2208 2640
724 199 248 34 Statsutskottets
1003 198 173 33 Utlåtande
1202 201 62 31 N:o
1290 200 54 31 59.
1737 199 36 30 11

226 286 138 44 utgöra
394 294 47 24 en
465 281 179 50 jernväg,
673 285 126 33 staten
828 280 57 37 till
915 279 178 37 säkerhet
1120 279 57 37 för
1196 292 46 23 en
1264 278 42 37 af
1322 278 154 49 bolaget
1496 277 177 38 utfärdad
1694 278 130 37 skuld-

227 333 235 38 förbindelse
492 336 20 33 å
540 332 345 38 sammanräknade
913 332 180 50 beloppet
1122 332 40 35 af
1183 332 63 36 det
1267 330 217 38 eventuella
1503 344 75 35 nya
1598 330 226 37 låneunder-

226 386 128 36 stödet
382 385 70 37 och
481 385 217 37 återstoden
727 385 42 36 af
793 385 64 36 det
885 383 116 48 äldre,
1032 383 56 37 till
1116 383 123 37 Kinds
1260 383 138 36 härads
1414 382 410 50 jernvägsaktiebolag

227 437 219 37 utlemnade
475 437 203 36 statslånet
706 436 144 37 erhölle
878 436 230 49 inteckning
1137 435 83 37 med
1249 435 121 37 första
1398 435 248 36 förmånsrätt
1665 434 12 36 i
1698 434 125 37 denna

222 489 316 50 jernvägsenhet.
581 489 244 37 Beträffande
854 488 64 37 det
945 487 225 50 ifrågasatta
1199 501 74 35 nya
1289 485 359 38 låneunderstödets
1670 486 151 50 belopp,

228 547 134 44 syntes
391 541 212 37 detsamma
631 541 121 36 under
779 540 93 50 inga
900 540 263 36 förhållanden
1187 539 92 37 böra
1299 543 121 33 sättas
1441 538 134 49 högre,
1596 543 49 31 än
1665 543 55 32 att
1741 539 83 36 det-

228 607 147 23 samma
417 594 86 36 med
538 593 138 50 tillägg
704 593 42 36 af
770 592 67 38 det
865 592 105 37 äldre
998 592 222 36 statslånets
1249 590 168 38 återstod
1446 590 88 49 låge
1561 590 103 36 inom
1694 590 131 37 halfva

228 646 133 37 värdet
400 646 41 36 af
466 645 175 50 bolagets
664 646 221 48 jernvägar,
914 644 9 36 i
954 643 149 38 hvilket
1131 643 179 37 afseende
1339 643 56 36 för
1423 642 119 37 linien
1569 642 255 37 Borås—Alf-

228 704 108 31 vesta
379 698 85 36 med
505 697 173 50 sidospår
711 697 109 37 torde
849 701 191 44 upptagas
1069 695 481 49 anläggningskostnaden
1579 694 123 49 enligt
1729 694 94 37 fast-

227 750 118 37 stäldt
386 749 333 49 kostnadsförslag
761 749 72 37 och
875 749 59 36 för
974 748 123 37 Kinds
1133 747 138 38 härads
1296 748 165 48 jernväg
1491 746 64 37 det
1583 747 129 47 värde,
1742 760 81 24 som

227 802 222 37 densamma
484 801 128 37 kunde
646 814 112 24 anses
787 814 74 35 ega
889 800 97 37 efter
1014 799 63 37 det
1105 799 263 37 förstnämnda
1392 798 432 50 jernvägsanläggning

227 853 161 38 kommit
415 853 58 37 till
500 853 123 38 stånd.

359 958 86 37 Med
487 957 213 48 anledning
742 957 40 36 af
812 957 101 36 hvad
947 955 242 49 fullmägtige
1217 955 12 36 1
1257 954 379 49 riksgäldskontoret
1663 954 161 37 sålunda

229 1011 126 37 anfört
383 1010 98 37 hade
509 1031 50 6 —
587 1009 191 37 meddelar
806 1007 423 51 departementschefen
1259 1006 131 37 vidare
1417 1028 51 5 —
1497 1005 327 51 bolagsstyrelsen

228 1061 205 38 inkommit
462 1061 85 37 med
576 1075 47 23 en
652 1061 125 48 skrift,
808 1060 126 37 deruti
963 1059 201 51 styrelsen,
1192 1059 121 37 under
1341 1058 245 37 förklarande
1607 1063 67 43 att,
1695 1058 129 37 derest

229 1115 137 37 sådant
395 1114 124 36 skulle
548 1114 59 37 för
626 1113 216 47 beviljande
863 1112 42 38 af
920 1112 64 37 det
1004 1112 112 36 sökta
1132 1110 202 38 statslånet
1349 1110 160 47 fordras,
1526 1110 190 48 styrelsen
1733 1123 91 24 vore

230 1166 141 37 beredd
400 1171 56 32 att
483 1166 58 36 till
561 1165 180 37 säkerhet
761 1166 57 35 för
839 1164 95 38 båda
955 1164 210 37 statslånen
1187 1162 195 49 medgifva
1402 1162 229 49 inteckning
1646 1162 55 36 uti
1718 1161 106 38 såväl

230 1218 122 37 Kinds
395 1218 138 37 härads
569 1218 167 48 jernväg
773 1230 80 23 som
890 1217 73 36 den
997 1215 195 38 blifvande
1215 1216 217 48 jernvägen
1461 1214 363 48 Borås—Alfvesta,

229 1271 127 36 anfört
397 1275 68 43 att,
507 1269 102 37 hvad
646 1269 208 36 beträffade
888 1268 181 49 beloppet
1097 1267 40 36 af
1160 1267 65 36 det
1252 1267 225 49 ifrågasatta
1506 1279 75 36 nya
1610 1266 213 48 statslånet,

229 1321 288 49 sammanlagda
559 1334 217 23 gummorna
814 1320 41 37 af
884 1319 46 37 de
958 1320 97 36 båda
1083 1318 212 38 statslånen
1324 1318 73 48 väl,
1428 1331 60 23 om
1517 1317 212 49 styrelsens
1758 1331 67 23 an-

229 1373 170 48 sökning
435 1386 61 24 om
533 1372 220 37 erhållande
783 1372 41 37 af
848 1377 55 32 ett
932 1373 61 35 lån
1022 1374 20 33 å
1072 1373 19 34 5
1122 1370 189 37 millioner
1340 1370 140 36 kronor
1508 1369 162 48 bifölles,
1700 1369 124 37 skulle

230 1426 153 37 komma
402 1431 56 31 att
477 1427 118 45 något
615 1424 210 50 öfverstiga
844 1424 64 37 det
928 1423 127 45 värde,
1077 1422 243 49 fullmägtige
1341 1427 128 31 ansett
1485 1434 91 24 vara
1592 1421 63 37 det
1671 1421 153 48 högsta,

230 1478 101 36 inom
363 1477 149 37 hvilket
541 1478 111 35 lånen
681 1476 118 37 borde
829 1477 152 36 komma
1010 1480 55 32 att
1095 1475 119 49 ligga;
1258 1480 56 31 att
1334 1474 191 50 styrelsen
1545 1473 118 37 likväl
1684 1479 139 42 ansett,

229 1536 55 30 att
312 1529 74 37 den
417 1529 192 47 säkerhet,
639 1542 81 23 som
750 1534 126 31 staten
905 1527 160 37 sålunda
1089 1527 129 36 kunde
1239 1526 145 37 erhålla
1404 1526 57 37 för
1482 1526 96 37 båda
1598 1526 225 47 statslånen,

231 1584 121 34 måste
394 1581 172 37 befinnas
609 1593 91 25 vara
727 1580 87 37 fullt
842 1579 279 50 betryggande,
1150 1578 56 37 till
1236 1578 260 49 bestyrkande
1524 1577 140 37 hvaraf
1689 1578 136 49 styrel-

230 1647 67 23 sen
340 1636 144 46 ansåge
526 1633 63 48 sig
631 1632 92 37 böra
757 1632 187 46 meddela,
975 1637 55 32 att
1072 1631 173 49 bolagets
1274 1629 258 50 registrerade
1561 1629 263 49 aktiekapital,

229 1687 206 46 4,691,200
477 1685 153 47 kronor,
673 1696 157 25 numera
859 1683 125 38 blifvit
1012 1683 57 36 till
1098 1682 92 37 fullo
1218 1681 191 38 inbetaldt
1437 1681 71 37 och
1537 1687 56 30 att
1621 1681 203 49 styrelsen,

230 1750 80 24 som
341 1737 43 36 af
407 1736 300 48 bolagsstämma
737 1735 272 49 bemyndigats
1037 1739 55 32 att
1120 1734 179 49 utsläppa
1327 1732 226 50 ytterligare
1582 1733 123 36 aktier
1724 1732 101 37 intill

230 1789 87 36 dess
346 1788 185 50 kapitalet
560 1790 82 34 nått
670 1788 117 47 högst
816 1789 21 35 5
867 1786 189 37 millioner
1085 1786 151 47 kronor,
1266 1788 48 47 på
1342 1786 127 48 grund
1495 1784 41 37 af
1551 1784 117 37 redan
1688 1784 137 49 gjorda

230 1840 219 37 utfästelser
483 1852 92 24 vore
603 1839 13 36 i
644 1839 150 36 tillfälle
823 1844 66 42 att,
920 1841 42 34 så
990 1843 105 31 snart
1122 1838 177 36 anmälan
1329 1850 60 23 om
1414 1836 168 37 nämnda
1610 1836 124 37 beslut
1763 1849 60 23 om

230 1892 312 49 aktiekapitalets
581 1891 147 49 ökning
757 1890 125 38 blifvit
910 1890 209 49 behörigen
1148 1889 246 48 registrerad,
1423 1887 172 38 anskaffa
1624 1894 54 30 ett
1705 1893 120 44 ytter-

230 1944 122 48 ligare
382 1944 257 48 aktiebelopp,
670 1947 41 33 så
739 1948 55 32 att
822 1942 178 49 bolagets
1028 1942 194 37 inbetalda
1252 1940 250 50 aktiekapital
1522 1941 104 36 inom
1646 1940 71 37 den
1739 1945 86 32 när-

230 2002 121 30 maste
380 1995 105 37 tiden
514 1994 153 38 komme
696 2000 55 31 att
779 1997 131 47 uppgå
938 1994 58 36 till
1025 1995 204 47 4,835,000
1249 1994 158 44 kronor;
1451 1997 56 32 att
1526 1992 192 48 styrelsen
1739 1991 86 38 icke

230 2047 120 37 heller
391 2046 264 38 misströstade
695 2051 66 42 att,
804 2060 60 22 om
910 2045 117 36 behof
1064 2045 111 36 deraf
1211 2045 125 36 skulle
1376 2057 103 36 yppa
1522 2043 74 48 sig,
1638 2043 186 49 möjligen

231 2099 129 36 kunna
388 2099 37 36 få
453 2097 293 49 aktiekapitalet
775 2097 118 37 ökadt
921 2096 58 36 till
1008 2096 70 36 och
1108 2096 85 36 med
1222 2096 59 35 till
1310 2098 118 45 något
1455 2095 108 36 öfver
1592 2096 20 34 5
1634 2094 191 37 millioner

230 2150 161 45 kronor;
442 2155 55 31 att
539 2149 189 48 styrelsen
771 2149 131 36 vidare
943 2147 84 36 låtit
1069 2147 205 36 verkställa
1316 2160 47 22 en
1406 2145 207 48 värdering
1642 2146 40 36 af
1706 2145 118 37 linien

230 2201 477 48 Hillared—Svenljunga,
732 2200 93 37 eller
845 2200 74 36 den
941 2199 59 36 del
1021 2198 41 37 af
1077 2199 122 36 Kinds
1220 2199 138 36 härads
1372 2198 177 49 jernväg,
1570 2210 80 23 som
1674 2197 150 37 komme

231 2260 55 30 att
328 2256 153 45 återstå,
511 2252 11 36 i
552 2252 181 36 händelse
771 2251 212 49 styrelsens
1024 2251 69 36 hos
1135 2250 141 49 Kongl.
1306 2250 108 48 Maj:t
1442 2250 136 48 gjorda
1607 2249 218 48 ansökning

231 2319 59 23 om
334 2306 199 37 sträckans
579 2303 346 38 Borås—Hillared
967 2302 227 50 uppgående
1229 2303 11 35 i
1278 2301 347 38 Borås—Alfvesta
1660 2301 165 49 jernväg
