2212 2638
682 195 246 34 Statsutskottets
956 194 174 33 Utlåtande
1152 196 60 31 N:o
1238 195 53 32 59.
1769 191 18 30 3

239 278 75 37 den
356 276 160 47 sålunda
556 276 223 50 ifrågasatta
820 287 76 38 nya
933 275 214 49 jernvägen
1188 273 154 37 komme
1370 277 58 32 att
1455 273 192 47 genomgå
1675 283 47 24 en
1752 275 80 31 stor

237 330 62 37 del
328 329 36 36 af
393 328 124 37 Kinds
546 328 138 36 härads
707 329 187 47 jernvägs
910 325 280 48 trafikområde,
1206 325 11 37 i
1235 324 64 38 det
1315 324 72 37 den
1405 326 47 47 på
1468 336 46 23 en
1531 322 151 37 sträcka
1699 321 41 38 af
1752 335 79 23 om-

237 382 117 47 kring
385 383 46 35 22
461 380 201 37 kilometer
689 379 123 37 skulle
841 379 87 50 löpa
956 377 172 51 parallelt
1145 377 85 37 med
1246 376 173 50 bolagets
1436 377 47 35 39
1500 375 199 36 kilometer
1716 374 114 49 långa

231 435 178 49 jernväg,
439 439 99 30 samt
566 438 168 43 upptaga
763 437 107 31 snart
898 430 113 49 sagdt
1038 429 49 37 all
1116 429 72 38 den
1210 428 125 49 trafik,
1353 441 80 24 som
1451 428 102 36 förut
1568 425 261 50 ombesörjdes

236 486 42 37 af
315 485 175 49 bolagets
522 484 177 49 jernväg,
729 482 171 48 anhållit,
929 488 56 30 att
1014 481 137 49 Kongl.
1179 481 107 49 Maj:t
1313 480 149 37 täcktes
1491 484 120 43 vägra
1640 477 105 37 bifall
1773 477 58 36 till

237 537 266 49 ansökningen
534 549 60 24 om
623 534 229 38 koncession
881 537 21 33 å
929 533 117 37 linien
1074 532 362 46 Borås—Alfvesta,
1465 532 3 35 i
1488 530 102 38 hvad
1609 530 222 37 densamma

236 589 133 49 afsåge
412 587 178 38 sträckan
634 586 352 44 Borås—Hillared,
1028 585 98 37 intill
1167 585 89 36 dess
1297 583 222 38 sökandena
1560 582 111 46 visat,
1701 587 56 30 att
1785 581 46 36 de

236 641 87 37 med
367 640 154 49 bolaget
562 640 127 36 träffat
729 637 391 38 öfverenskommelse
1161 650 59 23 om
1256 635 217 48 ersättning
1501 634 58 37 för
1587 634 73 36 den
1689 646 141 36 genom

236 694 73 36 den
353 706 76 36 nya
472 692 144 36 banans
646 690 239 49 anläggning
913 690 157 47 bolaget
1097 688 261 49 tillskyndade
1387 687 147 47 förlust,
1564 686 96 36 hade
1689 685 141 48 Kongl.

237 745 106 48 Maj:t
385 744 62 36 vid
490 743 218 49 beviljande
743 755 137 36 genom
908 741 277 37 ofvanberörda
1213 739 209 38 resolutiou
1453 739 73 36 den
1556 740 45 35 31
1632 737 199 37 december

240 799 95 35 1897
376 796 41 36 af
441 795 228 37 koncession
699 797 20 33 å
742 793 482 50 jernvägsanläggningen
1253 790 345 38 Borås—ÅAlfvesta
1628 790 81 36 från
1739 789 92 36 fast-

236 848 171 37 ställelse
448 848 41 36 af
525 848 88 47 plan
656 846 229 49 undantagit
926 845 176 36 sträckan
1138 844 138 36 mellan
1307 844 118 36 Borås
1455 842 70 37 och
1553 841 198 49 Länghem
1783 843 45 33 29

237 901 212 45 kilometer,
493 899 58 36 till
592 899 87 36 dess
721 898 133 49 frågan
898 897 197 48 angående
1138 896 145 37 banans
1326 894 239 38 förhållande
1607 894 56 36 till
1707 892 122 37 Kinds

236 952 139 37 härads
413 952 165 48 jernväg
617 950 123 37 blifvit
769 950 163 48 afgjord,
963 949 120 36 under
1112 948 241 37 förklarande
1382 953 67 41 att,
1478 946 128 37 derest
1634 945 197 36 öfverens-

236 1004 211 37 kommelse
476 1003 32 49 ej
538 1002 128 37 kunde
694 1002 128 36 träffas
852 1001 140 36 mellan
1012 999 435 38 koncessionshafvarne
1467 997 70 38 och
1555 997 121 36 Kinds
1692 996 139 36 härads

230 1057 187 49 jernvägs
459 1068 114 35 egare
615 1054 12 36 i
668 1055 107 47 fråga
809 1066 61 24 om
900 1052 181 50 lämpliga
1110 1052 260 47 anordningar
1397 1050 12 36 i
1439 1053 100 46 syfte
1569 1055 54 30 att
1652 1048 178 48 skäligen

237 1108 151 37 minska
417 1107 64 37 det
508 1106 168 48 intrång,
706 1119 81 23 som
816 1105 161 37 berörda
1000 1105 166 48 jernväg
1194 1103 129 37 kunde
1353 1103 151 36 komma
1525 1107 55 31 att
1596 1100 75 37 lida
1687 1113 142 36 genom

236 1161 73 36 den
340 1158 344 38 koncessionerade
708 1158 237 49 jernvägens
976 1156 136 36 mellan
1141 1156 118 36 Borås
1289 1155 72 36 och
1380 1154 175 37 Alfvesta
1575 1152 255 50 anläggande,

235 1210 438 38 koncessionshafvarne
708 1223 90 23 vore
831 1208 280 37 underkastade
1139 1208 47 36 de
1216 1206 291 37 bestämmelser
1535 1205 12 36 i
1577 1210 140 41 ämnet,
1747 1217 82 23 som

236 1264 143 47 Kongl.
422 1263 107 48 Maj:t
563 1261 208 37 förbehölle
800 1261 60 49 sig
888 1267 56 29 att
972 1260 56 36 för
1057 1259 136 37 sådant
1221 1259 64 36 fall
1314 1258 97 36 efter
1439 1258 175 35 anmälan
1643 1255 185 46 meddela,

235 1322 100 30 samt
377 1320 66 42 att,
486 1314 116 36 sedan
646 1313 133 47 frågan
823 1313 129 35 derom
990 1311 125 37 blifvit
1142 1310 162 49 afgjord,
1334 1310 64 36 det
1426 1309 110 48 ålåge
1564 1307 267 37 koncessions-

236 1368 185 35 bafvarne
463 1371 56 30 att
561 1364 233 37 underställa
837 1363 138 48 Kongl.
1015 1363 126 48 Maj:ts
1176 1362 184 49 pröfning
1388 1361 140 49 planen
1561 1361 56 35 för
1645 1360 72 36 den
1747 1359 83 36 från

236 1418 228 37 koncession
494 1417 248 48 undantagna
772 1416 273 47 sträckningen
1077 1416 46 35 29
1154 1414 203 36 kilometer
1386 1418 169 31 närmast
1583 1412 128 37 Borås.

366 1470 138 37 Mellan
536 1469 121 36 Kinds
688 1468 138 37 härads
850 1466 406 50 jernvägsaktiebolag
1280 1465 70 37 och
1366 1463 463 48 Borås—Alfvesta
1726 1459 108 61 jern-

236 1522 320 48 vägsaktiebolag
599 1521 96 36 hade
737 1520 166 37 derefter
935 1519 145 36 träffats
1110 1517 390 38 öfverenskommelse
1528 1517 198 47 angående
1756 1515 74 36 för-

236 1575 169 48 säljning
446 1573 56 37 till
544 1572 237 37 sistnämnda
809 1572 115 48 bolag
952 1571 41 37 af
1017 1570 124 37 Kinds
1169 1570 139 36 härads
1332 1570 167 48 jernväg
1528 1575 78 29 mot
1635 1581 47 22 en
1714 1568 116 48 köpe-

236 1626 162 48 skilling
441 1625 40 37 af
518 1638 47 23 en
599 1624 144 37 million
774 1624 141 36 kronor
944 1623 69 36 och
1042 1625 48 46 på
1118 1622 124 36 vilkor
1270 1621 11 37 i
1310 1621 131 48 öfrigt,
1472 1620 113 37 bland
1615 1619 129 46 andra,
1775 1624 56 30 att

235 1679 73 35 den
357 1690 75 36 nye
479 1690 154 35 egaren,
681 1675 85 37 med
807 1675 124 36 Kinds
974 1674 137 37 härads
1148 1672 431 50 jernvägsaktiebolags
1621 1670 209 46 befriande,

235 1730 200 48 öfvertoge
476 1728 401 46 betalningsansvaret
919 1726 57 37 för
1019 1725 215 37 återstoden
1277 1725 42 35 af
1355 1725 64 36 det
1461 1724 154 48 bolaget
1643 1722 188 48 beviljade

235 1780 218 45 statslånet;
503 1780 71 36 och
621 1779 96 36 hade
765 1777 140 49 Kongl.
953 1778 117 47 Maj:t,
1112 1779 47 47 på
1200 1776 219 48 ansökning
1460 1775 42 36 af
1540 1775 188 48 styrelsen
1771 1773 59 36 för

236 1832 343 38 Borås—Alfvesta
622 1830 416 50 jernvägsaktiebolag,
1081 1828 72 37 den
1199 1830 45 34 18
1287 1827 154 50 augusti
1486 1828 95 36 1899
1617 1825 213 50 medgifvit,

236 1891 56 30 att
334 1885 74 36 den
451 1883 123 37 Kinds
617 1883 138 36 härads
791 1880 411 51 jernvägsaktiebolag
1244 1879 122 49 enligt
1400 1879 251 36 resolutioner
1679 1878 73 36 den
1785 1880 43 33 11

236 1936 155 49 augusti
424 1938 96 34 1882
550 1935 71 37 och
650 1935 71 36 den
753 1937 47 34 30
829 1933 208 37 november
1069 1934 94 35 1883
1195 1932 225 36 meddelade
1449 1931 227 36 koncession
1695 1933 13 32 å
1724 1929 105 49 jern-

235 1987 344 49 vägsanläggving
623 1988 79 34 från
745 1987 118 35 Borås
898 1986 55 35 till
983 1984 236 49 Svenljunga
1248 1984 103 47 finge
1380 1983 206 36 öfverlåtas
1616 1985 20 32 å
1660 1981 170 36 Borås—

234 2040 178 36 Alfvesta
435 2038 423 48 jernvägsaktiebolag,
888 2036 119 36 under
1025 2035 198 47 förbehåll,
1241 2035 114 36 bland
1373 2035 129 46 andra,
1519 2040 56 29 att
1592 2032 239 37 sistnämnda

237 2091 113 48 bolag
387 2091 200 47 öfvertoge
617 2089 403 47 betalningsansvaret
1048 2087 57 35 för
1133 2086 64 36 det
1226 2086 10 35 i
1268 2086 122 36 Kinds
1418 2085 137 36 härads
1580 2085 165 48 jernväg
1774 2085 55 34 in-

236 2142 187 37 tecknade
465 2141 176 44 statslån;
673 2140 68 36 och
773 2139 97 36 hade
900 2138 213 36 sedermera
1141 2137 57 36 till
1228 2137 397 48 civildepartementet
1653 2135 176 49 ingifvits

235 2193 179 49 bestyrkt
443 2192 152 36 afskrift
624 2192 41 35 af
689 2197 55 29 ett
772 2191 73 36 den
871 2193 42 33 13
931 2189 95 49 april
1045 2191 96 34 1899
1158 2189 193 36 utfärdadt
1369 2187 193 49 köpebref,
1580 2187 249 47 hvarigenom

236 2245 190 49 gtyrelsen
458 2244 56 36 för
544 2243 123 36 Kinds
697 2242 139 36 härads
860 2239 411 50 jernvägsaktiebolag
1291 2239 56 37 till
1368 2238 462 47 Borås—Alfvesta
1728 2234 104 64 jern-

237 2296 324 50 vägsaktiebolag
589 2295 131 36 försålt
740 2295 214 48 jernvägen
986 2292 136 37 mellan
1152 2292 119 36 Borås
1300 2292 70 36 och
1401 2290 247 49 Svenljunga.
