1850 2788
244 184 39 29 66
549 181 123 29 Första
697 179 245 39 lagutskottets
966 177 179 30 utlåtande
1168 186 43 20 nr
1233 177 42 29 25
1297 176 39 30 år
1360 176 84 30 19592

247 266 58 30 två
324 266 55 29 års
399 263 234 31 frihetsstraff
651 263 230 38 undantages.
899 263 50 29 De
969 261 155 30 erkända
1142 260 117 30 målen
1280 260 111 30 skulle
1410 259 107 39 enligt
1538 259 66 29 den
1625 258 127 31 skisse-

246 317 82 30 rade
356 315 192 39 ordningen
573 314 217 38 handläggas
816 322 42 20 av
883 322 42 20 en
952 311 151 31 särskild
1128 309 323 40 förtursavdelning
1476 309 96 30 inom
1599 309 153 29 domsto-

247 368 67 28 len.
335 366 211 39 Härigenom
568 365 112 29 skulle
701 364 106 39 enligt
827 362 279 30 motionärernas
1127 361 142 39 mening
1289 370 43 20 en
1353 360 38 31 så
1409 360 196 39 betydande
1627 360 125 29 avlast-

248 417 83 38 ning
357 417 122 28 kunna
503 416 60 29 ske
587 424 42 20 av
653 414 252 30 arbetsbördan
928 413 96 29 inom
1049 412 196 29 domstolen
1269 411 12 29 i
1305 410 110 40 övrigt
1440 412 50 29 att
1514 419 42 20 en
1581 409 171 31 snabbare

249 466 225 39 avarbetning
497 466 65 28 och
584 464 213 39 behandling
822 473 41 20 av
884 463 70 29 mål
977 464 81 29 över
1079 463 80 29 hela
1180 461 112 39 linjen
1316 461 112 30 skulle
1450 460 238 39 möjliggöras.

293 516 277 30 Motionärernas
589 515 131 38 förslag
739 524 102 30 synes
859 513 123 30 endast
999 513 121 29 kunna
1140 512 37 29 få
1195 511 184 30 aktualitet
1397 511 54 30 för
1470 511 40 29 de
1529 512 110 28 större
1658 510 96 29 dom-

250 567 107 29 stolar
378 576 74 20 som
475 567 37 29 är
535 565 246 40 organiserade
802 564 44 40 på
867 564 88 29 flera
976 563 236 38 avdelningar.
1234 563 67 29 Det
1321 561 146 30 innebär
1488 561 52 29 till
1563 570 43 20 en
1626 560 128 39 början

250 619 50 28 att
326 617 56 29 det
406 616 239 39 övervägande
671 615 152 29 flertalet
848 614 191 30 domstolar
1064 613 76 29 icke
1167 613 113 30 skulle
1305 612 140 29 beröras
1472 621 41 19 av
1537 611 178 39 förslaget.
1740 611 14 29 I

250 667 98 39 fråga
374 676 56 19 om
454 666 57 30 det
534 666 136 29 mindre
695 665 95 29 antal
815 665 191 29 domstolar
1031 673 73 20 som
1129 663 169 29 omfattar
1322 662 87 29 flera
1433 661 227 39 avdelningar
1683 661 72 29 kan

250 718 57 29 det
328 716 235 30 förhållandet
584 718 49 28 att
655 725 43 20 en
720 715 71 30 viss
813 723 110 31 grupp
945 714 70 29 mål
1037 713 205 39 överflyttas
1264 712 80 30 från
1366 722 42 20 en
1430 711 185 39 avdelning
1637 711 52 29 till
1712 719 43 21 en

251 777 117 20 annan
385 767 76 29 icke
478 766 160 39 rimligen
655 765 161 30 medföra
834 767 49 28 att
901 763 344 40 förutsättningarna
1262 763 54 29 för
1335 762 247 30 avarbetandet
1600 771 42 19 av
1659 761 97 29 dom-

252 818 129 29 stolens
398 817 108 29 totala
523 816 248 39 arbetsmängd
788 815 200 34 förbättras,
1005 814 166 30 eftersom
1191 813 67 30 den
1275 813 169 30 effektiva
1460 811 296 40 handläggnings-

251 868 96 29 tiden
368 867 55 30 för
442 867 97 39 varje
560 866 143 30 särskilt
723 865 71 30 mål
814 866 11 29 i
844 865 91 30 båda
956 865 107 29 fallen
1083 864 11 29 i
1114 863 137 40 princip
1271 863 111 29 måste
1404 865 144 36 antagas
1568 871 85 20 vara
1674 862 82 29 den-

252 927 144 20 samma.
423 918 75 29 Den
524 917 164 30 tidsvinst
717 925 74 21 som
819 916 111 30 skulle
957 915 218 39 uppkomma
1200 913 222 30 beträffande
1448 912 309 39 handläggningen

253 978 41 19 av
316 968 44 29 de
388 967 156 30 erkända
567 967 70 29 mål
664 976 75 20 som
766 966 166 39 förslaget
956 965 203 33 innefattar,
1186 974 56 20 om
1270 973 41 20 en
1336 963 70 30 viss
1432 963 185 38 avdelning
1644 962 113 30 skulle

253 1018 221 39 sysselsättas
497 1017 121 29 enbart
641 1017 80 29 med
745 1016 100 30 dessa
867 1016 80 34 mål,
970 1015 118 30 kunde
1111 1015 124 29 endast
1258 1014 149 30 erhållas
1430 1013 46 40 på
1496 1012 196 30 bekostnad
1716 1021 42 20 av

252 1068 118 39 övriga
389 1067 80 35 mål,
491 1067 112 30 vilkas
624 1066 262 40 handläggning
907 1066 11 29 i
937 1065 247 30 motsvarande
1204 1064 83 29 mån
1307 1064 111 29 måste
1439 1063 170 30 försenas.
1631 1064 53 28 En
1706 1062 52 30 så-

253 1119 69 29 dan
341 1118 219 30 konsekvens
581 1127 102 29 synes
703 1117 171 29 utskottet
892 1115 187 40 betänklig,
1102 1115 167 30 eftersom
1290 1114 67 29 den
1376 1114 252 39 skyndsamma
1647 1112 111 30 hand-

253 1169 208 38 läggningen
488 1168 79 29 från
593 1166 458 40 rättssäkerhetssynpunkt
1078 1167 37 29 är
1141 1174 98 21 mera
1265 1163 339 31 eftersträvansvärd
1629 1162 129 31 beträf-

255 1219 104 29 fande
379 1219 41 29 de
438 1218 70 30 mål
529 1227 73 21 som
621 1218 192 39 inrymmes
832 1217 11 29 i
861 1225 157 31 gruppen
1036 1215 119 40 övriga
1172 1215 81 30 mål.
1273 1216 13 29 I
1306 1215 118 39 dylika
1442 1214 71 29 mål
1531 1214 66 29 blir
1614 1213 145 30 vittnes-

253 1268 180 40 bevisning
457 1268 10 29 i
490 1269 91 38 regel
606 1267 210 39 nödvändig,
839 1267 65 29 och
928 1266 109 31 sådan
1059 1265 317 40 bevisupptagning
1398 1265 64 29 bör
1482 1263 276 40 uppenbarligen

255 1320 63 37 äga
340 1328 78 19 rum
442 1318 38 30 så
503 1320 96 27 snart
623 1327 75 21 som
721 1317 148 39 möjligt.
893 1317 94 29 även
1010 1326 56 20 om
1089 1316 242 29 domstolarna
1353 1315 147 29 tillföres
1523 1313 237 41 personalför-

255 1369 224 39 stärkningar
502 1368 54 31 för
579 1371 49 27 att
650 1368 88 30 lätta
761 1368 56 30 det
839 1367 45 40 på
906 1367 127 39 många
1055 1366 72 30 håll
1151 1366 140 40 mycket
1314 1365 214 39 ansträngda
1551 1364 209 39 arbetsläget

255 1420 70 28 kan
346 1419 119 29 därför
485 1428 42 20 en
548 1418 151 30 särskild
722 1418 285 39 förtursordning
1027 1417 56 29 för
1102 1417 41 29 de
1165 1426 42 20 av
1226 1415 261 30 motionärerna
1508 1414 160 41 åsyftade
1687 1414 73 30 må-

255 1470 55 29 len
331 1469 75 29 icke
425 1478 84 20 vara
529 1471 49 28 att
597 1468 152 30 tillråda.
770 1468 87 30 Över
877 1468 120 29 huvud
1017 1469 92 37 taget
1128 1467 99 29 torde
1249 1466 223 39 försiktighet
1491 1475 84 20 vara
1594 1464 167 40 påkallad

255 1520 58 29 vid
333 1519 234 40 tillskapande
588 1528 42 20 av
648 1528 69 30 nya
736 1519 110 39 regler
866 1527 56 20 om
943 1518 124 30 förtur.
1085 1519 55 28 En
1159 1517 13 29 i
1193 1517 57 29 det
1270 1516 208 39 föregående
1497 1515 144 31 lämnad
1662 1514 99 31 redo-

256 1570 131 39 görelse
408 1569 143 36 utvisar,
573 1571 50 28 att
644 1569 115 29 förtur
781 1569 105 38 gäller
908 1568 54 29 för
984 1567 70 30 mål
1074 1570 73 27 mot
1168 1575 95 31 unga
1282 1566 280 40 lagöverträdare
1581 1565 67 30 och
1667 1565 95 30 vissa

257 1620 109 29 andra
389 1619 235 39 målgrupper,
648 1618 223 30 beträffande
894 1618 96 30 vilka
1014 1618 111 29 behov
1149 1627 42 20 av
1215 1627 43 20 en
1283 1617 191 39 skyndsam
1499 1616 263 39 handläggning

258 1672 131 28 ansetts
410 1670 142 29 särskilt
571 1670 200 38 angelägen.
791 1668 280 40 Uppenbarligen
1089 1668 69 29 kan
1178 1678 42 20 en
1239 1667 172 39 utökning
1430 1676 42 20 av
1490 1667 57 29 det
1566 1667 95 29 antal
1680 1666 80 34 mål,

259 1729 74 20 som
352 1720 88 29 skall
458 1720 192 29 behandlas
670 1719 80 30 med
769 1719 123 34 förtur,
911 1719 78 29 leda
1006 1718 53 30 till
1077 1720 50 29 att
1145 1718 201 30 ändamålet
1364 1718 79 29 med
1462 1726 47 20 nu
1528 1716 161 40 gällande
1706 1716 57 30 be-

259 1770 217 30 stämmelser
501 1779 56 20 om
580 1770 114 29 förtur
717 1769 145 30 förfelas
884 1769 65 29 och
971 1769 120 29 därför
1112 1768 113 30 måste
1246 1768 11 29 i
1280 1768 95 30 detta
1397 1767 170 30 avseende
1587 1767 174 39 iakttagas

258 1820 252 31 restriktivitet.

303 1872 12 28 I
337 1870 98 39 fråga
456 1879 56 20 om
533 1870 312 39 åklagarväsendet
867 1869 187 30 framföres
1074 1869 11 29 i
1105 1868 223 30 motionerna
1345 1868 93 30 vissa
1458 1868 131 39 förslag
1611 1876 75 21 som
1705 1876 58 20 en-

258 1920 61 39 ligt
343 1920 277 30 motionärernas
644 1919 228 40 uppfattning
896 1920 112 29 skulle
1031 1919 128 30 bereda
1180 1918 184 40 möjlighet
1390 1920 50 28 att
1462 1917 212 40 förverkliga
1697 1917 66 29 den

259 1980 88 19 ovan
371 1970 218 29 behandlade
613 1969 331 39 förtursordningen
969 1969 54 30 för
1045 1969 94 30 vissa
1162 1968 82 30 mål.
1268 1969 53 30 Då
1343 1969 170 29 utskottet
1536 1968 108 29 redan
1669 1968 95 29 ställt

260 2020 51 39 sig
337 2020 186 30 avvisande
548 2020 52 30 till
625 2020 157 29 nämnda
807 2020 266 39 förturssystem
1099 2019 130 30 saknas
1256 2019 188 39 anledning
1470 2020 50 28 att
1544 2018 82 39 ingå
1650 2018 11 29 i
1686 2018 79 29 när-

260 2080 95 20 mare
374 2070 211 39 bedömning
606 2080 41 20 av
668 2070 41 30 de
729 2069 247 39 förändringar
994 2070 11 29 i
1024 2069 98 39 fråga
1142 2079 56 20 om
1219 2069 208 39 åklagarnas
1445 2068 224 30 verksamhet
1689 2077 75 21 som

261 2121 111 30 skulle
392 2120 157 39 betingas
571 2130 41 20 av
632 2121 67 29 den
721 2130 42 20 av
782 2120 262 29 motionärerna
1064 2119 160 40 åsyftade
1241 2119 362 30 domstolsreformen.
1624 2119 141 30 Utskot-

260 2173 48 28 tet
332 2170 58 30 vill
415 2171 89 29 dock
530 2170 189 30 framhålla
743 2172 60 32 att,
828 2170 116 30 därest
968 2169 312 40 åklagarväsendet
1304 2169 147 30 tillföres
1476 2169 197 39 personella
1696 2168 70 31 för-

261 2221 235 39 stärkningar,
520 2221 56 29 det
599 2231 42 20 av
664 2221 262 29 motionärerna
948 2220 11 29 i
983 2220 116 30 denna
1121 2220 54 29 del
1199 2219 207 39 ifrågasatta
1432 2219 220 31 förfarandet
1675 2219 12 29 i
1708 2220 58 29 vä-

262 2271 146 38 sentliga
431 2271 98 29 delar
551 2271 70 29 kan
645 2271 216 39 praktiseras
886 2271 107 29 redan
1018 2271 95 29 inom
1138 2279 121 21 ramen
1284 2270 54 30 för
1362 2270 159 39 gällande
1545 2270 221 29 bestämmel-

263 2330 63 21 ser.
349 2322 57 28 Ett
428 2321 116 30 flertal
566 2321 236 38 remissorgan
823 2321 64 29 har
911 2321 95 29 ställt
1029 2320 50 39 sig
1101 2320 150 40 positiva
1273 2320 52 30 till
1347 2320 278 30 motionärernas
1650 2320 117 29 utred-

262 2371 260 39 ningsyrkande
547 2372 82 29 eller
651 2371 11 29 i
685 2371 99 39 varje
808 2371 61 29 fall
893 2373 114 29 ansett
1032 2371 56 29 det
1111 2370 169 39 föreligga
1304 2370 212 40 svårigheter
1540 2373 50 27 att
1613 2372 87 28 utan
1724 2379 44 20 en

263 2423 160 28 närmare
448 2421 264 39 undersökning
738 2422 111 29 uttala
874 2421 50 39 sig
950 2431 56 20 om
1030 2420 271 40 möjligheterna
1328 2423 49 29 att
1402 2429 123 31 genom
1550 2420 217 30 rationalise-
