1910 2848
322 194 18 30 6
639 194 125 33 Andra
796 195 254 38 lagutskottets
1079 196 188 32 utlåtande
1298 197 52 31 Nr
1372 197 52 30 28.

276 280 212 37 Avvittring
523 281 114 30 skulle
672 281 165 30 förrättas
869 291 45 20 av
937 281 173 31 särskilda
1136 282 210 31 lantmätare
1370 283 44 35 på
1438 284 130 30 statens
1594 283 190 32 bekostnad

276 334 91 29 samt
390 332 194 31 fastställas
608 342 46 21 av
678 332 256 32 vederbörande
958 333 238 37 länsstyrelse.

319 384 130 31 Genom
482 384 176 30 särskilda
692 384 130 36 nådiga
856 385 86 30 brev
974 384 66 31 den
1072 386 40 30 18
1136 394 95 21 mars
1255 385 82 31 1898
1362 386 63 30 och
1448 386 67 31 den
1538 388 18 29 2
1581 397 95 21 mars
1701 388 82 29 1900

277 435 216 44 beträffande
527 436 247 36 avvittringen
808 436 97 31 inom
936 436 134 31 BSorsele
1102 437 64 31 och
1189 436 154 31 Stensele
1367 438 147 30 socknar
1537 439 64 31 och
1624 439 60 31 till
1707 439 78 31 sist-

275 486 155 32 nämnda
454 487 126 31 socken
604 487 44 31 då
672 487 152 31 hörande
847 488 117 30 Tärna
980 488 331 36 kapellförsamling
1328 489 167 37 medgavs
1511 490 204 37 sedermera,
1732 492 53 30 att

275 538 411 37 områdestilldelningen
709 539 179 31 därstädes
912 539 93 37 finge
1028 540 111 31 under
1163 541 96 30 vissa
1282 541 133 31 villkor
1439 541 59 31 ske
1521 542 163 36 sålunda,
1700 543 85 30 att
1771 534 18 48 i

275 590 186 37 skifteslag
485 591 85 30 eller
594 591 13 30 i
630 592 146 30 enstaka
799 591 165 31 hemman
987 592 85 30 eller
1095 592 175 37 nybygge,
1295 592 78 31 däri
1396 593 85 30 flera
1497 593 87 36 ägde
1601 593 67 37 del,
1685 594 98 36 varje

274 642 161 36 delägare
459 642 198 32 tilldelades
681 644 50 30 ett
754 643 144 31 särskilt
921 644 151 30 område.
1117 644 124 31 Såsom
1264 644 76 31 skäl
1365 645 119 31 härför
1507 645 88 31 hade
1619 645 42 32 de
1685 656 98 26 myn-

275 694 169 36 digheter,
478 704 72 21 som
574 695 130 30 beretts
727 695 145 31 tillfälle
896 696 53 30 att
972 696 97 35 yttra
1092 696 56 36 sig
1172 696 13 30 i
1208 696 153 36 ärendet,
1385 696 108 32 bland
1516 699 109 29 annat
1649 698 134 31 anfört:

318 740 53 28 att
394 738 139 30 enstaka
556 738 162 31 hemman
741 739 61 30 och
824 739 194 36 nybyggen,
1042 749 72 21 som
1137 739 103 36 ägdes
1262 740 82 30 eller
1367 740 182 31 innehades
1571 751 45 20 av
1640 742 145 30 allenast

274 791 43 21 en
345 791 129 26 person,
503 781 107 31 under
638 782 70 30 alla
730 782 292 36 omständigheter
1044 783 137 31 komme
1204 784 12 29 i
1239 784 201 35 åtnjutande
1463 794 43 20 av
1529 785 181 30 förmånen
1733 786 52 29 att

274 833 122 28 genom
419 825 237 36 avvittringen
680 825 35 31 få
738 826 58 30 sitt
818 826 140 30 område
981 827 128 30 avskilt
1132 827 31 35 ej
1188 827 86 30 blott
1297 827 78 31 från
1397 828 148 30 kronans
1568 828 110 36 mark,
1700 829 83 29 utan

274 869 63 30 ock
360 868 78 31 från
461 869 171 31 enskildes
655 871 96 34 ägor;
774 872 53 28 att
847 870 43 35 på
911 869 65 31 den
992 871 119 35 punkt,
1129 871 85 29 varå
1230 870 162 36 odlingen
1408 872 94 29 inom
1518 871 266 36 ifrågavarande

273 912 129 31 trakter
437 912 147 31 befunne
619 913 63 35 sig,
711 913 189 30 hemmans-
922 913 63 30 och
1009 913 415 36 lägenhetsinnehavarna
1446 915 73 30 icke
1542 925 81 21 vore
1647 916 12 29 i
1683 915 100 31 stånd

273 957 50 29 att
357 956 83 30 bära
474 956 40 30 de
548 956 77 31 med
660 956 75 35 laga
769 956 103 31 skifte
907 957 158 30 förenade
1098 957 238 36 kostnaderna,
1372 958 95 30 vilka
1490 959 12 29 i
1526 958 40 31 de
1600 959 98 30 flesta
1720 959 64 30 fall

273 999 136 31 komme
436 1000 51 30 att
513 999 173 36 överstiga
714 1000 120 30 värdet
856 1010 44 20 av
924 1000 40 31 de
987 1001 12 29 i
1023 1000 118 31 skiftet
1164 1001 168 36 ingående
1356 1001 204 31 hemmanen
1583 1002 63 30 och
1671 1002 112 36 lägen-

274 1043 156 34 heterna;
470 1045 54 28 att
561 1043 40 30 de
635 1043 106 31 ökade
774 1043 192 36 kostnader,
1001 1053 72 21 som
1112 1053 124 27 genom
1270 1045 56 30 det
1359 1045 201 36 ifrågasatta
1594 1046 103 30 sättet
1731 1046 52 30 för

273 1086 256 36 avvittringens
564 1087 252 31 verkställande
848 1087 54 30 för
929 1087 132 31 kronan
1085 1088 216 36 uppkomme,
1324 1098 82 21 vore
1429 1089 135 36 mycket
1586 1090 77 30 små
1685 1089 62 31 och
1770 1090 12 30 i

274 1130 97 35 varje
394 1129 64 31 fall
480 1130 75 30 icke
578 1131 42 35 på
644 1130 98 36 långt
764 1133 63 28 när
847 1131 199 36 jämförliga
1066 1132 77 30 med
1161 1131 40 31 de
1218 1132 118 36 bidrag
1353 1132 56 30 till
1424 1133 358 35 skifteskostnaderna,

271 1183 73 21 som
378 1175 111 29 staten
524 1174 104 30 redan
662 1174 132 30 lämnat
827 1174 61 31 vid
923 1174 78 36 laga
1034 1175 128 31 skiften
1196 1176 95 30 inom
1325 1176 140 35 trakter,
1488 1186 72 21 som
1584 1177 94 30 varit
1702 1176 81 31 vida

273 1217 112 31 bättre
419 1217 124 31 lottade
577 1220 45 27 än
651 1217 40 31 de
719 1228 46 20 nu
789 1218 280 35 ifrågavarande;
1092 1221 94 28 samt
1208 1221 54 29 att
1285 1219 64 31 den
1372 1220 200 36 ifrågasatta
1595 1220 188 35 ägofördel-

271 1261 142 35 ningen,
447 1270 55 21 om
535 1261 65 30 den
632 1263 45 28 än
704 1261 74 31 icke
801 1263 87 34 gåve
911 1262 72 30 lika
1006 1263 71 35 gott
1100 1262 144 31 resultat
1267 1273 71 20 som
1361 1264 48 29 ett
1432 1264 77 35 laga
1532 1263 115 36 skifte,
1671 1264 110 30 likväl

272 1304 108 35 bleve,
408 1304 78 31 med
509 1304 135 37 hänsyn
667 1305 55 30 till
745 1305 40 30 de
808 1305 12 30 i
844 1305 95 31 dessa
962 1306 131 30 trakter
1116 1306 149 31 rådande
1288 1309 145 33 säregna
1456 1307 251 35 förhållanden,
1729 1307 53 30 för

273 1348 186 35 delägarna
493 1347 80 31 fullt
607 1348 316 31 tillfredsställande
955 1349 61 30 och
1039 1350 54 30 för
1116 1349 78 31 dem
1217 1360 45 20 av
1286 1350 64 31 den
1373 1352 124 29 största
1521 1352 98 35 nytta
1643 1351 63 30 och
1730 1351 51 30 be-

274 1391 138 37 tydelse.

317 1461 116 30 Innan
457 1460 368 36 områdestilldelning
849 1461 114 36 enligt
979 1463 240 34 nyssnämnda
1236 1463 259 31 bestämmelser
1512 1464 95 30 inom
1623 1463 157 32 Stensele

274 1513 64 31 och
360 1512 116 31 Tärna
499 1514 96 29 ännu
619 1512 131 31 hunnit
773 1513 174 36 påbörjas,
971 1523 79 21 men
1073 1513 107 31 sedan
1205 1514 109 30 sådan
1338 1514 179 32 flerstädes
1533 1515 96 31 inom
1646 1515 135 32 Sorsele

273 1564 232 37 provisoriskt
534 1564 226 35 genomförts,
788 1564 224 31 förordnades
1036 1565 197 31 emellertid
1256 1567 40 29 år
1320 1566 84 30 1902
1428 1576 56 21 om
1507 1567 161 36 uppskov
1692 1568 88 30 tills-

274 1616 122 31 vidare
418 1615 78 31 med
519 1615 315 36 förrättningarna.

316 1667 114 31 Sedan
463 1676 125 27 genom
620 1668 207 35 kungörelse
862 1668 67 31 den
965 1669 40 30 20
1039 1669 91 34 april
1160 1669 84 30 1906
1268 1668 179 36 bestämts,
1471 1671 52 29 att
1546 1680 45 20 av
1614 1671 167 36 skogsan-

275 1720 122 35 slagen
430 1719 115 31 skulle
573 1719 215 31 omedelbart
810 1719 156 31 tilldelas
990 1719 40 31 de
1053 1720 176 30 särskilda
1253 1720 208 31 hemmanen
1485 1721 62 31 och
1570 1723 211 36 nybyggena

274 1771 123 31 endast
431 1770 68 31 vad
532 1781 75 20 som
641 1772 146 35 ansåges
820 1771 227 36 erforderligt
1080 1772 53 30 för
1156 1771 123 36 nödigt
1301 1772 179 31 husbehov
1504 1775 90 29 samt
1617 1775 53 30 att
1693 1775 88 30 åter-

274 1823 121 31 stoden
422 1832 45 20 av
495 1822 160 36 anslaget
682 1823 114 30 skulle
823 1824 158 29 avsättas
1008 1823 57 30 till
1089 1823 224 37 allmänning
1337 1824 54 30 för
1414 1824 207 37 delägarnas
1645 1834 136 27 gemen-

274 1884 134 21 samma
431 1874 111 36 nytta,
567 1874 203 31 utfärdades
794 1874 66 30 den
877 1875 18 30 5
912 1874 79 36 juni
1005 1875 94 35 1909,
1116 1875 13 30 i
1145 1876 257 35 sammanhang
1422 1876 77 31 med
1516 1876 66 31 den
1599 1878 183 35 samtidigt

275 1926 184 31 utfärdade
494 1925 231 31 förenämnda
758 1926 103 36 lagen
896 1936 56 21 om
983 1926 126 31 förbud
1132 1927 201 31 tillsvidare
1357 1929 72 30 mot
1452 1928 78 36 laga
1553 1929 109 31 skifte
1686 1930 95 31 inom

275 1977 246 32 motsvarande
545 1977 178 36 områden,
747 1978 209 35 kungörelse
980 1978 246 31 innefattande
1249 1979 206 36 ytterligare
1479 1980 220 31 föreskrifter
1722 1991 59 21 an-

274 2029 132 37 gående
429 2029 247 36 avvittringen
700 2030 94 30 inom
818 2029 263 32 Västerbottens
1105 2031 64 30 och
1192 2030 228 32 Norrbottens
1445 2031 77 31 läns
1545 2032 235 36 lappmarker.

275 2081 132 31 Genom
441 2081 113 31 denna
581 2081 209 36 kungörelse
814 2081 217 32 meddelades
1055 2082 261 31 bestämmelser
1338 2083 178 35 angående
1540 2084 108 31 bland
1672 2086 109 29 annat

274 2133 310 35 skogstilldelning
609 2134 92 29 samt
724 2133 145 35 delning
893 2143 45 20 av
962 2134 123 35 inägor
1109 2134 12 30 i
1144 2134 170 31 samband
1338 2134 77 31 med
1439 2135 210 37 avvittring.

317 2184 17 31 I
369 2184 243 31 förstnämnda
645 2184 169 31 avseende
838 2185 195 36 stadgades,
1056 2186 53 30 att
1132 2196 46 20 av
1201 2186 265 37 skogsanslaget
1488 2187 114 31 skulle
1628 2188 73 30 viss
1725 2187 55 31 del

276 2237 164 35 utläggas
464 2236 53 30 för
541 2236 270 36 tillgodoseende
834 2247 46 20 av
904 2237 122 36 nödigt
1050 2237 182 31 husbehov
1255 2238 63 31 och
1338 2238 195 31 återstoden
1549 2240 157 30 avsättas
1723 2239 57 31 till

275 2288 236 35 allmänning.
545 2288 343 36 Husbehovsskogen
910 2289 115 31 skulle
1043 2289 162 36 utläggas
1222 2290 145 30 särskilt
1383 2290 54 30 för
1453 2291 97 35 varje
1567 2291 213 35 bruknings-

276 2340 55 31 del
354 2349 46 21 av
423 2339 163 31 hemman
610 2340 86 30 eller
719 2341 162 35 nybygge
905 2341 12 30 i
941 2341 219 31 förhållande
1185 2341 58 31 till
1267 2342 75 30 dess
1366 2342 135 31 mantal
1518 2339 165 37 (särskild
1700 2343 79 30 hus-

276 2388 239 39 behovsskog),
550 2391 87 31 dock
671 2393 63 34 att,
770 2392 62 31 där
867 2392 126 31 hinder
1027 2394 107 29 mötte
1170 2393 55 31 för
1253 2394 216 36 utläggande
1492 2404 45 21 av
1560 2395 49 30 all
1634 2394 68 31 den
1725 2394 54 32 för

276 2443 271 36 ifrågavarande
571 2443 165 31 ändamål
760 2443 151 32 avsedda
935 2444 252 36 skogsmarken
1211 2446 12 29 i
1248 2445 167 31 närheten
1439 2456 44 20 av
1507 2446 182 36 inägorna,
1708 2446 71 31 viss
