1904 2812
632 160 228 28 Statsutskottets
883 160 149 28 utlåtande
1055 161 47 27 Nr
1125 162 48 28 68.
1622 159 15 30 1

818 418 60 41 Nr
909 419 67 41 68.

539 530 125 28 Ankom
687 530 49 28 till
760 530 187 38 riksdagens
971 531 106 28 kansli
1101 531 61 28 den
1186 532 17 27 3
1228 531 79 36 april
1335 530 75 29 1941
1436 531 41 27 kl.
1501 532 18 26 4
1544 539 26 20 e.
1594 540 43 18 m.

446 630 196 37 Utlåtande
669 632 14 35 i
709 632 194 49 anledning
933 645 44 23 av
1007 632 133 48 Kungl.
1176 632 128 48 Maj:ts
1324 631 224 49 proposition
1577 644 63 23 an-

535 691 138 49 gående
701 692 130 48 anslag
858 692 57 36 till
943 692 237 36 anordnande
1200 705 45 23 av
1266 691 246 50 krigsflygfält
1532 705 105 22 m.m.

1415 758 64 42 (1:a
1502 758 85 42 avd.)

188 851 19 32 I
240 852 264 42 propositionen
538 863 41 21 nr
603 853 59 31 143
685 853 62 31 har
769 853 126 42 Kungl.
919 853 109 41 Maj:t,
1052 853 109 32 under
1183 852 218 43 åberopande
1424 864 40 20 av
1487 852 153 43 proposi-

138 902 117 32 tionen
288 903 109 41 bilagt
430 902 124 42 utdrag
587 914 40 20 av
661 903 382 42 statsrådsprotokollet
1073 905 79 31 över
1174 903 300 32 försvarsärenden
1497 903 54 32 för
1573 903 65 32 den

138 954 16 31 7
189 965 91 20 mars
316 954 89 39 1941,
428 953 179 41 föreslagit
638 954 183 42 riksdagen
856 956 49 30 att

189 1004 74 32 dels
287 1004 52 32 till
362 1004 222 32 anordnande
607 1016 41 20 av
670 1004 226 43 krigsflygfält
918 1016 42 21 m.
985 1016 43 20 m.
1053 1007 19 30 å
1095 1005 207 42 tilläggsstat
1317 1005 37 31 II
1369 1005 53 31 för
1436 1004 204 42 budgetåret

138 1055 136 32 1940/41
303 1057 112 30 såsom
442 1055 345 42 kapitalinvestering
811 1056 12 31 1
849 1056 335 32 försvarsväsendets
1207 1055 277 42 fastighetsfond,
1507 1055 133 42 flygför-

136 1106 218 42 valtningens
378 1106 142 32 delfond
543 1106 112 39 därav,
679 1107 120 31 anvisa
821 1109 49 29 ett
892 1107 353 41 reservationsanslag
1260 1118 39 20 av
1318 1107 165 38 1,869,000
1498 1106 139 39 kronor;

188 1157 75 32 dels
297 1157 63 32 ock
393 1157 53 32 till
479 1157 222 32 anordnande
735 1168 40 21 av
808 1157 227 42 krigsflygfält
1068 1169 42 20 m.
1134 1169 41 20 m.
1200 1157 53 32 för
1274 1157 204 42 budgetåret
1502 1157 137 40 1941/42

137 1210 113 31 såsom
274 1208 342 42 kapitalinvestering
631 1208 12 31 i
658 1208 335 32 försvarsväsendets
1009 1208 276 42 fastighetsfond,
1301 1207 338 43 flygförvaltningens

137 1259 141 32 delfond
301 1259 110 39 därav,
436 1259 119 32 anvisa
578 1261 49 30 ett
649 1259 351 42 reservationsanslag
1023 1270 40 21 av
1086 1259 168 39 6,675,000
1276 1259 133 32 kronor.

190 1354 98 31 Efter
321 1354 116 31 därom
471 1365 41 20 av
539 1354 127 40 Kungl.
690 1354 99 41 Maj:t
811 1353 11 32 i
845 1353 263 42 propositionen
1131 1365 40 20 nr
1194 1354 41 31 60
1257 1353 53 32 till
1334 1354 80 31 1940
1436 1354 56 30 års
1516 1353 123 31 urtima

137 1404 140 42 riksdag
309 1404 165 41 (punkten
502 1403 30 42 8)
559 1405 157 41 framlagt
738 1404 129 42 förslag
888 1404 163 32 anvisade
1074 1404 183 41 riksdagen
1280 1404 53 31 till
1355 1403 221 32 anordnande
1599 1414 40 20 av

136 1454 227 43 krigsflygfält
397 1466 41 20 m.
463 1466 42 20 m.
531 1456 19 30 å
583 1454 210 42 tilläggsstat
814 1455 18 31 I
859 1455 52 31 för
933 1454 204 41 budgetåret
1161 1454 135 32 1940/41
1325 1456 48 29 ett
1398 1454 242 31 reservations-

136 1506 119 41 anslag
288 1516 40 21 av
363 1505 166 39 1,330,000
562 1505 134 32 kronor.
742 1505 262 41 Ifrågavarande
1035 1504 313 42 medelsanvisning
1380 1506 103 39 avsåg
1506 1504 67 32 den
1596 1506 43 40 på

136 1556 230 32 innevarande
388 1556 169 41 budgetår
579 1556 193 42 belöpande
796 1555 98 33 delen
918 1567 40 21 av
982 1558 50 29 ett
1064 1556 52 31 för
1148 1555 221 32 anordnande
1402 1566 40 20 av
1465 1555 174 41 krigsflyg-

136 1607 61 31 fält
219 1618 42 20 m.
287 1618 42 20 m.
354 1607 51 31 till
427 1607 171 38 4,330,000
619 1606 127 32 kronor
768 1606 165 32 beräknat
956 1606 254 38 medelsbehov,
1233 1617 77 20 vars
1334 1605 216 32 återstående
1574 1605 63 37 del,

135 1657 167 39 3,000,000
324 1657 134 38 kronor,
483 1658 122 40 avsågs
629 1657 97 32 skola
748 1659 81 39 utgå
848 1657 86 32 först
956 1656 111 32 under
1089 1657 203 41 budgetåret
1316 1656 145 32 1941/42.

189 1708 120 32 Under
331 1708 134 32 erinran
489 1708 119 31 härom
631 1708 62 31 har
714 1708 321 41 flygförvaltningen
1058 1707 12 32 i
1093 1719 41 20 en
1158 1719 40 20 av
1222 1707 320 32 överbefälhavaren
1560 1708 79 30 över

136 1758 106 32 rikets
265 1759 279 31 försvarskrafter
566 1759 78 31 med
667 1758 196 42 tillstyrkan
886 1758 66 32 den
976 1759 19 31 8
1016 1758 133 42 januari
1167 1759 78 30 1941
1265 1757 227 39 överlämnad,
1510 1768 128 21 samma

137 1809 64 42 dag
227 1809 212 41 dagtecknad
467 1809 165 31 skrivelse
659 1809 184 37 hemställt,
868 1810 49 30 att
944 1809 53 31 för
1020 1808 221 32 anordnande
1265 1819 40 21 av
1327 1808 92 31 vissa
1440 1807 197 42 ytterligare

135 1859 226 42 krigsflygfält
393 1861 49 30 ett
475 1859 129 42 belopp
638 1871 40 20 av
711 1859 226 41 sammanlagt
965 1859 167 38 1,689,000
1164 1859 127 31 kronor
1314 1860 103 30 måtte
1441 1858 120 31 ställas
1584 1857 54 32 till

136 1910 269 31 ämbetsverkets
432 1910 211 41 förfogande.
688 1910 52 31 Av
763 1909 148 32 nämnda
933 1909 130 42 belopp
1091 1909 142 31 hänföra
1257 1909 52 41 sig
1332 1909 105 41 enligt
1460 1909 75 30 från
1558 1908 78 41 flyg-

137 1960 249 42 förvaltningen
420 1960 178 31 inhämtad
632 1960 135 42 uppgift
803 1961 133 38 764,000
958 1960 128 31 kronor
1108 1960 53 31 till
1183 1959 204 42 budgetåret
1411 1958 137 32 1940/41
1573 1958 63 32 och

136 2011 208 39 återstoden,
369 2011 82 31 eller
473 2011 137 38 925,000
632 2011 135 37 kronor,
793 2010 52 32 till
867 2010 205 41 budgetåret
1096 2010 145 39 1941/42.
1265 2029 40 2 —
1328 2009 125 32 Vidare
1476 2009 62 31 har
1560 2009 78 41 flyg-

136 2061 251 42 förvaltningen
415 2061 11 31 i
450 2061 165 32 skrivelse
639 2061 65 32 den
730 2061 39 31 15
790 2061 132 41 januari
947 2061 79 31 1941
1052 2060 184 38 hemställt,
1261 2062 50 29 att
1332 2060 52 32 för
1406 2059 231 42 nedläggning

136 2123 39 20 av
209 2112 139 31 telefon-
375 2112 63 31 och
472 2111 185 32 elektriska
691 2111 119 32 kablar
843 2114 19 29 å
894 2111 92 32 vissa
1020 2111 237 41 färdigställda
1285 2111 82 31 eller
1388 2110 111 31 under
1522 2110 115 31 arbete

136 2162 147 32 varande
306 2162 224 42 krigsflygfölt
553 2163 104 31 måtte
681 2162 137 31 anvisas
841 2164 49 29 ett
912 2162 130 41 belopp
1065 2173 40 20 av
1120 2161 136 38 655,000
1279 2161 133 31 kronor.

190 2212 169 40 Slutligen
395 2213 60 30 har
488 2212 322 41 flygförvaltningen
843 2213 11 30 i
888 2223 41 20 en
964 2223 40 20 av
1032 2212 320 31 överbefälhavaren
1375 2211 78 31 med
1476 2210 160 42 yttrande

137 2263 65 30 den
240 2264 40 29 22
318 2263 148 31 februari
506 2263 79 31 1941
621 2262 227 37 överlämnad,
883 2262 67 31 den
987 2262 39 31 13
1060 2262 10 31 i
1105 2272 129 21 samma
1269 2261 122 31 månad
1425 2261 212 41 dagtecknad

137 2313 164 31 skrivelse
324 2313 127 31 anmält
474 2312 93 32 vissa
588 2312 198 42 ytterligare
808 2312 245 31 medelsbehov
1076 2312 10 31 i
1109 2311 221 32 förevarande
1353 2311 180 37 avseende,
1550 2313 88 29 näm-

136 2363 89 41 ligen
251 2363 74 31 dels
349 2363 167 38 3,050,000
538 2363 126 31 kronor
686 2363 53 31 för
768 2362 221 31 anordnande
1012 2373 41 20 av
1079 2362 195 41 ytterligare
1298 2363 49 29 ett
1369 2361 92 31 antal
1485 2363 153 28 närmare

137 2413 145 40 angivna
320 2413 235 41 krigsflygfält,
590 2424 40 20 av
663 2413 105 31 vilket
801 2412 127 42 belopp
951 2412 137 38 300,000
1110 2412 126 31 kronor
1260 2413 131 30 ansetts
1415 2411 223 41 erforderliga

137 2463 108 31 under
277 2463 230 31 innevarande
541 2462 168 42 budgetår
742 2462 64 32 och
840 2463 216 31 återstående
1085 2462 168 38 2,750,000
1275 2462 126 31 kronor
1423 2461 111 32 under
1556 2461 81 32 bud-

182 2525 113 35 Bihang
319 2525 44 28 till
384 2524 168 36 riksdagens
570 2524 146 37 protokoll
741 2524 89 28 1941.
877 2525 18 27 6
917 2524 82 28 saml.
1046 2524 45 28 Nr
1114 2524 132 28 68—71.
1518 2530 40 20 752
1570 2531 22 18 41
