1888 2792
492 207 124 28 Första
644 206 246 39 lagulskottets
919 208 181 30 atlåtande
1125 218 43 20 nr
1195 209 29 29 3.
1604 210 12 30 1

798 400 55 40 Nr
876 396 46 55 3.

323 517 186 30 Utlåtande
542 519 10 29 i
580 519 192 39 anledning
800 528 43 21 av
872 520 128 38 Kungl.
1029 520 126 39 Maj:ts
1186 521 219 39 proposition
1436 522 81 29 med
1546 521 72 40 för-

545 567 76 40 slag
644 568 52 30 till
721 568 56 40 lag
799 569 181 38 ongående
1004 570 145 39 fortsatt
1174 570 159 39 giltighet
1358 580 43 21 av
1426 571 100 39 lagen
1550 572 67 29 den

547 619 41 29 29
610 618 79 39 juni
714 619 85 30 1943
826 620 62 33 (nr
910 621 83 33 320)
1021 629 56 21 om
1102 621 249 30 återställande
1375 631 43 21 av
1442 622 70 29 viss
1535 622 81 40 från

545 668 192 39 ockuperat
762 669 83 30 land
870 670 216 30 härrörande
1110 670 167 39 egendom
1304 681 44 19 m.
1372 681 46 20 m.

142 767 132 31 Genom
292 779 43 19 en
354 770 67 28 den
443 769 40 30 14
499 769 185 30 december
706 770 82 30 1951
809 771 232 39 dagtecknad,
1060 771 53 30 till
1132 771 194 40 lagutskott
1344 771 174 31 hänvisad
1537 781 79 31 pro-

96 817 164 39 position,
286 828 42 20 nr
354 819 30 34 8,
409 819 120 30 vilken
554 819 209 31 behandlats
790 830 42 20 av
858 820 113 31 första
995 821 241 39 lagutskottet,
1263 822 65 30 har
1354 822 127 40 Kungl.
1509 822 108 40 Maj:t

97 868 112 30 under
231 868 222 40 åberopande
475 879 42 20 av
537 870 267 39 propositionen
825 870 151 40 bilagda,
998 872 11 28 i
1033 871 189 31 statsrådet
1245 872 65 29 och
1332 872 158 40 lagrådet
1513 873 102 30 förda

96 919 176 38 protokoll
294 919 181 40 föreslagit
498 920 189 39 riksdagen
711 922 51 28 att
787 923 127 37 antaga
937 920 160 40 följande
1119 921 58 30 vid
1199 922 265 40 propositionen
1489 923 126 40 fogade

97 967 132 42 förslag
248 969 53 30 till

750 1040 36 46 1)
843 1038 138 51 Lag

151 1116 189 39 angående
362 1115 160 33 fortsatt
546 1116 181 41 giltighet
750 1125 43 24 av
817 1116 108 40 lagen
949 1117 71 32 den
1044 1117 42 32 29
1105 1115 86 43 juni
1215 1116 82 33 1945
1319 1115 62 40 (nr
1402 1117 76 37 520)
1503 1126 60 24 om

178 1166 270 33 återställande
472 1176 44 23 av
540 1167 74 32 viss
637 1166 84 33 från
747 1167 206 41 ockuperat
975 1167 89 33 land
1087 1168 232 33 härrörande
1343 1168 192 41 egendom.

141 1247 212 40 Härigenom
372 1248 199 35 förordnas,
591 1250 52 29 att
661 1249 101 39 lagen
781 1249 68 30 den
868 1249 42 30 29
928 1249 81 40 juni
1030 1249 84 31 1945
1135 1259 57 21 om
1212 1250 250 30 återställande
1482 1259 44 21 av
1543 1249 73 31 viss

95 1298 82 30 från
194 1298 193 40 ockuperat
405 1299 84 30 land
506 1299 219 30 härrörande
745 1300 182 38 egendom,
946 1300 120 31 vilken
1085 1300 108 39 enligt
1212 1300 57 40 lag
1286 1301 68 29 den
1373 1300 20 31 2
1411 1309 98 22 mars
1530 1300 83 31 1951

101 1348 60 34 (nr
181 1348 79 37 107)
284 1349 107 39 gäller
409 1349 53 32 till
481 1349 66 31 och
565 1350 80 29 med
663 1350 67 29 den
750 1349 42 31 30
808 1350 80 41 juni
910 1350 95 35 1952,
1026 1350 90 31 skall
1136 1351 64 38 äga
1219 1352 144 29 fortsatt
1383 1350 160 40 giltighet
1561 1351 54 29 till

95 1399 65 30 och
181 1399 80 30 med
281 1400 67 29 den
369 1399 42 30 30
430 1399 81 40 juni
535 1399 93 31 1953.

731 1560 38 47 2
827 1560 129 50 Lag

147 1636 189 41 angående
358 1637 160 33 fortsatt
540 1638 181 40 giltighet
744 1647 43 23 av
809 1639 110 40 lagen
943 1638 69 33 den
1037 1638 42 32 29
1097 1637 89 43 juni
1210 1638 82 33 1945
1314 1635 62 42 (nr
1398 1637 79 40 522)
1500 1647 59 24 om

408 1688 171 33 kontroll
602 1690 20 31 å
644 1689 75 32 viss
742 1689 178 33 utländsk
944 1689 180 40 egendom
1147 1699 47 22 m.
1218 1699 47 23 m.

139 1769 213 39 Härigenom
374 1770 200 34 förordnas,
598 1772 50 28 att
672 1770 101 39 lagen
796 1771 68 29 den
888 1771 42 29 29
951 1771 81 38 juni
1058 1771 84 30 1945
1165 1780 57 21 om
1244 1772 155 29 kontroll
1422 1771 21 30 å
1465 1771 71 30 viss
1559 1773 53 28 ut-

92 1820 127 30 ländsk
242 1821 169 38 egendom
435 1830 45 20 m.
505 1822 69 32 m.,'
596 1821 118 30 vilken
737 1821 108 40 enligt
868 1822 56 40 lag
946 1822 68 30 den
1038 1822 19 30 2
1080 1832 96 21 mars
1201 1822 81 30 1951
1314 1822 59 34 (nr
1398 1822 80 35 108)
1506 1823 108 40 gäller

92 1869 53 30 till
167 1870 65 29 och
253 1870 81 29 med
355 1870 67 29 den
445 1870 42 29 30
508 1870 78 39 juni
612 1870 95 34 1952,
730 1871 89 30 skall
843 1872 63 37 äga
929 1871 144 30 fortsatt
1097 1871 158 39 giltighet
1277 1871 52 30 till
1353 1872 64 29 och
1441 1872 80 29 med
1544 1872 67 29 den

91 1919 42 30 30
159 1919 79 39 juni
269 1919 93 30 1953.

740 2074 38 45 3
837 2073 124 49 Lag

86 2149 190 39 angående
300 2149 162 33 fortsatt
484 2150 181 40 giltighet
688 2159 42 22 av
754 2150 107 40 lagen
888 2150 71 32 den
984 2150 40 32 14
1048 2150 192 33 december
1263 2151 82 32 1945
1364 2149 66 40 (nr
1454 2148 77 42 885)
1555 2159 57 25 om

468 2200 308 33 administration
800 2210 42 22 av
866 2201 100 32 vissa
989 2201 110 40 bolag
1122 2210 47 23 m.
1192 2211 46 23 m.

135 2279 210 39 Härigenom
368 2280 200 34 förordnas,
589 2282 50 28 att
660 2281 101 38 lagen
782 2281 66 29 den
872 2281 39 29 14
932 2281 183 30 december
1138 2281 83 30 1945
1242 2291 57 20 om
1321 2282 288 29 administration

89 2338 43 20 av
151 2329 93 29 vissa
266 2329 101 39 bolag
387 2339 45 19 m.
455 2339 57 24 m.,
533 2330 116 29 vilken
671 2330 109 39 enligt
800 2331 56 38 lag
875 2331 69 29 den
966 2331 19 29 2
1007 2340 96 20 mars
1126 2331 80 30 1951
1237 2331 59 34 (nr
1320 2331 79 36 109)
1426 2332 108 38 gäller
1555 2331 53 30 till

89 2379 66 29 och
181 2379 80 29 med
288 2380 67 29 den
383 2379 41 30 30
451 2379 80 39 juni
562 2380 93 33 1952,
684 2380 89 29 skall
803 2381 63 38 äga
894 2381 143 30 fortsatt
1068 2381 156 39 giltighet
1253 2381 51 30 till
1334 2381 64 30 och
1430 2382 81 29 med
1539 2382 67 29 den

89 2428 41 31 30
151 2428 78 39 juni
255 2429 94 30 1953.

128 2523 7 14 !
156 2524 110 24 Senaste
284 2525 109 29 lydelse,
412 2532 27 17 se
458 2525 58 24 SFS
538 2523 73 26 1945:
631 2523 50 26 887
700 2527 50 22 och
772 2523 73 26 1947:
867 2524 56 25 110.

119 2572 11 25 1
176 2571 113 32 Bihang
301 2572 46 24 till
358 2572 171 31 riksdagens
540 2573 149 31 protokoll
702 2574 76 24 1952.
791 2575 16 24 9
822 2575 84 23 samt.
917 2576 14 23 1
945 2576 56 24 avd.
1017 2577 39 23 Nr
1066 2576 23 24 3.
