2200 2660
392 153 118 32 Andra
535 153 220 32 Kammarens
783 151 185 42 Tillfälliga
1000 151 142 32 Utskotts
1167 150 77 37 (N:o
1268 149 37 41 2)
1337 149 176 33 Utlåtande
1537 149 62 31 N:o
1626 151 28 29 7.
1810 149 19 30 3

330 244 124 35 Under
483 243 94 36 förra
606 246 76 34 året
711 243 244 36 motionerade
992 243 84 34 herr
1104 242 43 35 R.
1180 241 44 35 A.
1256 239 236 48 Wawrinsky
1523 241 20 33 å
1572 238 252 49 Saltsjöbaden

223 311 56 22 om
300 296 195 36 skrifvelse
516 299 185 46 angående
721 300 84 45 nytt
825 296 427 48 apotekarereglemente.
1297 293 189 37 Motionen
1506 293 123 35 bifölls
1645 293 41 35 af
1697 292 128 35 Andra

224 352 218 34 Kammaren
471 352 67 34 och
567 352 112 35 andra
707 351 183 46 tillfälliga
918 350 179 36 utskottet
1117 349 97 35 inom
1235 349 126 35 Första
1380 348 220 34 Kammaren
1629 346 197 48 tillstyrkte

225 404 206 35 äfvenledes
460 405 113 44 bifall,
604 417 82 23 men
715 405 211 35 kammaren
954 404 115 46 afslog
1098 403 208 34 densamma
1335 402 81 34 med
1447 403 47 32 39
1525 404 114 32 röster
1668 403 74 32 mot
1764 402 60 32 27.

331 458 161 36 Oaktadt
520 459 150 34 sålunda
698 458 111 46 ingen
837 458 40 34 af
902 457 267 36 ofvannämnda
1208 456 80 46 fyra
1317 454 186 44 motioner,
1541 453 132 36 hvaraf
1697 456 130 32 trenne

224 524 121 23 vunno
374 511 130 36 Andra
531 512 239 34 Kammarens
799 510 114 44 bifall,
944 510 103 35 ledde
1076 509 57 35 till
1161 511 111 44 något
1300 507 150 47 positivt
1476 507 119 35 beslut
1622 507 82 34 från
1723 506 105 35 Riks-

225 565 135 47 dagens
389 565 89 45 sida,
509 565 77 36 visa
615 565 98 35 såväl
742 565 104 34 dessa
875 576 74 22 som
978 563 219 35 tillhörande
1226 560 420 36 utskottsbetänkanden
1680 560 66 34 och
1774 561 54 32 ut-

224 619 182 44 talanden,
446 622 54 32 att
537 617 184 48 åtskilliga
758 617 174 35 reformer
974 616 96 35 inom
1115 614 329 48 apoteksväsendet
1486 618 60 30 äro
1586 613 40 35 af
1658 612 172 36 behofvet

225 673 199 46 påkallade.

331 780 69 35 Till
430 779 371 48 medicinalstyrelsen
829 777 249 37 remitterades
1106 777 13 35 i
1148 776 205 47 september
1393 777 98 33 1903
1523 787 45 22 en
1600 772 230 48 underdånig

225 834 160 36 ansökan
414 833 81 35 från
525 833 168 46 Sveriges
722 832 357 36 farmaceutförbund
1118 843 56 22 om
1205 828 213 47 förändring
1453 828 40 35 af
1517 827 115 36 rikets
1663 826 166 47 samtliga

226 887 387 36 medikamentsförråd
642 887 67 34 och
737 885 222 47 filialapotek
988 885 56 35 till
1073 882 252 49 själfständiga
1353 880 409 48 apoteksinrättningar.

333 941 120 35 Sedan
481 939 375 47 medicinalstyrelsen
884 938 14 35 i
926 938 92 47 april
1049 940 101 32 1904
1181 936 147 47 afgifvit
1355 934 246 48 underdånigt
1627 934 199 43 utlåtande,

226 994 224 36 anbefalldes
479 994 178 47 styrelsen
686 1005 128 35 genom
843 991 129 47 nådigt
999 991 84 35 bref
1108 991 71 34 den
1211 993 19 32 7
1262 989 153 35 oktober
1447 990 100 33 1904
1575 988 96 35 »dels
1699 990 53 33 att
1770 987 58 35 be-

226 1048 178 36 träffande
434 1048 133 35 sådana
587 1046 399 43 medikamentsförråd,
1008 1044 127 36 hvilka
1153 1043 82 36 icke
1255 1042 123 37 blifvit
1396 1042 56 35 för
1470 1042 75 35 viss
1565 1041 55 36 tid
1638 1042 188 46 upplåtna,

227 1102 194 36 verkställa
463 1100 286 47 undersökning,
790 1099 180 36 huruvida
1013 1100 104 34 dessa
1145 1096 399 44 medikamentsförråd,
1576 1096 83 34 med
1695 1095 135 35 fästadt

227 1156 167 35 afseende
432 1158 21 32 å
481 1154 272 47 omsättningen
795 1154 98 35 såväl
934 1153 62 35 vid
1036 1151 425 36 medikamentsförrådet
1502 1162 74 23 som
1619 1149 63 36 vid
1724 1152 105 32 stam-

227 1209 179 47 apoteket,
437 1209 124 35 kunde
590 1209 188 35 förändras
806 1207 57 36 till
891 1206 251 49 själfständiga
1161 1205 143 47 apotek,
1327 1207 92 32 samt
1439 1203 157 36 därefter
1614 1203 57 35 till
1690 1202 136 47 Kungl.

226 1262 107 48 Maj:t
360 1262 185 36 inkomma
573 1263 82 34 med
684 1263 61 34 det
772 1261 198 44 utlåtande,
1001 1259 148 36 hvartill
1182 1260 118 34 denna
1318 1257 277 47 undersökning
1614 1257 125 52 kunde
1759 1257 69 34 för-

227 1317 136 44 anleda,
395 1317 76 34 dels
501 1317 67 35 ock
597 1319 53 32 att
691 1315 154 35 rörande
882 1313 272 47 filialapoteken
1189 1312 63 36 vid
1289 1312 188 46 Finspong
1506 1311 67 35 och
1600 1310 228 47 Atvidaberg

226 1370 185 36 inkomma
439 1371 81 34 med
547 1369 199 47 utredning
774 1381 56 23 om
860 1369 103 34 deras
992 1366 212 46 förändring
1232 1365 57 36 till
1318 1364 254 49 själfständiga
1601 1363 171 66 apotek>.

332 1424 19 35 I
378 1424 186 35 utlåtande
594 1423 40 34 af
659 1423 70 35 den
761 1425 20 32 5
807 1421 71 49 juli
909 1423 99 33 1905
1040 1420 169 35 framhöll
1236 1418 374 47 medicinalstyrelsen
1635 1420 115 49 såsom
1771 1417 57 35 sin

227 1477 106 45 åsikt,
364 1480 54 33 att
446 1477 71 36 fem
545 1476 216 48 namngifna
796 1474 389 37 medikamentsförråd
1214 1476 91 32 samt
1337 1472 270 47 filialapoteken
1635 1471 13 35 i
1676 1456 151 66 Åtvida-

226 1533 89 46 berg
342 1532 67 35 och
437 1531 187 47 Finspång
657 1504 92 62 GE
786 1530 145 47 hänsyn
960 1528 56 36 till
1051 1528 270 36 vederbörande
1350 1526 229 47 stamapotek
1607 1525 221 36 omedelbart

226 1586 123 35 kunde
378 1585 188 35 förändras
595 1584 57 36 till
680 1583 251 49 själfständiga
960 1582 141 47 apotek.

332 1639 248 47 Regeringens
608 1639 122 34 beslut
757 1637 13 35 i
799 1637 150 35 ärendet
987 1636 39 35 af
1052 1637 70 34 den
1158 1637 47 33 16
1243 1634 166 36 sistlidne
1438 1634 194 36 november
1660 1633 163 45 innebär,

226 1697 53 33 att
307 1693 414 36 farmaceutförbundets
750 1691 170 36 anhållan
947 1690 81 35 icke
1057 1690 55 35 för
1140 1689 225 35 närvarande
1395 1688 203 36 föranleder
1625 1690 121 44 någon
1774 1690 49 33 åt-

226 1748 88 46 gärd
342 1747 13 35 i
384 1747 168 35 afseende
594 1749 21 32 å
649 1744 447 43 medikamentsförråden,
1134 1755 82 23 men
1254 1745 54 33 att
1334 1741 272 48 filialapoteken
1633 1741 14 35 i
1674 1727 151 66 Åtvida-

226 1802 88 47 berg
342 1802 68 35 och
438 1800 200 47 Finspång,
669 1805 67 30 när
771 1798 267 37 vederbörande
1067 1796 226 47 stamapotek
1320 1795 115 37 blifva
1465 1795 131 48 lediga,
1628 1795 102 36 skola
1758 1795 67 36 för-

227 1856 129 35 ändras
385 1854 57 36 till
470 1853 251 50 själfständiga
750 1852 143 48 apotek.

332 1909 20 35 I
380 1908 189 36 december
600 1910 100 33 1906
731 1906 124 47 ingick
883 1905 267 37 öfvannämnda
1171 1904 289 48 centralstyrelse
1486 1903 57 36 till
1561 1903 137 47 Kungl.
1720 1903 109 48 Maj:t

226 1964 82 35 med
335 1961 231 48 underdånig
594 1960 226 45 hemställan,
857 1963 75 33 »att
967 1959 135 47 Kungl.
1133 1958 108 49 Maj:t
1275 1958 55 36 för
1357 1958 238 35 utarbetande
1629 1957 40 35 af
1694 1957 134 47 förslag

228 2017 56 36 till
321 2020 84 45 nytt
442 2015 442 48 apotekarereglemente,
908 2014 183 36 äfvensom
1130 2013 57 35 för
1225 2012 210 47 afgifvande
1464 2012 39 35 af
1528 2011 137 47 förslag
1692 2011 57 36 till
1778 2014 49 32 åt-

228 2072 130 46 gärder
385 2070 13 36 i
427 2071 44 34 de
500 2069 207 44 afseenden,
748 2081 74 23 som
851 2068 14 35 i
893 2068 102 47 fråga
1036 2079 56 23 om
1131 2066 345 47 apoteksväsendets
1505 2066 185 35 ordnande
1725 2065 106 35 däraf

227 2125 126 35 kunna
394 2125 156 43 beröras,
593 2123 143 36 täcktes
764 2122 13 35 i
805 2122 112 35 nåder
958 2121 168 36 förordna
1155 2133 55 22 om
1240 2119 222 37 tillsättande
1498 2119 40 36 af
1562 2131 46 23 en
1636 2119 190 35 kommitté

229 2180 65 35 och
323 2181 63 42 att,
418 2179 119 34 därest
565 2177 116 35 Eders
709 2176 135 47 Kungl.
874 2175 107 48 Maj:t
1008 2175 121 35 finner
1149 2174 134 47 skäligt
1302 2173 122 36 därtill
1443 2173 99 47 gifva
1561 2173 128 47 nådigt
1708 2173 115 44 bifall,

228 2233 142 36 täcktes
399 2231 192 48 medgifva,
623 2233 53 33 att
704 2230 13 35 i
745 2242 46 23 en
819 2230 111 35 sådan
968 2228 189 37 kommitté
1191 2228 107 37 äfven
1334 2230 110 35 måtte
1472 2227 152 36 insättas
1655 2230 53 34 ett
1735 2227 92 37 visst

230 2287 96 39 antal
354 2286 234 39 obefordrade
617 2285 275 37 farmaceuter»>,
