2174 2600
409 140 18 29 2
823 139 342 31 Jordbruksutskottets
1189 139 162 31 utlåtande
1374 141 51 29 Nr
1449 141 51 30 49.

366 217 54 37 Då
461 217 156 36 ärendet
657 217 63 35 vid
763 216 161 36 nämnda
966 217 55 35 tid
1063 217 80 36 icke
1173 217 147 36 erhållit
1347 217 226 49 erforderlig
1601 218 215 49 utredning,
1846 222 119 46 ansåg

358 269 69 48 jag
470 268 92 36 visst
602 268 137 49 belopp
768 268 59 36 för
854 267 214 37 ändamålet
1097 269 88 35 böra
1213 268 184 37 beräknas
1425 269 11 36 i
1464 269 360 49 budgetsförslaget.
1880 271 84 36 Med

366 319 210 37 beaktande
607 325 61 31 'att
696 319 120 37 medel
845 324 94 31 även
967 320 116 36 borde
1111 320 186 36 beräknas
1326 321 58 35 för
1411 321 189 48 åtgärder,
1630 334 79 23 som
1729 321 127 36 kunde
1875 322 90 36 böra

364 371 175 47 vidtagas
570 371 84 36 med
683 371 206 48 anledning
917 384 45 23 av
991 371 222 37 förväntade
1243 372 322 48 framställningar
1594 372 81 36 från
1695 372 265 49 produktions-

364 423 236 46 kommittén,
647 423 68 36 har
752 423 138 48 Kungl.
920 423 108 49 Maj:t
1056 423 10 35 i
1095 423 282 49 propositionen
1406 437 44 22 nr
1478 426 21 33 2
1530 424 12 35 i
1570 423 170 49 punkten
1769 426 47 34 35
1845 424 119 36 under

363 474 139 36 nionde
532 474 239 36 huvudtiteln
808 475 194 47 föreslagit
1028 475 204 47 riksdagen
1262 480 54 31 att
1349 474 56 37 till
1433 475 178 49 åtgärder
1639 475 58 37 för
1725 475 164 48 höjande
1917 489 47 22 av

358 525 243 48 jordbrukets
642 526 227 49 produktion
911 529 20 32 å
964 526 232 49 tilläggsstat
1225 526 58 37 för
1311 529 39 33 år
1381 528 96 34 1918
1507 527 168 36 beräkna
1703 532 53 31 ett
1784 527 179 48 förslags-
2001 529 7 5 ”

364 577 133 48 anslag
525 591 46 22 av
600 578 21 35 5
651 578 173 48 miljoner
853 578 149 35 kronor.

499 628 233 37 Utlåtanden
773 634 89 31 över
903 629 407 50 lantbruksstyrelsens
1348 643 96 23 ovan
1487 629 247 37 omförmälda
1763 631 199 36 framställ-

369 681 106 48 ning,
506 680 127 36 vilken
662 686 39 30 är
729 680 235 48 dagtecknad
1006 681 73 36 den
1121 683 47 34 30
1210 681 204 37 november
1451 683 111 45 1917,
1592 682 97 44 hava
1716 695 155 23 numera
1899 695 63 23 av-

368 731 117 49 givits
534 746 48 22 av
627 732 642 49 folkhushållningskommissionen
1312 733 71 36 den
1427 734 46 35 10
1507 734 149 47 januari
1691 735 95 34 1918
1817 733 71 37 och
1916 747 47 22 av

369 783 479 48 produktionskommittén
877 784 72 36 den
979 787 20 33 2
1030 798 99 23 mars
1161 786 108 35 1918.

496 835 78 48 Jag
603 836 166 36 anhåller
797 849 49 22 nu
875 841 53 31 att
958 836 36 36 få
1022 837 149 35 anmäla
1198 836 102 36 detta
1328 836 148 37 ärende.

495 921 423 50 Lantbruksstyrelsens
947 922 281 47 framställning
1255 922 106 49 lyder
1388 906 174 68 sålunda:

497 981 67 32 >De
599 981 74 32 med
707 981 54 32 det
792 983 90 30 stora
904 981 220 41 världskriget
1146 981 153 32 förenade
1322 980 248 42 svårigheterna
1594 983 49 31 att
1665 981 106 33 införa
1793 982 167 33 livsmedel

368 1035 41 20 av
447 1024 65 32 alla
549 1025 72 40 slag
657 1024 87 32 hava
778 1035 69 22 mer
870 1029 40 27 än
932 1026 103 40 något
1058 1027 98 30 annat
1178 1025 131 41 påvisat
1331 1025 113 32 vikten
1468 1035 41 21 av
1533 1027 51 30 att
1607 1025 61 32 den
1689 1025 171 33 inhemska
1881 1026 79 32 livs-

367 1067 371 42 medelsproduktionen,
763 1068 61 32 och
847 1068 40 32 då
910 1068 11 32 i
944 1068 105 33 första
1071 1070 140 31 rummet
1230 1069 202 41 jordbruket,
1457 1068 138 43 främjas
1618 1069 60 32 och
1703 1069 131 41 stödjes.
1880 1070 79 32 För-

367 1110 195 34 hållandena
584 1111 86 33 hava
692 1111 273 42 nödvändiggjort
988 1112 211 41 ransonering
1229 1123 42 21 av
1293 1112 358 32 livsförnödenheterna
1674 1112 61 33 och
1757 1112 97 39 visat,
1877 1113 83 32 huru

367 1154 200 42 otillräcklig
589 1156 127 31 landets
740 1155 98 33 skörd
862 1160 36 28 är
920 1156 52 32 för
994 1156 225 32 framfödande
1243 1167 42 21 av
1307 1155 187 33 människor
1518 1156 61 32 och
1603 1156 81 42 djur,
1709 1156 218 41 synnerligast
1949 1157 12 31 i

365 1198 125 32 mindre
528 1199 86 40 goda
651 1200 45 38 år,
736 1199 60 32 och
833 1199 113 32 vikten
976 1210 42 21 av
1042 1201 50 30 att
1115 1200 58 31 allt
1196 1204 105 36 göres,
1325 1210 70 21 som
1417 1200 66 32 kan
1506 1200 65 32 öka
1594 1200 195 32 densamma.
1835 1200 126 32 Härvid

366 1242 102 40 gäller
504 1242 54 33 det
585 1242 143 41 givetvis
761 1242 11 31 i
806 1242 105 33 första
933 1245 142 30 rummet
1097 1245 50 30 att
1169 1243 151 32 befordra
1344 1243 217 41 uppodlingen
1584 1253 42 22 av
1647 1254 45 30 ny
1711 1243 75 42 jord
1809 1243 51 33 till
1882 1244 79 32 åker

367 1288 86 30 samt
490 1285 62 33 den
590 1286 99 32 redan
726 1286 113 32 odlade
877 1286 118 32 åkerns
1023 1286 275 41 ändamålsenliga
1320 1286 196 41 behandling
1539 1286 62 32 och
1624 1287 196 32 framförallt
1843 1287 119 41 rikliga

365 1328 158 42 gödsling.
571 1330 75 32 Men
684 1334 82 28 även
804 1330 101 31 andra
947 1330 153 41 åtgärder
1137 1330 92 32 torde
1267 1330 109 32 kunna
1416 1330 60 32 och
1515 1330 81 32 böra
1633 1330 72 32 från
1742 1332 126 31 statens
1890 1331 71 32 sida

364 1372 159 41 vidtagas.

491 1416 70 32 Den
599 1416 55 31 vid
688 1416 119 33 Svalöv
830 1417 73 32 med
926 1417 63 40 god
1012 1417 173 41 framgång
1206 1416 157 33 bedrivna
1385 1416 286 41 växtförädlingen
1693 1417 60 31 har
1776 1417 184 32 åstadkom-

364 1459 60 32 mit
457 1470 66 30 nya
561 1460 263 39 sädesstammar,
859 1460 106 32 vilkas
1004 1460 196 41 avkastning
1228 1464 37 28 är
1288 1460 38 32 de
1349 1460 105 32 äldres
1476 1460 165 41 betydligt
1664 1460 198 41 överlägsen.
1908 1461 53 31 Av

363 1503 241 32 nedanstående
627 1503 109 38 tabell,
761 1514 71 22 som
855 1505 160 40 upptager
1031 1503 365 40 avkastningssiffrorna
1418 1503 11 32 i
1451 1504 156 32 medeltal
1618 1504 51 32 för
1681 1504 277 42 femårsperioder,

363 1546 68 32 dels
468 1546 52 32 för
547 1546 75 32 hela
658 1546 119 39 landet,
816 1547 67 32 dels
917 1547 51 32 för
991 1547 182 32 Malmöhus
1195 1547 64 39 län,
1284 1547 153 40 framgår,
1463 1549 51 30 att
1537 1547 297 32 skörderesultaten
1858 1558 40 21 av
1922 1548 38 32 de

364 1589 87 33 olika
482 1590 210 40 sädesslagen
714 1589 72 33 visa
808 1601 40 21 en
871 1590 108 41 stadig
1003 1590 129 41 ökning,
1157 1592 102 30 störst
1281 1589 11 32 i
1315 1590 94 41 fråga
1432 1600 52 22 om
1508 1590 208 33 vintersäden
1738 1591 61 31 och
1822 1593 104 30 större
1950 1591 10 32 i

364 1632 183 33 Malmöhus
570 1633 54 32 län
647 1637 42 28 än
711 1633 11 32 i
744 1633 110 33 landet
876 1633 11 32 i
910 1633 50 33 sin
982 1633 120 33 helhet.

1264 1678 196 31 Medelskörd
1483 1679 12 29 i
1519 1678 121 31 deciton
1657 1688 62 30 per
1742 1678 119 38 hektar,

428 1704 276 31 Riksmedelskörd
726 1705 12 29 i
761 1704 119 31 deciton
898 1714 61 31 per
982 1704 119 31 hektar.
1427 1721 179 31 Malmökus
1628 1721 63 31 län.

520 1772 40 34 År
701 1780 125 27 Höstsäd
914 1781 171 27 Vårstråsäd
1320 1773 39 33 År
1499 1776 127 41 Höstsäd
1715 1781 170 28 Vårstråsäd

496 1824 83 32 1880
736 1825 69 31 13.0
958 1826 67 32 13.1

496 1868 82 31 1885
738 1868 66 32 13.5
958 1870 69 31 13.3

496 1912 82 31 1890
736 1913 68 30 14.2
958 1913 68 32 13.1

495 1955 82 31 1895
736 1956 69 32 14.3
958 1957 69 31 13.6
1297 1956 81 31 1895
1537 1956 69 32 17.2
1758 1957 68 32 15.9

495 1999 83 31 1900
737 2000 67 31 15.1
957 2001 70 30 13.2
1297 2000 82 31 1900
1537 2000 70 31 18.0
1759 2000 68 31 16.7

495 2042 82 31 1905
735 2043 71 31 14.8
958 2044 70 31 12.7
1297 2043 81 32 1905
1534 2044 70 30 20.1
1757 2043 67 31 18.1

496 2086 83 31 1910
737 2087 68 31 16.5
958 2088 70 31 16.0
1297 2087 82 31 1910
1534 2087 71 32 23.3
1755 2088 71 31 21.3

496 2129 82 31 1915
736 2131 69 30 16.7
957 2132 70 31 15.3
1297 2131 81 31 1915
1534 2131 70 30 23.1
1756 2130 71 32 21.5

493 2189 61 32 Att
588 2190 63 32 den
681 2190 109 32 bättre
813 2190 147 32 skötseln
984 2202 41 21 av
1046 2191 114 41 jorden
1182 2191 74 33 haft
1278 2192 55 32 det
1355 2193 123 31 största
1501 2191 178 41 inflytande
1701 2192 42 41 på
1767 2191 193 32 omnämnda

364 2232 251 42 skördeökning,
640 2233 81 33 lider
743 2233 83 33 intet
848 2234 111 33 tvivel.
1006 2235 76 32 Men
1105 2235 184 41 säkerligen
1312 2235 59 31 har
1394 2235 61 32 ock
1479 2235 55 32 det
1558 2234 165 33 förädlade
1742 2234 131 32 utsädet
1886 2234 73 32 haft
