1886 2784
363 192 125 29 Första
514 191 247 36 lagutskottets
787 192 179 30 utlåtande
992 201 41 20 nr
1058 194 40 28 23
1124 193 39 29 år
1191 193 82 29 1957
1548 191 16 29 7

75 280 228 38 erforderliga
322 281 180 37 kapitalet.
523 281 193 37 Sparandet
735 282 9 29 i
764 282 191 30 allmänhet
974 282 112 30 skulle
1105 282 179 30 sannolikt
1302 282 106 30 också
1427 282 136 30 beford-

77 334 54 21 ras
153 335 57 20 om
233 326 199 37 ytterligare
454 335 42 20 en
518 326 175 37 sparform
715 327 43 36 på
779 327 94 29 detta
894 328 69 29 sätt
985 327 140 36 erbjöds
1147 327 246 30 allmänheten.

116 397 222 32 Stockholms
357 398 330 32 handelskammare
708 399 115 29 anför:

118 470 363 30 Handelskammaren
503 479 100 21 anser
624 470 54 30 för
698 471 54 30 sin
772 471 64 35 del,
857 473 49 28 att
926 471 57 31 det
1003 472 37 29 är
1059 480 42 20 en
1120 471 111 37 viktig
1250 471 138 37 uppgift
1408 473 50 29 att
1478 472 83 29 söka

73 515 242 36 popularisera
334 515 245 37 aktieägandet
597 516 65 29 och
683 518 50 28 att
752 516 188 30 intressera
959 525 68 28 nya
1045 516 196 36 kategorier
1261 518 48 28 att
1328 517 138 36 placera
1486 525 75 28 spa-

74 560 123 29 randet
216 560 10 29 i
245 561 120 29 aktier.
384 560 52 30 Då
455 570 81 20 man
554 561 98 30 torde
670 561 46 29 ha
733 561 187 37 anledning
938 561 111 29 räkna
1067 562 77 28 med
1164 564 50 27 att
1232 561 215 30 industriens
1466 561 95 37 kapi-

73 604 268 38 talförsörjning
363 606 10 28 i
396 605 189 30 framtiden
607 606 9 29 i
638 606 91 29 ökad
751 606 245 37 utsträckning
1016 606 66 29 blir
1103 606 172 30 beroende
1296 615 40 20 av
1357 606 204 37 nyemissio-

73 658 72 26 ner,
164 650 65 29 har
247 659 81 20 man
348 651 43 28 än
411 651 112 29 större
542 651 187 36 anledning
749 652 48 28 att
815 650 43 37 på
877 651 70 29 sikt
966 652 66 29 sett
1051 651 85 29 söka
1154 653 216 34 uppmuntra
1388 651 171 36 åtgärder,

72 695 134 36 ägnade
225 696 50 28 att
293 695 66 29 öka
378 695 164 30 intresset
559 695 63 29 hos
641 696 67 28 den
727 697 94 28 stora
839 695 237 30 allmänheten
1095 695 56 29 för
1170 695 323 37 aktieplaceringar.

114 739 94 29 Även
229 748 55 21 om
305 740 260 37 omsättningen
585 740 44 36 på
650 740 220 29 aktiebörsen
890 740 77 30 icke
985 748 59 29 ger
1063 741 142 35 uttryck
1225 740 54 29 för
1299 740 260 36 kapitaltillför-

72 785 73 28 seln
163 784 53 30 till
234 785 239 36 näringslivet,
491 785 69 29 kan
577 786 57 28 det
652 785 105 29 likväl
774 794 83 20 vara
875 794 40 21 av
932 785 148 30 intresse
1097 786 51 28 att
1165 785 203 30 konstatera
1385 788 50 27 att
1453 785 106 29 aktie-

71 829 217 30 marknaden
315 830 112 29 under
453 839 42 20 en
522 829 88 37 följd
638 839 41 20 av
705 830 38 29 år
769 830 189 30 successivt
984 830 142 36 krympt
1152 838 169 22 samman.
1348 830 13 29 I
1387 831 106 29 slutet
1519 839 40 21 av

73 873 185 31 1920-talet
282 875 63 29 och
369 875 42 30 de
435 874 111 30 första
570 874 82 30 åren
677 884 41 20 av
744 875 183 29 1930-talet
951 875 162 37 utgjorde
1137 875 356 37 aktieomsättningen
1516 875 43 37 på

71 918 214 30 fondbörsen
322 919 163 37 omkring
521 919 61 30 500
619 920 89 36 milj.
735 919 129 30 kronor
889 928 61 28 per
975 919 53 34 år;
1056 920 121 29 starka
1203 919 219 37 spekulativa
1447 920 111 36 inslag

70 964 302 30 karakteriserade
398 964 126 29 börsen
551 965 111 28 under
687 965 100 29 dessa
812 964 48 29 år.
887 964 117 30 Under
1029 964 307 36 depressionsåren
1362 965 130 30 skedde
1517 973 41 21 en

70 1009 159 36 nedgång
252 1009 51 29 till
327 1008 148 38 ungefär
498 1018 41 20 en
561 1009 169 36 tredjedel
754 1018 40 20 av
816 1009 95 29 detta
932 1009 135 36 belopp.
1091 1010 152 29 Bortsett
1266 1009 78 29 från
1366 1011 49 28 ett
1436 1018 63 28 par
1520 1009 38 29 år

70 1053 10 29 i
102 1054 125 29 mitten
251 1063 40 20 av
315 1053 196 35 1930-talet,
534 1054 42 29 då
598 1054 260 37 omsättningen
881 1054 74 29 åter
976 1062 61 20 var
1058 1062 91 28 uppe
1170 1054 10 29 i
1202 1054 161 36 omkring
1385 1054 62 29 500
1469 1054 87 36 milj.

70 1099 142 33 kronor,
233 1098 64 29 har
318 1098 355 37 aktieomsättningen
695 1099 106 29 sedan
822 1098 78 31 dess
920 1098 101 30 hållit
1042 1098 50 37 sig
1112 1098 44 37 på
1176 1098 167 38 betydligt
1365 1099 93 37 lägre
1478 1099 79 29 nivå

69 1143 65 29 och
156 1144 112 28 under
290 1143 283 37 efterkrigstiden
596 1143 111 37 aldrig
730 1143 74 30 nått
825 1152 71 28 upp
918 1143 52 29 till
992 1152 73 20 mer
1086 1144 44 28 än
1152 1143 62 29 240
1236 1143 87 37 milj.
1346 1143 131 30 kronor
1498 1152 59 27 per

69 1187 48 30 år.
143 1188 118 29 Under
288 1188 82 29 1956
396 1188 171 29 stannade
591 1188 345 37 börsomsättningen
960 1188 56 29 vid
1044 1187 59 30 160
1128 1188 89 36 milj.
1243 1188 138 29 kronor.
1408 1189 12 28 I
1446 1188 110 36 själva

68 1233 120 30 verket
210 1233 64 29 har
297 1233 366 37 aktieomsättningen,
685 1241 123 29 genom
830 1235 50 28 att
902 1233 208 29 kursvärdet
1132 1233 179 37 samtidigt
1332 1233 107 37 stigit,
1460 1233 96 30 reellt

69 1279 67 28 sett
152 1278 73 37 gått
241 1278 145 29 tillbaka
401 1287 74 20 mer
491 1279 43 28 än
550 1278 64 29 vad
632 1278 101 29 dessa
748 1278 122 30 siffror
884 1278 86 29 visa.
986 1278 74 29 Den
1075 1278 110 36 årliga
1202 1278 354 37 aktieomsättningen

69 1323 10 28 i
95 1324 145 35 procent
256 1332 42 20 av
313 1323 209 29 kursvärdet
538 1322 53 30 för
607 1323 163 36 samtliga
784 1323 250 29 börsnoterade
1050 1323 112 29 aktier
1183 1323 177 34 (medeltal
1378 1333 41 19 av
1434 1323 123 37 högsta

69 1367 65 29 och
153 1368 112 36 lägsta
283 1367 83 30 kurs
385 1368 112 29 under
515 1367 88 35 året)
628 1368 152 36 uppgick
797 1367 150 30 sålunda
965 1367 82 29 1937
1066 1367 52 30 till
1139 1367 71 34 14,7
1229 1369 143 35 procent
1389 1368 65 29 och
1474 1368 82 29 1938

68 1412 52 29 till
139 1412 52 34 9,0
209 1413 152 35 procent,
379 1413 127 28 medan
524 1412 64 29 den
608 1412 83 29 1955
708 1420 61 21 var
785 1412 123 29 endast
927 1411 49 35 1,7
994 1413 153 35 procent.
1165 1412 197 31 Anmärkas
1378 1412 63 29 bör
1458 1412 98 34 dock,

69 1458 50 28 att
145 1457 260 36 omsättningen
431 1457 57 28 vid
515 1456 99 29 sidan
641 1465 41 20 av
707 1456 124 30 börsen
856 1456 112 29 under
993 1457 41 28 de
1059 1458 138 28 senaste
1221 1456 81 29 åren
1328 1457 91 29 varit
1444 1457 112 28 starkt

69 1501 170 37 stigande.
260 1501 158 29 Orsaken
439 1501 117 29 härtill
577 1501 64 29 har
661 1501 125 30 främst
805 1501 89 30 varit
915 1502 50 28 att
985 1501 93 29 såväl
1099 1501 135 37 företag
1253 1510 73 20 som
1346 1501 95 30 olika
1459 1501 97 30 insti-

68 1546 155 29 tutioner
255 1545 195 35 (stiftelser,
476 1546 134 34 fonder,
636 1546 124 29 kassor
784 1555 44 20 m.
854 1546 62 34 m.)
948 1546 11 28 i
983 1546 90 28 ökad
1099 1546 245 37 utsträckning
1368 1546 94 36 gjort
1486 1547 71 35 pla-

68 1591 159 36 ceringar
248 1591 10 28 i
281 1591 111 29 aktier
413 1591 66 29 och
501 1592 49 27 att
571 1591 9 28 i
602 1591 170 29 samband
793 1591 145 28 härmed
960 1590 289 30 förekommande
1270 1591 78 36 köp,
1368 1591 96 29 vilka
1484 1591 72 29 ofta

70 1638 111 27 avsett
200 1637 94 28 stora
312 1637 128 35 poster,
459 1635 110 37 gjorts
588 1636 115 29 direkt
721 1636 64 28 och
803 1635 102 30 alltså
923 1635 72 30 inte
1013 1634 172 38 påverkar
1202 1635 353 37 börsomsättningen.

112 1681 50 29 De
187 1681 124 36 belopp
337 1689 74 20 som
436 1680 144 30 tillförts
606 1680 226 37 näringslivet
856 1687 125 30 genom
1007 1680 300 37 aktieteckningar
1331 1681 9 28 i
1365 1690 68 27 nya
1457 1680 100 37 bolag

69 1725 64 29 och
157 1733 125 29 genom
306 1725 254 36 nyemissioner
583 1725 9 29 i
618 1725 95 29 äldre
737 1725 131 29 sådana
891 1725 46 29 ha
960 1724 155 31 minskat
1138 1725 10 28 i
1173 1725 219 29 förhållande
1415 1725 52 30 till
1491 1726 65 29 den

68 1771 109 28 totala
200 1770 370 29 nationalinkomsten.
594 1770 126 29 Medan
744 1769 347 30 aktieemissionerna
1114 1770 94 29 ännu
1231 1769 43 36 på
1298 1769 185 31 1920-talet
1504 1778 53 29 ge-

68 1815 236 36 nomsnittligt
324 1814 162 37 utgjorde
505 1814 162 37 omkring
686 1814 149 35 3,0—3,5
855 1816 145 34 procent
1019 1823 40 20 av
1078 1814 372 35 nationalinkomsten,
1469 1814 87 29 hade

70 1859 129 29 siffran
221 1860 110 28 under
354 1859 203 29 1930-talets
579 1858 111 30 första
710 1858 39 29 år
769 1859 136 36 sjunkit
927 1858 79 29 från
1027 1858 48 34 2,1
1099 1861 144 33 procent
1263 1859 64 29 och
1348 1860 111 28 under
1479 1859 77 29 dess

69 1904 84 29 sista
176 1903 38 29 år
235 1904 51 28 till
311 1903 48 34 1,2
380 1904 154 35 procent.
556 1903 116 29 Under
693 1903 282 36 efterkrigstiden
997 1903 64 29 har
1084 1902 127 30 siffran
1234 1903 87 29 varit
1345 1904 94 28 ännu
1463 1904 93 36 lägre

69 1948 64 29 och
158 1948 112 29 under
296 1948 203 29 1950-talets
524 1947 110 30 första
658 1948 70 28 fem
753 1947 37 29 år
813 1947 278 37 genomsnittligt
1116 1947 89 36 legat
1228 1948 110 29 under
1364 1949 12 27 1
1404 1949 152 34 procent.

71 1993 49 28 En
142 1993 165 29 markant
326 1992 131 37 ökning
478 2001 41 20 av
538 1992 299 36 nyemissionerna
858 1992 43 36 på
921 1991 213 30 fondbörsen
1154 1992 64 29 har
1238 1992 90 30 skett
1347 1992 89 29 efter
1457 1992 97 34 1954;

69 2037 117 29 härtill
214 2037 63 29 har
303 2037 125 29 främst
453 2037 149 36 bidragit
627 2037 65 29 den
718 2036 303 37 omständigheten
1046 2038 49 28 att
1120 2036 178 37 företagen
1323 2037 111 30 under
1457 2038 100 28 dessa

69 2082 38 29 år
123 2082 89 29 varit
227 2082 71 29 helt
313 2082 208 36 utestängda
537 2081 77 29 från
630 2081 440 37 obligationsmarknaden.

114 2127 65 29 Det
198 2127 37 28 är
254 2135 144 20 numera
417 2126 41 29 de
476 2127 93 28 stora
587 2126 269 29 institutionella
874 2125 168 36 köparna,
1060 2134 74 20 som
1152 2126 43 36 på
1213 2128 47 27 ett
1277 2126 70 30 helt
1365 2128 107 27 annat
1490 2127 67 28 sätt

69 2172 43 28 än
134 2171 147 36 tidigare
303 2170 186 29 absorbera
511 2170 235 30 marknadens
768 2170 71 28 lösa
859 2170 170 29 material.
1051 2170 102 29 Detta
1174 2171 294 36 sammanhänger
1488 2171 69 29 helt

70 2216 168 35 naturligt
258 2216 75 28 med
353 2217 50 27 att
421 2222 122 29 genom
563 2215 64 28 den
647 2215 89 36 höga
754 2215 357 35 skattebelastningen
1131 2214 18 29 å
1167 2216 110 28 större
1296 2215 193 29 inkomster
1507 2217 50 27 ut-

71 2261 148 35 rymmet
238 2259 53 29 för
308 2259 301 36 nyinvesteringar
627 2259 9 28 i
655 2259 111 28 aktier
784 2259 53 28 för
854 2259 119 36 dylika
990 2259 160 28 enskilda
1168 2259 275 35 inkomsttagare
1460 2260 97 28 blivit

69 2304 288 36 utomordentligt
381 2304 195 35 begränsat.
601 2304 64 29 Det
690 2304 38 28 är
751 2302 119 29 därför
893 2304 48 27 ett
965 2303 179 36 angeläget
1168 2302 146 30 intresse
1338 2313 40 19 ur
1401 2304 157 36 närings-

71 2349 98 29 livets
191 2356 82 28 egen
296 2348 180 36 synpunkt
498 2349 49 28 att
568 2348 84 28 även
675 2348 109 28 andra
804 2348 42 28 än
868 2348 41 29 de
930 2347 236 29 traditionella
1189 2347 299 36 aktieplacerarna
1509 2349 49 28 in-

69 2395 169 27 tresseras
256 2393 52 28 för
323 2393 114 28 denna
454 2393 88 28 form
560 2402 40 19 av
615 2392 183 36 sparande.

113 2438 70 28 Hos
214 2438 65 28 den
310 2439 94 27 stora
435 2437 235 29 allmänheten
701 2437 38 28 är
767 2435 192 30 emellertid
990 2435 115 29 aktien
1137 2445 72 19 som
1242 2436 315 37 placeringsobjekt

71 2483 165 36 tämligen
257 2482 131 34 okänd;
411 2491 41 20 av
472 2482 238 36 värdepapper
731 2481 132 29 känner
882 2490 81 20 man
984 2480 42 37 på
1047 2480 51 29 sin
1120 2480 83 36 höjd
1226 2481 48 29 till
1297 2481 260 37 premiecobliga-
