1910 2822
559 171 103 28 Andra
685 171 194 35 lagutskottets
901 168 146 29 utlåtande
1069 167 46 29 Nr
1136 167 49 27 22.
1594 158 34 31 11

126 248 176 41 angående
320 249 104 30 sättet
441 247 53 30 för
510 245 165 42 skyddets
692 244 166 40 utövning
875 244 11 30 i
903 242 92 41 varje
1013 241 69 32 fall.
1111 239 225 42 Paragrafens
1353 236 177 42 betydelse
1549 246 78 20 vore

128 298 144 32 sålunda
293 298 145 31 allenast
460 298 49 29 att
530 295 78 31 med
628 294 207 40 hänvisning
857 293 53 31 till
932 291 115 42 dylika
1068 290 126 41 lagbud
1216 288 131 42 påpeka
1369 287 66 32 den
1456 297 110 30 grupp
1588 297 40 19 av

127 348 272 42 medborgerliga
419 346 209 42 rättigheter,
650 356 73 20 som
742 344 114 31 kunde
877 342 256 32 sammanfattas
1154 340 107 31 under
1281 339 187 41 begreppet
1488 338 68 30 rätt
1575 335 53 32 till

126 399 120 41 skydd.
280 398 127 31 Vidare
428 397 62 31 har
511 396 175 42 professor
708 395 45 31 H.
776 394 39 31 L.
839 392 114 42 Rydin
975 392 11 31 i
1008 392 61 31 sitt
1091 391 114 31 arbete
1231 389 173 32 »Svenska
1427 386 199 42 riksdagen»

133 451 132 40 (senare
284 449 111 32 delen:
409 448 27 38 I,
456 447 64 32 sid.
539 447 41 31 36
598 445 116 41 noten)
738 444 132 37 uttalat,
890 445 50 29 att
958 441 255 42 ifrågavarande
1231 440 159 42 paragraf
1408 436 220 44 garanterade

128 502 66 31 den
217 499 273 42 medborgerliga
512 496 298 37 rättssäkerheten,
835 494 106 31 sådan
965 494 111 31 denna
1098 503 78 20 vore
1200 491 128 32 erkänd
1351 491 11 30 i
1386 489 155 42 gällande
1565 488 63 41 lag,

129 552 64 32 och
211 551 158 42 utgjorde
389 561 42 20 en
448 548 138 41 maning
605 548 53 30 för
675 546 194 41 Konungen
888 547 49 29 att
956 544 29 41 ej
1007 543 95 32 stifta
1121 543 101 41 lagar,
1242 552 73 21 som
1335 540 113 32 strede
1467 539 161 32 däremot.

129 604 52 30 De
219 614 40 20 av
297 599 289 41 utomordentliga
613 597 238 32 förhållanden
879 594 219 32 framkallade
1126 592 135 42 lagbud,
1290 603 74 20 som
1392 590 165 32 innebure
1585 590 45 30 in-

129 653 247 40 skränkningar
399 651 82 37 däri,
505 649 113 31 kunde
642 648 29 42 ej
696 658 100 20 anses
820 648 113 30 såsom
956 656 91 20 mera
1069 643 175 31 stridande
1268 645 70 28 mot
1362 652 124 21 samma
1510 639 120 42 grund-

130 703 232 42 lagsparagraf
379 704 42 29 än
437 699 301 33 bestämmelserna
756 698 10 30 i
784 696 156 42 gällande
957 696 55 41 lag
1030 706 53 19 om
1100 694 173 40 häktning,
1292 691 258 32 husrannsakan
1568 690 62 32 och

130 754 138 31 särskilt
287 754 119 30 forum.

184 847 17 32 I
219 847 175 31 motionen
414 845 28 31 I:
459 845 57 30 167
536 844 61 30 har
617 842 76 31 med
712 840 207 40 hänvisning
938 839 53 31 till
1013 838 57 31 det
1090 838 11 30 i
1121 837 20 42 $
1164 837 37 31 16
1222 836 309 42 regeringsformen
1553 845 80 31 upp-

131 902 102 38 tagna
259 894 374 43 förvisningsförbudet
662 892 150 36 uttalats,
842 893 49 29 att
920 890 57 31 det
1005 889 72 31 icke
1106 899 79 20 vore
1215 887 163 41 förenligt
1407 886 77 31 med
1513 885 121 42 grund-

132 949 99 41 lagen
254 950 49 29 att
325 958 123 31 genom
470 946 55 40 lag
548 944 141 41 tillägga
711 942 126 41 Kungl.
863 941 101 41 Maj:t
988 940 91 31 makt
1103 942 48 28 att
1176 939 86 31 efter
1287 937 229 32 diskretionär
1540 937 94 41 pröv-

132 1000 82 41 ning
255 999 137 40 vidtaga
433 995 271 33 administrativa
745 993 166 42 åtgärder,
944 1003 73 20 som
1049 990 210 42 grundlagen
1293 988 177 42 förbjudit.
1515 987 119 41 Enligt

133 1051 230 31 motionärens
381 1048 137 40 mening
534 1046 113 31 kunde
665 1056 76 20 man
758 1044 73 31 icke
849 1043 132 32 sträcka
998 1042 53 41 sig
1068 1042 115 41 längre
1201 1043 42 29 än
1262 1040 54 31 till
1334 1042 48 29 ett
1400 1038 233 42 medgivande,

132 1104 50 28 att
207 1100 79 32 civil
312 1099 197 41 utrymning
534 1097 113 31 kunde
674 1096 34 31 få
732 1094 170 43 påbjudas
929 1092 215 33 beträffande
1172 1091 127 32 sådana
1327 1092 99 35 orter,
1454 1100 74 20 som
1555 1099 79 21 vore

132 1154 38 29 så
189 1154 48 29 att
254 1153 81 39 säga
353 1148 216 33 reserverade
589 1148 53 30 för
661 1147 161 31 försvars-
841 1145 83 32 eller
942 1142 260 43 krigsåtgärder.
1234 1142 54 31 En
1308 1140 174 42 tvångsvis
1502 1150 132 31 genom-

134 1203 77 31 förd
230 1201 197 42 utrymning
446 1201 11 30 i
477 1199 105 32 andra
603 1198 60 31 fall
684 1199 116 40 syntes
823 1196 211 31 motionären
1056 1192 295 43 grundlagsenligt
1373 1191 119 42 möjlig
1514 1191 121 31 endast

133 1254 107 31 under
257 1251 256 41 förutsättning,
531 1252 49 29 att
597 1248 306 32 naturkatastrofer
920 1247 83 31 eller
1020 1245 138 32 därmed
1175 1243 212 32 likställbara
1406 1242 229 41 tilldragelser

133 1305 101 40 eljest
256 1304 72 31 icke
350 1302 113 32 kunde
486 1301 153 40 avvärjas
663 1300 81 31 eller
767 1299 53 30 till
843 1298 74 31 sina
939 1297 202 40 verkningar
1163 1295 252 31 neutraliseras.
1452 1293 183 41 Tillämpat

133 1357 43 40 på
202 1355 56 31 det
284 1365 46 20 nu
356 1351 233 43 föreliggande
617 1351 95 31 fallet
738 1349 109 31 skulle
874 1349 93 31 detta
993 1347 106 41 enligt
1125 1346 231 31 motionärens
1382 1344 138 41 mening
1545 1344 90 30 inne-

133 1406 90 37 bära,
246 1407 49 29 att
316 1404 154 40 tillfällig
491 1401 197 41 utrymning
708 1400 106 31 borde
836 1400 114 30 kunna
973 1397 215 37 föreskrivas,
1212 1408 55 19 om
1288 1396 107 31 sådan
1418 1406 79 20 vore
1520 1394 113 41 nödig.

133 1456 163 31 Däremot
320 1454 109 31 skulle
455 1453 65 31 den
545 1463 90 19 mera
659 1452 218 40 permanenta
903 1448 204 41 utrymning,
1133 1458 73 20 som
1231 1446 244 31 företrädesvis
1501 1456 97 20 avses
1625 1445 11 29 i

133 1507 19 30 2
172 1506 29 41 8,
222 1506 73 31 icke
316 1516 79 20 vara
416 1503 148 41 tillåtlig.

187 1557 53 30 En
263 1555 176 41 tvångsvis
464 1553 201 42 genomförd
689 1551 196 42 utrymning
909 1562 40 20 av
974 1561 41 20 en
1039 1552 53 28 ort
1116 1548 142 32 innebär
1282 1547 146 41 givetvis
1454 1549 48 29 ett
1528 1546 108 31 starkt

134 1608 143 41 ingrepp
300 1606 11 31 i
334 1606 42 31 de
399 1604 173 32 enskildas
595 1601 422 43 självbestämmanderätt.
1054 1599 178 32 Utskottet
1256 1598 122 37 finner,
1403 1599 11 30 i
1438 1597 198 40 anslutning

134 1658 54 31 till
206 1657 64 31 vad
290 1656 212 31 motionären
522 1654 132 37 uttalat,
675 1655 49 29 att
744 1655 49 29 ett
813 1652 121 31 sådant
955 1652 144 40 ingrepp
1120 1652 35 29 är
1176 1649 197 41 försvarligt
1395 1648 120 32 endast
1537 1648 11 30 i
1570 1647 66 31 den

135 1711 76 28 mån
233 1708 57 31 det
312 1707 159 31 framstår
493 1707 113 30 såsom
629 1716 39 20 ur
690 1704 169 31 allmänna
881 1701 211 43 synpunkter
1115 1700 276 41 oundgängligen
1415 1699 220 41 nödvändigt.

136 1759 121 31 Såsom
278 1756 246 42 föredragande
547 1754 377 42 departementschefen
945 1752 186 32 framhållit
1153 1754 35 28 är
1211 1751 57 31 det
1290 1762 42 20 en
1355 1749 282 41 utomordentligt

135 1809 109 41 viktig
263 1807 138 43 uppgift
421 1808 53 30 för
495 1806 214 41 luftskyddet
730 1807 49 29 att
800 1804 186 41 förebygga
1007 1803 111 41 panik.
1152 1802 118 40 Enligt
1293 1800 185 32 utskottets
1501 1800 137 40 mening

136 1859 109 32 skulle
264 1859 93 31 detta
374 1858 90 40 syfte
481 1857 11 31 i
509 1858 121 39 många
647 1856 59 31 fall
724 1855 82 37 icke,
825 1857 113 29 såsom
955 1854 212 30 motionären
1185 1863 102 29 synes
1305 1863 91 25 anse,
1414 1853 61 29 nås
1493 1850 145 31 allenast

136 1921 120 30 genom
286 1920 42 20 en
358 1908 106 31 sådan
495 1907 153 40 tillfällig
678 1906 204 40 utrymning,
915 1915 73 20 som
1019 1904 77 30 sker
1126 1905 42 39 på
1199 1902 155 41 signalen
1386 1901 158 41 flyglarm
1576 1900 62 31 och

136 1971 96 19 varar
255 1959 52 31 till
332 1959 79 30 dess
435 1958 66 31 den
525 1956 215 32 omedelbara
764 1956 95 30 faran
883 1957 37 28 är
943 1953 235 32 överstånden.
1214 1953 52 30 Av
1292 1954 72 29 stor
1388 1951 177 41 betydelse
1591 1953 47 29 så-

136 2022 74 20 som
228 2008 242 42 skyddsmedel
491 2008 52 30 för
563 2006 326 40 civilbefolkningen
910 2005 62 31 och
992 2005 11 30 i
1023 2004 67 41 hög
1110 2003 82 41 grad
1213 2005 102 39 ägnat
1335 2004 49 29 att
1406 2001 120 41 främja
1546 2012 93 30 nyss-

137 2060 146 31 nämnda
304 2060 90 40 syfte
417 2069 102 30 synes
542 2060 84 29 även
648 2068 78 20 vara
748 2059 50 28 att
820 2057 75 30 från
918 2055 41 32 de
982 2066 40 20 av
1044 2054 105 31 anfall
1171 2054 75 30 från
1269 2053 112 31 luften
1403 2055 86 28 mest
1512 2052 126 31 hotade

137 2113 135 29 orterna
292 2110 192 31 undanföra
505 2119 172 31 personer,
699 2107 108 31 vilkas
831 2109 141 28 närvaro
995 2106 60 30 där
1077 2107 36 29 är
1135 2104 191 40 obehövlig,
1351 2106 21 29 t.
1397 2115 49 19 ex.
1470 2103 84 31 barn
1577 2103 62 30 och

137 2162 181 40 åldringar.
352 2160 54 31 En
429 2159 196 41 utrymning
647 2169 39 20 av
709 2158 111 30 denna
843 2159 59 34 art,
927 2167 72 21 som
1022 2156 77 30 sker
1122 2155 56 31 vid
1202 2155 168 40 krigsfara
1394 2154 82 31 eller
1500 2154 42 29 då
1566 2153 74 40 krig

139 2211 146 31 utbrutit
305 2211 63 30 och
388 2210 148 30 därefter
556 2209 123 37 består,
702 2210 36 29 så
759 2208 98 40 länge
878 2207 72 31 fara
971 2207 52 30 för
1044 2205 172 31 luftanfall
1239 2205 192 40 föreligger,
1453 2204 61 31 har
1536 2206 103 28 utom-

139 2261 98 31 lands
256 2263 43 38 på
319 2261 85 30 flera
423 2260 70 30 håll
513 2259 157 30 tillmätts
691 2258 176 40 synnerlig
887 2257 80 30 vikt.
1000 2257 17 30 I
1038 2256 106 30 likhet
1165 2256 76 30 med
1263 2254 376 41 departementschefen

138 2322 99 20 anser
262 2310 168 31 utskottet
456 2309 200 41 uppenbart,
683 2311 49 28 att
758 2319 76 19 man
861 2307 72 30 icke
960 2306 72 31 helt
1057 2306 65 30 kan
1149 2305 150 31 överlåta
1325 2307 34 28 åt
1386 2304 253 31 vederbörande

140 2361 108 40 själva
270 2360 83 31 eller
375 2360 98 30 deras
495 2359 164 30 målsmän
682 2360 49 29 att
753 2359 132 38 avgöra,
909 2357 11 30 i
942 2357 113 30 vilken
1079 2358 75 28 mån
1178 2355 197 41 utrymning
1399 2354 85 31 skall
1508 2354 132 30 komma

140 2412 52 30 till
216 2411 108 31 stånd.
361 2409 155 31 Givetvis
539 2409 62 30 bör
625 2420 41 19 en
690 2408 105 31 sådan
820 2419 90 19 mera
934 2409 198 39 permanent
1158 2405 197 41 utrymning
1379 2404 102 31 såvitt
1508 2404 133 40 möjligt

140 2462 59 30 ske
228 2461 165 39 frivilligt.
435 2460 63 30 Om
527 2459 196 31 samhällets
753 2459 169 29 intressen
952 2457 108 30 skulle
1090 2458 79 38 göra
1199 2456 56 30 det
1285 2455 219 40 nödvändigt,
1535 2456 105 28 måste

1690 839 132 23 Utskottet.
