1908 2824
524 168 110 32 Andra
657 167 227 40 lagutskottets
907 165 166 33 utlåtande
1095 165 46 31 Nr
1166 164 49 31 22.
1592 159 37 33 17

129 245 263 43 ningspersonal
411 244 62 32 och
492 245 70 31 viss
582 243 158 42 personal
760 243 57 31 vid
838 242 105 32 andra
962 241 155 32 tekniska
1137 240 79 32 verk
1237 242 87 30 samt
1344 239 11 31 i
1376 239 69 31 viss
1467 238 161 32 utsträck-

130 297 81 42 ning
239 299 86 29 även
353 298 44 40 på
426 294 349 43 sjukvårdspersonal.
817 293 126 31 Vidare
974 292 96 32 torde
1100 302 97 20 avses
1227 290 168 42 personal,
1426 289 203 41 erforderlig

129 348 54 31 för
207 347 116 42 övriga
348 346 164 37 ändamål,
539 356 74 21 som
639 345 138 41 angivas
803 344 11 31 i
840 344 18 31 2
884 343 21 42 &
929 343 31 41 6)
991 341 436 42 luftskyddskungörelsen.
1465 340 164 31 Däremot

130 399 129 41 åsyftas
277 397 108 42 enligt
403 396 185 32 utskottets
607 396 137 40 mening
762 394 73 32 icke
854 393 227 43 upprättande
1101 404 40 20 av
1159 392 98 32 kårer
1276 391 77 32 med
1371 391 126 32 militär
1516 390 113 32 karak-

130 451 60 30 tär.
230 448 103 32 Givet
361 450 45 36 är,
435 449 49 30 att
512 446 258 32 förhållandena
799 445 108 32 under
935 444 146 42 krigstid
1109 444 114 31 kunna
1252 442 154 32 medföra
1434 442 195 41 betydande

129 499 81 32 krav
225 501 44 40 på
285 498 275 42 reservpersonal
576 498 12 31 i
605 497 41 32 de
663 497 105 38 kårer,
786 507 73 21 som
875 496 12 31 i
903 495 204 42 stadgandet
1123 505 106 21 avses.
1259 494 178 32 Utskottet
1454 493 61 31 vill
1533 492 96 32 emel-

131 550 101 32 lertid
253 551 11 30 i
285 550 95 32 detta
400 549 242 41 sammanhang
663 548 110 32 erinra
795 559 55 20 om
871 547 66 31 den
958 547 11 30 i
992 546 200 42 paragrafen
1214 545 121 42 gjorda
1355 544 274 42 begränsningen

130 613 40 19 av
193 600 231 42 nyssnämnda
447 599 204 42 skyldighet,
676 598 231 32 innebärande
931 600 49 29 att
1004 597 159 31 kommun
1187 596 72 32 icke
1284 598 36 29 är
1344 595 135 42 skyldig
1503 597 49 29 att
1577 595 53 31 för

131 654 102 40 något
252 652 74 41 slag
345 662 40 20 av
405 650 306 42 luftskyddstjänst
731 648 260 33 tillhandahålla
1011 650 109 30 större
1141 647 158 42 personal
1322 649 42 29 än
1385 658 82 26 som,
1489 647 43 30 då
1553 646 77 31 luft-

130 702 288 42 skyddstillstånd
437 701 166 38 inträdde,
623 712 57 20 var
698 700 149 32 anställd
866 700 93 31 inom
977 699 254 32 vederbörande
1250 698 60 31 kår
1329 698 82 31 eller
1430 708 111 21 annan
1560 699 70 29 mot

129 753 350 41 luftskyddstjänsten
503 752 163 31 svarande
691 751 320 40 förvaltningsgren.

183 803 180 32 Utskottet
394 803 113 31 finner
539 802 31 42 ej
604 801 185 42 anledning
823 801 119 41 frångå
963 800 126 42 Kungl.
1113 799 119 42 Maj:ts
1256 799 130 42 förslag
1408 799 12 31 i
1443 810 46 21 nu
1511 799 119 41 ifråga-

130 855 146 31 varande
299 853 205 32 hänseende.

833 955 38 31 12
894 954 29 41 8.

186 1016 108 32 Civila
325 1015 426 41 luftskyddsutredningen
780 1015 62 31 har
873 1014 195 38 framhållit,
1100 1016 49 29 att
1180 1014 53 31 för
1262 1013 368 43 luftskyddsåtgärder-

131 1079 61 20 nas
217 1066 266 43 genomförande
509 1066 57 31 vid
592 1065 357 41 luftskyddstillstånd
974 1064 214 33 erfordrades
1214 1064 106 32 bland
1347 1067 103 29 annat
1476 1065 154 41 stadgan-

132 1118 65 32 den
223 1118 73 31 dels
323 1128 55 21 om
403 1117 125 31 allmän
554 1116 250 42 medborgerlig
830 1116 204 42 arbetsplikt
1062 1116 62 31 och
1151 1116 73 31 dels
1252 1127 55 20 om
1334 1116 216 42 tjänsteplikt
1577 1117 53 30 för

132 1169 65 31 den
223 1169 54 31 för
302 1168 351 41 luftskyddstjänsten
679 1167 223 41 erforderliga
929 1167 212 41 personalen,
1170 1167 62 31 och
1260 1167 12 31 i
1300 1167 164 32 samband
1492 1167 138 32 därmed

132 1219 157 42 framlagt
313 1219 93 31 vissa
430 1218 137 42 förslag.

184 1270 261 40 Föredragande
485 1269 376 41 departementschefen
900 1269 62 31 har
1000 1269 12 31 i
1052 1269 261 42 propositionen
1343 1269 135 38 erinrat,
1509 1272 49 29 att
1577 1269 54 32 be-

131 1321 102 31 hovet
256 1332 41 20 av
320 1321 42 31 de
385 1331 41 21 av
449 1320 227 41 utredningen
700 1320 202 41 föreslagna,
928 1320 11 31 i
964 1320 66 31 den
1054 1320 195 42 personliga
1275 1320 355 42 självbestämmande-

131 1374 111 29 rätten
266 1371 100 42 djupt
389 1371 203 41 ingripande
617 1371 232 41 stadgandena
874 1382 55 20 om
953 1371 137 41 tjänste-
1115 1371 63 31 och
1203 1371 204 42 arbetsplikt
1432 1371 73 32 icke
1530 1372 101 31 blivit

132 1423 179 41 ifrågasatt
333 1423 12 30 i
367 1424 103 38 något
492 1433 41 19 av
556 1421 41 31 de
621 1423 79 29 över
724 1421 246 42 utredningens
994 1421 213 32 betänkande
1231 1422 145 41 avgivna
1399 1423 230 31 utlåtandena.

131 1473 126 41 Dylika
279 1472 257 32 bestämmelser
559 1474 117 39 syntes
701 1474 85 29 även
809 1472 126 31 honom
960 1472 231 41 erforderliga,
1217 1484 55 20 om
1297 1475 50 29 ett
1372 1473 158 32 effektivt
1554 1474 77 31 luft-

133 1523 110 41 skydd
262 1523 111 32 skulle
395 1522 113 32 kunna
529 1522 131 42 skapas.
693 1523 133 31 Endast
849 1523 42 31 de
912 1522 265 39 bestämmelser,
1201 1535 74 19 som
1297 1535 80 21 vore
1400 1535 40 20 av
1463 1525 169 41 väsentlig

132 1574 177 41 betydelse
332 1574 53 31 för
407 1573 263 42 medborgarnas
693 1573 233 42 förpliktelser
948 1574 12 31 i
982 1573 165 32 samband
1169 1575 77 30 med
1270 1575 360 41 luftskyddstjänsten,

132 1624 106 32 borde
258 1624 191 32 emellertid
468 1624 124 41 inflyta
612 1624 10 31 i
643 1624 107 41 lagen.
782 1625 53 31 De
854 1624 266 38 bestämmelser,
1142 1636 73 20 som
1237 1637 40 19 av
1298 1625 133 42 hänsyn
1453 1626 54 31 till
1527 1626 104 42 krigs-

132 1675 153 32 maktens
315 1675 83 31 eller
427 1675 356 41 folkhushållningens
814 1675 112 32 behov
955 1687 40 20 av
1024 1676 159 41 personal
1213 1676 197 32 inskränkte
1441 1679 111 30 rätten
1582 1680 49 29 att

133 1728 116 40 uttaga
275 1726 54 31 för
354 1726 457 41 luftskyddsverksamheten
838 1726 161 42 lämpliga
1025 1738 171 30 personer,
1225 1729 118 39 syntes
1371 1728 152 32 däremot
1549 1729 83 31 höra

132 1776 133 32 hemma
286 1777 11 30 i
320 1787 42 20 en
383 1776 447 42 tillämpningsförordning.
864 1777 19 31 I
906 1778 38 30 12
966 1777 21 41 $
1008 1797 42 3 —
1071 1777 114 32 vilken
1208 1778 123 31 saknar
1352 1779 245 42 motsvarighet
1620 1781 12 30 i

134 1827 247 41 utredningens
403 1827 128 41 förslag
551 1847 43 3 —
614 1827 86 32 hade
723 1828 189 31 meddelats
935 1828 92 31 vissa
1049 1829 196 41 ytterligare
1268 1829 266 39 bestämmelser,
1559 1842 73 20 som

133 1880 96 38 synts
251 1878 217 41 nödvändiga
489 1880 113 29 såsom
624 1878 229 41 komplement
875 1879 54 30 till
952 1879 232 41 stadgandena
1207 1881 11 30 i
1243 1881 39 30 10
1305 1881 63 31 och
1393 1882 35 29 11
1453 1880 51 42 SS.

186 1928 17 30 I
224 1928 95 41 fråga
340 1939 54 20 om
416 1928 40 31 de
479 1929 198 31 uttalanden
701 1929 62 31 och
786 1929 184 41 yrkanden,
993 1941 73 20 som
1089 1930 11 30 i
1123 1931 174 30 motionen
1320 1931 31 30 I:
1364 1934 61 28 167
1448 1932 108 41 gjorts
1579 1932 53 32 be-

132 1979 171 31 träffande
326 1979 220 31 förevarande
568 1980 164 40 paragraf,
755 1980 52 31 får
828 1980 167 31 utskottet
1016 1980 142 32 hänvisa
1179 1981 53 31 till
1255 1981 66 31 den
1344 1982 107 31 under
1472 1983 19 30 9
1513 1982 20 42 8
1556 1983 76 31 läm-

132 2029 86 31 nade
242 2029 250 41 redogörelsen.

187 2122 121 32 Såsom
334 2122 167 32 utskottet
526 2123 61 31 här
612 2134 85 21 ovan
723 2124 10 30 i
759 2124 91 31 olika
876 2124 241 41 sammanhang
1144 2125 73 31 haft
1243 2126 186 42 anledning
1455 2127 178 32 framhålla

133 2173 95 31 skola
255 2173 150 31 flertalet
431 2184 40 20 av
496 2173 301 32 bestämmelserna
823 2175 10 30 i
862 2175 220 31 förevarande
1110 2176 62 40 lag,
1200 2176 105 31 bland
1333 2177 75 31 dem
1434 2179 84 30 även
1545 2179 87 31 stad-

134 2224 153 40 gandena
303 2224 11 30 i
334 2224 38 30 12
388 2223 29 41 $,
435 2224 172 41 tillämpas
623 2224 89 31 blott
729 2225 108 31 under
854 2226 41 30 de
914 2226 246 40 exceptionella
1178 2227 247 38 förhållanden,
1444 2240 72 19 som
1534 2240 97 20 avses

134 2274 10 30 i
168 2273 71 41 28
276 2273 81 31 Med
382 2274 132 40 hänsyn
539 2274 115 31 härtill
680 2275 61 30 och
768 2276 51 36 då,
847 2278 112 28 såsom
985 2276 245 41 föredragande
1257 2278 375 40 departementschefen

133 2324 122 37 anfört,
281 2323 232 41 stadgandena
537 2325 10 29 i
575 2325 37 29 12
637 2324 20 41 8
682 2325 96 31 torde
805 2337 78 19 vara
907 2325 215 42 nödvändiga
1148 2338 72 19 som
1246 2327 229 42 komplement
1501 2330 53 30 till
1580 2330 52 31 be-

134 2374 257 31 stämmelserna
414 2374 10 30 i
449 2374 40 31 de
513 2374 88 31 båda
625 2377 148 29 närmast
797 2376 204 40 föregående
1027 2378 247 39 paragraferna,
1303 2379 50 29 får
1377 2379 167 32 utskottet
1569 2381 63 30 till-

134 2424 115 40 styrka
269 2424 127 41 Kungl.
420 2423 118 42 Maj:ts
562 2425 127 41 förslag
711 2425 9 30 i
743 2437 46 19 nu
812 2426 256 40 ifrågavarande
1091 2427 203 32 hänseende.

173 2527 112 37 Bihang
310 2528 46 27 till
379 2527 167 37 riksdagens
566 2529 143 36 protokoll
736 2527 88 31 1938.
855 2528 21 29 9
898 2531 80 26 saml.
1009 2529 21 28 2
1052 2531 63 27 avd.
1148 2532 48 26 Nr
1218 2530 137 31 22—23.
1451 2542 78 19 67988
1576 2538 16 25 2

1693 2130 131 24 Utskottet.
