1884 2808
292 153 18 29 2
684 154 117 31 Andra
819 153 240 37 lagutskottets
1078 151 177 31 utlåtande
1272 160 42 20 nr
1336 150 50 30 16.

292 242 92 30 förre
407 240 88 37 själv
518 240 11 30 i
550 240 213 37 lägenheten,
786 239 89 30 skall
896 238 69 30 vad
987 237 11 30 i
1020 237 110 31 första
1150 236 135 37 stycket
1307 235 137 36 stadgas
1469 235 64 36 äga
1556 232 243 32 motsvarande

292 291 231 37 tillämpning,
544 290 90 31 ändå
652 293 50 28 att
720 290 71 30 han
810 289 76 30 icke
905 289 65 30 har
989 288 55 30 del
1062 287 11 30 i
1092 287 225 37 hyresrätten.

339 339 268 38 Framställning
632 348 118 22 varom
779 348 89 21 ovan
892 339 77 35 sägs
997 338 88 29 skall
1109 338 100 35 göras
1236 335 95 31 inom
1357 334 130 37 fjorton
1514 335 106 35 dagar
1647 332 79 31 från
1751 333 56 30 det

293 393 236 37 hyresvärden
549 392 11 30 i
581 392 170 31 samband
772 391 78 30 med
871 389 221 37 uppsägning
1113 389 81 30 eller
1217 386 97 38 eljest
1335 386 122 37 tydligt
1480 385 174 31 meddelat
1676 386 123 30 sökan-

293 445 77 34 den,
389 446 50 28 att
455 442 339 37 hyresförhållandet
811 442 89 30 skall
918 440 172 37 upphöra.

341 568 122 30 Denna
485 568 55 35 lag
560 567 114 30 träder
693 566 11 30 i
724 565 95 31 kraft
841 566 65 30 den
931 566 14 29 1
971 564 89 36 april
1084 564 93 30 1946.

341 619 73 29 Har
438 617 199 38 hyresvärd,
661 620 85 27 utan
768 619 49 28 att
840 616 219 36 hyresrätten
1086 615 37 29 är
1146 613 197 36 förverkad,
1367 612 74 30 före
1466 612 68 30 den
1562 612 14 29 1
1606 610 87 37 april
1721 610 83 30 1946

295 673 148 32 uppsagt
468 669 196 36 hyresavtal
687 667 51 30 till
762 666 231 37 upphörande
1017 665 86 30 efter
1125 665 66 30 den
1215 665 42 29 30
1281 663 193 36 september
1499 663 94 34 1946,
1618 660 57 32 må
1699 661 104 30 fram-

296 719 162 37 ställning
476 729 74 21 som
568 719 11 29 i
599 720 16 28 7
638 719 17 37 8
675 719 76 35 sägs
772 718 99 36 göras
889 720 119 27 senast
1023 716 69 30 den
1111 716 39 29 15
1168 715 88 36 april
1281 714 83 30 1946
1385 714 90 35 eller,
1495 723 58 20 om
1571 712 234 37 hyresvärden

297 770 76 31 icke
393 770 75 30 före
485 770 70 30 den
575 770 14 29 1
611 769 11 30 i
641 767 215 32 sistnämnda
876 766 130 31 månad
1025 766 122 37 tydligt
1167 765 184 35 meddelat,
1373 766 49 28 att
1441 764 74 30 han
1536 763 30 36 ej
1589 764 128 29 önskar
1736 761 67 31 låta

295 821 225 37 hyresgästen
539 820 142 35 kvarbo,
703 819 95 30 inom
816 818 133 36 fjorton
967 817 108 36 dagar
1093 816 86 31 efter
1197 817 59 30 det
1275 815 236 37 hyresvärden
1530 815 133 29 lämnat
1683 812 123 32 sådant

296 871 237 31 meddelande.

341 922 71 31 Har
434 922 189 36 hyresvärd
642 920 74 31 före
734 921 66 30 den
820 921 14 29 1
856 919 89 37 april
963 919 84 30 1946
1067 918 130 30 lämnat
1217 916 227 31 meddelande
1462 925 77 21 som
1556 925 11 20 1
1585 916 19 30 8
1622 925 18 21 a
1662 915 18 37 8
1700 914 108 37 tredje

297 973 132 36 stycket
456 973 87 35 sägs,
568 971 57 31 må
649 969 255 38 framställning
930 969 106 36 enligt
1061 977 132 22 samma
1219 966 164 38 paragraf
1411 968 98 36 göras
1536 969 114 27 senast
1674 966 65 29 den
1769 965 39 30 15

298 1022 87 37 april
411 1023 94 30 1946.
530 1022 246 31 Förordnande
799 1029 120 22 varom
941 1020 12 30 i
977 1019 155 31 nämnda
1155 1019 165 36 paragraf
1342 1018 76 35 sägs
1441 1016 59 32 må
1522 1016 78 31 icke
1621 1016 186 35 meddelas,

296 1083 58 20 om
374 1072 336 38 hyresförhållandet
733 1072 152 36 upphört
906 1070 76 31 före
1001 1071 67 30 den
1090 1070 14 29 1
1130 1068 88 38 april
1243 1068 93 31 1946.

344 1123 72 31 Där
436 1123 193 37 Konungen
650 1122 178 30 meddelar
847 1121 247 35 förordnande,
1119 1122 48 28 att
1190 1119 306 30 bestämmelserna
1521 1117 11 30 i
1555 1119 99 35 lagen
1676 1117 66 30 den
1768 1117 39 29 19

299 1172 77 38 juni
406 1174 83 30 1942
514 1183 59 20 om
600 1172 270 37 hyresreglering
897 1181 44 20 m.
969 1181 46 20 m.
1045 1171 96 29 skola
1170 1171 64 35 äga
1260 1168 221 38 tillämpning
1504 1168 10 30 i
1544 1168 68 30 viss
1639 1170 62 34 ort,
1729 1168 79 35 äger

301 1225 193 36 Konungen
520 1224 200 34 föreskriva,
747 1225 49 27 att
822 1222 41 30 de
887 1222 10 29 i
922 1220 288 37 nästföregående
1237 1220 119 37 stycke
1382 1219 150 36 angivna
1561 1218 247 36 tidpunkterna

301 1275 98 30 skola
414 1275 81 30 med
514 1273 166 31 avseende
698 1272 20 31 å
736 1276 95 27 orten
850 1273 146 29 ersättas
1019 1271 78 30 med
1115 1270 41 30 de
1175 1279 120 22 senare
1318 1270 209 36 tidpunkter,
1551 1278 74 21 som
1646 1268 160 36 Konung-

299 1334 43 21 en
364 1326 219 29 bestämmer.

938 1486 38 46 2
1036 1484 126 49 Lag

352 1557 188 40 angående
564 1556 159 32 fortsatt
746 1554 181 41 giltighet
949 1564 42 22 av
1014 1554 106 39 lagen
1145 1553 69 32 den
1239 1553 40 31 19
1299 1551 85 42 juni
1408 1551 82 33 1942
1514 1549 61 41 (nr
1595 1548 77 42 430)
1696 1559 58 24 om

418 1607 171 33 kontroll
612 1616 42 22 av
677 1606 209 41 upplåtelse
910 1605 69 32 och
1003 1604 221 33 överlåtelse
1249 1612 42 23 av
1313 1603 235 32 bostadsrätt
1571 1612 48 22 m.
1641 1612 48 22 m.

344 1693 212 36 Härigenom
575 1691 193 36 förordnas,
786 1694 49 27 att
850 1691 101 36 lagen
972 1691 65 30 den
1058 1690 38 30 19
1112 1689 77 37 juni
1208 1689 83 30 1942
1310 1698 57 22 om
1387 1688 152 30 kontroll
1556 1697 42 21 av
1617 1686 191 37 upplåtelse

299 1747 66 30 och
394 1745 199 32 överlåtelse
620 1755 41 21 av
687 1744 210 31 bostadsrätt
923 1753 45 20 m.
997 1753 56 26 m.,
1081 1742 115 30 vilken
1223 1741 105 37 enligt
1353 1743 56 34 lag
1435 1742 67 30 den
1530 1740 42 30 23
1599 1749 92 22 mars
1722 1739 83 30 1945

305 1796 53 39 (nr
375 1796 53 39 68)
449 1798 109 35 gäller
574 1795 49 32 till
641 1796 65 29 och
724 1795 79 30 med
822 1796 66 29 den
905 1794 42 29 30
967 1792 193 37 september
1180 1789 109 38 1946,"
1308 1791 87 33 skall
1414 1793 63 35 äga
1496 1791 138 31 fortsatt
1651 1790 154 37 giltighet

299 1847 50 30 till
366 1848 66 29 och
448 1848 80 29 med
547 1846 65 30 den
629 1846 41 30 30
688 1845 191 37 september
899 1844 94 30 1947.

349 1980 172 30 Utskottet
546 1979 98 30 har
638 1968 20 51 i
669 1978 169 30 samband
867 1977 79 30 med
974 1976 257 38 propositionen
1260 1976 51 29 till
1336 1975 212 38 behandling
1574 1973 154 31 förehaft
1754 1972 57 31 två

304 2030 10 30 i
331 2030 188 36 anledning
537 2039 42 20 av
596 2029 202 30 densamma
814 2028 125 29 väckta
955 2028 178 34 motioner,
1154 2036 42 20 nr
1212 2027 63 29 262
1294 2028 10 29 i
1322 2026 108 30 första
1448 2026 206 31 kammaren
1671 2034 42 20 av
1732 2025 79 29 herr

304 2080 185 32 Lindblom
507 2090 45 20 mm.
574 2079 36 38 fl.
629 2080 65 29 och
714 2089 42 20 nr
773 2079 64 30 413
856 2079 10 29 i
887 2078 110 30 andra
1018 2078 204 29 kammaren
1245 2086 42 20 av
1307 2077 79 29 herr
1403 2076 177 30 Johnsson
1600 2075 10 30 i
1631 2073 178 38 Kastanje-

303 2131 128 37 gården
453 2141 45 20 mm.
522 2132 36 35 fl.

349 2182 13 29 I
382 2181 227 36 motionerna,
629 2180 93 30 vilka
741 2180 59 29 äro
819 2178 233 38 likalydande,
1076 2178 207 35 hemställes,
1306 2179 49 28 att
1375 2177 185 37 riksdagen
1580 2176 59 31 vid
1657 2176 153 31 behand-

300 2232 116 35 lingen
437 2241 44 21 av
505 2230 259 38 propositionen
791 2229 104 31 måtte
920 2228 138 37 vidtaga
1086 2228 131 30 sådana
1243 2227 187 37 ändringar
1453 2228 12 29 i
1492 2227 164 37 förslaget
1680 2227 51 30 till
1757 2227 55 36 lag

300 2292 58 20 om
375 2283 139 29 fortsatt
532 2280 152 38 giltighet
702 2290 41 21 av
764 2279 398 38 hyresregleringslagen,
1185 2282 69 27 »att
1271 2279 344 36 övertaganderätten
1631 2277 75 31 icke
1724 2277 87 30 skall

300 2333 90 36 gälla
417 2332 320 36 affärslägenheter,
764 2333 48 29 aft
837 2331 99 36 lagen
964 2330 76 30 icke
1065 2329 66 30 blir
1157 2329 183 38 tillämplig
1364 2329 11 30 i
1404 2329 72 35 fall,
1506 2330 63 29 där
1596 2328 216 37 hyresrätten

302 2383 205 37 förverkats,
536 2386 89 27 samt
648 2385 48 28 att
721 2383 41 29 42
788 2381 18 37 8
833 2382 14 29 1
875 2381 133 36 stycket
1033 2380 174 30 allmänna
1232 2380 204 36 hyreslagen
1461 2380 86 30 skall
1577 2380 63 35 äga
1662 2381 149 27 motsva-

346 2464 9 15 1
374 2466 110 23 Senaste
504 2465 127 30 lydelsen,
651 2471 26 17 se
696 2464 58 23 SFS
773 2460 76 27 1945:
863 2460 58 26 797.
