2225 2672
652 204 337 43 Bevillningsutskottets
1013 203 200 31 Betänkande
1236 202 63 31 N:o
1327 204 45 29 11.
1796 205 16 27 3

207 292 97 31 samt
346 287 173 48 erlägger
559 284 160 38 särskild
761 283 109 49 afgift
898 284 39 36 af
963 287 19 34 5
1013 291 63 28 öre
1106 283 57 36 för
1192 283 127 47 hvarje
1348 282 185 48 kilogram
1563 281 39 37 af
1627 281 65 37 det
1720 281 94 36 olof-

208 339 99 47 ligen
338 337 172 36 använda
538 340 191 41 råämnet;

310 389 84 36 eller
421 388 60 36 ock
509 394 51 30 att
587 400 137 36 genom
753 387 133 48 tillägg
914 389 47 45 på
989 386 179 48 lämpliga
1195 385 135 36 ställen
1356 385 10 35 i
1393 383 272 49 förordningen
1696 386 117 34 måtte

210 441 167 35 beslutas
405 439 182 47 följande:

309 490 74 36 För
412 490 170 44 bränvin,
611 502 79 23 som
719 488 196 36 tillverkas
944 487 39 36 af
1008 488 102 47 majs,
1139 487 51 36 ris
1219 486 92 36 eller
1336 486 115 36 andra
1467 486 80 47 slag
1566 484 40 37 af
1622 488 192 41 råämnen,

209 555 79 22 som
324 549 65 28 äro
427 540 39 36 af
497 539 261 37 beskaffenhet
795 545 55 30 att
885 538 82 37 icke
996 539 101 35 inom
1127 538 128 36 landet
1283 537 231 36 allmännare
1543 537 146 43 alstras,
1718 542 97 29 samt

209 593 88 47 mjöl
340 592 38 35 af
416 592 72 36 alla
520 592 90 47 slag,
641 604 79 23 som
750 591 31 47 ej
812 589 190 37 användes
1031 588 57 36 för
1112 588 300 48 jästberedning,
1441 587 94 36 skall
1565 587 174 48 erläggas
1768 600 45 22 en

209 643 149 48 förhöjd
401 642 369 48 tillverkningsskatt
811 640 37 37 af
876 644 44 33 20
950 647 63 29 öre
1042 639 57 36 för
1129 640 127 47 hvarje
1286 640 86 35 liter
1401 639 171 35 bränvin.
1628 637 72 37 Om
1729 638 85 35 med

210 695 68 35 här
320 693 249 37 omförmälda
609 697 176 32 råämnen
820 691 109 37 äfven
959 691 116 36 andra
1103 691 79 47 slag
1210 690 196 47 samtidigt
1434 689 190 36 användas
1652 688 60 36 för
1742 689 73 36 till-

209 746 184 47 verkning
429 744 39 37 af
500 745 172 43 bränvin,
710 744 94 36 skall
839 742 108 37 äfven
988 742 58 36 för
1087 742 133 36 sådant
1248 741 159 36 bränvin
1437 741 173 47 erläggas
1639 740 72 35 den
1740 739 75 36 för-

210 797 111 47 höjda
350 797 160 35 skatten.

311 847 54 36 Då
407 846 398 37 bränvinstillverkare
848 845 115 36 önska
996 844 171 36 använda
1195 843 139 36 sådana
1361 845 179 33 råämnen
1570 841 58 36 för
1656 842 55 35 sin
1741 841 74 36 till-

209 899 196 48 verkning,
447 911 79 24 som
569 898 81 35 icke
692 897 290 46 allmänneligen
1025 902 64 29 äro
1131 895 149 36 tillåtna
1317 893 58 36 för
1416 893 71 36 den
1521 893 103 46 lägre
1653 893 161 43 skatten,

210 951 145 46 åligger
396 950 65 35 det
501 949 244 36 tillverkaren
787 953 54 31 att
883 947 130 35 derom
1054 952 91 42 göra
1178 946 173 35 anmälan
1381 945 67 35 hos
1477 944 261 36 kontrollören
1768 947 47 44 på

209 1002 140 42 stället,
378 1006 125 30 senast
531 1000 123 46 dagen
682 999 80 36 före
791 998 298 47 inmäskningen.

310 1051 93 45 Den,
445 1064 80 23 som
566 1051 59 35 till
666 1049 367 44 bränvinsbränning
1074 1047 191 36 använder
1294 1049 177 33 råämnen
1501 1045 238 36 annorlunda
1769 1052 45 28 än

209 1116 80 22 som
332 1103 67 35 här
435 1101 111 37 ofvan
576 1100 124 37 blifvit
728 1100 189 48 stadgadt,
946 1098 149 36 straffas
1124 1098 84 35 med
1237 1097 109 36 böter
1374 1096 83 36 från
1487 1099 70 34 500
1587 1096 141 35 kronor
1756 1096 59 35 till

213 1156 107 40 1,500
361 1154 142 35 kronor
541 1158 96 30 samt
670 1152 171 47 erlägger
869 1151 193 35 dessutom
1092 1162 44 23 en
1165 1148 160 36 särskild
1354 1147 151 48 förhöjd
1535 1147 280 48 tillverknings-

210 1205 101 35 skatt
353 1204 84 36 med
480 1206 45 34 10
563 1210 64 29 öre
656 1202 56 36 för
741 1202 128 47 hvarje
898 1202 87 35 liter
1013 1201 172 43 bränvin,
1214 1212 79 23 som
1323 1203 47 44 på
1399 1199 104 35 detta
1532 1203 74 31 sätt
1635 1198 180 47 olofligen

211 1254 126 37 blifvit
365 1254 232 37 tillverkadt.

310 1306 236 36 Motionären
576 1305 218 36 hemställer
822 1303 121 37 tillika
963 1308 66 38 att,
1050 1302 127 36 derest
1196 1301 64 36 det
1280 1313 130 24 senare
1431 1300 244 36 alternativet
1694 1299 121 36 skulle

210 1357 40 36 af
275 1356 420 48 bevillningsutskottet
723 1355 120 48 gillas,
886 1354 187 36 utskottet
1101 1353 87 36 ville
1218 1352 137 36 föreslå
1384 1351 45 36 de
1458 1350 117 37 andra
1603 1350 213 36 förändrin-

209 1422 68 35 gar
305 1409 11 35 i
345 1407 282 49 förordningen,
657 1420 79 23 som
766 1405 125 37 kunde
920 1404 116 37 blifva
1064 1403 40 37 af
1126 1403 136 44 nöden,
1283 1403 192 36 äfvensom
1496 1402 207 36 bestämma
1724 1402 92 35 eller

212 1460 116 35 ändra
357 1458 226 37 affattandet
611 1457 40 36 af
675 1458 46 35 de
750 1457 211 47 föreslagna
989 1455 345 36 bestämmelserna.

312 1509 248 37 Härförutom
601 1509 167 48 påpekar
808 1508 247 42 motionären,
1086 1506 181 35 hurusom
1306 1512 98 28 ännu
1434 1517 45 23 en
1508 1509 120 42 utväg
1656 1503 58 36 till
1743 1502 74 37 för-

213 1561 210 36 hindrande
452 1560 40 36 af
517 1559 428 47 bränvinstillverkning
974 1558 82 35 med
1086 1556 246 48 begagnande
1362 1555 39 36 af
1426 1556 92 46 majs
1547 1568 47 22 m.
1616 1567 46 23 m.
1689 1554 127 36 kunde

213 1613 143 35 tänkas.
411 1611 131 36 Denna
584 1616 117 42 utväg
728 1623 90 23 vore
848 1615 55 30 att
931 1609 160 47 pålägga
1119 1613 26 30 t.
1176 1620 58 23 ex.
1263 1607 141 47 majsen
1442 1619 44 22 en
1515 1605 161 36 särskild
1705 1606 111 42 accis,

212 1663 47 36 då
296 1664 72 34 den
410 1662 191 36 användes
641 1661 58 35 för
739 1659 248 48 tillverkning
1028 1658 40 36 af
1104 1658 171 35 bränvin.
1330 1656 324 38 Genomförandet
1694 1655 39 36 af
1772 1669 45 22 en

212 1714 114 36 sådan
370 1713 134 48 åtgärd
533 1713 121 35 skulle
682 1711 97 36 dock
808 1711 118 47 enligt
954 1710 257 35 motionärens
1241 1709 96 47 åsigt
1364 1713 102 30 möta
1495 1707 46 36 de
1569 1712 139 31 största
1736 1710 81 32 svå-

212 1765 169 48 righeter
405 1765 80 46 just
514 1763 83 36 med
626 1763 144 48 hänsyn
798 1762 57 35 till
885 1762 73 35 den
986 1760 179 43 kontroll,
1190 1772 79 23 som
1299 1758 110 37 deraf
1433 1757 383 48 nödvändiggjordes.

212 1815 84 36 Men
326 1815 127 36 kunde
482 1814 188 36 utskottet
697 1812 172 37 använda
897 1812 104 35 detta
1030 1816 75 30 sätt
1133 1810 58 36 för
1220 1823 44 23 en
1294 1809 353 37 tillfredsställande
1667 1809 151 47 lösning

212 1865 40 37 af
276 1865 145 49 frågan,
449 1878 90 24 vore
568 1865 65 36 det
661 1865 30 47 ej
724 1864 235 36 motionären
988 1867 112 30 emot.

315 2068 129 37 Såsom
474 2068 239 36 motionären
755 2066 209 44 anmärker,
1002 2064 111 37 hafva
1141 2064 63 36 vid
1234 2063 189 48 åtskilliga
1450 2062 197 48 riksdagar
1674 2061 144 48 förslag

214 2120 131 36 väckts
374 2120 10 34 i
413 2119 195 36 enahanda
636 2118 169 48 rigtning
832 2130 80 23 som
942 2117 63 36 det
1033 2129 49 23 nu
1112 2115 260 36 förevarande.
1428 2113 133 37 Senast
1580 2113 61 37 vid
1662 2112 156 37 förlidet

215 2175 59 32 års
302 2171 153 47 riksdag
483 2170 133 36 väckte
645 2169 87 36 herr
761 2168 98 37 Sven
888 2168 150 36 Nilsson
1067 2167 144 35 motion
1240 2179 60 23 om
1329 2165 140 36 förbud
1498 2171 78 29 mot
1605 2164 213 36 användan-

215 2223 65 35 det
320 2222 63 36 vid
424 2220 426 47 bränvinstillverkning
890 2218 38 36 af
967 2219 103 46 majs,
1111 2218 51 35 ris
1203 2217 69 36 och
1315 2216 116 36 andra
1459 2216 139 36 sådana
1626 2218 191 40 råämnen,

215 2286 81 23 som
325 2280 64 29 äro
420 2271 38 37 af
483 2270 259 38 beskaffenhet
779 2276 55 31 att
871 2270 81 36 icke
989 2270 102 36 inom
1119 2268 129 37 landet
1283 2268 290 47 allmänneligen
1603 2267 144 36 alstras,
1801 2265 17 36 I
