2286 2816
482 241 21 31 4
965 247 226 36 Lag-Utskottets
1217 248 147 29 Utlåtande
1386 249 55 28 N:o
1466 252 48 25 13.

439 335 128 32 hustrun
608 335 121 33 komme
771 337 46 32 att
855 347 110 32 genom
1000 336 45 33 sin
1072 336 188 43 förvaltning
1286 337 131 34 förslösa
1444 338 160 42 egendom,
1634 349 66 23 som
1728 339 96 34 under
1851 341 176 33 nuvarande

439 388 212 32 förhållanden
679 389 31 32 åt
736 389 139 43 familjen
903 391 159 40 besparas.

591 440 205 33 Förekomma
831 442 110 42 giltiga
977 442 66 33 skäl
1078 442 46 32 för
1155 442 129 32 hustrun
1312 443 46 32 att
1384 443 31 32 få
1441 453 133 23 mannen
1602 443 79 33 skild
1710 444 66 33 från
1804 445 226 43 förvaltningen

439 493 34 32 af
505 493 113 33 hennes
660 494 89 32 andel
777 494 10 31 i
813 495 81 39 boet,
928 495 34 32 så
988 495 120 32 lemnar
1135 494 269 43 boskilnadslagen
1433 496 102 33 dertill
1562 496 172 43 anvisning.
1788 486 158 53 Åtgärden
1973 499 61 33 blir

438 546 99 32 sällan
565 546 140 41 gagnlös,
734 556 51 22 om
813 547 58 32 den
898 548 10 31 i
934 549 62 31 rätt
1022 547 45 32 tid
1095 546 150 42 vidtages,
1275 548 56 32 och
1358 548 211 34 erfarenheten
1597 549 82 33 visar
1705 550 168 41 ingalunda
1901 551 46 32 att
1967 546 67 38 råd

437 598 57 32 och
529 598 83 42 hjelp
646 599 109 32 härvid
791 599 111 33 saknas
934 601 46 31 för
1008 600 68 39 den,
1106 608 67 23 som
1201 600 89 32 deraf
1314 603 32 30 är
1374 601 10 32 i
1411 601 101 33 behof.
1566 602 161 33 Huruvida
1755 601 65 34 åter
1846 603 186 41 rättigheten

437 651 46 32 att
510 651 74 32 söka
611 651 161 33 boskilnad
799 652 60 32 kan
888 652 143 42 utvidgas
1059 652 75 32 eller
1160 662 162 31 processen
1350 653 106 33 dervid
1479 654 166 40 förenklas,
1672 657 33 30 är
1724 664 37 23 en
1780 655 52 32 vid
1850 655 182 42 föregående

435 703 162 42 riksdagar
633 704 169 32 omtvistad
837 704 98 43 fråga,
977 705 129 32 hvarom
1146 705 200 33 förevarande
1387 706 116 33 motion
1531 706 64 33 icke
1623 707 99 41 gifver
1749 707 158 34 Utskottet
1935 709 98 33 direkt

435 756 166 42 anledning
627 757 46 32 att
699 756 97 33 inlåta
823 757 47 42 sig
896 758 10 31 i
932 757 237 43 undersökning.

588 809 67 39 Att,
698 809 102 33 såsom
840 811 189 32 motionären
1069 810 180 33 alternativt
1280 811 171 41 föreslagit,
1480 812 85 41 gifva
1592 813 129 32 hustrun
1749 813 194 40 lagbestämd
1970 815 63 32 rätt

437 858 56 41 att,
522 861 101 31 derest
664 861 25 40 ej
727 862 181 31 annorledes
945 862 103 32 blifvit
1076 863 286 38 öfverenskommet,
1392 863 75 31 råda
1496 864 84 30 öfver
1609 863 47 32 sin
1684 864 257 42 arbetsförtjenst,
1971 865 58 32 kan

435 912 159 33 Utskottet
629 915 79 30 ännu
742 912 120 34 mindre
896 913 166 43 tillstyrka.
1117 913 40 33 Så
1183 914 89 42 länge
1298 915 73 33 boet
1398 915 95 33 under
1520 925 179 32 gemensam
1727 916 188 43 förvaltning
1947 927 83 23 sam-

434 966 183 39 manhålles,
646 965 99 33 måste
772 966 158 33 frukterna
958 967 35 32 af
1017 968 25 41 ej
1071 967 80 33 blott
1176 977 149 23 mannens
1352 968 74 32 utan
1455 969 87 32 äfven
1560 968 147 33 hustruns
1727 969 197 33 verksamhet
1941 970 90 42 tagas

433 1018 9 31 i
471 1018 132 41 anspråk
630 1018 46 32 för
704 1018 69 33 dess
801 1019 161 32 underhåll
990 1020 54 32 och
1074 1019 164 32 förkofran.
1292 1020 67 32 Den
1388 1030 70 23 enes
1487 1020 34 32 så
1547 1021 51 32 väl
1616 1030 67 23 som
1702 1021 58 33 den
1780 1021 111 34 andres
1911 1023 118 32 arbets-

432 1070 143 42 förtjenst
614 1070 99 33 måste
752 1071 193 42 följaktligen
986 1072 97 32 blifva
1124 1081 180 32 gemensam
1340 1073 160 41 egendom.
1555 1073 57 32 Att
1639 1073 92 33 ställa
1758 1073 95 33 sådan
1881 1075 149 41 egendom

432 1123 97 32 under
556 1123 146 32 hustruns
730 1124 152 32 särskilda
909 1124 189 41 förvaltning
1125 1125 121 31 komme
1273 1124 65 33 icke
1367 1126 46 32 att
1439 1125 65 32 låta
1532 1126 50 31 väl
1600 1126 106 32 förena
1726 1127 47 40 sig
1791 1127 71 32 med
1882 1137 148 22 mannens

431 1175 189 41 förvaltning
648 1176 34 31 af
705 1176 113 32 hennes
845 1176 149 33 enskilda.
1049 1176 35 42 =Ej
1113 1176 96 32 heller
1237 1186 70 23 vore
1335 1178 51 32 det
1413 1177 103 42 billigt
1535 1178 46 32 att
1599 1187 111 32 genom
1729 1179 52 41 lag
1799 1179 84 41 gifva
1900 1179 131 33 hustrun

431 1229 62 31 rätt
526 1228 46 31 att
600 1228 119 41 förfoga
747 1228 84 32 öfver
859 1228 45 32 sin
933 1229 256 41 arbetsförtjenst,
1219 1230 74 31 utan
1322 1231 45 31 att
1394 1230 99 32 tillika
1521 1230 111 41 stadga
1661 1231 173 41 skyldighet
1859 1231 47 32 för
1932 1231 98 33 henne

431 1280 46 32 att
509 1279 90 33 deraf
621 1280 103 32 lemna
752 1280 111 42 bidrag
889 1280 49 33 till
966 1281 155 42 familjens
1149 1280 173 42 uppehälle.
1376 1282 59 32 För
1463 1282 92 41 öfrigt
1582 1282 101 34 blefve
1712 1283 51 32 det
1789 1283 133 41 mången
1949 1283 81 42 gång

431 1331 94 39 svårt,
554 1341 50 21 om
631 1332 64 31 icke
724 1332 128 32 alldeles
881 1333 150 41 omöjligt,
1062 1334 46 30 att
1134 1333 173 32 bestämma
1335 1334 82 32 hvad
1445 1334 76 31 eller
1547 1334 79 32 huru
1652 1335 122 41 mycket
1801 1335 127 32 hustrun
1958 1336 71 31 med

431 1383 54 32 sitt
519 1384 103 31 arbete
658 1384 147 41 förtjenat
841 1385 74 31 eller
943 1385 78 31 huru
1049 1385 121 40 mycket
1198 1385 34 31 af
1256 1385 47 31 sin
1331 1385 247 42 arbetsförtjenst
1605 1387 59 32 hon
1691 1387 95 32 borde
1813 1387 104 32 lemna
1945 1387 9 32 i
1982 1387 46 33 bi-

431 1435 77 42 drag
547 1435 49 33 till
635 1435 157 42 familjens
833 1436 177 41 uppehälle;
1053 1437 56 32 och
1141 1438 75 31 utan
1244 1437 107 33 tvifvel
1382 1438 98 32 skulle
1508 1438 109 33 tvister
1644 1439 108 32 makar
1780 1439 132 32 emellan
1940 1439 91 34 häraf

430 1488 95 32 blifva
553 1498 36 22 en
617 1488 88 41 följd.

581 1539 45 32 På
658 1541 99 40 grund
787 1540 33 32 af
844 1541 82 31 hvad
954 1541 122 32 anfördt
1103 1541 103 32 blifvit
1233 1542 55 31 och
1316 1542 38 31 då
1381 1542 95 41 några
1505 1542 115 33 sådana
1647 1543 183 33 förändrade
1858 1543 169 33 förhållan-

430 1592 56 31 den
513 1592 65 32 icke
605 1592 86 32 torde
718 1593 94 31 hafva
840 1593 147 39 inträffat,
1018 1594 46 31 att
1091 1593 175 41 Riksdagen
1295 1594 89 32 deraf
1408 1595 100 31 kunde
1527 1595 83 31 finna
1629 1595 47 41 sig
1694 1595 171 32 föranlåten
1884 1606 42 21 nu
1944 1596 82 32 från-

428 1644 88 32 träda
552 1644 37 32 de
622 1644 125 42 åsigter,
776 1645 104 32 hvilka
907 1645 85 41 legat
1018 1645 49 32 till
1095 1645 98 42 grund
1220 1646 46 31 för
1294 1646 69 33 dess
1390 1656 111 31 genom
1529 1647 225 33 ofvanberörda
1781 1647 160 33 skrifvelse
1969 1648 57 33 den

434 1698 41 29 17
505 1696 63 42 Maj
602 1698 92 31 1871
726 1697 108 41 gjorda
862 1697 209 41 underdåniga
1098 1698 240 41 framställning,
1368 1698 46 32 får
1441 1699 156 32 Utskottet
1624 1700 159 32 vördsamt
1810 1700 175 40 hemställa,

745 1801 64 41 1:0)
853 1802 46 31 att
938 1801 80 33 Herr
1059 1802 162 32 Walldéns
1263 1802 236 41 ifrågavarande
1527 1804 115 32 motion
1672 1804 26 42 ej
1727 1805 95 32 måtte
1849 1804 49 33 till
1926 1805 98 41 någon

850 1854 103 32 vidare
982 1853 107 42 åtgärd
1117 1854 16 32 å
1160 1854 191 42 Riksdagens
1380 1856 67 32 sida
1474 1856 172 32 föranleda.

580 2061 80 32 Herr
686 2061 80 32 Pehr
794 2061 143 33 Nilssons
964 2063 126 41 förslag,
1120 2063 48 32 till
1196 2064 92 32 hvars
1316 2065 186 40 behandling
1530 2065 157 33 Utskottet
1711 2075 40 23 nu
1770 2065 150 42 öfvergår,
1942 2066 81 33 afser

426 2114 46 31 att
499 2113 156 32 utsträcka
683 2114 439 41 egendomsgemensamheten
1150 2117 46 30 för
1223 2116 70 32 äkta
1321 2117 109 32 makar
1455 2116 50 33 till
1533 2117 57 32 den
1617 2117 82 32 fasta
1727 2118 149 41 egendom
1895 2118 39 41 på
1952 2118 69 32 lan-

426 2166 61 38 det,
526 2175 66 22 som
627 2166 111 31 endera
770 2167 63 31 före
861 2167 75 31 eller
963 2167 95 32 under
1086 2168 197 40 äktenskapet
1310 2169 60 32 ärft
1397 2169 74 32 eller
1499 2169 81 31 förut
1607 2169 168 33 förvärfvat
1802 2170 56 32 och
1884 2170 135 39 hvilken,

425 2217 96 41 enligt
554 2227 41 22 nu
621 2217 143 41 gällande
792 2218 63 41 lag,
884 2222 33 28 är
945 2219 57 32 den
1030 2220 129 32 makans
1187 2219 139 33 enskilda
1352 2221 201 41 tillhörighet,
1582 2221 64 32 deri
1673 2222 58 31 den
1759 2222 97 32 andra
1875 2222 26 41 ej
1922 2222 98 41 någon

423 2269 140 42 giftorätt
591 2279 81 31 eger.
727 2270 59 32 Vid
813 2271 152 32 nästlidne
992 2271 126 42 riksdag
1146 2272 122 33 väcktes
1289 2272 256 42 hufvudsakligen
1565 2273 160 32 enahanda
1742 2274 129 41 förslag,
1891 2274 126 39 hvilket,

424 2322 10 30 i
462 2322 320 32 öfverensstämmelse
809 2323 70 32 med
908 2323 174 33 dåvarande
1109 2324 226 41 Lag-Utskotts
1362 2325 143 41 yttrande
1532 2325 10 31 i
1570 2326 112 38 ämnet,
1711 2325 67 33 blef
1793 2327 34 31 af
1843 2325 173 42 Riksdagen

423 2373 183 33 förkastadt.
659 2373 47 33 De
734 2375 34 32 af
791 2375 242 49 Lag-Utskottet
1060 2375 38 33 då
1125 2376 128 33 anförda
1281 2377 76 39 skäl,
1385 2377 104 32 hvilka
1516 2378 177 32 föranledde
1721 2387 36 23 en
1777 2378 95 32 sådan
1890 2378 127 42 utgång,
