<?xml version="1.0" encoding="UTF-8"?>
<alto xmlns="http://www.loc.gov/standards/alto/ns-v3#" xmlns:xlink="http://www.w3.org/1999/xlink" xmlns:xsi="http://www.w3.org/2001/XMLSchema-instance" xsi:schemaLocation="http://www.loc.gov/standards/alto/ns-v3# http://www.loc.gov/alto/v3/alto-3-0.xsd">
	<Description>
		<MeasurementUnit>pixel</MeasurementUnit>
		<sourceImageInformation>
			<fileName>/tmp/tess_50vxeata_input.PNG</fileName>
		</sourceImageInformation>
		<OCRProcessing ID="OCR_0">
			<ocrProcessingStep>
				<processingSoftware>
					<softwareName>tesseract 5.3.0</softwareName>
				</processingSoftware>
			</ocrProcessingStep>
		</OCRProcessing>
	</Description>
	<Layout>
		<Page WIDTH="2254" HEIGHT="2679" PHYSICAL_IMG_NR="0" ID="page_0">
			<PrintSpace HPOS="0" VPOS="0" WIDTH="2254" HEIGHT="2679">
				<ComposedBlock ID="cblock_0" HPOS="764" VPOS="205" WIDTH="1040" HEIGHT="34">
					<TextBlock ID="block_0" HPOS="764" VPOS="205" WIDTH="1040" HEIGHT="34">
						<TextLine ID="line_0" HPOS="764" VPOS="205" WIDTH="1040" HEIGHT="34">
							<String ID="string_0" HPOS="764" VPOS="209" WIDTH="226" HEIGHT="30" WC="0.86" CONTENT="Statsutskottets"/><SP WIDTH="28" VPOS="209" HPOS="990"/>
							<String ID="string_1" HPOS="1018" VPOS="207" WIDTH="150" HEIGHT="32" WC="0.96" CONTENT="Utlåtande"/><SP WIDTH="20" VPOS="207" HPOS="1168"/>
							<String ID="string_2" HPOS="1188" VPOS="207" WIDTH="57" HEIGHT="31" WC="0.96" CONTENT="N:o"/><SP WIDTH="22" VPOS="207" HPOS="1245"/>
							<String ID="string_3" HPOS="1267" VPOS="207" WIDTH="73" HEIGHT="31" WC="0.93" CONTENT="143."/><SP WIDTH="446" VPOS="207" HPOS="1340"/>
							<String ID="string_4" HPOS="1786" VPOS="205" WIDTH="18" HEIGHT="30" WC="0.37" CONTENT="d"/>
						</TextLine>
					</TextBlock>
				</ComposedBlock>
				<ComposedBlock ID="cblock_1" HPOS="984" VPOS="832" WIDTH="177" HEIGHT="36">
					<TextBlock ID="block_1" HPOS="984" VPOS="832" WIDTH="177" HEIGHT="36">
						<TextLine ID="line_1" HPOS="984" VPOS="832" WIDTH="177" HEIGHT="36">
							<String ID="string_5" HPOS="984" VPOS="840" WIDTH="45" HEIGHT="28" WC="0.85" CONTENT=":0"/><SP WIDTH="33" VPOS="840" HPOS="1029"/>
							<String ID="string_6" HPOS="1062" VPOS="832" WIDTH="99" HEIGHT="35" WC="0.69" CONTENT="145."/>
						</TextLine>
					</TextBlock>
				</ComposedBlock>
				<ComposedBlock ID="cblock_2" HPOS="1024" VPOS="980" WIDTH="826" HEIGHT="33">
					<TextBlock ID="block_2" HPOS="1024" VPOS="980" WIDTH="826" HEIGHT="33">
						<TextLine ID="line_2" HPOS="1024" VPOS="980" WIDTH="826" HEIGHT="33">
							<String ID="string_7" HPOS="1024" VPOS="982" WIDTH="71" HEIGHT="27" WC="0.91" CONTENT="Ank,"/><SP WIDTH="21" VPOS="982" HPOS="1095"/>
							<String ID="string_8" HPOS="1116" VPOS="981" WIDTH="42" HEIGHT="26" WC="0.92" CONTENT="till"/><SP WIDTH="18" VPOS="981" HPOS="1158"/>
							<String ID="string_9" HPOS="1176" VPOS="981" WIDTH="95" HEIGHT="27" WC="0.67" CONTENT="Riksd."/><SP WIDTH="18" VPOS="981" HPOS="1271"/>
							<String ID="string_10" HPOS="1289" VPOS="980" WIDTH="90" HEIGHT="27" WC="0.68" CONTENT="kansli"/><SP WIDTH="18" VPOS="980" HPOS="1379"/>
							<String ID="string_11" HPOS="1397" VPOS="980" WIDTH="53" HEIGHT="27" WC="0.96" CONTENT="den"/><SP WIDTH="19" VPOS="980" HPOS="1450"/>
							<String ID="string_12" HPOS="1469" VPOS="981" WIDTH="32" HEIGHT="25" WC="0.96" CONTENT="10"/><SP WIDTH="18" VPOS="981" HPOS="1501"/>
							<String ID="string_13" HPOS="1519" VPOS="980" WIDTH="53" HEIGHT="33" WC="0.96" CONTENT="maj"/><SP WIDTH="22" VPOS="980" HPOS="1572"/>
							<String ID="string_14" HPOS="1594" VPOS="982" WIDTH="73" HEIGHT="31" WC="0.96" CONTENT="1906,"/><SP WIDTH="18" VPOS="982" HPOS="1667"/>
							<String ID="string_15" HPOS="1685" VPOS="980" WIDTH="37" HEIGHT="26" WC="0.96" CONTENT="kl."/><SP WIDTH="19" VPOS="980" HPOS="1722"/>
							<String ID="string_16" HPOS="1741" VPOS="982" WIDTH="16" HEIGHT="23" WC="0.93" CONTENT="4"/><SP WIDTH="18" VPOS="982" HPOS="1757"/>
							<String ID="string_17" HPOS="1775" VPOS="988" WIDTH="22" HEIGHT="17" WC="0.84" CONTENT="e."/><SP WIDTH="18" VPOS="988" HPOS="1797"/>
							<String ID="string_18" HPOS="1815" VPOS="988" WIDTH="35" HEIGHT="18" WC="0.91" CONTENT="m."/>
						</TextLine>
					</TextBlock>
				</ComposedBlock>
				<ComposedBlock ID="cblock_3" HPOS="456" VPOS="1121" WIDTH="1396" HEIGHT="50">
					<TextBlock ID="block_3" HPOS="456" VPOS="1121" WIDTH="1396" HEIGHT="50">
						<TextLine ID="line_3" HPOS="456" VPOS="1121" WIDTH="1396" HEIGHT="50">
							<String ID="string_19" HPOS="456" VPOS="1123" WIDTH="202" HEIGHT="45" WC="0.87" CONTENT="Utlåtande,"/><SP WIDTH="27" VPOS="1123" HPOS="658"/>
							<String ID="string_20" HPOS="685" VPOS="1123" WIDTH="14" HEIGHT="36" WC="0.96" CONTENT="i"/><SP WIDTH="26" VPOS="1123" HPOS="699"/>
							<String ID="string_21" HPOS="725" VPOS="1123" WIDTH="195" HEIGHT="47" WC="0.95" CONTENT="anledning"/><SP WIDTH="28" VPOS="1123" HPOS="920"/>
							<String ID="string_22" HPOS="948" VPOS="1123" WIDTH="47" HEIGHT="48" WC="0.93" CONTENT="af"/><SP WIDTH="24" VPOS="1123" HPOS="995"/>
							<String ID="string_23" HPOS="1019" VPOS="1122" WIDTH="134" HEIGHT="48" WC="0.94" CONTENT="Kungl."/><SP WIDTH="27" VPOS="1122" HPOS="1153"/>
							<String ID="string_24" HPOS="1180" VPOS="1121" WIDTH="129" HEIGHT="49" WC="0.94" CONTENT="Maj:ts"/><SP WIDTH="18" VPOS="1121" HPOS="1309"/>
							<String ID="string_25" HPOS="1327" VPOS="1121" WIDTH="218" HEIGHT="48" WC="0.96" CONTENT="proposition"/><SP WIDTH="19" VPOS="1121" HPOS="1545"/>
							<String ID="string_26" HPOS="1564" VPOS="1121" WIDTH="184" HEIGHT="47" WC="0.0" CONTENT="angående"/><SP WIDTH="14" VPOS="1121" HPOS="1748"/>
							<String ID="string_27" HPOS="1762" VPOS="1121" WIDTH="90" HEIGHT="35" WC="0.96" CONTENT="ökad"/>
						</TextLine>
					</TextBlock>
				</ComposedBlock>
				<ComposedBlock ID="cblock_4" HPOS="653" VPOS="1187" WIDTH="1199" HEIGHT="51">
					<TextBlock ID="block_4" HPOS="653" VPOS="1187" WIDTH="1199" HEIGHT="51">
						<TextLine ID="line_4" HPOS="653" VPOS="1187" WIDTH="1199" HEIGHT="51">
							<String ID="string_28" HPOS="653" VPOS="1192" WIDTH="110" HEIGHT="35" WC="0.96" CONTENT="bredd"/><SP WIDTH="41" VPOS="1192" HPOS="763"/>
							<String ID="string_29" HPOS="804" VPOS="1191" WIDTH="45" HEIGHT="46" WC="0.92" CONTENT="af"/><SP WIDTH="30" VPOS="1191" HPOS="849"/>
							<String ID="string_30" HPOS="879" VPOS="1191" WIDTH="333" HEIGHT="47" WC="0.90" CONTENT="svängbrospannen"/><SP WIDTH="39" VPOS="1191" HPOS="1212"/>
							<String ID="string_31" HPOS="1251" VPOS="1203" WIDTH="23" HEIGHT="23" WC="0.56" CONTENT="ad"/><SP WIDTH="36" VPOS="1203" HPOS="1274"/>
							<String ID="string_32" HPOS="1310" VPOS="1189" WIDTH="264" HEIGHT="49" WC="0.72" CONTENT="järnvägsbron"/><SP WIDTH="43" VPOS="1189" HPOS="1574"/>
							<String ID="string_33" HPOS="1617" VPOS="1189" WIDTH="99" HEIGHT="49" WC="0.95" CONTENT="öfver"/><SP WIDTH="46" VPOS="1189" HPOS="1716"/>
							<String ID="string_34" HPOS="1762" VPOS="1187" WIDTH="90" HEIGHT="37" WC="0.94" CONTENT="Göta"/>
						</TextLine>
					</TextBlock>
				</ComposedBlock>
				<ComposedBlock ID="cblock_5" HPOS="655" VPOS="1258" WIDTH="1061" HEIGHT="95">
					<TextBlock ID="block_5" HPOS="655" VPOS="1258" WIDTH="1061" HEIGHT="95">
						<TextLine ID="line_5" HPOS="655" VPOS="1258" WIDTH="744" HEIGHT="50">
							<String ID="string_35" HPOS="655" VPOS="1260" WIDTH="62" HEIGHT="48" WC="0.91" CONTENT="älf"/><SP WIDTH="13" VPOS="1260" HPOS="717"/>
							<String ID="string_36" HPOS="730" VPOS="1259" WIDTH="54" HEIGHT="49" WC="0.93" CONTENT="på"/><SP WIDTH="26" VPOS="1259" HPOS="784"/>
							<String ID="string_37" HPOS="810" VPOS="1260" WIDTH="211" HEIGHT="35" WC="0.81" CONTENT="statsbanam"/><SP WIDTH="25" VPOS="1260" HPOS="1021"/>
							<String ID="string_38" HPOS="1046" VPOS="1270" WIDTH="126" HEIGHT="36" WC="0.96" CONTENT="genom"/><SP WIDTH="28" VPOS="1270" HPOS="1172"/>
							<String ID="string_39" HPOS="1200" VPOS="1258" WIDTH="199" HEIGHT="36" WC="0.95" CONTENT="Bohuslän."/>
						</TextLine>
						<TextLine ID="line_6" HPOS="1570" VPOS="1302" WIDTH="146" HEIGHT="51">
							<String ID="string_40" HPOS="1570" VPOS="1303" WIDTH="56" HEIGHT="50" WC="0.86" CONTENT="(R."/><SP WIDTH="29" VPOS="1303" HPOS="1626"/>
							<String ID="string_41" HPOS="1655" VPOS="1302" WIDTH="61" HEIGHT="50" WC="0.84" CONTENT="A.)"/>
						</TextLine>
					</TextBlock>
				</ComposedBlock>
				<ComposedBlock ID="cblock_6" HPOS="251" VPOS="1457" WIDTH="1604" HEIGHT="869">
					<TextBlock ID="block_6" HPOS="251" VPOS="1457" WIDTH="1603" HEIGHT="362">
						<TextLine ID="line_7" HPOS="385" VPOS="1457" WIDTH="1467" HEIGHT="53">
							<String ID="string_42" HPOS="385" VPOS="1463" WIDTH="19" HEIGHT="36" WC="0.95" CONTENT="I"/><SP WIDTH="40" VPOS="1463" HPOS="404"/>
							<String ID="string_43" HPOS="444" VPOS="1475" WIDTH="47" HEIGHT="24" WC="0.95" CONTENT="en"/><SP WIDTH="41" VPOS="1475" HPOS="491"/>
							<String ID="string_44" HPOS="532" VPOS="1463" WIDTH="73" HEIGHT="36" WC="0.96" CONTENT="den"/><SP WIDTH="36" VPOS="1463" HPOS="605"/>
							<String ID="string_45" HPOS="641" VPOS="1464" WIDTH="46" HEIGHT="35" WC="0.92" CONTENT="27"/><SP WIDTH="41" VPOS="1464" HPOS="687"/>
							<String ID="string_46" HPOS="728" VPOS="1461" WIDTH="191" HEIGHT="37" WC="0.86" CONTENT="nästlidne"/><SP WIDTH="40" VPOS="1461" HPOS="919"/>
							<String ID="string_47" HPOS="959" VPOS="1460" WIDTH="96" HEIGHT="50" WC="0.96" CONTENT="april"/><SP WIDTH="39" VPOS="1460" HPOS="1055"/>
							<String ID="string_48" HPOS="1094" VPOS="1460" WIDTH="57" HEIGHT="37" WC="0.96" CONTENT="till"/><SP WIDTH="45" VPOS="1460" HPOS="1151"/>
							<String ID="string_49" HPOS="1196" VPOS="1459" WIDTH="222" HEIGHT="48" WC="0.93" CONTENT="Riksdagen"/><SP WIDTH="33" VPOS="1459" HPOS="1418"/>
							<String ID="string_50" HPOS="1451" VPOS="1458" WIDTH="136" HEIGHT="37" WC="0.92" CONTENT="aflåten"/><SP WIDTH="27" VPOS="1458" HPOS="1587"/>
							<String ID="string_51" HPOS="1614" VPOS="1457" WIDTH="238" HEIGHT="50" WC="0.96" CONTENT="proposition"/>
						</TextLine>
						<TextLine ID="line_8" HPOS="254" VPOS="1508" WIDTH="1600" HEIGHT="54">
							<String ID="string_52" HPOS="254" VPOS="1512" WIDTH="75" HEIGHT="49" WC="0.95" CONTENT="(n:o"/><SP WIDTH="42" VPOS="1512" HPOS="329"/>
							<String ID="string_53" HPOS="371" VPOS="1511" WIDTH="86" HEIGHT="49" WC="0.96" CONTENT="145)"/><SP WIDTH="28" VPOS="1511" HPOS="457"/>
							<String ID="string_54" HPOS="485" VPOS="1513" WIDTH="69" HEIGHT="37" WC="0.96" CONTENT="har"/><SP WIDTH="32" VPOS="1513" HPOS="554"/>
							<String ID="string_55" HPOS="586" VPOS="1513" WIDTH="144" HEIGHT="48" WC="0.93" CONTENT="Kungl."/><SP WIDTH="28" VPOS="1513" HPOS="730"/>
							<String ID="string_56" HPOS="758" VPOS="1513" WIDTH="121" HEIGHT="49" WC="0.96" CONTENT="Maj:t,"/><SP WIDTH="27" VPOS="1513" HPOS="879"/>
							<String ID="string_57" HPOS="906" VPOS="1513" WIDTH="123" HEIGHT="36" WC="0.96" CONTENT="under"/><SP WIDTH="24" VPOS="1513" HPOS="1029"/>
							<String ID="string_58" HPOS="1053" VPOS="1511" WIDTH="241" HEIGHT="50" WC="0.96" CONTENT="åberopande"/><SP WIDTH="29" VPOS="1511" HPOS="1294"/>
							<String ID="string_59" HPOS="1323" VPOS="1510" WIDTH="41" HEIGHT="37" WC="0.96" CONTENT="af"/><SP WIDTH="22" VPOS="1510" HPOS="1364"/>
							<String ID="string_60" HPOS="1386" VPOS="1509" WIDTH="293" HEIGHT="50" WC="0.93" CONTENT="propositionen"/><SP WIDTH="27" VPOS="1509" HPOS="1679"/>
							<String ID="string_61" HPOS="1706" VPOS="1508" WIDTH="148" HEIGHT="48" WC="0.92" CONTENT="bilagdt"/>
						</TextLine>
						<TextLine ID="line_9" HPOS="251" VPOS="1559" WIDTH="1602" HEIGHT="54">
							<String ID="string_62" HPOS="251" VPOS="1565" WIDTH="143" HEIGHT="48" WC="0.96" CONTENT="utdrag"/><SP WIDTH="38" VPOS="1565" HPOS="394"/>
							<String ID="string_63" HPOS="432" VPOS="1564" WIDTH="43" HEIGHT="38" WC="0.93" CONTENT="af"/><SP WIDTH="35" VPOS="1564" HPOS="475"/>
							<String ID="string_64" HPOS="510" VPOS="1563" WIDTH="420" HEIGHT="50" WC="0.90" CONTENT="statsrådsprotokollet"/><SP WIDTH="27" VPOS="1563" HPOS="930"/>
							<String ID="string_65" HPOS="957" VPOS="1564" WIDTH="107" HEIGHT="36" WC="0.93" CONTENT="öfver"/><SP WIDTH="28" VPOS="1564" HPOS="1064"/>
							<String ID="string_66" HPOS="1092" VPOS="1561" WIDTH="261" HEIGHT="39" WC="0.91" CONTENT="civilärenden"/><SP WIDTH="28" VPOS="1561" HPOS="1353"/>
							<String ID="string_67" HPOS="1381" VPOS="1561" WIDTH="58" HEIGHT="36" WC="0.96" CONTENT="för"/><SP WIDTH="28" VPOS="1561" HPOS="1439"/>
							<String ID="string_68" HPOS="1467" VPOS="1573" WIDTH="144" HEIGHT="24" WC="0.92" CONTENT="samma"/><SP WIDTH="28" VPOS="1573" HPOS="1611"/>
							<String ID="string_69" HPOS="1639" VPOS="1560" WIDTH="89" HEIGHT="49" WC="0.93" CONTENT="dag,"/><SP WIDTH="27" VPOS="1560" HPOS="1728"/>
							<String ID="string_70" HPOS="1755" VPOS="1559" WIDTH="98" HEIGHT="37" WC="0.88" CONTENT="före-"/>
						</TextLine>
						<TextLine ID="line_10" HPOS="253" VPOS="1611" WIDTH="1600" HEIGHT="54">
							<String ID="string_71" HPOS="253" VPOS="1616" WIDTH="114" HEIGHT="49" WC="0.62" CONTENT="slagit"/><SP WIDTH="27" VPOS="1616" HPOS="367"/>
							<String ID="string_72" HPOS="394" VPOS="1615" WIDTH="227" HEIGHT="49" WC="0.93" CONTENT="Riksdagen"/><SP WIDTH="27" VPOS="1615" HPOS="621"/>
							<String ID="string_73" HPOS="648" VPOS="1615" WIDTH="209" HEIGHT="48" WC="0.91" CONTENT="medgifva,"/><SP WIDTH="30" VPOS="1615" HPOS="857"/>
							<String ID="string_74" HPOS="887" VPOS="1619" WIDTH="55" HEIGHT="32" WC="0.93" CONTENT="att"/><SP WIDTH="22" VPOS="1619" HPOS="942"/>
							<String ID="string_75" HPOS="964" VPOS="1614" WIDTH="285" HEIGHT="49" WC="0.92" CONTENT="järnvägsbron"/><SP WIDTH="25" VPOS="1614" HPOS="1249"/>
							<String ID="string_76" HPOS="1274" VPOS="1612" WIDTH="107" HEIGHT="37" WC="0.96" CONTENT="öfver"/><SP WIDTH="27" VPOS="1612" HPOS="1381"/>
							<String ID="string_77" HPOS="1408" VPOS="1611" WIDTH="101" HEIGHT="37" WC="0.93" CONTENT="Göta"/><SP WIDTH="16" VPOS="1611" HPOS="1509"/>
							<String ID="string_78" HPOS="1525" VPOS="1611" WIDTH="56" HEIGHT="37" WC="0.90" CONTENT="älf"/><SP WIDTH="13" VPOS="1611" HPOS="1581"/>
							<String ID="string_79" HPOS="1594" VPOS="1614" WIDTH="19" HEIGHT="34" WC="0.92" CONTENT="å"/><SP WIDTH="17" VPOS="1614" HPOS="1613"/>
							<String ID="string_80" HPOS="1630" VPOS="1611" WIDTH="223" HEIGHT="37" WC="0.91" CONTENT="statsbanan"/>
						</TextLine>
						<TextLine ID="line_11" HPOS="253" VPOS="1662" WIDTH="1601" HEIGHT="54">
							<String ID="string_81" HPOS="253" VPOS="1681" WIDTH="141" HEIGHT="35" WC="0.95" CONTENT="genom"/><SP WIDTH="28" VPOS="1681" HPOS="394"/>
							<String ID="string_82" HPOS="422" VPOS="1667" WIDTH="196" HEIGHT="36" WC="0.95" CONTENT="Bohuslän"/><SP WIDTH="27" VPOS="1667" HPOS="618"/>
							<String ID="string_83" HPOS="645" VPOS="1666" WIDTH="104" HEIGHT="48" WC="0.96" CONTENT="finge"/><SP WIDTH="29" VPOS="1666" HPOS="749"/>
							<String ID="string_84" HPOS="778" VPOS="1666" WIDTH="150" HEIGHT="48" WC="0.96" CONTENT="byggas"/><SP WIDTH="29" VPOS="1666" HPOS="928"/>
							<String ID="string_85" HPOS="957" VPOS="1665" WIDTH="87" HEIGHT="37" WC="0.95" CONTENT="med"/><SP WIDTH="28" VPOS="1665" HPOS="1044"/>
							<String ID="string_86" HPOS="1072" VPOS="1678" WIDTH="48" HEIGHT="24" WC="0.95" CONTENT="en"/><SP WIDTH="28" VPOS="1678" HPOS="1120"/>
							<String ID="string_87" HPOS="1148" VPOS="1665" WIDTH="49" HEIGHT="37" WC="0.93" CONTENT="fri"/><SP WIDTH="27" VPOS="1665" HPOS="1197"/>
							<String ID="string_88" HPOS="1224" VPOS="1662" WIDTH="312" HEIGHT="50" WC="0.89" CONTENT="vattenöppning"/><SP WIDTH="21" VPOS="1662" HPOS="1536"/>
							<String ID="string_89" HPOS="1557" VPOS="1662" WIDTH="65" HEIGHT="37" WC="0.93" CONTENT="vid"/><SP WIDTH="16" VPOS="1662" HPOS="1622"/>
							<String ID="string_90" HPOS="1638" VPOS="1662" WIDTH="216" HEIGHT="48" WC="0.91" CONTENT="lågvatten-"/>
						</TextLine>
						<TextLine ID="line_12" HPOS="253" VPOS="1712" WIDTH="1601" HEIGHT="55">
							<String ID="string_91" HPOS="253" VPOS="1718" WIDTH="111" HEIGHT="37" WC="0.86" CONTENT="stånd"/><SP WIDTH="39" VPOS="1718" HPOS="364"/>
							<String ID="string_92" HPOS="403" VPOS="1718" WIDTH="123" HEIGHT="37" WC="0.92" CONTENT="under"/><SP WIDTH="32" VPOS="1718" HPOS="526"/>
							<String ID="string_93" HPOS="558" VPOS="1717" WIDTH="369" HEIGHT="50" WC="0.91" CONTENT="svängbrospannen"/><SP WIDTH="29" VPOS="1717" HPOS="927"/>
							<String ID="string_94" HPOS="956" VPOS="1716" WIDTH="42" HEIGHT="37" WC="0.97" CONTENT="af"/><SP WIDTH="24" VPOS="1716" HPOS="998"/>
							<String ID="string_95" HPOS="1022" VPOS="1718" WIDTH="45" HEIGHT="35" WC="0.96" CONTENT="18"/><SP WIDTH="30" VPOS="1718" HPOS="1067"/>
							<String ID="string_96" HPOS="1097" VPOS="1721" WIDTH="122" HEIGHT="32" WC="0.96" CONTENT="meter"/><SP WIDTH="28" VPOS="1721" HPOS="1219"/>
							<String ID="string_97" HPOS="1247" VPOS="1719" WIDTH="98" HEIGHT="33" WC="0.91" CONTENT="samt"/><SP WIDTH="27" VPOS="1719" HPOS="1345"/>
							<String ID="string_98" HPOS="1372" VPOS="1727" WIDTH="49" HEIGHT="24" WC="0.93" CONTENT="en"/><SP WIDTH="27" VPOS="1727" HPOS="1421"/>
							<String ID="string_99" HPOS="1448" VPOS="1712" WIDTH="259" HEIGHT="38" WC="0.90" CONTENT="bottenbredd"/><SP WIDTH="26" VPOS="1712" HPOS="1707"/>
							<String ID="string_100" HPOS="1733" VPOS="1712" WIDTH="121" HEIGHT="38" WC="0.96" CONTENT="under"/>
						</TextLine>
						<TextLine ID="line_13" HPOS="252" VPOS="1768" WIDTH="627" HEIGHT="51">
							<String ID="string_101" HPOS="252" VPOS="1782" WIDTH="148" HEIGHT="25" WC="0.96" CONTENT="samma"/><SP WIDTH="28" VPOS="1782" HPOS="400"/>
							<String ID="string_102" HPOS="428" VPOS="1782" WIDTH="124" HEIGHT="37" WC="0.95" CONTENT="spann"/><SP WIDTH="25" VPOS="1782" HPOS="552"/>
							<String ID="string_103" HPOS="577" VPOS="1768" WIDTH="41" HEIGHT="37" WC="0.96" CONTENT="af"/><SP WIDTH="21" VPOS="1768" HPOS="618"/>
							<String ID="string_104" HPOS="639" VPOS="1771" WIDTH="78" HEIGHT="44" WC="0.96" CONTENT="17,5"/><SP WIDTH="30" VPOS="1771" HPOS="717"/>
							<String ID="string_105" HPOS="747" VPOS="1773" WIDTH="132" HEIGHT="32" WC="0.96" CONTENT="meter."/>
						</TextLine>
					</TextBlock>
					<TextBlock ID="block_7" HPOS="252" VPOS="1815" WIDTH="1601" HEIGHT="103">
						<TextLine ID="line_14" HPOS="385" VPOS="1815" WIDTH="1468" HEIGHT="53">
							<String ID="string_106" HPOS="385" VPOS="1820" WIDTH="76" HEIGHT="37" WC="0.96" CONTENT="Till"/><SP WIDTH="27" VPOS="1820" HPOS="461"/>
							<String ID="string_107" HPOS="488" VPOS="1820" WIDTH="214" HEIGHT="48" WC="0.93" CONTENT="åberopade"/><SP WIDTH="20" VPOS="1820" HPOS="702"/>
							<String ID="string_108" HPOS="722" VPOS="1818" WIDTH="419" HEIGHT="50" WC="0.91" CONTENT="statsrådsprotokollet"/><SP WIDTH="18" VPOS="1818" HPOS="1141"/>
							<String ID="string_109" HPOS="1159" VPOS="1817" WIDTH="69" HEIGHT="38" WC="0.96" CONTENT="har"/><SP WIDTH="17" VPOS="1817" HPOS="1228"/>
							<String ID="string_110" HPOS="1245" VPOS="1815" WIDTH="283" HEIGHT="50" WC="0.92" CONTENT="föredragande"/><SP WIDTH="21" VPOS="1815" HPOS="1528"/>
							<String ID="string_111" HPOS="1549" VPOS="1815" WIDTH="304" HEIGHT="49" WC="0.91" CONTENT="departements-"/>
						</TextLine>
						<TextLine ID="line_15" HPOS="252" VPOS="1869" WIDTH="501" HEIGHT="49">
							<String ID="string_112" HPOS="252" VPOS="1870" WIDTH="138" HEIGHT="38" WC="0.96" CONTENT="chefen"/><SP WIDTH="23" VPOS="1870" HPOS="390"/>
							<String ID="string_113" HPOS="413" VPOS="1870" WIDTH="126" HEIGHT="37" WC="0.96" CONTENT="anfört"/><SP WIDTH="28" VPOS="1870" HPOS="539"/>
							<String ID="string_114" HPOS="567" VPOS="1869" WIDTH="186" HEIGHT="49" WC="0.96" CONTENT="följande:"/>
						</TextLine>
					</TextBlock>
					<TextBlock ID="block_8" HPOS="251" VPOS="1916" WIDTH="1604" HEIGHT="360">
						<TextLine ID="line_16" HPOS="385" VPOS="1916" WIDTH="1469" HEIGHT="54">
							<String ID="string_115" HPOS="385" VPOS="1921" WIDTH="154" HEIGHT="49" WC="0.85" CONTENT="»Enligt"/><SP WIDTH="27" VPOS="1921" HPOS="539"/>
							<String ID="string_116" HPOS="566" VPOS="1922" WIDTH="74" HEIGHT="36" WC="0.96" CONTENT="den"/><SP WIDTH="29" VPOS="1922" HPOS="640"/>
							<String ID="string_117" HPOS="669" VPOS="1920" WIDTH="41" HEIGHT="37" WC="0.96" CONTENT="af"/><SP WIDTH="23" VPOS="1920" HPOS="710"/>
							<String ID="string_118" HPOS="733" VPOS="1920" WIDTH="142" HEIGHT="49" WC="0.93" CONTENT="Kungl."/><SP WIDTH="29" VPOS="1920" HPOS="875"/>
							<String ID="string_119" HPOS="904" VPOS="1920" WIDTH="107" HEIGHT="48" WC="0.91" CONTENT="Ma:jt"/><SP WIDTH="27" VPOS="1920" HPOS="1011"/>
							<String ID="string_120" HPOS="1038" VPOS="1919" WIDTH="74" HEIGHT="37" WC="0.96" CONTENT="den"/><SP WIDTH="30" VPOS="1919" HPOS="1112"/>
							<String ID="string_121" HPOS="1142" VPOS="1921" WIDTH="18" HEIGHT="34" WC="0.96" CONTENT="7"/><SP WIDTH="31" VPOS="1921" HPOS="1160"/>
							<String ID="string_122" HPOS="1191" VPOS="1918" WIDTH="152" HEIGHT="49" WC="0.96" CONTENT="augusti"/><SP WIDTH="30" VPOS="1918" HPOS="1343"/>
							<String ID="string_123" HPOS="1373" VPOS="1918" WIDTH="94" HEIGHT="36" WC="0.96" CONTENT="1903"/><SP WIDTH="20" VPOS="1918" HPOS="1467"/>
							<String ID="string_124" HPOS="1487" VPOS="1916" WIDTH="215" HEIGHT="37" WC="0.92" CONTENT="fastställda"/><SP WIDTH="18" VPOS="1916" HPOS="1702"/>
							<String ID="string_125" HPOS="1720" VPOS="1916" WIDTH="134" HEIGHT="37" WC="0.92" CONTENT="defini-"/>
						</TextLine>
						<TextLine ID="line_17" HPOS="251" VPOS="1966" WIDTH="1604" HEIGHT="55">
							<String ID="string_126" HPOS="251" VPOS="1972" WIDTH="79" HEIGHT="37" WC="0.96" CONTENT="tiva"/><SP WIDTH="27" VPOS="1972" HPOS="330"/>
							<String ID="string_127" HPOS="357" VPOS="1972" WIDTH="90" HEIGHT="49" WC="0.96" CONTENT="plan"/><SP WIDTH="28" VPOS="1972" HPOS="447"/>
							<String ID="string_128" HPOS="475" VPOS="1972" WIDTH="61" HEIGHT="36" WC="0.93" CONTENT="för"/><SP WIDTH="26" VPOS="1972" HPOS="536"/>
							<String ID="string_129" HPOS="562" VPOS="1971" WIDTH="295" HEIGHT="48" WC="0.91" CONTENT="framdragande"/><SP WIDTH="29" VPOS="1971" HPOS="857"/>
							<String ID="string_130" HPOS="886" VPOS="1971" WIDTH="43" HEIGHT="37" WC="0.93" CONTENT="af"/><SP WIDTH="22" VPOS="1971" HPOS="929"/>
							<String ID="string_131" HPOS="951" VPOS="1970" WIDTH="222" HEIGHT="37" WC="0.90" CONTENT="statsbanan"/><SP WIDTH="27" VPOS="1970" HPOS="1173"/>
							<String ID="string_132" HPOS="1200" VPOS="1982" WIDTH="142" HEIGHT="36" WC="0.95" CONTENT="genom"/><SP WIDTH="15" VPOS="1982" HPOS="1342"/>
							<String ID="string_133" HPOS="1357" VPOS="1967" WIDTH="203" HEIGHT="46" WC="0.96" CONTENT="Bohuslän"/><SP WIDTH="15" VPOS="1967" HPOS="1560"/>
							<String ID="string_134" HPOS="1575" VPOS="1967" WIDTH="139" HEIGHT="37" WC="0.93" CONTENT="mellan"/><SP WIDTH="23" VPOS="1967" HPOS="1714"/>
							<String ID="string_135" HPOS="1737" VPOS="1966" WIDTH="118" HEIGHT="37" WC="0.92" CONTENT="Göte-"/>
						</TextLine>
						<TextLine ID="line_18" HPOS="251" VPOS="2018" WIDTH="1602" HEIGHT="53">
							<String ID="string_136" HPOS="251" VPOS="2024" WIDTH="98" HEIGHT="47" WC="0.96" CONTENT="borg"/><SP WIDTH="23" VPOS="2024" HPOS="349"/>
							<String ID="string_137" HPOS="372" VPOS="2023" WIDTH="73" HEIGHT="37" WC="0.93" CONTENT="och"/><SP WIDTH="29" VPOS="2023" HPOS="445"/>
							<String ID="string_138" HPOS="474" VPOS="2022" WIDTH="100" HEIGHT="38" WC="0.90" CONTENT="Skee"/><SP WIDTH="29" VPOS="2022" HPOS="574"/>
							<String ID="string_139" HPOS="603" VPOS="2025" WIDTH="21" HEIGHT="34" WC="0.90" CONTENT="å"/><SP WIDTH="27" VPOS="2025" HPOS="624"/>
							<String ID="string_140" HPOS="651" VPOS="2022" WIDTH="179" HEIGHT="37" WC="0.96" CONTENT="sträckan"/><SP WIDTH="27" VPOS="2022" HPOS="830"/>
							<String ID="string_141" HPOS="857" VPOS="2022" WIDTH="81" HEIGHT="37" WC="0.93" CONTENT="från"/><SP WIDTH="30" VPOS="2022" HPOS="938"/>
							<String ID="string_142" HPOS="968" VPOS="2020" WIDTH="203" HEIGHT="38" WC="0.89" CONTENT="Skafteröd"/><SP WIDTH="23" VPOS="2020" HPOS="1171"/>
							<String ID="string_143" HPOS="1194" VPOS="2020" WIDTH="58" HEIGHT="36" WC="0.96" CONTENT="till"/><SP WIDTH="28" VPOS="2020" HPOS="1252"/>
							<String ID="string_144" HPOS="1280" VPOS="2019" WIDTH="216" HEIGHT="37" WC="0.95" CONTENT="Olskroken"/><SP WIDTH="18" VPOS="2019" HPOS="1496"/>
							<String ID="string_145" HPOS="1514" VPOS="2018" WIDTH="97" HEIGHT="37" WC="0.95" CONTENT="skall"/><SP WIDTH="15" VPOS="2018" HPOS="1611"/>
							<String ID="string_146" HPOS="1626" VPOS="2018" WIDTH="227" HEIGHT="48" WC="0.96" CONTENT="järnvägen,"/>
						</TextLine>
						<TextLine ID="line_19" HPOS="252" VPOS="2068" WIDTH="1603" HEIGHT="53">
							<String ID="string_147" HPOS="252" VPOS="2074" WIDTH="97" HEIGHT="37" WC="0.96" CONTENT="efter"/><SP WIDTH="42" VPOS="2074" HPOS="349"/>
							<String ID="string_148" HPOS="391" VPOS="2079" WIDTH="54" HEIGHT="32" WC="0.95" CONTENT="att"/><SP WIDTH="39" VPOS="2079" HPOS="445"/>
							<String ID="string_149" HPOS="484" VPOS="2073" WIDTH="83" HEIGHT="37" WC="0.93" CONTENT="från"/><SP WIDTH="39" VPOS="2073" HPOS="567"/>
							<String ID="string_150" HPOS="606" VPOS="2072" WIDTH="188" HEIGHT="49" WC="0.70" CONTENT="&#39;Tingstad"/><SP WIDTH="37" VPOS="2072" HPOS="794"/>
							<String ID="string_151" HPOS="831" VPOS="2073" WIDTH="113" HEIGHT="37" WC="0.93" CONTENT="hafva"/><SP WIDTH="27" VPOS="2073" HPOS="944"/>
							<String ID="string_152" HPOS="971" VPOS="2071" WIDTH="245" HEIGHT="48" WC="0.91" CONTENT="framdragits"/><SP WIDTH="28" VPOS="2071" HPOS="1216"/>
							<String ID="string_153" HPOS="1244" VPOS="2070" WIDTH="57" HEIGHT="37" WC="0.96" CONTENT="till"/><SP WIDTH="25" VPOS="2070" HPOS="1301"/>
							<String ID="string_154" HPOS="1326" VPOS="2070" WIDTH="99" HEIGHT="37" WC="0.93" CONTENT="Göta"/><SP WIDTH="27" VPOS="2070" HPOS="1425"/>
							<String ID="string_155" HPOS="1452" VPOS="2069" WIDTH="62" HEIGHT="46" WC="0.86" CONTENT="älf,"/><SP WIDTH="28" VPOS="2069" HPOS="1514"/>
							<String ID="string_156" HPOS="1542" VPOS="2068" WIDTH="160" HEIGHT="48" WC="0.92" CONTENT="öfvergå"/><SP WIDTH="28" VPOS="2068" HPOS="1702"/>
							<String ID="string_157" HPOS="1730" VPOS="2068" WIDTH="125" HEIGHT="37" WC="0.96" CONTENT="denna"/>
						</TextLine>
						<TextLine ID="line_20" HPOS="252" VPOS="2119" WIDTH="1603" HEIGHT="54">
							<String ID="string_158" HPOS="252" VPOS="2125" WIDTH="56" HEIGHT="37" WC="0.91" CONTENT="älf"/><SP WIDTH="36" VPOS="2125" HPOS="308"/>
							<String ID="string_159" HPOS="344" VPOS="2124" WIDTH="84" HEIGHT="37" WC="0.96" CONTENT="dels"/><SP WIDTH="40" VPOS="2124" HPOS="428"/>
							<String ID="string_160" HPOS="468" VPOS="2127" WIDTH="49" HEIGHT="46" WC="0.93" CONTENT="på"/><SP WIDTH="37" VPOS="2127" HPOS="517"/>
							<String ID="string_161" HPOS="554" VPOS="2124" WIDTH="193" HEIGHT="48" WC="0.92" CONTENT="svängbro"/><SP WIDTH="43" VPOS="2124" HPOS="747"/>
							<String ID="string_162" HPOS="790" VPOS="2123" WIDTH="71" HEIGHT="37" WC="0.94" CONTENT="och"/><SP WIDTH="43" VPOS="2123" HPOS="861"/>
							<String ID="string_163" HPOS="904" VPOS="2123" WIDTH="82" HEIGHT="37" WC="0.94" CONTENT="dels"/><SP WIDTH="38" VPOS="2123" HPOS="986"/>
							<String ID="string_164" HPOS="1024" VPOS="2125" WIDTH="50" HEIGHT="47" WC="0.96" CONTENT="på"/><SP WIDTH="27" VPOS="2125" HPOS="1074"/>
							<String ID="string_165" HPOS="1101" VPOS="2122" WIDTH="76" HEIGHT="37" WC="0.96" CONTENT="fast"/><SP WIDTH="23" VPOS="2122" HPOS="1177"/>
							<String ID="string_166" HPOS="1200" VPOS="2122" WIDTH="68" HEIGHT="37" WC="0.96" CONTENT="bro"/><SP WIDTH="29" VPOS="2122" HPOS="1268"/>
							<String ID="string_167" HPOS="1297" VPOS="2126" WIDTH="98" HEIGHT="32" WC="0.96" CONTENT="samt"/><SP WIDTH="28" VPOS="2126" HPOS="1395"/>
							<String ID="string_168" HPOS="1423" VPOS="2119" WIDTH="168" HEIGHT="38" WC="0.96" CONTENT="därefter"/><SP WIDTH="27" VPOS="2119" HPOS="1591"/>
							<String ID="string_169" HPOS="1618" VPOS="2119" WIDTH="100" HEIGHT="37" WC="0.96" CONTENT="föras"/><SP WIDTH="29" VPOS="2119" HPOS="1718"/>
							<String ID="string_170" HPOS="1747" VPOS="2119" WIDTH="108" HEIGHT="37" WC="0.96" CONTENT="öfver"/>
						</TextLine>
						<TextLine ID="line_21" HPOS="251" VPOS="2170" WIDTH="1603" HEIGHT="54">
							<String ID="string_171" HPOS="251" VPOS="2166" WIDTH="318" HEIGHT="62" WC="0.39" CONTENT="Västergötland"/><SP WIDTH="11" VPOS="2166" HPOS="569"/>
							<String ID="string_172" HPOS="580" VPOS="2174" WIDTH="238" HEIGHT="49" WC="0.39" CONTENT="-Göteborgs"/><SP WIDTH="36" VPOS="2174" HPOS="818"/>
							<String ID="string_173" HPOS="854" VPOS="2175" WIDTH="166" HEIGHT="49" WC="0.96" CONTENT="järnväg"/><SP WIDTH="39" VPOS="2175" HPOS="1020"/>
							<String ID="string_174" HPOS="1059" VPOS="2173" WIDTH="58" HEIGHT="37" WC="0.95" CONTENT="för"/><SP WIDTH="31" VPOS="2173" HPOS="1117"/>
							<String ID="string_175" HPOS="1148" VPOS="2178" WIDTH="56" HEIGHT="32" WC="0.95" CONTENT="att"/><SP WIDTH="27" VPOS="2178" HPOS="1204"/>
							<String ID="string_176" HPOS="1231" VPOS="2172" WIDTH="164" HEIGHT="37" WC="0.96" CONTENT="därifrån"/><SP WIDTH="28" VPOS="2172" HPOS="1395"/>
							<String ID="string_177" HPOS="1423" VPOS="2170" WIDTH="256" HEIGHT="50" WC="0.96" CONTENT="provisoriskt"/><SP WIDTH="27" VPOS="2170" HPOS="1679"/>
							<String ID="string_178" HPOS="1706" VPOS="2170" WIDTH="148" HEIGHT="37" WC="0.96" CONTENT="inledas"/>
						</TextLine>
						<TextLine ID="line_22" HPOS="252" VPOS="2226" WIDTH="498" HEIGHT="50">
							<String ID="string_179" HPOS="252" VPOS="2230" WIDTH="49" HEIGHT="46" WC="0.92" CONTENT="på"/><SP WIDTH="28" VPOS="2230" HPOS="301"/>
							<String ID="string_180" HPOS="329" VPOS="2226" WIDTH="239" HEIGHT="38" WC="0.87" CONTENT="Olskrokens"/><SP WIDTH="28" VPOS="2226" HPOS="568"/>
							<String ID="string_181" HPOS="596" VPOS="2226" WIDTH="154" HEIGHT="37" WC="0.95" CONTENT="station."/>
						</TextLine>
					</TextBlock>
					<TextBlock ID="block_9" HPOS="386" VPOS="2271" WIDTH="1467" HEIGHT="55">
						<TextLine ID="line_23" HPOS="386" VPOS="2271" WIDTH="1467" HEIGHT="55">
							<String ID="string_182" HPOS="386" VPOS="2277" WIDTH="76" HEIGHT="38" WC="0.96" CONTENT="Till"/><SP WIDTH="24" VPOS="2277" HPOS="462"/>
							<String ID="string_183" HPOS="486" VPOS="2276" WIDTH="126" HEIGHT="38" WC="0.92" CONTENT="denna"/><SP WIDTH="26" VPOS="2276" HPOS="612"/>
							<String ID="string_184" HPOS="638" VPOS="2276" WIDTH="259" HEIGHT="50" WC="0.92" CONTENT="brobyggnad"/><SP WIDTH="27" VPOS="2276" HPOS="897"/>
							<String ID="string_185" HPOS="924" VPOS="2275" WIDTH="116" HEIGHT="38" WC="0.96" CONTENT="hafva"/><SP WIDTH="26" VPOS="2275" HPOS="1040"/>
							<String ID="string_186" HPOS="1066" VPOS="2276" WIDTH="91" HEIGHT="37" WC="0.31" CONTENT="flere"/><SP WIDTH="19" VPOS="2276" HPOS="1157"/>
							<String ID="string_187" HPOS="1176" VPOS="2274" WIDTH="144" HEIGHT="48" WC="0.71" CONTENT="förelag"/><SP WIDTH="23" VPOS="2274" HPOS="1320"/>
							<String ID="string_188" HPOS="1343" VPOS="2273" WIDTH="197" HEIGHT="48" WC="0.96" CONTENT="förelegat."/><SP WIDTH="43" VPOS="2273" HPOS="1540"/>
							<String ID="string_189" HPOS="1583" VPOS="2272" WIDTH="56" HEIGHT="37" WC="0.95" CONTENT="De"/><SP WIDTH="15" VPOS="2272" HPOS="1639"/>
							<String ID="string_190" HPOS="1654" VPOS="2271" WIDTH="199" HEIGHT="49" WC="0.95" CONTENT="ritningar,"/>
						</TextLine>
					</TextBlock>
				</ComposedBlock>
			</PrintSpace>
		</Page>
	</Layout>
</alto>
