1890 2780
422 169 385 40 Bevillningsutskottets
826 169 204 31 betänkande
1052 178 41 21 nr
1115 170 40 29 14
1179 167 40 31 år
1238 169 80 29 1961
1596 166 16 28 1

809 491 60 40 Nr
893 491 49 40 14

345 602 382 38 Bevillningsutskottets
760 600 204 32 betänkande
994 600 12 30 i
1035 599 179 38 anledning
1245 609 39 20 av
1315 597 117 31 väckta
1464 594 159 33 motioner

557 667 51 21 om
626 655 181 38 utredning
826 654 167 39 angående
1014 652 207 38 beskattning
1240 662 40 22 av
1299 651 106 39 priser
1423 649 58 33 vid
1499 648 122 33 lotteri-

559 710 156 32 betonade
733 708 176 39 tävlingar.

1430 755 77 38 (2:a
1529 753 88 38 avd.)

175 872 17 29 I
215 870 41 32 de
281 871 88 30 inom
394 869 176 38 riksdagen
594 869 125 36 väckta,
746 867 53 32 till
823 866 360 39 bevillningsutskottet
1206 863 180 33 hänvisade
1410 860 213 40 likalydande

129 923 207 32 motionerna
362 923 106 31 I1:474
496 933 40 21 av
559 922 79 31 herr
661 922 202 31 Lundström
888 921 60 31 och
975 919 125 31 11:539
1127 929 41 21 av
1192 919 79 30 herr
1296 917 154 32 Carlsson
1476 916 10 31 i
1513 915 111 32 Stock-

132 979 96 40 holm,
254 979 63 33 har
340 978 192 40 hemställts,
558 980 51 28 att
633 976 177 38 riksdagen
835 976 11 30 i
871 975 155 32 skrivelse
1051 974 53 31 till
1129 973 124 38 Kungl.
1279 971 103 38 Maj:t
1408 971 103 30 måtte
1536 970 85 30 hem-

134 1034 98 31 ställa
252 1037 52 28 att
324 1032 253 38 beskattningen
598 1041 42 21 av
661 1030 108 39 priser
790 1029 57 31 vid
869 1028 168 38 tävlingar
1057 1038 40 20 av
1120 1028 11 30 i
1153 1026 206 31 motionerna
1380 1024 245 38 exemplifierat

130 1088 70 38 slag
225 1087 103 31 måtte
351 1085 47 32 bli
426 1085 138 32 föremål
589 1085 55 31 för
667 1083 183 39 utredning
875 1083 59 31 och
961 1086 50 28 att
1037 1081 174 39 riksdagen
1239 1080 165 38 föreläggs
1430 1078 40 32 de
1501 1078 124 37 förslag

133 1139 324 40 utredningsarbetet
477 1138 198 32 föranleder.

174 1248 223 32 Beträffande
421 1247 40 32 de
485 1247 80 38 skäl,
590 1256 68 22 som
680 1246 133 31 anförts
836 1245 53 32 till
913 1244 74 32 stöd
1011 1244 55 31 för
1089 1243 57 32 det
1170 1244 10 30 i
1205 1242 206 31 motionerna
1435 1237 188 34 framförda

135 1303 174 39 yrkandet,
330 1303 55 31 får
402 1302 170 40 utskottet,
598 1302 6 30 i
622 1301 64 31 den
704 1301 78 30 mån
802 1299 203 39 redogörelse
1023 1298 118 31 härför
1160 1297 30 38 ej
1212 1297 127 30 lämnas
1357 1295 11 31 i
1388 1295 54 31 det
1464 1288 160 48 följande,

135 1358 137 32 hänvisa
295 1358 53 31 till
371 1356 166 31 motionen
561 1356 48 30 II:
626 1355 69 31 539.

176 1466 118 38 Enligt
316 1467 17 28 1
359 1465 14 38 $
397 1464 241 39 förordningen
658 1464 65 31 den
744 1464 40 31 28
805 1463 184 39 september
1011 1463 80 30 1928
1120 1463 56 37 (nr
1197 1462 75 37 376)
1300 1471 52 21 om
1373 1459 141 32 särskild
1535 1459 88 31 skatt

136 1521 20 31 å
176 1521 88 31 vissa
285 1520 239 31 lotterivinster
543 1519 85 31 skall
650 1519 19 30 å
691 1518 90 31 vinst
803 1518 11 30 i
837 1517 132 32 svenskt
991 1516 111 32 lotteri
1125 1516 60 32 och
1207 1516 20 31 å
1250 1515 89 31 vinst
1360 1514 58 31 vid
1439 1512 187 38 vinstdrag-

136 1576 82 38 ning
240 1576 45 37 på
309 1575 62 32 här
393 1576 11 30 i
429 1574 86 31 riket
539 1573 180 32 utfärdade
743 1571 344 40 premieobligationer
1110 1571 52 31 till
1187 1573 109 28 staten
1321 1569 148 38 erläggas
1495 1578 41 21 en
1560 1567 66 31 sär-

134 1628 86 32 skild
243 1628 90 31 skatt
361 1626 334 39 (lotterivinstskatt).
725 1626 226 32 Skattesatsen
975 1626 99 38 utgör
1098 1624 11 31 i
1133 1625 98 37 fråga
1255 1634 52 21 om
1334 1623 88 31 vinst
1447 1623 20 30 å
1491 1621 136 39 premie-

137 1683 180 38 obligation
336 1682 95 38 tjugo
449 1685 137 35 procent
603 1681 60 31 och
682 1681 11 30 i
711 1681 99 38 fråga
827 1690 52 21 om
896 1689 113 22 annan
1026 1679 89 31 vinst
1133 1678 114 32 trettio
1266 1681 138 35 procent
1421 1687 41 20 av
1480 1675 147 31 vinstens

137 1737 110 31 värde.
270 1735 30 32 Å
322 1746 111 21 annan
454 1736 90 31 vinst
566 1737 44 29 än
631 1735 89 32 vinst
743 1735 11 30 i
776 1744 96 21 varu-
895 1734 80 31 eller
996 1732 256 33 tombolalotteri
1274 1731 83 32 skall
1378 1731 90 31 skatt
1490 1729 83 32 dock
1594 1728 31 39 ej

137 1792 150 38 erläggas
310 1790 74 32 med
406 1791 100 38 högre
528 1790 119 38 belopp
670 1791 43 29 än
736 1793 51 28 att
809 1789 150 31 därefter
981 1798 41 21 av
1045 1787 131 31 vinsten
1198 1786 143 31 återstår
1363 1785 39 30 25
1424 1785 132 30 kronor.
1579 1781 49 32 Är

137 1846 146 31 vinstens
306 1845 99 31 värde
428 1845 67 31 inte
517 1845 100 38 högre
639 1845 43 30 än
704 1844 11 31 i
737 1844 99 37 fråga
856 1853 51 21 om
929 1842 89 31 vinst
1040 1842 11 30 i
1072 1851 96 21 varu-
1189 1840 80 31 eller
1289 1838 256 33 tombolalotteri
1566 1836 61 31 100

138 1901 122 31 kronor
287 1900 59 31 och
373 1899 11 30 i
411 1900 97 37 fråga
535 1909 52 21 om
615 1909 111 21 annan
753 1899 90 31 vinst
870 1899 40 30 25
937 1898 122 31 kronor
1084 1901 91 28 uttas
1202 1897 84 31 dock
1313 1897 70 31 inte
1407 1897 90 30 skatt
1525 1896 103 37 enligt

137 1954 145 31 nämnda
302 1953 205 39 förordning.
531 1954 75 30 Inte
627 1953 102 31 heller
750 1953 100 38 utgår
870 1952 291 31 lotterivinstskatt
1181 1952 20 30 å
1222 1951 90 31 vinst
1331 1950 58 31 vid
1410 1949 217 37 vadhållning

138 2009 136 31 medelst
297 2008 186 31 totalisator
505 2007 58 32 vid
585 2007 243 38 hästtävlingar
851 2007 79 31 eller
952 2007 20 30 å
995 2006 89 32 vinst
1106 2006 11 31 i
1140 2015 96 21 varu-
1260 2004 80 32 eller
1362 2003 264 37 tombolalotteri,

138 2063 74 32 däri
235 2063 116 31 endast
373 2063 139 30 skänkta
533 2062 228 31 vinstföremål
785 2061 225 37 förekommer,
1034 2060 31 38 ej
1089 2060 103 31 heller
1212 2059 20 31 å
1254 2059 90 31 vinst
1365 2058 57 31 vid
1444 2057 185 38 utlottning

137 2128 41 20 av
200 2117 178 31 konstverk
401 2117 88 30 inom
512 2117 163 36 förening,
698 2125 76 22 vars
797 2115 86 31 enda
904 2115 89 37 syfte
1015 2115 38 30 är
1075 2118 49 27 att
1148 2113 126 38 främja
1296 2112 153 31 intresset
1472 2112 54 30 för
1549 2112 80 30 eller

138 2172 96 38 eljest
258 2171 112 38 stödja
393 2171 63 30 den
481 2170 157 31 bildande
662 2170 147 30 konsten.

183 2226 65 30 Vid
266 2225 183 38 beräkning
469 2234 41 21 av
530 2224 226 38 skattebelopp
776 2224 83 30 skall
880 2224 11 30 i
911 2223 146 31 vinstens
1076 2223 102 34 värde
1198 2223 157 31 inräknas
1375 2223 63 31 den
1459 2224 19 30 å
1498 2223 131 31 vinsten

141 2279 180 39 belöpande
342 2279 139 30 skatten.

180 2334 138 31 Vinster
339 2333 11 30 i
370 2332 138 32 svenska
529 2331 148 32 lotterier
699 2332 37 30 är
758 2331 103 38 enligt
884 2331 38 30 19
947 2330 14 38 $
984 2330 395 38 kommunalskattelagen
1400 2331 60 31 och
1482 2331 19 29 2
1524 2330 15 38 $
1564 2331 66 29 för-

136 2387 185 37 ordningen
344 2396 51 20 om
417 2385 115 38 statlig
554 2384 231 31 inkomstskatt
809 2384 216 38 undantagna
1048 2384 78 30 från
1149 2383 115 39 statlig
1288 2384 59 30 och
1371 2384 188 31 kommunal
1584 2384 47 30 in-

136 2440 204 31 komstskatt.

136 2521 111 32 Bihang
268 2520 45 26 till
331 2519 160 33 viksdagens
506 2518 137 34 protokoll
663 2519 76 25 1961.
761 2519 16 24 7
796 2518 79 26 saml.
898 2518 41 26 Nr
959 2519 33 24 14
