2192 2638
727 167 227 31 Statsutskottets
983 166 149 29 Utlåtande
1155 167 55 28 N:o
1236 168 47 27 75.
1729 165 39 29 33

198 244 394 56 partementschefen,
622 248 54 32 att
705 246 126 33 såsom
856 242 139 36 villkor
1022 243 59 36 för
1109 242 74 36 den
1211 242 224 47 ifrågasatta
1461 241 352 58 Järnvägsanlägg-

198 294 145 48 ningen
387 297 116 33 måtte
545 292 171 49 stadgas,
755 298 57 32 att
852 293 59 36 för
938 292 421 49 järnvägsbyggnaden
1387 297 99 32 samt
1509 292 81 36 de
1582 288 26 58 i
1621 305 188 24 samman-

199 344 107 49 hang
346 344 158 36 därmed
538 343 226 57 föreslagna
785 343 413 49 väganläggningarna
1225 342 209 48 landsting,
1463 342 227 37 kommuner
1718 343 93 36 eller

195 394 180 38 enskilde
416 394 108 36 skola
563 393 145 38 utfästa
736 393 61 49 sig
824 399 55 30 att
907 393 125 36 lämna
1061 393 202 37 enahanda
1285 393 203 47 förmåner,
1517 406 82 23 som
1627 393 185 36 Norrbot-

197 451 85 30 tens
311 445 83 35 längs
422 444 198 47 landsting
648 444 120 36 utfäst
795 443 12 36 i
836 444 66 36 sitt
930 443 283 36 ofvannämnda
1241 443 137 37 beslut.

334 494 87 36 Med
460 495 150 47 hänsyn
652 493 140 46 därtill,
835 499 55 30 att
931 493 291 47 anläggningen
1264 493 42 36 af
1342 493 47 37 de
1417 492 292 48 ifrågavarande
1737 506 74 34 nya

198 544 283 48 landsvägarne
520 543 124 36 skulle
683 543 182 47 betingas
903 542 327 48 hufvudsakligen
1271 543 41 36 af
1351 542 163 37 militära
1547 543 95 45 skäl,
1678 548 132 42 syntes

198 595 68 36 det
298 593 428 50 departementschefen
758 592 274 48 tvifvelaktigt,
1063 592 188 37 buruvida
1277 592 243 36 underhållet
1548 592 41 36 af
1612 572 197 57 desamma

198 648 60 33 må
286 645 130 36 kunna
441 644 158 49 åläggas
628 644 47 36 de
704 642 464 48 väghållningsskyldige.

333 694 90 37 Med
452 694 179 37 afseende
660 697 20 33 å
708 693 101 37 hvad
837 706 82 24 som
947 693 184 37 invändts
1159 698 104 31 emot
1291 692 64 37 det
1374 692 42 37 af
1426 692 384 49 järnvägsstyrelsen

198 745 220 48 föreslagna
456 744 368 62 förbindelsespåret
863 744 141 36 mellan
1045 743 269 38 statsbanorna
1355 743 353 57 Boden—Morjärv
1737 744 72 36 och

197 796 448 47 Luleå—Riksgränsen,
684 798 145 44 ansåge
872 794 59 48 sig
973 793 432 50 departementschefen
1434 794 34 49 ej
1501 794 93 37 böra
1616 794 194 49 tillstyrka

194 846 239 37 detsammas
461 845 253 48 anläggande.

332 896 115 36 Emot
475 896 46 36 de
565 900 42 32 för
630 894 427 49 järnvägsbyggnaden
1078 894 87 36 med
1185 893 232 37 tillhörande
1436 894 373 49 landsvägsanlägg-

197 946 140 48 ningar
360 951 130 32 senast
518 945 220 37 beräknade
767 944 209 37 kostnader
1000 944 95 36 eller
1123 949 104 31 emot
1260 944 400 48 järnvägsstyrelsens
1677 951 132 30 senast

199 996 148 48 afgifna
374 996 147 48 förslag
547 996 58 36 till
633 994 222 50 arbetsplan
881 995 58 36 för
951 995 204 48 järnvägs-
1173 994 72 37 och
1261 994 549 49 landsvägsanläggningarna

196 1048 75 36 och
315 1047 47 37 de
396 1047 156 57 belopp,
594 1059 80 23 som
705 1045 155 48 jämlikt
886 1045 124 37 denna
1038 1045 91 49 plan
1152 1044 119 37 borde
1299 1044 58 37 för
1386 1048 41 33 år
1455 1046 96 35 1905
1580 1045 126 47 äskas,
1734 1044 75 37 för-

197 1097 157 38 klarade
397 1097 60 49 sig
498 1095 429 51 departementschefen
967 1095 32 49 ej
1044 1095 114 37 hafva
1186 1097 118 47 något
1332 1100 56 32 att
1415 1096 141 44 erinra;
1583 1096 71 36 och
1673 1101 136 43 syntes

195 1148 69 37 det
297 1149 154 47 honom,
485 1153 54 31 att
566 1147 238 48 landsvägen
833 1146 138 37 mellan
998 1146 133 37 Boden
1159 1146 72 36 och
1235 1125 192 69 ”Morjärv
1454 1121 219 78 lämpligast
1689 1146 120 37 borde

198 1199 154 49 byggas
381 1198 126 48 färdig
534 1197 121 38 under
684 1179 90 55 åren
805 1198 95 36 1905
930 1196 72 37 och
1032 1198 108 36 1906.

334 1449 245 37 Beträffande
623 1449 47 37 de
712 1448 97 48 skäl,
853 1461 84 24 som
978 1448 58 37 till
1075 1447 87 38 stöd
1190 1447 62 37 för
1280 1447 307 37 motionärernas
1615 1447 193 37 framstäl-

197 1500 141 48 ningar
365 1499 127 38 blifvit
516 1500 174 47 anförda,
717 1499 144 37 tillåter
888 1499 61 48 sig
975 1499 192 37 utskottet
1195 1503 55 32 att
1276 1498 162 37 hänvisa
1465 1498 58 36 till
1552 1497 47 37 de
1621 1498 189 37 särskilda

198 1552 253 36 motionerna.

334 1802 74 37 Till
449 1802 86 37 stöd
577 1801 59 38 för
673 1802 188 61 förslaget
901 1815 58 24 om
1003 1816 49 23 en
1089 1801 271 48 utsträckning
1388 1801 41 36 af
1454 1800 75 37 den
1556 1800 254 37 norrländska

200 1853 227 37 stambanan
467 1852 97 37 fram
603 1852 58 37 till
689 1857 169 44 gränsen
887 1858 79 31 mot
993 1852 164 37 Finland
1183 1852 70 37 har
1275 1851 185 37 särskildt
1486 1851 240 48 framhållits,
1755 1856 55 32 att

200 1904 77 37 den
312 1903 439 57 järnvägsförbindelse,
785 1917 82 23 som
895 1903 226 48 härigenom
1150 1902 124 37 skulle
1302 1901 163 38 beredas
1494 1902 115 36 dessa
1636 1902 174 48 aflägsna

199 1954 281 48 gränstrakter,
523 1954 33 48 ej
595 1954 99 37 blott
734 1953 125 38 skulle
890 1954 121 36 blifva
1043 1953 41 37 af
1108 1959 79 31 stor
1214 1952 202 49 betydelse
1443 1952 59 37 för
1528 1951 110 38 deras
1666 1931 143 58 ekono-

200 2005 125 37 miska
351 1984 225 68 utveckling
604 2005 72 36 och
703 2004 360 48 framåtskridande,
1090 2009 92 31 utan
1210 2003 113 38 äfven
1350 2003 198 37 verksamt
1575 2003 161 48 bidraga
1755 2008 55 32 att

201 2055 89 37 med
331 2055 66 37 det
437 2055 127 48 öfriga
604 2055 132 37 landet
773 2055 178 37 förbinda
984 2055 75 37 den
1086 2055 57 36 till
1172 2059 123 32 större
1323 2054 113 37 delen
1459 2053 257 37 finsktalande
1743 2054 66 36 be-

200 2106 226 48 folkningen
454 2106 10 36 i
494 2105 127 38 denna
647 2105 214 37 landsända
889 2111 97 31 samt
1014 2111 55 31 att
1096 2105 201 37 därstädes
1319 2104 164 37 utbreda
1515 2104 160 37 svenskt
1694 2104 117 49 språk

197 2157 76 37 och
300 2157 142 36 svensk
468 2156 139 36 kultur.
654 2156 247 37 Sistnämnda
928 2155 266 38 förhållanden
1221 2155 116 37 hafva
1364 2160 109 45 synts
1500 2155 190 37 utskottet
1718 2168 92 23 vara

198 2207 43 37 af
276 2212 141 31 största
457 2206 212 49 betydelse,
711 2207 73 37 och
817 2207 66 37 det
906 2211 41 32 är
973 2206 270 49 förnämligast
1270 2206 88 36 med
1385 2207 150 48 hänsyn
1558 2205 140 48 härtill,
1727 2218 82 24 som

285 2263 78 32 Bih.
388 2263 48 34 till
459 2263 113 33 Riksd.
597 2263 87 33 Prot.
708 2265 99 31 1904.
854 2266 21 29 4
898 2262 100 33 Saml.
1043 2265 20 29 1
1087 2262 81 42 Afd.
1212 2264 40 30 51
1276 2262 97 41 Häft.
1749 2262 19 28 5

1853 1802 141 24 Utskottets

1859 1836 121 31 yttrande.
