2232 2638
437 189 41 31 20
906 193 226 30 Statsutskottets
1160 194 151 29 Utlåtande
1331 194 60 31 N:o
1415 196 48 29 75.

395 267 111 37 däraf
543 267 58 37 för
632 268 162 37 broarna
817 270 162 45 298,100
1006 270 154 47 kronor,
1188 270 268 37 motsvarande
1486 273 132 46 13,459
1647 271 142 38 kronor
1815 272 58 37 för
1899 274 96 37 kilo-

395 323 121 31 meter
555 320 81 35 med
676 319 72 37 och
791 320 110 46 6,750
939 319 141 37 kronor
1117 320 59 36 för
1217 320 200 38 kilometer
1443 329 88 29 utan
1559 323 125 37 broar.
1738 322 135 37 Denna
1895 324 101 47 jäm-

394 368 200 38 förelsevis
634 369 103 48 höga
777 369 166 37 kostnad
969 370 99 36 hade
1095 370 13 36 i
1136 370 158 38 främsta
1320 378 163 30 rummet
1509 372 210 38 föranledts
1748 372 41 37 af
1811 373 184 38 broarnas

394 419 142 47 mängd
573 420 72 37 och
684 419 157 47 storlek,
883 419 48 37 de
971 420 221 49 betydande
1232 421 300 49 utfyllningarna
1563 423 108 38 invid
1699 423 297 48 vattendragen,

394 469 183 37 särskildt
616 469 65 37 vid
724 469 264 49 Granträsket,
1031 476 98 32 samt
1167 471 180 49 slutligen
1386 473 114 36 äfven
1538 474 41 36 af
1602 474 49 37 de
1680 474 115 48 långa
1822 474 174 36 sträckor

392 520 240 48 landsvägen
673 523 121 34 måste
835 520 139 49 dragas
1014 521 107 37 öfver
1161 522 246 48 myrmarker,
1447 523 67 36 där
1553 524 166 47 dyrbara
1758 523 241 48 bäddningar

393 569 154 38 kräfdes
574 571 59 36 för
661 576 55 31 att
742 576 94 44 göra
862 576 128 43 vägen
1008 571 85 37 fullt
1112 573 221 37 användbar
1351 573 59 37 för
1427 578 96 43 tung
1540 575 124 36 trafik.
1720 574 131 38 Skulle
1867 574 129 37 lands-

393 626 146 43 vägens
577 621 123 37 bredd
728 635 90 24 vara
844 622 176 37 bestämd
1048 622 58 37 till
1135 625 21 34 5
1185 629 133 41 meter,
1345 623 153 38 komme
1527 624 262 38 kostnaderna
1816 630 56 31 att
1900 625 94 36 min-

394 672 89 36 skas
511 672 88 36 med
630 673 134 46 71,000
792 673 151 36 kronor.

526 722 139 37 Därest
703 722 190 49 landsväg
932 723 84 37 icke
1045 724 158 36 anlades
1231 724 12 36 i
1271 724 185 37 samband
1483 726 86 36 med
1592 726 231 48 järnvägen,
1851 726 145 36 ökades

394 772 215 37 kostnaden
648 772 60 37 för
747 773 165 37 broarna
951 774 108 36 öfver
1091 774 203 49 Stryckån,
1320 775 115 36 Kalix
1463 775 56 37 elf
1541 776 70 36 och
1635 776 245 49 Kukkasjoki
1908 776 88 37 med

393 828 55 31 ett
485 823 141 49 belopp
668 823 42 37 af
746 825 108 46 7,000
896 824 153 49 kronor,
1088 825 188 37 hvadan
1250 819 24 61 i
1304 828 41 34 så
1367 826 66 36 fall
1460 826 313 38 totalkostnaden
1795 826 200 50 uppginge

392 872 58 37 till
479 874 160 47 605,000
666 874 152 37 kronor.

526 924 17 36 I
580 925 278 48 sammanhang
898 926 158 37 härmed
1093 926 100 37 hade
1236 927 189 49 styrelsen
1467 932 126 31 ansett
1633 927 63 48 sig
1730 927 146 48 jämväl
1903 927 94 37 böra

391 979 104 44 yttra
518 975 59 48 sig
602 975 14 36 1
642 976 136 48 frågan
805 989 62 23 om
896 976 73 37 den
996 976 191 49 landsväg
1214 977 82 37 från
1323 977 134 37 Boden
1479 977 57 36 till
1558 977 189 49 Forsbyn,
1766 991 82 23 som
1869 978 125 36 Eders

393 1025 141 49 Kungl.
575 1026 119 49 Maj:t,
734 1029 50 47 på
825 1031 76 32 sätt
940 1027 113 37 ofvan
1091 1032 165 44 nämnts,
1294 1028 65 36 vid
1391 1027 189 38 aflåtande
1605 1028 43 37 af
1668 1028 242 49 proposition
1937 1029 58 36 till

395 1078 94 35 1897
523 1079 59 34 års
624 1077 172 48 Riksdag
833 1090 61 23 om
933 1077 427 49 järnvägsbyggnaden
1400 1078 355 49 Boden—Morjärv
1792 1078 203 48 föreslagit

392 1126 223 48 Riksdagen
647 1127 59 36 till
733 1127 258 48 anläggande,
1019 1141 87 23 men
1134 1141 82 24 som
1241 1128 64 36 vid
1333 1128 65 37 det
1425 1128 237 38 förhållande
1691 1134 55 32 att
1772 1129 222 48 Riksdagen

392 1178 87 36 icke
519 1177 108 37 biföll
667 1177 125 37 Eders
830 1178 144 48 Kungl.
1015 1178 126 48 Maj:ts
1182 1179 14 36 i
1235 1178 135 38 sådant
1397 1179 181 37 afseende
1607 1179 214 48 framlagda
1848 1180 147 47 förslag

394 1233 99 32 ännu
520 1228 85 36 icke
629 1228 159 37 kommit
815 1228 57 37 till
899 1228 213 37 utförande.
1158 1229 151 48 Frågan
1336 1242 61 24 om
1416 1230 165 37 nämnda
1600 1230 396 49 landsvägsbyggnad

393 1282 121 33 måste
545 1278 197 49 nämligen
769 1292 114 24 anses
912 1279 239 49 oskiljaktigt
1177 1279 214 37 förbunden
1418 1280 87 37 med
1532 1281 138 47 frågan
1700 1294 61 23 om
1789 1281 76 36 den
1893 1281 103 36 förut

394 1329 254 37 omhandlade
686 1330 368 48 väganläggningen
1094 1330 142 37 mellan
1276 1331 167 47 Morjärv
1479 1331 73 36 och
1578 1331 231 49 Lappträsk.
1863 1331 133 48 Enligt

393 1380 211 48 styrelsens
643 1380 225 36 förberörda
908 1380 267 48 underdåniga
1215 1380 203 37 skrifvelse
1461 1381 75 36 den
1575 1383 45 34 31
1664 1381 204 37 december
1899 1383 95 35 1896

393 1430 99 37 hade
519 1431 215 36 kostnaden
760 1430 59 37 för
845 1430 238 48 landsvägen
1109 1431 363 48 Boden—Forsbyn
1490 1431 198 50 upptagits
1707 1431 56 37 till
1783 1437 54 31 ett
1852 1432 143 48 belopp

394 1481 41 37 af
457 1483 107 46 3,827
595 1481 142 37 kronor
764 1483 45 35 59
838 1486 66 32 öre
932 1481 59 37 för
1014 1481 203 37 kilometer
1244 1482 92 36 eller
1354 1482 162 49 tillhopa
1535 1484 162 45 333,000
1714 1482 151 48 kronor,
1886 1482 110 36 hvari

393 1532 117 37 äfven
535 1531 159 48 inginge
718 1532 74 36 den
818 1532 218 37 beräknade
1063 1532 216 37 kostnaden
1306 1531 59 38 för
1392 1545 49 24 en
1468 1533 67 36 bro
1563 1532 108 37 öfver
1697 1533 115 36 Kalix
1839 1532 56 37 älf
1909 1532 87 37 med

393 1584 135 46 69,520
566 1582 154 37 kronor.
775 1582 224 37 Kostnaden
1040 1582 57 37 för
1138 1583 137 48 själfva
1314 1582 237 49 landsvägen
1589 1583 141 37 mellan
1760 1583 133 37 Boden
1923 1583 72 37 och

392 1633 166 48 Morjärv
586 1632 124 37 skulle
738 1633 110 37 alltså
876 1633 122 47 enligt
1024 1633 104 37 detta
1155 1633 146 49 förslag
1327 1637 132 46 uppgå
1480 1634 57 36 till
1564 1635 163 46 263,480
1754 1634 151 36 kronor.

525 1683 85 37 Den
639 1683 98 37 efter
765 1686 40 34 år
829 1685 96 35 1896
953 1683 199 37 inträffade
1179 1684 307 49 prisstegringen
1514 1687 21 34 å
1561 1684 102 37 olika
1691 1685 181 36 områden
1899 1684 96 37 nöd-

392 1732 282 49 vändiggjorde
704 1733 216 38 emellertid
946 1747 157 25 numera
1130 1747 49 24 en
1198 1734 146 48 ökning
1367 1734 41 37 af
1423 1734 384 49 kostnadsbeloppet.
1860 1734 136 49 Enligt

391 1784 102 37 hvad
535 1784 193 48 styrelsen
768 1785 138 47 funnit,
936 1784 119 37 borde
1085 1785 128 37 denna
1239 1785 316 49 väganläggning
1577 1798 51 23 nu
1656 1785 190 37 beräknas
1875 1784 120 49 draga

392 1848 47 24 en
481 1834 163 37 kostnad
684 1834 42 37 af
759 1836 108 47 5,701
912 1835 141 37 kronor
1085 1835 61 37 för
1173 1835 202 37 kilometer
1401 1836 94 37 eller
1522 1835 282 48 sammanlagdt
1830 1836 165 46 496,000

392 1886 153 46 kronor,
586 1898 62 23 om
686 1890 148 43 vägens
860 1885 122 38 bredd
1008 1885 160 49 gjordes
1197 1887 21 36 5
1246 1892 132 40 meter,
1405 1887 75 37 och
1508 1887 110 45 6,724
1645 1886 143 36 kronor
1815 1885 57 37 för
1899 1885 96 37 kilo-

392 1941 120 32 meter
546 1935 94 37 eller
676 1935 161 50 tillhopa
875 1937 160 47 585,000
1075 1937 153 46 kronor,
1262 1937 130 37 därest
1419 1942 127 43 vägen
1574 1936 181 49 byggdes
1782 1936 12 36 i
1822 1936 173 48 enlighet

392 1987 87 37 med
502 1985 48 38 de
577 1985 60 38 för
664 1986 139 38 allmän
830 1986 190 49 landsväg
1046 1987 181 48 gällande
1254 1987 292 38 bestämmelser
1573 1987 93 37 eller
1693 1987 89 36 med
1810 1989 20 34 6
1851 1993 143 30 meters

391 2037 135 37 bredd.

523 2086 74 37 Till
637 2086 74 37 den
751 2089 43 35 så
832 2086 212 49 väsentligt
1082 2087 125 38 ökade
1235 2088 214 37 kostnaden
1475 2087 162 49 bidroge
1665 2086 214 38 emellertid
1906 2087 86 36 icke

391 2137 137 37 endast
565 2136 48 38 de
653 2137 178 49 förhöjda
869 2137 259 50 arbetsprisen
1167 2144 93 32 utan
1282 2138 146 49 jämväl
1455 2137 73 38 den
1556 2137 337 49 omständigheten
1922 2143 67 41 att,

389 2187 121 38 under
549 2187 66 37 det
653 2187 12 36 i
709 2190 95 35 1896
844 2190 61 35 års
932 2188 144 48 förslag
1107 2202 92 24 vore
1228 2189 134 47 afsedt,
1390 2194 56 32 att
1468 2188 241 49 landsvägen
1737 2188 122 37 skulle
1888 2187 101 38 föras

390 2238 107 37 öfver
522 2238 105 37 Råne
655 2237 72 38 älfs
756 2238 111 38 södra
894 2251 96 36 gren
1016 2242 49 46 på
1085 2239 288 49 järnvägsbron
1400 2240 87 37 med
1513 2239 253 37 användande
1787 2239 41 37 af
1844 2251 146 25 samma
