1838 2784
495 163 285 32 Statsutskottets
808 166 180 31 utlåtande
1014 177 43 20 nr
1084 168 50 30 71.
1522 172 36 29 17

73 240 236 32 uteslutandet
332 251 42 21 ur
396 243 437 39 provinsialläkardistrikt
856 246 11 29 i
890 247 92 39 regel
1005 250 49 28 ett
1077 249 104 39 tvång
1205 249 53 30 för
1283 250 122 29 staden
1429 253 50 28 att
1502 260 60 20 an-

73 285 102 30 ställa
203 294 84 31 egen
316 286 263 40 tjänsteläkare.

116 329 138 40 Frågan
275 339 57 21 om
354 332 379 41 huvudmannaskapet
756 333 55 31 för
835 335 182 31 städernas
1041 336 251 39 tjänsteläkare
1315 339 65 28 har
1404 348 41 20 ur
1467 339 95 40 prin-

72 373 136 40 cipiella
237 376 218 38 synpunkter
482 376 207 31 behandlats
716 378 11 29 i
755 378 378 41 medicinalstyrelsens
1161 382 220 30 betänkande
1409 392 57 30 om
1494 384 67 29 den

72 419 115 38 öppna
211 419 232 30 läkarvården
466 420 11 29 i
501 420 90 31 riket
620 421 101 34 (SOU
747 422 98 30 1948:
864 423 72 32 14).

117 462 12 29 I
154 463 236 30 betänkandet
414 465 65 29 har
504 464 213 32 framhållits
741 467 121 30 värdet
887 477 42 20 av
953 470 48 28 ett
1026 469 167 40 enhetligt
1217 470 343 41 huvudmannaskap

72 506 55 30 för
151 507 41 29 de
216 507 263 39 tjänsteläkare,
505 518 74 20 som
603 510 11 29 i
639 511 174 40 egenskap
838 520 42 21 av
903 512 253 32 allmänläkare
1186 514 27 33 (i
1237 516 148 28 motsats
1409 516 52 30 till
1487 525 74 30 spe-

72 550 204 35 cialläkare)
302 553 89 38 ägna
412 552 50 40 sig
484 553 35 30 åt
539 554 114 39 öppen
673 554 114 30 hälso-
808 556 64 29 och
895 556 181 39 sjukvård.
1099 557 12 29 I
1133 558 202 40 anslutning
1355 559 120 30 härtill
1496 561 64 28 har

72 594 207 40 föreslagits,
311 598 50 28 att
393 598 115 28 staten
539 598 189 30 successivt
760 599 111 30 skulle
903 601 162 39 övertaga
1096 602 379 40 huvudmannaskapet
1506 604 54 29 för

73 639 160 39 samtliga
258 639 100 31 dessa
383 640 129 35 läkare,
539 642 127 29 medan
692 643 307 39 specialistvården
1024 645 11 29 i
1061 645 91 30 ökad
1178 647 243 39 utsträckning
1449 647 110 30 skulle

72 683 177 30 anförtros
268 684 34 29 åt
321 684 41 30 de
382 684 94 31 olika
497 685 398 39 sjukvårdsområdenas
915 688 147 30 ledande
1082 698 117 30 organ.

115 727 227 31 Beträffande
372 730 104 29 sättet
505 732 50 27 att
584 730 165 30 realisera
778 731 94 30 detta
902 733 182 29 önskemål
1114 733 140 31 anföres
1283 734 11 30 i
1323 735 237 30 betänkandet

78 771 95 39 (kap.
198 771 48 35 14,
267 772 163 30 Aktuella
452 773 140 40 förslag,
614 784 26 20 s.
662 775 62 29 297
747 775 57 34 ff.)
830 775 173 40 följande:

115 815 374 32 Allmänläkarvården
522 818 11 29 i
563 818 164 30 städerna
757 820 62 29 bör
850 820 108 39 enligt
988 821 62 29 vår
1081 821 226 40 uppfattning
1338 822 72 30 tills
1442 823 117 29 vidare

72 859 218 40 organiseras
308 861 89 29 efter
413 861 95 30 olika
526 862 105 39 linjer
649 863 230 30 allteftersom
897 864 58 30 det
973 865 107 39 gäller
1100 866 86 34 stad,
1206 875 74 21 som
1298 866 99 39 ingår
1415 867 11 29 i
1445 867 115 30 lands-

72 903 83 39 ting,
178 905 65 29 och
266 905 76 29 stad
365 906 143 29 utanför
531 906 187 40 landsting.

115 948 67 29 För
198 948 380 40 landstingsstädernas
594 951 55 29 del
666 951 147 30 föreslår
829 952 33 29 vi
878 954 48 28 ett
943 953 189 31 successivt
1147 954 228 30 överförande
1391 964 43 20 av
1450 955 110 29 stads-

70 992 64 29 och
158 992 379 32 stadsdistriktsläkare
559 995 52 29 till
633 995 432 39 provinsialläkarvillkor.
1087 1015 44 4 —
1151 1015 44 4 —
1215 1016 44 3 —

114 1036 68 29 För
203 1037 205 39 budgetåret
434 1038 140 34 1949/50
597 1039 98 30 torde
719 1039 54 30 för
797 1040 219 31 sistnämnda
1040 1041 156 40 kategori
1218 1042 84 30 böra
1324 1043 170 39 uppföras
1518 1043 39 29 25

71 1080 159 39 tjänster,
257 1083 50 28 att
332 1081 205 40 disponeras
563 1092 42 20 av
630 1083 126 40 Kungl.
783 1084 106 39 Maj:t
915 1085 11 29 i
952 1085 67 29 den
1045 1085 83 30 mån
1154 1086 294 39 förutsättningar
1473 1096 86 30 upp-

70 1124 170 30 kommer.
265 1125 98 30 Ovan
386 1126 11 29 1
421 1126 81 40 kap.
529 1127 37 29 12
590 1128 65 28 har
678 1128 33 29 vi
737 1128 167 30 skisserat
928 1129 68 29 hur
1020 1138 83 20 man
1127 1130 61 30 bör
1212 1130 42 39 gå
1278 1129 102 30 fram.
1406 1131 71 29 Här
1502 1131 57 29 må

70 1168 123 30 endast
217 1169 216 35 framhållas,
459 1172 50 28 att
532 1171 245 31 överförandet
800 1181 42 21 av
864 1172 71 30 viss
961 1173 111 30 stads-
1095 1174 64 29 och
1184 1174 375 30 stadsdistriktsläkar-

71 1212 110 39 tjänst
200 1213 11 29 i
229 1213 96 39 varje
345 1214 61 29 fall
426 1215 62 29 bör
508 1215 136 40 föregås
665 1225 42 20 av
726 1225 42 20 en
787 1217 232 39 omprövning
1038 1226 42 21 av
1099 1217 124 40 frågan
1242 1227 57 20 om
1319 1218 240 30 stadsdistrik-

70 1258 48 28 tet
140 1256 102 40 givits
264 1267 42 20 en
328 1258 145 40 lämplig
496 1259 219 40 utformning
736 1261 11 29 i
770 1260 219 31 förhållande
1012 1261 53 30 till
1088 1262 242 39 angränsande
1352 1262 207 40 provinsial-

70 1300 253 31 läkardistrikt.
348 1303 126 39 Kungl.
498 1303 106 39 Maj:t
629 1304 89 29 skall
743 1305 63 38 äga
829 1305 208 39 befogenhet
1062 1307 51 28 att
1136 1306 11 29 i
1171 1306 148 30 beslutet
1343 1316 58 20 om
1425 1307 134 29 överfö-

70 1344 107 30 rande
196 1354 42 22 av
255 1355 43 20 en
316 1346 111 39 tjänst
445 1347 194 30 föreskriva
657 1348 41 29 de
716 1348 227 40 jämkningar
960 1349 11 29 i
990 1350 398 39 distriktsindelningen,
1408 1360 75 20 som
1501 1350 57 30 må

70 1389 162 30 befinnas
252 1390 195 39 påkallade.

114 1433 65 29 Vid
199 1433 223 30 konkurrens
443 1434 129 30 mellan
592 1435 94 30 olika
707 1436 116 29 städer
843 1446 57 20 om
921 1446 68 29 nya
1009 1437 150 39 tjänster
1179 1437 62 30 bör
1261 1437 217 40 prövningen
1499 1447 59 20 an-

69 1476 142 30 komma
235 1477 44 39 på
304 1478 125 38 Kungl.
454 1478 116 39 Maj:t.
595 1479 156 30 Allmänt
776 1480 97 30 torde
898 1481 124 29 härvid
1049 1481 36 29 få
1109 1481 217 34 förutsättas,
1353 1483 50 28 att
1428 1482 130 29 vakant

70 1520 111 39 tjänst
199 1521 82 30 eller
300 1531 46 30 ny
364 1522 111 39 tjänst
493 1523 63 29 bör
574 1524 63 38 äga
656 1523 174 30 företräde
849 1524 150 30 framför
1018 1524 121 39 tjänst,
1159 1534 74 20 som
1251 1525 109 30 redan
1379 1526 38 29 är
1435 1525 122 30 besatt.

69 1564 206 40 Ytterligare
293 1566 97 29 torde
409 1576 84 19 man
511 1566 36 30 få
564 1568 111 29 räkna
694 1568 79 29 med
791 1570 50 27 att
858 1568 58 29 vid
935 1569 11 28 i
964 1569 112 38 övrigt
1094 1569 71 29 lika
1183 1568 246 31 förhållanden
1447 1569 110 39 tjänst

69 1608 11 29 i
100 1609 76 29 stad
196 1610 78 29 med
292 1610 106 39 högre
418 1610 216 40 skattetryck
653 1611 159 30 kommer
831 1614 50 28 att
901 1612 36 30 få
957 1612 175 30 företräde
1151 1613 148 30 framför
1319 1613 112 39 tjänst
1450 1613 11 29 i
1481 1613 76 30 stad

69 1653 78 29 med
165 1653 93 39 lägre
276 1654 226 40 skattetryck.

113 1697 64 29 Det
199 1698 62 29 bör
283 1698 190 30 ankomma
495 1699 44 39 på
561 1699 360 40 medicinalstyrelsen
944 1703 50 27 att
1015 1719 44 3 —
1079 1719 45 4 —
1143 1720 44 3 —
1207 1702 12 29 i
1242 1702 75 29 sina
1339 1702 110 39 petita
1471 1710 85 31 ange

69 1741 57 29 det
147 1742 94 29 antal
264 1742 110 30 stads-
394 1743 65 29 och
482 1743 523 40 stadsdistriktsläkartjänster,
1029 1754 74 20 som
1124 1746 172 30 beräknas
1317 1747 48 29 bli
1387 1746 171 30 erforder-

69 1784 68 39 liga
162 1786 111 29 under
297 1786 205 39 påföljande
526 1787 179 39 budgetår.
733 1788 111 30 Sedan
871 1789 161 39 samtliga
1059 1790 110 29 stads-
1194 1791 63 28 och
1284 1790 274 30 stadsdistrikts-

68 1829 117 29 läkare
211 1830 11 28 i
247 1829 315 40 landstingsstäder
588 1831 172 31 överförts
786 1832 51 29 till
863 1832 430 39 provinsialläkarvillkor,
1319 1834 63 29 bör
1408 1835 149 29 bestäm-

68 1872 172 31 melserna
264 1874 11 28 i
300 1874 179 30 allmänna
504 1875 363 30 läkarinstruktionen
892 1886 57 20 om
975 1877 131 29 sådana
1131 1878 118 29 läkare
1275 1879 148 28 överses.

111 1917 225 31 Initiativrätt
362 1918 52 29 till
441 1919 229 30 överförande
697 1929 42 20 av
765 1920 110 29 stads-
900 1921 65 28 och
993 1921 282 34 stadsdistrikts-,
1302 1922 165 39 köpings-
1492 1922 64 29 och

66 1961 312 40 municipalläkare
402 1963 62 29 bör
488 1963 197 29 tillkomma
710 1964 93 29 såväl
827 1963 360 41 medicinalstyrelsen
1210 1966 63 29 och
1297 1966 258 29 vederbörande

67 2004 176 41 landsting
268 2015 74 20 som
367 2007 184 29 samhället
574 2008 64 29 och
663 2007 154 30 läkaren.
842 2008 48 30 På
914 2008 246 30 förstnämnda
1183 2009 204 39 myndighet
1411 2010 62 29 bör
1497 2019 59 20 an-

66 2049 142 30 komma
229 2051 49 28 att
299 2050 79 29 med
399 2051 204 39 erforderlig
624 2052 187 38 utredning
833 2052 200 30 överlämna
1055 2053 142 29 ärendet
1218 2054 51 28 till
1291 2054 126 37 Kungl.
1440 2054 115 38 Maj:t.

111 2094 194 29 Härutöver
328 2095 64 28 har
415 2095 10 28 i
449 2096 236 29 betänkandet
709 2096 197 38 föreslagits
929 2105 43 20 en
995 2106 46 29 ny
1065 2097 91 28 form
1180 2097 53 29 för
1258 2098 132 37 statligt
1414 2098 142 29 anställ-

66 2137 101 29 lande
188 2147 41 21 av
249 2138 251 30 allmänläkare
521 2139 10 29 i
551 2140 113 38 öppen
683 2139 84 30 vård
793 2140 43 29 (s.
857 2140 32 29 k.
910 2142 97 28 extra
1028 2141 248 33 stadsläkare),
1296 2141 108 29 vilket
1425 2141 130 39 förslag

65 2181 88 29 dock
172 2181 75 30 icke
266 2191 102 29 synes
386 2183 133 29 behöva
538 2185 171 37 upptagas
728 2184 50 28 till
798 2184 203 29 diskussion
1019 2185 11 28 i
1048 2185 94 28 detta
1163 2185 264 38 sammanhang.

110 2225 48 29 De
177 2226 10 28 i
206 2226 235 29 betänkandet
461 2226 204 38 framlagda,
684 2228 64 28 här
767 2227 177 39 återgivna
964 2228 176 38 förslagen
1159 2229 146 28 rörande
1325 2228 229 29 överförande

66 2278 41 19 av
132 2269 216 30 stadsläkare
373 2270 52 28 till
450 2270 409 38 provinsialläkarstaten
885 2271 96 29 torde
1007 2281 42 19 ur
1073 2271 194 39 principiell
1295 2272 180 38 synpunkt
1500 2272 53 29 väl

66 2314 296 28 överensstämma
394 2314 78 29 med
505 2314 196 29 motionens
735 2314 99 39 syfte.
867 2315 152 29 Berörda
1052 2315 130 38 förslag
1213 2316 63 28 har
1308 2315 89 29 dock
1429 2315 125 29 hittills

65 2356 74 29 icke
164 2357 164 29 föranlett
353 2357 107 38 några
485 2357 160 38 åtgärder
669 2358 78 28 från
773 2358 292 29 statsmakternas
1090 2358 84 29 sida.
1199 2359 354 38 Förutsältningarna

66 2401 53 28 för
139 2400 100 30 deras
260 2401 232 29 realiserande
514 2410 103 29 synas
638 2402 61 28 ock
723 2402 53 29 för
797 2402 217 29 närvarande
1036 2402 112 29 starkl
1169 2402 217 34 inskränkta,
1408 2403 43 28 då
1472 2411 81 20 man

66 2445 43 38 på
133 2454 119 20 senare
277 2445 37 29 år
338 2445 78 29 med
441 2446 136 38 hänsyn
602 2446 50 28 till
677 2445 93 29 olika
794 2446 298 38 omständigheter
1180 2446 102 29 bland
1309 2448 107 27 annat
1441 2447 113 28 läkar-

65 2507 18 28 2
94 2502 51 48 ---
153 2506 134 39 Bihang
311 2507 52 28 till
386 2506 204 39 riksdagens
614 2507 176 38 protokoll
816 2508 92 28 1950.
933 2509 19 27 .6
976 2507 99 30 saml.
1100 2508 47 29 Nr
1171 2508 138 29 68-71.
