1860 2772
461 147 121 29 Första
605 146 247 39 lagutskottets
875 147 179 30 utlåtande
1077 156 43 21 nr
1139 148 43 29 22
1203 147 39 30 år
1266 147 83 30 1965
1629 147 19 30 3

162 226 42 39 på
228 226 153 30 ändrade
404 226 135 30 villkor.
563 227 12 28 I
600 226 435 40 försäkringsavtalslagen
1058 227 116 30 finnes
1198 227 262 30 bestämmelser
1484 236 56 20 om
1564 235 85 31 upp-

162 279 216 39 sägningstid
398 280 9 28 i
428 279 97 38 fråga
544 288 56 21 om
619 278 326 40 brandförsäkring.
965 280 13 28 I
997 280 41 29 84
1060 280 15 36 $
1097 279 140 40 stadgas
1257 280 147 29 sålunda
1424 282 60 31 att,
1504 288 56 21 om
1581 280 68 28 för-

162 333 254 38 säkringsavtal
439 333 107 38 gäller
568 332 53 29 för
643 334 49 28 ett
715 332 38 30 år
774 333 65 29 och
860 332 97 30 detta
978 332 30 40 ej
1034 335 168 37 uppsagts
1225 332 79 30 från
1327 333 198 39 någondera
1548 333 100 29 sidan

160 388 115 27 senast
298 395 41 20 en
362 386 107 29 vecka
492 385 72 30 före
587 385 336 40 försäkringstidens
947 385 139 40 utgång,
1109 386 127 30 avtalet
1260 386 89 30 skall
1372 395 101 21 anses
1497 385 151 40 förlängt

163 439 52 28 för
234 441 49 27 ett
299 439 38 29 år
354 439 11 29 i
384 439 135 29 sänder.
538 440 122 29 Denna
678 439 244 30 bestämmelse
941 441 39 28 är
996 438 90 31 dock
1104 439 76 30 icke
1198 439 196 39 tvingande.
1414 439 13 29 I
1445 439 96 30 detta
1558 448 90 21 sam-

162 492 176 39 manhang
357 492 62 29 bör
438 492 131 39 jämväl
589 492 201 33 anmärkas,
811 494 50 28 att
882 492 108 39 enligt
1012 492 38 29 14
1073 492 15 36 $
1111 492 108 39 gäller
1238 492 66 29 den
1325 492 186 39 tvingande
1532 493 114 38 regeln

161 548 60 28 att,
246 554 55 20 om
327 544 170 30 förbehåll
521 544 144 30 träffats
690 546 49 28 att
765 545 266 29 underlåtenhet
1056 547 50 28 att
1131 545 137 39 erlägga
1292 546 130 38 premie
1448 545 55 29 för
1527 554 121 21 senare

161 598 118 39 period
306 598 88 29 skall
421 597 158 30 medföra
605 598 232 39 upphävande
863 607 42 20 av
930 598 380 39 försäkringsgivarens
1337 599 231 38 ansvarighet,
1596 599 52 29 så-

160 651 67 29 dan
248 651 136 39 påföljd
404 651 30 39 ej
458 651 88 29 skall
567 651 149 33 inträda,
737 651 109 29 innan
866 660 43 20 en
928 651 108 30 vecka
1056 651 154 30 förflutit
1229 651 88 30 efter
1338 651 56 30 det
1415 651 233 40 försäkrings-

162 705 139 37 givaren
333 704 83 39 givit
448 704 364 38 försäkringstagaren
843 703 229 30 meddelande
1103 704 79 29 med
1213 704 141 30 erinran
1385 713 56 21 om
1472 705 175 39 premiens

160 757 219 40 förfallodag.

786 855 237 35 Motionerna

207 940 7 28 I
234 940 218 29 motionerna
468 940 29 28 I:
512 940 63 29 502
591 940 66 29 och
672 940 48 28 II:
734 940 63 29 603
813 939 141 30 anföres
971 939 267 40 inledningsvis:

204 1002 48 28 De
270 1010 120 21 senare
407 1001 207 30 årtiondena
630 1002 65 29 har
712 1001 55 29 för
783 1001 405 40 försäkringsväsendets
1204 1002 272 30 vidkommande
1493 1002 154 39 präglats

159 1055 41 19 av
222 1055 41 19 en
286 1045 130 40 kraftig
438 1045 201 40 expansion.
662 1046 13 29 I
697 1045 76 30 takt
796 1045 78 30 med
896 1045 67 30 den
985 1045 126 30 snabbt
1133 1045 241 40 försiggående
1397 1046 162 30 tekniska
1582 1046 63 30 och

158 1089 229 30 ekonomiska
405 1090 244 38 utvecklingen
665 1090 65 29 har
746 1090 61 29 allt
825 1089 88 30 flera
928 1089 168 30 områden
1115 1099 42 21 av
1174 1090 251 30 samhällslivet
1442 1090 97 30 blivit
1558 1090 88 30 före-

159 1134 68 28 mål
246 1134 54 29 för
316 1133 385 39 försäkringsbolagens
717 1134 234 29 verksamhet.
969 1134 12 29 I
998 1134 70 29 viss
1085 1134 231 39 motsättning
1332 1135 51 29 till
1402 1134 114 30 denna
1532 1135 114 29 evolu-

159 1179 71 28 tion
253 1179 72 29 står
345 1178 56 30 det
423 1177 235 31 förhållandet
679 1179 50 29 att
750 1177 265 40 lagstiftningen
1035 1178 45 40 på
1101 1178 156 30 området
1279 1179 30 38 ej
1333 1179 11 29 i
1365 1179 281 29 tillnärmelsevis

159 1222 244 30 motsvarande
428 1222 80 30 mån
535 1222 282 30 moderniserats.
845 1224 74 28 Den
945 1223 284 39 grundläggande
1256 1222 264 40 författningen,
1547 1223 99 39 lagen

159 1276 57 19 om
240 1261 321 62 försäkringsavtal,
586 1266 139 30 daterar
748 1266 50 39 sig
822 1267 149 29 sålunda
994 1266 79 30 från
1100 1267 82 30 1927
1206 1268 65 29 och
1293 1267 64 30 har
1380 1267 106 30 sedan
1508 1267 80 30 dess
1613 1267 30 53 ej

157 1310 199 39 genomgått
376 1310 108 39 några
505 1320 95 20 mera
620 1289 295 72 genomgripande
937 1307 293 59 omarbetningar.
1253 1313 63 28 Det
1338 1321 101 30 synes
1463 1312 109 29 under
1594 1312 52 29 så-

158 1355 92 29 dana
267 1355 243 29 förhållanden
527 1364 84 20 vara
629 1355 86 29 nära
733 1363 67 31 nog
818 1355 261 39 ofrånkomligt,
1099 1358 50 27 att
1167 1356 11 29 i
1195 1356 93 29 vissa
1306 1356 99 39 lägen
1424 1356 136 29 mindre
1578 1356 68 29 till-

159 1399 268 30 fredsställande
443 1400 145 29 resultat
603 1400 243 38 uppkommer.
861 1418 43 2 —
918 1417 43 3 —
974 1417 42 3 —

203 1470 110 30 Sedan
334 1470 190 30 innehållet
544 1471 11 28 i
576 1469 40 30 37
641 1470 15 36 $
680 1470 433 39 försäkringsavtalslagen
1136 1470 191 29 redovisats
1350 1471 139 29 anföres
1510 1471 134 29 vidare:

204 1541 183 39 Undantag
410 1541 78 29 från
510 1540 239 40 huvudregeln
772 1541 140 39 stadgas
934 1541 106 39 enligt
1064 1543 41 27 st.
1128 1542 18 28 2
1169 1542 10 29 i
1201 1542 92 29 vissa
1316 1541 60 30 fall
1401 1541 53 30 för
1475 1542 170 38 byggnad.

159 1585 64 28 Om
246 1595 40 19 en
314 1585 302 33 (brand-)skadad
635 1585 160 39 byggnad
816 1585 227 30 iståndsättes
1065 1586 83 29 eller
1170 1585 274 40 återuppbygges
1467 1586 88 29 skall
1578 1585 69 30 för-

160 1630 305 38 säkringstagaren
492 1630 132 29 behöva
650 1629 197 30 vidkännas
875 1630 129 38 avdrag
1031 1630 45 39 på
1102 1629 460 40 försäkringsersättningen
1589 1639 57 21 en-

159 1674 76 28 dast
257 1674 54 29 för
329 1674 266 38 värdenedgång
614 1673 53 30 till
688 1673 89 39 följd
798 1683 42 20 av
859 1673 97 30 ålder
976 1674 64 29 och
1060 1674 91 29 bruk
1171 1675 65 29 och
1256 1674 132 30 således
1410 1675 30 38 ej
1465 1674 53 29 för
1539 1675 107 28 mins-

162 1718 66 29 kad
255 1717 263 30 användbarhet
544 1718 84 29 eller
654 1727 117 20 annan
799 1718 268 39 omständighet.
1096 1719 12 28 I
1136 1719 94 29 detta
1258 1718 60 29 fall
1347 1719 169 38 påverkar
1544 1719 101 28 alltså

158 1762 352 39 återuppbyggnaden
528 1762 115 29 rätten
662 1762 51 29 till
733 1762 193 39 ersättning
944 1762 38 30 så
1000 1762 51 29 till
1070 1763 79 29 vida
1168 1764 49 28 att
1236 1763 193 38 ersättning
1449 1763 100 38 utgår
1567 1763 78 29 med

157 1816 42 18 en
223 1806 52 29 för
297 1806 362 39 försäkringstagaren
681 1807 9 28 i
711 1806 203 38 jämförelse
935 1806 78 29 med
1034 1806 239 39 huvudregeln
1295 1807 141 29 särskilt
1459 1807 186 38 förmånlig

159 1851 144 38 princip.
326 1849 199 30 Orsakerna
547 1850 118 29 härtill
688 1851 38 27 är
749 1850 96 29 flera.
869 1850 65 29 Det
956 1850 203 29 framhålles
1182 1860 82 20 vara
1285 1853 48 27 ett
1355 1851 146 29 allmänt
1524 1851 120 29 socialt

159 1895 144 28 intresse
325 1896 50 27 att
397 1894 151 29 skadade
571 1894 82 29 eller
676 1894 175 29 förstörda
873 1894 198 38 byggnader
1092 1903 179 30 repareras
1295 1895 81 28 eller
1398 1895 145 29 ersättes
1567 1895 76 29 med

158 1947 76 29 nya.
254 1937 125 30 Vidare
401 1938 168 28 undvikes
589 1946 124 30 genom
733 1911 295 70 iståndsättandet
1048 1938 66 29 den
1135 1938 172 39 rubbning
1327 1948 42 19 av
1387 1939 258 38 inteckningar-

158 1992 61 18 nas
242 1982 164 38 ställning
428 1991 72 20 som
523 1982 102 38 eljest
647 1982 170 37 svårligen
841 1982 68 28 kan
933 1982 143 38 undgås.
1100 1982 166 39 Slutligen
1290 1983 99 37 utgör
1413 1982 53 29 för
1470 1960 175 61 säkrings-

159 2029 157 33 tagarens
343 2027 65 29 rätt
434 2028 47 27 att
508 2026 77 29 med
611 2026 141 29 särskilt
778 2026 187 38 förmånlig
989 2003 193 61 ersättning
1207 2005 207 51 iståndsätta
1441 2005 202 60 byggnaden

157 2073 44 26 ett
229 2070 175 29 korrektiv
426 2074 69 26 mot
520 2070 143 38 möjliga
686 2070 144 38 misstag
853 2070 56 29 vid
933 2048 297 61 uppskattningen
1253 2080 41 20 av
1317 2071 65 29 den
1405 2071 240 29 värdeminsk-

159 2114 82 36 ning
262 2114 203 39 byggnaden
490 2114 184 38 undergått
699 2117 21 26 t.
745 2124 49 19 ex.
819 2122 123 30 genom
967 2114 162 29 minskad
1153 2115 273 33 användbarhet,
1452 2115 53 28 för
1528 2115 114 28 vilken

155 2158 37 37 ju
217 2158 128 38 avdrag
366 2158 87 29 skall
477 2159 99 36 göras
600 2158 77 29 från
700 2158 238 37 ersättningen
961 2167 55 19 om
1039 2158 295 38 återuppförande
1357 2159 29 38 ej
1413 2159 158 29 kommer
1593 2160 49 28 till

158 2202 112 28 stånd.
296 2203 63 27 Det
384 2201 147 29 anförda
557 2202 63 28 har
646 2203 132 27 ansetts
806 2202 165 28 motivera
998 2204 48 26 att
1072 2202 65 28 den
1165 2212 74 18 som
1265 2202 204 39 återuppför
1494 2212 41 19 en
1564 2203 80 28 ned-

158 2246 156 28 brunnen
334 2245 157 38 byggnad
510 2245 61 28 bör
590 2245 131 29 erhålla
741 2255 40 18 en
802 2246 205 28 ekonomisk
1029 2245 97 29 favör
1147 2246 8 28 i
1176 2246 216 28 förhållande
1412 2247 50 27 till
1483 2247 64 28 den
1569 2256 73 18 som

158 2289 196 28 underlåter
374 2289 321 38 återuppförandet.

202 2334 58 27 Det
287 2333 66 28 kan
376 2332 162 29 stundom
559 2341 83 20 vara
665 2332 172 30 tveksamt
859 2333 90 28 huru
973 2333 82 28 nära
1078 2333 352 38 återuppbyggnaden
1452 2333 111 29 måste
1584 2343 60 19 an-

157 2377 89 28 sluta
269 2377 50 37 sig
340 2377 48 28 till
412 2377 62 28 den
498 2376 153 29 skadade
673 2376 222 38 byggnadens
917 2376 244 30 beskaffenhet
1184 2378 61 27 och
1270 2378 71 36 läge
1365 2377 52 28 för
1438 2380 48 26 att
1509 2378 134 28 försäk-

158 2421 246 36 ringshavaren
427 2420 85 28 skall
536 2421 44 28 ha
601 2421 68 28 rätt
693 2421 47 28 till
763 2420 194 38 ersättning
977 2421 104 37 enligt
1104 2421 65 28 den
1193 2421 205 37 förmånliga
1423 2431 154 19 normen.
1600 2422 42 28 Så

158 2464 131 38 mycket
316 2464 94 29 torde
433 2473 80 20 vara
538 2465 88 28 klart
651 2466 46 27 att
723 2464 351 39 återuppbyggnaden
1100 2465 69 28 inte
1194 2465 52 29 får
1271 2465 52 28 lov
1345 2467 46 27 att
1417 2466 122 28 avvika
1565 2465 76 29 från

163 2528 5 26 I
268 2526 132 38 Bihang
418 2526 51 28 till
486 2526 204 38 riksdagens
707 2526 175 38 protokoll
902 2527 127 27 1965.9
1047 2527 98 28 samdl.
1168 2527 11 27 1
1198 2527 74 28 avd.
1291 2528 46 27 Nr
1354 2528 41 27 22
