1897 2822
404 149 405 39 Bevillningsutskottets
824 151 219 29 betänkande
1056 160 43 19 nr
1112 152 41 28 60
1167 152 38 29 år
1221 153 82 28 1968
1555 155 40 30 17

110 229 272 30 arbetsinkomst
399 230 95 29 inom
513 239 120 21 ramen
652 230 54 30 för
725 231 417 40 studiemedelsbeloppet,
1162 233 89 29 hade
1271 234 138 29 skatten
1427 234 10 29 i
1457 234 135 30 huvud-

114 282 63 29 sak
193 282 189 30 beräknats
400 283 87 29 efter
505 284 273 38 proportionella
796 285 151 38 grunder
966 286 80 29 eller
1065 285 86 30 efter
1170 287 111 38 lägsta
1299 288 296 38 progressivskala

113 336 64 29 och
198 336 52 29 till
272 336 91 39 följd
385 346 42 19 av
447 337 239 39 ortsavdraget
706 338 98 29 blivit
825 339 109 39 ringa.
955 339 68 29 För
1045 339 66 30 den
1132 340 166 29 händelse
1319 349 178 31 pengarna
1519 342 76 29 där-

112 391 93 28 emot
223 390 11 28 i
257 390 114 29 stället
392 390 151 39 utgjorts
564 400 41 20 av
625 391 125 30 lånade
770 392 122 34 medel,
915 402 73 20 som
1011 393 88 29 skall
1119 393 11 29 i
1151 394 112 29 sinom
1283 394 51 29 tid
1355 394 208 30 återbetalas
1583 396 10 28 i

112 443 91 29 form
221 452 43 20 av
282 444 405 40 studiemedelsavgifter,
707 446 157 29 kommer
883 447 66 28 den
967 447 437 40 återbetalningsskyldige,
1424 449 64 29 när
1507 449 87 29 åter-

113 497 223 39 betalningen
353 498 88 34 sker,
457 499 10 28 i
485 499 114 29 stället
614 500 50 28 att
679 499 127 29 träffas
822 509 41 20 av
879 509 42 22 en
936 501 267 38 marginalskatt
1220 511 56 20 om
1293 502 127 29 30—460
1440 502 46 34 2.
1503 503 92 29 Från

111 551 326 39 rättvisesynpunkt
462 552 70 29 kan
556 552 194 39 berättigad
775 553 139 30 erinran
938 554 111 30 riktas
1075 554 165 30 däremot.
1265 555 67 29 För
1358 557 49 28 att
1432 556 162 37 utjämna

114 604 115 29 denna
247 605 152 28 skillnad
415 605 11 29 i
446 605 312 40 skattebelastning
776 608 128 28 mellan
924 608 198 29 studieåren
1142 609 19 28 å
1180 618 64 19 ena
1263 609 99 29 sidan
1381 610 64 28 och
1465 610 130 29 återbe-

114 657 176 39 talningen
314 658 19 29 å
357 658 66 29 den
447 658 110 30 andra
579 659 97 30 torde
699 660 71 29 viss
794 661 217 38 avdragsrätt
1035 670 83 21 vara
1141 662 201 29 motiverad.
1367 663 226 30 Beträffande

115 711 174 30 storleken
310 721 42 20 av
373 712 95 29 detta
490 713 128 39 avdrag
639 713 70 29 kan
731 714 94 29 olika
844 714 251 40 bedömningar
1117 716 176 39 föreligga.
1314 716 137 39 Frågan
1473 717 121 29 därom

111 765 98 29 torde
230 765 85 29 böra
335 766 101 38 göras
456 767 53 28 till
531 766 146 30 föremål
699 767 53 29 för
775 776 40 20 en
837 777 96 20 mera
953 768 170 39 ingående
1145 770 186 39 utredning
1353 771 44 29 än
1418 771 66 29 vad
1505 771 11 29 i
1538 771 55 29 de-

112 820 475 38 partementspromemorian
608 820 278 31 åstadkommits.
909 822 13 28 I
943 823 173 29 avvaktan
1136 822 110 40 härpå
1265 825 98 29 torde
1383 833 82 20 man
1484 842 21 2 —
1547 825 47 28 ef-

112 874 130 28 tersom
259 872 262 31 bestämmelser
539 874 10 28 i
569 874 117 29 ämnet
705 874 175 30 erfordras
898 875 108 30 redan
1026 876 53 29 för
1101 876 82 30 1969
1202 877 56 29 års
1277 878 157 39 taxering
1459 896 2 2 —
1512 887 82 20 vara

112 926 172 29 hänvisad
299 926 53 30 till
367 935 43 21 en
425 927 112 39 skälig
553 927 175 35 schablon,
746 937 74 21 som
835 929 149 29 framför
1000 930 62 29 allt
1078 930 109 29 siktar
1202 930 44 40 på
1262 931 65 29 den
1344 941 88 20 ovan
1447 932 147 29 berörda

109 980 246 39 utjämningen
376 990 42 19 av
439 981 392 30 skatteförhållandena.
854 983 53 29 En
928 984 316 38 avdragsschablon
1265 985 45 38 på
1331 985 40 29 40
1398 985 31 34 Z
1456 995 42 19 av
1521 988 70 27 stu-

113 1033 344 39 diemedelsavgiften
478 1043 73 21 som
573 1036 47 28 ett
639 1035 162 29 medeltal
822 1037 98 29 torde
941 1037 105 38 enligt
1067 1037 187 30 utskottets
1275 1039 141 38 mening
1436 1039 157 29 medföra

114 1095 42 20 en
175 1087 117 38 rimlig
311 1088 202 38 avvägning.
536 1088 176 29 Utskottet
731 1089 59 29 vill
810 1090 234 39 understryka
1065 1092 49 27 att
1135 1091 115 29 denna
1271 1091 166 30 schablon
1457 1092 61 29 bör
1539 1093 56 29 be-

112 1140 135 29 traktas
263 1149 74 20 som
355 1142 46 28 ett
417 1141 233 39 provisorium
667 1142 65 29 och
748 1144 50 27 att
814 1143 66 29 den
897 1143 163 29 fortsatta
1076 1144 231 39 utredningen
1323 1145 61 29 bör
1402 1155 79 20 avse
1499 1146 93 29 såväl

114 1193 444 40 studiemedelsavgifterna
577 1204 73 20 som
670 1196 111 29 andra
798 1196 210 30 låneformer
1028 1197 61 29 där
1108 1207 43 19 en
1169 1199 245 29 motsvarande
1434 1200 161 38 avdrags-

110 1248 70 29 rält
195 1257 102 29 synes
311 1248 122 29 kunna
445 1248 267 39 ifrågakomma.

156 1327 73 29 dels
244 1327 64 30 ock
322 1329 50 28 att
386 1328 171 30 utskottet
569 1329 78 29 bort
660 1329 194 35 hemställa,

475 1382 110 30 under
599 1383 157 39 punkten
771 1383 28 29 A
815 1383 34 34 1)

475 1437 51 28 att
544 1435 187 40 riksdagen
751 1454 43 3 —
813 1437 79 29 med
912 1437 225 31 förklarande
1158 1440 49 28 att
1227 1440 125 38 Kungl.
1373 1440 123 39 Maj:ts
1517 1449 76 30 pro-

431 1489 152 39 position
605 1499 41 19 nr
669 1490 39 29 81
732 1490 76 30 icke
832 1491 136 29 kunnat
990 1501 42 20 av
1053 1492 186 39 riksdagen
1263 1493 212 30 oförändrad
1498 1496 96 27 anta-

432 1551 59 31 gas
512 1561 45 2 —
579 1546 141 36 antager
744 1545 58 28 vid
825 1545 261 38 propositionen
1110 1546 95 38 fogat
1229 1546 130 40 förslag
1382 1548 53 28 till
1458 1548 55 39 lag
1537 1557 55 20 om

432 1597 149 39 ändring
597 1597 11 29 i
627 1597 424 41 kommunalskattelagen
1069 1599 67 30 den
1155 1599 40 30 28
1215 1601 192 38 september
1430 1601 81 30 1928
1536 1602 57 33 (nr

432 1650 80 34 370)
538 1651 79 29 med
640 1651 66 29 den
729 1651 201 40 ändringen,
954 1654 50 28 att
1026 1652 40 30 20
1091 1652 14 37 8
1129 1653 147 30 erhåller
1299 1654 157 40 följande
1479 1655 114 30 såsom

433 1704 187 29 utskottets
633 1703 132 40 förslag
777 1704 213 31 betecknade
1004 1706 143 39 lydelse:
1233 1703 2 3 |

250 1801 142 39 (Kungl.
406 1802 124 38 Maj:ts
544 1801 150 39 förslag)
1055 1803 210 34 (Utskottets
1279 1805 149 39 förslag)

807 1873 41 30 20
875 1874 27 36 8.

156 1934 66 29 Vid
235 1934 238 39 beräkningen
595 1952 44 3 —
815 1953 45 3 —
983 1946 41 19 av
1037 1936 41 30 43
1095 1937 49 36 $3
1159 1947 104 20 mom.

156 1987 138 39 Avdrag
307 1988 58 29 må
929 2007 16 3 —
986 1990 19 29 å
1020 1990 117 35 skuld;

156 2041 109 39 avgift
288 2041 106 39 enligt
417 2041 250 40 förordningen
693 2042 64 29 den
785 2042 39 29 15

112 2086 180 29 december
316 2086 83 30 1967
427 2086 59 34 (nr
508 2086 83 35 882)
618 2096 54 20 om
695 2086 129 30 studie-

110 2130 298 39 medelsavgifter;

156 2175 137 34 förlust,
309 2185 74 20 som
422 2193 72 3 ——
524 2193 135 3 ———
680 2193 146 4 ———
838 2177 54 28 till
906 2177 272 39 kapitalförlust.

928 2230 141 30 Oavsett
1089 2231 64 30 vad
1172 2232 10 29 i
1199 2232 288 40 nästföregående
1505 2235 88 38 styc-

883 2275 42 29 ke
948 2276 88 39 sägs,
1062 2277 80 38 äger
1165 2277 244 40 skattskyldig,
1432 2287 74 20 som
1533 2288 61 19 un-

883 2319 60 30 der
960 2320 317 40 beskattningsåret
1291 2322 109 39 erlagt
1414 2322 108 40 avgift
1538 2332 55 20 en-

884 2365 60 38 ligt
971 2365 249 39 förordningen
1250 2366 65 30 den
1346 2367 40 29 15
1414 2367 179 30 december

886 2409 82 30 1967
989 2409 59 34 (nr
1064 2409 82 35 882)
1166 2419 54 20 om
1238 2411 356 41 studiemedelsavgif-

882 2456 60 34 ter,
966 2455 69 28 rätt
1060 2455 51 28 till
1133 2455 129 39 avdrag
1285 2456 79 29 med
1387 2456 106 39 fyrtio
1514 2466 78 30 pro-

882 2500 77 27 cent
975 2507 42 20 av
1033 2498 57 29 det
1107 2499 137 38 erlagda
1263 2500 167 39 beloppet.
