2208 2614
663 145 361 42 Bevillningsutskottets
1047 144 194 31 betänkande
1265 143 52 32 Nr
1340 144 50 31 72.
1743 144 39 30 41

1078 223 210 48 Transport
1316 222 139 35 kronor
1483 222 265 47 439,900,000:
1765 242 49 5 —

361 276 172 36 Rörande
575 281 140 31 statens
751 275 165 36 inkomst
945 287 44 23 av
1018 273 354 48 tobaksmonopolet
1401 273 56 35 för

232 330 41 33 år
304 329 97 35 1920
429 328 68 35 har
524 327 271 37 statskontoret
824 325 177 49 åberopat
1029 337 48 23 en
1104 325 55 35 till
1181 325 273 35 statskontoret

234 379 84 35 från
347 379 254 48 aktiebolaget
630 378 162 36 svenska
823 376 357 48 tobaksmonopolet
1209 376 243 37 överlämnad

232 430 264 48 promemoria,
527 430 11 35 1
566 430 125 35 vilken
720 429 159 35 anförts:

360 480 279 36 »Statsverkets
689 480 166 35 inkomst
896 481 20 33 å
958 478 114 36 tobak
1114 478 119 35 under
1272 480 40 33 år
1356 479 96 34 1918

232 531 105 37 torde
365 532 152 35 komma
546 536 55 31 att
628 534 131 46 uppgå
786 531 70 36 till:

231 600 169 37 Inbetald
442 600 238 37 tobaksskatt
708 600 58 36 för
794 599 144 36 decem-

361 652 66 36 ber
458 654 95 34 1917
589 682 262 6 sooo00o0m0m.cv...c.vv.v
929 650 175 36 kronor
1161 650 213 46 1,791,078:
1394 658 42 26 06

232 703 169 37 Inbetald
438 703 239 36 tobaksskatt
705 704 57 36 för
785 681 151 70 januari

360 755 211 36 —oktober
601 756 132 35 1918
710 751 28 55 .
869 785 16 4 M
1016 766 17 23 »
1133 754 241 45 23,691,036:
1395 762 41 25 67

232 806 242 49 Uppskattad
515 786 254 56 tobaksskatt
777 785 86 56 för
872 818 65 23 no-

360 857 155 37 vember
542 859 123 34 1918.
814 887 121 5 een
1017 869 18 22 MD
1160 856 215 43 2,500,000:
1392 876 48 4 —

962 926 141 36 kronor
1133 926 240 46 27,982,114:
1395 934 56 26 73.

359 1012 210 49 Utdelning
614 1015 20 33 å
680 1012 221 36 stamaktier
929 1011 11 36 i

235 1064 256 49 aktiebolaget
532 1064 164 36 svenska
723 1064 214 36 tobaksmo-

231 1116 154 49 nopolet
397 1116 58 35 för
469 1116 340 36 verksamhetsåret
827 1117 110 44 1917,

232 1167 169 37 utbetald
430 1167 73 36 den
533 1168 46 35 15
607 1168 74 48 maj
707 1168 97 35 1918
830 1198 98 4 ........
1014 1179 18 23 »
1159 1166 216 46 4.7170,000:
1392 1186 49 5 —

359 1219 85 35 Tull
464 1219 58 35 för
543 1218 177 37 oarbetad
745 1218 115 37 tobak
879 1218 59 36 för

232 1273 39 33 år
301 1272 97 34 1918
428 1270 101 36 Cirka
558 1300 379 6 sossmsmmmsmmsmrensrsrnn
1019 1282 18 23 »
1161 1270 282 46 3,300,000:
1412 1265 36 56 —

360 1322 86 36 Tull
475 1321 58 36 för
560 1321 153 37 arbetad
741 1321 114 37 tobak
880 1321 59 36 för

232 1376 40 34 år
303 1375 96 35 1918
429 1373 101 36 cirka
555 1405 121 4 ..........
686 1403 248 6 BT
1016 1385 18 23 »
1159 1372 215 46 2,300,000:
1394 1392 43 5 —

965 1443 140 35 kronor
1161 1442 214 47 5,600,000:
1391 1462 61 14 —.

360 1529 73 36 För
461 1534 55 31 att
544 1528 174 47 bedöma,
747 1529 12 35 i
786 1528 72 37 vad
887 1531 88 33 mån
1003 1528 67 36 här
1089 1541 98 24 ovan
1207 1528 167 47 angivna
1400 1527 55 36 in-

231 1580 264 50 komstbelopp
528 1581 127 35 kunna
683 1580 188 49 påräknas
899 1580 134 49 inflyta
1068 1584 95 32 även
1193 1579 120 37 under
1343 1580 109 46 1920,

230 1632 106 36 torde
364 1646 91 22 vara
484 1646 46 22 av
556 1633 162 35 intresse
746 1637 55 30 att
828 1631 214 37 undersöka
1071 1632 45 36 de
1142 1631 312 49 försäljningsbe-

229 1684 102 49 lopp,
361 1686 21 34 å
409 1684 102 36 vilka
538 1684 100 36 skatt
665 1686 138 46 utgått.

358 1735 74 37 Det
460 1735 405 50 omsättningsbelopp,
891 1738 20 33 å
931 1735 118 36 vilket
1067 1734 240 37 tobaksskatt
1329 1737 126 45 utgått

231 1787 121 36 under
378 1788 131 48 loppet
537 1801 47 22 av
612 1787 70 36 sist
711 1786 178 37 förflutna
907 1789 46 34 12
982 1787 192 47 månader,
1203 1791 115 43 utgör
1337 1787 11 35 i
1367 1792 88 30 runt

232 1840 51 35 tal
313 1840 255 46 129,000,000
596 1839 150 36 kronor.
776 1839 266 36 Motsvarande
1061 1839 138 49 belopp
1219 1838 57 36 för
1295 1841 40 33 år
1356 1839 95 35 1917

230 1904 67 23 var
341 1891 230 47 84,000,000
613 1890 139 37 kronor
793 1891 69 36 och
906 1891 57 36 för
1004 1893 40 34 år
1087 1892 97 35 1916
1226 1891 228 46 66,000,000

232 1943 149 35 kronor.

366 1994 130 36 Denna
537 1994 146 48 ökning
723 1994 12 36 i
776 1993 394 50 omsättningsbelopp
1199 1998 41 32 är
1268 1992 186 37 beroende

233 2045 77 37 dels
339 2045 128 50 därpå,
498 2051 53 31 att
570 2045 373 50 tobaksmonopolets
964 2045 294 49 tillverkningar
1276 2045 12 36 i
1308 2045 145 48 stycke-

230 2097 51 36 tal
319 2111 45 22 av
397 2098 177 48 cigarrer,
609 2098 368 48 cigarr-cigarretter
1005 2097 71 37 och
1108 2098 225 48 cigarretter
1359 2096 96 36 varit

1092 2166 208 50 Transport
1328 2165 140 37 kronor
1496 2167 266 47 439,900,000:
1779 2187 50 5 —

318 2225 128 43 Bihang
469 2227 48 32 till
539 2226 186 43 riksdagens
742 2227 157 42 protokoll
924 2228 94 31 1919.
1065 2227 20 30 7
1108 2226 90 31 saml.
1245 2227 42 31 63
1309 2225 80 40 häft.
1441 2226 65 41 (Nr
1528 2225 65 41 72)
1766 2226 19 31 6
