1876 2846
494 168 103 27 Andra
619 168 215 35 lagutskottets
856 166 159 28 utlåtande
1035 167 44 26 Nr
1100 168 47 26 23.
1549 170 18 30 5

120 249 66 31 Vid
208 250 81 29 1921
312 248 54 31 års
386 248 142 39 riksdag
547 248 139 30 väcktes
705 247 95 30 inom
821 247 110 30 andra
951 247 205 29 kammaren
1175 256 42 20 en
1236 247 142 36 motion,
1399 257 40 21 nr
1461 249 48 36 13,
1530 258 42 21 av

79 302 120 31 herrar
219 302 149 30 Jonsson
388 303 11 30 i
417 302 138 39 Risinge
571 303 66 30 och
655 303 179 29 Westman
853 302 11 30 i
882 300 213 40 Brobygård,
1115 300 11 30 i
1142 300 116 30 vilken
1273 299 231 35 hemställdes,
1524 300 49 28 att

79 355 186 40 riksdagen
286 355 106 31 måtte
413 356 11 29 i
447 356 163 30 skrivelse
633 355 51 30 till
707 355 122 39 Kungl.
854 354 101 38 Maj:t
978 353 150 36 anhålla,
1153 356 50 27 att
1225 352 122 38 Kungl.
1372 351 102 39 Maj:t
1495 350 78 31 ville

79 409 138 40 vidtaga
238 409 158 40 åtgärder
417 409 56 31 för
495 409 310 31 åstadkommande
827 417 42 22 av
888 407 148 40 ändring
1055 407 10 30 i
1085 407 160 39 gällande
1262 406 214 39 stadganden
1493 404 12 31 i
1525 405 47 30 la-

80 471 65 31 gen
164 472 57 21 om
242 463 231 39 fattigvården
492 463 148 30 rörande
657 463 140 30 förvärv
817 472 42 20 av
880 462 224 30 hemortsrätt
1124 461 11 30 i
1153 460 89 39 syfte
1262 463 47 27 att
1329 458 124 40 bringa
1475 459 97 30 dessa

80 517 214 39 stadganden
321 517 10 30 i
356 519 163 28 närmare
544 516 340 31 överensstämmelse
912 516 80 30 med
1017 515 42 30 de
1083 513 182 40 riktlinjer,
1293 523 74 21 som
1395 511 146 41 angivits
1562 511 11 30 i

80 570 202 39 riksdagens
300 571 246 30 ovannämnda
568 569 165 32 skrivelse
751 570 67 30 den
840 570 38 29 12
902 569 72 39 maj
1001 569 93 29 1905.

124 624 14 30 I
153 623 56 31 sitt
226 625 80 30 över
324 624 177 30 motionen
518 624 146 39 avgivna
678 622 186 36 utlåtande,
881 633 42 20 nr
941 623 29 35 5,
988 621 145 31 anförde
1148 621 109 30 andra
1274 620 231 39 lagutskottet,
1524 621 49 28 att

80 678 165 30 utskottet
261 677 74 31 icke
351 677 117 31 funnit
485 677 107 39 några
608 677 232 39 övertygande
856 677 76 29 skäl
949 675 54 31 för
1019 674 217 40 upprivande
1252 683 42 21 av
1315 674 83 30 1918
1415 672 55 31 års
1487 671 85 31 riks-

80 731 83 38 dags
184 731 121 30 beslut.
339 731 172 30 Utskottet
528 731 213 35 hemställde,
762 733 47 28 att
827 729 178 31 motionen
1022 728 75 31 icke
1117 727 109 31 måtte
1245 727 181 30 föranleda
1443 725 51 31 till
1513 724 59 32 nå-

80 792 67 31 gon
168 784 202 39 riksdagens
391 784 131 39 åtgärd,
542 784 116 30 vilken
679 783 206 31 hemställan
908 792 43 21 av
973 782 185 39 riksdagen
1176 780 126 31 bifölls.

125 892 14 30 I
157 891 162 31 skrivelse
336 891 50 31 till
404 892 193 39 Konungen
613 892 67 29 den
700 892 37 29 12
756 889 137 40 januari
913 891 83 29 1928
1013 888 145 31 anförde
1176 888 164 39 styrelsen
1354 887 55 30 för
1426 886 147 31 svenska

81 946 374 30 landskommunernas
474 945 152 38 förbund
639 965 45 3 —
699 945 109 30 under
823 942 257 32 framhållande
1095 952 42 21 av
1156 941 91 31 vissa
1264 941 229 39 olägenheter,
1513 938 60 32 vil-

79 999 46 30 ka
141 999 106 38 enligt
262 999 183 38 styrelsens
463 998 90 31 åsikt
568 1007 80 21 vore
664 997 200 31 förbundna
879 997 81 29 med
976 995 324 39 fattigvårdslagens
1316 994 256 30 hemortsrätts-

80 1052 259 30 bestämmelser
355 1071 45 3 —
417 1055 50 27 att
483 1052 56 30 det
556 1054 115 37 syntes
689 1051 166 39 styrelsen
872 1049 223 39 nödvändigt,
1113 1052 51 27 att
1180 1058 42 20 en
1239 1047 133 39 allsidig
1389 1046 185 39 utredning

80 1105 171 40 företoges
274 1115 57 21 om
354 1105 265 39 möjligheterna
644 1105 55 30 för
724 1104 303 39 åvägabringande
1051 1112 42 21 av
1114 1112 43 21 en
1178 1103 110 29 bättre
1311 1102 166 29 sakernas
1497 1100 75 30 ord-

80 1158 92 40 ning,
198 1163 89 27 samt
309 1162 48 27 att
376 1160 58 29 det
455 1159 97 30 torde
576 1159 142 30 komma
742 1161 48 27 att
809 1156 137 40 framgå
970 1166 41 21 av
1034 1155 238 39 utredningen,
1297 1154 94 31 vilka
1415 1153 158 40 åtgärder

80 1222 75 21 som
184 1212 196 39 lämpligast
411 1213 108 29 borde
548 1212 155 39 vidtagas
732 1211 54 30 för
816 1210 248 39 avhjälpandet
1090 1219 42 21 av
1163 1209 41 30 de
1234 1208 159 40 påtalade
1419 1206 153 31 missför-

79 1265 220 31 hållandena.

124 1319 153 31 Berörda
296 1318 163 32 skrivelse
482 1320 63 30 har
568 1319 105 39 enligt
693 1318 136 40 uppgift
848 1318 31 39 ej
901 1317 163 31 föranlett
1087 1325 117 21 annan
1223 1315 120 39 åtgärd
1365 1316 45 29 än
1433 1317 49 27 att
1499 1323 42 21 en
1563 1312 12 31 i

81 1373 189 30 skrivelsen
287 1372 98 40 gjord
403 1372 257 39 framställning
679 1382 57 21 om
754 1371 311 31 åstadkommande
1083 1379 42 21 av
1143 1379 42 21 en
1204 1378 94 21 mera
1316 1367 144 32 effektiv
1477 1376 96 21 man-

81 1425 245 40 talsskrivning
342 1427 232 29 överlämnats
592 1425 50 31 till
660 1425 388 39 finansdepartementet
1065 1423 55 31 för
1135 1426 49 27 att
1198 1426 94 35 tagas
1309 1421 10 30 i
1335 1420 239 39 övervägande

80 1479 11 30 i
108 1480 170 29 samband
299 1480 79 29 med
399 1489 43 20 en
459 1479 144 39 påtänkt
626 1478 221 39 omläggning
867 1487 42 21 av
928 1475 307 39 folkbokföringen
1256 1475 10 29 i
1289 1475 75 30 dess
1387 1474 125 30 helhet.

125 1586 13 29 I
162 1595 42 20 en
228 1585 56 30 vid
310 1586 83 29 1928
418 1585 56 30 års
497 1584 139 39 riksdag
662 1584 94 30 inom
781 1583 109 31 andra
912 1584 206 29 kammaren
1142 1582 102 29 väckt
1267 1580 142 35 motion,
1436 1589 40 20 nr
1500 1579 72 35 366,

80 1639 204 30 hemställde
304 1638 57 31 fru
384 1638 138 39 Ekberg
546 1639 65 29 och
635 1638 57 30 fru
715 1637 165 39 Thäring,
901 1640 48 27 att
972 1636 185 38 riksdagen
1181 1634 104 31 måtte
1307 1634 11 30 i
1338 1633 164 31 skrivelse
1524 1632 50 31 till

81 1692 123 39 Kungl.
227 1691 100 39 Maj:t
342 1692 183 30 hemställa
545 1701 57 21 om
622 1691 183 39 utredning
823 1689 178 40 angående
1019 1688 263 40 möjligheterna
1302 1690 48 28 att
1369 1686 70 31 låta
1458 1686 114 31 lands-

80 1745 281 39 tingsområdena
378 1746 123 38 utgöra
521 1744 399 40 fattigvårdssamhällen
938 1746 88 27 samt
1045 1742 54 31 för
1117 1742 184 38 riksdagen
1320 1741 194 38 framlägga
1532 1740 42 29 de

80 1798 139 40 förslag,
240 1798 113 31 vartill
371 1798 229 39 utredningen
616 1798 212 30 föranledde.

124 1852 14 29 I
162 1852 56 30 sitt
237 1853 80 29 över
337 1851 177 31 motionen
537 1851 146 39 avgivna
703 1850 187 36 utlåtande,
910 1860 41 20 nr
971 1851 51 34 22,
1046 1849 146 30 anförde
1214 1848 108 30 andra
1340 1847 231 38 lagutskottet,

81 1908 48 27 att
151 1904 105 39 enligt
277 1906 181 29 utskottets
480 1905 228 30 förmenande
729 1904 37 30 så
788 1907 92 27 stora
901 1902 275 39 betänkligheter
1199 1902 104 30 mötte
1325 1903 73 27 mot
1420 1903 48 27 att
1491 1900 82 38 göra

80 1957 383 39 landstingsområdena
481 1957 51 31 till
553 1957 409 39 fattigvårdssamhällen,
986 1959 48 26 att
1055 1956 164 29 utskottet
1240 1954 30 38 ej
1293 1953 117 30 kunde
1433 1952 141 30 förorda

80 2021 41 20 en
140 2011 109 30 sådan
269 2010 156 40 ordning.

124 2064 175 30 Motionen
321 2064 76 30 blev
419 2064 150 30 därefter
592 2074 41 20 av
656 2063 183 39 riksdagen
861 2063 171 38 avslagen.

124 2170 64 31 Vid
212 2180 133 21 samma
367 2170 140 39 riksdag
531 2171 138 29 väcktes
696 2170 9 30 i
732 2169 168 30 samband
922 2169 79 29 med
1027 2168 122 38 Kungl.
1178 2166 116 39 Maj:ts
1320 2164 252 41 propositioner

79 2225 78 28 med
176 2224 129 37 förslag
325 2223 49 30 till
395 2223 373 38 kommunalskattelag
788 2232 43 20 m.
851 2232 44 20 m.
914 2220 179 35 motioner,
1115 2230 41 20 nr
1177 2221 61 28 314
1257 2219 10 30 i
1287 2219 108 30 första
1417 2219 154 28 kamma-

80 2286 60 20 ren
162 2286 41 20 av
226 2277 78 29 herr
326 2276 120 30 Möller
467 2286 44 19 m.
535 2276 34 29 fl.
594 2277 65 28 och
681 2286 40 19 nr
744 2276 62 28 509
829 2275 9 29 i
861 2275 110 29 andra
992 2275 203 28 kammaren
1215 2282 41 20 av
1278 2273 79 28 herr
1381 2271 160 29 Hansson
1562 2269 11 30 i

82 2329 199 29 Stockholm
296 2339 43 19 m.
357 2329 46 35 fl.,
422 2329 9 29 i
448 2328 92 30 vilka
554 2328 169 30 motioner
740 2328 231 33 hemställdes,
989 2330 47 26 att
1049 2325 184 36 riksdagen
1249 2324 104 30 måtte
1367 2325 64 28 hos
1449 2323 122 38 Kungl.

80 2381 100 38 Maj:t
202 2382 124 37 begära
348 2381 149 38 förnyad
519 2380 183 38 utredning
727 2391 41 19 av
792 2378 442 36 kommunalskattefrågan
1255 2377 9 29 i
1287 2376 150 37 enlighet
1461 2376 78 29 med
1562 2374 10 30 i

80 2434 216 30 molionerna
318 2434 149 37 angivna
489 2434 180 38 riktlinjer.

125 2486 173 31 Särskilda
324 2488 173 33 utskottet,
523 2486 46 30 till
598 2496 76 20 vars
701 2485 210 38 behandling
935 2485 139 30 ärendet
1102 2484 176 33 hänsköts,
1309 2483 147 36 föreslog
1483 2480 8 30 i
1516 2480 55 31 sitt
