2222 2634
410 137 37 30 12
873 135 250 32 Statsutskottets
1147 134 162 32 utlåtande
1331 135 48 31 Nr
1403 135 52 30 42.

493 214 148 37 Genom
671 214 62 36 det
761 213 201 36 inträffade
990 220 101 29 raset
1119 213 69 36 och
1218 213 114 35 andra
1360 213 328 48 omständigheter
1716 213 169 36 kommer
1911 219 55 31 ett

363 268 222 48 ytterligare
628 265 281 49 framflyttande
951 278 47 22 av
1039 265 102 35 tiden
1181 264 58 36 för
1267 263 330 48 färdigställandet
1626 278 45 22 av
1700 264 266 49 dubbelspårs-

361 318 232 49 byggnaden
623 323 53 30 att
704 322 73 42 äga
803 330 93 22 rum.
953 316 133 48 Enligt
1114 316 232 36 revisorerna
1375 329 45 22 av
1440 315 524 49 byggnadskommissionens

362 369 216 37 arbetschef
616 368 150 36 lämnad
813 368 153 48 uppgift
1012 367 183 36 beräknas
1244 367 194 48 nämligen
1480 380 156 23 numera
1678 368 287 50 dubbelspårets

362 420 202 49 öppnande
609 421 57 35 för
706 419 110 36 trafik
850 419 154 36 komma
1032 426 52 28 att
1112 419 66 36 ske
1207 419 158 47 tidigast
1392 422 117 32 våren
1542 420 106 34 1918.
1704 420 114 36 Detta
1846 420 118 48 dröjs-

362 473 75 35 mål
479 472 128 35 kunna
648 471 232 36 revisorerna
922 471 85 35 med
1051 471 147 48 hänsyn
1228 470 56 36 till
1312 470 399 36 trafikförhållandena
1739 472 80 36 icke
1847 478 118 29 annat

362 529 48 30 än
439 523 185 36 beteckna
652 526 123 32 såsom
805 522 245 49 synnerligen
1077 522 221 48 beklagligt.

491 575 102 36 Utan
622 580 55 30 att
695 575 92 47 ingå
806 575 11 34 i
841 573 231 37 bedömande
1091 587 46 22 av
1157 574 45 35 de
1222 573 145 36 utförda
1387 573 176 36 tekniska
1582 574 383 50 undersökningarna

363 627 58 35 för
463 627 45 36 de
548 626 96 36 båda
676 626 236 36 landfästena
940 625 72 36 och
1041 625 222 49 bropelarna
1286 625 88 49 vilja
1402 625 235 36 revisorerna
1665 625 196 38 framhålla
1889 627 75 36 den

361 678 191 48 bjudande
595 677 333 48 nödvändigheten
957 691 58 32 av,
1045 682 55 31 att
1129 677 232 36 beträffande
1390 677 104 35 såväl
1522 677 215 36 landfästen
1767 690 79 23 som
1873 678 89 37 bro-

362 730 126 49 pelare
535 730 89 48 inga
666 730 176 48 åtgärder
882 729 227 46 underlåtas,
1152 729 101 35 vilka
1294 729 128 35 kunna
1464 742 109 22 anses
1615 729 247 48 erforderliga
1904 730 60 35 för

362 782 191 35 vinnande
582 795 45 22 av
657 781 68 36 full
753 781 183 49 trygghet
964 780 159 36 rörande
1151 780 324 49 brobyggnadens
1504 781 175 35 framtida
1708 780 189 37 bestånd.»

493 884 85 36 Med
620 884 205 48 anledning
866 897 46 22 av
942 883 102 36 detta
1072 884 251 36 revisorernas
1350 884 178 48 yttrande
1555 883 69 36 har
1651 884 316 48 byggnadskom-

363 936 205 36 missionen
600 936 56 35 för
685 935 265 48 dubbelspåret
978 935 381 48 Rönninge—Ström
1388 936 12 34 i
1429 935 193 36 utlåtande
1652 936 74 35 den
1750 938 44 34 13
1811 937 152 47 januari

367 990 94 33 1917
493 988 126 35 anfört
646 987 181 48 följande:

492 1039 76 36 »Då
596 1039 235 36 revisorerna
859 1039 85 35 med
974 1039 231 48 hänvisning
1233 1039 56 35 till
1318 1039 72 36 den
1416 1052 46 22 av
1484 1040 97 34 1915
1602 1042 60 32 års
1684 1040 285 35 statsrevisorer

364 1092 165 47 avgivna
559 1090 225 36 berättelsen
815 1090 196 47 angående
1038 1090 285 48 granskningen
1352 1104 47 22 av
1427 1090 246 37 statsverkets
1703 1091 159 48 styrelse
1892 1091 70 36 och

362 1142 236 48 förvaltning
625 1143 12 34 i
665 1142 58 35 sin
765 1142 184 36 skrivelse
991 1142 156 36 allenast
1189 1143 140 35 lämnat
1357 1156 47 22 en
1432 1142 244 48 redogörelse
1706 1143 58 35 för
1791 1142 44 36 de
1864 1142 98 36 intill

363 1207 134 23 senare
539 1194 109 36 delen
690 1207 46 22 av
781 1195 95 34 1915
919 1193 152 36 utförda
1111 1193 188 48 arbetena,
1329 1194 55 36 får
1412 1194 299 36 kommissionen
1739 1193 117 37 under
1885 1194 77 35 för-

364 1245 316 37 handenvarande
720 1245 323 48 omständigheter
1071 1245 181 48 därjämte
1279 1246 125 35 lämna
1431 1245 168 49 följande
1626 1245 246 36 meddelande
1901 1258 60 23 om

364 1298 46 36 de
438 1297 281 47 huvudsakliga
749 1296 162 47 arbeten,
941 1297 103 35 vilka
1073 1310 45 22 av
1146 1297 296 36 kommissionen
1470 1297 138 36 utförts
1628 1297 117 36 sedan
1766 1296 198 37 arbetenas

363 1349 133 48 början
525 1348 70 36 och
624 1349 57 35 till
710 1348 68 36 och
807 1348 84 36 med
921 1351 197 46 utgången
1147 1362 46 22 av
1222 1355 39 29 år
1292 1351 108 45 1916,
1430 1349 210 47 nämligen:

492 1400 54 37 Ur
586 1402 155 34 kanalen
782 1400 97 36 hava
921 1414 46 22 av
996 1400 212 36 beräknade
1236 1401 139 35 inemot
1406 1402 163 44 700,000
1597 1400 237 36 kubikmeter
1857 1400 107 48 jord-

364 1452 183 48 skärning
574 1452 162 48 uttagits
766 1452 176 48 omkring
972 1453 161 46 540,000
1162 1451 250 47 kubikmeter,
1442 1452 103 36 vilka
1573 1452 304 48 huvudsakligen
1897 1465 66 22 an-

363 1509 112 31 vänts
504 1507 123 49 såsom
656 1504 152 47 sidotag
838 1504 56 35 för
922 1504 252 47 terrassering
1202 1517 46 22 av
1274 1503 547 49 dubbelspårsanläggningen.

494 1558 33 33 Å
563 1558 206 43 järnvägen
805 1555 97 35 hava
931 1561 105 30 utom
1066 1568 94 23 ovan
1189 1556 165 35 nämnda
1382 1555 415 48 terrasseringsmassor
1824 1555 140 36 utförts

365 1609 113 44 7,660
521 1613 119 30 meter
681 1607 128 35 enkel-
851 1607 69 36 och
960 1609 110 41 5,937
1101 1612 117 31 meter
1246 1607 240 49 dubbelspår,
1515 1607 186 48 varjämte
1730 1607 238 36 återstående

367 1660 110 45 1,;00
508 1665 117 30 meter
654 1662 88 45 spår
769 1658 203 49 påbörjats.

498 1711 375 48 Bergsprängnings-
917 1710 72 36 och
1030 1710 284 37 tunnelarbeten
1356 1711 97 35 hava
1490 1711 11 35 i
1537 1711 63 35 det
1640 1710 91 36 allra
1771 1715 195 30 närmaste

364 1762 225 36 fullbordats
617 1784 50 4 —
695 1762 84 35 med
821 1775 46 22 en
910 1762 262 49 sammanlagd
1210 1762 246 49 tunnellängd
1487 1776 46 22 av
1563 1764 71 34 656
1664 1768 117 30 meter
1807 1783 51 5 —
1884 1775 81 22 var-

360 1815 121 47 jämte
512 1814 178 47 omkring
719 1811 39 44 ”/;
788 1827 45 22 av
862 1814 48 35 all
940 1814 283 48 skenläggning
1251 1814 146 36 utförts.

494 1865 83 36 Med
606 1865 247 48 förbigående
882 1878 46 23 av
949 1865 144 49 övriga,
1113 1866 147 36 mindre
1280 1865 154 37 arbeten
1454 1868 20 33 å
1489 1865 476 49 järnvägsanläggningen

364 1920 61 32 må
467 1931 60 22 om
567 1918 154 35 broarna
750 1917 151 36 särskilt
931 1917 162 42 anföras,
1123 1923 54 30 att
1205 1917 94 36 bron
1327 1923 88 30 över
1442 1917 159 36 kanalen
1630 1917 64 35 vid
1724 1916 123 37 Ström
1876 1916 87 36 full-

363 1967 154 38 hordats
545 1975 99 30 samt
672 1974 54 30 att
755 1968 57 36 för
839 1968 95 36 bron
963 1973 89 31 över
1081 1968 208 49 Södertälje
1308 1969 112 36 kanal
1440 1969 249 46 landfästena,
1711 1968 85 36 med
1817 1968 149 36 undan-

364 2026 68 42 tag
474 2034 45 22 av
563 2020 265 47 stenkonerna,
868 2026 100 30 samt
1006 2033 110 23 norra
1143 2021 151 48 pelaren
1323 2021 260 47 färdigställts,
1614 2020 69 36 och
1713 2025 54 31 att
1795 2020 11 35 i
1835 2020 129 47 övrigt

365 2073 59 34 för
453 2072 110 53 södra
591 2072 153 48 pelaren
773 2074 111 46 spånt
912 2072 72 36 och
1012 2073 191 47 grävning
1231 2072 118 36 delvis
1377 2073 149 35 utförts.

494 2128 34 31 ÅA
571 2125 205 43 Södertälje
814 2126 134 33 station
990 2128 41 31 är
1071 2123 427 49 bangårdsbyggnaden
1525 2124 11 36 i
1566 2124 61 36 det
1659 2129 189 31 närmaste
1876 2123 89 35 full-

365 2175 155 48 bordad,
562 2181 171 30 varemot
774 2175 292 36 stationshusets
1108 2175 243 50 ombyggnad
1386 2176 34 48 ej
1450 2175 205 49 påbörjats,
1685 2175 71 36 och
1785 2178 21 33 å
1832 2176 134 35 Näsets

367 2229 163 44 bangård
559 2232 63 31 äro
651 2227 245 46 stationshus,
925 2227 272 48 godsmagasin
1226 2227 70 37 och
1325 2227 112 36 uthus
1466 2228 10 35 i
1507 2228 63 35 det
1597 2232 191 31 närmaste
1813 2226 153 49 färdiga

365 2286 99 28 samt
505 2283 53 32 ett
599 2278 228 36 boställshus
868 2278 183 49 påbörjat,
1092 2279 184 48 varjämte
1316 2278 266 49 rälsläggning
1624 2279 70 36 och
1727 2279 188 48 grusning
1943 2280 23 32 å

364 2330 221 48 bangården
614 2333 110 46 pågå.
