2206 2636
446 205 17 28 2
914 203 233 33 Statsutskottets
1175 202 165 33 Ullåtande
1363 200 62 33 N:o
1448 203 51 29 64.

405 284 128 47 andra,
559 289 54 30 att
638 282 288 49 närgränsande
954 282 226 36 kommuner
1208 280 95 37 eller
1331 279 117 37 andra
1470 279 255 35 intressenter
1744 277 12 36 i
1776 282 122 41 orten,
1922 289 81 23 som

405 335 41 36 af
482 334 138 48 Kongl.
662 333 107 48 Maj:t
809 332 236 48 godkändes,
1085 331 187 37 förbunde
1302 330 59 48 sig
1385 335 65 40 att,
1478 334 80 31 mot
1584 327 189 49 rättighet
1800 332 56 31 att
1883 326 122 49 enligt

403 384 297 48 vederbörligen
727 383 179 37 faststäld
933 388 88 31 taxa
1048 383 172 49 uppbära
1248 379 274 50 hamnafgifter
1550 379 41 37 af
1615 379 118 36 andra
1761 382 48 32 än
1837 378 167 36 kronans

405 436 137 48 fartyg,
567 435 212 37 vidkännas
808 434 74 37 alla
910 433 208 37 kostnader
1145 432 57 37 för
1230 430 374 49 hamnbyggnadens
1632 428 212 38 underhåll.

537 486 17 36 I
593 485 207 48 anledning
840 484 111 37 häraf
987 484 99 36 hade
1128 483 121 48 enligt
1286 482 103 36 hvad
1422 479 427 51 departementschefen
1876 478 129 37 vidare

405 537 205 47 meddelat,
652 537 206 44 Runstens,
899 534 223 48 Gärdslösa,
1167 533 198 48 Långlöts,
1405 532 228 49 Repplinge,
1675 530 218 48 Högsrums
1933 528 72 37 och

406 588 243 46 Glömminge
678 587 227 36 kommuner
933 585 120 48 åtagit
1076 585 60 48 sig
1163 589 66 42 att,
1257 588 81 32 mot
1363 582 166 37 nämnda
1552 581 185 48 rättighet
1761 585 55 32 att
1834 579 172 50 uppbära

405 638 269 48 hamnafgifter
698 637 73 38 och
800 637 119 37 sedan
947 634 406 49 hamnanläggningen
1381 633 126 37 blifvit
1530 632 87 37 fullt
1644 631 126 48 färdig
1798 631 71 37 och
1887 631 13 36 i
1920 630 86 36 full-

405 690 95 48 godt
528 689 110 37 stånd
666 688 40 37 af
730 687 289 37 vederbörande
1049 686 171 48 afsynad,
1248 685 214 37 vidkännas
1483 683 73 37 alla
1574 682 210 38 kostnader
1803 681 58 37 för
1875 681 132 36 hamn-

404 740 255 49 byggnadens
698 738 216 45 underhåll;
954 737 73 37 och
1055 737 97 36 hade
1189 736 140 47 Kongl.
1358 735 107 48 Maj:t
1493 734 74 37 den
1595 736 47 34 28
1670 732 211 37 november
1911 733 95 35 1884

404 791 207 50 uppdragit
635 794 36 33 åt
699 795 93 42 väg-
822 789 72 37 och
921 786 532 50 vattenbyggnadsstyrelsen
1477 790 56 31 att
1551 783 225 38 föranstalta
1796 796 60 24 om
1875 782 132 37 hamn-

406 841 253 50 byggnadens
687 840 201 37 utförande
915 840 102 35 inom
1047 838 64 36 det
1137 837 194 49 beviljade
1359 836 185 49 beloppet
1570 835 12 36 i
1612 834 174 49 enlighet
1813 833 87 37 med
1932 832 75 37 för-

406 893 84 48 slag
531 892 41 37 af
605 893 194 48 kaptenen
840 881 138 46 Öhnell
1018 889 87 37 med
1147 889 102 36 vissa
1290 887 81 37 deri
1412 886 40 37 af
1488 886 189 49 styrelsen
1710 884 203 37 förordade
1943 888 64 32 än-

406 944 166 48 dringar.

540 994 126 37 Sedan
706 992 221 48 Riksdagen
970 994 40 33 år
1053 991 92 36 1887
1186 989 151 37 anvisat
1375 987 223 50 ytterligare
1639 987 109 47 7,750
1781 985 142 37 kronor
1950 984 57 37 för

406 1044 264 38 fullbordande
698 1044 41 36 af
762 1041 362 48 hamnbyggnaden,
1152 1039 97 37 hade
1269 1039 222 36 densamma
1506 1038 75 36 den
1597 1039 21 35 9
1639 1036 207 37 december
1865 1048 143 25 samma

407 1100 38 33 år
472 1096 126 37 blifvit
625 1093 171 49 afsynad.

539 1147 17 35 I
588 1144 204 38 skrifvelse
821 1143 74 36 den
925 1145 43 34 17
998 1141 217 49 september
1246 1142 94 34 1896
1360 1139 97 36 hade
1479 1138 112 37 Stora
1609 1138 96 36 Rörs
1725 1136 283 49 hamnstyrelse

406 1199 70 36 hos
516 1196 140 47 Kongl.
698 1195 107 48 Maj:t
843 1194 102 48 gjort
980 1191 282 47 framställning
1286 1203 61 23 om
1375 1188 219 38 beredande
1624 1188 42 37 af
1689 1187 235 48 statsanslag
1950 1186 59 37 för

406 1247 220 47 förändring
650 1247 71 36 och
750 1244 232 47 förbättring
1010 1243 42 36 af
1075 1241 289 48 ifrågavarande
1389 1241 126 36 hamn.
1570 1238 320 49 Hamnstyrelsen
1909 1237 98 37 hade

408 1299 132 37 dervid
570 1297 137 47 anfört,
736 1294 119 39 bland
883 1299 126 42 annat,
1038 1298 55 32 att
1120 1292 66 37 det
1213 1291 155 38 område
1397 1291 41 36 af
1451 1291 177 46 hamnen,
1649 1303 82 23 som
1752 1302 141 35 genom
1912 1301 96 36 upp-

407 1349 204 47 muddring
637 1348 124 48 gjorts
788 1346 58 36 för
875 1345 180 49 sjöfarten
1084 1343 252 49 tillgängligt,
1364 1354 90 24 vore
1483 1340 126 38 alltför
1638 1339 258 48 otillräckligt,
1917 1343 92 32 enär

408 1401 137 37 endast
572 1405 54 31 ett
654 1398 92 37 eller
774 1397 116 47 högst
916 1399 64 33 två
1007 1395 129 49 fartyg
1163 1393 127 37 kunde
1320 1396 49 46 på
1397 1405 47 24 en
1471 1395 107 45 gång
1605 1391 180 36 förankra
1811 1390 11 36 i
1842 1390 166 36 hamnen

409 1453 93 35 eller
530 1455 144 43 angöra
702 1447 238 38 dervarande
968 1446 243 48 lastbrygga;
1241 1449 55 32 att
1323 1443 253 48 lastbryggan
1603 1455 92 23 vore
1724 1440 203 50 olämpligt
1944 1440 65 37 be-

406 1503 127 48 lägen,
572 1501 11 36 i
615 1499 93 49 följd
744 1497 139 38 hvaraf
910 1497 198 48 fartygens
1137 1494 271 48 manövrering
1434 1493 103 37 inom
1566 1492 74 38 den
1667 1494 137 45 trånga
1832 1492 176 45 hamnen,

407 1553 172 37 särdeles
619 1551 63 36 vid
723 1549 169 37 rådande
929 1554 117 30 storm
1087 1547 71 36 och
1199 1546 114 37 deraf
1343 1544 193 38 föranledt
1562 1543 187 48 vågsvall,
1777 1542 13 36 i
1817 1541 193 48 väsentlig

407 1607 86 34 mån
522 1601 254 46 försvårades,
806 1599 177 37 deröfver
1007 1598 72 36 ock
1102 1602 78 31 täta
1208 1595 193 49 klagomål
1428 1595 81 37 från
1538 1593 288 38 befälhafvarne
1856 1596 21 33 å
1904 1592 105 36 ham-

408 1669 75 23 nen
510 1651 255 39 trafikerande
793 1651 129 47 fartyg
949 1649 203 49 försports;
1181 1653 54 31 att
1262 1645 311 49 hamnstyrelsen
1593 1647 48 46 på
1654 1643 125 49 grund
1798 1643 40 37 af
1848 1642 161 37 berörda

410 1704 263 38 förhållanden
714 1706 143 43 ansåge
898 1698 353 50 hamnbyggnaden
1293 1698 129 35 kunna
1463 1701 116 43 sägas
1620 1695 124 47 aldrig
1771 1693 114 37 hafva
1913 1693 97 36 varit

407 1756 125 48 färdig
569 1755 94 36 eller
699 1756 41 33 så
780 1751 139 47 utförd,
960 1764 82 23 som
1083 1749 82 37 från
1184 1748 143 53 början
1355 1747 98 36 varit
1479 1746 136 46 afsedt,
1643 1746 13 36 i
1684 1745 212 49 synnerhet
1922 1743 87 37 med

408 1808 149 48 hänsyn
585 1805 58 36 till
671 1804 88 36 dess
789 1801 290 38 användbarhet
1106 1799 57 37 för
1190 1799 63 36 det
1281 1799 166 36 hamnen
1474 1796 256 38 trafikerande
1767 1794 242 51 postångfar-

407 1863 111 44 tyget
545 1847 139 53 Öland;
714 1860 65 40 att,
809 1853 119 37 sedan
956 1851 139 48 Kongl.
1124 1850 117 49 Maj:t,
1269 1852 50 46 på
1347 1849 130 36 derom
1506 1848 42 36 af
1571 1846 308 48 hamnstyrelsen
1897 1845 112 49 gjord

409 1906 293 48 framställning,
744 1905 74 36 den
863 1906 43 34 11
948 1902 72 48 maj
1054 1903 95 35 1894
1177 1900 151 37 anvisat
1355 1899 124 37 medel
1506 1898 58 37 till
1600 1897 252 50 uppgörande
1881 1896 41 37 af
1944 1896 65 36 rit-

408 1961 93 46 ning
530 1958 72 37 och
630 1954 330 48 kostnadsförslag
987 1953 58 36 till
1073 1951 162 48 ändring
1263 1951 42 36 af
1328 1950 255 49 lastbryggan
1610 1948 64 37 vid
1702 1948 179 46 hamnen,
1913 1947 96 48 byg-

408 2010 126 48 gande
559 2008 41 37 af
623 2021 50 35 ny
700 2006 138 48 lastkaj
870 2010 97 31 samt
994 2002 227 48 erforderlig
1243 2000 288 50 uppmuddring
1558 1999 41 37 af
1622 1999 164 37 hamnen
1815 1998 57 36 till
1900 1996 112 37 deraf

409 2059 202 49 betingadt
647 2063 119 31 större
804 2057 168 45 omfång,
1008 2053 136 37 chefen
1183 2053 59 36 för
1281 2057 103 32 östra
1424 2055 92 44 väg-
1544 2050 73 37 och
1654 2047 356 51 vattenbyggnads-

410 2111 204 46 distriktet,
656 2109 170 47 majoren
857 2106 93 37 Erik
977 2104 252 47 Westerberg
1256 2107 199 45 upprättat
1482 2101 188 48 ritningar
1698 2100 73 37 och
1808 2098 202 38 kostnads-

409 2162 147 47 förslag
595 2160 56 36 till
688 2159 47 36 de
763 2158 225 47 ifrågasatta
1014 2154 319 47 förändringarna
1361 2152 197 37 äfvensom
1588 2151 150 49 afgifvit
1765 2148 243 39 betänkande

409 2213 11 35 i
448 2212 175 45 ärendet;
653 2215 64 42 att,
747 2208 122 48 enligt
896 2205 165 39 nämnda
1087 2205 155 47 förslag,
1271 2203 259 37 kostnaderna
1556 2202 220 47 beräknats,
1800 2201 59 37 för
1878 2199 132 37 mudd-

409 2263 136 47 ringen
585 2261 56 37 till
683 2260 134 47 13,950
859 2259 151 45 kronor,
1050 2255 58 37 för
1148 2254 225 48 förändring
1414 2254 40 36 af
1490 2253 128 49 gamla
1644 2253 181 48 bryggan
1852 2251 57 36 till
1937 2251 73 36 450
