1922 2782
308 147 19 29 2
618 150 119 31 Andra
756 151 245 40 lagutskottets
1021 155 179 31 utlåtande
1218 166 43 20 nr
1279 158 42 29 38
1339 158 40 30 år
1398 159 84 30 1960

351 226 118 41 Enligt
492 228 61 30 vår
577 230 142 39 mening
741 231 63 30 bör
828 232 273 41 småföretagare
1127 235 142 30 komma
1292 236 12 30 i
1330 236 208 40 åtnjutande
1563 248 43 21 av
1630 239 88 31 efter
1741 240 53 30 in-

306 270 163 31 komsten
489 273 170 38 graderad
679 275 379 43 tilläggssjukpenning
1079 279 45 39 på
1146 288 134 21 samma
1302 281 68 31 sätt
1392 291 75 21 som
1488 283 236 40 arbetstagare
1744 293 49 21 nu

306 315 150 30 erhåller
482 317 96 39 dylik
605 318 279 42 sjukersättning
911 323 84 28 utan
1022 325 50 28 att
1100 323 302 41 småföretagarna
1428 326 112 39 själva
1565 327 152 31 behöver
1742 337 51 21 er-

305 358 101 41 lägga
429 360 80 31 hela
532 361 196 32 kostnaden
752 364 132 31 härför.
911 366 125 30 Vidare
1060 367 64 30 bör
1149 368 105 30 också
1278 369 222 37 husmödrar,
1527 380 75 21 som
1626 372 78 31 icke
1728 373 65 30 har

306 403 277 33 förvärvsarbete
598 407 144 30 utanför
756 408 163 36 hemmet,
935 410 143 31 komma
1092 412 12 29 i
1120 412 208 40 åtnjutande
1344 424 42 20 av
1401 415 390 41 tilläggssjukpenning.

305 448 50 30 På
371 449 96 30 vilka
483 450 127 30 villkor
629 451 272 41 småföretagare
921 455 64 29 och
1003 455 212 31 husmödrar
1234 457 89 29 skall
1343 458 121 31 kunna
1483 460 143 30 komma
1644 461 12 29 i
1675 460 137 41 åtnju-.

304 493 106 30 tande
429 503 41 21 av
488 494 379 43 tilläggssjukpenning
886 498 62 30 bör
967 500 142 30 utredas
1128 508 124 32 genom
1272 501 126 41 Kungl.
1417 503 124 40 Maj:ts
1561 500 147 49 försorg.

807 617 182 37 Gällande
1006 619 284 39 bestämmelser

347 697 227 32 Beträffande
600 699 67 30 den
714 701 382 40 obligatoriska
1145 705 365 42 försäkringen
1559 708 107 41 enligt
1692 710 99 39 sjuk-

302 749 322 42 försäkringslagen
642 753 63 30 bör
723 753 157 41 följande
897 758 148 29 nämnas
1063 758 12 29 i
1095 758 95 30 detta
1209 756 265 49 sammanhang.

347 803 355 40 Sjukkassemedlem,
722 816 79 21 vars
823 808 214 32 årsinkomst
1057 820 43 21 av
1120 811 278 32 förvärvsarbete
1420 815 39 29 är
1478 814 109 31 minst
1610 815 15 29 1
1641 815 63 31 200
1725 815 63 34 kr.,

301 856 69 30 blir
398 857 635 43 sjukpenningförsäkrad
1068 864 35 34 (73
1157 865 111 29 första
1284 866 167 39 stycket).
1469 868 126 29 Vidare
1612 868 39 29 är
1666 868 125 30 kvinn-

301 900 47 40 lig
375 901 350 40 sjukkassemedlem,
752 914 79 21 vars
859 906 214 32 årsinkomst
1100 917 43 21 av
1170 909 278 32 förvärvsarbete
1474 911 72 30 inte
1573 912 136 40 uppgår
1735 912 53 31 till

301 954 156 30 nämnda
471 955 135 41 belopp,
626 957 436 42 sjukpenningförsäkrad,
1081 961 149 31 såframt
1246 963 70 30 hon
1334 963 37 35 a)
1393 965 39 29 är
1449 964 64 39 gift
1531 965 65 30 och
1613 974 176 21 samman-

300 1006 93 31 lever
412 1009 80 29 med
512 1010 54 28 sin
585 1019 84 21 man
689 1011 92 35 eller,
802 1021 57 21 om
881 1014 332 31 sammanlevnaden
1234 1016 128 30 mellan
1384 1017 172 30 makarna
1575 1018 112 36 hävts,
1708 1018 81 30 med

299 1059 88 31 barn
409 1062 112 29 under
545 1063 38 30 16
606 1063 49 35 år,
679 1072 74 22 som
774 1065 58 30 vid
854 1066 95 30 tiden
972 1066 55 30 för
1049 1068 352 31 sammanlevnadens
1424 1070 159 31 hävande
1604 1080 63 21 var
1690 1071 99 40 sjuk-

300 1113 284 33 vårdsförsäkrat
602 1116 117 31 såsom
737 1118 86 29 barn
841 1119 52 29 till
911 1119 112 31 henne
1041 1121 84 29 eller
1142 1122 138 34 maken,
1299 1123 83 29 eller
1399 1123 38 34 b)
1461 1123 88 30 efter
1567 1126 50 29 att
1635 1125 46 29 ha
1697 1124 91 30 varit

300 1166 65 40 gift
390 1168 254 31 sammanlever
668 1171 79 29 med
770 1171 87 30 barn
881 1173 111 29 under
1018 1174 38 30 16
1082 1174 48 34 år,
1156 1184 76 20 som
1254 1175 58 30 vid
1336 1175 97 31 tiden
1457 1176 55 30 för
1536 1177 251 41 äktenskapets

300 1220 212 41 upplösning
530 1231 62 21 var
612 1223 369 39 sjukvårdsförsäkrat
1001 1226 117 30 såsom
1138 1227 87 30 barn
1245 1228 53 30 till
1318 1228 115 31 henne
1454 1229 82 30 eller
1557 1231 128 30 maken
1711 1231 34 34 (7
1770 1230 15 37 $

299 1273 112 30 andra
430 1275 167 39 stycket).
617 1276 214 41 Försäkring
851 1286 75 22 som
946 1288 98 21 avses
1063 1280 12 29 i
1095 1280 36 34 a)
1156 1281 65 29 och
1239 1280 39 35 b)
1303 1282 108 39 gäller
1429 1282 73 30 inte
1522 1282 55 31 för
1595 1283 121 40 längre
1735 1283 52 30 tid

300 1326 44 30 än
364 1327 53 30 till
438 1328 66 29 och
522 1329 80 29 med
623 1329 67 30 den
710 1330 138 35 månad,
869 1332 175 30 varunder
1065 1333 157 30 kvinnan
1243 1333 103 40 fyller
1366 1335 40 30 67
1429 1335 48 36 år,
1499 1336 65 30 och
1584 1337 73 30 inte
1678 1337 109 30 heller

299 1379 55 30 för
372 1380 51 30 tid
441 1381 88 30 efter
547 1381 176 40 utgången
741 1392 42 21 av
801 1383 66 30 den
886 1384 138 36 månad,
1043 1386 177 30 varunder
1237 1387 71 30 hon
1326 1387 117 40 börjat
1463 1389 159 39 uppbära
1639 1389 148 31 invalid-

298 1433 148 38 pension
468 1434 82 30 eller
573 1434 207 42 sjukbidrag
802 1436 106 40 enligt
930 1437 99 40 lagen
1052 1448 58 20 om
1134 1439 333 42 folkpensionering,
1491 1442 39 30 så
1551 1442 102 40 länge
1676 1443 110 30 sådan

298 1485 141 31 förmån
457 1486 156 41 åtnjutes
637 1488 34 34 (7
693 1488 15 37 $
727 1489 112 39 tredje
858 1490 166 39 stycket).

341 1539 80 30 Med
441 1539 215 32 årsinkomst
677 1550 42 21 av
738 1541 277 32 förvärvsarbete
1035 1554 100 21 avses
1156 1545 66 30 den
1243 1545 55 31 för
1319 1547 39 29 år
1377 1546 200 32 beräknade
1597 1549 157 31 inkomst
1773 1549 12 29 i

296 1592 196 40 penningar
515 1593 83 30 eller
622 1594 317 37 naturaförmåner,
965 1606 76 21 som
1064 1597 116 40 någon
1205 1599 70 30 kan
1299 1601 146 38 antagas
1470 1600 144 32 komma
1638 1604 51 28 att
1713 1601 71 30 tills

296 1644 119 31 vidare
434 1645 141 40 åtnjuta
592 1656 43 21 av
653 1647 124 31 sådant
796 1648 126 31 arbete.
942 1650 297 36 Hushållsarbete,
1259 1661 76 21 som
1353 1653 103 31 make
1474 1654 97 30 utför
1598 1655 3 30 i
1620 1655 164 34 hemmet,

297 1698 130 30 räknas
444 1699 72 30 inte
534 1708 76 21 som
628 1700 287 32 förvärvsarbete.

341 1751 433 41 Sjukpenningförsäkrad
793 1755 150 30 medlem
962 1756 80 40 äger
1061 1757 58 30 vid
1140 1757 176 40 sjukdom,
1338 1768 75 21 som
1433 1759 204 32 förorsakar
1657 1761 128 30 förlust

296 1813 42 21 av
355 1805 313 41 arbetsförmågan,
687 1807 54 30 för
757 1808 97 39 varje
871 1808 66 40 dag
953 1809 69 31 rätt
1039 1810 52 30 till
1109 1810 56 30 hel
1184 1811 249 41 sjukpenning.
1451 1813 217 31 Förorsakar
1687 1814 98 41 sjuk-

296 1857 137 36 domen,
454 1861 86 28 utan
561 1862 51 28 att
632 1860 160 31 medföra
812 1861 128 31 förlust
961 1872 42 20 av
1023 1859 313 49 arbetsförmågan,
1358 1866 226 41 nedsättning
1605 1877 43 20 av
1669 1868 115 30 denna

295 1911 80 30 med
390 1912 109 30 minst
515 1912 147 35 hälften,
680 1914 89 29 skall
785 1914 81 30 halv
883 1915 239 41 sjukpenning
1140 1919 98 38 utges
1260 1918 56 34 (21
1338 1918 50 38 $).
1406 1919 105 40 Varje
1529 1920 255 40 sjukpenning-

295 1964 187 31 försäkrad
503 1965 151 31 medlem
677 1968 38 29 är
737 1966 185 32 försäkrad
944 1968 55 30 för
1021 1969 366 42 grundsjukpenning.
1412 1972 62 30 Hel
1498 1973 285 40 grundsjukpen-

295 2017 84 40 ning
397 2019 102 39 utgör
516 2019 18 30 3
553 2019 52 30 kr.
625 2019 72 30 Har
715 2020 231 31 medlemmen
963 2022 12 29 i
994 2021 100 41 fråga
1112 2032 43 20 en
1174 2023 214 32 årsinkomst
1407 2034 43 21 av
1466 2025 112 40 tjänst
1598 2036 58 21 om
1675 2027 108 30 minst

297 2070 94 31 1800
411 2071 64 35 kr.,
495 2072 39 29 är
553 2072 72 30 han
645 2072 178 31 dessutom
844 2073 185 32 försäkrad
1049 2075 57 30 för
1126 2076 390 42 tilläggssjukpenning.
1538 2080 182 30 Storleken
1740 2088 43 21 av

294 2124 426 41 tilläggssjukpenningen
744 2126 39 29 är
807 2126 171 31 beroende
1003 2128 45 40 på
1073 2129 123 31 lönens
1222 2131 141 30 storlek.
1389 2132 128 40 Lägsta
1542 2132 241 40 tilläggssjuk-

295 2178 154 40 penning
475 2179 38 29 är
540 2179 14 30 1
582 2179 53 30 kr.
661 2180 66 29 och
751 2180 124 39 högsta
902 2181 37 30 17
966 2181 52 30 kr.
1044 2181 100 31 Efter
1171 2183 60 30 180
1258 2184 124 39 dagars
1410 2185 167 39 sjukdom
1604 2186 82 29 sker
1710 2185 71 30 viss

293 2231 226 40 nedsättning
537 2241 42 20 av
597 2232 435 42 tilläggssjukpenningen,
1053 2235 90 30 dock
1161 2236 72 30 inte
1252 2246 57 21 om
1329 2237 67 31 den
1416 2239 39 29 är
1474 2239 19 30 2
1512 2239 53 30 kr.
1585 2239 84 30 eller
1687 2238 95 40 lägre

299 2283 58 34 (22
376 2284 51 37 5).

336 2337 76 30 Den
445 2338 250 39 obligatoriska
727 2339 245 41 försäkringen
1025 2341 322 33 finansieras
1400 2352 125 31 genom
1559 2346 223 39 sjukförsäk-

292 2390 257 40 ringsavgifter,
571 2392 338 41 arbetsgivarbidrag
931 2394 65 30 och
1017 2394 222 41 statsbidrag.

336 2444 69 30 För
435 2444 42 30 de
507 2445 180 30 allmänna
717 2445 274 40 sjukkassornas
1022 2448 229 30 medlemmar
1282 2449 185 41 föreligger
1499 2452 199 40 skyldighet
1730 2453 51 29 att

292 2496 140 41 erlägga
447 2498 109 40 avgift
571 2498 57 30 för
641 2498 45 31 bl.
703 2508 29 21 a.
749 2499 244 41 försäkringen
1009 2500 56 31 för
1080 2502 356 42 grundsjukpenning
1452 2505 65 30 och
1533 2505 247 39 försäkringen
