1882 2794
301 169 39 29 10
714 168 291 37 Statsutskottets
1027 170 182 37 utlåtande
1233 184 41 23 nr
1294 176 74 32 156.

301 245 308 36 tillfredsställande
626 248 130 43 lösning
771 262 46 21 av
836 250 113 34 denna
968 252 311 44 ersättningsfråga.
1298 254 182 35 Utskottet
1500 269 96 22 anser
1615 258 50 42 sig
1682 259 101 35 likväl

302 299 82 33 böra
410 299 51 34 för
485 303 100 31 nästa
609 301 166 43 budgetår
798 302 138 35 biträda
960 305 67 34 vad
1053 306 371 42 departementschefen
1449 309 11 34 i
1487 309 213 36 sistnämnda
1725 325 58 21 av-

299 352 123 34 seende
447 352 164 36 förordat.
638 354 179 35 Utskottet
843 356 203 35 förutsätter
1073 359 182 35 emellertid
1283 361 132 40 härvid,
1443 367 52 30 att
1520 363 128 43 Kungl.
1676 365 106 42 Maj:t

302 405 182 43 förelägger
502 410 97 31 nästa
619 408 53 33 års
690 408 137 43 riksdag
845 409 125 44 förslag
987 411 51 34 till
1055 411 139 43 frågans
1212 413 130 44 lösning
1362 415 8 34 i
1389 415 229 44 huvudsaklig
1637 417 147 44 enlighet

302 459 78 34 med
407 459 345 43 skolöverstyrelsens,
779 475 43 21 av
849 463 171 34 allmänna
1045 464 248 36 lönenämnden
1319 468 191 42 tillstyrkta
1535 465 251 54 framställning

300 512 11 33 i
328 515 126 37 ämnet,
471 513 195 43 varigenom
682 535 45 4 —
743 515 10 34 i
770 519 84 31 nära
871 517 193 43 anslutning
1079 519 49 34 till
1147 520 42 33 de
1205 520 361 44 ersättningsgrunder,
1586 535 75 22 som
1680 524 103 35 sedan

300 565 64 33 den
382 568 16 30 1
415 565 143 34 oktober
575 570 84 31 1941
678 568 10 34 i
703 580 134 22 samma
851 569 191 35 hänseende
1057 571 90 43 gälla
1162 572 53 34 för
1229 573 285 36 landsfiskalerna
1527 597 46 4 —
1588 577 42 34 de
1647 577 135 43 styrkta

300 617 152 44 verkliga
470 619 227 35 kostnaderna
718 621 50 34 för
787 622 63 33 här
871 622 258 44 ifrågavarande
1148 627 299 41 expensändamål,
1468 628 166 35 inklusive
1654 626 130 52 jämväl

301 670 219 45 anskaffning
541 685 43 21 av
605 673 215 44 erforderliga
839 675 328 43 kontorsmaskiner,
1187 678 140 35 komma
1349 684 55 30 att
1424 681 169 35 bestridas
1615 695 44 21 av
1680 688 102 30 stats-

301 724 119 34 medel.
438 725 127 34 Därest
583 727 188 43 ersättning
789 729 100 41 utgår
907 729 105 43 enligt
1030 730 214 35 sistnämnda
1263 733 146 42 grunder
1429 735 98 34 ernås
1543 755 47 5 —
1607 735 11 34 i
1637 740 145 31 motsats

299 777 51 34 till
366 781 165 38 systemet
547 780 77 33 med
640 785 53 29 ett
707 780 65 34 fixt
787 781 99 43 årligt
902 782 124 43 belopp
1042 804 46 4 —
1106 796 41 21 en
1164 785 78 34 med
1259 786 133 42 hänsyn
1409 787 52 34 till
1478 788 40 33 de
1534 788 54 34 för
1605 789 179 44 lokalhyra

300 830 194 35 varierande
516 831 231 36 kostnaderna
770 834 11 34 i
806 834 89 35 olika
920 836 93 33 delar
1038 849 43 21 av
1106 837 117 35 landet
1246 838 174 37 önskvärd
1447 840 266 46 differentiering
1738 856 44 22 av

300 887 130 30 statens
452 884 117 43 bidrag
590 885 51 35 till
662 886 230 36 omförmälda
913 890 276 43 expensutgifter.
1211 891 56 34 Av
1287 893 66 34 den
1374 894 217 42 ståndpunkt
1612 896 171 35 utskottet

300 936 144 35 sålunda
461 937 120 43 intagit
600 938 107 43 följer,
726 945 53 29 att
796 941 173 34 utskottet
986 955 44 21 nu
1048 942 74 34 icke
1140 947 37 31 är
1195 944 111 35 berett
1326 950 55 30 att
1400 947 136 35 biträda
1554 949 59 34 det
1630 949 10 34 i
1660 950 122 33 motio-

299 1000 106 22 nerna
429 990 30 33 I:
474 994 65 30 333
567 991 63 34 och
656 991 50 34 II:
721 996 64 31 5313
812 993 215 36 framställda
1049 996 188 42 yrkandet.
1265 998 71 34 Det
1362 999 10 34 i
1400 1000 212 35 motionerna
1639 1001 142 36 berörda

299 1043 203 40 spörsmålet
520 1045 98 33 torde
638 1044 84 34 böra
742 1046 103 34 vinna
866 1047 50 34 sin
937 1047 129 44 lösning
1086 1049 10 34 i
1118 1050 167 35 samband
1306 1053 77 33 med
1406 1053 65 33 den
1491 1053 219 36 förevarande
1729 1068 51 22 er-

299 1095 291 44 sättningsfrågan
607 1098 11 34 i
636 1098 76 34 dess
731 1099 121 35 helhet.
871 1101 86 35 Med
976 1102 68 33 vad
1063 1102 142 35 sålunda
1223 1104 131 35 anförts
1373 1106 98 34 torde
1489 1107 150 34 nämnda
1657 1109 124 34 motio-

298 1160 60 21 ner
378 1148 36 34 få
435 1161 96 22 anses
551 1150 197 36 besvarade.

888 1260 305 43 Biträdeshjälp.

341 1343 224 35 Beträffande
586 1345 120 43 frågan
729 1359 56 21 om
807 1348 272 42 inspektörernas
1102 1350 247 45 biträdeshjälp
1369 1353 66 34 har
1455 1354 325 42 departementsche-

295 1398 57 37 fen
370 1396 115 35 anfört
502 1398 9 34 i
528 1398 182 35 huvudsak
726 1399 161 44 följande.

340 1468 93 34 Från
457 1469 327 45 avlöningsanslaget
807 1472 59 35 vid
888 1473 382 44 folkskolinspektionen
1293 1478 102 42 utgår
1418 1478 53 34 för
1493 1481 212 34 närvarande
1727 1486 54 29 ett

296 1512 125 43 belopp
445 1526 44 22 av
513 1517 42 31 60
570 1518 66 31 000
660 1515 126 35 kronor
807 1517 51 34 till
882 1517 245 45 biträdeshjälp
1151 1520 39 34 åt
1214 1520 403 45 folkskolinspektörerna
1640 1525 64 34 och
1730 1529 51 30 ett

295 1556 126 43 belopp
437 1570 47 21 av
501 1558 99 43 högst
618 1562 65 31 700
702 1560 126 34 kronor
846 1561 50 34 till
915 1562 248 44 biträdeshjälp
1181 1565 37 33 åt
1237 1566 427 44 nomadskolinspektören.
1684 1569 96 35 Skol-

294 1602 244 42 överstyrelsen
554 1602 62 35 har
634 1608 54 29 att
704 1603 127 37 fördela
848 1606 268 43 anslagsmedlen
1133 1608 53 35 till
1204 1608 403 45 folkskolinspektörerna
1625 1615 77 34 med
1722 1614 58 34 be-

296 1644 154 36 aktande
471 1658 45 22 av
537 1647 42 34 de
599 1647 90 35 olika
712 1648 271 43 inspektörernas
1007 1651 112 34 behov
1143 1664 45 22 av
1210 1653 257 44 biträdeshjälp.
1491 1655 117 44 Enligt
1630 1658 69 34 vad
1721 1658 60 43 jag

295 1689 172 36 inhämtat
486 1690 100 35 växla
604 1692 41 34 de
662 1692 134 43 belopp,
815 1705 74 22 som
909 1706 44 22 av
970 1696 249 42 överstyrelsen
1238 1698 57 34 vid
1315 1698 231 44 fördelningen
1568 1713 43 22 av
1632 1702 147 42 anslags-

294 1733 139 34 medlen
461 1734 55 34 för
542 1735 239 35 innevarande
810 1737 174 43 budgetår
1010 1740 167 34 tilldelats
1206 1740 431 46 folkskolinspektörerna,
1653 1745 129 35 mellan

295 1781 131 30 750—1
444 1783 65 30 600
526 1779 139 36 kronor.
676 1775 16 61 I
718 1781 154 37 flertalet
888 1783 62 34 fall
968 1784 46 33 ha
1033 1784 42 34 de
1094 1785 179 35 tilldelade
1291 1787 174 44 beloppen
1484 1789 135 43 utgjort
1670 1794 113 31 200—

295 1826 15 30 1
327 1826 65 31 200
408 1823 141 35 kronor.

339 1867 80 34 Den
443 1881 45 21 av
508 1870 246 42 överstyrelsen
776 1884 45 22 nu
845 1872 208 36 verkställda
1076 1875 223 43 utredningen
1323 1889 45 22 av
1390 1876 121 44 frågan
1534 1891 58 22 om
1614 1879 164 36 biträdes-

294 1911 95 43 hjälp
413 1913 37 34 åt
473 1914 143 33 nomad-
640 1915 64 33 och
728 1915 399 44 folkskolinspektörerna
1151 1919 64 34 har
1238 1924 189 39 utmynnat
1451 1923 11 33 i
1485 1922 123 43 förslag
1630 1936 58 22 om
1712 1924 66 35 för-

293 1956 142 43 höjning
454 1970 44 21 av
518 1957 41 35 de
576 1958 51 35 till
647 1959 247 44 biträdeshjälp
913 1961 161 36 anvisade
1093 1963 146 41 medlen,
1260 1968 42 30 60
1317 1968 65 31 700
1404 1965 136 42 kronor,
1560 1968 52 34 till
1634 1971 63 32 100
1712 1972 66 31 000

293 2000 136 37 kronor.
448 1999 255 46 Överstyrelsen
721 2004 61 34 har
798 2005 123 34 därvid
939 2005 197 42 framhållit,
1156 2011 53 32 att
1227 2020 42 22 en
1287 2008 80 35 fullt
1384 2010 310 37 tillfredsställande
1713 2013 65 34 lös-

294 2045 80 43 ning
391 2058 45 21 av
453 2046 270 43 inspektörernas
739 2048 247 44 biträdesfråga
1001 2050 73 35 icke
1090 2057 117 37 syntes
1224 2052 117 35 kunna
1359 2055 96 34 ernås
1474 2061 104 29 annat
1596 2059 44 31 än
1657 2068 121 31 genom

294 2090 214 36 anställande
527 2103 44 22 av
590 2091 158 35 biträden
767 2093 77 34 med
863 2093 363 46 heltidstjänstgöring.
1247 2097 86 34 Med
1353 2098 136 43 hänsyn
1509 2100 51 34 till
1581 2101 42 34 de
1643 2104 135 31 väsent-

293 2133 61 43 ligt
377 2134 111 35 ökade
510 2135 197 41 kostnader,
730 2149 73 22 som
829 2150 41 22 en
895 2139 106 34 sådan
1026 2140 190 43 anordning
1241 2141 105 35 skulle
1370 2142 165 42 medföra,
1561 2145 63 33 och
1648 2145 50 34 till
1724 2150 54 30 att

294 2181 108 31 större
419 2179 99 35 delen
538 2192 44 21 av
601 2180 251 43 inspektörerna
874 2182 110 43 själva
1003 2183 163 36 förklarat
1187 2185 50 42 sig
1256 2185 116 35 kunna
1394 2187 134 42 åtnöjas
1548 2189 77 34 med
1647 2189 130 35 mindre

293 2222 255 44 biträdeshjälp,
567 2224 62 34 har
648 2226 243 42 överstyrelsen
910 2227 73 35 icke
1002 2240 46 22 nu
1069 2228 114 36 funnit
1203 2230 50 42 sig
1273 2230 83 35 böra
1376 2230 124 36 föreslå
1519 2232 193 36 inrättande
1733 2246 44 22 av

292 2267 280 43 heltidstjänster.

337 2312 76 34 Det
438 2324 100 30 synes
562 2313 71 42 mig
657 2317 121 37 utrett,
804 2320 54 29 att
884 2316 58 34 det
966 2316 112 34 behov
1104 2329 45 22 av
1175 2317 246 44 biträdeshjälp
1447 2320 38 34 åt
1510 2320 267 43 inspektörerna,

292 2367 75 22 som
388 2368 46 22 nu
456 2356 185 44 föreligger,
664 2357 73 35 icke
757 2358 69 34 kan
847 2359 194 43 tillgodoses
1065 2361 93 34 inom
1180 2374 116 22 ramen
1321 2375 44 22 av
1387 2363 54 35 för
1464 2364 195 35 ändamålet
1682 2366 95 33 anvi-

295 2400 81 33 sade
405 2400 117 34 medel.
551 2401 68 42 Jag
647 2401 160 41 förordar,
838 2407 54 30 att
922 2404 268 42 anslagsmedlen
1219 2406 48 33 till
1298 2406 247 45 biträdeshjälp
1573 2409 99 41 höjas
1699 2408 78 35 från

295 2447 42 30 60
352 2447 65 31 700
435 2445 126 33 kronor
580 2446 49 33 till
650 2449 41 30 90
706 2450 64 30 000
790 2447 128 34 kronor
936 2448 79 34 eller
1035 2449 140 34 sålunda
1197 2450 76 33 med
1294 2454 42 30 29
1351 2455 66 30 300
1438 2452 133 34 kronor.
1593 2454 71 33 Det
1681 2455 97 33 torde

292 2488 85 33 böra
396 2489 183 34 ankomma
598 2490 46 42 på
661 2492 245 41 överstyrelsen
927 2497 53 30 att
999 2494 78 33 med
1099 2494 196 34 beaktande
1316 2507 44 22 av
1380 2496 43 34 de
1443 2496 91 34 olika
1552 2497 223 42 inspektörer-
