1884 2784
415 158 406 40 Bevillningsutskottets
847 158 220 30 betänkande
1092 167 42 20 nr
1159 159 41 29 56
1225 158 39 29 år
1291 158 83 30 1956
1602 158 39 30 13

195 238 72 30 Har
295 239 203 39 taxeringen
524 239 142 39 prövats
694 248 43 21 av
763 239 280 29 kammarrätten
1070 238 82 30 eller
1180 247 42 21 av
1251 238 392 40 fastighetsprövnings-

153 292 142 34 nämnd,
314 292 97 30 skola
428 292 89 30 dock
534 293 168 29 besvären
719 292 143 30 anföras
879 292 63 29 hos
958 292 289 29 kammarrätten.

197 346 285 30 Kammarrätten
499 346 69 34 må,
587 355 57 20 om
662 346 123 29 besvär
804 355 75 20 som
897 345 137 30 anförts
1053 345 11 29 i
1084 345 150 30 särskild
1253 345 150 39 ordning
1421 345 120 30 finnas
1559 345 84 29 böra

154 401 170 38 upptagas
345 399 52 30 till
417 399 183 40 prövning,
623 399 166 30 förordna
809 401 50 27 att
879 398 107 30 målet
1007 398 89 30 skall
1118 400 171 38 upptagas
1311 398 64 30 och
1395 398 119 29 vidare
1535 398 110 29 hand-

152 452 119 40 läggas
292 462 42 20 av
353 453 12 29 i
386 452 111 30 första
519 453 135 39 stycket
674 452 128 30 avsedd
823 452 336 40 prövningsnämnd.

197 506 20 29 2
236 515 105 21 mom.
361 506 13 30 I
394 506 62 30 fall
476 515 76 21 som
571 507 11 28 i
613 507 4 28 I
638 515 105 21 mom.
765 507 77 38 sägs
862 505 57 30 må
937 506 124 29 besvär
1080 505 143 30 anföras
1241 505 132 39 jämväl
1393 514 42 21 av
1453 505 192 39 taxerings-

153 559 193 31 intendent.

197 613 20 29 3
237 622 105 21 mom.
361 614 138 33 Besvär,
521 622 75 20 som
615 613 11 29 i
644 613 115 30 denna
777 614 166 39 paragraf
961 621 109 26 avses,
1091 612 98 30 skola
1208 621 83 20 vara
1310 612 169 29 inkomna
1498 611 75 30 före
1593 613 53 28 ut-

154 667 135 39 gången
307 676 42 21 av
366 667 106 29 femte
490 666 75 30 året
583 666 88 30 efter
688 666 263 39 taxeringsåret.

199 721 19 29 4
236 730 106 20 mom.
362 719 152 31 Anföras
532 719 123 30 besvär
674 720 11 29 i
705 719 150 31 särskild
874 719 150 39 ordning
1042 719 64 29 hos
1125 718 325 40 prövningsnämnd
1471 718 89 30 skall
1579 718 66 30 vad

153 773 12 29 i
189 773 39 30 75
255 773 15 36 $
296 773 139 39 stadgas
459 774 64 38 äga
547 773 245 29 motsvarande
816 772 233 39 tillämpning.

200 827 104 30 Skola
324 827 169 30 besvären
514 826 143 31 anföras
677 827 64 30 hos
762 827 289 33 kammarrätten,
1074 825 106 40 gäller
1203 825 10 30 i
1234 825 207 40 tillämpliga
1462 825 96 30 delar
1580 824 66 30 vad

156 889 75 21 som
252 880 139 39 stadgas
413 880 11 29 i
445 880 41 29 96
510 879 16 37 $
549 880 111 30 första
681 880 135 39 stycket
836 879 65 30 och
923 879 40 29 97
988 879 27 36 $.

850 986 60 30 167
939 986 28 37 8.

200 1048 88 31 Över
315 1049 298 31 kammarrättens
642 1050 113 39 utslag
783 1050 11 29 i
823 1050 69 29 mål
922 1049 179 39 angående
1130 1048 131 30 allmän
1290 1047 356 40 fastighetstaxering,

158 1102 104 30 såvitt
279 1103 96 29 rörer
393 1103 224 39 tillämpning
635 1112 42 21 av
695 1103 19 29 6
735 1103 16 37 $
773 1104 15 28 1
808 1112 117 25 mom.,
946 1102 29 35 7,
994 1102 30 36 8,
1044 1102 30 35 9,
1095 1101 50 36 10,
1167 1102 35 29 11
1224 1101 84 30 eller
1329 1101 38 30 12
1389 1101 15 37 8
1425 1100 222 30 kommunal-

157 1155 227 40 skattelagen,
403 1156 59 30 må
479 1156 131 39 klagan
627 1156 76 30 icke
723 1156 106 30 föras.

200 1209 77 29 Den
296 1218 75 21 som
390 1209 76 30 icke
486 1209 138 39 åtnöjes
645 1209 78 30 med
743 1209 298 30 kammarrättens
1062 1209 113 39 utslag
1194 1208 12 29 i
1226 1208 70 30 mål
1317 1208 178 39 angående
1516 1208 131 30 allmän

158 1262 355 40 fastighetstaxering,
538 1262 104 30 såvitt
665 1262 108 39 angår
796 1271 118 20 annan
937 1261 100 40 fråga
1059 1263 46 29 än
1127 1262 11 29 i
1162 1262 110 30 första
1296 1262 134 39 stycket
1454 1262 89 38 sägs,
1567 1262 80 38 äger

157 1316 63 30 hos
241 1316 126 39 Kungl.
387 1315 105 39 Maj:t
513 1315 85 30 söka
619 1315 148 40 ändring
786 1323 125 31 genom
931 1315 134 35 besvär,
1087 1324 75 21 som
1183 1315 98 30 skola
1301 1324 83 21 vara
1404 1315 170 29 inkomna
1595 1314 52 30 till

158 1368 398 39 finansdepartementet
577 1368 96 29 inom
695 1368 56 29 två
772 1367 169 30 månader
962 1367 88 30 efter
1071 1368 57 29 det
1150 1367 197 39 klaganden
1369 1367 139 29 erhållit
1530 1367 54 30 del
1607 1376 42 20 av

158 1421 296 30 kammarrättens
479 1421 126 39 utslag.

853 1518 61 30 168
942 1518 27 37 8.

203 1581 218 30 Besvärsrätt
441 1581 129 31 liksom
591 1581 54 30 för
665 1582 102 39 ägare
788 1582 83 30 eller
891 1581 145 30 därmed
1056 1581 156 30 likställd
1232 1581 212 30 innehavare
1466 1590 42 21 av
1530 1580 119 40 fastig-

159 1634 58 30 het
236 1634 214 30 tillkommer
468 1634 132 39 jämväl
621 1644 117 21 annan
759 1635 54 30 för
832 1634 118 30 vilken
969 1634 264 40 garantibelopp
1254 1634 54 30 för
1329 1634 211 39 fastigheten
1560 1633 88 30 skall

160 1690 172 36 upptagas
359 1687 116 30 såsom
502 1688 240 40 skattepliktig
769 1688 166 35 inkomst,
964 1688 38 30 så
1028 1688 65 30 ock
1121 1688 215 35 arrendator,
1363 1688 118 30 vilken
1507 1687 142 40 jämlikt

160 1741 102 34 avtal,
278 1741 163 39 ingånget
456 1741 90 30 efter
561 1741 444 39 kommunalskattelagens
1021 1741 293 34 ikraftträdande,
1330 1743 176 37 gentemot
1522 1741 127 38 ägaren

160 1794 82 29 eller
268 1794 238 30 innehavaren
532 1795 65 29 har
624 1796 51 28 att
701 1803 149 21 ansvara
877 1794 55 31 för
959 1794 95 30 skatt
1081 1794 54 30 för
1162 1794 185 39 fastighets
1374 1794 274 39 garantibelopp.

205 1847 72 29 Vad
299 1848 11 28 i
334 1847 58 29 107
415 1848 91 28 samt
529 1846 171 30 110—112
724 1847 36 37 83
784 1848 38 28 är
843 1847 138 39 stadgat
1001 1846 148 30 rörande
1170 1847 123 29 besvär
1314 1847 80 29 över
1416 1846 157 39 taxering
1595 1846 55 29 för

160 1900 156 30 inkomst
332 1900 83 30 eller
432 1900 243 39 förmögenhet
695 1901 89 29 skall
802 1901 11 29 i
831 1900 207 40 tillämpliga
1056 1900 96 30 delar
1170 1900 91 39 gälla
1278 1900 131 39 jämväl
1428 1900 222 29 beträffande

160 1954 122 29 besvär
302 1955 80 28 över
403 1953 131 30 allmän
555 1954 354 39 fastighetstaxering.

204 2007 120 39 Utslag
342 2016 41 21 av
399 2007 280 30 kammarrätten
696 2008 82 29 eller
796 2007 125 39 Kungl.
939 2006 106 40 Maj:t
1062 2006 222 30 beträffande
1302 2006 130 29 allmän
1451 2006 199 39 fastighets-

160 2059 157 40 taxering
340 2060 99 34 skall,
462 2059 118 31 därest
604 2060 148 39 utslaget
775 2060 192 29 innefattar
991 2060 148 39 ändring
1163 2069 42 20 av
1227 2059 344 39 prövningsnämnds
1594 2059 56 29 be-

161 2113 79 33 slut,
256 2113 54 29 för
325 2113 199 29 kännedom
539 2113 187 34 tillställas,
742 2114 154 29 förutom
910 2113 209 39 klaganden,
1134 2113 66 29 den
1216 2122 75 20 som
1306 2113 57 29 vid
1378 2112 272 39 taxeringsårets

160 2165 128 39 ingång
306 2166 57 39 ägt
381 2165 211 39 fastigheten
610 2166 82 29 eller
710 2166 90 29 varit
819 2166 137 38 skyldig
974 2167 50 28 att
1043 2166 137 38 erlägga
1200 2165 94 29 skatt
1314 2165 53 30 för
1386 2165 263 39 garantibelopp

162 2218 53 29 för
234 2218 214 33 densamma,
468 2218 66 29 den
553 2218 181 33 kommun,
753 2218 63 29 där
834 2218 211 38 fastigheten
1064 2219 37 28 är
1120 2218 153 38 belägen,
1292 2218 359 38 taxeringsintenden-

162 2272 56 27 ten
237 2271 11 28 i
268 2271 57 29 det
344 2271 67 33 län,
430 2271 63 29 där
513 2270 210 39 fastigheten
743 2272 38 28 är
800 2271 153 38 belägen,
975 2270 37 29 så
1031 2271 65 28 ock
1115 2270 63 29 där
1198 2270 229 38 fastighetens
1448 2271 101 37 ägare
1569 2270 82 29 eller

162 2324 143 28 därmed
330 2323 155 29 likställd
509 2323 211 30 innehavare
744 2323 56 29 vid
825 2323 173 39 ingången
1023 2332 41 20 av
1088 2322 252 39 taxeringsåret
1366 2323 87 29 hade
1479 2323 52 28 sin
1557 2323 95 28 hem-

162 2376 245 29 ortskommun
429 2376 10 29 i
462 2378 107 28 annat
592 2377 68 33 län,
683 2376 406 38 taxeringsintendenten
1112 2376 10 28 i
1144 2376 57 29 det
1224 2375 103 29 länet.

205 2430 65 29 Vid
292 2429 124 30 sådant
436 2429 115 39 utslag
571 2429 82 30 eller
672 2429 113 30 beslut
805 2429 221 29 beträffande
1048 2429 130 29 allmän
1199 2428 355 39 fastighetstaxering,
1575 2437 74 20 sont

166 2483 7 27 i
201 2482 58 29 102
284 2482 15 36 8
325 2482 108 29 första
457 2482 134 38 stycket
615 2483 87 37 sägs,
726 2482 87 29 skall
839 2482 97 37 fogas
960 2480 253 30 underrättelse
1236 2481 50 29 till
1311 2481 65 29 den
1401 2480 252 39 skattskyldige
