1882 2778
258 163 41 30 18
520 161 405 41 Bevillningsutskottets
951 162 219 30 betänkande
1194 171 43 20 nr
1262 162 41 29 56
1327 162 40 29 år
1392 162 85 29 1956

952 241 62 30 178
1041 241 27 37 8.

305 305 15 29 1
345 314 105 20 mom.
474 305 183 39 Taxering,
683 314 74 20 som
781 304 52 30 till
858 304 90 39 följd
972 313 43 21 av
1038 304 342 39 prövningsnämnds
1403 303 115 31 beslut
1543 303 206 30 tillkommit

256 357 84 30 eller
362 358 99 30 blivit
486 357 177 30 fastställd
687 357 221 30 annorlunda
933 358 46 29 än
1003 357 356 39 taxeringsnämnden
1383 357 161 34 bestämt,
1571 357 89 30 skall
1685 365 62 21 an-

258 411 142 30 tecknas
425 411 12 29 i
462 410 215 39 vederbörlig
703 410 303 40 fastighetslängd.

301 464 20 29 2
346 472 105 21 mom.
478 463 316 30 Bestämmelserna
818 463 12 29 i
856 463 41 29 92
926 462 16 37 $
969 472 59 20 om
1054 462 253 30 underrättelse
1335 462 179 40 angående
1540 462 207 40 prövnings-

257 517 151 30 nämnds
432 517 116 30 beslut
573 518 11 29 i
610 517 99 40 fråga
735 526 57 21 om
818 517 159 39 taxering
1004 517 54 30 för
1084 517 156 29 inkomst
1265 516 83 30 eller
1375 516 244 40 förmögenhet
1646 516 98 30 skola

257 571 64 39 äga
340 571 247 29 motsvarande
608 570 221 40 tillämpning
850 570 21 30 å
893 570 111 30 sådan
1025 570 149 29 nämnds
1195 570 115 29 beslut
1330 570 149 29 rörande
1503 569 150 30 särskild
1676 569 69 29 fas-

257 623 298 40 tighetstaxering,
581 623 120 30 därvid
726 623 67 30 vad
819 632 75 21 som
919 632 100 21 avser
1045 622 232 40 skattskyldig
1303 622 89 30 skall
1418 622 91 40 gälla
1534 623 102 38 ägare
1662 622 85 30 eller

256 676 145 30 därmed
423 676 157 30 likställd
603 676 211 30 innehavare
837 686 43 20 av
903 676 166 39 fastighet
1091 676 65 30 och
1179 685 128 25 annan,
1332 675 55 31 för
1409 675 119 30 vilken
1551 675 197 39 garantibe-

257 729 81 40 lopp
358 729 54 30 för
433 729 167 40 fastighet
620 729 89 31 skall
729 731 172 38 upptagas
922 729 117 30 såsom
1060 728 240 40 skattepliktig
1320 729 166 30 inkomst.

953 826 61 30 179
1041 826 27 37 8.

304 890 15 28 1
344 898 104 21 mom.
472 888 89 31 Över
583 889 113 30 beslut
719 899 43 20 av
783 889 311 39 taxeringsnämnd
1117 888 149 31 rörande
1291 888 151 31 särskild
1467 888 282 39 fastighetstaxe-

258 942 77 39 ring
355 942 58 30 må
431 943 124 29 besvär
575 942 143 30 anföras
738 943 64 29 hos
821 942 371 40 prövningsnämnden
1211 942 12 29 i
1243 942 94 29 länet

306 995 33 34 1)
365 1005 43 20 av
428 996 103 38 ägare
553 995 83 30 eller
657 996 144 29 därmed
823 995 157 30 likställd
1002 995 211 30 innehavare
1236 1005 42 20 av
1300 994 176 40 fastighet,
1501 995 104 29 såvitt
1628 994 122 39 fastig-

259 1048 103 30 heten
383 1049 107 34 rörer,

304 1101 36 34 2)
364 1111 43 21 av
424 1101 260 31 vederbörande
703 1102 182 34 kommun,
908 1104 91 28 samt

302 1154 37 34 3)
367 1164 42 21 av
431 1155 371 39 taxeringsintendent.

304 1208 20 29 2
341 1216 105 21 mom.
464 1207 226 32 Beträffande
708 1208 122 29 besvär
847 1207 108 40 enligt
972 1207 114 30 denna
1102 1207 165 40 paragraf
1285 1207 88 30 skall
1391 1208 67 29 vad
1475 1208 11 29 i
1506 1207 39 30 75
1564 1207 65 30 och
1648 1207 40 30 76
1708 1206 40 38 $8

259 1262 39 28 är
320 1261 137 40 stadgat
478 1262 149 29 rörande
649 1262 123 30 besvär
792 1262 13 30 i
826 1262 99 39 fråga
947 1271 58 21 om
1027 1262 157 39 taxering
1208 1262 54 29 för
1284 1262 156 29 inkomst
1462 1262 66 29 och
1551 1261 198 39 förmögen-

258 1314 59 30 het
340 1315 64 38 äga
427 1315 246 30 motsvarande
697 1315 233 40 tillämpning.

954 1407 61 30 180
1043 1407 27 37 8.

304 1471 15 28 1
340 1479 105 20 mom.
465 1471 129 29 Besvär
613 1471 80 29 över
711 1470 344 40 prövningsnämnds
1074 1469 113 31 beslut
1206 1469 149 30 rörande
1376 1469 152 30 särskild
1548 1469 199 39 fastighets-

260 1522 157 40 taxering
438 1522 59 30 må
518 1522 143 30 anföras
683 1523 64 29 hos
769 1523 280 29 kammarrätten
1070 1531 41 21 av
1132 1524 79 38 part
1234 1531 74 21 som
1330 1522 12 29 i
1366 1522 62 29 179
1453 1521 16 37 8
1494 1523 78 38 sägs

305 1576 34 34 1)
369 1586 57 20 om
444 1577 72 29 han
534 1576 118 30 anfört
669 1577 122 29 besvär
809 1577 64 29 hos
891 1576 371 40 prövningsnämnden
1280 1585 81 20 men
1379 1576 91 29 hans
1489 1576 96 29 talan
1604 1575 76 30 icke
1698 1575 52 30 bi-

259 1629 119 34 fallits,

303 1682 35 34 2)
368 1692 56 20 om
452 1682 370 40 prövningsnämnden
850 1682 127 30 ändrat
1004 1682 229 39 fastighetens
1260 1682 157 40 taxering
1445 1684 86 28 utan
1560 1684 50 28 att
1639 1682 108 30 sådan

262 1734 148 41 ändring
427 1735 169 39 påyrkats
615 1744 42 21 av
674 1735 141 30 honom.

305 1789 127 29 Besvär
464 1789 52 29 till
547 1789 278 29 kammarrätten
856 1788 58 30 må
946 1788 123 30 endast
1100 1788 174 30 innefatta
1305 1788 227 39 fullföljande
1563 1788 73 30 helt
1666 1788 84 30 eller

261 1842 108 29 delvis
393 1851 42 20 av
457 1842 168 39 yrkande,
651 1851 74 20 som
748 1841 199 39 klaganden
971 1841 190 31 framställt
1184 1842 64 30 hos
1272 1841 381 40 prövningsnämnden.
1679 1841 72 29 Har

260 1895 115 29 denna
397 1895 126 30 ändrat
546 1895 329 39 taxeringsnämnds
896 1895 115 30 beslut
1034 1897 85 28 utan
1142 1897 51 28 att
1214 1895 157 39 yrkande
1394 1895 123 29 därom
1541 1894 209 30 framställts

262 1957 41 20 av
322 1948 208 39 klaganden,
551 1948 58 29 må
628 1948 168 30 besvären
815 1948 53 29 till
888 1948 279 30 kammarrätten
1186 1948 77 30 icke
1283 1948 175 30 innefatta
1478 1948 119 39 längre
1619 1947 131 40 gående

261 2001 156 39 yrkande
443 2002 46 29 än
515 2001 221 39 taxeringens
761 2001 265 30 bestämmande
1053 2002 10 29 i
1089 2001 153 39 enlighet
1268 2001 79 29 med
1375 2001 374 39 taxeringsnämndens

258 2054 124 30 beslut.

305 2108 20 28 2
342 2116 105 21 mom.
465 2107 227 30 Beträffande
708 2107 123 29 besvär
848 2107 108 39 enligt
973 2107 114 30 denna
1103 2108 165 39 paragraf
1286 2108 89 29 skall
1392 2108 68 30 vad
1476 2108 12 29 i
1506 2107 41 31 96
1564 2108 65 29 och
1648 2107 39 30 97
1709 2107 39 37 $$

260 2162 39 28 är
325 2161 136 39 stadgat
486 2161 149 30 rörande
659 2161 123 30 besvär
807 2161 52 30 till
884 2161 279 30 kammarrätten
1188 2162 12 29 i
1226 2161 99 40 fråga
1350 2171 58 21 om
1433 2162 158 38 taxering
1618 2161 55 30 för
1697 2161 52 29 in-

259 2214 118 29 komst
401 2214 66 29 och
493 2213 242 40 förmögenhet
760 2215 63 38 äga
848 2214 246 30 motsvarande
1120 2214 233 40 tillämpning.
1380 2214 14 29 I
1420 2214 222 40 förteckning
1669 2214 81 29 över

261 2266 149 30 anförda
432 2267 124 30 besvär
581 2267 98 30 skola
701 2267 123 30 besvär
849 2267 81 29 över
954 2267 151 30 särskild
1129 2267 345 40 fastighetstaxering
1498 2268 172 39 upptagas
1695 2266 56 30 för

261 2320 51 39 sig
335 2321 85 28 utan
444 2320 354 40 sammanblandning
820 2320 79 30 med
923 2320 120 39 övriga
1064 2321 133 29 besvär.

304 2374 20 29 3
346 2383 104 20 mom.
475 2374 13 29 I
512 2374 98 39 fråga
633 2384 57 20 om
712 2374 298 30 kammarrättens
1033 2374 260 40 handläggning
1316 2384 42 21 av
1379 2374 71 30 mål
1474 2374 179 40 angående
1678 2374 71 29 sär-

262 2426 91 30 skild
375 2426 345 40 fastighetstaxering
743 2427 89 29 skall
854 2427 67 30 vad
944 2428 11 29 i
980 2427 60 30 165
1066 2427 15 36 3
1106 2428 38 29 är
1167 2427 137 39 stadgat
1326 2428 64 38 äga
1413 2426 247 31 motsvarande
1682 2424 69 31 till-

261 2479 191 41 lämpning.
