1888 2784
418 155 404 40 Bevillningsutskottets
849 154 219 30 betänkande
1093 162 42 20 nr
1160 154 41 29 56
1226 153 39 29 år
1292 153 83 29 1956
1580 152 58 29 111

155 238 118 30 kunde
293 237 199 30 föranledas
512 236 107 30 därav
637 237 50 28 att
706 234 357 40 taxeringsnämnden
1082 235 158 28 närmast
1260 233 96 29 bleve
1376 242 42 20 en
1437 231 205 30 kommunal

156 292 132 29 nämnd
317 292 64 28 och
410 289 369 40 prövningsnämnden
808 290 48 28 ett
886 287 133 39 statligt
1047 287 262 38 besvärsorgan.
1339 286 181 29 Gentemot
1548 285 95 30 detta

157 345 54 29 får
231 345 171 29 utskottet
423 343 197 33 framhålla,
641 344 50 27 att
712 341 158 39 reglerna
889 342 11 28 i
921 340 166 39 förslaget
1108 341 38 29 är
1167 340 37 30 så
1225 340 147 29 allmänt
1392 339 119 29 hållna
1532 340 49 29 att
1601 338 42 29 de

156 400 86 27 utan
275 397 183 39 olägenhet
491 396 70 29 kan
594 395 176 39 tillämpas
803 394 45 39 på
870 394 191 29 ledamöter
1083 392 11 29 i
1117 392 94 30 såväl
1235 392 309 38 taxeringsnämnd
1568 399 74 21 som

156 451 335 40 prövningsnämnd.
514 450 49 29 De
587 449 282 39 skiljaktigheter
891 449 11 28 i
926 447 98 40 fråga
1047 457 57 20 om
1126 447 207 39 kompetens
1356 447 65 28 och
1444 446 101 39 eljest
1568 454 75 21 som

156 505 62 28 bör
244 503 258 40 upprätthållas
528 502 97 30 torde
652 501 230 30 automatiskt
908 501 130 29 iakttas
1065 507 124 31 genom
1216 499 41 30 de
1285 499 93 30 olika
1404 498 158 39 reglerna
1589 497 54 29 för

157 559 166 29 utseende
345 567 42 21 av
408 566 89 31 resp.
519 557 200 29 ledamöter.

200 615 227 30 Beträffande
453 614 242 39 skyldigheten
720 615 51 28 att
796 613 142 29 tillhöra
962 611 312 40 taxeringsnämnd
1299 612 65 28 har
1388 612 11 28 i
1425 610 218 30 motionerna

158 669 28 30 I:
202 669 63 30 575
290 670 65 28 och
380 668 45 30 II:
442 668 59 29 761
527 668 132 38 yrkats,
684 669 50 27 att
758 666 115 30 denna
898 665 132 30 lindras
1054 665 11 29 i
1089 665 152 38 enlighet
1265 664 79 30 med
1369 664 41 29 de
1435 663 109 40 regler
1569 672 74 21 som

157 723 107 38 gäller
285 722 54 30 för
360 721 228 30 kommunala
608 719 372 40 förtroendeuppdrag.
1002 719 59 29 Ett
1081 718 166 29 liknande
1267 717 157 40 yrkande
1445 717 64 29 har
1531 716 113 30 ställts

157 776 11 28 i
187 775 220 30 motionerna
427 775 29 29 1:
473 774 62 30 606
555 775 65 28 och
640 774 45 29 II:
702 773 74 34 801,
796 773 12 29 i
828 773 94 30 vilka
942 771 142 30 särskilt
1106 771 204 30 framhålles
1331 772 50 28 att
1400 771 12 29 i
1431 772 77 28 vart
1528 770 61 29 fall
1610 768 30 40 ej

158 829 242 39 ledamotskap
417 829 12 29 i
445 827 324 40 prövningsnämnd
785 826 106 30 borde
908 825 179 30 betraktas
1105 834 75 21 som
1198 834 43 20 en
1257 823 252 40 medborgerlig
1526 825 118 36 tunga,

157 883 108 29 vilket
282 892 84 20 man
382 882 75 29 icke
476 881 85 39 ägde
579 880 229 39 undandraga
826 880 51 39 sig
895 881 86 27 utan
999 878 211 39 godtagbara
1229 878 86 29 skäl.
1334 877 13 29 I
1366 877 41 30 de
1426 876 219 31 sistnämnda

158 936 221 30 motionerna
394 935 64 30 har
473 935 117 29 vidare
606 934 147 34 anförts,
770 935 51 28 att
836 933 117 39 regeln
969 932 12 29 i
998 932 39 29 14
1056 931 15 37 $
1089 941 56 20 om
1163 933 51 28 att
1231 930 235 31 förordnande
1484 930 53 29 för
1553 929 92 30 leda-

159 991 72 28 mot
252 989 12 29 i
284 988 325 40 prövningsnämnd
632 988 62 28 när
718 996 75 20 som
814 986 91 30 helst
926 986 71 30 kan
1019 985 199 34 återkallas,
1241 984 106 30 borde
1369 984 148 29 ersättas
1539 992 42 20 av
1602 991 43 21 en

158 1042 245 30 bestämmelse
424 1051 42 20 av
486 1042 145 28 motsatt
651 1040 165 29 innehåll.

203 1096 177 29 Utskottet
403 1095 71 29 kan
497 1093 221 30 beträffande
743 1093 41 29 de
810 1092 246 30 förstnämnda
1079 1091 205 39 yrkandena
1308 1090 83 39 nöja
1417 1090 51 39 sig
1492 1090 79 29 med
1596 1090 49 28 att

159 1149 115 29 erinra
297 1158 57 20 om
377 1150 50 28 att
450 1156 134 21 samma
606 1146 221 39 möjligheter
850 1145 183 39 föreligger
1055 1145 107 39 enligt
1185 1144 166 39 förslaget
1375 1145 49 28 att
1446 1144 125 38 avsäga
1595 1141 51 39 sig

159 1202 158 39 uppdrag
343 1201 115 30 såsom
483 1200 152 30 ledamot
660 1200 82 29 eller
769 1199 185 39 suppleant
979 1199 12 29 i
1016 1198 192 39 taxerings-
1232 1198 65 29 och
1321 1195 325 41 prövningsnämnd

160 1265 74 20 som
256 1255 108 39 enligt
386 1255 66 29 den
474 1263 68 30 nya
564 1253 308 39 kommunallagen
895 1254 51 28 att
967 1252 127 38 avsäga
1118 1252 50 38 sig
1190 1250 241 40 ledamotskap
1454 1250 11 28 i
1487 1250 160 29 kommu-

160 1309 80 29 nala
262 1308 181 30 nämnder.
466 1308 52 29 Då
540 1308 57 29 det
621 1316 101 29 synes
746 1305 293 39 ändamålsenligt
1061 1306 50 28 att
1134 1305 45 39 på
1202 1304 102 30 dessa
1325 1303 167 30 områden
1515 1303 45 29 ha
1583 1302 64 29 lik-

160 1363 119 29 artade
299 1361 262 30 bestämmelser
579 1360 62 30 bör
660 1360 263 39 propositionen
942 1359 11 28 i
973 1359 115 29 denna
1107 1358 53 29 del
1181 1358 132 38 godtas.

204 1415 274 29 Bestämmelsen
507 1415 50 28 att
586 1423 42 20 av
655 1412 125 39 Kungl.
810 1412 106 39 Maj:t
945 1411 83 29 eller
1057 1411 224 38 länsstyrelse
1310 1409 174 30 meddelat
1513 1408 134 30 förord-

160 1468 113 30 nande
301 1468 115 29 såsom
441 1466 210 30 ordförande
677 1466 82 29 eller
785 1465 152 29 ledamot
962 1465 11 28 i
998 1463 325 40 prövningsnämnd
1349 1463 82 29 eller
1456 1462 191 38 taxerings-

160 1522 133 29 nämnd
312 1522 63 28 när
397 1530 74 20 som
489 1520 91 29 helst
599 1520 70 28 kan
689 1519 188 29 återkallas
897 1517 97 30 finns
1014 1517 108 29 redan
1141 1517 11 29 i
1172 1516 160 40 gällande
1353 1516 214 38 förordning.
1589 1514 58 30 Så-

160 1575 64 29 vitt
242 1575 171 29 utskottet
431 1573 122 29 erfarit
571 1573 63 28 har
653 1572 104 39 något
776 1571 177 30 missbruk
973 1580 42 20 av
1033 1569 270 30 bestämmelsen
1322 1569 70 29 inte
1412 1567 234 31 förekommit.

161 1628 168 29 Avsikten
351 1627 78 29 med
451 1626 204 29 densamma
677 1626 90 29 lärer
790 1625 158 29 närmast
968 1624 46 30 ha
1035 1623 90 30 varit
1148 1625 50 28 att
1219 1623 122 29 kunna
1362 1621 173 40 entlediga
1556 1621 92 29 leda-

161 1682 121 34 möter,
304 1690 74 20 som
398 1688 124 31 genom
543 1680 76 29 sina
638 1678 215 39 åtgöranden
873 1678 83 31 eller
976 1685 124 31 genom
1120 1677 67 29 vad
1208 1686 75 20 som
1304 1676 235 39 uppenbarats
1560 1674 87 30 efter

161 1735 57 29 det
237 1735 42 29 de
298 1736 125 28 utsetts
443 1733 70 29 inte
533 1733 118 38 längre
670 1732 71 29 kan
761 1741 102 20 anses
883 1731 115 29 såsom
1018 1730 132 39 redliga
1169 1730 65 29 och
1254 1730 147 29 allmänt
1420 1728 125 31 aktade
1565 1728 83 29 eller

161 1787 95 30 vilka
272 1787 71 30 inte
360 1787 118 38 längre
495 1787 38 28 är
549 1785 164 39 behöriga
730 1787 50 27 att
798 1785 104 29 utöva
918 1784 204 39 uppdraget.
1139 1783 66 29 Det
1222 1784 38 30 är
1277 1782 143 40 givetvis
1437 1783 48 28 ett
1502 1781 146 30 allmänt

161 1841 147 29 intresse
329 1842 50 27 att
399 1839 372 29 nämndledamöterna
790 1838 149 29 erhåller
959 1846 42 20 en
1021 1836 193 29 oberoende
1235 1835 175 38 ställning.
1431 1835 57 28 Ett
1509 1833 139 39 uttryck

162 1894 121 29 härför
302 1894 37 28 är
359 1892 205 39 stadgandet
582 1893 11 28 i
614 1891 14 36 8
651 1891 59 29 113
731 1890 327 39 regeringsformen,
1078 1891 50 27 att
1146 1889 261 37 taxeringsmän
1426 1887 30 39 ej
1479 1887 70 29 kan
1568 1886 81 30 stäl-

163 1948 51 29 las
229 1947 52 29 till
297 1955 125 21 ansvar
439 1946 53 28 för
508 1945 156 38 taxering
679 1945 63 29 och
759 1943 203 38 debitering.
979 1942 24 29 Å
1020 1942 110 30 andra
1146 1942 100 29 sidan
1262 1942 38 28 är
1315 1941 57 29 det
1388 1940 194 39 uppenbart
1598 1941 51 27 att

163 2000 183 38 möjlighet
365 1999 110 29 måste
496 1997 164 39 föreligga
681 1999 50 28 att
751 1997 170 29 återkalla
941 1995 236 30 förordnande
1197 1995 54 29 för
1271 1993 211 30 ordförande
1502 1993 82 29 eller
1604 1992 45 29 le-

162 2053 119 29 damot
302 2054 84 27 utan
406 2053 49 27 att
476 2051 146 29 avvakta
643 2049 285 30 domstolsbeslut
948 2058 56 20 om
1026 2047 198 38 avsättning
1244 2047 44 39 på
1309 2046 112 38 grund
1443 2055 41 20 av
1504 2045 145 39 tjänste-

163 2107 56 28 fel.
236 2107 65 28 Det
316 2107 70 28 kan
402 2108 22 26 t.
441 2115 50 20 ex.
507 2105 73 29 visa
597 2104 50 38 sig
663 2106 49 27 att
727 2103 212 29 ordförande
956 2102 82 29 eller
1053 2101 243 29 kronoombud
1312 2100 11 28 i
1339 2098 309 40 taxeringsnämnd

162 2168 40 19 av
229 2158 114 39 någon
371 2157 186 39 anledning
584 2157 71 29 inte
681 2157 126 28 hinner
835 2155 148 30 slutföra
1010 2154 260 39 granskningen
1298 2153 43 39 på
1369 2152 173 39 nöjaktigt
1570 2152 78 32 sätt,

166 2214 82 27 utan
267 2214 50 26 att
335 2212 79 38 byle
433 2211 109 28 måste
562 2211 59 28 ske
641 2210 53 28 för
713 2211 50 27 att
782 2209 131 29 arbetet
933 2208 88 29 skall
1041 2207 208 29 medhinnas
1269 2206 73 29 före
1361 2204 288 39 taxeringsperio-

162 2264 85 29 dens
272 2264 79 29 slut.
376 2263 193 38 Självfallet
592 2263 61 28 bör
677 2261 192 30 emellertid
894 2260 228 38 möjligheten
1146 2261 50 27 att
1220 2258 169 30 återkalla
1415 2257 233 29 förordnande

163 2318 173 37 begagnas
354 2316 122 29 endast
493 2325 57 20 om
570 2315 197 38 synnerliga
786 2314 74 29 skäl
879 2313 117 29 därtill
1016 2312 193 38 föreligger.
1229 2311 175 30 Utskottet
1423 2310 158 29 förordar
1599 2311 50 27 att

164 2370 206 38 stadgandet
392 2368 269 30 omformuleras
683 2367 9 28 i
715 2366 152 38 enlighet
888 2365 156 30 härmed.
1068 2364 184 38 Samtidigt
1274 2364 61 29 bör
1358 2363 181 38 möjlighet
1561 2362 89 28 infö-

164 2432 56 20 ras
246 2425 50 27 att
322 2422 109 29 under
456 2430 133 20 samma
616 2420 252 38 förutsättning
893 2418 170 30 återkalla
1089 2416 235 31 förordnande
1351 2416 53 29 för
1430 2416 184 38 suppleant
1639 2414 10 29 i

165 2476 228 29 nämnderna.
