1876 2780
248 162 60 30 136
508 163 404 40 Bevillningsutskottets
939 165 218 30 betänkande
1182 174 43 20 nr
1250 166 41 29 56
1315 166 39 29 år
1381 166 83 30 1956

246 243 71 28 stor
347 243 244 40 utsträckning
620 244 83 30 bero
732 244 44 39 på
806 246 51 28 att
887 245 115 30 denna
1032 246 189 38 grundsats
1252 246 216 30 konsekvent
1499 247 232 39 genomföres.

245 295 116 30 Under
388 296 131 30 sådana
545 297 298 39 omständigheter
869 298 72 29 kan
968 298 360 39 taxeringsintendent
1354 299 76 30 icke
1456 300 178 39 medgivas
1661 301 71 29 rätt

246 349 49 28 att
320 348 143 31 komma
489 349 172 30 tillstädes
686 350 11 29 i
724 351 176 29 nämnden
926 351 55 30 för
1007 353 50 28 att
1083 352 112 29 uttala
1222 352 50 39 sig
1299 353 148 29 rörande
1473 355 48 27 ett
1547 353 87 30 visst
1660 354 71 29 mål

246 402 84 28 utan
356 403 50 28 att
431 402 68 29 den
524 402 263 40 skattskyldige,
815 413 75 20 som
915 404 148 34 beröres,
1090 405 106 30 också
1223 405 93 39 gives
1342 405 136 30 tillfälle
1506 408 50 27 att
1582 407 150 29 närvara

246 454 64 29 och
333 456 80 37 taga
439 455 164 40 ställning
628 456 53 29 till
705 457 66 29 vad
794 456 227 31 intendenten
1046 458 64 29 har
1135 460 51 27 att
1211 458 164 39 andraga.
1401 459 13 28 I
1439 459 67 29 den
1531 459 83 30 mån
1639 462 94 27 taxe-

246 506 278 40 ringsintendent
550 517 103 22 anses
679 509 84 30 böra
788 510 142 30 komma
958 510 170 31 tillstädes
1155 511 65 30 och
1246 511 118 31 lämna
1391 512 253 39 upplysningar
1670 513 63 29 bör

246 559 66 30 den
333 560 55 30 för
409 561 95 30 detta
525 561 164 31 ändamål
712 562 150 31 avsedda
884 562 137 31 formen
1040 582 44 3 —
1104 564 151 40 muntlig
1277 564 225 40 förhandling
1523 583 45 3 —
1588 566 144 30 komma

246 613 51 29 till
320 614 234 40 användning.

289 666 117 30 Under
435 667 219 40 åberopande
684 678 43 20 av
754 668 57 31 det
840 669 149 31 anförda
1017 670 202 30 hemställer
1248 671 34 29 vi
1311 671 111 29 under
1451 672 160 39 punkten
1641 672 44 33 A)
1720 672 12 29 i

245 719 189 30 utskottets
457 719 220 36 hemställan,

599 776 51 27 att
675 774 185 40 riksdagen
884 775 12 29 i
920 775 187 40 anledning
1132 786 43 20 av
1198 777 42 29 de
1264 777 223 39 likalydande
1512 778 221 30 motionerna

554 827 28 29 I:
599 827 64 29 606
692 836 42 21 av
761 828 57 29 fru
847 828 111 30 Gärde
986 829 179 30 Widemar
1193 839 46 20 m.
1268 830 37 29 fl.
1334 830 65 30 och
1428 831 44 29 II:
1489 831 61 29 801
1581 841 43 20 av
1650 832 82 29 herr

554 879 163 40 Kollberg
743 890 45 20 m.
816 881 37 29 fl.
880 881 108 30 måtte
1017 881 54 30 för
1099 882 54 30 sin
1180 883 54 29 del
1263 885 126 37 antaga
1417 883 156 40 följande
1602 884 129 40 lydelse

555 942 43 20 av
621 933 41 30 79
687 933 15 37 $
727 934 11 29 i
759 934 57 30 det
837 934 58 30 vid
919 935 126 39 Kungl.
1068 935 125 39 Maj:ts
1216 936 215 40 proposition
1455 946 41 20 nr
1522 937 60 30 150
1608 937 124 40 fogade

554 985 167 40 förslaget
747 987 51 29 till
823 988 396 40 taxeringsförordning.

941 1068 40 30 79
1008 1068 28 36 8.

291 1126 264 31 Sammanträde
576 1128 81 29 med
676 1146 45 3 —
739 1146 44 3 —
801 1147 44 3 —
866 1129 130 30 80—384
1020 1130 37 37 88
1081 1131 151 39 stadgas.

290 1178 90 30 Utan
408 1179 124 30 hinder
560 1190 42 21 av
630 1181 66 30 vad
724 1182 11 29 i
764 1181 110 31 första
904 1183 134 39 stycket
1067 1184 78 38 sägs
1173 1184 58 30 må
1260 1184 360 39 taxeringsintendent
1648 1195 83 20 vara

245 1232 217 30 närvarande
480 1233 57 30 vid
555 1234 261 40 handläggning
834 1245 43 20 av
895 1236 137 34 ärende,
1051 1236 12 30 i
1081 1236 108 30 vilket
1208 1237 319 39 partsförhållande
1546 1238 76 30 icke
1642 1239 91 29 före-

245 1283 116 40 ligger.

289 1336 46 33 H)
363 1348 43 20 av
427 1338 121 30 herrar
570 1338 215 40 Söderquist,
808 1340 113 40 Sjölin
944 1342 65 29 och
1031 1341 173 40 Kollberg,
1229 1352 74 21 som
1328 1344 117 29 anfört
1469 1344 172 39 följande:

290 1390 211 40 Stadgandet
522 1392 11 29 i
556 1393 60 29 120
641 1392 15 37 8
678 1393 12 29 i
710 1393 165 40 förslaget
895 1395 53 29 till
970 1396 384 40 taxeringsförordning
1374 1397 61 29 bör
1457 1405 57 31 ges
1536 1400 49 27 ett
1607 1398 125 30 sådant

245 1442 165 36 innehåll,
438 1447 50 27 att
514 1445 107 30 därav
647 1446 138 30 klarare
812 1447 156 39 framgår
995 1450 50 28 att
1073 1449 106 29 straff
1204 1449 72 30 inte
1304 1450 88 29 skall
1420 1450 121 30 kunna
1568 1451 165 30 utdömas

246 1496 64 29 och
332 1496 220 41 följaktligen
574 1499 72 30 inte
668 1499 108 30 heller
797 1500 257 31 åtalsanmälan
1075 1502 122 30 kunna
1220 1502 70 34 ske,
1312 1512 57 20 om
1391 1503 67 29 den
1479 1504 254 30 deklarations-

247 1549 155 40 skyldige
424 1551 71 29 kan
516 1551 124 31 anföra
663 1552 152 31 bärande
839 1553 76 30 skäl
939 1554 54 30 för
1016 1554 53 30 sin
1091 1555 262 30 uraktlåtenhet
1376 1558 49 28 att
1447 1556 182 31 inkomma
1651 1558 81 29 med

245 1602 220 31 deklaration
487 1604 81 30 eller
593 1604 55 31 för
671 1608 50 27 att
744 1606 70 29 han
837 1606 134 31 lämnat
993 1607 221 31 deklaration
1236 1609 79 29 med
1339 1609 201 40 bristfälligt
1564 1610 167 30 innehåll.

290 1655 116 30 Under
428 1656 219 41 åberopande
669 1668 43 20 av
732 1659 57 30 det
811 1659 149 31 anförda
981 1660 203 31 hemställer
1204 1662 34 29 vi
1259 1662 111 29 under
1391 1663 160 39 punkten
1573 1663 45 34 A)
1646 1664 11 29 i
1679 1666 54 27 ut-

247 1708 146 31 skottets
415 1710 221 35 hemställan,

598 1766 51 28 att
676 1764 185 40 riksdagen
887 1766 109 30 måtte
1023 1766 54 30 för
1104 1767 54 30 sin
1184 1767 55 30 del
1265 1770 126 37 antaga
1419 1768 156 40 följande
1602 1769 130 40 lydelse

525 1834 9 9 »
555 1826 43 21 av
620 1818 61 29 120
706 1817 15 37 $
743 1818 11 29 i
774 1818 57 30 det
851 1819 58 29 vid
930 1819 125 40 Kungl.
1076 1820 126 39 Maj:ts
1222 1821 216 39 proposition
1459 1831 42 20 nr
1525 1823 60 29 150
1608 1823 124 39 fogade

555 1870 168 39 förslaget
748 1871 51 29 till
825 1872 396 41 taxeringsförordning.

931 1943 60 30 120
1019 1943 27 37 8.

289 2000 71 29 Har
389 2001 123 39 någon,
541 2002 113 30 ehuru
685 2003 134 40 skyldig
848 2006 50 28 att
927 2007 86 27 utan
1042 2006 190 40 anmaning
1260 2007 121 39 avgiva
1410 2007 321 39 självdeklaration,

245 2052 75 30 icke
343 2053 187 40 behörigen
554 2055 179 31 avlämnat
758 2057 109 30 sådan
890 2058 219 30 deklaration
1132 2059 96 30 inom
1255 2060 216 30 föreskriven
1494 2061 51 29 tid
1568 2061 83 30 eller
1676 2071 57 20 av-

246 2105 135 31 lämnar
408 2107 71 30 han
506 2108 312 39 självdeklaration
844 2111 81 29 med
953 2111 37 30 så
1016 2112 203 40 bristfälligt
1246 2113 155 30 innehåll
1428 2116 50 27 att
1506 2114 67 30 den
1601 2124 132 30 uppen-

246 2159 155 39 barligen
420 2160 76 30 icke
516 2162 38 28 är
574 2162 115 39 ägnad
709 2164 50 28 att
779 2162 90 40 ligga
889 2164 52 29 till
961 2165 113 38 grund
1095 2165 55 30 för
1171 2166 167 39 taxering,
1360 2166 142 31 straffes
1523 2168 80 29 med
1623 2168 108 34 böter,

247 2211 100 39 högst
370 2213 193 31 trehundra
586 2214 141 35 kronor,
754 2215 118 31 såvida
894 2217 77 30 icke
994 2218 153 30 bärande
1173 2219 75 29 skäl
1272 2219 71 30 kan
1367 2219 142 31 anföras
1534 2221 55 29 för
1614 2221 119 30 urakt-

246 2263 199 32 låtenheten
470 2268 50 28 att
544 2269 87 28 utan
655 2268 190 40 anmaning
869 2269 182 31 inkomma
1075 2271 80 29 med
1180 2271 218 31 deklaration
1423 2273 82 29 eller
1531 2273 54 30 för
1611 2276 51 28 att
1686 2274 46 30 ha

247 2317 132 31 lämnat
400 2319 187 40 bristfällig
609 2321 230 30 deklaration.

291 2370 66 30 Till
377 2371 136 40 påföljd
532 2390 44 4 —
593 2391 46 4 —
656 2391 45 4 —
720 2376 96 28 utom
837 2375 101 30 riket.

292 2424 73 30 Vad
385 2424 11 30 i
415 2442 45 4 —
478 2443 44 3 —
538 2443 45 4 —
587 2420 20 51 i
635 2427 217 40 strafflagen.

291 2477 129 30 Finnes
440 2478 246 32 försummelse
706 2498 44 4 —
767 2499 44 3 —
828 2499 45 4 —
893 2482 106 30 straff
1019 2483 95 30 frias.
