1876 2786
435 164 406 41 Bevillningsutskottets
867 165 219 30 betänkande
1111 173 43 21 nr
1178 166 41 29 56
1244 165 40 30 år
1310 165 84 30 1956
1620 165 40 30 3

169 244 132 40 jämväl
331 253 58 22 om
417 243 214 32 nettointäkt
659 246 66 30 och
755 245 215 40 uppskattad
999 244 156 31 inkomst
1184 245 55 30 för
1267 245 98 39 varje
1396 244 265 35 förvärvskälla,

169 297 255 41 ofördröjligen
441 298 134 31 avlåtas
592 298 52 30 till
661 298 236 31 omförmälda
915 298 360 40 taxeringsnämnder,
1293 298 91 31 dock
1400 298 77 30 icke
1494 298 11 30 i
1521 298 60 30 det
1599 297 62 31 fall

170 344 50 37 att
234 349 124 33 besvär
372 352 81 30 över
468 352 204 40 taxeringen
687 352 98 30 skola
800 353 127 39 prövas
942 361 42 22 av
998 352 68 30 den
1081 350 361 32 mellankommunala
1456 351 206 41 prövnings-

171 400 188 49 nämnden.
1045 422 2 2 :
1657 427 6 7 :

213 458 73 30 Har
313 458 312 40 taxeringsnämnd
652 459 12 30 i
692 459 98 40 fråga
818 469 57 20 om
905 458 295 41 skattskyldighet
1228 459 54 30 för
1311 459 245 39 förmögenhet
1582 458 80 30 med

170 511 101 40 ägare
291 511 148 32 likställt
457 512 68 30 den
544 521 75 22 som
638 511 157 41 åtnjuter
814 512 256 40 avkastningen
1089 521 42 22 av
1149 512 255 40 förmögenhet,
1421 511 117 33 vartill
1557 512 105 39 ägan-

169 564 160 31 derätten
353 564 215 32 tillkommer
594 565 159 36 stiftelse,
777 564 101 37 skall,
903 565 64 31 där
991 565 174 31 stiftelsen
1189 565 90 31 skall
1303 567 139 28 taxeras
1465 565 53 30 till
1544 565 118 39 statlig

171 618 360 40 förmögenhetsskatt
562 628 43 22 av
635 628 119 21 annan
785 619 322 41 taxeringsnämnd,
1140 619 255 30 underrättelse
1426 627 58 22 om
1514 618 149 31 berörda

169 671 302 40 taxeringsåtgärd
490 671 253 41 ofördröjligen
763 672 134 31 avlåtas
916 672 53 31 till
988 672 63 31 sist
1069 672 235 30 omförmälda
1323 672 144 30 nämnd.

863 787 42 31 67
935 787 28 38 8.

212 849 174 41 Taxering
406 850 53 30 till
477 849 207 32 kommunal
704 850 254 31 inkomstskatt
977 851 45 41 på
1041 850 113 41 grund
1174 860 42 22 av
1235 851 40 30 57
1299 851 16 38 $
1336 851 19 30 3
1375 860 105 21 mom.
1500 847 162 34 kommu-

169 902 278 41 nalskattelagen
466 903 58 31 må
542 903 77 31 icke
637 904 208 31 verkställas
865 914 42 21 av
926 904 321 40 taxeringsnämnd.
1267 904 111 30 Anser
1400 904 109 31 sådan
1528 904 133 30 nämnd

168 956 190 41 anledning
378 956 167 40 föreligga
565 959 51 28 att
635 956 222 31 beträffande
877 958 71 30 viss
968 957 234 40 skattskyldig
1223 957 159 41 tillämpa
1401 956 148 32 berörda
1569 957 93 30 stad-

169 1009 122 40 gande,
309 1010 90 30 skall
416 1009 153 40 skriftlig
586 1010 165 29 anmälan
768 1010 124 30 härom
908 1011 101 38 göras
1025 1010 64 30 hos
1106 1010 406 39 taxeringsintendenten
1528 1011 11 29 i
1556 1010 104 33 länet,

169 1072 86 25 som,
282 1063 118 29 därest
425 1063 123 29 besvär
573 1064 80 28 över
678 1063 205 39 taxeringen
909 1063 98 31 skola
1033 1064 125 39 prövas
1186 1073 41 20 av
1253 1063 371 40 prövningsnämnden
1649 1063 12 29 i

169 1115 104 35 länet,
294 1116 81 39 äger
394 1116 82 39 göra
494 1115 262 41 framställning
775 1116 11 29 i
805 1116 126 40 frågan
949 1117 63 30 hos
1032 1117 106 39 sagda
1157 1108 208 39 nämnd.
1322 1104 44 57 är
1384 1117 158 29 däremot
1562 1116 99 40 fråga

170 1178 56 20 om
246 1168 245 40 skattskyldig,
510 1169 223 31 beträffande
752 1169 137 31 vilkens
909 1170 157 39 taxering
1085 1170 123 30 besvär
1229 1170 98 30 skola
1348 1170 142 30 anföras
1510 1170 64 30 hos
1593 1170 68 29 den

169 1220 360 32 mellankommunala
559 1223 381 40 prövningsnämnden,
973 1222 89 31 skall
1093 1223 407 39 taxeringsintendenten
1532 1223 129 39 skynd-

170 1276 91 29 samt
288 1275 80 30 med
396 1278 75 37 eget
498 1276 163 39 yttrande
689 1276 202 31 överlämna
920 1276 164 30 anmälan
1113 1277 52 29 till
1194 1276 180 31 allmänna
1402 1277 165 30 ombudet
1597 1277 63 29 hos

169 1329 114 29 denna
304 1329 132 30 nämnd
457 1328 56 31 för
534 1329 110 30 sådan
665 1329 122 40 åtgärd
810 1330 65 30 och
897 1329 178 40 samtidigt
1096 1330 124 30 härom
1242 1330 206 30 underrätta
1469 1330 192 39 taxerings-

170 1382 227 30 intendenten
413 1383 11 29 i
441 1385 107 27 annat
566 1383 68 34 län,
652 1383 63 30 där
732 1384 67 29 den
817 1384 264 39 skattskyldige,
1101 1384 102 30 såvitt
1220 1384 151 39 kunnigt
1389 1385 48 33 är,
1454 1384 99 30 blivit
1571 1386 92 27 taxe-

176 1435 53 29 tad
260 1435 51 29 till
339 1435 207 30 kommunal
574 1435 263 31 inkomstskatt.

212 1487 67 31 Om
304 1487 261 41 handläggning
592 1499 42 20 av
660 1489 272 40 framställning,
960 1500 74 20 som
1061 1499 97 21 avses
1185 1490 11 29 i
1223 1490 111 30 första
1361 1490 144 39 stycket,
1534 1491 37 29 så
1597 1490 64 29 ock

167 1550 57 22 om
243 1541 159 40 fullföljd
421 1551 41 21 av
479 1542 96 30 talan
594 1545 73 27 mot
685 1543 113 30 beslut
817 1544 10 29 i
847 1543 109 30 sådan
975 1543 97 39 fråga
1093 1543 87 30 skall
1200 1544 11 29 i
1230 1544 208 39 tillämpliga
1456 1544 96 30 delar
1571 1544 90 39 gälla

166 1595 66 30 vad
253 1596 11 29 i
285 1595 116 31 denna
423 1595 206 40 förordning
650 1597 38 29 är
709 1597 11 29 i
740 1597 247 30 motsvarande
1009 1597 224 30 hänseenden
1256 1597 147 39 stadgat.

861 1685 42 30 68
929 1685 27 37 8.

212 1746 66 29 För
313 1747 312 39 taxeringsnämnd
659 1747 98 30 skola
792 1747 95 30 föras
922 1747 157 39 följande
1115 1748 331 39 taxeringslängder,
1482 1748 176 39 nämligen

166 1799 264 40 inkomstlängd
444 1801 64 29 och
524 1801 381 39 förmögenhetslängd,
923 1802 73 29 vari
1013 1811 41 21 av
1070 1802 177 29 nämnden
1263 1802 180 30 beslutade
1459 1802 199 39 taxeringar

166 1852 98 30 skola
284 1853 136 30 införas
441 1853 78 29 med
541 1853 194 39 angivande
757 1864 42 20 av
819 1854 222 39 taxeringens
1063 1855 123 39 belopp
1208 1856 65 28 och
1295 1855 68 29 den
1385 1855 272 39 skattskyldiges

166 1914 116 20 namn.

208 1959 12 28 I
239 1959 308 39 inkomstlängden
566 1959 191 30 antecknas
776 1960 143 30 särskilt

205 2011 74 30 dels
304 2012 11 29 i
341 2012 168 30 avseende
536 2012 19 30 å
582 2013 116 39 statlig
724 2013 253 30 inkomstskatt
1003 2014 155 29 inkomst
1184 2023 42 20 av
1252 2014 93 30 olika
1372 2014 283 33 förvärvskällor,

164 2065 171 39 medgivet
363 2066 128 39 avdrag
520 2066 54 29 för
602 2066 208 30 underskott
838 2067 20 29 å
886 2067 264 33 förvärvskälla,
1179 2068 300 29 sammanräknad
1508 2068 148 29 nettoin-

163 2118 126 33 komst,
316 2118 185 39 medgivna
528 2119 177 30 allmänna
733 2120 129 39 avdrag
890 2129 74 20 som
991 2120 75 29 icke
1094 2129 78 21 avse
1201 2120 209 30 underskott
1436 2120 20 30 å
1472 2121 184 29 förvärvs-

163 2170 102 34 källa,
289 2172 143 29 taxerad
454 2172 65 29 och
540 2172 309 39 beskattningsbar
870 2173 155 29 inkomst
1048 2173 78 29 med
1149 2173 194 38 angivande
1367 2171 123 36 tillika,
1513 2173 63 30 där
1598 2174 58 28 det

162 2223 31 38 ej
219 2223 156 39 framgår
397 2233 42 20 av
460 2224 168 39 längdens
651 2225 250 39 uppställning,
925 2234 41 21 av
987 2226 67 28 den
1075 2225 114 39 punkt
1212 2226 10 29 i
1247 2226 38 29 10
1311 2226 15 36 $
1351 2226 19 29 2
1392 2234 106 21 mom.
1522 2226 133 29 förord-

164 2276 128 38 ningen
312 2285 58 20 om
390 2276 117 39 statlig
527 2277 263 33 inkomstskatt,
811 2277 107 39 enligt
938 2277 116 29 vilken
1076 2278 138 29 skatten
1235 2278 90 28 skall
1346 2278 184 34 beräknas,

207 2328 73 30 dels
297 2329 10 29 i
324 2329 169 29 avseende
510 2329 19 29 å
546 2330 205 31 kommunal
769 2330 252 30 inkomstskatt
1038 2331 142 29 taxerad
1199 2331 64 29 och
1279 2331 309 39 beskattningsbar
1602 2331 53 29 in-

163 2381 126 33 komst,
1331 2392 9 6 3

205 2433 75 30 dels
304 2434 76 36 ock,
405 2435 50 29 til
481 2434 141 40 ledning
647 2431 53 34 för
724 2436 195 39 påförande
944 2444 41 22 av
1010 2435 334 40 skogsvårdsavgift,
1368 2436 218 40 uppgift
1539 2427 47 53 om
1612 2436 42 29 de

162 2487 128 30 värden
314 2488 19 29 å
357 2488 206 39 skogsmark
586 2488 64 30 och
672 2488 156 31 växande
852 2489 95 39 skog,
969 2489 83 30 varå
1073 2487 154 41 avgiften
1252 2489 91 30 skall
1363 2489 184 31 beräknas:
