1872 2780
268 178 41 30 46
532 177 406 41 Bevillningsutskottets
964 177 219 31 betänkande
1207 186 43 21 nr
1274 178 42 29 56
1340 178 40 29 år
1407 178 84 29 1956

938 257 60 31 100
1025 257 28 38 8.

311 320 130 30 Besvär
464 320 57 30 må
543 319 132 40 jämväl
698 320 11 30 i
733 319 152 31 särskild
907 319 149 41 ordning
1080 319 143 31 anföras
1246 328 43 22 av
1311 320 69 30 den
1404 319 265 41 skattskyldige,

315 372 35 34 1)
380 381 58 21 om
455 372 70 30 han
542 374 153 29 taxerats
713 372 54 31 för
784 372 157 31 inkomst
956 372 83 30 eller
1056 372 252 40 förmögenhet,
1327 381 76 22 som
1421 372 77 30 icke
1515 373 38 30 är
1571 382 43 21 av
1630 373 130 30 skatte-

267 425 127 40 pliktig
420 427 114 34 natur,

313 478 37 35 2)
379 488 59 21 om
461 479 71 30 han
554 481 153 29 taxerats
731 479 55 30 för
808 479 157 30 inkomst
987 479 83 30 eller
1093 479 253 39 förmögenhet,
1371 479 55 30 för
1449 479 117 30 vilken
1589 479 71 30 han
1682 479 77 30 icke

269 533 38 29 är
329 532 245 40 skattskyldig,

312 585 38 34 3)
379 594 58 21 om
464 586 71 29 han
561 587 153 29 taxerats
740 586 52 30 till
819 586 207 30 kommunal
1052 585 253 31 inkomstskatt
1332 585 55 31 för
1413 585 264 42 garantibelopp
1704 586 56 30 för

270 638 177 40 fastighet,
465 638 107 31 vilket
590 639 77 31 icke
685 639 78 30 bort
782 639 55 30 för
855 639 132 31 honom
1006 640 171 39 upptagas
1196 638 115 31 såsom
1331 638 242 41 skattepliktig
1590 638 169 35 inkomst,

313 692 37 34 4)
380 701 58 21 om
458 692 70 30 han
548 694 152 29 taxerats
720 692 55 30 för
796 701 135 21 samma
950 692 156 30 inkomst
1126 691 83 31 eller
1228 692 244 39 förmögenhet
1491 692 45 40 på
1555 701 75 21 mer
1650 693 46 29 än
1715 701 44 21 en

270 747 53 28 ort
341 745 85 30 eller
443 745 101 40 eljest
562 747 153 29 taxerats
733 746 20 30 å
770 746 93 30 orätt
881 747 65 33 ort,

313 798 37 34 5)
379 808 58 21 om
459 799 89 30 hans
568 799 158 40 taxering
746 799 99 30 blivit
865 799 128 40 oriktig
1014 799 43 40 på
1079 798 113 40 grund
1213 807 42 22 av
1275 798 211 40 felräkning,
1508 798 251 40 misskrivning

269 851 83 30 eller
376 854 109 28 annat
510 852 196 39 uppenbart
730 851 230 36 förbiseende,

313 905 37 34 6)
380 914 58 21 om
458 905 80 34 han,
558 905 52 30 till
631 905 89 40 följd
740 915 41 20 av
801 905 268 31 underlåtenhet
1089 907 51 28 att
1158 905 121 40 avgiva
1299 905 220 30 deklaration
1539 905 83 30 eller
1642 914 117 21 annan

270 958 139 41 uppgift
426 959 83 29 eller
525 959 44 40 på
584 959 114 39 grund
714 968 42 21 av
773 958 207 40 felaktighet
995 959 11 29 i
1023 958 218 31 deklaration
1259 958 83 30 eller
1359 958 11 30 i
1388 967 118 21 annan
1523 957 139 41 uppgift
1679 958 79 30 från

269 1011 131 30 honom
418 1012 82 30 eller
517 1012 11 30 i
544 1011 295 41 kontrolluppgift
856 1012 84 30 eller
956 1012 13 30 i
985 1011 169 40 handling
1172 1021 76 21 som
1264 1011 92 40 legat
1374 1011 52 30 till
1443 1011 114 40 grund
1576 1011 54 31 för
1649 1011 110 30 sådan

269 1064 221 31 deklaration
507 1065 82 30 eller
606 1065 149 40 uppgift,
773 1066 154 30 taxerats
944 1065 52 30 till
1012 1064 187 40 väsentligt
1215 1065 106 40 högre
1338 1065 126 40 belopp
1482 1066 46 29 än
1545 1074 76 21 som
1639 1073 121 22 svarar

270 1119 72 29 mot
361 1118 90 30 hans
470 1118 155 30 inkomst
644 1118 83 30 eller
746 1118 253 40 förmögenhet,
1020 1120 90 29 samt

315 1171 35 34 7)
381 1180 57 21 om
455 1171 71 30 han
540 1172 101 39 eljest
656 1172 72 29 kan
742 1172 151 40 åberopa
908 1171 259 40 omständighet
1182 1171 82 30 eller
1279 1171 96 30 bevis
1392 1180 76 21 som
1483 1171 78 30 bort
1578 1170 180 31 föranleda

269 1224 187 40 väsentligt
475 1225 92 39 lägre
585 1224 168 41 taxering.

314 1278 14 29 I
350 1278 42 29 de
415 1277 62 31 fall
501 1287 74 21 som
597 1278 143 39 angivas
762 1278 10 30 i
795 1278 111 30 första
930 1278 134 40 stycket
1086 1278 57 30 vid
1166 1278 36 34 6)
1230 1278 64 30 och
1319 1279 36 33 7)
1383 1278 58 30 må
1463 1278 239 31 besvärstalan
1724 1278 32 39 ej

270 1332 97 38 tagas
385 1340 71 31 upp
473 1331 52 30 till
542 1331 181 40 prövning,
741 1331 79 31 med
838 1331 137 30 mindre
992 1332 68 29 den
1076 1332 71 29 kan
1165 1331 154 40 grundas
1335 1331 46 41 på
1399 1331 259 40 omständighet
1675 1331 85 30 eller

269 1385 104 34 bevis,
393 1394 122 20 varom
532 1385 200 30 kännedom
752 1385 145 30 saknats
915 1385 58 30 vid
994 1385 259 30 fastställandet
1272 1394 43 21 av
1332 1385 69 30 den
1420 1385 158 39 taxering
1596 1385 75 30 vari
1690 1386 71 29 rät-

269 1437 84 30 telse
376 1437 112 35 sökes,
510 1438 64 29 och
595 1438 58 29 det
675 1437 167 31 framstår
864 1438 116 29 såsom
1002 1437 187 40 ursäktligt
1211 1439 51 29 att
1283 1437 68 31 den
1374 1437 253 40 skattskyldige
1649 1438 76 30 icke
1746 1438 12 30 i

269 1499 118 21 annan
405 1490 149 40 ordning
571 1490 166 40 åberopat
755 1490 304 41 omständigheten
1077 1490 83 30 eller
1177 1491 130 30 beviset
1326 1490 53 31 till
1397 1491 176 30 vinnande
1592 1500 43 21 av
1652 1491 108 40 riktig

267 1543 170 39 taxering.

313 1595 130 30 Besvär
466 1604 74 21 som
561 1604 99 22 avses
681 1595 11 30 i
714 1595 115 30 denna
851 1595 166 39 paragraf
1038 1595 57 30 må
1117 1595 142 31 anföras
1281 1595 97 31 inom
1400 1596 72 29 fem
1495 1596 38 30 år
1556 1597 88 30 efter
1667 1598 94 28 taxe-

270 1648 182 40 ringsåret.

958 1756 59 30 101
1048 1755 28 38 8.

313 1817 376 40 Taxeringsintendent
709 1818 58 30 må
786 1818 96 31 inom
903 1818 61 35 tid,
985 1827 74 22 som
1079 1818 141 39 angives
1242 1818 11 30 i
1276 1818 60 30 100
1360 1818 29 37 $,
1410 1818 11 30 i
1441 1818 63 30 där
1524 1818 153 31 avsedda
1696 1818 62 30 fall

269 1871 125 31 anföra
412 1872 123 30 besvär
553 1872 52 30 till
623 1872 68 30 den
710 1872 273 40 skattskyldiges
1000 1872 140 31 förmån
1158 1874 92 28 samt
1267 1872 12 30 i
1296 1872 58 31 det
1372 1872 58 31 vid
1449 1872 37 35 5)
1509 1873 12 30 i
1538 1872 113 31 första
1670 1874 91 39 styc-

268 1924 58 30 ket
350 1933 43 21 av
419 1934 135 21 samma
577 1925 165 40 paragraf
766 1925 235 31 omförmälda
1025 1925 97 31 fallet
1145 1925 132 40 jämväl
1302 1925 126 31 anföra
1452 1925 123 31 besvär
1599 1926 80 30 med
1703 1935 57 30 yr-

268 1977 115 31 kande
403 1987 58 21 om
482 1978 147 40 ändring
649 1978 11 30 i
681 1979 157 39 taxering
857 1978 53 31 till
930 1978 68 31 den
1019 1978 271 40 skattskyldiges
1311 1978 158 31 nackdel.

957 2111 60 31 102
1044 2111 29 38 8.

311 2181 73 31 Har
409 2181 184 41 fastighets
617 2182 284 40 taxeringsvärde
925 2183 90 40 legat
1039 2184 53 30 till
1115 2184 115 39 grund
1255 2184 55 30 för
1333 2183 317 41 inkomsttaxering
1674 2183 86 31 eller

269 2234 422 42 förmögenhetstaxering
706 2237 65 30 och
787 2236 82 31 sker
884 2244 126 32 genom
1027 2237 114 40 utslag
1157 2246 44 21 av
1215 2236 126 41 Kungl.
1359 2236 107 40 Maj:t
1482 2237 83 30 eller
1580 2237 178 30 kammar-

268 2288 116 30 rätten
407 2288 85 30 eller
515 2296 125 31 genom
664 2288 114 32 beslut
801 2288 109 40 enligt
937 2289 71 35 166,
1037 2289 58 30 181
1122 2288 85 31 eller
1233 2289 62 30 184
1322 2289 16 37 $
1365 2299 43 21 av
1432 2288 327 41 prövningsnämnd

267 2341 110 30 sådan
397 2341 149 40 ändring
566 2342 221 31 beträffande
808 2342 391 40 fastighetstaxeringen
1219 2344 51 29 att
1290 2342 362 40 inkomsttaxeringen
1673 2342 83 30 eller

267 2394 468 41 förmögenhetstaxeringen
763 2396 63 30 bör
854 2396 214 30 bestämmas
1097 2396 53 30 till
1180 2398 108 29 annat
1316 2396 126 40 belopp
1472 2397 44 29 än
1547 2405 75 21 som
1652 2395 103 33 skett,

268 2448 56 30 må
346 2448 125 30 besvär
493 2448 79 30 med
594 2449 157 39 yrkande
773 2458 59 21 om
854 2449 111 31 härav
986 2449 184 30 föranledd
1193 2448 149 41 ändring
1365 2450 12 29 i
1400 2448 203 41 taxeringen
1627 2448 55 30 för
1704 2447 56 30 in-

266 2500 118 31 komst
406 2500 85 32 eller
514 2501 243 41 förmögenhet
780 2502 144 31 anföras
948 2511 43 22 av
1014 2503 68 30 den
1105 2502 265 40 skattskyldige,
1395 2500 366 41 taxeringsintendent
