2222 2650
427 229 19 31 2
649 232 104 29 Andra
775 232 203 30 Kammarens
1004 233 162 38 Tillfälliga
1195 234 127 30 Utskotts
1348 234 71 38 (N:o
1442 234 27 36 1)
1500 234 153 30 Utlåtande
1675 235 59 30 N:o
1757 237 45 28 19.

426 309 57 38 för
510 311 79 36 dess
617 311 219 50 ingripande
866 313 55 35 uti
949 312 262 37 skolärendena
1239 327 88 23 vara
1356 313 41 36 af
1423 313 68 37 den
1511 319 98 31 stora
1629 314 88 49 vigt,
1738 319 55 31 att
1812 314 209 50 Riksdagen

425 365 67 36 bör
518 366 12 34 i
558 365 79 36 sina
666 365 238 50 hufvuddrag
932 372 84 44 taga
1044 367 70 36 den
1143 368 12 34 i
1184 368 252 45 betraktande,
1464 368 112 36 innan
1604 368 70 36 den
1702 368 162 36 besluter
1891 369 55 49 sig
1965 368 56 37 för

424 431 44 23 en
497 420 310 49 genomgripande
837 420 154 49 ändring
1018 421 12 35 i
1059 421 45 36 de
1129 422 212 36 nuvarande
1362 422 299 36 konsistoriernas
1680 423 336 49 sammansättning.

424 472 73 37 Det
524 472 366 38 otillfredsställande
918 475 12 34 i
958 474 68 36 den
1054 475 212 36 nuvarande
1295 475 204 50 ordningen
1528 483 40 29 är
1596 477 157 35 allmänt
1780 476 131 44 insedt,
1935 489 82 23 men

424 526 105 36 deraf
553 534 40 29 är
622 528 32 48 ej
685 540 43 23 en
756 526 125 51 gifven
910 527 103 49 följd,
1041 534 55 30 att
1124 529 62 36 det
1213 542 72 37 nya
1314 530 97 36 skall
1438 528 117 38 blifva
1583 529 38 37 så
1649 530 148 49 mycket
1826 530 130 44 bättre,
1981 529 37 37 så

423 581 146 48 mycket
597 594 81 24 mer
706 595 77 23 som
812 582 63 36 det
903 582 82 36 med
1014 581 170 38 afseende
1212 583 46 49 på
1277 583 260 37 skolärendena
1557 584 67 35 och
1645 584 226 43 läroverken,
1890 583 127 36 hvilka

419 635 64 49 jag
524 635 84 36 med
652 635 117 37 denna
811 636 141 35 motion
992 642 162 30 närmast
1187 637 103 44 afser,
1321 637 115 37 måste
1464 636 226 46 framhållas,
1718 642 55 31 att
1801 637 13 35 i
1843 638 44 35 de
1914 637 102 36 flesta

422 688 122 36 stiften
574 702 45 23 en
649 690 115 48 vigtig
792 690 61 35 del
882 688 42 37 af
949 690 299 37 konsistoriernas
1275 692 204 35 ledamöter
1507 692 95 36 varit
1629 692 200 35 skollärare
1849 691 68 35 och
1938 689 78 38 haft

423 742 89 37 både
540 742 209 37 erfarenhet
775 757 61 22 om
865 744 69 36 och
962 744 147 36 intresse
1138 743 57 37 för
1223 745 272 36 skolärendena.
1552 745 72 36 Det
1653 752 39 28 är
1721 745 121 35 derför
1870 743 42 36 af
1936 745 79 49 vigt

421 795 57 37 för
519 796 209 50 Riksdagen
770 800 53 33 att
865 796 131 51 pröfva
1033 798 44 36 de
1111 799 154 49 utsigter
1293 800 61 35 till
1382 798 258 50 förändringar
1666 799 12 35 i
1707 799 101 36 detta
1836 797 181 47 afseende,

421 863 78 23 som
532 850 128 36 kunna
694 852 76 35 visa
798 852 66 48 sig.
922 850 40 38 ÅA
991 852 113 36 andra
1133 853 99 35 sidan
1262 859 39 29 är
1330 853 62 36 det
1420 852 56 36 för
1504 853 217 49 regeringen
1749 851 41 37 af
1816 852 198 49 betydelse,

421 910 54 30 att
509 905 78 35 icke
622 905 230 36 tveksamhet
886 906 99 35 inom
1017 906 208 49 någondera
1253 905 41 37 af
1319 907 193 35 kamrarne
1541 907 85 36 med
1654 905 168 38 afseende
1850 906 46 49 på
1924 906 93 36 skol-

421 957 168 50 frågorna
619 959 95 35 skall
742 958 165 37 försvåra
935 959 221 49 antagandet
1184 959 39 37 af
1248 973 43 23 en
1321 974 50 36 ny
1401 961 61 48 lag
1489 959 57 37 för
1575 959 283 50 stiftsstyrelsen.

526 1011 119 37 Sedan
693 1014 182 48 gammalt
920 1012 109 37 hafva
1075 1014 12 34 i
1130 1013 149 50 Sverige
1321 1015 283 35 konsistorierna
1645 1015 245 35 tillsammans
1933 1014 83 35 med

421 1065 220 50 biskoparne
670 1066 81 36 haft
779 1067 55 48 sig
862 1067 215 49 uppdragen
1098 1066 108 38 äfven
1227 1067 273 37 omvårdnaden
1521 1068 68 36 och
1608 1067 290 37 öfvervakandet
1917 1066 40 37 af
1974 1067 42 37 de

421 1121 188 35 allmänna
638 1121 227 36 läroverken.
887 1142 50 5 —
959 1120 124 37 Under
1110 1121 110 50 långa
1248 1122 95 36 tider
1363 1122 67 35 har
1449 1122 100 36 detta
1569 1122 99 36 varit
1686 1122 59 35 till
1765 1127 76 30 stor
1860 1120 157 37 fromma

421 1173 56 37 för
518 1174 183 36 skolorna.
758 1174 126 37 Under
926 1188 44 23 en
1010 1175 64 45 tid,
1107 1175 47 36 då
1186 1175 37 37 så
1256 1176 90 49 godt
1374 1189 77 23 som
1480 1177 51 34 all
1561 1176 70 36 den
1659 1176 112 48 högre
1800 1175 217 49 bildningen

420 1241 66 25 var
513 1228 140 36 samlad
683 1229 64 35 hos
774 1229 277 49 presterskapet,
1079 1230 69 35 och
1177 1229 45 36 då
1251 1231 232 35 läroverkens
1511 1229 76 37 mål
1616 1230 67 35 och
1703 1230 196 35 arbetssätt
1917 1229 12 35 i
1949 1229 68 35 allt

420 1282 197 49 väsentligt
659 1295 88 23 voro
790 1282 171 49 lämpade
993 1282 92 37 efter
1119 1284 162 49 kyrkans
1310 1283 122 45 behof,
1462 1284 122 35 kunde
1614 1283 181 49 svårligen
1824 1295 45 23 en
1900 1283 117 35 bättre

420 1336 204 49 anordning
652 1336 281 36 åstadkommas.
990 1336 128 37 Under
1145 1337 216 37 nuvarande
1390 1336 268 46 förhållanden,
1688 1337 45 36 då
1760 1337 148 36 skolans
1928 1349 89 36 upp-

420 1389 70 48 gift
531 1388 128 38 blifvit
692 1391 198 49 väsentligt
923 1390 211 45 förändrad,
1169 1390 46 37 då
1243 1392 211 35 läsämnena
1481 1392 60 35 till
1570 1392 102 34 antal
1696 1391 68 35 och
1793 1390 223 49 omfattning

419 1444 107 35 vuxit
554 1444 69 35 och
652 1443 47 36 då
726 1444 291 36 lärometoderna
1045 1445 182 36 utbildats
1255 1445 86 36 vida
1370 1444 144 37 utöfver
1542 1445 98 35 hvad
1669 1443 101 37 förut
1798 1457 66 23 var
1896 1443 116 46 fallet,

419 1498 125 36 ställas
587 1498 114 35 andra
742 1499 67 35 och
852 1498 114 49 högre
1000 1498 86 37 kraf
1111 1498 47 49 på
1186 1499 43 36 de
1257 1512 184 35 personer,
1470 1511 78 23 som
1577 1498 104 36 skola
1709 1499 83 35 med
1821 1497 194 49 framgång

418 1551 83 36 leda
529 1551 44 36 de
602 1552 189 35 allmänna
818 1553 225 36 läroverken.

524 1605 55 36 En
622 1606 178 49 väsentlig
842 1607 145 35 lättnad
1019 1605 59 37 för
1112 1606 274 49 stiftsstyrelsen
1414 1607 12 34 i
1455 1606 100 36 detta
1584 1606 168 36 afseende
1781 1606 67 35 har
1875 1605 139 36 inträdt

418 1672 132 35 genom
580 1659 69 36 den
680 1660 286 49 centralisering,
995 1673 76 23 som
1092 1660 110 36 sedan
1221 1659 224 37 femtiotalet
1462 1658 131 38 införts
1612 1660 54 36 uti
1687 1660 234 36 läroverkens
1940 1659 72 36 led-

419 1713 88 49 ning
534 1726 134 35 genom
696 1714 227 36 inrättandet
951 1713 40 36 af
1007 1727 43 23 en
1070 1713 284 50 läroverksbyrå
1374 1715 98 35 inom
1492 1714 523 48 ecklesiastikdepartementet

418 1767 67 35 och
513 1779 133 36 genom
675 1767 68 36 den
772 1767 162 36 derifrån
963 1768 180 49 utgående
1163 1768 261 48 inspektionen.
1467 1767 82 36 Men
1570 1766 108 37 äfven
1697 1768 108 35 sedan
1827 1767 186 48 biskopar-

417 1833 63 23 nes
512 1821 67 35 och
613 1821 302 36 konsistoriernas
943 1821 208 50 befattning
1179 1822 84 35 med
1292 1822 216 36 läroverken
1538 1821 152 36 sålunda
1718 1821 200 36 förenklats
1946 1821 67 35 och

417 1875 60 34 till
517 1873 190 51 omfånget
738 1876 188 44 minskats,
955 1876 67 35 har
1050 1876 70 35 den
1150 1877 184 34 allmänna
1362 1876 195 48 meningen
1586 1875 204 48 ingalunda
1818 1876 98 35 varit
1942 1875 71 35 till-

417 1927 194 37 fredsstäld
645 1929 85 36 med
763 1929 70 36 den
867 1930 213 35 nuvarande
1104 1928 275 50 stiftsstyrelsen
1409 1930 57 35 för
1493 1929 44 35 de
1567 1930 188 35 allmänna
1784 1929 228 36 läroverken.

522 1981 72 50 Jag
624 1983 73 35 kan
725 1983 64 35 här
816 1982 147 50 förbigå
990 1984 43 35 de
1061 1982 149 50 förslag,
1238 1996 78 23 som
1345 1984 194 48 uppgjorts
1567 1984 61 34 till
1657 1996 42 22 en
1725 1982 155 36 särskild
1901 1983 12 34 i
1933 1981 80 37 huf-

417 2035 204 37 vudstaden
655 2035 148 51 förlagd
837 2036 351 51 skolöfverstyrelse,
1216 2037 152 36 hvilken
1397 2037 117 35 skulle
1545 2037 113 36 bland
1687 2042 113 30 annat
1823 2035 190 50 öfvertaga

416 2089 325 50 läroverksbyråns
782 2089 216 37 funktioner
1040 2091 66 36 och
1148 2091 102 36 bilda
1293 2092 200 35 slutstenen
1528 2091 12 35 i
1574 2091 71 36 den
1673 2090 275 49 centralisering
1976 2088 40 37 af

415 2143 234 37 läroverkens
691 2145 245 44 verksamhet,
970 2157 76 23 som
1074 2144 82 36 från
1185 2145 94 36 vissa
1309 2144 77 36 håll
1416 2144 191 50 högeligen
1637 2144 121 49 prisas.
1815 2144 84 36 Men
1927 2155 86 24 vare

416 2197 54 47 sig
510 2203 54 30 att
608 2198 119 36 denna
765 2197 257 51 öfverstyrelse
1051 2197 228 39 fortfarande
1309 2197 146 37 utöfvas
1483 2199 99 35 inom
1612 2199 289 47 departementet
1925 2197 90 35 eller

416 2249 183 50 förlägges
636 2252 60 35 till
725 2264 44 23 en
798 2252 168 42 särskild,
996 2251 150 36 utanför
1175 2252 204 36 detsamma
1407 2252 144 36 stående
1580 2252 228 49 myndighet,
1842 2248 173 38 behöfvas

416 2304 123 35 lokala
568 2306 260 48 myndigheter
856 2306 59 36 för
944 2311 53 30 att
1024 2307 11 33 i
1064 2306 145 36 landets
1237 2307 100 35 olika
1366 2306 103 35 delar
1498 2305 130 37 utöfva
1652 2306 69 35 den
1743 2309 181 32 närmaste
1944 2304 74 36 till-
