2208 2626
422 235 242 32 Sammansatta
689 235 203 42 bevillnings-
916 236 54 32 och
982 236 111 41 första
1117 238 219 40 lagutskottets
1359 239 168 32 utlåtande
1550 240 53 31 Nr
1626 243 29 28 3.
1818 241 19 31 3

347 316 20 36 I
405 316 68 36 det
504 317 223 44 utlåtande,
767 317 766 50 fattigvårdslagstiftningskommittén
1569 322 14 34 i
1620 322 218 48 anledning

239 369 130 36 härav
397 369 78 36 den
503 370 50 35 25
583 370 168 36 oktober
782 372 99 35 1921
913 382 142 36 avgav,
1077 371 192 37 framhöll
1287 373 255 44 kommittén,
1559 374 122 36 bland
1700 377 135 42 annat,

242 421 84 38 dels
363 423 63 36 att
461 422 345 50 lösdrivarelagen
842 423 125 37 redan
994 424 95 37 med
1116 438 57 23 nu
1203 425 187 48 gällande
1419 426 135 49 legala
1581 428 257 48 bestämning

240 488 52 24 av
320 476 238 48 kategorien
589 477 265 36 »lösdrivare>
885 478 15 35 1
927 479 84 35 rätt
1039 478 229 48 betydande
1291 480 284 49 utsträckning
1595 482 160 36 komme
1774 482 65 36 till

240 530 265 48 användning
532 533 105 33 även
665 530 25 36 å
717 542 198 36 personer,
946 543 86 24 som
1059 532 15 35 i
1102 532 110 36 olika
1239 533 149 36 former
1415 535 175 36 utövade
1619 535 117 48 olaga
1756 548 80 24 rus-

240 582 378 48 dryckshantering,
651 583 83 36 dels
763 585 62 35 att
853 596 50 24 en
931 584 219 37 förändrad
1176 586 108 47 legal
1312 587 257 47 bestämning
1593 600 50 24 av
1670 589 168 35 berörda

240 635 187 48 kategori
454 635 14 36 i
497 637 399 36 överensstämmelse
923 637 94 36 med
1045 638 143 36 dittills
1203 638 255 37 framkomna
1473 640 162 48 förslag,
1653 641 184 48 syftande
1859 676 4 3 .

239 688 65 36 till
331 700 51 24 en
409 688 248 49 behandling
685 701 86 25 som
799 690 220 36 lösdrivare
1048 703 51 24 av
1127 692 106 36 vissa
1260 692 269 38 lönbrännare
1557 694 75 36 och
1659 694 176 48 langare,

239 742 203 47 knappast
483 754 95 24 vore
620 754 51 24 av
713 742 78 37 den
833 744 73 44 art,
951 745 62 35 att
1040 744 100 37 flera
1168 745 151 37 sådana
1344 746 164 37 komme
1537 749 61 34 att
1625 747 52 48 på
1706 748 132 47 grund

240 794 127 36 därav
395 795 221 36 behandlas
645 796 131 36 såsom
803 796 231 45 lösdrivare,
1052 801 53 33 än
1120 810 67 24 om
1202 799 188 47 gällande
1404 800 287 48 lösdrivarelag
1707 801 132 36 direkt

239 847 256 48 tillämpades
523 848 52 47 på
604 848 103 44 dem,
739 849 84 36 dels
852 850 72 36 ock
953 850 193 48 slutligen
1179 853 62 34 att
1269 852 205 48 åtskilliga
1502 853 213 48 allvarliga
1733 855 103 46 prin-

241 900 160 48 cipiella
437 901 328 48 betänkligheter
801 902 250 38 framställde
1088 904 62 48 sig
1185 906 88 35 mot
1309 917 49 24 en
1390 906 285 48 utsträckning
1704 919 50 24 av
1782 920 56 23 nu

240 953 190 49 gällande
457 954 482 50 lösdrivarelagstiftning
967 958 144 36 utöver
1137 958 80 36 vad
1245 970 84 25 som
1362 959 125 36 redan
1515 960 107 36 skett
1648 961 14 35 i
1689 961 145 47 praxis.

347 1007 61 36 På
445 1008 133 47 grund
615 1021 50 23 av
703 1008 786 51 fattigvårdslagstiftningskommitténs
1517 1014 218 48 utredning
1763 1014 74 36 och

240 1059 49 37 de
327 1060 98 44 skäl,
464 1061 247 37 kommittén
738 1063 89 35 däri
855 1063 145 44 anfört,
1029 1064 75 36 har
1132 1065 290 48 föredragande
1452 1067 384 47 departementsche-

239 1112 67 36 fen
344 1113 136 36 funnit
517 1114 61 48 sig
614 1115 89 36 icke
741 1116 140 48 kunna
917 1116 216 48 tillstyrka,
1174 1119 63 35 att
1271 1119 14 35 i
1312 1118 262 38 förevarande
1603 1120 234 48 förordning

239 1167 201 47 upptagas
468 1167 130 47 några
624 1168 305 37 bestämmelser
957 1182 51 24 av
1037 1170 78 36 den
1143 1172 75 43 art,
1249 1183 85 24 som
1361 1172 117 36 blivit
1505 1173 223 48 ifrågasatt.

347 1218 212 38 Utskottet
596 1220 75 36 har
704 1221 62 36 för
794 1223 61 34 sin
883 1222 65 36 del
974 1223 90 36 icke
1091 1224 127 47 något
1248 1226 61 34 att
1337 1225 133 36 erinra
1497 1227 14 35 i
1540 1226 218 48 anledning
1786 1238 50 24 av

240 1271 79 36 den
346 1273 248 36 verkställda
621 1274 271 49 utredningen
920 1275 76 37 och
1024 1275 78 37 den
1116 1277 261 48 ståndpunkt,
1394 1278 291 49 föredragande
1700 1280 135 48 depar-

238 1325 321 37 tementschefen
586 1327 53 47 på
667 1328 133 47 grund
828 1328 126 37 därav
982 1329 161 48 intagit,
1173 1342 95 24 men
1296 1331 218 45 förväntar,
1547 1335 61 33 att
1627 1333 66 36 det
1712 1337 123 44 spörs-

238 1378 96 44 mål,
372 1378 130 37 vilket
539 1380 155 37 berörts
726 1381 15 35 i
778 1381 235 49 riksdagens
1046 1383 265 37 förenämnda
1339 1385 201 44 skrivelse,
1575 1386 131 36 såsom
1734 1390 102 33 även

239 1431 292 48 föredragande
560 1432 442 48 departementschefen
1031 1436 201 44 förutsatt,
1263 1437 69 36 vid
1364 1438 77 36 den
1472 1439 208 48 pågående
1705 1440 130 36 utred-

238 1484 153 48 ningen
428 1496 67 25 om
533 1497 50 24 en
617 1486 247 37 reformerad
900 1488 481 50 lösdrivarelagstiftning
1412 1492 128 36 bliver
1581 1492 167 36 föremål
1777 1493 61 36 för

238 1536 165 37 fortsatt
429 1538 365 47 uppmärksamhet
821 1552 51 23 av
901 1541 774 50 fattigvårdslagstiftningskommittén.

346 1642 64 37 Då
437 1643 200 37 utskottet
665 1644 68 37 vid
761 1645 303 49 granskningen
1093 1659 51 24 av
1173 1647 260 39 förevarande
1462 1650 149 49 förslag
1638 1651 88 36 icke
1754 1652 80 36 hel-

237 1695 61 37 ler
334 1696 15 35 i
378 1696 132 48 övrigt
540 1697 136 36 funnit
703 1698 89 36 skäl
819 1699 63 35 till
910 1700 272 49 anmärkning
1215 1703 87 35 mot
1329 1702 235 46 detsamma,
1595 1704 62 37 får
1684 1705 150 37 utskot-

239 1750 62 35 tet
327 1749 229 45 hemställa,

774 1806 63 35 att
864 1805 218 49 riksdagen
1110 1807 128 37 måtte
1268 1809 61 36 för
1358 1809 60 37 sin
1447 1810 64 36 del
1530 1810 142 37 bifalla
1689 1811 145 48 ifråga-

667 1858 179 36 varande
874 1860 258 47 proposition.

347 1907 235 39 Stockholm
613 1910 78 36 den
722 1912 48 35 17
798 1912 83 48 maj
914 1914 112 35 1922.

317 1996 61 37 På
407 2000 294 35 sammansatta
729 2000 255 49 bevillnings-
1014 2002 76 36 och
1117 2002 126 38 första
1270 2004 286 49 lagutskottets
1584 2010 168 45 vägnar:

753 2069 180 39 JAKOB
962 2072 359 39 PETTERSSON.

343 2224 57 26 Vid
420 2225 79 26 detta
518 2227 121 26 ärendes
658 2227 177 34 behandling
852 2230 75 25 hava
946 2231 138 25 närvarit:

342 2269 101 25 herrar
470 2269 92 27 Jakob
589 2271 165 33 Pettersson,
783 2273 166 32 Antonsson,
978 2274 101 26 Nilson
1108 2275 8 24 i
1146 2275 226 32 Kristinehamn,
1401 2276 164 33 Björkman,
1596 2278 87 26 Jacob
1701 2274 132 41 Larsson,

236 2311 36 26 K.
295 2311 34 27 G.
356 2312 148 33 Westman,
532 2314 80 33 Bärg
631 2315 8 25 i
659 2316 210 33 Katrineholm,
891 2316 98 27 Olsson
1008 2318 8 25 i
1039 2319 127 31 Ramsta,
1185 2318 38 33 af
1238 2319 149 26 Ekenstam
1407 2322 52 24 och
1479 2321 150 33 Lindqvist
1650 2323 3 24 i
1674 2323 158 26 Halmstad.
