2271 2627
494 174 40 30 20
949 162 239 56 Laq-Utskottets
1224 163 160 37 Utlåtande
1417 166 61 32 N:o
1506 164 48 34 21.

442 257 73 33 med
554 256 70 32 skäl
663 257 108 30 kunna
810 256 216 40 ifrågasättas,
1068 253 159 32 huruvida
1260 255 47 29 ett
1333 251 202 32 rådmansval
1562 254 36 28 är
1625 253 48 29 att
1701 250 134 32 hänföra
1862 249 50 32 till
1939 249 121 33 sådana

443 309 210 32 kommunens
681 307 167 41 ordnings-
876 308 59 31 och
963 303 502 42 hushållningsangelägenheter,
1495 314 68 21 som
1590 303 10 31 i
1628 306 17 29 9
1674 304 15 41 $
1715 302 93 32 afses.
1849 301 211 41 Magistraten

443 361 60 32 har
542 359 157 40 nemligen
730 359 48 31 till
805 359 126 41 uppgift
958 358 69 32 icke
1056 357 83 31 blott
1165 359 57 36 att,
1251 356 9 31 i
1289 355 158 41 egenskap
1476 354 34 32 af
1534 354 130 31 stadens
1692 354 143 42 styrelse,
1865 353 80 32 vaka
1972 353 89 32 öfver

442 411 282 40 verkställigheten
764 410 35 32 af
836 410 161 32 allmänna
1036 408 203 39 Rådstugans
1280 406 78 32 eller
1397 405 307 41 stadsfullmäktiges
1740 405 154 40 Jlagenligt
1938 404 121 32 fattade

443 462 106 34 beslut
585 465 83 29 samt
694 462 11 31 i
732 461 176 32 allmänhet
935 461 98 32 vårda
1065 459 128 32 stadens
1221 460 66 30 rätt
1314 457 58 32 och
1401 456 133 40 välfärd,
1564 468 70 20 men
1662 456 92 32 äfven
1783 459 49 29 att
1859 455 109 32 utöfva
1993 455 67 33 dels

443 513 262 34 domaremakten
746 513 59 31 och
846 512 66 32 dels
953 512 61 31 den
1042 510 169 33 exekutiva
1245 509 139 31 makten.
1440 508 71 32 Med
1539 508 181 31 hänseende
1748 508 48 31 till
1826 507 93 32 dessa
1945 510 116 29 tvänne

444 565 134 33 sednare
618 563 87 34 sidor
745 564 33 32 af
815 564 224 40 magistratens
1080 561 203 33 verksamhet
1322 563 56 29 äro
1407 560 71 31 dess
1506 559 206 32 medlemmar
1739 562 48 28 att
1813 558 151 32 betrakta
1990 558 71 33 icke

444 619 106 30 såsom
577 615 210 33 kommunens
815 618 77 29 utan
921 617 103 30 såsom
1053 613 129 33 Statens
1211 612 201 42 tjenstemän,
1439 611 59 32 och
1527 611 93 31 deras
1647 609 199 33 tillsättande
1874 613 37 28 är
1934 609 128 42 följakt-

444 669 86 39 ligen
569 668 11 30 i
620 667 110 41 sjelfva
766 666 110 31 verket
914 666 71 31 icke
1019 665 83 30 blott
1142 674 39 20 en
1208 662 210 37 kommunal-,
1446 672 72 21 men
1546 661 93 31 äfven
1667 672 40 20 en
1734 659 325 41 statsangelägenhet,

445 717 103 32 ehuru
590 716 151 32 städerna
780 716 34 31 af
844 715 89 32 ålder
960 714 70 33 haft
1056 713 200 43 privilegium
1285 715 49 29 att
1361 712 67 31 deri
1456 712 138 40 deltaga.
1649 712 15 31 I
1691 711 110 43 sjelfva
1827 710 176 42 begreppet
2029 709 36 33 af

445 779 115 30 genom
599 767 51 32 val
683 767 133 32 utsedde
845 767 197 31 embetsmän
1071 765 57 32 och
1158 764 225 32 företrädesvis
1411 764 129 30 domare
1568 763 100 40 ligger
1687 763 106 37 också,
1822 765 49 28 att
1897 762 88 31 detta
2011 762 50 31 val

446 820 101 31 måste
587 818 55 32 ske
682 817 281 40 omedelbarligen,
1004 816 70 33 icke
1110 826 112 29 genom
1251 825 39 21 en
1317 813 420 42 representantförsamling,
1767 815 104 30 såsom
1899 811 162 33 stadsfull-

446 869 151 41 mäktige,
639 868 123 33 hvilkas
803 869 118 39 åsigter
961 875 51 25 om
1047 867 60 32 den
1141 877 58 21 ene
1227 866 78 31 eller
1331 865 100 31 andre
1458 864 212 33 kandidatens
1698 864 188 42 lämplighet
1913 864 150 41 möjligen

446 919 111 33 kunna
583 922 50 30 stå
659 920 11 32 i
697 919 78 32 strid
805 923 85 28 emot
916 917 381 43 primär-församlingens
1324 915 205 41 önskningar.

595 970 110 41 Enligt
730 970 181 32 Utskottets
939 970 82 39 åsigt
1047 968 102 32 skulle
1178 969 104 39 någon
1310 977 106 21 annan
1445 966 161 42 betydelse
1634 966 26 42 ej
1689 965 109 32 kunna
1814 965 147 40 tilläggas
1975 964 88 32 stad-

445 1022 120 41 gandet
604 1022 10 31 i
654 1024 39 29 46
735 1024 30 39 8,
795 1025 39 28 än
863 1024 48 29 att
939 1021 86 31 förut
1052 1019 148 42 gällande
1228 1017 201 33 föreskrifter
1456 1028 51 21 om
1534 1017 201 32 rådmansval
1762 1016 99 32 borde
1888 1015 95 32 lända
2012 1015 50 32 till

445 1073 214 32 efterrättelse
690 1072 84 32 blott
800 1073 9 30 i
838 1072 53 31 det
918 1071 66 40 fall,
1014 1075 47 28 att
1087 1071 84 31 valet
1198 1069 73 32 sker
1299 1071 18 30 å
1340 1069 118 31 allmän
1485 1068 164 41 Rådstuga
1676 1068 57 32 och
1764 1067 25 42 ej
1818 1066 186 32 verkställes
2032 1065 34 33 af

444 1123 301 40 stadsfullmäktige.
800 1123 60 41 Jag
900 1122 162 32 förmodar
1101 1121 106 38 likväl,
1250 1122 48 30 att
1337 1131 50 21 om
1428 1120 217 39 lagstiftarens
1678 1119 129 39 mening
1841 1118 84 32 varit
1951 1117 110 39 sådan,

445 1175 81 32 hade
567 1175 62 31 han
670 1178 78 27 utan
787 1174 108 30 tvifvel
934 1173 128 31 affattat
1100 1171 192 40 stadgandet
1335 1171 10 31 i
1385 1170 328 32 öfverensstämmelse
1754 1169 141 36 dermed,
1925 1168 41 32 då
1993 1168 69 32 det-

450 1236 123 21 samma
600 1224 203 41 naturligtvis
832 1224 127 31 erhållit
987 1235 38 20 en
1054 1223 67 32 helt
1147 1233 106 21 annan
1280 1221 128 42 lydelse,
1437 1224 41 28 än
1507 1221 60 32 den
1595 1220 193 33 nuvarande.

546 1275 59 33 Om
633 1277 19 30 å
678 1286 61 21 ena
765 1275 90 31 sidan
885 1275 54 31 det
966 1276 99 30 måste
1094 1273 184 40 medgifvas,
1307 1275 48 29 att
1381 1272 181 33 Utskottets
1588 1272 209 42 uppfattning
1826 1270 34 32 af
1872 1270 111 40 lagens
2000 1280 60 21 me.

445 1327 75 40 ning
561 1326 298 33 öfverensstämmer
888 1325 71 31 med
986 1325 61 32 den
1083 1324 156 40 tolkning,
1268 1323 115 40 Kongl.
1413 1324 90 40 Maj:t
1528 1323 11 31 i
1566 1322 158 33 särskilda
1752 1321 63 32 mål
1843 1321 92 31 deråt
1962 1320 100 40 gifvit,

444 1379 36 30 så
507 1379 52 30 må
586 1379 19 29 å
633 1377 101 31 andra
763 1376 91 31 sidan
883 1376 131 39 erinras,
1044 1378 49 29 att
1120 1386 37 20 en
1186 1377 132 29 motsatt
1345 1374 207 40 tillämpning
1579 1374 35 32 af
1639 1374 104 31 denna
1771 1373 51 39 lag
1837 1371 135 33 allmänt
1986 1370 79 41 egde

443 1439 72 21 rum
542 1429 100 31 innan
669 1428 114 40 Kongl.
813 1427 106 42 Maj:ts
946 1426 147 40 tolkning
1121 1425 209 39 mellankom;
1357 1425 60 31 och
1444 1425 10 31 i
1471 1425 172 40 Göteborg,
1661 1427 21 29 t.
1700 1435 61 27 ex.,
1778 1424 58 31 har
1858 1422 207 40 magistraten

438 1479 119 42 jemväl
592 1478 182 33 sedermera
800 1480 107 30 ansett
933 1477 48 40 sig
1008 1477 79 32 böra
1115 1476 85 32 hålla
1226 1475 202 33 rådmansval
1455 1475 11 31 i
1492 1476 106 40 vanlig
1626 1475 147 39 ordning,
1802 1477 78 28 utan
1909 1472 152 32 afseende

443 1531 42 40 på
511 1530 39 31 de
577 1529 72 32 från
675 1529 115 40 Kongl.
820 1529 90 40 Maj:t
935 1528 155 32 utkomna
1117 1526 228 42 prejudikater.

595 1580 47 32 På
668 1580 104 39 grund
798 1578 96 32 häraf
918 1579 49 31 får
991 1579 53 40 jag
1072 1578 162 32 vördsamt
1261 1576 180 39 hemställa,

901 1633 47 28 att
974 1629 181 39 Riksdagen
1183 1628 72 32 ville
1282 1627 50 32 för
1359 1628 48 30 sin
1435 1627 51 31 del
1514 1626 109 32 bifalla
1650 1627 83 31 Herr
1761 1625 127 32 Hiertas
1912 1624 153 32 motion
2047 1620 20 52 i

849 1679 82 32 hvad
959 1680 62 31 den
1048 1680 84 31 afser
1159 1678 177 40 förklaring
1359 1678 35 32 af
1418 1677 245 41 ifrågavarande
1690 1677 84 40 lag”.

595 1782 35 32 af
656 1781 83 32 Herr
767 1781 114 33 Grefve
909 1781 134 33 Mörner
1070 1781 60 32 och
1159 1780 81 31 Herr
1266 1791 60 20 von
1353 1779 119 32 Möller
1498 1781 67 29 mot
1592 1778 180 32 Utskottets
1801 1776 136 33 beslut
1927 1772 18 54 i
1963 1776 102 42 tredje

445 1833 146 43 punkten
618 1832 35 33 af
678 1832 209 39 Utlåtandet
870 1828 20 52 ;

548 1936 36 32 af
613 1936 85 31 Herr
725 1934 191 33 Kolmodin:
971 1933 68 31 «Då
1066 1934 10 31 i
1104 1933 174 40 begreppet
1307 1931 357 42 "kommunalstyrelse”
1693 1929 176 43 otvetydigt
1882 1929 113 41 ligger,
2011 1932 53 29 att

449 1987 194 32 kommunen
672 1986 74 41 sjelf
771 1985 59 32 bör
858 1987 73 37 taga
970 1983 76 32 vård
1075 1995 50 21 om
1166 1984 70 31 sina
1275 1983 282 40 angelägenheter,
1588 1982 60 32 och
1677 1992 71 20 man
1776 1991 114 30 genom
1918 1980 55 32 det
1998 1981 67 39 lag-

450 2038 66 40 liga
542 2037 182 32 ordnandet
751 2037 34 31 af
811 2035 105 31 denna
944 2034 71 32 dess
1043 2034 203 32 verksamhet
1273 2034 124 38 erkänt,
1439 2036 48 29 att
1521 2033 37 31 de
1586 2034 137 39 insigter
1750 2032 60 31 och
1837 2031 131 39 krafter,
1997 2042 68 21 som

448 2088 175 32 förefinnas
649 2088 86 31 inom
765 2087 205 36 kommunen,
998 2089 56 28 äro
1084 2085 72 32 bäst
1183 2085 151 31 skickade
1363 2087 47 29 att
1439 2084 133 32 bedöma
1600 2085 60 31 och
1676 2083 180 40 handlägga
1872 2082 193 32 hithörande

449 2139 156 39 ärenden;
646 2140 36 30 så
722 2140 101 30 måste
864 2137 54 31 det
957 2136 32 32 få
1016 2139 133 37 antagas
1179 2137 105 31 såsom
1311 2135 108 41 gifvet,
1449 2138 47 29 att
1525 2135 113 31 endast
1666 2137 46 29 ett
1738 2133 139 40 verkligt
1903 2133 162 40 nödtvång

450 2189 59 32 bör
535 2189 167 32 föranleda
729 2189 49 31 till
805 2187 153 33 afvikelse
985 2187 72 31 från
1087 2190 48 29 ett
1161 2186 193 42 följdriktigt
1381 2185 251 41 genomförande
1659 2185 36 31 af
1705 2194 73 32 nyss
1792 2183 142 42 antydda
1946 2183 119 41 grund-

452 2243 75 29 sats.
582 2240 54 31 Ett
665 2239 115 32 sådant
806 2241 95 37 tvång
928 2237 122 40 förelåg
1079 2237 161 32 måhända
1281 2237 50 31 vid
1370 2236 336 40 kommunallagarnes
1739 2235 181 40 antagande
1947 2234 116 39 deruti,
