<?xml version="1.0" encoding="UTF-8"?>
<alto xmlns="http://www.loc.gov/standards/alto/ns-v3#" xmlns:xlink="http://www.w3.org/1999/xlink" xmlns:xsi="http://www.w3.org/2001/XMLSchema-instance" xsi:schemaLocation="http://www.loc.gov/standards/alto/ns-v3# http://www.loc.gov/alto/v3/alto-3-0.xsd">
	<Description>
		<MeasurementUnit>pixel</MeasurementUnit>
		<sourceImageInformation>
			<fileName>/tmp/tess_vces6qd0_input.PNG</fileName>
		</sourceImageInformation>
		<OCRProcessing ID="OCR_0">
			<ocrProcessingStep>
				<processingSoftware>
					<softwareName>tesseract 5.3.0</softwareName>
				</processingSoftware>
			</ocrProcessingStep>
		</OCRProcessing>
	</Description>
	<Layout>
		<Page WIDTH="1876" HEIGHT="2846" PHYSICAL_IMG_NR="0" ID="page_0">
			<PrintSpace HPOS="0" VPOS="0" WIDTH="1876" HEIGHT="2846">
				<ComposedBlock ID="cblock_0" HPOS="484" VPOS="155" WIDTH="1047" HEIGHT="38">
					<TextBlock ID="block_0" HPOS="484" VPOS="155" WIDTH="1047" HEIGHT="38">
						<TextLine ID="line_0" HPOS="484" VPOS="155" WIDTH="1047" HEIGHT="38">
							<String ID="string_0" HPOS="484" VPOS="160" WIDTH="319" HEIGHT="33" WC="0.92" CONTENT="Bankoutskottets"/><SP WIDTH="25" VPOS="160" HPOS="803"/>
							<String ID="string_1" HPOS="828" VPOS="158" WIDTH="189" HEIGHT="32" WC="0.96" CONTENT="utlåtande"/><SP WIDTH="24" VPOS="158" HPOS="1017"/>
							<String ID="string_2" HPOS="1041" VPOS="158" WIDTH="52" HEIGHT="31" WC="0.94" CONTENT="Nr"/><SP WIDTH="24" VPOS="158" HPOS="1093"/>
							<String ID="string_3" HPOS="1117" VPOS="158" WIDTH="52" HEIGHT="30" WC="0.74" CONTENT="37."/><SP WIDTH="345" VPOS="158" HPOS="1169"/>
							<String ID="string_4" HPOS="1514" VPOS="155" WIDTH="17" HEIGHT="30" WC="0.88" CONTENT="T"/>
						</TextLine>
					</TextBlock>
				</ComposedBlock>
				<ComposedBlock ID="cblock_1" HPOS="72" VPOS="233" WIDTH="1508" HEIGHT="652">
					<TextBlock ID="block_1" HPOS="72" VPOS="233" WIDTH="1506" HEIGHT="257">
						<TextLine ID="line_1" HPOS="74" VPOS="233" WIDTH="1503" HEIGHT="44">
							<String ID="string_5" HPOS="74" VPOS="240" WIDTH="166" HEIGHT="37" WC="0.96" CONTENT="gällande"/><SP WIDTH="19" VPOS="240" HPOS="240"/>
							<String ID="string_6" HPOS="259" VPOS="239" WIDTH="198" HEIGHT="31" WC="0.96" CONTENT="maximum"/><SP WIDTH="18" VPOS="239" HPOS="457"/>
							<String ID="string_7" HPOS="475" VPOS="238" WIDTH="88" HEIGHT="32" WC="0.96" CONTENT="hade"/><SP WIDTH="21" VPOS="238" HPOS="563"/>
							<String ID="string_8" HPOS="584" VPOS="238" WIDTH="179" HEIGHT="35" WC="0.96" CONTENT="uppnåtts."/><SP WIDTH="38" VPOS="238" HPOS="763"/>
							<String ID="string_9" HPOS="801" VPOS="236" WIDTH="56" HEIGHT="30" WC="0.56" CONTENT="En"/><SP WIDTH="19" VPOS="236" HPOS="857"/>
							<String ID="string_10" HPOS="876" VPOS="235" WIDTH="154" HEIGHT="37" WC="0.95" CONTENT="generell"/><SP WIDTH="20" VPOS="235" HPOS="1030"/>
							<String ID="string_11" HPOS="1050" VPOS="234" WIDTH="149" HEIGHT="37" WC="0.96" CONTENT="höjning"/><SP WIDTH="19" VPOS="234" HPOS="1199"/>
							<String ID="string_12" HPOS="1218" VPOS="244" WIDTH="45" HEIGHT="21" WC="0.96" CONTENT="av"/><SP WIDTH="18" VPOS="244" HPOS="1263"/>
							<String ID="string_13" HPOS="1281" VPOS="233" WIDTH="199" HEIGHT="32" WC="0.92" CONTENT="maximum"/><SP WIDTH="17" VPOS="233" HPOS="1480"/>
							<String ID="string_14" HPOS="1497" VPOS="242" WIDTH="80" HEIGHT="26" WC="0.91" CONTENT="syn-"/>
						</TextLine>
						<TextLine ID="line_2" HPOS="73" VPOS="274" WIDTH="1504" HEIGHT="44">
							<String ID="string_15" HPOS="73" VPOS="287" WIDTH="53" HEIGHT="29" WC="0.96" CONTENT="tes"/><SP WIDTH="24" VPOS="287" HPOS="126"/>
							<String ID="string_16" HPOS="150" VPOS="284" WIDTH="90" HEIGHT="32" WC="0.96" CONTENT="dock"/><SP WIDTH="23" VPOS="284" HPOS="240"/>
							<String ID="string_17" HPOS="263" VPOS="284" WIDTH="11" HEIGHT="30" WC="0.96" CONTENT="i"/><SP WIDTH="30" VPOS="284" HPOS="274"/>
							<String ID="string_18" HPOS="304" VPOS="283" WIDTH="150" HEIGHT="35" WC="0.96" CONTENT="frågans"/><SP WIDTH="24" VPOS="283" HPOS="454"/>
							<String ID="string_19" HPOS="478" VPOS="280" WIDTH="210" HEIGHT="32" WC="0.96" CONTENT="nuvarande"/><SP WIDTH="25" VPOS="280" HPOS="688"/>
							<String ID="string_20" HPOS="713" VPOS="280" WIDTH="79" HEIGHT="36" WC="0.96" CONTENT="läge"/><SP WIDTH="25" VPOS="280" HPOS="792"/>
							<String ID="string_21" HPOS="817" VPOS="279" WIDTH="33" HEIGHT="35" WC="0.96" CONTENT="ej"/><SP WIDTH="30" VPOS="279" HPOS="850"/>
							<String ID="string_22" HPOS="880" VPOS="279" WIDTH="86" HEIGHT="31" WC="0.96" CONTENT="böra"/><SP WIDTH="25" VPOS="279" HPOS="966"/>
							<String ID="string_23" HPOS="991" VPOS="278" WIDTH="70" HEIGHT="35" WC="0.96" CONTENT="ske,"/><SP WIDTH="24" VPOS="278" HPOS="1061"/>
							<String ID="string_24" HPOS="1085" VPOS="279" WIDTH="90" HEIGHT="30" WC="0.96" CONTENT="utan"/><SP WIDTH="25" VPOS="279" HPOS="1175"/>
							<String ID="string_25" HPOS="1200" VPOS="277" WIDTH="106" HEIGHT="32" WC="0.96" CONTENT="borde"/><SP WIDTH="24" VPOS="277" HPOS="1306"/>
							<String ID="string_26" HPOS="1330" VPOS="276" WIDTH="60" HEIGHT="32" WC="0.96" CONTENT="det"/><SP WIDTH="25" VPOS="276" HPOS="1390"/>
							<String ID="string_27" HPOS="1415" VPOS="276" WIDTH="124" HEIGHT="35" WC="0.96" CONTENT="läggas"/><SP WIDTH="27" VPOS="276" HPOS="1539"/>
							<String ID="string_28" HPOS="1566" VPOS="274" WIDTH="11" HEIGHT="30" WC="0.96" CONTENT="i"/>
						</TextLine>
						<TextLine ID="line_3" HPOS="75" VPOS="312" WIDTH="1502" HEIGHT="54">
							<String ID="string_29" HPOS="75" VPOS="327" WIDTH="135" HEIGHT="39" WC="0.94" CONTENT="Kungl."/><SP WIDTH="16" VPOS="327" HPOS="210"/>
							<String ID="string_30" HPOS="226" VPOS="326" WIDTH="128" HEIGHT="37" WC="0.96" CONTENT="Maj:ts"/><SP WIDTH="16" VPOS="326" HPOS="354"/>
							<String ID="string_31" HPOS="370" VPOS="326" WIDTH="97" HEIGHT="31" WC="0.96" CONTENT="hand"/><SP WIDTH="17" VPOS="326" HPOS="467"/>
							<String ID="string_32" HPOS="484" VPOS="326" WIDTH="63" HEIGHT="34" WC="0.96" CONTENT="att,"/><SP WIDTH="16" VPOS="326" HPOS="547"/>
							<String ID="string_33" HPOS="563" VPOS="324" WIDTH="66" HEIGHT="31" WC="0.96" CONTENT="där"/><SP WIDTH="18" VPOS="324" HPOS="629"/>
							<String ID="string_34" HPOS="647" VPOS="324" WIDTH="77" HEIGHT="30" WC="0.96" CONTENT="skäl"/><SP WIDTH="14" VPOS="324" HPOS="724"/>
							<String ID="string_35" HPOS="738" VPOS="322" WIDTH="128" HEIGHT="32" WC="0.96" CONTENT="därtill"/><SP WIDTH="16" VPOS="322" HPOS="866"/>
							<String ID="string_36" HPOS="882" VPOS="332" WIDTH="94" HEIGHT="26" WC="0.93" CONTENT="vore,"/><SP WIDTH="16" VPOS="332" HPOS="976"/>
							<String ID="string_37" HPOS="992" VPOS="320" WIDTH="167" HEIGHT="38" WC="0.91" CONTENT="medgiva"/><SP WIDTH="18" VPOS="320" HPOS="1159"/>
							<String ID="string_38" HPOS="1177" VPOS="330" WIDTH="42" HEIGHT="20" WC="0.96" CONTENT="en"/><SP WIDTH="17" VPOS="330" HPOS="1219"/>
							<String ID="string_39" HPOS="1236" VPOS="319" WIDTH="151" HEIGHT="36" WC="0.96" CONTENT="höjning"/><SP WIDTH="18" VPOS="319" HPOS="1387"/>
							<String ID="string_40" HPOS="1405" VPOS="328" WIDTH="44" HEIGHT="21" WC="0.96" CONTENT="av"/><SP WIDTH="18" VPOS="328" HPOS="1449"/>
							<String ID="string_41" HPOS="1467" VPOS="312" WIDTH="110" HEIGHT="46" WC="0.91" CONTENT="maxi-"/>
						</TextLine>
						<TextLine ID="line_4" HPOS="75" VPOS="359" WIDTH="1502" HEIGHT="46">
							<String ID="string_42" HPOS="75" VPOS="381" WIDTH="97" HEIGHT="21" WC="0.96" CONTENT="mum"/><SP WIDTH="25" VPOS="381" HPOS="172"/>
							<String ID="string_43" HPOS="197" VPOS="372" WIDTH="53" HEIGHT="29" WC="0.93" CONTENT="för"/><SP WIDTH="24" VPOS="372" HPOS="250"/>
							<String ID="string_44" HPOS="274" VPOS="368" WIDTH="211" HEIGHT="37" WC="0.89" CONTENT="inlåningen"/><SP WIDTH="23" VPOS="368" HPOS="485"/>
							<String ID="string_45" HPOS="508" VPOS="368" WIDTH="56" HEIGHT="31" WC="0.96" CONTENT="till"/><SP WIDTH="24" VPOS="368" HPOS="564"/>
							<String ID="string_46" HPOS="588" VPOS="369" WIDTH="54" HEIGHT="29" WC="0.96" CONTENT="tre"/><SP WIDTH="27" VPOS="369" HPOS="642"/>
							<String ID="string_47" HPOS="669" VPOS="368" WIDTH="132" HEIGHT="37" WC="0.96" CONTENT="gånger"/><SP WIDTH="24" VPOS="368" HPOS="801"/>
							<String ID="string_48" HPOS="825" VPOS="364" WIDTH="68" HEIGHT="32" WC="0.93" CONTENT="den"/><SP WIDTH="24" VPOS="364" HPOS="893"/>
							<String ID="string_49" HPOS="917" VPOS="363" WIDTH="243" HEIGHT="37" WC="0.92" CONTENT="ansvarighet,"/><SP WIDTH="23" VPOS="363" HPOS="1160"/>
							<String ID="string_50" HPOS="1183" VPOS="373" WIDTH="73" HEIGHT="21" WC="0.96" CONTENT="som"/><SP WIDTH="26" VPOS="373" HPOS="1256"/>
							<String ID="string_51" HPOS="1282" VPOS="361" WIDTH="42" HEIGHT="32" WC="0.96" CONTENT="de"/><SP WIDTH="24" VPOS="361" HPOS="1324"/>
							<String ID="string_52" HPOS="1348" VPOS="360" WIDTH="57" HEIGHT="32" WC="0.92" CONTENT="till"/><SP WIDTH="24" VPOS="360" HPOS="1405"/>
							<String ID="string_53" HPOS="1429" VPOS="359" WIDTH="148" HEIGHT="33" WC="0.92" CONTENT="central-"/>
						</TextLine>
						<TextLine ID="line_5" HPOS="74" VPOS="403" WIDTH="1504" HEIGHT="44">
							<String ID="string_54" HPOS="74" VPOS="411" WIDTH="173" HEIGHT="35" WC="0.96" CONTENT="kassorna"/><SP WIDTH="44" VPOS="411" HPOS="247"/>
							<String ID="string_55" HPOS="291" VPOS="413" WIDTH="168" HEIGHT="31" WC="0.90" CONTENT="anslutna"/><SP WIDTH="47" VPOS="413" HPOS="459"/>
							<String ID="string_56" HPOS="506" VPOS="409" WIDTH="366" HEIGHT="38" WC="0.88" CONTENT="jordbrukskassorna"/><SP WIDTH="26" VPOS="409" HPOS="872"/>
							<String ID="string_57" HPOS="898" VPOS="407" WIDTH="240" HEIGHT="36" WC="0.95" CONTENT="sammanlagt"/><SP WIDTH="26" VPOS="407" HPOS="1138"/>
							<String ID="string_58" HPOS="1164" VPOS="405" WIDTH="88" HEIGHT="32" WC="0.96" CONTENT="hade"/><SP WIDTH="30" VPOS="405" HPOS="1252"/>
							<String ID="string_59" HPOS="1282" VPOS="405" WIDTH="55" HEIGHT="31" WC="0.93" CONTENT="för"/><SP WIDTH="26" VPOS="405" HPOS="1337"/>
							<String ID="string_60" HPOS="1363" VPOS="403" WIDTH="215" HEIGHT="32" WC="0.91" CONTENT="centralkas-"/>
						</TextLine>
						<TextLine ID="line_6" HPOS="72" VPOS="456" WIDTH="376" HEIGHT="34">
							<String ID="string_61" HPOS="72" VPOS="465" WIDTH="128" HEIGHT="25" WC="0.21" CONTENT="sorhas"/><SP WIDTH="24" VPOS="465" HPOS="200"/>
							<String ID="string_62" HPOS="224" VPOS="456" WIDTH="224" HEIGHT="32" WC="0.95" CONTENT="förbindelse."/>
						</TextLine>
					</TextBlock>
					<TextBlock ID="block_2" HPOS="72" VPOS="492" WIDTH="1508" HEIGHT="393">
						<TextLine ID="line_7" HPOS="113" VPOS="492" WIDTH="1464" HEIGHT="44">
							<String ID="string_63" HPOS="113" VPOS="500" WIDTH="128" HEIGHT="31" WC="0.92" CONTENT="Därest"/><SP WIDTH="17" VPOS="500" HPOS="241"/>
							<String ID="string_64" HPOS="258" VPOS="499" WIDTH="104" HEIGHT="37" WC="0.96" CONTENT="dylik"/><SP WIDTH="20" VPOS="499" HPOS="362"/>
							<String ID="string_65" HPOS="382" VPOS="498" WIDTH="188" HEIGHT="37" WC="0.96" CONTENT="jämkning"/><SP WIDTH="21" VPOS="498" HPOS="570"/>
							<String ID="string_66" HPOS="591" VPOS="508" WIDTH="44" HEIGHT="20" WC="0.96" CONTENT="av"/><SP WIDTH="24" VPOS="508" HPOS="635"/>
							<String ID="string_67" HPOS="659" VPOS="495" WIDTH="311" HEIGHT="32" WC="0.96" CONTENT="bestämmelserna"/><SP WIDTH="21" VPOS="495" HPOS="970"/>
							<String ID="string_68" HPOS="991" VPOS="504" WIDTH="56" HEIGHT="21" WC="0.96" CONTENT="om"/><SP WIDTH="20" VPOS="504" HPOS="1047"/>
							<String ID="string_69" HPOS="1067" VPOS="494" WIDTH="196" HEIGHT="31" WC="0.96" CONTENT="maximum"/><SP WIDTH="22" VPOS="494" HPOS="1263"/>
							<String ID="string_70" HPOS="1285" VPOS="494" WIDTH="55" HEIGHT="30" WC="0.93" CONTENT="för"/><SP WIDTH="22" VPOS="494" HPOS="1340"/>
							<String ID="string_71" HPOS="1362" VPOS="492" WIDTH="215" HEIGHT="31" WC="0.91" CONTENT="centralkas-"/>
						</TextLine>
						<TextLine ID="line_8" HPOS="73" VPOS="535" WIDTH="1503" HEIGHT="44">
							<String ID="string_72" HPOS="73" VPOS="552" WIDTH="124" HEIGHT="25" WC="0.92" CONTENT="sornas"/><SP WIDTH="47" VPOS="552" HPOS="197"/>
							<String ID="string_73" HPOS="244" VPOS="544" WIDTH="165" HEIGHT="35" WC="0.96" CONTENT="inlåning"/><SP WIDTH="26" VPOS="544" HPOS="409"/>
							<String ID="string_74" HPOS="435" VPOS="542" WIDTH="137" HEIGHT="31" WC="0.94" CONTENT="komme"/><SP WIDTH="28" VPOS="542" HPOS="572"/>
							<String ID="string_75" HPOS="600" VPOS="541" WIDTH="58" HEIGHT="30" WC="0.95" CONTENT="till"/><SP WIDTH="26" VPOS="541" HPOS="658"/>
							<String ID="string_76" HPOS="684" VPOS="541" WIDTH="114" HEIGHT="34" WC="0.96" CONTENT="stånd,"/><SP WIDTH="30" VPOS="541" HPOS="798"/>
							<String ID="string_77" HPOS="828" VPOS="541" WIDTH="121" HEIGHT="34" WC="0.96" CONTENT="syntes"/><SP WIDTH="27" VPOS="541" HPOS="949"/>
							<String ID="string_78" HPOS="976" VPOS="540" WIDTH="90" HEIGHT="29" WC="0.96" CONTENT="även"/><SP WIDTH="27" VPOS="540" HPOS="1066"/>
							<String ID="string_79" HPOS="1093" VPOS="548" WIDTH="43" HEIGHT="21" WC="0.96" CONTENT="en"/><SP WIDTH="28" VPOS="548" HPOS="1136"/>
							<String ID="string_80" HPOS="1164" VPOS="536" WIDTH="149" HEIGHT="37" WC="0.96" CONTENT="höjning"/><SP WIDTH="29" VPOS="536" HPOS="1313"/>
							<String ID="string_81" HPOS="1342" VPOS="546" WIDTH="45" HEIGHT="20" WC="0.92" CONTENT="av"/><SP WIDTH="28" VPOS="546" HPOS="1387"/>
							<String ID="string_82" HPOS="1415" VPOS="535" WIDTH="161" HEIGHT="31" WC="0.91" CONTENT="maximi-"/>
						</TextLine>
						<TextLine ID="line_9" HPOS="74" VPOS="578" WIDTH="1501" HEIGHT="46">
							<String ID="string_83" HPOS="74" VPOS="588" WIDTH="162" HEIGHT="36" WC="0.96" CONTENT="beloppet"/><SP WIDTH="20" VPOS="588" HPOS="236"/>
							<String ID="string_84" HPOS="256" VPOS="588" WIDTH="53" HEIGHT="30" WC="0.96" CONTENT="för"/><SP WIDTH="18" VPOS="588" HPOS="309"/>
							<String ID="string_85" HPOS="327" VPOS="587" WIDTH="40" HEIGHT="31" WC="0.93" CONTENT="de"/><SP WIDTH="17" VPOS="587" HPOS="367"/>
							<String ID="string_86" HPOS="384" VPOS="584" WIDTH="339" HEIGHT="37" WC="0.92" CONTENT="statsobligationer,"/><SP WIDTH="19" VPOS="584" HPOS="723"/>
							<String ID="string_87" HPOS="742" VPOS="583" WIDTH="95" HEIGHT="30" WC="0.96" CONTENT="vilka"/><SP WIDTH="18" VPOS="583" HPOS="837"/>
							<String ID="string_88" HPOS="855" VPOS="582" WIDTH="98" HEIGHT="35" WC="0.96" CONTENT="finge"/><SP WIDTH="17" VPOS="582" HPOS="953"/>
							<String ID="string_89" HPOS="970" VPOS="581" WIDTH="224" HEIGHT="30" WC="0.96" CONTENT="överlämnas"/><SP WIDTH="17" VPOS="581" HPOS="1194"/>
							<String ID="string_90" HPOS="1211" VPOS="581" WIDTH="112" HEIGHT="29" WC="0.96" CONTENT="såsom"/><SP WIDTH="20" VPOS="581" HPOS="1323"/>
							<String ID="string_91" HPOS="1343" VPOS="580" WIDTH="87" HEIGHT="34" WC="0.96" CONTENT="pant"/><SP WIDTH="17" VPOS="580" HPOS="1430"/>
							<String ID="string_92" HPOS="1447" VPOS="578" WIDTH="54" HEIGHT="30" WC="0.93" CONTENT="för"/><SP WIDTH="18" VPOS="578" HPOS="1501"/>
							<String ID="string_93" HPOS="1519" VPOS="588" WIDTH="56" HEIGHT="20" WC="0.93" CONTENT="en-"/>
						</TextLine>
						<TextLine ID="line_10" HPOS="74" VPOS="621" WIDTH="1502" HEIGHT="43">
							<String ID="string_94" HPOS="74" VPOS="642" WIDTH="66" HEIGHT="21" WC="0.93" CONTENT="var"/><SP WIDTH="17" VPOS="642" HPOS="140"/>
							<String ID="string_95" HPOS="157" VPOS="631" WIDTH="262" HEIGHT="31" WC="0.87" CONTENT="centralkassas"/><SP WIDTH="15" VPOS="631" HPOS="419"/>
							<String ID="string_96" HPOS="434" VPOS="628" WIDTH="167" HEIGHT="36" WC="0.96" CONTENT="samtliga"/><SP WIDTH="19" VPOS="628" HPOS="601"/>
							<String ID="string_97" HPOS="620" VPOS="627" WIDTH="234" HEIGHT="31" WC="0.96" CONTENT="förbindelser"/><SP WIDTH="17" VPOS="627" HPOS="854"/>
							<String ID="string_98" HPOS="871" VPOS="626" WIDTH="77" HEIGHT="31" WC="0.96" CONTENT="med"/><SP WIDTH="19" VPOS="626" HPOS="948"/>
							<String ID="string_99" HPOS="967" VPOS="625" WIDTH="185" HEIGHT="34" WC="0.96" CONTENT="undantag"/><SP WIDTH="19" VPOS="625" HPOS="1152"/>
							<String ID="string_100" HPOS="1171" VPOS="635" WIDTH="43" HEIGHT="19" WC="0.95" CONTENT="av"/><SP WIDTH="18" VPOS="635" HPOS="1214"/>
							<String ID="string_101" HPOS="1232" VPOS="624" WIDTH="150" HEIGHT="29" WC="0.96" CONTENT="kassans"/><SP WIDTH="17" VPOS="624" HPOS="1382"/>
							<String ID="string_102" HPOS="1399" VPOS="622" WIDTH="103" HEIGHT="31" WC="0.96" CONTENT="skuld"/><SP WIDTH="18" VPOS="622" HPOS="1502"/>
							<String ID="string_103" HPOS="1520" VPOS="621" WIDTH="56" HEIGHT="30" WC="0.96" CONTENT="till"/>
						</TextLine>
						<TextLine ID="line_11" HPOS="75" VPOS="667" WIDTH="1503" HEIGHT="43">
							<String ID="string_104" HPOS="75" VPOS="674" WIDTH="160" HEIGHT="33" WC="0.93" CONTENT="Svenska"/><SP WIDTH="24" VPOS="674" HPOS="235"/>
							<String ID="string_105" HPOS="259" VPOS="670" WIDTH="455" HEIGHT="40" WC="0.91" CONTENT="jordbrukskreditkassan,"/><SP WIDTH="27" VPOS="670" HPOS="714"/>
							<String ID="string_106" HPOS="741" VPOS="671" WIDTH="83" HEIGHT="30" WC="0.93" CONTENT="böra"/><SP WIDTH="27" VPOS="671" HPOS="824"/>
							<String ID="string_107" HPOS="851" VPOS="669" WIDTH="274" HEIGHT="36" WC="0.88" CONTENT="ifrågakomma."/><SP WIDTH="48" VPOS="669" HPOS="1125"/>
							<String ID="string_108" HPOS="1173" VPOS="667" WIDTH="65" HEIGHT="31" WC="0.94" CONTENT="Att"/><SP WIDTH="25" VPOS="667" HPOS="1238"/>
							<String ID="string_109" HPOS="1263" VPOS="668" WIDTH="116" HEIGHT="30" WC="0.93" CONTENT="såsom"/><SP WIDTH="25" VPOS="668" HPOS="1379"/>
							<String ID="string_110" HPOS="1404" VPOS="667" WIDTH="174" HEIGHT="33" WC="0.91" CONTENT="kassesty-"/>
						</TextLine>
						<TextLine ID="line_12" HPOS="76" VPOS="710" WIDTH="1504" HEIGHT="40">
							<String ID="string_111" HPOS="76" VPOS="717" WIDTH="113" HEIGHT="33" WC="0.93" CONTENT="relsen"/><SP WIDTH="27" VPOS="717" HPOS="189"/>
							<String ID="string_112" HPOS="216" VPOS="716" WIDTH="182" HEIGHT="32" WC="0.92" CONTENT="hemställt"/><SP WIDTH="25" VPOS="716" HPOS="398"/>
							<String ID="string_113" HPOS="423" VPOS="716" WIDTH="74" HEIGHT="31" WC="0.93" CONTENT="helt"/><SP WIDTH="25" VPOS="716" HPOS="497"/>
							<String ID="string_114" HPOS="522" VPOS="716" WIDTH="167" HEIGHT="34" WC="0.91" CONTENT="borttaga"/><SP WIDTH="32" VPOS="716" HPOS="689"/>
							<String ID="string_115" HPOS="721" VPOS="712" WIDTH="311" HEIGHT="32" WC="0.96" CONTENT="bestämmelserna"/><SP WIDTH="27" VPOS="712" HPOS="1032"/>
							<String ID="string_116" HPOS="1059" VPOS="721" WIDTH="57" HEIGHT="21" WC="0.96" CONTENT="om"/><SP WIDTH="26" VPOS="721" HPOS="1116"/>
							<String ID="string_117" HPOS="1142" VPOS="712" WIDTH="51" HEIGHT="32" WC="0.93" CONTENT="ett"/><SP WIDTH="25" VPOS="712" HPOS="1193"/>
							<String ID="string_118" HPOS="1218" VPOS="710" WIDTH="277" HEIGHT="37" WC="0.91" CONTENT="maximibelopp"/><SP WIDTH="29" VPOS="710" HPOS="1495"/>
							<String ID="string_119" HPOS="1524" VPOS="710" WIDTH="56" HEIGHT="31" WC="0.96" CONTENT="för"/>
						</TextLine>
						<TextLine ID="line_13" HPOS="72" VPOS="753" WIDTH="1506" HEIGHT="45">
							<String ID="string_120" HPOS="72" VPOS="760" WIDTH="286" HEIGHT="38" WC="0.90" CONTENT="obligationerna"/><SP WIDTH="29" VPOS="760" HPOS="358"/>
							<String ID="string_121" HPOS="387" VPOS="759" WIDTH="105" HEIGHT="31" WC="0.96" CONTENT="borde"/><SP WIDTH="24" VPOS="759" HPOS="492"/>
							<String ID="string_122" HPOS="516" VPOS="759" WIDTH="90" HEIGHT="31" WC="0.96" CONTENT="dock"/><SP WIDTH="26" VPOS="759" HPOS="606"/>
							<String ID="string_123" HPOS="632" VPOS="758" WIDTH="76" HEIGHT="31" WC="0.96" CONTENT="icke"/><SP WIDTH="25" VPOS="758" HPOS="708"/>
							<String ID="string_124" HPOS="733" VPOS="759" WIDTH="68" HEIGHT="34" WC="0.96" CONTENT="äga"/><SP WIDTH="25" VPOS="759" HPOS="801"/>
							<String ID="string_125" HPOS="826" VPOS="766" WIDTH="91" HEIGHT="21" WC="0.93" CONTENT="rum."/><SP WIDTH="45" VPOS="766" HPOS="917"/>
							<String ID="string_126" HPOS="962" VPOS="754" WIDTH="401" HEIGHT="36" WC="0.92" CONTENT="Departementschefen"/><SP WIDTH="27" VPOS="754" HPOS="1363"/>
							<String ID="string_127" HPOS="1390" VPOS="753" WIDTH="188" HEIGHT="32" WC="0.96" CONTENT="förordade"/>
						</TextLine>
						<TextLine ID="line_14" HPOS="72" VPOS="795" WIDTH="1505" HEIGHT="45">
							<String ID="string_128" HPOS="72" VPOS="804" WIDTH="247" HEIGHT="36" WC="0.96" CONTENT="fullmäktiges"/><SP WIDTH="30" VPOS="804" HPOS="319"/>
							<String ID="string_129" HPOS="349" VPOS="804" WIDTH="10" HEIGHT="30" WC="0.93" CONTENT="i"/><SP WIDTH="32" VPOS="804" HPOS="359"/>
							<String ID="string_130" HPOS="391" VPOS="802" WIDTH="343" HEIGHT="37" WC="0.91" CONTENT="riksgäldskontoret"/><SP WIDTH="32" VPOS="802" HPOS="734"/>
							<String ID="string_131" HPOS="766" VPOS="800" WIDTH="145" HEIGHT="35" WC="0.95" CONTENT="förslag,"/><SP WIDTH="31" VPOS="800" HPOS="911"/>
							<String ID="string_132" HPOS="942" VPOS="801" WIDTH="51" HEIGHT="28" WC="0.93" CONTENT="att"/><SP WIDTH="32" VPOS="801" HPOS="993"/>
							<String ID="string_133" HPOS="1025" VPOS="797" WIDTH="315" HEIGHT="36" WC="0.91" CONTENT="maximibeloppet"/><SP WIDTH="29" VPOS="797" HPOS="1340"/>
							<String ID="string_134" HPOS="1369" VPOS="796" WIDTH="122" HEIGHT="36" WC="0.96" CONTENT="höjdes"/><SP WIDTH="30" VPOS="796" HPOS="1491"/>
							<String ID="string_135" HPOS="1521" VPOS="795" WIDTH="56" HEIGHT="32" WC="0.96" CONTENT="till"/>
						</TextLine>
						<TextLine ID="line_15" HPOS="73" VPOS="848" WIDTH="290" HEIGHT="37">
							<String ID="string_136" HPOS="73" VPOS="849" WIDTH="132" HEIGHT="36" WC="0.90" CONTENT="750,000"/><SP WIDTH="19" VPOS="849" HPOS="205"/>
							<String ID="string_137" HPOS="224" VPOS="848" WIDTH="139" HEIGHT="31" WC="0.96" CONTENT="kronor."/>
						</TextLine>
					</TextBlock>
				</ComposedBlock>
				<ComposedBlock ID="cblock_2" HPOS="72" VPOS="908" WIDTH="1511" HEIGHT="771">
					<TextBlock ID="block_3" HPOS="72" VPOS="908" WIDTH="1511" HEIGHT="771">
						<TextLine ID="line_16" HPOS="116" VPOS="908" WIDTH="1459" HEIGHT="43">
							<String ID="string_138" HPOS="116" VPOS="917" WIDTH="121" HEIGHT="31" WC="0.96" CONTENT="Såsom"/><SP WIDTH="39" VPOS="917" HPOS="237"/>
							<String ID="string_139" HPOS="276" VPOS="917" WIDTH="8" HEIGHT="29" WC="0.96" CONTENT="i"/><SP WIDTH="40" VPOS="917" HPOS="284"/>
							<String ID="string_140" HPOS="324" VPOS="914" WIDTH="266" HEIGHT="37" WC="0.95" CONTENT="propositionen"/><SP WIDTH="41" VPOS="914" HPOS="590"/>
							<String ID="string_141" HPOS="631" VPOS="913" WIDTH="176" HEIGHT="31" WC="0.94" CONTENT="meddelas"/><SP WIDTH="39" VPOS="913" HPOS="807"/>
							<String ID="string_142" HPOS="846" VPOS="912" WIDTH="64" HEIGHT="30" WC="0.96" CONTENT="och"/><SP WIDTH="40" VPOS="912" HPOS="910"/>
							<String ID="string_143" HPOS="950" VPOS="913" WIDTH="90" HEIGHT="28" WC="0.96" CONTENT="även"/><SP WIDTH="31" VPOS="913" HPOS="1040"/>
							<String ID="string_144" HPOS="1071" VPOS="911" WIDTH="159" HEIGHT="34" WC="0.96" CONTENT="framgår"/><SP WIDTH="30" VPOS="911" HPOS="1230"/>
							<String ID="string_145" HPOS="1260" VPOS="919" WIDTH="43" HEIGHT="20" WC="0.96" CONTENT="av"/><SP WIDTH="32" VPOS="919" HPOS="1303"/>
							<String ID="string_146" HPOS="1335" VPOS="908" WIDTH="40" HEIGHT="31" WC="0.96" CONTENT="de"/><SP WIDTH="30" VPOS="908" HPOS="1375"/>
							<String ID="string_147" HPOS="1405" VPOS="918" WIDTH="91" HEIGHT="21" WC="0.93" CONTENT="ovan"/><SP WIDTH="29" VPOS="918" HPOS="1496"/>
							<String ID="string_148" HPOS="1525" VPOS="908" WIDTH="50" HEIGHT="29" WC="0.93" CONTENT="in-"/>
						</TextLine>
						<TextLine ID="line_17" HPOS="72" VPOS="959" WIDTH="1505" HEIGHT="46">
							<String ID="string_149" HPOS="72" VPOS="971" WIDTH="114" HEIGHT="34" WC="0.93" CONTENT="tagna"/><SP WIDTH="22" VPOS="971" HPOS="186"/>
							<String ID="string_150" HPOS="208" VPOS="967" WIDTH="227" HEIGHT="37" WC="0.92" CONTENT="yttrandena,"/><SP WIDTH="24" VPOS="967" HPOS="435"/>
							<String ID="string_151" HPOS="459" VPOS="966" WIDTH="66" HEIGHT="31" WC="0.96" CONTENT="har"/><SP WIDTH="21" VPOS="966" HPOS="525"/>
							<String ID="string_152" HPOS="546" VPOS="965" WIDTH="127" HEIGHT="31" WC="0.91" CONTENT="chefen"/><SP WIDTH="24" VPOS="965" HPOS="673"/>
							<String ID="string_153" HPOS="697" VPOS="965" WIDTH="55" HEIGHT="30" WC="0.93" CONTENT="för"/><SP WIDTH="21" VPOS="965" HPOS="752"/>
							<String ID="string_154" HPOS="773" VPOS="962" WIDTH="478" HEIGHT="37" WC="0.91" CONTENT="jordbruksdepartementet"/><SP WIDTH="21" VPOS="962" HPOS="1251"/>
							<String ID="string_155" HPOS="1272" VPOS="960" WIDTH="147" HEIGHT="37" WC="0.95" CONTENT="jämlikt"/><SP WIDTH="23" VPOS="960" HPOS="1419"/>
							<String ID="string_156" HPOS="1442" VPOS="959" WIDTH="135" HEIGHT="36" WC="0.96" CONTENT="Kungl."/>
						</TextLine>
						<TextLine ID="line_18" HPOS="81" VPOS="1010" WIDTH="1502" HEIGHT="46">
							<String ID="string_157" HPOS="81" VPOS="1019" WIDTH="129" HEIGHT="37" WC="0.96" CONTENT="Maj:ts"/><SP WIDTH="22" VPOS="1019" HPOS="210"/>
							<String ID="string_158" HPOS="232" VPOS="1017" WIDTH="288" HEIGHT="38" WC="0.96" CONTENT="bemyndigande"/><SP WIDTH="22" VPOS="1017" HPOS="520"/>
							<String ID="string_159" HPOS="542" VPOS="1017" WIDTH="69" HEIGHT="32" WC="0.96" CONTENT="den"/><SP WIDTH="25" VPOS="1017" HPOS="611"/>
							<String ID="string_160" HPOS="636" VPOS="1017" WIDTH="38" HEIGHT="30" WC="0.95" CONTENT="15"/><SP WIDTH="23" VPOS="1017" HPOS="674"/>
							<String ID="string_161" HPOS="697" VPOS="1015" WIDTH="184" HEIGHT="32" WC="0.96" CONTENT="december"/><SP WIDTH="25" VPOS="1015" HPOS="881"/>
							<String ID="string_162" HPOS="906" VPOS="1014" WIDTH="77" HEIGHT="32" WC="0.77" CONTENT="1983"/><SP WIDTH="24" VPOS="1014" HPOS="983"/>
							<String ID="string_163" HPOS="1007" VPOS="1013" WIDTH="174" HEIGHT="32" WC="0.91" CONTENT="tillkallat"/><SP WIDTH="22" VPOS="1013" HPOS="1181"/>
							<String ID="string_164" HPOS="1203" VPOS="1012" WIDTH="298" HEIGHT="36" WC="0.91" CONTENT="utredningsmän"/><SP WIDTH="26" VPOS="1012" HPOS="1501"/>
							<String ID="string_165" HPOS="1527" VPOS="1010" WIDTH="56" HEIGHT="32" WC="0.96" CONTENT="för"/>
						</TextLine>
						<TextLine ID="line_19" HPOS="75" VPOS="1063" WIDTH="1504" HEIGHT="42">
							<String ID="string_166" HPOS="75" VPOS="1071" WIDTH="266" HEIGHT="31" WC="0.96" CONTENT="verkställande"/><SP WIDTH="27" VPOS="1071" HPOS="341"/>
							<String ID="string_167" HPOS="368" VPOS="1080" WIDTH="47" HEIGHT="21" WC="0.96" CONTENT="av"/><SP WIDTH="25" VPOS="1080" HPOS="415"/>
							<String ID="string_168" HPOS="440" VPOS="1069" WIDTH="194" HEIGHT="36" WC="0.95" CONTENT="utredning"/><SP WIDTH="28" VPOS="1069" HPOS="634"/>
							<String ID="string_169" HPOS="662" VPOS="1069" WIDTH="64" HEIGHT="30" WC="0.93" CONTENT="och"/><SP WIDTH="26" VPOS="1069" HPOS="726"/>
							<String ID="string_170" HPOS="752" VPOS="1066" WIDTH="203" HEIGHT="38" WC="0.91" CONTENT="avgivande"/><SP WIDTH="28" VPOS="1066" HPOS="955"/>
							<String ID="string_171" HPOS="983" VPOS="1076" WIDTH="46" HEIGHT="21" WC="0.96" CONTENT="av"/><SP WIDTH="26" VPOS="1076" HPOS="1029"/>
							<String ID="string_172" HPOS="1055" VPOS="1064" WIDTH="137" HEIGHT="37" WC="0.96" CONTENT="förslag"/><SP WIDTH="26" VPOS="1064" HPOS="1192"/>
							<String ID="string_173" HPOS="1218" VPOS="1063" WIDTH="153" HEIGHT="32" WC="0.96" CONTENT="rörande"/><SP WIDTH="26" VPOS="1063" HPOS="1371"/>
							<String ID="string_174" HPOS="1397" VPOS="1063" WIDTH="182" HEIGHT="32" WC="0.96" CONTENT="formerna"/>
						</TextLine>
						<TextLine ID="line_20" HPOS="74" VPOS="1113" WIDTH="1501" HEIGHT="46">
							<String ID="string_175" HPOS="74" VPOS="1126" WIDTH="56" HEIGHT="28" WC="0.96" CONTENT="för"/><SP WIDTH="33" VPOS="1126" HPOS="130"/>
							<String ID="string_176" HPOS="163" VPOS="1134" WIDTH="41" HEIGHT="20" WC="0.96" CONTENT="en"/><SP WIDTH="33" VPOS="1134" HPOS="204"/>
							<String ID="string_177" HPOS="237" VPOS="1122" WIDTH="181" HEIGHT="37" WC="0.96" CONTENT="reglering"/><SP WIDTH="34" VPOS="1122" HPOS="418"/>
							<String ID="string_178" HPOS="452" VPOS="1132" WIDTH="44" HEIGHT="20" WC="0.96" CONTENT="av"/><SP WIDTH="34" VPOS="1132" HPOS="496"/>
							<String ID="string_179" HPOS="530" VPOS="1121" WIDTH="228" HEIGHT="36" WC="0.91" CONTENT="jordbrukets"/><SP WIDTH="30" VPOS="1121" HPOS="758"/>
							<String ID="string_180" HPOS="788" VPOS="1117" WIDTH="373" HEIGHT="33" WC="0.91" CONTENT="kreditförhållanden"/><SP WIDTH="33" VPOS="1117" HPOS="1161"/>
							<String ID="string_181" HPOS="1194" VPOS="1113" WIDTH="381" HEIGHT="39" WC="0.91" CONTENT="(jordbrukskreditut-"/>
						</TextLine>
						<TextLine ID="line_21" HPOS="74" VPOS="1168" WIDTH="1502" HEIGHT="44">
							<String ID="string_182" HPOS="74" VPOS="1175" WIDTH="222" HEIGHT="37" WC="0.90" CONTENT="redningen),"/><SP WIDTH="22" VPOS="1175" HPOS="296"/>
							<String ID="string_183" HPOS="318" VPOS="1175" WIDTH="100" HEIGHT="31" WC="0.93" CONTENT="vilka"/><SP WIDTH="22" VPOS="1175" HPOS="418"/>
							<String ID="string_184" HPOS="440" VPOS="1173" WIDTH="297" HEIGHT="36" WC="0.90" CONTENT="utredningsmän"/><SP WIDTH="20" VPOS="1173" HPOS="737"/>
							<String ID="string_185" HPOS="757" VPOS="1171" WIDTH="137" HEIGHT="36" WC="0.96" CONTENT="jämväl"/><SP WIDTH="20" VPOS="1171" HPOS="894"/>
							<String ID="string_186" HPOS="914" VPOS="1171" WIDTH="93" HEIGHT="30" WC="0.96" CONTENT="hava"/><SP WIDTH="24" VPOS="1171" HPOS="1007"/>
							<String ID="string_187" HPOS="1031" VPOS="1171" WIDTH="55" HEIGHT="29" WC="0.96" CONTENT="att"/><SP WIDTH="21" VPOS="1171" HPOS="1086"/>
							<String ID="string_188" HPOS="1107" VPOS="1168" WIDTH="114" HEIGHT="37" WC="0.96" CONTENT="syssla"/><SP WIDTH="21" VPOS="1168" HPOS="1221"/>
							<String ID="string_189" HPOS="1242" VPOS="1168" WIDTH="80" HEIGHT="31" WC="0.96" CONTENT="med"/><SP WIDTH="24" VPOS="1168" HPOS="1322"/>
							<String ID="string_190" HPOS="1346" VPOS="1168" WIDTH="133" HEIGHT="35" WC="0.96" CONTENT="frågor,"/><SP WIDTH="22" VPOS="1168" HPOS="1479"/>
							<String ID="string_191" HPOS="1501" VPOS="1176" WIDTH="75" HEIGHT="21" WC="0.96" CONTENT="som"/>
						</TextLine>
						<TextLine ID="line_22" HPOS="76" VPOS="1219" WIDTH="1500" HEIGHT="45">
							<String ID="string_192" HPOS="76" VPOS="1230" WIDTH="125" HEIGHT="30" WC="0.92" CONTENT="beröra"/><SP WIDTH="30" VPOS="1230" HPOS="201"/>
							<String ID="string_193" HPOS="231" VPOS="1225" WIDTH="466" HEIGHT="39" WC="0.91" CONTENT="jordbrukskasserörelsen."/><SP WIDTH="50" VPOS="1225" HPOS="697"/>
							<String ID="string_194" HPOS="747" VPOS="1223" WIDTH="123" HEIGHT="36" WC="0.95" CONTENT="Enligt"/><SP WIDTH="32" VPOS="1223" HPOS="870"/>
							<String ID="string_195" HPOS="902" VPOS="1223" WIDTH="71" HEIGHT="31" WC="0.96" CONTENT="vad"/><SP WIDTH="32" VPOS="1223" HPOS="973"/>
							<String ID="string_196" HPOS="1005" VPOS="1222" WIDTH="174" HEIGHT="31" WC="0.96" CONTENT="utskottet"/><SP WIDTH="28" VPOS="1222" HPOS="1179"/>
							<String ID="string_197" HPOS="1207" VPOS="1221" WIDTH="189" HEIGHT="34" WC="0.94" CONTENT="inhämtat,"/><SP WIDTH="29" VPOS="1221" HPOS="1396"/>
							<String ID="string_198" HPOS="1425" VPOS="1219" WIDTH="65" HEIGHT="31" WC="0.93" CONTENT="har"/><SP WIDTH="31" VPOS="1219" HPOS="1490"/>
							<String ID="string_199" HPOS="1521" VPOS="1219" WIDTH="55" HEIGHT="31" WC="0.92" CONTENT="de-"/>
						</TextLine>
						<TextLine ID="line_23" HPOS="74" VPOS="1271" WIDTH="1501" HEIGHT="46">
							<String ID="string_200" HPOS="74" VPOS="1280" WIDTH="348" HEIGHT="37" WC="0.89" CONTENT="partementschefen"/><SP WIDTH="31" VPOS="1280" HPOS="422"/>
							<String ID="string_201" HPOS="453" VPOS="1279" WIDTH="67" HEIGHT="31" WC="0.96" CONTENT="den"/><SP WIDTH="30" VPOS="1279" HPOS="520"/>
							<String ID="string_202" HPOS="550" VPOS="1278" WIDTH="37" HEIGHT="30" WC="0.96" CONTENT="13"/><SP WIDTH="32" VPOS="1278" HPOS="587"/>
							<String ID="string_203" HPOS="619" VPOS="1277" WIDTH="93" HEIGHT="36" WC="0.96" CONTENT="april"/><SP WIDTH="31" VPOS="1277" HPOS="712"/>
							<String ID="string_204" HPOS="743" VPOS="1276" WIDTH="77" HEIGHT="30" WC="0.96" CONTENT="1934"/><SP WIDTH="32" VPOS="1276" HPOS="820"/>
							<String ID="string_205" HPOS="852" VPOS="1277" WIDTH="44" HEIGHT="34" WC="0.96" CONTENT="på"/><SP WIDTH="34" VPOS="1277" HPOS="896"/>
							<String ID="string_206" HPOS="930" VPOS="1273" WIDTH="268" HEIGHT="36" WC="0.96" CONTENT="framställning"/><SP WIDTH="33" VPOS="1273" HPOS="1198"/>
							<String ID="string_207" HPOS="1231" VPOS="1283" WIDTH="44" HEIGHT="20" WC="0.93" CONTENT="av"/><SP WIDTH="32" VPOS="1283" HPOS="1275"/>
							<String ID="string_208" HPOS="1307" VPOS="1271" WIDTH="268" HEIGHT="37" WC="0.90" CONTENT="jordbrukskre-"/>
						</TextLine>
						<TextLine ID="line_24" HPOS="73" VPOS="1323" WIDTH="1502" HEIGHT="45">
							<String ID="string_209" HPOS="73" VPOS="1332" WIDTH="296" HEIGHT="36" WC="0.91" CONTENT="ditutredningen"/><SP WIDTH="42" VPOS="1332" HPOS="369"/>
							<String ID="string_210" HPOS="411" VPOS="1330" WIDTH="163" HEIGHT="36" WC="0.95" CONTENT="anhållit,"/><SP WIDTH="38" VPOS="1330" HPOS="574"/>
							<String ID="string_211" HPOS="612" VPOS="1331" WIDTH="53" HEIGHT="28" WC="0.96" CONTENT="att"/><SP WIDTH="39" VPOS="1331" HPOS="665"/>
							<String ID="string_212" HPOS="704" VPOS="1328" WIDTH="175" HEIGHT="35" WC="0.96" CONTENT="styrelsen"/><SP WIDTH="41" VPOS="1328" HPOS="879"/>
							<String ID="string_213" HPOS="920" VPOS="1327" WIDTH="54" HEIGHT="31" WC="0.96" CONTENT="för"/><SP WIDTH="31" VPOS="1327" HPOS="974"/>
							<String ID="string_214" HPOS="1005" VPOS="1326" WIDTH="152" HEIGHT="31" WC="0.93" CONTENT="svenska"/><SP WIDTH="29" VPOS="1326" HPOS="1157"/>
							<String ID="string_215" HPOS="1186" VPOS="1323" WIDTH="389" HEIGHT="39" WC="0.91" CONTENT="jordbrukskreditkas-"/>
						</TextLine>
						<TextLine ID="line_25" HPOS="72" VPOS="1375" WIDTH="1504" HEIGHT="44">
							<String ID="string_216" HPOS="72" VPOS="1394" WIDTH="66" HEIGHT="21" WC="0.96" CONTENT="san"/><SP WIDTH="25" VPOS="1394" HPOS="138"/>
							<String ID="string_217" HPOS="163" VPOS="1384" WIDTH="84" HEIGHT="31" WC="0.96" CONTENT="ville"/><SP WIDTH="26" VPOS="1384" HPOS="247"/>
							<String ID="string_218" HPOS="273" VPOS="1384" WIDTH="76" HEIGHT="30" WC="0.96" CONTENT="låta"/><SP WIDTH="23" VPOS="1384" HPOS="349"/>
							<String ID="string_219" HPOS="372" VPOS="1383" WIDTH="114" HEIGHT="36" WC="0.96" CONTENT="enligt"/><SP WIDTH="22" VPOS="1383" HPOS="486"/>
							<String ID="string_220" HPOS="508" VPOS="1380" WIDTH="246" HEIGHT="36" WC="0.96" CONTENT="anvisningar,"/><SP WIDTH="26" VPOS="1380" HPOS="754"/>
							<String ID="string_221" HPOS="780" VPOS="1390" WIDTH="73" HEIGHT="20" WC="0.93" CONTENT="som"/><SP WIDTH="27" VPOS="1390" HPOS="853"/>
							<String ID="string_222" HPOS="880" VPOS="1376" WIDTH="554" HEIGHT="39" WC="0.90" CONTENT="jordbrukskreditutredningen"/><SP WIDTH="24" VPOS="1376" HPOS="1434"/>
							<String ID="string_223" HPOS="1458" VPOS="1375" WIDTH="118" HEIGHT="31" WC="0.96" CONTENT="kunde"/>
						</TextLine>
						<TextLine ID="line_26" HPOS="76" VPOS="1427" WIDTH="1500" HEIGHT="44">
							<String ID="string_224" HPOS="76" VPOS="1436" WIDTH="101" HEIGHT="31" WC="0.96" CONTENT="finna"/><SP WIDTH="35" VPOS="1436" HPOS="177"/>
							<String ID="string_225" HPOS="212" VPOS="1435" WIDTH="195" HEIGHT="36" WC="0.96" CONTENT="anledning"/><SP WIDTH="35" VPOS="1435" HPOS="407"/>
							<String ID="string_226" HPOS="442" VPOS="1433" WIDTH="171" HEIGHT="35" WC="0.93" CONTENT="meddela,"/><SP WIDTH="37" VPOS="1433" HPOS="613"/>
							<String ID="string_227" HPOS="650" VPOS="1432" WIDTH="194" HEIGHT="31" WC="0.96" CONTENT="verkställa"/><SP WIDTH="39" VPOS="1432" HPOS="844"/>
							<String ID="string_228" HPOS="883" VPOS="1430" WIDTH="266" HEIGHT="36" WC="0.96" CONTENT="undersökning"/><SP WIDTH="36" VPOS="1430" HPOS="1149"/>
							<String ID="string_229" HPOS="1185" VPOS="1439" WIDTH="44" HEIGHT="20" WC="0.93" CONTENT="av"/><SP WIDTH="38" VPOS="1439" HPOS="1229"/>
							<String ID="string_230" HPOS="1267" VPOS="1427" WIDTH="309" HEIGHT="37" WC="0.71" CONTENT="jordbrukskasse-"/>
						</TextLine>
						<TextLine ID="line_27" HPOS="75" VPOS="1479" WIDTH="1498" HEIGHT="45">
							<String ID="string_231" HPOS="75" VPOS="1487" WIDTH="311" HEIGHT="37" WC="0.95" CONTENT="organisationens"/><SP WIDTH="38" VPOS="1487" HPOS="386"/>
							<String ID="string_232" HPOS="424" VPOS="1485" WIDTH="226" HEIGHT="32" WC="0.96" CONTENT="verksamhet"/><SP WIDTH="41" VPOS="1485" HPOS="650"/>
							<String ID="string_233" HPOS="691" VPOS="1485" WIDTH="91" HEIGHT="29" WC="0.96" CONTENT="samt"/><SP WIDTH="41" VPOS="1485" HPOS="782"/>
							<String ID="string_234" HPOS="823" VPOS="1483" WIDTH="86" HEIGHT="36" WC="0.93" CONTENT="giva"/><SP WIDTH="29" VPOS="1483" HPOS="909"/>
							<String ID="string_235" HPOS="938" VPOS="1480" WIDTH="553" HEIGHT="38" WC="0.91" CONTENT="jordbrukskreditutredningen"/><SP WIDTH="27" VPOS="1480" HPOS="1491"/>
							<String ID="string_236" HPOS="1518" VPOS="1479" WIDTH="55" HEIGHT="31" WC="0.96" CONTENT="del"/>
						</TextLine>
						<TextLine ID="line_28" HPOS="75" VPOS="1531" WIDTH="1501" HEIGHT="43">
							<String ID="string_237" HPOS="75" VPOS="1551" WIDTH="45" HEIGHT="20" WC="0.95" CONTENT="av"/><SP WIDTH="27" VPOS="1551" HPOS="120"/>
							<String ID="string_238" HPOS="147" VPOS="1538" WIDTH="329" HEIGHT="36" WC="0.95" CONTENT="undersökningens"/><SP WIDTH="24" VPOS="1538" HPOS="476"/>
							<String ID="string_239" HPOS="500" VPOS="1536" WIDTH="162" HEIGHT="31" WC="0.96" CONTENT="resultat."/><SP WIDTH="45" VPOS="1536" HPOS="662"/>
							<String ID="string_240" HPOS="707" VPOS="1535" WIDTH="154" HEIGHT="31" WC="0.95" CONTENT="Jämlikt"/><SP WIDTH="25" VPOS="1535" HPOS="861"/>
							<String ID="string_241" HPOS="886" VPOS="1534" WIDTH="133" HEIGHT="36" WC="0.96" CONTENT="Kungl."/><SP WIDTH="27" VPOS="1534" HPOS="1019"/>
							<String ID="string_242" HPOS="1046" VPOS="1533" WIDTH="129" HEIGHT="36" WC="0.96" CONTENT="Maj:ts"/><SP WIDTH="25" VPOS="1533" HPOS="1175"/>
							<String ID="string_243" HPOS="1200" VPOS="1531" WIDTH="285" HEIGHT="37" WC="0.96" CONTENT="bemyndigande"/><SP WIDTH="25" VPOS="1531" HPOS="1485"/>
							<String ID="string_244" HPOS="1510" VPOS="1531" WIDTH="66" HEIGHT="30" WC="0.96" CONTENT="har"/>
						</TextLine>
						<TextLine ID="line_29" HPOS="76" VPOS="1583" WIDTH="1500" HEIGHT="45">
							<String ID="string_245" HPOS="76" VPOS="1590" WIDTH="390" HEIGHT="38" WC="0.91" CONTENT="departementschefen"/><SP WIDTH="25" VPOS="1590" HPOS="466"/>
							<String ID="string_246" HPOS="491" VPOS="1589" WIDTH="167" HEIGHT="30" WC="0.92" CONTENT="anmodat"/><SP WIDTH="31" VPOS="1589" HPOS="658"/>
							<String ID="string_247" HPOS="689" VPOS="1589" WIDTH="59" HEIGHT="28" WC="0.96" CONTENT="två"/><SP WIDTH="27" VPOS="1589" HPOS="748"/>
							<String ID="string_248" HPOS="775" VPOS="1596" WIDTH="167" HEIGHT="27" WC="0.96" CONTENT="personer"/><SP WIDTH="28" VPOS="1596" HPOS="942"/>
							<String ID="string_249" HPOS="970" VPOS="1587" WIDTH="53" HEIGHT="29" WC="0.96" CONTENT="att"/><SP WIDTH="27" VPOS="1587" HPOS="1023"/>
							<String ID="string_250" HPOS="1050" VPOS="1584" WIDTH="141" HEIGHT="32" WC="0.95" CONTENT="biträda"/><SP WIDTH="28" VPOS="1584" HPOS="1191"/>
							<String ID="string_251" HPOS="1219" VPOS="1584" WIDTH="59" HEIGHT="31" WC="0.96" CONTENT="vid"/><SP WIDTH="28" VPOS="1584" HPOS="1278"/>
							<String ID="string_252" HPOS="1306" VPOS="1584" WIDTH="114" HEIGHT="31" WC="0.93" CONTENT="denna"/><SP WIDTH="30" VPOS="1584" HPOS="1420"/>
							<String ID="string_253" HPOS="1450" VPOS="1583" WIDTH="126" HEIGHT="30" WC="0.89" CONTENT="under-"/>
						</TextLine>
						<TextLine ID="line_30" HPOS="73" VPOS="1644" WIDTH="162" HEIGHT="35">
							<String ID="string_254" HPOS="73" VPOS="1644" WIDTH="162" HEIGHT="35" WC="0.96" CONTENT="sökning."/>
						</TextLine>
					</TextBlock>
				</ComposedBlock>
				<ComposedBlock ID="cblock_3" HPOS="73" VPOS="1738" WIDTH="1511" HEIGHT="765">
					<TextBlock ID="block_4" HPOS="73" VPOS="1738" WIDTH="1511" HEIGHT="765">
						<TextLine ID="line_31" HPOS="114" VPOS="1738" WIDTH="1461" HEIGHT="40">
							<String ID="string_255" HPOS="114" VPOS="1746" WIDTH="124" HEIGHT="30" WC="0.96" CONTENT="Såsom"/><SP WIDTH="26" VPOS="1746" HPOS="238"/>
							<String ID="string_256" HPOS="264" VPOS="1756" WIDTH="44" HEIGHT="20" WC="0.96" CONTENT="av"/><SP WIDTH="31" VPOS="1756" HPOS="308"/>
							<String ID="string_257" HPOS="339" VPOS="1745" WIDTH="66" HEIGHT="30" WC="0.96" CONTENT="den"/><SP WIDTH="28" VPOS="1745" HPOS="405"/>
							<String ID="string_258" HPOS="433" VPOS="1744" WIDTH="163" HEIGHT="31" WC="0.96" CONTENT="lämnade"/><SP WIDTH="27" VPOS="1744" HPOS="596"/>
							<String ID="string_259" HPOS="623" VPOS="1742" WIDTH="248" HEIGHT="36" WC="0.96" CONTENT="redogörelsen"/><SP WIDTH="27" VPOS="1742" HPOS="871"/>
							<String ID="string_260" HPOS="898" VPOS="1742" WIDTH="172" HEIGHT="35" WC="0.96" CONTENT="framgår,"/><SP WIDTH="26" VPOS="1742" HPOS="1070"/>
							<String ID="string_261" HPOS="1096" VPOS="1741" WIDTH="65" HEIGHT="30" WC="0.96" CONTENT="har"/><SP WIDTH="28" VPOS="1741" HPOS="1161"/>
							<String ID="string_262" HPOS="1189" VPOS="1740" WIDTH="149" HEIGHT="30" WC="0.93" CONTENT="svenska"/><SP WIDTH="30" VPOS="1740" HPOS="1338"/>
							<String ID="string_263" HPOS="1368" VPOS="1738" WIDTH="207" HEIGHT="37" WC="0.92" CONTENT="jordbruks-"/>
						</TextLine>
						<TextLine ID="line_32" HPOS="73" VPOS="1789" WIDTH="1502" HEIGHT="42">
							<String ID="string_264" HPOS="73" VPOS="1797" WIDTH="269" HEIGHT="31" WC="0.92" CONTENT="kreditkassans"/><SP WIDTH="29" VPOS="1797" HPOS="342"/>
							<String ID="string_265" HPOS="371" VPOS="1795" WIDTH="270" HEIGHT="36" WC="0.96" CONTENT="framställning"/><SP WIDTH="29" VPOS="1795" HPOS="641"/>
							<String ID="string_266" HPOS="670" VPOS="1805" WIDTH="56" HEIGHT="20" WC="0.95" CONTENT="om"/><SP WIDTH="28" VPOS="1805" HPOS="726"/>
							<String ID="string_267" HPOS="754" VPOS="1794" WIDTH="153" HEIGHT="36" WC="0.96" CONTENT="höjning"/><SP WIDTH="30" VPOS="1794" HPOS="907"/>
							<String ID="string_268" HPOS="937" VPOS="1804" WIDTH="45" HEIGHT="20" WC="0.91" CONTENT="av"/><SP WIDTH="27" VPOS="1804" HPOS="982"/>
							<String ID="string_269" HPOS="1009" VPOS="1793" WIDTH="303" HEIGHT="35" WC="0.91" CONTENT="inlåningsrätten"/><SP WIDTH="30" VPOS="1793" HPOS="1312"/>
							<String ID="string_270" HPOS="1342" VPOS="1791" WIDTH="58" HEIGHT="31" WC="0.93" CONTENT="för"/><SP WIDTH="26" VPOS="1791" HPOS="1400"/>
							<String ID="string_271" HPOS="1426" VPOS="1789" WIDTH="149" HEIGHT="32" WC="0.92" CONTENT="central-"/>
						</TextLine>
						<TextLine ID="line_33" HPOS="74" VPOS="1843" WIDTH="1502" HEIGHT="41">
							<String ID="string_272" HPOS="74" VPOS="1850" WIDTH="171" HEIGHT="30" WC="0.96" CONTENT="kassorna"/><SP WIDTH="38" VPOS="1850" HPOS="245"/>
							<String ID="string_273" HPOS="283" VPOS="1851" WIDTH="54" HEIGHT="28" WC="0.90" CONTENT="för"/><SP WIDTH="37" VPOS="1851" HPOS="337"/>
							<String ID="string_274" HPOS="374" VPOS="1847" WIDTH="312" HEIGHT="37" WC="0.86" CONTENT="jordbrukskredit"/><SP WIDTH="36" VPOS="1847" HPOS="686"/>
							<String ID="string_275" HPOS="722" VPOS="1848" WIDTH="92" HEIGHT="29" WC="0.96" CONTENT="samt"/><SP WIDTH="26" VPOS="1848" HPOS="814"/>
							<String ID="string_276" HPOS="840" VPOS="1856" WIDTH="56" HEIGHT="21" WC="0.97" CONTENT="om"/><SP WIDTH="26" VPOS="1856" HPOS="896"/>
							<String ID="string_277" HPOS="922" VPOS="1845" WIDTH="91" HEIGHT="31" WC="0.93" CONTENT="ökad"/><SP WIDTH="26" VPOS="1845" HPOS="1013"/>
							<String ID="string_278" HPOS="1039" VPOS="1843" WIDTH="237" HEIGHT="37" WC="0.91" CONTENT="statsgaranti"/><SP WIDTH="27" VPOS="1843" HPOS="1276"/>
							<String ID="string_279" HPOS="1303" VPOS="1843" WIDTH="55" HEIGHT="30" WC="0.93" CONTENT="för"/><SP WIDTH="28" VPOS="1843" HPOS="1358"/>
							<String ID="string_280" HPOS="1386" VPOS="1843" WIDTH="190" HEIGHT="30" WC="0.92" CONTENT="kassornas"/>
						</TextLine>
						<TextLine ID="line_34" HPOS="76" VPOS="1893" WIDTH="1500" HEIGHT="43">
							<String ID="string_281" HPOS="76" VPOS="1901" WIDTH="161" HEIGHT="35" WC="0.89" CONTENT="inlåning"/><SP WIDTH="35" VPOS="1901" HPOS="237"/>
							<String ID="string_282" HPOS="272" VPOS="1912" WIDTH="43" HEIGHT="19" WC="0.96" CONTENT="av"/><SP WIDTH="34" VPOS="1912" HPOS="315"/>
							<String ID="string_283" HPOS="349" VPOS="1900" WIDTH="184" HEIGHT="36" WC="0.96" CONTENT="åtskilliga"/><SP WIDTH="34" VPOS="1900" HPOS="533"/>
							<String ID="string_284" HPOS="567" VPOS="1899" WIDTH="112" HEIGHT="30" WC="0.96" CONTENT="hörda"/><SP WIDTH="33" VPOS="1899" HPOS="679"/>
							<String ID="string_285" HPOS="712" VPOS="1898" WIDTH="250" HEIGHT="36" WC="0.95" CONTENT="myndigheter"/><SP WIDTH="31" VPOS="1898" HPOS="962"/>
							<String ID="string_286" HPOS="993" VPOS="1897" WIDTH="61" HEIGHT="30" WC="0.93" CONTENT="och"/><SP WIDTH="33" VPOS="1897" HPOS="1054"/>
							<String ID="string_287" HPOS="1087" VPOS="1895" WIDTH="270" HEIGHT="36" WC="0.91" CONTENT="korporationer"/><SP WIDTH="34" VPOS="1895" HPOS="1357"/>
							<String ID="string_288" HPOS="1391" VPOS="1893" WIDTH="185" HEIGHT="36" WC="0.91" CONTENT="avstyrkts"/>
						</TextLine>
						<TextLine ID="line_35" HPOS="76" VPOS="1946" WIDTH="1502" HEIGHT="42">
							<String ID="string_289" HPOS="76" VPOS="1954" WIDTH="86" HEIGHT="30" WC="0.95" CONTENT="eller"/><SP WIDTH="31" VPOS="1954" HPOS="162"/>
							<String ID="string_290" HPOS="193" VPOS="1954" WIDTH="6" HEIGHT="29" WC="0.96" CONTENT="i"/><SP WIDTH="33" VPOS="1954" HPOS="199"/>
							<String ID="string_291" HPOS="232" VPOS="1953" WIDTH="99" HEIGHT="35" WC="0.96" CONTENT="varje"/><SP WIDTH="32" VPOS="1953" HPOS="331"/>
							<String ID="string_292" HPOS="363" VPOS="1953" WIDTH="60" HEIGHT="29" WC="0.96" CONTENT="fall"/><SP WIDTH="32" VPOS="1953" HPOS="423"/>
							<String ID="string_293" HPOS="455" VPOS="1952" WIDTH="135" HEIGHT="30" WC="0.96" CONTENT="ansetts"/><SP WIDTH="30" VPOS="1952" HPOS="590"/>
							<String ID="string_294" HPOS="620" VPOS="1951" WIDTH="75" HEIGHT="30" WC="0.96" CONTENT="icke"/><SP WIDTH="30" VPOS="1951" HPOS="695"/>
							<String ID="string_295" HPOS="725" VPOS="1951" WIDTH="82" HEIGHT="29" WC="0.95" CONTENT="böra"/><SP WIDTH="34" VPOS="1951" HPOS="807"/>
							<String ID="string_296" HPOS="841" VPOS="1950" WIDTH="53" HEIGHT="29" WC="0.95" CONTENT="för"/><SP WIDTH="27" VPOS="1950" HPOS="894"/>
							<String ID="string_297" HPOS="921" VPOS="1948" WIDTH="226" HEIGHT="31" WC="0.92" CONTENT="närvarande"/><SP WIDTH="30" VPOS="1948" HPOS="1147"/>
							<String ID="string_298" HPOS="1177" VPOS="1946" WIDTH="155" HEIGHT="31" WC="0.90" CONTENT="bifallas."/><SP WIDTH="52" VPOS="1946" HPOS="1332"/>
							<String ID="string_299" HPOS="1384" VPOS="1946" WIDTH="123" HEIGHT="30" WC="0.51" CONTENT="Ehuru"/><SP WIDTH="29" VPOS="1946" HPOS="1507"/>
							<String ID="string_300" HPOS="1536" VPOS="1946" WIDTH="42" HEIGHT="29" WC="0.96" CONTENT="de"/>
						</TextLine>
						<TextLine ID="line_36" HPOS="76" VPOS="1998" WIDTH="1501" HEIGHT="39">
							<String ID="string_301" HPOS="76" VPOS="2005" WIDTH="152" HEIGHT="30" WC="0.96" CONTENT="sålunda"/><SP WIDTH="27" VPOS="2005" HPOS="228"/>
							<String ID="string_302" HPOS="255" VPOS="2004" WIDTH="200" HEIGHT="30" WC="0.93" CONTENT="framförda"/><SP WIDTH="24" VPOS="2004" HPOS="455"/>
							<String ID="string_303" HPOS="479" VPOS="2002" WIDTH="331" HEIGHT="35" WC="0.91" CONTENT="betänkligheterna"/><SP WIDTH="31" VPOS="2002" HPOS="810"/>
							<String ID="string_304" HPOS="841" VPOS="2000" WIDTH="129" HEIGHT="36" WC="0.90" CONTENT="ingivit"/><SP WIDTH="28" VPOS="2000" HPOS="970"/>
							<String ID="string_305" HPOS="998" VPOS="2000" WIDTH="170" HEIGHT="30" WC="0.96" CONTENT="utskottet"/><SP WIDTH="28" VPOS="2000" HPOS="1168"/>
							<String ID="string_306" HPOS="1196" VPOS="2009" WIDTH="42" HEIGHT="20" WC="0.96" CONTENT="en"/><SP WIDTH="26" VPOS="2009" HPOS="1238"/>
							<String ID="string_307" HPOS="1264" VPOS="1998" WIDTH="73" HEIGHT="31" WC="0.96" CONTENT="viss"/><SP WIDTH="26" VPOS="1998" HPOS="1337"/>
							<String ID="string_308" HPOS="1363" VPOS="1998" WIDTH="130" HEIGHT="29" WC="0.93" CONTENT="tvekan"/><SP WIDTH="26" VPOS="1998" HPOS="1493"/>
							<String ID="string_309" HPOS="1519" VPOS="2006" WIDTH="58" HEIGHT="20" WC="0.88" CONTENT="an-"/>
						</TextLine>
						<TextLine ID="line_37" HPOS="77" VPOS="2049" WIDTH="1500" HEIGHT="42">
							<String ID="string_310" HPOS="77" VPOS="2057" WIDTH="133" HEIGHT="34" WC="0.95" CONTENT="gående"/><SP WIDTH="24" VPOS="2057" HPOS="210"/>
							<String ID="string_311" HPOS="234" VPOS="2056" WIDTH="257" HEIGHT="35" WC="0.96" CONTENT="lämpligheten"/><SP WIDTH="27" VPOS="2056" HPOS="491"/>
							<String ID="string_312" HPOS="518" VPOS="2066" WIDTH="44" HEIGHT="19" WC="0.96" CONTENT="av"/><SP WIDTH="26" VPOS="2066" HPOS="562"/>
							<String ID="string_313" HPOS="588" VPOS="2054" WIDTH="221" HEIGHT="30" WC="0.96" CONTENT="omedelbara"/><SP WIDTH="27" VPOS="2054" HPOS="809"/>
							<String ID="string_314" HPOS="836" VPOS="2053" WIDTH="169" HEIGHT="35" WC="0.90" CONTENT="åtgärder"/><SP WIDTH="29" VPOS="2053" HPOS="1005"/>
							<String ID="string_315" HPOS="1034" VPOS="2053" WIDTH="6" HEIGHT="29" WC="0.90" CONTENT="i"/><SP WIDTH="31" VPOS="2053" HPOS="1040"/>
							<String ID="string_316" HPOS="1071" VPOS="2050" WIDTH="282" HEIGHT="37" WC="0.90" CONTENT="propositionens"/><SP WIDTH="27" VPOS="2050" HPOS="1353"/>
							<String ID="string_317" HPOS="1380" VPOS="2050" WIDTH="103" HEIGHT="35" WC="0.96" CONTENT="syfte,"/><SP WIDTH="31" VPOS="2050" HPOS="1483"/>
							<String ID="string_318" HPOS="1514" VPOS="2049" WIDTH="63" HEIGHT="30" WC="0.96" CONTENT="har"/>
						</TextLine>
						<TextLine ID="line_38" HPOS="79" VPOS="2100" WIDTH="1499" HEIGHT="43">
							<String ID="string_319" HPOS="79" VPOS="2109" WIDTH="169" HEIGHT="30" WC="0.96" CONTENT="utskottet"/><SP WIDTH="27" VPOS="2109" HPOS="248"/>
							<String ID="string_320" HPOS="275" VPOS="2109" WIDTH="74" HEIGHT="30" WC="0.96" CONTENT="med"/><SP WIDTH="30" VPOS="2109" HPOS="349"/>
							<String ID="string_321" HPOS="379" VPOS="2108" WIDTH="138" HEIGHT="35" WC="0.96" CONTENT="hänsyn"/><SP WIDTH="27" VPOS="2108" HPOS="517"/>
							<String ID="string_322" HPOS="544" VPOS="2107" WIDTH="55" HEIGHT="30" WC="0.95" CONTENT="till"/><SP WIDTH="25" VPOS="2107" HPOS="599"/>
							<String ID="string_323" HPOS="624" VPOS="2107" WIDTH="67" HEIGHT="30" WC="0.93" CONTENT="vad"/><SP WIDTH="28" VPOS="2107" HPOS="691"/>
							<String ID="string_324" HPOS="719" VPOS="2104" WIDTH="389" HEIGHT="37" WC="0.92" CONTENT="departementschefen"/><SP WIDTH="27" VPOS="2104" HPOS="1108"/>
							<String ID="string_325" HPOS="1135" VPOS="2102" WIDTH="119" HEIGHT="31" WC="0.96" CONTENT="anfört"/><SP WIDTH="26" VPOS="2102" HPOS="1254"/>
							<String ID="string_326" HPOS="1280" VPOS="2104" WIDTH="119" HEIGHT="29" WC="0.96" CONTENT="ansett"/><SP WIDTH="25" VPOS="2104" HPOS="1399"/>
							<String ID="string_327" HPOS="1424" VPOS="2102" WIDTH="53" HEIGHT="34" WC="0.96" CONTENT="sig"/><SP WIDTH="27" VPOS="2102" HPOS="1477"/>
							<String ID="string_328" HPOS="1504" VPOS="2100" WIDTH="74" HEIGHT="31" WC="0.96" CONTENT="icke"/>
						</TextLine>
						<TextLine ID="line_39" HPOS="81" VPOS="2153" WIDTH="1496" HEIGHT="42">
							<String ID="string_329" HPOS="81" VPOS="2162" WIDTH="82" HEIGHT="29" WC="0.96" CONTENT="böra"/><SP WIDTH="22" VPOS="2162" HPOS="163"/>
							<String ID="string_330" HPOS="185" VPOS="2162" WIDTH="167" HEIGHT="29" WC="0.96" CONTENT="motsätta"/><SP WIDTH="19" VPOS="2162" HPOS="352"/>
							<String ID="string_331" HPOS="371" VPOS="2160" WIDTH="55" HEIGHT="35" WC="0.96" CONTENT="sig"/><SP WIDTH="20" VPOS="2160" HPOS="426"/>
							<String ID="string_332" HPOS="446" VPOS="2159" WIDTH="100" HEIGHT="30" WC="0.96" CONTENT="bifall"/><SP WIDTH="23" VPOS="2159" HPOS="546"/>
							<String ID="string_333" HPOS="569" VPOS="2159" WIDTH="54" HEIGHT="31" WC="0.96" CONTENT="till"/><SP WIDTH="24" VPOS="2159" HPOS="623"/>
							<String ID="string_334" HPOS="647" VPOS="2160" WIDTH="39" HEIGHT="30" WC="0.96" CONTENT="de"/><SP WIDTH="22" VPOS="2160" HPOS="686"/>
							<String ID="string_335" HPOS="708" VPOS="2169" WIDTH="42" HEIGHT="19" WC="0.96" CONTENT="av"/><SP WIDTH="26" VPOS="2169" HPOS="750"/>
							<String ID="string_336" HPOS="776" VPOS="2158" WIDTH="130" HEIGHT="34" WC="0.96" CONTENT="Kungl."/><SP WIDTH="21" VPOS="2158" HPOS="906"/>
							<String ID="string_337" HPOS="927" VPOS="2157" WIDTH="107" HEIGHT="35" WC="0.96" CONTENT="Maj:t"/><SP WIDTH="22" VPOS="2157" HPOS="1034"/>
							<String ID="string_338" HPOS="1056" VPOS="2156" WIDTH="198" HEIGHT="35" WC="0.95" CONTENT="framlagda"/><SP WIDTH="26" VPOS="2156" HPOS="1254"/>
							<String ID="string_339" HPOS="1280" VPOS="2154" WIDTH="188" HEIGHT="35" WC="0.95" CONTENT="förslagen."/><SP WIDTH="35" VPOS="2154" HPOS="1468"/>
							<String ID="string_340" HPOS="1503" VPOS="2153" WIDTH="74" HEIGHT="31" WC="0.96" CONTENT="Vad"/>
						</TextLine>
						<TextLine ID="line_40" HPOS="83" VPOS="2206" WIDTH="1495" HEIGHT="41">
							<String ID="string_341" HPOS="83" VPOS="2213" WIDTH="84" HEIGHT="29" WC="0.95" CONTENT="först"/><SP WIDTH="24" VPOS="2213" HPOS="167"/>
							<String ID="string_342" HPOS="191" VPOS="2216" WIDTH="111" HEIGHT="30" WC="0.96" CONTENT="angår"/><SP WIDTH="27" VPOS="2216" HPOS="302"/>
							<String ID="string_343" HPOS="329" VPOS="2213" WIDTH="129" HEIGHT="34" WC="0.96" CONTENT="frågan"/><SP WIDTH="22" VPOS="2213" HPOS="458"/>
							<String ID="string_344" HPOS="480" VPOS="2221" WIDTH="52" HEIGHT="19" WC="0.96" CONTENT="om"/><SP WIDTH="24" VPOS="2221" HPOS="532"/>
							<String ID="string_345" HPOS="556" VPOS="2209" WIDTH="173" HEIGHT="36" WC="0.92" CONTENT="utvidgad"/><SP WIDTH="24" VPOS="2209" HPOS="729"/>
							<String ID="string_346" HPOS="753" VPOS="2209" WIDTH="258" HEIGHT="35" WC="0.91" CONTENT="inlåningsrätt"/><SP WIDTH="26" VPOS="2209" HPOS="1011"/>
							<String ID="string_347" HPOS="1037" VPOS="2208" WIDTH="52" HEIGHT="29" WC="0.93" CONTENT="för"/><SP WIDTH="23" VPOS="2208" HPOS="1089"/>
							<String ID="string_348" HPOS="1112" VPOS="2206" WIDTH="308" HEIGHT="31" WC="0.91" CONTENT="centralkassorna"/><SP WIDTH="26" VPOS="2206" HPOS="1420"/>
							<String ID="string_349" HPOS="1446" VPOS="2206" WIDTH="57" HEIGHT="30" WC="0.93" CONTENT="bör"/><SP WIDTH="24" VPOS="2206" HPOS="1503"/>
							<String ID="string_350" HPOS="1527" VPOS="2216" WIDTH="51" HEIGHT="18" WC="0.88" CONTENT="sa-"/>
						</TextLine>
						<TextLine ID="line_41" HPOS="82" VPOS="2257" WIDTH="1495" HEIGHT="42">
							<String ID="string_351" HPOS="82" VPOS="2265" WIDTH="107" HEIGHT="29" WC="0.92" CONTENT="lunda"/><SP WIDTH="22" VPOS="2265" HPOS="189"/>
							<String ID="string_352" HPOS="211" VPOS="2274" WIDTH="41" HEIGHT="20" WC="0.96" CONTENT="en"/><SP WIDTH="22" VPOS="2274" HPOS="252"/>
							<String ID="string_353" HPOS="274" VPOS="2264" WIDTH="153" HEIGHT="35" WC="0.95" CONTENT="generell"/><SP WIDTH="26" VPOS="2264" HPOS="427"/>
							<String ID="string_354" HPOS="453" VPOS="2262" WIDTH="148" HEIGHT="35" WC="0.96" CONTENT="höjning"/><SP WIDTH="21" VPOS="2262" HPOS="601"/>
							<String ID="string_355" HPOS="622" VPOS="2272" WIDTH="44" HEIGHT="19" WC="0.96" CONTENT="av"/><SP WIDTH="26" VPOS="2272" HPOS="666"/>
							<String ID="string_356" HPOS="692" VPOS="2272" WIDTH="44" HEIGHT="19" WC="0.96" CONTENT="nu"/><SP WIDTH="24" VPOS="2272" HPOS="736"/>
							<String ID="string_357" HPOS="760" VPOS="2260" WIDTH="166" HEIGHT="35" WC="0.96" CONTENT="gällande"/><SP WIDTH="22" VPOS="2260" HPOS="926"/>
							<String ID="string_358" HPOS="948" VPOS="2259" WIDTH="193" HEIGHT="30" WC="0.96" CONTENT="maximum"/><SP WIDTH="31" VPOS="2259" HPOS="1141"/>
							<String ID="string_359" HPOS="1172" VPOS="2260" WIDTH="50" HEIGHT="28" WC="0.93" CONTENT="för"/><SP WIDTH="25" VPOS="2260" HPOS="1222"/>
							<String ID="string_360" HPOS="1247" VPOS="2257" WIDTH="207" HEIGHT="35" WC="0.82" CONTENT="inläningen"/><SP WIDTH="22" VPOS="2257" HPOS="1454"/>
							<String ID="string_361" HPOS="1476" VPOS="2257" WIDTH="33" HEIGHT="35" WC="0.96" CONTENT="ej"/><SP WIDTH="25" VPOS="2257" HPOS="1509"/>
							<String ID="string_362" HPOS="1534" VPOS="2267" WIDTH="43" HEIGHT="19" WC="0.96" CONTENT="nu"/>
						</TextLine>
						<TextLine ID="line_42" HPOS="82" VPOS="2308" WIDTH="1499" HEIGHT="41">
							<String ID="string_363" HPOS="82" VPOS="2316" WIDTH="234" HEIGHT="33" WC="0.95" CONTENT="genomföras,"/><SP WIDTH="25" VPOS="2316" HPOS="316"/>
							<String ID="string_364" HPOS="341" VPOS="2316" WIDTH="85" HEIGHT="28" WC="0.96" CONTENT="utan"/><SP WIDTH="26" VPOS="2316" HPOS="426"/>
							<String ID="string_365" HPOS="452" VPOS="2314" WIDTH="60" HEIGHT="30" WC="0.96" CONTENT="bör"/><SP WIDTH="21" VPOS="2314" HPOS="512"/>
							<String ID="string_366" HPOS="533" VPOS="2314" WIDTH="59" HEIGHT="29" WC="0.96" CONTENT="det"/><SP WIDTH="25" VPOS="2314" HPOS="592"/>
							<String ID="string_367" HPOS="617" VPOS="2313" WIDTH="122" HEIGHT="33" WC="0.95" CONTENT="läggas"/><SP WIDTH="23" VPOS="2313" HPOS="739"/>
							<String ID="string_368" HPOS="762" VPOS="2312" WIDTH="6" HEIGHT="29" WC="0.96" CONTENT="i"/><SP WIDTH="29" VPOS="2312" HPOS="768"/>
							<String ID="string_369" HPOS="797" VPOS="2311" WIDTH="131" HEIGHT="35" WC="0.96" CONTENT="Kungl."/><SP WIDTH="23" VPOS="2311" HPOS="928"/>
							<String ID="string_370" HPOS="951" VPOS="2310" WIDTH="125" HEIGHT="35" WC="0.96" CONTENT="Maj:ts"/><SP WIDTH="25" VPOS="2310" HPOS="1076"/>
							<String ID="string_371" HPOS="1101" VPOS="2310" WIDTH="93" HEIGHT="30" WC="0.95" CONTENT="hand"/><SP WIDTH="21" VPOS="2310" HPOS="1194"/>
							<String ID="string_372" HPOS="1215" VPOS="2311" WIDTH="53" HEIGHT="28" WC="0.96" CONTENT="att"/><SP WIDTH="20" VPOS="2311" HPOS="1268"/>
							<String ID="string_373" HPOS="1288" VPOS="2309" WIDTH="92" HEIGHT="30" WC="0.96" CONTENT="efter"/><SP WIDTH="23" VPOS="2309" HPOS="1380"/>
							<String ID="string_374" HPOS="1403" VPOS="2308" WIDTH="178" HEIGHT="35" WC="0.95" CONTENT="prövning"/>
						</TextLine>
						<TextLine ID="line_43" HPOS="83" VPOS="2360" WIDTH="1499" HEIGHT="46">
							<String ID="string_375" HPOS="83" VPOS="2377" WIDTH="42" HEIGHT="19" WC="0.96" CONTENT="av"/><SP WIDTH="24" VPOS="2377" HPOS="125"/>
							<String ID="string_376" HPOS="149" VPOS="2366" WIDTH="98" HEIGHT="35" WC="0.94" CONTENT="varje"/><SP WIDTH="20" VPOS="2366" HPOS="247"/>
							<String ID="string_377" HPOS="267" VPOS="2365" WIDTH="147" HEIGHT="31" WC="0.96" CONTENT="särskilt"/><SP WIDTH="24" VPOS="2365" HPOS="414"/>
							<String ID="string_378" HPOS="438" VPOS="2365" WIDTH="60" HEIGHT="30" WC="0.93" CONTENT="fall"/><SP WIDTH="26" VPOS="2365" HPOS="498"/>
							<String ID="string_379" HPOS="524" VPOS="2363" WIDTH="166" HEIGHT="43" WC="0.92" CONTENT="medgiva"/><SP WIDTH="19" VPOS="2363" HPOS="690"/>
							<String ID="string_380" HPOS="709" VPOS="2373" WIDTH="40" HEIGHT="19" WC="0.96" CONTENT="en"/><SP WIDTH="24" VPOS="2373" HPOS="749"/>
							<String ID="string_381" HPOS="773" VPOS="2362" WIDTH="149" HEIGHT="35" WC="0.96" CONTENT="höjning"/><SP WIDTH="21" VPOS="2362" HPOS="922"/>
							<String ID="string_382" HPOS="943" VPOS="2372" WIDTH="43" HEIGHT="20" WC="0.96" CONTENT="av"/><SP WIDTH="24" VPOS="2372" HPOS="986"/>
							<String ID="string_383" HPOS="1010" VPOS="2362" WIDTH="98" HEIGHT="30" WC="0.96" CONTENT="detta"/><SP WIDTH="24" VPOS="2362" HPOS="1108"/>
							<String ID="string_384" HPOS="1132" VPOS="2361" WIDTH="191" HEIGHT="30" WC="0.96" CONTENT="maximum"/><SP WIDTH="23" VPOS="2361" HPOS="1323"/>
							<String ID="string_385" HPOS="1346" VPOS="2360" WIDTH="55" HEIGHT="30" WC="0.96" CONTENT="till"/><SP WIDTH="25" VPOS="2360" HPOS="1401"/>
							<String ID="string_386" HPOS="1426" VPOS="2362" WIDTH="50" HEIGHT="28" WC="0.92" CONTENT="tre"/><SP WIDTH="23" VPOS="2362" HPOS="1476"/>
							<String ID="string_387" HPOS="1499" VPOS="2362" WIDTH="83" HEIGHT="33" WC="0.89" CONTENT="gån-"/>
						</TextLine>
						<TextLine ID="line_44" HPOS="85" VPOS="2411" WIDTH="1499" HEIGHT="41">
							<String ID="string_388" HPOS="85" VPOS="2427" WIDTH="59" HEIGHT="25" WC="0.87" CONTENT="ger"/><SP WIDTH="22" VPOS="2427" HPOS="144"/>
							<String ID="string_389" HPOS="166" VPOS="2418" WIDTH="65" HEIGHT="30" WC="0.93" CONTENT="den"/><SP WIDTH="24" VPOS="2418" HPOS="231"/>
							<String ID="string_390" HPOS="255" VPOS="2415" WIDTH="244" HEIGHT="35" WC="0.91" CONTENT="ansvarighet,"/><SP WIDTH="23" VPOS="2415" HPOS="499"/>
							<String ID="string_391" HPOS="522" VPOS="2425" WIDTH="70" HEIGHT="21" WC="0.96" CONTENT="som"/><SP WIDTH="27" VPOS="2425" HPOS="592"/>
							<String ID="string_392" HPOS="619" VPOS="2415" WIDTH="40" HEIGHT="30" WC="0.95" CONTENT="de"/><SP WIDTH="27" VPOS="2415" HPOS="659"/>
							<String ID="string_393" HPOS="686" VPOS="2414" WIDTH="52" HEIGHT="30" WC="0.93" CONTENT="till"/><SP WIDTH="22" VPOS="2414" HPOS="738"/>
							<String ID="string_394" HPOS="760" VPOS="2412" WIDTH="244" HEIGHT="31" WC="0.91" CONTENT="centralkassa"/><SP WIDTH="23" VPOS="2412" HPOS="1004"/>
							<String ID="string_395" HPOS="1027" VPOS="2412" WIDTH="166" HEIGHT="30" WC="0.93" CONTENT="anslutna"/><SP WIDTH="26" VPOS="2412" HPOS="1193"/>
							<String ID="string_396" HPOS="1219" VPOS="2411" WIDTH="365" HEIGHT="36" WC="0.89" CONTENT="jordbrukskassorna"/>
						</TextLine>
						<TextLine ID="line_45" HPOS="84" VPOS="2463" WIDTH="1500" HEIGHT="40">
							<String ID="string_397" HPOS="84" VPOS="2469" WIDTH="239" HEIGHT="34" WC="0.94" CONTENT="sammanlagt"/><SP WIDTH="30" VPOS="2469" HPOS="323"/>
							<String ID="string_398" HPOS="353" VPOS="2468" WIDTH="90" HEIGHT="30" WC="0.96" CONTENT="hava"/><SP WIDTH="33" VPOS="2468" HPOS="443"/>
							<String ID="string_399" HPOS="476" VPOS="2468" WIDTH="52" HEIGHT="29" WC="0.93" CONTENT="för"/><SP WIDTH="28" VPOS="2468" HPOS="528"/>
							<String ID="string_400" HPOS="556" VPOS="2466" WIDTH="287" HEIGHT="31" WC="0.90" CONTENT="centralkassans"/><SP WIDTH="34" VPOS="2466" HPOS="843"/>
							<String ID="string_401" HPOS="877" VPOS="2463" WIDTH="240" HEIGHT="32" WC="0.92" CONTENT="förbindelser."/><SP WIDTH="52" VPOS="2463" HPOS="1117"/>
							<String ID="string_402" HPOS="1169" VPOS="2464" WIDTH="177" HEIGHT="30" WC="0.95" CONTENT="Utskottet"/><SP WIDTH="28" VPOS="2464" HPOS="1346"/>
							<String ID="string_403" HPOS="1374" VPOS="2463" WIDTH="210" HEIGHT="30" WC="0.96" CONTENT="förutsätter"/>
						</TextLine>
					</TextBlock>
				</ComposedBlock>
				<ComposedBlock ID="cblock_4" HPOS="1646" VPOS="1743" WIDTH="133" HEIGHT="24">
					<TextBlock ID="block_5" HPOS="1646" VPOS="1743" WIDTH="133" HEIGHT="24">
						<TextLine ID="line_46" HPOS="1646" VPOS="1743" WIDTH="133" HEIGHT="24">
							<String ID="string_404" HPOS="1646" VPOS="1743" WIDTH="133" HEIGHT="24" WC="0.89" CONTENT="Utskottet."/>
						</TextLine>
					</TextBlock>
				</ComposedBlock>
			</PrintSpace>
		</Page>
	</Layout>
</alto>
