2214 2624
447 163 19 31 8
644 160 116 32 Andra
783 161 199 31 kammarens
1003 158 93 42 femte
1120 158 157 42 tillfälliga
1303 157 131 32 utskotts
1458 156 161 32 utlåtande
1642 155 52 32 Nr
1717 156 29 31 9.

403 242 130 36 kunna
560 239 138 38 befrias
731 239 112 37 bland
871 243 115 32 annat
1014 238 81 36 från
1122 235 324 50 undervisningen
1474 235 12 36 i
1513 235 93 36 latin
1634 248 98 36 resp.
1764 232 229 38 matematik.

403 293 88 37 Men
532 291 46 37 då
606 304 47 24 en
682 291 59 37 del
767 291 195 49 lärjungar
989 290 81 37 icke
1096 289 178 49 begagna
1302 289 61 48 sig
1392 288 42 36 af
1456 287 235 46 valfriheten,
1720 286 69 36 och
1818 285 46 36 då
1892 285 65 36 det
1984 285 12 35 i

405 344 132 49 hvarje
577 343 63 36 fall
681 343 125 37 kunde
847 355 92 24 vara
981 342 40 36 af
1044 341 80 37 vikt
1152 345 55 32 att
1238 345 144 43 utröna,
1415 340 96 36 huru
1540 352 44 24 en
1614 339 116 36 sådan
1758 337 90 49 linje
1877 337 119 36 skulle

404 398 151 35 komma
583 400 54 32 att
662 400 38 32 te
720 395 59 49 sig
797 395 12 36 i
830 397 82 34 vårt
931 394 450 48 undervisningssystem,
1402 404 110 24 anser
1532 390 306 50 öfverstyrelsen,
1860 394 54 31 att
1943 394 53 31 ett

405 448 129 37 försök
567 448 68 36 bör
663 452 113 44 göras
804 447 84 37 med
918 460 46 23 en
993 446 103 49 dylik
1124 446 90 49 linje
1241 444 63 36 vid
1334 449 143 31 statens
1506 443 203 50 profskola,
1734 442 85 49 Nya
1838 441 159 37 elemen-

404 500 191 37 tarskolan
622 499 13 36 i
665 499 229 37 Stockholm.

534 552 17 36 I
578 551 216 37 hufvudsak
823 564 109 24 anser
961 550 293 49 öfverstyrelsen
1276 547 72 37 den
1368 547 247 50 nyspråkliga
1633 546 118 49 linjen
1770 546 91 36 böra
1881 558 116 36 grun-

404 604 69 38 das
500 607 48 47 på
575 603 215 37 nuvarande
818 601 335 51 latingymnasium
1181 603 49 48 på
1258 600 62 36 det
1348 604 87 43 sätt,
1465 604 55 31 att
1543 599 132 36 latinet
1694 598 68 36 och
1784 596 214 38 alternativt

405 655 269 38 matematiken
724 657 21 34 å
785 653 310 51 latingymnasiet
1136 653 35 36 få
1198 652 105 37 träda
1339 651 160 54 tillbaka
1539 651 57 36 för
1636 650 73 37 den
1751 649 247 50 nyspråkliga

405 721 185 37 gruppen,
633 707 80 36 däri
742 707 113 36 äfven
895 706 142 50 ryskan
1073 710 200 45 upptages.
1328 707 34 33 Å
1398 702 216 38 nuvarande
1641 701 358 50 latingymnasiums

405 761 158 49 timplan
591 765 169 43 upptaga
787 759 130 36 latinet
945 758 70 36 och
1043 757 268 37 matematiken
1331 754 249 38 tillsammans
1599 754 176 48 omkring
1797 754 46 36 10
1862 752 136 38 vecko-

404 813 152 36 timmar
582 812 12 35 i
622 812 95 36 hvar
745 811 69 36 och
842 824 46 23 en
916 810 41 37 af
981 810 45 36 de
1054 810 82 49 fyra
1161 809 190 48 ringarna.
1408 807 54 36 Af
1486 807 108 37 dessa
1622 806 124 37 anslås
1774 808 20 34 å
1827 805 73 37 den
1924 817 76 37 nya

405 864 120 49 linjen
566 863 176 49 omkring
778 862 143 37 hälften
956 864 38 34 åt
1021 862 131 36 latinet
1180 860 70 37 och
1278 859 146 37 hälften
1453 861 36 34 åt
1517 858 277 37 matematiken.
1849 857 76 36 För
1953 856 45 36 de

405 916 207 49 lärjungar,
654 928 81 23 som
777 914 119 37 önska
931 914 81 37 läsa
1038 913 104 47 latin,
1171 911 192 38 bortfaller
1390 910 322 48 undervisningen
1740 910 12 36 i
1779 907 222 38 matematik

406 968 72 37 och
519 967 40 37 af
588 967 45 37 de
661 967 59 36 för
747 967 102 36 detta
876 971 110 32 ämne
1013 965 186 50 uppförda
1226 964 201 36 timmarna
1455 963 125 36 anslås
1607 963 12 35 1
1648 962 130 48 hvarje
1805 961 89 48 ring
1922 974 78 22 om-

405 1020 116 48 kring
562 1021 20 34 3
618 1019 57 36 till
702 1019 125 49 ryska,
856 1019 72 36 och
956 1017 83 37 med
1068 1017 45 36 de
1142 1016 123 49 öfriga
1293 1015 206 37 förstärkas
1529 1014 116 37 andra
1673 1012 233 38 främmande
1934 1012 66 36 lef-

406 1072 122 36 vande
557 1071 121 50 språk.
735 1071 131 36 Denna
893 1069 160 50 timplan
1080 1068 118 37 kallas
1229 1068 226 49 »A-typen>.
1510 1067 74 36 För
1612 1066 45 36 de
1684 1066 206 49 lärjungar,
1919 1077 80 23 som

407 1124 120 36 önska
566 1124 78 35 läsa
684 1122 230 48 matematik,
943 1121 192 37 bortfaller
1161 1120 144 47 latinet,
1334 1120 71 36 och
1434 1118 42 37 af
1500 1118 120 36 dettas
1649 1117 148 37 timmar
1825 1115 124 38 anslås
1979 1117 21 34 3

406 1176 59 51 till
491 1176 112 49 ryska
630 1175 71 37 och
729 1174 45 37 de
802 1174 126 50 öfriga
955 1173 56 37 till
1035 1172 116 37 andra
1170 1171 234 37 främmande
1424 1170 173 37 lefvande
1617 1169 111 50 språk
1749 1167 251 51 (»B-typen»).

408 1227 302 50 Öfverstyrelsen
738 1226 230 49 framlägger
994 1225 81 37 icke
1102 1227 128 46 någon
1258 1222 204 49 detaljerad
1491 1222 170 50 timplan,
1690 1234 86 24 men
1803 1220 67 37 vill
1890 1220 112 36 fram-

407 1280 102 36 hålla
548 1280 130 36 vikten
715 1278 115 47 däraf,
866 1283 55 32 att
949 1278 64 36 det
1040 1274 403 52 allmänpedagogiska
1472 1274 233 37 önskemålet
1733 1287 59 22 om
1821 1278 181 31 ämnenas

408 1332 288 36 koncentration
725 1333 115 35 måtte
868 1329 220 50 tillgodoses
1117 1331 20 34 å
1165 1329 74 36 den
1267 1341 75 36 nya
1369 1327 129 49 linjen.

538 1383 110 37 Hvad
683 1383 177 37 beträffar
889 1382 73 37 den
990 1381 12 36 i
1031 1381 70 36 den
1130 1379 196 49 offentliga
1354 1378 265 37 diskussionen
1648 1376 252 38 framkastade
1920 1382 79 31 tan-

409 1435 75 37 ken
512 1440 54 32 att
594 1435 132 37 endast
753 1435 135 36 bereda
916 1433 141 50 ryskan
1085 1446 46 23 en
1159 1431 110 37 valfri
1296 1431 99 50 plats
1423 1430 12 36 i
1463 1430 45 37 de
1535 1430 97 36 båda
1660 1429 139 49 högsta
1822 1429 181 48 ringarna

410 1488 85 36 med
538 1489 21 35 3
600 1488 21 35 å
663 1489 21 34 2
729 1486 150 37 timmar
912 1486 12 36 i
953 1485 141 49 hvarje,
1123 1484 248 48 hvarigenom
1401 1482 120 37 skulle
1549 1481 128 36 kunna
1704 1480 223 38 medhinnas
1956 1493 47 23 en

408 1539 183 50 påbörjad
618 1539 101 47 kurs,
748 1538 130 37 afsedd
907 1542 56 32 att
982 1537 115 37 sedan
1117 1536 206 45 fortsättas,
1344 1547 110 23 anser
1474 1534 289 49 öfverstyrelsen
1784 1533 219 36 densamma

408 1591 84 37 icke
521 1594 56 34 stå
604 1591 12 36 i
645 1589 394 38 öfverensstämmelse
1067 1588 84 37 med
1179 1587 242 36 läroverkens
1449 1585 153 50 uppgift
1630 1590 55 31 att
1703 1585 136 37 bereda
1858 1583 146 37 tillfälle

409 1643 57 36 till
503 1643 123 37 såvidt
661 1642 151 49 möjligt
839 1641 186 37 afslutade
1052 1641 129 36 kurser
1209 1639 12 36 i
1250 1639 45 36 de
1323 1641 21 34 å
1371 1638 206 49 timplanen
1605 1641 197 46 upptagna
1829 1641 172 32 ämnena.

539 1695 75 37 För
655 1699 54 32 ett
745 1699 170 32 närmare
955 1692 234 38 bedömande
1217 1691 41 36 af
1282 1691 71 36 den
1382 1690 211 37 skisserade
1620 1689 116 49 linjen
1765 1695 108 42 tages
1902 1688 11 36 i
1941 1687 62 36 be-

409 1747 210 48 traktande,
662 1747 42 36 af
740 1746 130 37 hvilka
910 1745 196 49 lärjungar
1134 1742 295 50 öfverstyrelsen
1458 1747 125 31 ansett
1611 1741 215 37 densamma
1853 1740 151 36 komma

410 1804 55 31 att
506 1798 130 50 väljas.
691 1797 355 49 Förslagsställarne
1075 1795 135 50 själfva
1238 1807 113 37 synas
1379 1794 91 49 vilja
1499 1798 96 32 sätta
1623 1792 189 38 blifvande
1840 1792 163 49 köpmän

408 1851 12 36 i
448 1851 158 37 främsta
646 1856 174 41 rummet,
854 1849 69 37 och
953 1849 61 37 det
1041 1854 41 31 är
1108 1847 111 37 äfven
1248 1846 315 49 öfverstyrelsens
1590 1845 166 48 mening,
1786 1849 53 31 att
1868 1846 41 34 så
1936 1843 68 37 bör

408 1915 91 24 vara
525 1903 259 37 förhållandet.
839 1901 76 37 För
943 1901 119 46 dessa,
1092 1913 81 24 som
1202 1899 12 36 i
1241 1899 130 48 regeln
1399 1898 108 36 torde
1534 1897 151 36 komma
1710 1901 53 32 att
1781 1896 152 36 tillhöra
1957 1894 46 36 B-

408 1959 119 46 typen
569 1968 85 24 men
696 1968 93 34 som,
830 1954 120 36 under
977 1951 270 48 förutsättning
1275 1950 41 37 af
1339 1949 159 50 lämplig
1526 1949 210 48 anordning
1765 1948 39 36 af
1828 1948 138 35 kursen
1993 1945 12 37 i

408 2007 234 47 matematik,
671 2011 92 32 utan
797 2005 203 49 olägenhet
1027 2004 127 36 kunna
1181 2002 190 49 bortvälja
1398 2002 102 36 detta
1527 2006 109 31 ämne
1663 2000 13 36 i
1704 2001 45 36 de
1777 2002 61 34 två
1867 1999 139 48 högsta

410 2059 191 49 ringarna,
639 2058 70 37 bör
735 2058 118 49 linjen
881 2057 12 37 i
922 2057 109 48 fråga
1057 2069 91 23 vara
1176 2053 360 38 tillfredsställande.
1590 2047 126 42 Äfven
1744 2065 61 23 om
1834 2056 54 32 ett
1916 2050 90 37 eller

412 2116 115 32 annat
549 2116 108 31 ämne
673 2110 121 37 skulle
810 2109 84 37 med
910 2113 132 44 sträng
1057 2107 149 50 hänsyn
1221 2107 56 36 till
1293 2106 109 36 deras
1418 2105 118 37 behof
1550 2105 128 36 kunna
1696 2106 118 47 något
1832 2103 173 36 inskrän-

411 2162 81 48 kas,
513 2162 67 37 bör
599 2165 21 33 å
640 2161 116 38 andra
776 2162 107 36 sidan
898 2160 275 49 ihågkommas,
1191 2163 54 32 att
1261 2158 72 37 den
1348 2158 178 48 köpman,
1543 2169 80 23 som
1641 2170 46 23 en
1706 2156 76 48 dag
1801 2154 205 37 eventuellt

410 2213 68 37 vill
518 2214 158 48 utvidga
717 2213 59 36 sin
816 2212 243 38 verksamhet
1099 2211 57 37 till
1197 2210 72 37 den
1307 2215 102 31 stora
1437 2207 372 46 världsmarknaden,
1839 2206 81 37 icke
1948 2206 58 35 får

410 2266 119 36 sakna
557 2266 118 47 nödig
704 2264 313 48 allmänbildning
1045 2276 80 24 mer
1153 2268 45 31 än
1229 2265 127 45 någon
1386 2274 134 23 annan.
1568 2259 109 37 Hvad
1708 2259 162 37 därefter
1898 2257 107 36 indu-
