2150 2624
358 172 17 31 6
564 171 116 32 Andra
703 171 198 32 kammarens
923 172 93 40 femte
1040 170 160 43 tillfälliga
1226 172 128 31 utskotts
1378 172 161 31 utlåtande
1563 173 50 30 Nr
1637 174 28 29 9.

446 251 77 36 För
551 251 226 49 främjandet
804 251 40 36 af
869 264 46 23 en
944 263 101 24 mera
1072 251 108 36 intim
1210 251 226 36 förbindelse
1465 254 47 46 på
1540 251 62 36 det
1616 250 200 37 kulturella
1831 265 78 23 om-

314 304 104 36 rådet
454 302 85 37 med
566 306 83 33 vårt
677 308 103 31 östra
807 303 211 48 grannland
1047 303 244 49 ifrågasätter
1318 302 234 38 motionären
1581 303 261 36 anordnandet
1871 304 41 35 af

315 353 275 50 undervisning
616 354 12 36 i
656 355 116 50 ryska
812 355 153 49 språket
1006 355 61 37 vid
1108 357 92 34 våra
1237 355 125 36 skolor
1389 355 71 36 och
1488 355 177 36 hänvisar
1693 355 129 36 därvid
1853 354 55 37 till

314 407 72 37 den
414 406 285 47 framställning
726 407 12 36 1
766 412 137 42 ämnet,
933 420 79 23 som
1040 406 124 50 gjorts
1193 407 42 36 af
1259 407 45 36 de
1333 407 164 36 svenska
1524 406 385 50 generalkonsulerna

315 460 43 36 D.
390 459 218 47 Bergström
637 459 12 36 i
678 458 241 49 Helsingfors
948 459 70 36 och
1047 459 40 36 Ö.
1118 458 57 36 W.
1204 458 163 49 Hagelin
1395 459 12 35 i
1436 457 56 38 S:t
1507 458 242 49 Petersburg.
1794 449 115 46 Öfver

315 511 122 36 denna
469 510 49 37 de
559 509 97 38 båda
689 510 403 50 generalkonsulernas
1121 509 279 50 framställning
1428 510 68 37 har
1524 509 297 50 öfverstyrelsen
1849 510 60 36 för

315 563 116 36 rikets
473 562 187 37 allmänna
701 563 169 36 läroverk
904 563 72 36 den
1006 564 45 35 28
1081 562 172 37 sistlidne
1282 561 162 37 februari
1472 562 158 49 afgifvit
1657 562 253 49 underdånigt

314 614 194 37 utlåtande
535 613 70 38 och
633 615 131 36 därvid
793 614 319 49 hufvudsakligen
1140 614 143 37 anfört:

443 666 54 36 Af
521 664 44 38 de
593 666 56 37 till
679 666 293 50 öfverstyrelsen
1001 666 41 37 af
1057 666 426 50 läroverkskollegierna
1503 666 146 48 afgifna
1667 665 243 37 utlåtandena

316 720 176 46 framgår,
532 724 53 31 att
613 718 249 49 meningarna
889 718 13 36 1
930 718 133 49 frågan
1091 723 63 32 äro
1183 718 12 36 i
1224 718 78 49 hög
1328 718 93 48 grad
1450 718 142 48 delade,
1622 717 153 37 hvartill
1802 717 106 37 kom-

316 784 90 34 mer,
437 775 56 31 att
520 770 89 37 flera
635 771 95 36 real-
759 771 69 36 och
857 770 374 49 samskolekollegier
1257 770 198 36 inskränkt
1483 771 61 48 sig
1572 770 55 36 till
1656 774 56 32 att
1740 768 170 50 afstyrka

315 823 162 49 ryskans
506 822 196 37 införande
731 824 21 35 å
778 822 232 37 realskolans
1039 821 161 37 stadium
1222 822 69 36 och
1312 822 32 49 ej
1365 826 121 44 yttrat
1505 822 62 49 sig
1587 821 196 50 angående
1803 835 108 36 gym-

316 875 131 35 nasiet.
502 866 208 58 Åtskilliga
751 875 41 35 af
828 873 425 49 läroverkskollegierna
1294 874 208 48 framhålla,
1539 879 56 31 att
1622 873 163 50 ryskans
1815 873 96 37 infö-

317 977 155 38 omfatta
500 977 91 38 flera
618 977 306 50 bildningslinjer
952 978 90 36 eller
1070 977 193 50 medgifva
1282 982 119 32 större
1421 978 179 36 valfrihet
1621 980 49 46 på
1690 982 115 31 annat
1825 981 85 32 sätt.

444 1028 218 38 Emellertid
704 1030 167 48 framgår
899 1029 41 36 af
966 1029 45 37 de
1039 1029 146 49 afgifna
1211 1030 237 48 yttrandena,
1479 1035 53 31 att
1560 1034 53 32 ett
1642 1029 149 49 ganska
1818 1033 94 32 stort

318 1082 99 37 antal
458 1082 182 49 kollegier
681 1082 229 36 åtminstone
951 1081 82 38 icke
1076 1081 109 37 ställa
1214 1081 60 48 sig
1302 1081 205 48 afvisande,
1538 1080 97 37 dock
1663 1085 56 32 att
1747 1080 46 37 de
1822 1080 89 36 allra

317 1134 108 37 flesta
465 1134 25 36 f.
520 1148 36 22 n.
585 1134 134 37 endast
746 1133 107 37 tänkt
881 1133 61 49 sig
969 1133 149 37 försöks
1147 1133 233 37 anställande
1408 1133 65 36 vid
1502 1138 54 31 ett
1584 1133 91 36 eller
1703 1132 90 37 flera
1821 1133 90 35 läro-

316 1186 101 47 verk,
459 1185 12 36 i
513 1186 99 36 förra
652 1186 104 36 fallet
792 1186 12 36 i
833 1185 204 36 allmänhet
1064 1184 64 37 vid
1156 1185 85 50 Nya
1269 1184 340 38 elementarskolan
1637 1184 12 36 i
1679 1183 231 48 Stockholm,

315 1238 70 36 och
425 1237 13 36 i
467 1251 130 23 senare
625 1237 106 37 fallet
759 1237 61 37 vid
848 1237 174 37 läroverk
1048 1237 12 36 i
1089 1242 120 32 större
1239 1237 137 48 städer,
1406 1236 179 37 särskildt
1614 1236 296 37 handelsstäder.

315 1289 146 37 Endast
488 1294 55 32 ett
570 1290 93 36 fåtal
690 1288 183 50 kollegier
901 1289 49 36 ha
978 1289 134 36 uttalat
1139 1288 61 49 sig
1228 1289 57 37 för
1313 1289 84 37 dess
1417 1288 200 37 införande
1638 1291 21 34 å
1677 1288 234 37 realskolans

317 1341 176 48 stadium,
522 1341 119 37 under
670 1342 65 36 det
762 1345 54 33 att
845 1340 280 49 öfvervägande
1153 1340 160 37 flertalet
1340 1340 191 38 bestämdt
1551 1340 163 50 afstyrkt
1729 1354 46 23 en
1795 1340 116 36 sådan

317 1393 152 53 åtgärd.
587 1428 3 1 .

446 1445 205 49 Åtskilliga
692 1444 183 50 kollegier
917 1458 89 24 anse
1033 1449 125 32 ämnet
1186 1447 48 47 på
1261 1445 123 48 grund
1414 1444 40 37 af
1479 1444 87 36 dess
1596 1443 180 50 speciella
1803 1443 108 49 bety-

317 1497 103 37 delse
461 1497 82 37 icke
571 1497 153 37 tillhöra
752 1497 46 37 de
827 1497 187 36 allmänna
1041 1496 244 37 läroverkens
1314 1496 151 37 område
1494 1500 91 32 utan
1613 1496 94 37 böra
1734 1495 178 37 hänvisas

317 1549 56 36 till
416 1549 224 49 fackskolor,
682 1548 180 38 särskildt
899 1548 286 38 handelsskolor
1220 1548 70 37 och
1318 1547 280 38 militärskolor.
1654 1547 129 37 Andra
1811 1546 102 38 finna

316 1601 85 37 dess
443 1601 197 37 införande
682 1601 174 37 förenadt
897 1601 85 37 med
1024 1600 125 37 alltför
1176 1605 102 32 stora
1306 1600 233 49 svårigheter
1566 1599 85 37 med
1679 1599 148 49 hänsyn
1856 1599 56 36 till

317 1653 117 37 andra
462 1655 21 34 å
511 1653 206 49 timplanen
745 1653 116 36 redan
889 1658 196 44 upptagna
1113 1657 157 32 ämnens
1298 1651 234 49 berättigade
1560 1651 94 37 kraf.

446 1705 73 36 För
547 1719 95 35 egen
671 1704 60 38 del
758 1705 120 36 finner
906 1704 293 50 öfverstyrelsen
1228 1707 20 33 å
1268 1717 69 24 ena
1360 1704 120 48 sidan,
1502 1709 55 31 att
1576 1703 102 49 goda
1697 1703 81 37 skäl
1797 1703 116 36 hafva

316 1757 11 37 i
369 1757 390 49 generalkonsulerna
794 1756 184 50 Hagelins
1007 1756 69 37 och
1103 1756 240 50 Bergströms
1372 1756 282 48 framställning
1682 1755 142 37 anförts
1855 1755 59 36 för

317 1809 164 49 ryskans
521 1808 198 37 införande
759 1810 13 35 i
800 1822 46 23 en
874 1808 91 37 eller
991 1821 124 24 annan
1144 1808 96 36 form
1269 1811 122 33 såsom
1420 1808 190 36 läroämne
1638 1806 64 37 vid
1731 1810 88 33 våra
1847 1806 65 37 all-

319 1866 137 31 männa
495 1861 171 37 läroverk
708 1861 69 36 och
818 1865 56 32 att
910 1860 220 49 ytterligare
1159 1860 140 36 sådana
1327 1860 127 36 kunna
1482 1860 59 36 för
1569 1872 46 24 en
1644 1858 106 50 dylik
1778 1858 135 49 åtgärd

320 1912 199 49 andragas,
561 1926 87 23 men
689 1925 110 24 anser
832 1915 21 34 å
882 1912 116 37 andra
1026 1912 118 48 sidan,
1175 1918 54 30 att
1256 1911 162 38 nämnda
1445 1910 196 38 införande
1670 1916 41 31 är
1740 1910 174 37 förenadt

320 1964 84 37 med
432 1965 81 36 icke
541 1965 39 36 få
607 1965 244 48 svårigheter.

447 2016 345 50 Nödvändigheten
835 2022 55 31 att
930 2019 48 47 på
1019 2016 242 36 läroverkens
1302 2015 158 50 timplan
1501 2021 170 43 upptaga
1699 2014 46 37 de
1774 2017 139 46 många

320 2068 233 37 främmande
594 2069 163 49 språken
797 2068 68 37 har
907 2067 115 37 villat
1055 2072 102 32 stora
1185 2067 234 50 svårigheter
1447 2067 58 36 för
1533 2072 54 31 ett
1613 2066 190 37 rationellt
1831 2066 83 36 ord-

319 2120 124 37 nande
470 2121 41 36 af
525 2120 442 49 undervisningsplanen.
1024 2119 290 50 BSpråkträngsel
1332 2124 41 31 är
1392 2132 47 24 en
1459 2118 213 50 olägenhet,
1693 2132 82 23 som
1795 2120 118 35 måste

318 2171 152 38 vidlåda
510 2172 131 49 hvarje
683 2172 466 49 läroverksorganisation,
1188 2174 42 34 så
1257 2172 112 48 länge
1398 2171 62 37 det
1488 2170 189 37 allmänna
1704 2170 210 37 läroverket

320 2237 110 24 anses
470 2224 92 37 böra
603 2224 126 36 lämna
770 2224 272 48 undervisning
1069 2224 11 36 i
1109 2224 31 49 ej
1172 2223 145 37 mindre
1346 2228 46 32 än
1420 2222 76 37 fem
1525 2222 234 38 främmande
1789 2221 123 51 språk,
