2180 2622
670 161 118 31 Första
812 160 214 40 lagutskottets
1050 159 164 31 utlåtande
1238 159 51 30 Nr
1313 158 55 31 24.
1798 155 19 31 3

218 249 62 31 ten
321 244 12 35 i
376 244 44 34 de
464 243 154 35 militära
663 243 217 35 brottmålen
924 241 81 36 från
1048 240 439 47 militärmyndigheterna
1529 238 56 35 till
1613 239 71 34 den
1714 237 105 36 civila

219 298 299 47 åklagarmakten
546 298 114 34 under
688 296 241 36 utarbetande
957 296 12 34 i
994 295 433 48 justitiedepartementet
1455 292 56 35 för
1540 295 52 32 att
1621 292 11 34 i
1661 294 40 33 år
1729 292 90 35 före-

217 353 126 47 läggas
373 351 201 47 stortinget.

327 406 81 35 Vad
450 408 80 32 vårt
572 405 85 34 land
700 406 112 45 angår
851 406 155 43 upptogs
1034 402 140 47 frågan,
1206 401 180 36 huruvida
1415 400 178 36 särskilda
1620 399 199 46 krigsdom-

220 460 111 35 stolar
372 458 225 36 fortfarande
638 458 113 35 borde
796 457 200 35 bibehållas
1027 468 44 24 av
1100 457 71 34 den
1200 468 44 22 av
1274 455 134 46 Kungl.
1440 454 106 48 Maj:t
1575 455 71 34 den
1678 456 16 31 1
1729 452 93 46 april

223 516 96 32 1901
365 512 155 36 tillsatta
547 511 217 36 kommittén
802 511 56 35 för
888 510 158 36 revision
1074 522 44 23 av
1147 509 212 46 strafflagen
1387 508 56 35 för
1472 507 253 48 krigsmakten
1755 506 66 35 och

219 566 263 46 förordningen
525 578 55 22 om
609 565 300 47 krigsdomstolar
939 564 66 35 och
1034 566 240 43 rättegången
1304 562 196 35 därstädes.
1558 562 14 34 I
1604 560 64 35 sitt
1697 561 71 34 den
1799 562 19 32 3

221 620 92 47 april
360 622 98 33 1905
503 619 155 46 avgivna
699 618 233 35 betänkande
975 618 145 46 yttrade
1149 616 218 35 kommittén
1396 615 151 35 sålunda
1574 614 12 35 i
1615 614 119 35 denna
1763 614 58 34 del

219 670 175 57 följande:
1386 678 2 3 |

303 780 37 32 »I
357 779 209 40 riksdagens
580 778 170 34 skrivelse
770 788 43 22 av
829 778 67 32 den
914 779 18 31 1
948 777 75 40 juni
1042 778 84 31 1901
1143 776 76 39 har,
1235 776 82 34 med
1335 776 190 39 anledning
1542 786 43 22 av
1603 776 58 32 vid
1680 785 140 22 samma

219 824 57 32 års
308 823 174 33 riksmöte
513 822 130 33 väckta
675 822 186 37 motioner,
896 821 89 32 även
1017 820 240 33 framkastats
1284 821 68 32 den
1379 820 139 39 frågan,
1546 819 175 33 huruvida
1745 817 71 32 sär-

214 868 116 32 skilda
359 867 296 39 krigsdomstolar
686 864 231 35 fortfarande
949 864 111 32 borde
1098 863 207 38 bibehållas,
1346 863 87 33 eller
1460 861 174 34 huruvida
1661 862 46 33 de
1734 860 81 38 mål,

220 922 77 22 som
320 922 46 22 nu
390 911 219 38 handläggas
631 920 43 22 av
696 910 113 37 dessa,
834 908 112 33 skulle
969 907 120 33 kunna
1113 911 88 29 utan
1227 907 113 33 skada
1364 906 215 39 överflyttas
1606 906 54 33 till
1688 906 45 33 de
1758 906 59 31 all-

221 955 131 33 männa
379 954 251 37 domstolarna,
655 952 145 34 särskilt
827 952 348 34 rådstuvurätterna.

310 1001 52 32 De
386 999 327 39 specialdomstolar
736 1000 11 32 i
770 996 184 40 brottmål,
978 1007 77 24 som
1092 998 13 32 i
1131 997 80 32 vårt
1237 997 84 32 land
1347 996 148 38 funnits,
1522 996 101 38 hava,
1652 1005 77 23 som
1758 994 58 33 be-

220 1044 99 38 kant,
345 1045 10 32 i
379 1044 194 33 allmänhet
595 1043 115 34 under
731 1053 128 23 senare
880 1041 96 33 tider
997 1041 216 33 avskaffats.
1265 1040 133 33 Därvid
1425 1041 67 32 har
1518 1040 87 33 dock
1633 1039 185 38 undantag

221 1088 115 39 gjorts
369 1087 59 34 för
457 1087 351 39 krigsdomstolarna,
840 1086 111 32 vilkas
981 1084 249 34 bibehållande
1256 1085 112 32 redan
1391 1082 286 41 lagkommittén,
1704 1093 77 23 som
1806 1082 10 32 i

221 1131 196 33 allmänhet
446 1130 191 34 förordade
665 1128 393 41 specialdomstolarnas
1079 1128 252 37 avskaffande,
1354 1127 206 39 tillstyrkte.

311 1178 53 32 De
388 1177 79 39 mål,
491 1187 75 23 som
591 1176 112 39 enligt
727 1176 64 33 vår
814 1174 204 34 nuvarande
1040 1174 231 40 lagstiftning
1296 1172 144 34 tillhöra
1464 1172 352 40 krigsdomstolarna,

223 1220 128 38 kunna,
373 1221 10 32 i
405 1223 93 30 stort
520 1223 112 36 taget,
653 1220 104 38 sägas
779 1230 88 22 vara
886 1218 135 33 sådana
1042 1218 80 38 mål,
1145 1228 77 22 som
1243 1217 93 39 angå
1356 1217 169 38 antingen
1545 1217 100 32 brott
1666 1217 11 31 i
1698 1215 120 34 ämbe-

221 1267 57 31 tet
312 1265 88 32 eller
434 1263 161 39 tjänsten
630 1263 59 33 vid
712 1261 250 41 krigsmakten
986 1260 87 34 eller
1095 1261 111 38 brott,
1231 1261 104 38 vilka,
1361 1260 124 33 fastän
1506 1260 189 39 begångna
1717 1262 101 30 utom

225 1311 165 32 ämbetet
412 1311 87 32 eller
519 1309 171 39 tjänsten,
712 1307 109 34 likväl
841 1309 67 37 äga
933 1309 54 32 ett
1021 1307 88 32 nära
1137 1306 174 33 samband
1338 1306 84 33 med
1448 1306 61 33 det
1540 1305 158 32 militära
1726 1304 93 39 tjän-

223 1353 311 34 steförhållandet.
584 1352 83 33 Med
693 1353 68 32 den
788 1350 232 39 ståndpunkt,
1054 1350 64 33 vår
1156 1349 233 40 lagstiftning
1416 1349 147 33 sålunda
1595 1349 151 39 intager,
1779 1347 41 32 är

220 1398 161 39 tydligen
411 1397 159 39 grunden
596 1396 53 33 till
675 1396 68 33 den
770 1395 175 33 särskilda
970 1393 158 34 militära
1150 1392 276 39 jurisdiktionen
1446 1395 55 30 att
1523 1391 88 34 söka
1631 1392 77 34 icke
1732 1391 86 36 däri,

223 1443 58 30 att
323 1441 232 39 lagstiftaren
596 1440 98 33 velat
737 1437 203 34 förbehålla
972 1436 280 33 militärståndet
1305 1436 116 33 såsom
1473 1435 127 34 sådant
1639 1438 58 30 ett
1737 1435 72 33 sär-

222 1485 87 33 skilt
329 1485 131 38 forum,
484 1483 218 33 annorlunda
723 1482 228 34 kvalificerat
975 1482 46 32 än
1045 1481 71 38 det,
1136 1491 77 22 som
1234 1481 112 40 gäller
1364 1481 60 32 för
1442 1480 111 33 andra
1570 1480 248 39 medborgare,

224 1533 97 35 utan,
362 1529 160 33 förutom
564 1530 9 32 i
601 1532 82 30 rent
710 1529 188 39 praktiska
923 1526 378 41 lämplighetshänsyn,
1329 1526 194 39 betingade
1550 1537 43 22 av
1621 1525 199 33 militärens

223 1573 177 33 särskilda
424 1572 250 40 tjänstgöring,
701 1573 77 32 däri
802 1576 55 29 att
881 1572 45 33 de
948 1570 157 34 militära
1126 1570 118 33 målen
1266 1572 139 30 ansetts
1426 1570 59 33 för
1505 1570 65 32 sitt
1592 1569 101 34 rätta
1715 1568 106 33 bedö-

224 1618 130 32 mande
376 1617 113 32 kräva
514 1616 75 33 icke
615 1617 94 32 blott
734 1615 222 40 lagkunskap
981 1616 88 31 utan
1093 1614 91 33 även
1207 1613 175 33 särskilda
1405 1612 157 34 militära
1584 1613 150 33 insikter
1756 1611 64 34 och

222 1662 136 32 militär
384 1662 220 33 erfarenhet.
655 1661 52 33 De
732 1660 159 33 militära
914 1658 289 34 förhållandenas
1242 1659 154 38 säregna
1436 1656 261 35 beskaffenhet
1727 1656 95 33 med-

224 1706 70 39 för,
323 1708 55 30 att
406 1706 44 32 de
477 1704 230 39 synpunkter,
733 1715 76 22 som
835 1704 59 32 vid
919 1703 104 32 dessa
1057 1702 89 33 måls
1186 1702 193 39 utredning
1406 1703 64 31 och
1502 1701 202 39 avgörande
1734 1700 89 33 böra

224 1752 105 36 tagas
354 1749 10 32 i
389 1748 251 39 betraktande,
667 1748 9 32 i
701 1748 130 37 många
853 1746 67 34 fall
945 1746 76 32 icke
1046 1746 120 32 kunna
1190 1746 85 32 fullt
1301 1745 145 33 komma
1470 1745 55 32 till
1548 1744 54 33 sin
1626 1744 87 38 rätt,
1739 1743 83 32 med

225 1795 138 32 mindre
388 1795 69 32 den
482 1793 157 33 militära
662 1791 297 40 fackkunskapen
982 1792 66 32 och
1070 1792 259 32 erfarenheten
1351 1790 121 33 därvid
1493 1790 60 33 får
1571 1789 143 34 tillfälle
1736 1792 55 30 att
1813 1788 9 32 i

222 1849 46 22 en
288 1838 88 34 eller
397 1848 115 22 annan
534 1837 94 32 form
652 1835 204 34 medverka.
899 1834 152 34 Särskilt
1069 1835 112 39 gäller
1196 1834 105 33 detta
1317 1834 10 32 i
1346 1834 133 32 sådana
1494 1834 74 37 fall,
1587 1833 64 33 där
1669 1834 70 32 den
1755 1832 67 33 till-

225 1882 139 32 talades
400 1880 232 39 brottslighet
669 1882 44 31 av
745 1881 104 38 lagen
887 1878 104 39 göres
1025 1879 180 32 beroende
1244 1889 43 21 av
1310 1878 68 32 vad
1403 1877 297 38 militärtjänsten
1725 1877 10 32 i
1761 1877 61 31 det

224 1927 278 40 ifrågavarande
525 1927 105 32 fallet
654 1927 82 32 med
762 1924 176 34 avseende
963 1925 21 32 å
1005 1923 250 41 föreliggande
1275 1923 249 33 förhållanden
1543 1934 43 22 av
1604 1923 131 33 honom
1752 1921 72 32 kan

226 1983 105 22 anses
352 1973 94 32 hava
468 1972 151 33 fordrat.
666 1971 79 33 Den
767 1970 158 33 militära
947 1970 220 39 strafflagen
1187 1970 70 32 kan
1277 1969 179 40 nämligen
1478 1968 76 34 icke
1573 1968 113 33 inlåta
1705 1968 54 39 sig
1778 1966 45 39 på

227 2018 56 30 att
308 2015 167 33 beskriva
496 2015 100 38 varje
621 2015 111 39 enligt
756 2015 209 32 densamma
989 2014 183 32 straffbar
1201 2013 173 32 förseelse
1406 2013 9 31 i
1447 2013 68 31 den
1546 2012 158 32 militära
1731 2010 93 39 tjän-

226 2061 82 30 sten
330 2059 63 32 och
419 2058 151 39 belägga
593 2058 100 38 varje
718 2057 112 33 sådan
850 2056 173 33 förseelse
1049 2057 82 32 med
1149 2056 145 32 särskilt
1313 2055 125 38 straff,
1458 2058 87 29 utan
1564 2055 117 33 måste
1700 2055 10 31 i
1731 2055 94 31 vissa

226 2102 66 33 fall
333 2102 10 31 i
385 2101 272 38 beskrivningen
690 2112 43 22 av
764 2100 140 32 brottet
934 2098 162 34 använda
1135 2099 181 39 generella
1354 2098 279 39 bestämningar,
1663 2107 76 22 som
1767 2096 57 32 vid

225 2145 124 39 lagens
383 2144 224 39 tillämpning
628 2143 203 33 förutsätta
852 2145 55 31 ett
932 2141 222 34 bedömande
1179 2152 43 22 av
1245 2142 67 32 vad
1335 2141 272 32 förhållandena
1629 2142 9 31 i
1662 2141 62 32 det
1748 2150 76 28 spe-

227 2188 102 32 ciella
353 2188 104 32 fallet
485 2198 42 22 av
552 2198 43 22 en
622 2188 67 38 god
715 2186 183 39 krigsman
922 2185 135 35 fordra.
1106 2185 64 32 Ett
1197 2185 164 38 exempel
1390 2184 112 38 härpå
1529 2184 49 38 är,
1606 2184 66 33 när
1696 2183 129 32 straff-

226 2231 106 40 lagen
375 2231 171 39 belägger
586 2231 81 32 med
708 2230 118 33 straff
867 2229 200 38 krigsmans
1091 2227 233 40 vårdslöshet,
1351 2227 259 38 försummelse,
1636 2225 189 35 oförstånd

1884 788 95 33 Krigs-

1839 824 199 33 lagstiftnings-

1855 859 170 31 kommittén.
