1934 2804
307 159 19 31 8
510 160 101 30 Andra
636 161 185 30 kammarens
838 160 141 39 första
1004 164 150 36 tillfälliga
1177 164 121 29 utskotts
1320 164 150 29 utlåtande
1492 164 47 29 Nr
1564 167 28 28 8.

310 235 172 50 varandra.
505 235 65 33 Det
594 241 35 27 är
652 237 264 39 huvudsakligen
941 239 50 32 för
1014 243 48 28 att
1085 239 148 33 undvika
1256 240 104 34 denna
1384 241 180 39 olägenhet,
1589 254 67 20 som
1679 242 122 32 hittills

310 279 12 32 i
352 280 148 39 Uppsala
528 281 38 32 de
595 281 253 39 ifrågavarande
877 284 159 32 kurserna
1065 285 139 38 förlagts
1234 285 53 33 till
1316 285 89 33 olika
1432 286 83 32 tider
1545 287 102 31 under
1676 299 124 19 samma

309 326 117 31 termin
454 330 84 28 samt
565 330 65 29 rätt
658 327 173 39 medgivits
860 328 38 32 de
927 329 194 33 studerande
1147 333 49 29 att
1224 330 146 38 undergå
1397 330 111 32 förhör
1534 331 11 31 i
1573 331 154 38 osteologi
1755 333 43 36 på

308 369 61 32 den
391 370 57 38 tid,
472 382 67 21 som
562 371 51 32 för
636 372 91 32 deras
749 372 114 38 övriga
884 373 215 32 studiearbete
1122 374 87 31 varit
1229 374 74 32 bäst
1323 375 170 38 passande.
1516 375 201 38 Härigenom
1737 375 62 32 har

308 419 81 26 även
413 415 60 31 den
499 415 144 32 fördelen
667 417 142 36 vunnits,
834 420 48 28 att
905 417 124 31 arbetet
1052 418 128 31 kunnat
1203 430 67 19 mer
1293 418 226 32 koncentreras
1544 419 101 31 under
1668 420 127 31 kurser-

310 469 50 26 na,
387 458 58 32 och
471 462 48 28 att
545 459 88 38 ledig
658 460 58 38 tid,
745 465 80 27 även
852 460 106 38 ferier,
987 461 178 39 lämpligen
1191 462 128 32 kunnat
1344 462 166 33 användas
1539 463 50 31 för
1614 463 184 32 inlärandet

308 515 42 20 av
372 503 211 33 människans
607 504 164 39 osteologi.
794 525 44 3 —
860 505 52 32 Då
935 506 105 32 denna
1062 506 182 39 anordning
1267 519 41 20 av
1330 507 166 33 studierna
1517 508 87 32 visat
1626 508 50 38 sig
1700 509 96 32 ända-

307 547 182 39 målsenlig,
513 560 93 20 anser
626 549 182 32 fakulteten
831 549 53 33 det
902 550 12 31 i
932 550 66 39 hög
1017 551 81 38 grad
1120 551 156 32 önskvärt
1297 555 49 29 att
1367 552 37 32 de
1426 564 67 26 nya
1514 552 284 33 bestämmelserna

308 594 35 30 så
365 593 155 37 avfattas,
545 597 48 28 att
615 594 38 31 de
674 594 70 32 icke
766 595 99 37 lägga
888 596 98 37 något
1007 596 115 31 hinder
1144 596 11 30 i
1177 601 105 32 vägen
1306 596 51 31 för
1379 608 38 20 en
1440 596 155 32 liknande
1616 597 181 38 anordning

306 638 11 29 i
344 637 186 31 framtiden.
557 637 71 31 Vill
655 650 74 19 man
757 639 182 37 förebygga
966 639 118 37 onödig
1109 639 188 32 tidsförlust
1323 640 51 30 för
1400 640 37 31 de
1465 641 201 36 studerande,
1695 642 100 30 måste

307 680 276 38 undervisningen
612 682 36 31 så
675 682 126 37 ordnas,
832 685 48 28 att
909 683 53 30 det
989 683 71 31 icke
1089 683 83 31 blott
1200 683 64 31 blir
1294 683 129 38 möjligt
1450 687 49 28 att
1525 685 159 36 genomgå
1712 685 84 31 båda

306 724 158 32 kurserna
487 726 43 36 på
551 737 39 19 en
613 725 58 31 och
696 737 124 20 samma
842 726 127 39 termin,
992 730 80 28 utan
1096 731 80 27 även
1201 730 48 28 att
1271 727 60 31 den
1354 739 60 21 ena
1436 728 120 31 kursen
1579 728 65 31 kan
1667 740 127 26 genom-

305 770 58 37 gås
384 769 102 32 under
507 781 109 21 senare
639 769 91 33 delen
753 783 40 19 av
815 782 38 20 en
874 770 118 32 termin
1014 771 58 31 och
1095 771 60 32 den
1177 771 101 33 andra
1298 772 102 31 under
1423 772 89 32 förra
1532 772 92 32 delen
1646 785 40 20 av
1708 777 85 28 näst-

307 814 144 38 följande
471 815 128 31 termin.
622 814 207 39 Prövningen
850 815 11 31 i
882 816 137 32 vardera
1041 820 108 28 ämnet
1170 817 101 31 måste
1293 817 56 31 ske
1369 816 11 31 i
1403 817 107 32 direkt
1531 817 190 39 anslutning
1742 818 52 31 till

306 858 120 32 kursen
453 859 58 31 och
540 859 143 32 förhöret
709 860 11 30 i
747 860 153 38 osteologi
928 860 57 31 bör
1012 860 70 32 icke
1109 873 79 20 vara
1215 861 230 38 obligatoriskt
1471 862 122 31 bundet
1620 862 55 31 vid
1701 867 92 33 pröv-

305 903 119 37 ningen
444 903 11 31 1
475 903 204 37 jämförande
700 904 152 31 anatomi.

349 947 196 39 Fakulteten
569 948 90 31 delar
681 948 53 31 till
760 949 84 31 fullo
867 949 66 32 de
930 950 221 37 sakkunniges
1175 951 226 38 uppfattning,
1427 955 48 28 att
1500 951 201 38 studerande,
1727 964 66 19 som

305 990 97 32 blivit
427 984 190 39 underkänd
644 992 11 31 i
681 992 211 38 prövningen,
921 993 11 31 i
959 994 85 37 regel
1071 994 85 32 skall
1183 1007 80 19 vara
1289 995 135 38 skyldig
1450 999 48 28 att
1523 996 85 37 ånyo
1635 997 158 36 genomgå

304 1036 226 32 motsvarande
551 1036 89 38 kurs,
664 1049 72 19 men
758 1040 48 29 att
827 1037 152 33 befrielse
999 1038 150 32 härifrån
1171 1040 11 30 i
1203 1039 89 32 vissa
1315 1039 61 32 fall
1399 1040 56 31 bör
1477 1040 113 32 kunna
1609 1040 183 53 medgivas;

304 1080 120 32 villkor
447 1080 50 32 för
520 1080 95 39 dylik
634 1063 134 56 dispens
790 1082 57 31 bör
868 1082 212 38 naturligtvis
1103 1095 88 26 vara,
1214 1087 49 28 att
1284 1084 60 31 den
1369 1084 193 32 studerande
1583 1085 42 37 på
1647 1088 45 28 ett
1714 1084 80 32 fullt

304 1124 306 33 tillfredsställande
638 1129 64 28 sätt
730 1127 188 37 genomgått
945 1127 37 31 de
1009 1127 11 30 i
1048 1128 119 31 kursen
1195 1128 158 36 ingående
1381 1128 173 37 praktiska
1580 1132 212 34 övningarna.

304 1168 61 32 Om
386 1169 179 32 emellertid
587 1170 11 30 i
621 1169 111 38 dylikt
754 1170 61 32 fall
838 1170 59 31 den
920 1171 193 32 studerande
1136 1171 29 37 ej
1189 1172 105 31 skulle
1315 1172 112 31 kunna
1449 1173 159 37 genomgå
1630 1176 76 34 nytt
1728 1173 63 31 för-

303 1213 58 31 hör
386 1213 69 31 förr
479 1218 41 26 än
544 1213 56 32 vid
624 1214 60 31 den
710 1214 161 32 ordinarie
895 1216 202 37 prövningen
1120 1216 85 31 efter
1230 1216 219 37 nästföljande
1474 1216 79 32 kurs
1579 1216 10 31 i
1614 1220 115 34 ämnet,
1757 1222 35 26 är

303 1257 52 32 det
377 1258 184 38 uppenbart
583 1261 49 29 att
653 1258 88 33 detta
764 1259 106 31 skulle
894 1259 147 32 medföra
1062 1272 38 19 en
1123 1260 149 38 betydlig
1293 1260 197 32 tidsförlust.
1513 1260 202 38 Visserligen
1739 1274 51 25 sy-

304 1313 53 21 nes
383 1302 59 32 den
469 1314 41 20 av
535 1303 204 38 sakkunnige
768 1303 185 38 föreslagna
978 1304 245 32 bestämmelsen
1248 1305 11 30 i
1286 1309 72 27 näst
1384 1305 80 32 sista
1489 1305 145 38 punkten
1661 1318 39 19 av
1727 1305 17 39 $
1773 1308 16 29 7

303 1359 95 19 mom.
425 1348 18 30 3
472 1347 203 38 möjliggöra,
703 1351 48 29 att
777 1360 38 19 en
843 1348 192 32 studerande
1060 1349 12 30 i
1100 1349 94 38 dylik
1221 1349 156 32 situation
1404 1361 114 26 genom
1545 1350 109 38 privat
1682 1350 110 32 förhör

303 1390 87 32 inför
416 1391 187 38 kompetent
628 1404 114 25 person
769 1392 131 33 skaffar
927 1392 50 38 sig
1003 1394 97 36 intyg
1126 1405 50 19 om
1202 1393 214 38 erforderliga
1441 1394 188 37 kunskaper
1656 1394 57 31 och
1739 1406 51 24 ge-

303 1447 72 19 nom
403 1435 268 32 fakultetsbeslut
695 1436 122 31 befrias
844 1436 74 31 från
943 1437 112 31 vidare
1080 1437 162 38 prövning
1265 1438 12 30 i
1304 1441 117 34 ämnet,
1448 1450 70 19 men
1545 1438 53 31 det
1623 1438 169 32 förefaller

303 1479 183 32 fakulteten
512 1479 78 32 vida
615 1480 115 38 bättre,
757 1483 49 29 att
830 1481 10 31 i
868 1480 122 32 sådana
1017 1481 61 31 fall
1105 1481 169 38 möjlighet
1300 1486 123 33 öppnas
1450 1481 52 32 till
1530 1494 37 19 en
1597 1482 192 37 »efterpröv-

302 1523 96 37 ning»
423 1523 10 31 1
458 1535 124 20 samma
605 1524 84 31 form
712 1507 58 48 och
793 1524 102 31 under
919 1524 154 32 liknande
1096 1525 141 31 kontroll
1261 1537 66 21 som
1351 1525 56 31 vid
1431 1525 59 32 den
1513 1526 161 31 ordinarie
1697 1531 92 32 pröv-

301 1567 130 37 ningen.
452 1567 198 32 Densamma
670 1568 89 31 torde
780 1568 179 37 lämpligen
980 1569 113 32 kunna
1114 1569 166 37 förläggas
1301 1569 52 31 till
1376 1569 113 36 början
1510 1582 40 19 av
1572 1570 219 37 nästföljande

301 1610 127 38 termin,
450 1611 58 31 och
530 1612 208 37 avgörandet,
762 1611 165 33 huruvida
949 1624 38 19 en
1010 1612 202 38 studerande,
1236 1624 68 20 som
1324 1613 72 31 icke
1417 1613 98 31 blivit
1535 1614 153 37 godkänd
1710 1614 83 32 efter

301 1656 244 48 genomgången
573 1656 88 37 kurs,
692 1657 53 30 må
773 1656 165 38 medgivas
967 1657 95 37 dylik
1090 1657 255 38 efterprövning,
1373 1658 58 31 bör
1459 1657 104 38 enligt
1591 1658 199 31 fakultetens

302 1699 131 38 mening
458 1678 203 64 överlämnas
687 1701 33 31 åt
745 1700 238 33 vederbörande
1010 1701 130 32 nämnd.

346 1744 74 32 Med
449 1744 60 32 den
537 1748 86 29 stora
649 1745 174 38 betydelse,
853 1758 66 20 som
947 1747 60 31 den
1037 1747 186 39 föreslagna
1248 1748 201 38 prövningen
1479 1749 106 32 skulle
1613 1749 35 31 få
1676 1749 50 31 för
1753 1749 37 31 de

301 1788 203 39 studerande,
528 1789 134 32 särskilt
683 1802 115 26 genom
819 1791 246 32 bestämmelsen
1087 1792 11 31 i
1121 1792 79 32 sista
1223 1793 146 37 punkten
1392 1805 40 20 av
1455 1792 18 39 $
1499 1795 28 37 7,
1549 1793 112 32 vilken
1684 1793 107 32 skulle

300 1838 79 33 göra
404 1834 60 31 den
490 1834 209 32 studerandes
724 1835 75 31 hela
824 1835 135 32 framtid
986 1838 10 29 i
1021 1836 67 32 viss
1115 1838 74 30 mån
1214 1837 155 32 beroende
1394 1850 41 19 av
1459 1837 135 32 utfallet
1619 1850 40 19 av
1686 1837 104 32 denna

299 1878 171 37 prövning,
497 1883 36 27 är
558 1878 52 32 det
636 1879 210 38 nödvändigt,
872 1883 48 29 att
944 1880 224 38 betryggande
1194 1881 130 38 garanti
1349 1881 141 34 skaffas,
1516 1885 48 28 att
1588 1882 201 38 prövningen

300 1921 65 32 blir
387 1922 81 31 både
494 1923 35 31 så
553 1923 158 37 grundlig
733 1924 58 31 och
816 1924 35 31 så
875 1924 116 32 rättvis
1016 1936 67 21 som
1109 1925 137 38 möjligt,
1271 1925 112 32 varför
1409 1926 221 37 sakkunniges
1656 1926 133 36 förslag,

301 1969 47 29 att
374 1966 187 32 densamma
586 1967 85 31 skall
697 1967 56 33 ske
777 1968 89 31 inför
890 1980 38 20 en
954 1981 41 20 av
1022 1969 182 32 fakulteten
1229 1969 116 32 utsedd
1370 1970 129 37 nämnd,
1528 1970 169 31 förefaller
1721 1970 68 31 väl-

300 2010 145 33 betänkt.
500 2011 254 32 Bestämmelsen
784 2016 49 28 att
864 2024 38 20 en
934 2025 40 20 av
1006 2014 177 31 nämndens
1216 2014 208 32 medlemmar
1455 2014 85 31 skall
1573 2017 217 35 representera

299 2055 141 32 kliniskt
471 2060 101 33 ämne,
606 2068 95 26 synes
733 2056 144 32 däremot
906 2057 70 32 icke
1006 2069 81 21 vara
1117 2058 162 39 behövlig,
1310 2058 208 32 alldenstund
1550 2059 37 31 de
1621 2059 167 31 förutsätt-

299 2099 118 38 ningar
440 2100 51 30 för
512 2100 194 38 deltagande
728 2100 11 31 i
763 2101 153 32 fortsatta
937 2101 200 33 medicinska
1159 2102 131 37 studier,
1313 2114 67 19 som
1403 2103 37 31 de
1463 2102 193 32 studerande
1678 2103 112 31 kunna

299 2143 207 39 ådagalägga
529 2144 103 32 under
658 2145 93 31 dessa
774 2149 70 28 rent
870 2146 347 38 naturvetenskapliga
1241 2146 124 38 kurser,
1393 2146 163 38 svårligen
1580 2147 113 33 kunna
1718 2146 72 32 visa

300 2187 51 38 sig
376 2192 100 28 annat
501 2193 42 27 än
567 2188 12 31 1
607 2189 84 31 form
717 2201 41 20 av
784 2189 62 38 god
871 2189 209 38 iakttagelse-
1107 2190 57 32 och
1190 2190 314 38 omdömesförmåga
1529 2196 84 27 samt
1637 2194 46 28 ett
1708 2190 81 33 visst

299 2232 147 32 tekniskt
472 2232 154 39 handlag,
655 2233 58 32 och
743 2234 51 31 för
822 2234 197 32 bedömande
1046 2247 41 19 av
1116 2235 92 32 dessa
1236 2235 199 38 egenskaper
1463 2235 89 32 torde
1579 2247 38 20 en
1646 2235 144 32 kliniker

299 2276 127 39 knappt
447 2289 80 20 vara
549 2289 88 21 mera
658 2278 107 38 ägnad
788 2283 41 27 än
851 2282 256 34 representanter
1131 2279 50 32 för
1204 2284 124 34 ämnen,
1354 2292 66 21 som
1443 2279 93 38 ligga
1558 2284 147 27 närmare
1729 2280 59 32 den

300 2322 167 32 allmänna
489 2322 127 32 kemien
640 2322 58 32 och
724 2323 60 31 den
807 2323 203 37 jämförande
1034 2323 194 33 anatomien.
1253 2324 55 31 Av
1331 2324 63 32 lätt
1417 2324 135 32 insedda
1575 2324 71 32 skäl
1671 2324 57 32 bör
1751 2336 38 20 en

299 2366 141 32 särskild
467 2366 121 32 nämnd
614 2367 157 32 tillsättas
801 2367 50 31 för
877 2367 201 37 prövningen
1106 2368 12 30 i
1144 2368 152 31 vartdera
1322 2372 116 33 ämnet,
1466 2368 58 32 och
1551 2368 238 32 vederbörande

298 2410 199 37 kursledare,
517 2422 69 20 som
607 2422 110 20 ensam
738 2415 36 27 är
793 2411 11 30 1
825 2411 135 32 tillfälle
982 2414 49 29 att
1050 2411 150 38 iakttaga
1221 2412 38 31 de
1282 2412 208 32 studerandes
1512 2413 102 31 under
1634 2413 39 32 de
1692 2413 96 37 prak-

297 2454 89 32 tiska
417 2454 203 38 övningarna
651 2455 206 38 ådagalagda
887 2455 281 38 kvalifikationer,
1201 2456 57 31 bör
1289 2456 104 38 enligt
1425 2456 199 32 fakultetens
1658 2456 132 38 mening

299 2511 80 20 vara
404 2499 218 37 självskriven
648 2499 141 32 ledamot
815 2512 40 19 av
881 2499 95 38 dylik
1003 2499 130 34 nämnd.
1157 2520 44 3 —
1226 2500 52 31 Då
1304 2504 46 28 ett
1374 2504 82 28 stort
1480 2501 88 31 antal
1597 2501 192 31 studerande
