1932 2804
312 169 19 31 2
516 168 103 29 Andra
643 169 184 28 kammarens
845 166 141 38 första
1010 168 152 36 tillfälliga
1185 168 121 30 utskotts
1330 168 148 29 utlåtande
1500 168 48 28 Nr
1572 169 30 27 8.

314 249 47 29 ett
380 245 261 39 framgångsrikt
659 245 163 32 utövande
841 257 40 20 av
902 245 150 31 läkarens
1072 244 129 38 viktiga
1220 244 81 32 kall.
1324 244 114 32 Skulle
1459 244 54 32 det
1531 243 179 33 emellertid
1729 255 80 21 vara

315 299 129 38 möjligt
468 302 49 29 att
539 302 81 28 utan
640 310 40 21 en
704 297 164 39 sänkning
891 310 41 20 av
956 298 60 31 den
1041 298 139 31 svenska
1203 297 359 38 läkareutbildningens
1586 297 141 32 kvalitet
1749 296 59 32 och

315 351 200 38 omfattning
535 351 191 38 genomföra
744 363 39 19 en
804 350 207 38 förkortning
1031 363 40 19 av
1091 350 195 32 studietiden
1309 350 51 31 för
1381 349 153 32 blivande
1554 350 112 31 läkare
1687 369 44 3 —
1750 349 57 32 och

315 404 89 33 vissa
428 405 156 31 inkomna
608 404 175 38 yttranden
809 405 42 37 gå
875 404 11 31 i
912 404 60 31 den
999 403 188 38 riktningen
1212 422 44 3 —
1282 407 36 27 är
1343 403 52 31 det
1420 402 175 33 utskottets
1623 403 184 36 förväntan,

316 461 49 29 att
389 459 82 31 våra
499 457 213 33 akademiska
741 457 229 39 myndigheter
997 460 80 29 utan
1106 456 195 39 ingripande
1332 456 74 31 från
1436 455 269 33 statsmakternas
1738 455 71 33 sida

316 512 92 33 skola
428 516 78 34 taga
529 512 38 32 de
588 511 155 39 initiativ,
768 523 67 20 som
857 511 186 33 tillkomma
1066 511 164 32 desamma
1252 511 43 37 på
1316 509 205 39 grundvalen
1545 523 41 20 av
1609 509 38 33 de
1671 509 139 32 svenska

316 566 248 32 universitetens
595 565 58 32 och
683 565 233 38 högskolornas
947 564 204 32 vidsträckta
1180 563 235 38 självstyrelse.
1448 563 109 32 Under
1591 564 122 31 sådana
1745 563 63 31 för-

316 619 176 32 hållanden
517 619 108 31 finner
649 618 159 32 utskottet
829 618 72 31 icke
926 618 73 31 skäl
1025 617 162 38 föreligga
1209 620 49 28 att
1281 617 172 37 tillstyrka
1477 617 105 31 denna
1606 616 51 32 del
1681 628 41 20 av
1747 628 63 19 mo-

318 672 125 32 tionens
463 671 159 39 yrkande.

362 725 76 33 Vad
462 726 177 31 motionens
668 725 102 32 andra
797 724 147 38 yrkande
970 724 163 32 beträffar
1160 723 60 32 vill
1247 723 159 32 utskottet
1433 722 187 39 framhålla,
1649 727 48 27 att
1723 722 88 32 vissa

319 779 72 32 skäl
412 779 69 31 tala
503 778 51 32 för
575 782 48 28 att
642 778 34 31 vi
698 778 102 31 under
821 778 37 31 de
880 780 163 29 närmaste
1065 777 76 31 åren
1163 777 43 32 ha
1226 780 48 28 att
1295 779 100 29 motse
1416 788 38 19 en
1476 776 272 37 överproduktion
1771 788 40 19 av

319 832 140 32 svenska
479 832 122 31 läkare.
623 831 168 32 Utskottet
811 842 93 20 anser
924 830 29 37 ej
976 834 47 28 att
1045 830 38 32 de
1104 830 138 32 svenska
1264 829 252 32 statsmakterna
1539 841 40 20 av
1599 828 121 32 sociala
1740 828 72 32 skäl

319 885 79 32 böra
423 885 127 38 reglera
573 884 277 38 tillströmningen
875 883 54 32 till
953 896 38 19 en
1017 883 70 38 kår,
1118 895 66 20 som
1212 883 184 37 rekryteras
1421 893 115 27 genom
1565 881 65 32 fria
1654 881 158 32 universi-

319 938 188 33 tetsstudier
532 938 58 32 och
613 950 70 20 som
708 938 115 32 endast
846 937 53 32 till
922 949 38 20 en
987 937 51 32 del
1066 937 67 32 står
1157 937 11 31 i
1194 940 121 28 statens
1341 935 59 32 och
1425 936 250 31 kommunernas
1701 934 112 38 tjänst.

321 992 167 32 Utskottet
507 992 66 32 kan
595 993 35 31 så
650 991 132 39 mycket
803 991 124 32 mindre
946 991 199 32 tillerkänna
1167 991 93 31 dessa
1281 990 72 32 skäl
1374 1001 39 20 en
1433 989 183 38 avgörande
1638 988 174 38 betydelse,

321 1058 67 19 som
410 1058 40 20 en
475 1045 190 38 minskning
689 1057 40 20 av
754 1044 276 38 tillströmningen
1055 1044 53 32 till
1134 1044 220 31 läkarebanan
1380 1043 61 31 lätt
1468 1054 63 26 nog
1555 1042 89 31 torde
1668 1042 147 31 medföra

323 1111 38 19 en
387 1099 84 31 ökad
495 1098 238 37 tillströmning
758 1097 52 32 till
836 1097 102 32 andra
963 1097 109 36 banor,
1101 1109 67 18 som
1197 1097 176 30 förutsätta
1397 1094 333 33 universitetsstudier
1755 1094 56 31 och

321 1151 87 32 inom
429 1151 94 33 vilka
542 1150 169 39 trängseln
731 1150 71 32 icke
825 1155 36 26 är
883 1150 124 31 mindre
1029 1153 65 28 stor
1117 1154 41 26 än
1181 1149 87 31 inom
1289 1148 224 32 läkarekåren.

366 1205 56 32 Av
441 1205 103 32 andra
562 1204 74 32 skäl
657 1204 89 32 torde
768 1204 53 31 det
840 1203 80 32 dock
941 1215 80 21 vara
1040 1202 154 38 lämpligt
1215 1206 47 28 att
1282 1206 78 34 taga
1382 1202 118 37 frågan
1521 1213 51 20 om
1593 1213 38 20 en
1654 1200 163 39 reglering

323 1271 40 19 av
389 1258 277 38 tillströmningen
693 1257 53 32 till
772 1257 38 32 de
838 1257 200 32 medicinska
1065 1256 168 32 studierna
1255 1255 102 32 under
1384 1255 171 37 allvarligt
1581 1254 235 38 övervägande.

322 1312 65 32 Det
404 1312 90 31 torde
515 1323 81 20 vara
614 1310 134 39 tydligt,
772 1313 48 29 att
839 1309 276 38 undervisningen
1136 1309 64 32 blir
1221 1309 130 32 lidande
1372 1320 51 20 om
1444 1308 53 32 det
1516 1307 214 38 tillgängliga
1751 1319 64 20 ma-

322 1365 129 32 terialet
472 1364 58 32 och
554 1365 39 31 de
616 1363 214 39 tillgängliga
853 1363 277 32 lärarekrafterna
1151 1362 71 32 icke
1247 1365 164 29 motsvara
1434 1361 37 32 de
1492 1361 92 37 krav,
1611 1372 67 20 som
1704 1360 114 31 ställas

323 1430 115 27 genom
462 1418 38 32 de
525 1417 156 33 medicine
706 1416 209 33 studerandes
941 1416 100 32 antal.
1066 1416 72 32 Den
1163 1415 210 38 möjligheten
1398 1426 97 27 synes
1519 1414 70 32 icke
1613 1413 103 32 heller
1738 1425 81 20 vara

323 1472 173 38 utesluten,
523 1475 48 29 att
593 1472 81 32 våra
697 1470 201 33 medicinska
919 1469 223 33 institutioner
1167 1470 101 31 måste
1293 1468 154 38 utvidgas
1470 1468 57 32 och
1553 1467 123 33 antalet
1700 1467 118 32 lärare-

323 1526 129 32 krafter
477 1525 56 32 vid
560 1526 81 32 våra
669 1524 201 32 medicinska
898 1524 177 32 fakulteter
1100 1523 89 37 ökas,
1218 1523 71 31 med
1315 1522 130 38 hänsyn
1471 1522 53 31 till
1551 1521 58 32 den
1640 1525 86 28 stora
1752 1520 66 32 till-

325 1579 222 38 strömningen
569 1590 41 20 av
632 1578 157 32 medicine
811 1577 203 37 studerande,
1036 1580 80 28 utan
1139 1580 48 28 att
1210 1576 92 32 dessa
1321 1576 82 31 krav
1426 1576 43 37 på
1492 1574 196 33 statsverket
1707 1574 114 31 kunna

326 1632 172 32 motiveras
524 1643 115 26 genom
663 1643 39 20 en
728 1631 226 31 motsvarande
979 1630 124 37 ökning
1128 1641 40 20 av
1194 1629 189 32 samhällets
1408 1627 104 33 behov
1538 1640 41 20 av
1604 1639 67 26 nya
1694 1627 124 31 läkare-

325 1685 138 32 krafter.
494 1685 54 32 En
582 1684 221 39 begränsning
834 1696 40 20 av
904 1682 278 39 tillströmningen
1212 1682 89 32 torde
1334 1682 97 31 också
1462 1681 114 32 kunna
1604 1680 147 32 medföra
1782 1692 38 19 en

327 1738 209 38 förkortning
559 1750 41 20 av
624 1737 206 33 studietiden.
855 1736 202 38 Visserligen
1081 1736 60 32 har
1167 1736 117 37 frågan
1308 1747 50 20 om
1382 1746 39 20 en
1445 1733 221 39 begränsning
1690 1746 41 19 av
1754 1733 66 31 till-

328 1791 221 38 strömningen
576 1791 53 31 till
656 1791 222 32 läkarebanan
906 1790 58 31 och
992 1789 185 32 metoderna
1206 1788 51 32 för
1284 1800 38 19 en
1349 1788 95 38 dylik
1473 1786 221 39 begränsning
1723 1786 98 31 redan

328 1844 91 32 förut
436 1844 87 32 varit
542 1844 137 31 föremål
701 1843 50 32 för
770 1842 185 39 utredning,
976 1842 45 32 bl.
1042 1854 28 20 a.
1091 1842 11 31 i
1122 1842 53 31 det
1194 1840 204 33 betänkande
1417 1840 165 38 angående
1601 1839 89 33 vissa
1711 1839 113 38 frågor

328 1910 53 19 om
410 1897 60 33 den
499 1897 201 33 medicinska
728 1895 285 39 undervisningen,
1046 1907 68 20 som
1145 1895 60 32 den
1233 1895 40 31 31
1306 1893 165 33 december
1502 1894 83 31 1919
1616 1904 123 27 avgavs
1769 1892 53 32 till

329 1951 127 38 Kungl.
482 1950 102 39 Maj:t
609 1963 41 20 av
676 1950 135 32 särskilt
836 1949 185 33 tillkallade
1046 1948 219 38 sakkunniga.
1291 1948 53 31 En
1369 1947 67 32 viss
1462 1946 222 39 begränsning
1709 1951 35 26 är
1772 1946 51 31 för

328 2004 109 39 övrigt
459 2004 98 33 redan
580 2016 45 20 nu
645 2004 202 38 genomförd.
868 2003 53 32 Då
944 2002 213 38 meningarna
1178 2001 178 33 emellertid
1379 2001 11 31 i
1412 2000 90 32 vissa
1522 2000 178 32 avseenden
1724 2011 99 26 synas

328 2070 81 20 vara
433 2058 111 32 delade
568 2058 58 31 och
649 2058 42 31 då
715 2056 249 33 förhållandena
986 2056 44 38 på
1050 2056 90 32 vissa
1161 2055 142 38 punkter
1324 2066 101 26 synas
1447 2054 44 32 ha
1512 2053 117 32 ändrat
1652 2053 51 37 sig
1726 2053 97 31 sedan

329 2111 143 33 nämnda
492 2110 176 39 utredning
688 2110 137 38 gjordes,
849 2109 89 33 torde
958 2110 52 31 det
1032 2121 80 21 vara
1134 2108 171 32 motiverat
1326 2110 48 29 att
1395 2110 79 35 taga
1495 2107 119 37 frågan
1635 2106 101 32 under
1760 2105 63 31 för-

331 2168 83 35 nyat
432 2165 235 38 övervägande.

376 2218 167 33 Utskottet
566 2230 93 20 anser
684 2217 50 39 sig
756 2217 97 32 alltså
877 2217 79 32 böra
977 2216 174 38 tillstyrka
1172 2215 162 32 motionen
1357 2215 11 31 i
1393 2214 105 32 denna
1520 2214 61 31 del.

374 2272 48 32 På
442 2271 107 39 grund
571 2284 40 20 av
632 2271 65 32 vad
718 2271 138 32 sålunda
878 2270 124 32 anförts
1025 2270 52 31 får
1097 2269 159 32 utskottet
1277 2267 182 39 hemställa,

683 2380 48 30 att
753 2377 102 32 andra
874 2377 189 31 kammaren
1085 2376 51 32 för
1158 2375 50 32 sin
1229 2375 51 32 del
1303 2375 98 32 måtte
1423 2374 136 37 besluta,
1584 2376 49 30 att
1652 2372 173 38 riksdagen

643 2431 61 33 vill
723 2431 11 32 i
754 2431 156 32 skrivelse
928 2431 54 31 till
1002 2430 127 38 Kungl.
1148 2429 101 38 Maj:t
1267 2428 134 33 anhålla
1418 2431 48 29 att
1485 2427 126 38 Kungl.
1631 2426 100 38 Maj:t
1748 2426 79 31 ville

641 2486 69 31 låta
728 2485 115 32 utreda
863 2485 118 38 frågan
1000 2483 166 33 huruvida
1185 2483 57 32 och
1262 2483 11 31 i
1290 2483 64 32 vad
1375 2482 75 31 mån
1469 2481 54 32 det
1540 2481 67 33 kan
1625 2493 80 20 vara
1724 2481 101 37 lämp-
