1846 2782
272 155 21 29 6
596 158 388 34 Jordbruksutskottets
1006 163 178 32 utlåtande
1206 174 42 20 nr
1268 166 20 28 8
1308 166 40 29 år
1370 167 80 29 1961

278 237 98 31 blivit
397 240 38 29 så
454 240 79 30 hårt
554 242 155 38 pressad,
731 245 50 28 att
802 244 71 29 han
891 263 44 3 —
956 247 85 29 även
1063 248 79 29 med
1162 248 195 31 beaktande
1380 260 40 20 av
1442 251 125 31 sådant
1589 253 87 34 stöd,
1698 263 75 21 som

274 287 73 30 han
371 289 105 39 enligt
500 290 113 32 beslut
638 302 41 20 av
705 293 83 29 1960
813 294 58 30 års
894 295 141 41 riksdag
1060 298 137 31 erhållit
1222 300 82 28 eller
1329 301 70 29 kan
1424 302 132 30 erhålla
1580 303 10 29 i
1616 304 89 29 form
1732 314 41 20 av

276 336 252 41 kreditgaranti
549 342 64 29 och
633 342 372 41 betalningslättnader
1024 365 45 3 —
1088 347 54 30 får
1163 358 101 21 anses
1285 350 45 30 ha
1351 352 189 30 avsevärda
1561 353 213 40 svårigheter

277 390 51 27 att
353 389 113 30 betala
493 392 130 35 räntor,
650 394 264 40 amorteringar,
942 398 171 29 arrenden
1141 399 64 29 och
1232 400 111 30 andra
1371 402 153 39 utgifter,
1553 404 220 40 nödvändiga

276 436 54 30 för
352 438 147 32 driftens
522 441 242 32 fortsättande.
788 445 66 29 För
876 448 49 27 att
947 447 106 39 syftet
1074 449 79 29 med
1174 449 166 41 bidragen
1363 451 71 30 inte
1457 453 88 29 skall
1568 453 144 33 förfelas
1735 456 38 29 är

276 487 57 30 det
353 489 117 30 vidare
493 500 42 20 av
557 492 127 30 största
706 494 85 34 vikt,
814 497 50 28 att
885 496 167 40 bidragen
1073 498 11 29 i
1091 497 56 31 de
1169 500 160 30 enskilda
1351 501 107 30 fallen
1480 504 146 39 avväges
1650 504 47 35 så,
1720 507 51 28 att

275 537 42 30 de
336 538 157 33 kommer
515 543 50 28 att
586 541 167 33 innebära
773 554 42 20 en
837 546 131 40 verklig
989 547 99 40 hjälp
1109 548 55 32 för
1184 549 40 30 de
1247 551 154 29 sökande
1423 554 49 28 att
1494 553 163 31 fortsätta
1677 555 95 39 jord-

273 586 253 34 bruksdriften.

318 637 218 42 Prövningen
555 651 42 21 av
616 644 285 40 ansökningarna
918 646 62 30 bör
998 648 10 29 i
1028 649 150 40 enlighet
1197 650 78 30 med
1293 651 389 37 jordbruksnämndens
1702 655 69 31 för-

273 687 74 40 slag
365 689 257 33 omhänderhas
643 703 41 20 av
702 703 42 20 en
764 695 95 30 inom
878 697 96 39 varje
993 698 320 33 lantbruksnämnd
1334 703 142 31 särskilt
1495 704 124 31 tillsatt
1637 705 134 41 delega-

271 736 73 31 tion
365 740 79 29 med
464 740 134 32 biträde
620 752 42 21 av
682 753 42 20 en
746 748 241 36 representant
1009 748 55 31 för
1085 749 448 44 hushållningssällskapet.
1557 755 212 40 Sällskapets

273 788 213 32 sekreterare
516 792 98 30 torde
644 794 119 30 därför
793 796 239 42 regelmässigt
1061 799 84 30 böra
1173 801 81 40 ingå
1283 802 11 29 i
1323 803 251 39 delegationen.
1605 806 65 30 Vid
1700 806 67 30 den

269 839 227 41 granskning,
517 851 75 21 som
613 844 286 40 ansökningarna
917 848 62 29 bör
999 849 243 36 underkastas,
1262 852 63 30 bör
1344 853 11 29 i
1375 853 151 40 enlighet
1547 856 77 29 med
1645 857 122 29 nämn-

269 888 87 30 dens
379 889 140 41 förslag,
542 892 10 29 i
576 892 67 30 den
665 896 244 40 utsträckning
933 897 37 30 så
991 898 160 32 befinnes
1173 901 170 40 lämpligt,
1367 903 148 31 kontakt
1537 904 121 31 kunna
1681 914 86 31 upp-

270 939 98 38 tagas
395 940 78 30 med
498 960 44 2 —
569 942 153 31 förutom
749 945 424 35 lantbruksnämndernas
1199 953 205 29 ortsombud
1430 971 44 4 —
1497 954 133 39 jämväl
1657 956 111 30 andra

269 989 80 29 med
376 990 41 29 de
443 991 92 30 olika
562 995 140 28 orterna
725 995 56 30 väl
808 995 180 41 förtrogna
1014 1007 166 31 personer
1205 1001 64 29 och
1297 1002 227 31 kommunala
1552 1004 214 31 förtroende-

268 1039 94 33 män,
382 1039 96 31 vilka
496 1041 64 30 bör
580 1043 136 31 lämnas
738 1045 138 31 tillfälle
897 1047 137 40 deltaga
1054 1049 11 29 i
1087 1050 270 41 granskningen.
1380 1052 126 31 Vidare
1528 1054 62 30 bör
1611 1055 42 30 de
1674 1055 92 39 tjän-

269 1090 136 29 stemän
428 1090 64 31 hos
518 1091 459 45 hushållningssällskapen,
1004 1107 74 21 som
1104 1100 202 31 medverkat
1330 1102 12 29 i
1367 1111 43 20 en
1435 1103 252 31 förberedande
1712 1107 53 28 ut-

267 1139 148 40 redning
441 1149 56 21 om
526 1142 304 32 skördeskadorna
857 1146 83 30 eller
966 1147 101 40 eljest
1093 1148 64 30 har
1184 1151 152 29 särskild
1362 1152 305 36 lokalkännedom,
1695 1155 69 30 del-

270 1189 88 38 taga.

311 1238 49 30 De
380 1240 161 31 närmare
561 1243 199 38 grunderna
781 1245 54 29 för
855 1245 356 43 bidragsprövningen
1232 1250 65 30 och
1318 1251 55 30 för
1393 1251 242 42 fördelningen
1655 1264 42 20 av
1716 1255 50 30 bi-

266 1287 242 41 dragsmedlen
527 1291 63 30 bör
607 1293 79 30 med
704 1295 264 40 utgångspunkt
987 1297 80 30 från
1087 1308 46 20 nu
1153 1300 150 39 angivna
1320 1301 233 42 huvudregler
1573 1304 191 32 fastställas

266 1347 42 20 av
325 1339 125 40 Kungl.
468 1342 105 39 Maj:t
590 1343 92 35 eller,
699 1344 89 31 efter
806 1347 125 39 Kungl.
950 1348 123 39 Maj:ts
1091 1349 288 41 bemyndigande,
1397 1362 42 20 av
1455 1353 309 42 lantbruksstyrel-

265 1396 60 21 sen
348 1389 88 31 efter
456 1390 157 32 hörande
635 1402 42 21 av
697 1394 372 39 jordbruksnämnden
1093 1399 63 30 och
1178 1400 226 39 jordbrukets
1429 1403 334 42 förhandlingsdele-

264 1438 128 38 gation.

308 1523 67 30 För
400 1523 275 43 finansieringen
700 1538 41 19 av
765 1530 67 30 den
858 1530 196 42 föreslagna
1080 1533 409 41 bidragsverksamheten
1513 1538 62 30 bör
1600 1539 126 30 liksom
1751 1541 11 29 i

263 1571 108 40 några
391 1574 166 31 liknande
579 1576 61 31 fall
662 1578 147 40 tidigare
830 1580 39 30 år
890 1581 121 31 kunna
1032 1585 98 37 tagas
1151 1584 11 29 i
1183 1586 154 38 anspråk
1358 1587 93 30 vissa
1471 1588 64 30 hos
1555 1589 207 39 jordbruks-

261 1623 178 30 nämnden
460 1626 215 41 tillgängliga
694 1638 80 20 men
796 1631 95 31 ännu
912 1632 30 39 ej
966 1632 229 40 disponerade
1217 1636 179 32 allmänna
1415 1639 123 29 medel.
1559 1640 64 39 Jag
1645 1639 116 32 finner

260 1672 72 39 mig
351 1673 147 32 sålunda
516 1676 85 31 böra
620 1677 137 38 föreslå,
779 1682 50 28 att
848 1680 51 30 till
920 1681 206 41 förfogande
1146 1684 53 32 för
1218 1686 268 31 verksamheten
1505 1689 11 29 i
1536 1689 110 31 första
1664 1690 96 31 hand

260 1723 119 30 ställes
400 1727 48 27 ett
468 1725 123 41 belopp
613 1737 42 21 av
677 1728 38 30 10
736 1730 165 39 miljoner
921 1732 129 32 kronor
1071 1743 42 21 av
1133 1735 56 31 det
1209 1736 178 31 överskott
1408 1747 41 21 av
1470 1739 290 41 införselavgifts-

260 1774 113 29 medel
404 1775 93 30 inom
528 1777 420 45 jordbruksregleringen,
979 1792 75 21 som
1087 1786 220 38 uppkommit
1339 1788 111 30 under
1480 1790 278 40 treårsperioden

261 1822 359 39 1956/57-—1958/59.
643 1829 67 29 För
732 1830 268 32 verksamheten
1022 1834 62 31 bör
1106 1835 118 30 vidare
1247 1837 11 28 i
1281 1837 111 30 andra
1414 1838 94 31 hand
1532 1841 111 29 medel
1667 1841 90 32 intill

257 1874 50 28 ett
329 1873 124 41 belopp
475 1886 42 20 av
541 1877 39 29 10
603 1879 164 39 miljoner
791 1881 129 30 kronor
943 1884 120 29 ställas
1086 1885 52 29 till
1161 1886 206 40 förfogande
1391 1897 41 21 ur
1455 1889 40 29 de
1519 1891 111 32 under
1652 1893 105 39 regle-

258 1922 171 40 ringsåret
451 1926 146 36 1960/61
619 1928 155 33 influtna
792 1932 84 29 eller
893 1932 196 41 inflytande
1108 1935 342 42 införselavgifterna
1468 1940 46 39 på
1531 1940 225 39 jordbrukets

258 1973 153 30 område.
440 1975 116 41 Enligt
584 1977 80 32 från
689 1979 371 39 jordbruksnämnden
1089 1986 110 29 under
1226 1986 95 31 hand
1349 1988 202 33 inhämtade
1580 1992 176 39 uppgifter

258 2022 174 32 beräknas
459 2028 48 27 ett
535 2027 177 32 överskott
739 2039 44 21 av
809 2031 296 41 införselavgifter
1133 2036 109 30 under
1270 2038 96 30 detta
1393 2038 38 30 år
1458 2040 47 29 bli
1532 2037 221 49 disponibelt,

258 2073 107 29 sedan
391 2075 41 29 de
458 2076 118 40 övriga
602 2079 365 40 regleringsändamål,
994 2083 94 31 vilka
1114 2085 69 29 kan
1210 2095 101 22 anses
1338 2088 84 30 böra
1446 2089 202 40 tillgodoses
1673 2093 80 30 med

256 2124 112 29 medel
389 2124 82 30 från
496 2127 107 38 sagda
626 2128 306 41 införselavgifter,
956 2132 97 32 blivit
1078 2135 126 29 täckta.

299 2173 68 29 För
390 2176 50 28 att
462 2176 207 40 möjliggöra
693 2181 49 27 att
766 2182 240 37 nyssnämnda
1029 2183 124 40 belopp
1177 2187 214 30 omedelbart
1416 2189 87 30 skall
1528 2190 121 31 kunna
1673 2193 81 29 stäl-

254 2221 53 31 Jas
333 2223 52 30 till
411 2224 216 41 förfogande,
654 2228 60 31 bör
739 2229 371 39 jordbruksnämnden
1136 2235 227 42 bemyndigas
1389 2240 50 28 att
1465 2239 212 33 förskottera
1703 2252 48 21 er-

255 2272 188 42 forderliga
470 2275 124 41 belopp
623 2287 41 20 ur
693 2279 215 42 tillgängliga
936 2282 390 42 införselavgiftsmedel
1354 2289 45 39 på
1426 2289 225 39 jordbrukets
1680 2302 72 21 om-

254 2322 92 29 råde.
367 2324 134 40 Frågan
523 2335 56 22 om
601 2326 79 31 från
700 2329 117 31 vilken
839 2331 81 30 eller
940 2332 93 31 vilka
1055 2344 42 20 av
1118 2335 40 31 de
1179 2336 93 30 olika
1293 2346 172 30 grenarna
1486 2350 42 20 av
1548 2343 203 40 reglerings-

252 2373 268 32 verksamheten
538 2376 414 43 införselavgiftsmedlen
972 2383 54 30 för
1044 2384 266 40 ifrågavarande
1329 2389 162 31 ändamål
1511 2391 133 41 slutligt
1662 2394 89 29 skall

252 2423 108 39 tagas,
378 2424 61 30 bör
457 2427 145 38 avgöras
620 2428 87 30 efter
724 2431 172 40 prövning
914 2442 41 20 av
974 2433 266 33 förhållandena
1258 2437 96 30 inom
1372 2440 96 38 varje
1487 2441 150 31 särskild
1656 2451 93 31 gren.
