2108 2664
325 232 52 31 10
833 217 263 50 Lag-Utskottets
1125 222 169 32 Utlåtande
1317 212 65 40 N:o
1406 220 28 31 9.

339 312 190 38 allmänna
558 308 272 52 gudstjensten
858 305 91 38 eller
965 304 111 50 eljest
1090 303 56 37 till
1160 298 335 53 undergräfvande
1513 297 41 39 af
1565 296 230 51 religionens
1810 291 130 53 helgd,

341 364 200 38 ankomme
582 364 50 47 på
671 357 233 53 kyrkorådet
946 362 54 32 att
1041 356 138 37 honom
1222 352 177 51 förbjuda
1434 356 54 32 att
1514 350 12 36 i
1553 348 162 39 berörda
1743 346 197 51 egenskap

338 416 101 37 inom
468 413 276 48 församlingen
771 410 128 37 vidare
928 407 199 51 uppträda.

464 465 105 38 Hvar
597 478 79 23 som
706 461 245 39 föranstaltar
980 463 41 34 så
1049 458 193 38 beskaffad
1263 455 310 48 sammankomst,
1590 453 156 36 hvarom
1762 464 51 24 nu
1827 449 115 49 sagdt

341 525 51 43 är,
423 522 20 33 å
469 517 67 49 tid,
578 516 48 37 då
667 515 74 38 den
783 514 31 49 ej
858 513 121 37 hållas
1016 514 70 46 må,
1117 510 91 37 eller
1237 513 20 33 å
1285 508 119 38 sådan
1431 506 54 38 tid
1514 504 125 38 dertill
1667 503 176 50 upplåter
1871 502 71 36 hus

341 571 91 37 eller
459 568 219 38 underlåter
708 572 54 31 att
791 565 111 37 ställa
931 564 59 48 sig
1016 562 57 38 till
1102 560 254 39 efterrättelse
1383 556 214 52 kyrkoråds
1625 554 137 39 förbud
1791 559 79 31 mot
1884 559 59 31 ut-

346 621 164 39 öfvande
553 619 41 38 af
631 616 380 48 lärareverksamhet,
1052 614 87 37 böte
1172 613 86 36 från
1286 611 71 37 och
1384 609 87 38 med
1499 607 146 38 Femtio
1673 606 57 38 till
1758 605 70 38 och
1856 603 87 38 med

344 674 74 36 Tre
463 672 149 36 hundra
651 669 200 37 Riksdaler
890 667 211 48 Riksmynt,
1133 664 57 38 till
1217 662 201 38 tväskiftes
1447 660 162 38 emellan
1639 658 206 49 åklagaren
1873 656 71 37 och

344 723 295 48 församlingens
671 719 148 48 fattiga.
874 717 147 37 Saknar
1049 716 73 36 den
1157 714 168 37 bötfälde
1360 713 167 47 tillgång
1553 711 58 35 till
1638 711 169 45 böterna,
1837 708 108 36 skola

345 775 46 37 de
419 772 221 40 förvandlas
667 770 57 39 till
751 769 175 50 fängelse
954 767 97 38 efter
1080 779 145 25 samma
1251 763 181 51 grunder,
1461 775 79 24 som
1569 760 103 50 gälla
1693 758 58 38 för
1766 756 178 39 förvand-

345 827 81 48 ling
455 825 40 37 af
520 825 107 36 böter
655 822 120 48 enligt
801 818 435 50 Utsöknings-Balken.>

471 876 133 37 Denna
644 872 229 49 författning
913 870 82 38 blef
1019 867 209 40 emellertid
1255 867 82 36 icke
1365 862 263 40 beståndande
1656 862 134 48 längre
1819 866 49 31 än
1894 860 51 36 tio

350 933 51 33 år.
455 927 131 37 Redan
626 925 61 37 vid
732 925 93 36 1867
871 926 59 33 års
971 921 156 48 riksdag
1169 917 184 39 framlade
1387 916 208 47 Utskottet,
1624 912 85 38 med
1739 911 208 49 anledning

348 980 42 37 af
413 979 113 37 väckt
553 977 143 38 motion
723 976 11 35 i
763 980 138 42 ämnet,
930 973 145 48 förslag
1103 986 58 22 om
1192 970 73 36 den
1294 968 163 49 ändring
1483 967 12 36 i
1523 964 300 48 författningen,
1842 968 66 42 att,
1937 962 10 36 i
1986 975 6 10 >

349 1031 127 38 stället
503 1030 58 37 för
589 1028 65 38 det
682 1026 174 38 absoluta
883 1024 178 38 förbudet
1090 1029 77 30 mot
1195 1019 355 48 andaktsöfningar,
1571 1023 92 31 utan
1679 1014 181 38 särskildt
1873 1013 74 37 till-

348 1082 123 49 stånd,
502 1085 19 33 å
547 1080 57 38 tid
632 1080 48 36 då
709 1078 139 37 allmän
875 1076 220 49 gudstjenst
1122 1075 11 35 i
1161 1071 277 49 församlingen
1465 1067 242 49 förrättades,
1729 1065 139 38 förbud
1883 1078 63 23 en-

347 1135 87 36 dast
474 1132 121 38 skulle
637 1129 194 39 meddelas
864 1134 79 31 mot
976 1127 118 38 sådan
1123 1122 300 49 andaktsöfning
1452 1125 20 34 å
1498 1119 167 39 nämnda
1692 1118 66 50 tid,
1787 1120 42 34 så
1855 1121 94 33 nära

348 1185 65 37 det
453 1184 121 47 ställe,
616 1182 66 36 der
723 1180 269 49 gudstjensten
1029 1178 133 47 hölles,
1205 1181 54 31 att
1292 1174 125 36 denna
1454 1173 91 36 eller
1572 1170 215 48 ordningen
1814 1167 133 37 dervid

349 1235 159 38 stördes.
561 1232 202 49 Förslaget
807 1230 128 38 bifölls
977 1228 41 38 af
1054 1228 135 37 Första
1229 1225 243 47 Kammaren,
1513 1228 92 32 utan
1645 1220 188 49 votering,
1861 1231 88 24 men

348 1287 130 37 Andra
505 1285 232 37 Kammaren
765 1281 145 38 fattade
945 1281 58 36 för
1031 1280 57 37 gin
1116 1279 61 37 del
1206 1277 86 37 med
1320 1278 46 36 85
1391 1281 122 32 röster
1541 1279 78 32 mot
1647 1275 59 46 42,
1735 1271 129 37 hvilka
1891 1283 57 23 se-

348 1351 91 24 nare
466 1350 91 24 voro
585 1336 59 36 för
674 1333 227 48 återremiss,
930 1332 64 36 det
1021 1331 137 47 beslut,
1186 1334 77 32 »att
1290 1328 74 36 den
1391 1325 241 49 författning,
1661 1337 59 23 om
1749 1323 115 36 hvars
1885 1334 64 24 an-

348 1388 167 51 tagande
543 1387 197 37 Utskottet
764 1384 191 47 hemstält,
972 1382 128 48 borde,
1115 1382 12 35 i
1144 1380 127 37 stället
1286 1379 59 36 för
1360 1378 75 37 den
1451 1376 41 38 af
1504 1376 196 38 Utskottet
1717 1373 231 48 föreslagna,

350 1439 143 38 erhålla
532 1437 169 50 följande
733 1435 162 50 lydelse:
929 1433 267 37 »Medlemmar
1225 1430 42 37 af
1291 1425 484 52 Evangeliskt-Lutherska
1801 1424 149 49 kyrkan

350 1504 89 24 vare
472 1490 33 49 ej
536 1489 164 37 förment
728 1490 48 46 på
802 1485 129 37 hvilka
957 1485 109 47 tider,
1096 1483 46 37 de
1171 1481 137 51 sjelfva
1335 1481 103 35 finna
1464 1478 187 49 lämpligt,
1681 1482 54 31 att
1762 1487 189 25 samman-

350 1543 154 35 komma
530 1540 57 37 till
614 1550 286 38 gemensamma
918 1534 343 47 andaktsöfningar
1275 1538 93 30 utan
1382 1528 286 39 vederbörande
1684 1525 268 52 presterskaps

352 1591 244 38 omedelbara
623 1589 187 48 ledning».
865 1586 126 38 Sedan
1019 1583 223 49 emellertid,
1265 1585 48 46 på
1328 1581 217 38 Utskottets
1562 1577 240 48 hemställan,
1822 1575 132 37 Andra

350 1643 233 37 Kammaren
610 1641 170 48 frångått
809 1639 64 36 sitt
900 1638 101 36 förut
1028 1635 147 39 fattade
1203 1634 126 37 beslut
1357 1637 99 32 samt
1482 1636 93 31 utan
1603 1628 176 49 votering
1807 1626 146 49 antagit

353 1694 215 38 Utskottets
596 1691 158 48 förslag,
784 1695 99 32 samt
909 1688 241 48 Riksdagens
1179 1684 160 39 sålunda
1367 1682 145 38 fattade
1540 1681 126 37 beslut
1687 1680 12 36 i
1713 1677 241 48 underdånig

353 1744 200 38 skrifvelse
581 1743 74 36 den
684 1744 20 34 6
732 1741 75 49 Maj
839 1742 94 35 1867
964 1739 123 36 blifvit
1116 1736 169 39 anmäldt
1306 1735 70 36 hos
1390 1733 140 49 Kongl.
1546 1732 117 49 Maj:t,
1681 1734 41 33 så
1736 1728 217 38 förklarade

352 1796 139 48 Kongl.
520 1795 117 48 Maj:t,
662 1792 151 51 jemlikt
841 1791 116 48 nådig
986 1789 200 37 skrifvelse
1214 1787 74 37 den
1317 1788 44 35 31
1391 1784 210 38 December
1631 1783 107 47 1867,
1768 1786 66 43 att,
1863 1784 91 32 enär

352 1847 58 37 för
438 1848 105 35 detta
570 1844 167 49 förslags
764 1841 244 51 upphöjande
1036 1840 56 37 till
1120 1840 65 48 lag
1204 1836 242 40 erfordrades
1472 1835 245 49 kyrkomötes
1746 1831 208 49 samtycke,

352 1911 88 24 men
479 1897 139 48 Kongl.
661 1895 107 49 Maj:t
804 1894 83 36 icke
915 1893 58 36 för
1002 1892 118 37 andra
1148 1889 167 38 ärenden
1342 1887 167 37 beslutat
1537 1882 351 40 sammankallande
1918 1881 42 37 af

354 1949 137 37 sådant
518 1953 100 32 möte
648 1947 80 36 före
757 1951 112 31 nästa
896 1943 168 48 riksdag,
1095 1948 98 31 samt
1209 1939 179 50 gällande
1404 1938 65 49 lag
1484 1935 204 50 medgåfve
1705 1940 54 32 att
1774 1932 182 39 särskildt

352 1999 173 38 tillstånd
552 1998 127 37 kunde
707 1998 146 36 lemnas
881 1995 57 37 till
966 1993 176 38 hållande
1172 1992 41 37 af
1225 1991 144 38 sådana
1384 1988 354 46 sammankomster,
1756 1998 80 24 som
1847 1984 109 36 Riks-

355 2051 146 49 dagens
529 2049 147 49 förslag
705 2048 132 48 afsåge
867 2052 54 31 att
947 2045 134 48 tillåta,
1111 2047 41 34 så
1172 2043 98 37 hade
1282 2040 139 50 Kongl.
1437 2039 118 49 Maj:t,
1572 2051 80 24 som
1670 2041 126 33 ansett
1811 2048 146 24 samma
1997 2060 2 2 -

355 2102 167 49 förslags
551 2099 217 50 antagande
797 2099 33 48 ej
859 2111 92 23 vara
980 2096 41 37 af
1046 2096 75 36 den
1149 2092 294 51 angelägenhet,
1473 2096 55 31 att
1554 2089 226 50 kyrkomöte
1808 2091 149 32 ensamt

355 2153 59 37 för
442 2153 125 36 denna
594 2152 111 47 fråga
732 2150 118 36 borde
879 2146 309 49 sammankallag,
1215 2144 127 37 funnit
1370 2142 142 48 skäligt
1534 2140 78 37 låta
1625 2138 241 49 Riksdagens
1882 2136 76 37 för-

357 2204 84 49 slag
468 2202 163 39 förfalla.

481 2253 73 39 Vid
585 2254 95 37 1868
710 2255 60 34 års
797 2250 158 49 riksdag
983 2248 184 50 förnyade
1194 2245 222 50 Riksdagen
1442 2244 12 36 i
1483 2242 66 39 allt
1575 2239 291 50 hufvudsakligt
1893 2238 66 37 sitt

358 2306 103 38 förra
490 2305 137 48 beslut,
657 2304 82 48 och,
769 2302 118 38 sedan
916 2301 113 37 äfven
1059 2301 95 36 1868
1185 2302 59 33 års
1271 2295 226 51 kyrkomöte
1511 2293 144 37 lemnat
1671 2292 65 38 sitt
1751 2289 208 52 samtycke,
