2236 2622
647 181 334 38 Bevillningsutskottets
1004 179 190 30 Betänkande
1217 178 61 30 N:o
1303 178 53 29 32.
1779 171 39 30 21

221 265 131 36 drades
395 264 87 36 eller
522 264 43 47 ej.
622 262 54 36 De
716 261 197 49 principer,
952 272 78 23 som
1073 271 134 37 genom
1241 258 97 36 1872
1366 257 56 35 års
1451 254 219 49 kungörelse
1698 265 126 24 vunno

220 320 118 47 insteg
366 319 11 34 i
405 317 64 37 vår
498 315 245 50 lagstiftning,
773 322 63 29 äro
853 313 99 37 hvad
973 312 113 49 angår
1105 310 315 51 postabonnerade
1439 308 199 49 tidningar,
1654 305 170 50 följande.

332 372 70 36 Vid
446 370 298 50 prenumeration
791 369 38 35 af
870 367 145 49 tidning
1057 379 133 36 genom
1223 364 228 49 postverkets
1479 361 143 48 försorg
1650 362 174 47 erlägges,

222 425 165 37 förutom
416 421 440 53 prenumerationsafgift,
886 434 44 23 en
959 420 155 36 särskild
1144 420 11 35 i
1184 420 71 35 viss
1273 422 150 44 procent
1442 415 40 37 af
1499 415 326 50 prenumerations-

223 481 115 47 priset
381 478 187 37 beräknad
606 475 111 51 afgift
746 475 56 37 för
831 473 282 50 postbefordran
1142 473 40 35 af
1208 472 202 48 tidningen.
1459 468 229 38 Sistnämnda
1716 466 110 50 afgift

223 532 144 50 uppgår
395 532 59 36 för
483 531 229 37 närvarande
739 530 58 35 till
827 531 48 35 20
905 533 151 43 procent
1083 526 41 36 af
1150 524 427 51 prenumerationspriset
1595 521 58 37 för
1671 521 156 48 tidning,

223 599 79 24 som
330 586 213 36 utkommer
571 597 80 23 mer
679 591 45 28 än
754 596 45 23 en
827 584 97 47 gång
951 583 12 33 i
992 580 152 45 veckan,
1175 580 69 35 och
1276 580 46 35 10
1350 581 151 45 procent
1529 575 39 37 af
1593 588 141 24 samma
1753 574 75 49 pris

225 640 56 36 för
308 640 156 48 tidning,
492 652 77 23 som
599 638 212 36 utkommer
840 649 44 22 en
917 634 97 50 gång
1041 636 12 34 i
1082 634 141 37 veckan
1251 633 93 36 eller
1372 630 143 37 mindre
1543 628 89 38 ofta.
1688 628 138 36 Vidare

224 695 118 35 finnas
378 694 12 35 i
434 692 169 37 afseende
632 691 47 49 på
712 687 474 52 postbefordringsafgiften
1215 685 285 44 bestämmelser,
1531 689 56 30 att
1615 684 210 34 densamma

225 748 80 35 icke
333 746 61 36 må
423 746 202 48 öfverstiga
653 746 95 35 vissa
776 744 149 48 belopp,
955 742 181 36 beroende
1166 742 47 47 på
1231 740 210 48 tidningens
1461 736 220 51 ytinnehåll,
1707 734 121 37 äfven-

225 814 78 23 som
340 799 200 46 föreskrift,
570 802 54 33 att
651 797 58 37 för
737 798 94 36 hvar
859 797 97 48 gång
980 794 296 50 prenumeration
1303 794 82 35 sker
1412 804 133 37 genom
1574 795 129 44 posten
1732 793 95 45 post-

225 852 387 51 befordringsafgiften
655 852 81 36 icke
765 850 59 36 må
852 849 213 49 understiga
1092 849 90 35 visst
1213 848 146 48 belopp,
1389 848 48 35 20
1467 852 70 29 öre.
1592 842 235 38 Sistnämnda

226 908 255 36 bestämmelse
522 905 96 37 afser
660 905 114 36 bland
804 909 114 30 annat
946 908 54 31 att
1027 901 241 44 förekomma,
1298 906 54 30 att
1379 899 134 37 sådana
1551 897 199 49 tidningar,
1773 895 55 36 för

227 962 124 36 hvilka
378 957 428 53 prenumerationsafgift
834 958 78 35 icke
941 955 118 50 utgår,
1088 955 114 36 varda
1231 966 130 37 genom
1383 959 145 43 postens
1547 951 144 48 försorg
1710 948 118 38 befor-

226 1015 110 37 drade
369 1021 90 30 utan
502 1013 154 37 särskild
685 1009 351 51 befordringsafgift.
1092 1009 55 36 De
1181 1007 112 37 ofvan
1321 1006 194 37 anmärkta
1542 1003 198 51 afgifterna
1769 1016 60 23 om

229 1071 48 36 20
319 1081 92 36 resp.
454 1069 46 37 10
534 1072 153 44 procent
723 1065 41 36 af
794 1063 433 51 prenumerationspriset
1246 1062 111 35 hafva
1384 1060 94 50 gällt
1506 1059 106 36 sedan
1643 1057 41 37 år
1716 1059 111 36 1884.

227 1122 91 36 Före
347 1122 101 36 detta
476 1121 40 36 år
544 1134 90 23 voro
663 1118 278 50 ifrågavarande
970 1118 151 48 afgifter
1149 1115 113 50 något
1289 1115 123 49 högre,
1443 1113 117 49 enligt
1587 1112 129 49 kungl.
1738 1111 92 36 kun-

227 1177 167 48 görelsen
431 1177 70 34 den
538 1178 20 33 2
589 1175 73 47 maj
698 1175 112 37 1879.
868 1170 263 38 Dessförinnan
1167 1170 156 48 utgingo
1352 1166 196 51 afgifterna
1577 1165 84 37 med
1690 1176 141 25 samma

228 1230 136 49 belopp
405 1242 79 23 som
523 1241 60 23 nu.
639 1228 81 35 Den
758 1227 164 47 höjning,
965 1237 78 23 som
1086 1224 136 36 beslöts
1264 1222 40 36 år
1336 1222 111 42 1879,
1476 1220 93 36 hade
1597 1220 57 35 sin
1682 1218 108 36 orsak
1818 1219 13 33 i

227 1283 63 36 det
330 1283 143 35 mindre
513 1293 243 38 gynnsamma
797 1278 239 37 ekonomiska
1065 1277 165 42 resultat,
1263 1275 243 48 poströrelsen
1539 1274 141 35 lämnat
1714 1271 117 36 under

228 1349 125 24 senare
382 1334 143 38 hälften
553 1334 42 36 af
624 1334 212 38 1870-talet.

335 1389 17 37 I
393 1388 167 37 afseende
602 1387 48 50 på
692 1387 262 47 utvecklingen
983 1384 40 36 af
1048 1384 230 48 postverkets
1305 1380 312 49 tidningsrörelse,
1646 1377 96 38 efter
1770 1377 62 37 det

233 1445 98 36 1883
362 1442 55 38 års
445 1443 216 49 kungörelse
690 1440 100 37 trädt
818 1441 12 35 i
858 1438 113 45 kraft,
999 1437 139 37 tillåter
1167 1437 55 48 sig
1246 1436 181 36 utskottet
1455 1434 149 35 hänvisa
1622 1433 60 35 till
1707 1432 44 36 de
1770 1431 62 37 två

229 1497 179 49 diagram,
430 1497 127 36 hvilka
580 1496 12 35 i
620 1494 148 50 aftryck
796 1501 65 29 äro
890 1493 101 36 detta
1020 1490 229 38 betänkande
1265 1489 159 49 bilagda.
1466 1486 55 37 Af
1543 1487 103 36 dessa
1665 1486 167 48 diagram

229 1550 177 50 framgår,
450 1550 192 45 hurusom,
670 1547 322 50 tidningsrörelsen
1028 1546 12 34 i
1073 1544 169 37 afsevärd
1283 1543 90 48 grad
1406 1542 113 35 ökats.
1577 1540 129 48 Enligt
1734 1538 99 37 hvad

230 1604 241 49 diagrammet
508 1617 57 22 n:o
599 1605 15 34 1
648 1602 152 44 utvisar,
829 1600 221 37 beräknades
1083 1598 41 36 år
1157 1600 99 35 1884
1301 1597 140 35 antalet
1463 1607 133 37 genom
1622 1593 212 49 postverket

228 1657 311 48 prenumererade
567 1656 191 48 exemplar
790 1654 41 35 af
856 1654 187 47 tidningar
1070 1652 62 36 till
1163 1653 47 35 28
1241 1650 198 43 millioner,
1468 1648 68 36 och
1556 1647 40 36 år
1619 1648 98 36 1902
1740 1645 93 37 hade

231 1711 119 35 denna
392 1710 100 36 siffra
525 1709 79 36 nått
638 1722 76 35 upp
743 1708 61 35 till
832 1714 90 29 nära
956 1707 71 36 150
1061 1705 196 35 millioner.
1306 1703 153 36 Antalet
1486 1701 251 47 årsexemplar
1778 1704 55 31 ut-

231 1764 129 48 gjorde
402 1763 38 36 år
487 1765 98 35 1884
630 1763 168 43 277,000
841 1760 68 36 och
955 1758 40 37 år
1032 1760 95 36 1901
1170 1780 50 4 —
1250 1756 120 49 någon
1399 1753 149 51 uppgift
1576 1753 58 36 för
1662 1752 40 36 år
1733 1754 98 35 1902

233 1819 115 35 finnes
377 1824 98 28 ännu
498 1817 78 35 icke
597 1838 49 4 —
672 1814 102 37 öfver
800 1814 217 44 1,000,000.

339 1870 64 38 Ser
445 1883 86 22 man
572 1869 78 36 åter
683 1868 47 49 på
771 1867 229 49 postverkets
1036 1866 201 35 inkomster
1279 1862 40 37 af
1359 1861 321 49 tidningsrörelsen
1718 1858 117 37 under

233 1926 118 35 denna
380 1924 64 45 tid,
480 1924 120 36 finner
632 1935 98 31 man,
762 1926 55 31 att
854 1921 101 36 dessa
983 1918 204 50 ingalunda
1215 1916 55 37 stå
1297 1917 12 35 i
1337 1917 155 35 relation
1521 1915 60 35 till
1611 1914 70 36 den
1719 1912 116 36 ökade

233 1978 169 36 rörelsen.
458 1977 259 35 Inkomsterna
751 1997 49 4 —
830 1974 82 36 med
942 1975 141 47 hänsyn
1111 1972 129 36 endast
1267 1971 58 35 till
1353 1969 325 48 tidningsrörelsen
1709 1988 38 4 —
1782 1968 55 33 ut-

234 2031 127 49 gjorde
403 2030 42 35 år
494 2031 96 36 1884
635 2030 169 43 214,000
848 2028 136 34 kronor
1012 2026 67 35 och
1106 2024 40 36 år
1179 2026 95 35 1901
1318 2045 40 4 —
1391 2020 147 50 uppgift
1566 2023 57 33 för
1664 2019 40 36 år
1735 2020 99 36 1902

235 2085 129 35 saknas
392 2090 99 28 ännu
520 2104 49 4 —
601 2082 170 43 563,000
802 2081 144 34 kronor.
1003 2078 71 35 Det
1101 2078 98 35 visar
1227 2077 55 47 sig
1309 2075 148 43 således,
1486 2079 54 30 att
1567 2073 160 35 rörelsen
1748 2078 89 29 växt

235 2136 184 36 afsevärdt
438 2135 138 36 fortare
597 2142 46 28 än
662 2134 260 35 inkomsterna.
963 2130 57 37 Då
1039 2126 516 53 postbefordringsafgifterna
1576 2134 61 28 äro
1658 2123 179 38 beroende

236 2189 45 50 på
322 2189 252 48 tidningarnas
607 2183 482 53 prenumerationsafgifter,
1124 2182 164 49 framgår
1317 2180 108 37 häraf
1451 2179 119 45 äfven,
1598 2183 67 40 att,
1695 2177 47 50 på
1770 2182 71 31 sätt

236 2255 140 25 samma
418 2242 166 49 diagram
619 2241 142 48 jämväl
792 2239 153 41 utvisar,
974 2238 100 35 dessa
1103 2249 127 24 senare
1260 2236 78 35 icke
1381 2234 115 36 heller
1528 2233 108 36 vuxit
1664 2232 12 34 i
1705 2229 135 38 förhål-
