2232 2612
395 181 16 27 6
835 182 339 39 Bevillningsutskottets
1197 185 189 29 Betänkande
1408 186 58 30 N:o
1491 187 54 29 32.

1146 326 19 49 $
1195 329 35 35 5.

499 428 413 53 Generalpoststyrelsen
954 433 230 36 tillkommer
1218 439 55 31 att
1305 434 168 36 meddela
1502 435 44 36 de
1575 435 310 49 ordningsregler,
1913 448 76 23 som

393 481 59 37 för
495 483 153 49 behörig
689 485 235 49 tillämpning
956 484 41 37 af
1022 486 45 37 de
1096 488 66 35 här
1190 486 112 38 ofvan
1331 487 102 51 gifna
1462 487 226 37 föreskrifter
1716 489 128 35 kunna
1872 490 118 35 finnas

392 534 267 53 erforderliga.»

504 744 139 50 Frågan
673 759 60 23 om
763 748 155 48 ändring
946 750 38 34 af
1012 762 51 22 nu
1091 749 169 49 gällande
1295 749 270 36 bestämmelser
1594 749 10 35 i
1633 749 99 35 detta
1761 755 107 30 ämne
1899 763 90 35 upp-

393 798 86 35 kom
513 799 61 35 vid
615 802 96 35 1899
746 799 56 38 års
832 802 148 49 riksdag
1008 815 132 36 genom
1170 816 42 23 en
1254 802 46 36 då
1327 805 111 34 väckt
1466 803 149 44 motion,
1645 807 54 31 att
1727 805 75 33 rätt
1830 803 57 35 till
1912 815 78 36 pre-

391 853 230 36 numeration
651 853 61 37 vid
741 856 216 47 postanstalt
992 855 21 36 å
1041 856 70 35 den
1145 861 66 40 ort,
1240 856 66 36 där
1333 856 191 49 tidningen
1553 855 170 50 utgifves,
1755 857 106 35 äfven
1891 856 97 49 finge

393 904 155 38 omfatta
576 906 199 50 tidningar,
805 921 78 23 som
913 910 191 35 utkomma
1132 910 106 48 högst
1256 909 62 37 två
1341 909 136 50 gånger
1495 911 13 34 i
1527 910 148 37 veckan.
1717 909 271 37 Lokalabonne-

393 971 111 37 mang
545 973 132 35 genom
719 963 228 46 postverkets
988 962 142 50 försorg
1163 963 56 36 får
1260 964 186 48 nämligen
1479 964 80 35 icke
1587 964 62 35 ske
1677 962 20 36 å
1724 963 159 49 tidning,
1911 976 76 23 som

393 1013 211 37 utkommer
632 1027 76 23 mer
736 1022 46 29 än
810 1028 44 23 en
883 1016 96 49 gång
1007 1016 12 35 i
1048 1017 149 35 veckan.

499 1066 73 37 Vid
618 1068 270 49 behandlingen
930 1070 99 35 inom
1070 1071 160 34 nämnda
1267 1069 55 36 års
1350 1070 179 48 Riksdags
1558 1070 365 48 bevillningsutskott
1951 1070 40 36 af

392 1120 156 36 berörda
596 1122 136 35 motion
774 1121 130 50 ansågs
941 1123 130 48 nödigt
1099 1128 55 30 att
1181 1121 57 37 för
1268 1122 147 50 frågans
1442 1123 228 37 bedömande
1700 1122 139 37 erhålla
1868 1124 120 36 utred-

392 1174 88 49 ning
508 1187 60 23 om
598 1175 45 35 de
671 1175 113 36 ökade
813 1176 206 45 kostnader,
1050 1189 78 23 som
1157 1176 68 36 den
1254 1176 205 50 föreslagna
1491 1176 261 50 förändringen
1783 1177 119 36 skulle
1931 1177 57 36 för

394 1228 209 47 postverket
646 1227 172 37 medföra.
875 1229 17 36 I
924 1229 200 49 anledning
1166 1230 103 36 häraf
1310 1230 125 36 inkom
1475 1231 409 49 generalpoststyrelsen
1929 1231 58 35 till

396 1281 177 36 utskottet
603 1282 82 36 med
714 1283 197 47 utredning
938 1284 12 34 i
978 1289 125 30 ämnet
1119 1284 67 35 och
1204 1284 146 49 yttrade
1371 1284 10 35 i
1401 1284 267 49 sammanhang
1692 1284 161 44 därmed,
1874 1285 112 35 bland

394 1341 120 39 annat,
559 1340 65 40 att,
669 1335 46 36 då
757 1336 201 49 anspråken
1001 1339 46 46 på
1080 1338 209 48 postverket
1317 1338 81 35 med
1426 1336 169 38 afseende
1624 1337 20 36 å
1672 1338 80 35 dess
1780 1337 207 49 befattning

394 1388 83 36 med
505 1389 323 49 tidningsrörelsen
857 1391 68 35 allt
953 1403 100 24 mera
1082 1391 143 45 ökades,
1254 1404 82 23 men
1366 1392 161 35 däremot
1555 1392 68 35 allt
1642 1404 102 23 mera
1763 1391 226 48 aflägsnades

394 1442 237 48 möjligheten
659 1441 57 38 för
743 1445 214 47 postverket
984 1449 56 31 att
1067 1443 267 37 tillfredsställa
1362 1445 99 35 dessa
1493 1444 159 49 anspråk
1685 1450 88 30 utan
1803 1445 185 36 anlitande

394 1494 40 37 af
471 1496 118 35 andra
626 1497 201 35 inkomster
868 1505 45 27 än
947 1497 93 45 dem,
1069 1510 91 33 som,
1192 1498 81 35 med
1303 1498 237 48 tillämpning
1568 1499 38 35 af
1634 1498 171 48 gällande
1834 1499 153 35 bestäm-

395 1549 139 42 melser,
562 1549 125 36 inflöte
715 1549 40 36 af
776 1550 161 36 nämnda
964 1552 144 44 rörelse,
1138 1551 62 36 det
1219 1551 90 36 ville
1328 1563 108 37 synas
1454 1552 421 50 generalpoststyrelsen,
1910 1565 77 23 som

394 1615 60 22 om
497 1602 101 37 tiden
641 1603 123 36 kunde
802 1616 87 24 vara
929 1605 84 35 inne
1046 1603 57 37 för
1136 1607 56 34 att
1215 1604 221 37 underkasta
1464 1604 311 50 författningarna
1804 1605 185 50 angående

395 1657 227 48 postverkets
656 1656 296 50 tidningsrörelse
994 1670 44 24 en
1080 1658 168 45 revision,
1292 1658 170 37 särskildt
1503 1660 12 35 i
1542 1659 105 49 fråga
1675 1672 61 23 om
1764 1659 222 48 grunderna,

395 1709 91 37 efter
514 1710 129 36 hvilka
672 1711 227 48 postverkets
927 1712 203 49 ersättning
1158 1711 55 37 för
1241 1713 76 35 dess
1343 1713 124 48 bestyr
1486 1713 84 35 med
1590 1713 398 49 tidningsprenumera-

393 1764 77 35 tion
512 1763 216 37 hädanefter
770 1765 113 36 borde
923 1766 192 44 beräknas;
1144 1766 66 35 och
1240 1765 163 37 uttalade
1431 1767 409 48 generalpoststyrelsen
1873 1768 115 34 såsom

395 1817 52 35 sin
476 1816 255 51 öfvertygelse,
760 1823 54 31 att
842 1817 107 38 äfven
978 1818 128 50 frågan
1136 1832 60 23 om
1224 1819 126 36 vidare
1378 1820 255 48 utsträckning
1660 1820 41 36 af
1725 1821 152 36 svenska
1897 1826 93 42 post-

394 1871 146 36 verkets
568 1871 212 49 skyldighet
807 1877 57 30 att
892 1875 162 46 mottaga
1084 1873 395 48 lokalprenumeration
1508 1873 21 36 å
1556 1873 94 36 vissa
1669 1873 186 49 tidningar
1875 1874 114 36 borde

394 1924 126 36 ställas
548 1925 11 34 i
588 1925 177 36 samband
794 1926 83 36 med
906 1938 44 24 en
977 1925 110 37 sådan
1116 1927 165 36 revision.

502 1978 129 36 Denna
686 1980 427 49 generalpoststyrelsens
1159 1980 217 36 hemställan
1427 1979 214 37 föranledde
1686 1981 207 48 Riksdagen
1936 1986 55 30 att

395 2032 12 34 i
449 2032 189 36 skrifvelse
680 2031 40 36 af
759 2032 67 37 den
859 2035 47 36 29
936 2034 96 48 april
1065 2036 99 36 1899
1194 2033 159 45 anhålla,
1382 2039 53 30 att
1462 2035 142 48 Kungl.
1633 2034 101 48 Maj:t
1762 2037 115 34 måtte
1905 2040 85 43 taga

397 2085 117 36 under
533 2084 244 51 ompröfning,
797 2087 185 36 huruvida
1002 2088 78 35 skäl
1110 2087 122 37 kunde
1273 2086 198 39 förefinnas
1512 2090 55 33 att
1604 2087 216 36 föranstalta
1852 2101 60 23 om
1945 2101 44 23 en

396 2139 156 36 revision
594 2138 39 36 af
660 2140 167 48 gällande
856 2140 225 49 stadganden
1111 2140 186 49 angående
1338 2140 353 37 tillhandahållande
1733 2141 41 36 af
1802 2142 189 48 tidningar

395 2205 134 35 genom
571 2194 227 46 postverkets
827 2192 140 51 försorg
995 2199 96 31 samt
1118 2195 57 35 till
1204 2195 204 47 Riksdagen
1438 2195 189 35 inkomma
1656 2195 82 35 med
1768 2195 61 36 det
1857 2194 134 48 förslag

396 2247 12 33 i
438 2246 154 36 berörda
617 2247 213 45 hänseende,
855 2248 150 36 hvartill
1030 2247 278 37 förhållandena
1336 2248 121 36 kunde
1485 2248 200 36 föranleda.
