2222 2626
458 123 17 30 6
845 127 354 42 Bevillningsutskottets
1222 131 207 32 Betänkande
1452 133 63 32 N:o
1539 135 49 30 14.

753 247 208 37 Formalin:

816 315 13 34 i
856 316 145 47 lösning
1037 345 6 6 .
1086 346 7 6 .
1136 347 6 5 .
1186 347 7 6 .
1240 348 3 6 .
1288 348 6 6 .
1338 349 6 6 .
1412 325 16 32 1
1460 322 180 49 kilogram
1698 326 33 33 0:
1755 326 46 34 20

816 366 11 33 i
855 365 71 36 fast
953 367 94 36 form
1086 396 6 6 .
1136 397 6 6 .
1186 397 6 6 .
1236 398 6 6 .
1287 398 6 6 .
1338 400 5 5 .
1412 374 70 34 100
1509 374 136 35 kronor
1674 376 57 34 20:
1752 394 48 4 —

547 463 70 36 Till
658 465 81 35 stöd
776 465 58 36 för
862 467 153 36 berörda
1042 468 139 49 förslag
1208 471 66 35 har
1301 472 40 35 af
1365 474 226 36 motionären
1619 476 179 35 användts
1828 490 42 22 en
1899 482 40 32 så
1965 480 56 47 ly-

412 513 117 36 dande
558 515 237 49 motivering:

545 564 89 36 >Vid
665 567 95 35 1903
789 570 58 33 års
875 569 148 47 riksdag
1050 571 127 35 väckte
1200 572 67 48 jag
1294 585 45 23 en
1367 577 39 32 så
1431 575 160 47 lydande
1619 577 154 35 motion:
1828 577 135 38 ”Under
1981 583 40 32 år

415 615 93 34 1902
537 615 66 35 har
629 616 61 35 vid
719 616 181 49 Dösjöbro
927 619 41 35 af
992 621 156 35 skånska
1174 622 638 53 bomullskrutfabriksaktiebolaget
1842 630 8 34 i
1881 629 138 37 Lands-

411 665 113 35 krona
564 665 123 37 blifvit
730 668 202 49 uppbyggd
972 683 46 23 en
1058 671 119 36 fabrik
1217 672 60 36 för
1315 675 237 48 tillverkning
1579 676 40 36 af
1644 676 257 51 formaldehyd
1928 682 91 34 eller

410 714 183 44 formalin,
623 716 107 36 äfven
761 719 121 36 kallad
909 719 147 37 formol.
1111 722 187 37 Formalin
1326 732 40 28 är
1392 731 53 29 ett
1464 727 148 48 mycket
1629 729 187 35 verksamt
1835 730 183 37 desinfek-

410 766 227 44 tionsmedel,
679 780 79 24 som
801 775 75 30 rätt
915 771 164 36 användt
1111 772 116 36 dödar
1255 775 73 35 alla
1355 776 352 46 sjukdomsbaciller,
1737 781 97 34 såval
1862 780 155 46 difteri-,

409 815 185 36 tuberkel-
634 819 66 34 och
741 819 396 47 mjältbrandsbaciller
1177 836 77 23 som
1298 824 131 48 öfriga.
1483 827 16 35 I
1539 829 170 35 utlandet
1750 829 66 36 har
1842 829 174 38 formalin

409 865 126 36 därför
562 869 133 34 vunnit
722 882 44 23 en
796 872 145 46 mycket
969 878 77 29 stor
1072 874 238 49 användning
1337 876 61 35 vid
1426 877 274 49 decinficiering
1713 879 42 36 af
1770 881 133 36 sådana
1921 882 94 36 loka-

408 917 64 42 ler,
502 917 101 36 hvari
630 919 131 36 vistats
791 933 182 35 personer,
1002 923 193 36 behäftade
1222 926 84 35 med
1334 927 263 37 smittosamma
1625 929 225 47 sjukdomar.

540 967 185 37 Formalin
754 970 246 37 förekommer
1027 973 76 36 dels
1131 975 8 34 i
1169 976 159 47 lösning,
1357 977 169 37 hållande
1552 979 99 36 intill
1680 982 45 34 35
1747 980 20 36 å
1786 983 47 34 40
1852 979 162 55 procent,

406 1017 67 34 och
513 1017 77 37 dels
621 1019 12 34 i
661 1018 74 37 fast
763 1020 109 37 form.
926 1022 178 37 Råämnet
1131 1024 125 37 därför
1284 1034 41 28 är
1351 1029 162 46 träsprit.
1569 1030 110 48 Dylik
1708 1032 93 47 sprit
1828 1033 187 36 tillverkas

406 1068 12 34 i
445 1071 81 31 vårt
556 1068 86 36 land
670 1076 96 30 samt
794 1071 64 35 har
884 1072 125 36 blifvit
1036 1077 94 32 åsatt
1157 1088 46 22 en
1230 1077 71 34 tull
1328 1077 41 35 af
1393 1080 47 33 30
1468 1086 63 29 öre
1558 1093 66 34 per
1650 1081 86 35 kilo.
1791 1082 182 37 Formalin
2002 1085 13 34 i

406 1118 146 48 lösning
591 1119 131 49 drager
762 1123 203 35 emellertid
999 1124 129 36 endast
1154 1138 43 22 en
1227 1127 72 34 tull
1327 1127 41 35 af
1394 1131 43 32 15
1467 1136 150 41 procent
1644 1131 38 35 af
1705 1132 138 44 värdet,
1874 1133 139 37 hvilket

405 1175 40 27 är
486 1168 256 50 ungefärligen
786 1174 17 33 1
847 1173 116 35 krona
1004 1187 65 35 per
1101 1176 192 48 kilogram,
1327 1178 145 36 hvadan
1504 1181 116 35 tullen
1649 1181 47 35 då
1722 1182 129 36 endast
1877 1184 136 36 blifver

408 1220 42 33 15
493 1225 72 29 öre.
619 1220 70 36 För
729 1221 319 50 framställningen
1091 1225 40 36 af
1170 1228 71 34 100
1283 1228 73 35 kilo
1397 1231 259 49 35-procentig
1691 1227 322 60 formalinlösning

404 1272 84 43 åtgå
528 1270 155 46 ungefär
725 1274 46 34 70
813 1273 73 36 kilo
926 1276 163 47 träsprit.
1135 1276 60 36 Nu
1224 1278 125 35 kunde
1375 1280 124 35 tullen
1519 1284 21 32 å
1566 1283 152 47 träsprit
1746 1283 197 45 nedsättas,
1973 1289 39 32 så

403 1324 54 29 att
498 1319 69 36 den
602 1323 232 36 motsvarade
862 1325 213 36 nuvarande
1101 1328 118 34 tullen
1247 1332 46 44 på
1321 1328 375 50 formalinlösningen,
1727 1346 82 23 men
1838 1338 46 44 på
1911 1335 101 36 detta

403 1375 73 30 sätt
503 1370 118 37 skulle
652 1371 461 51 formalintillverkningen
1138 1378 102 35 inom
1264 1379 124 36 landet
1415 1381 79 36 icke
1521 1382 147 36 komma
1695 1389 53 30 att
1776 1385 144 46 åtnjuta
1948 1386 62 36 det

403 1420 160 48 ringaste
591 1423 130 48 skydd,
751 1424 68 35 och
847 1425 116 36 skulle
991 1426 109 36 äfven
1127 1429 158 48 skyddet
1305 1430 158 36 minskas
1483 1432 56 35 för
1557 1430 450 58 träsprittillverkningen.

401 1470 51 35 På
479 1472 123 45 grund
630 1473 109 36 häraf
763 1475 105 36 torde
896 1477 116 35 tullen
1040 1481 47 44 på
1112 1480 151 46 träsprit
1292 1480 87 35 böra
1406 1481 202 38 bibehållas
1635 1485 12 34 i
1676 1486 46 34 30
1750 1492 62 29 öre
1839 1499 65 35 per
1923 1487 84 43 kilo,

401 1521 66 35 och
495 1521 58 36 för
579 1522 321 51 formalinlösning
927 1527 81 35 med
1038 1541 43 22 en
1110 1529 78 35 halt
1214 1529 42 36 af
1279 1531 99 35 intill
1406 1534 47 34 40
1482 1539 150 41 procent
1655 1535 118 35 tullen
1792 1536 218 38 bestämmas

401 1571 56 35 till
485 1572 211 38 densamma
724 1588 80 23 som
832 1575 58 37 för
916 1579 153 46 träsprit
1095 1580 89 34 eller
1212 1582 47 34 30
1283 1588 61 29 öre
1373 1595 63 34 per
1462 1583 85 36 kilo.
1602 1584 108 36 Hvad
1737 1586 176 37 beträffar
1931 1587 78 36 for-

401 1622 114 35 malin
554 1623 12 34 i
606 1623 73 37 fast
718 1624 110 44 form,
869 1634 40 28 är
939 1628 283 50 tillverkningen
1251 1631 108 36 däraf
1382 1645 97 23 mera
1507 1634 250 48 komplicerad
1785 1638 66 35 och
1879 1638 130 36 värdet

401 1672 144 48 mycket
572 1674 181 37 beroende
781 1676 41 36 af
846 1677 67 36 den
942 1677 107 46 form,
1079 1680 148 36 hvaruti
1255 1682 209 37 formalinet
1490 1684 151 47 bringas
1669 1686 64 36 och
1762 1687 94 37 föres
1883 1689 12 34 i
1920 1688 88 36 han-

400 1722 95 36 deln.
549 1723 51 36 På
637 1727 124 44 grund
803 1727 105 36 häraf
931 1729 106 35 torde
1063 1731 116 35 tullen
1207 1731 61 36 för
1291 1733 100 35 detta
1417 1741 106 29 ämne
1550 1736 125 35 kunna
1703 1737 219 36 bestämmas
1950 1739 57 35 till

401 1774 44 33 25
474 1781 152 39 procent
654 1775 41 36 af
719 1777 152 36 värdet.

532 1824 420 51 Bevillningsutskottet,
983 1830 58 35 till
1068 1830 139 37 hvilket
1234 1832 119 37 denna
1378 1834 137 36 motion
1535 1836 227 44 hänvisades,
1782 1844 121 42 yttrar
1922 1839 82 36 med

398 1873 198 47 anledning
622 1875 42 36 af
687 1877 213 37 densamma
926 1880 112 35 bland
1066 1888 111 29 annat
1204 1882 179 48 följande:
1413 1884 295 48 ”Ifrågavarande
1731 1895 118 36 ämne,
1869 1888 136 37 forma-

398 1924 62 42 lin,
494 1925 171 37 hänföres
698 1928 13 34 i
738 1929 492 49 tullbehandlingsafseende
1259 1934 58 35 till
1346 1935 342 38 kemiskt-tekniska
1718 1945 223 42 preparater,
1969 1941 33 47 ej

397 1976 265 44 specificerade,
693 1979 116 35 andra
837 1981 88 47 slag,
954 1981 13 34 i
995 1980 92 48 följd
1114 1983 133 36 hvaraf
1271 1986 71 34 tull
1370 1985 88 36 därå
1485 1990 110 44 utgår
1621 1988 82 36 med
1734 1991 43 34 15
1799 1996 150 41 procent
1967 1990 40 36 af

396 2025 137 36 värdet.
587 2027 55 36 Då
668 2028 103 36 detta
789 2037 105 29 ämne
914 2031 80 36 icke
1013 2032 115 36 finnes
1145 2033 13 35 i
1176 2034 361 38 införselstatistiken
1562 2039 264 46 specificeradt,
1846 2041 71 34 kan
1935 2041 68 34 im-

396 2081 128 38 porten
553 2077 108 36 däraf
682 2080 82 35 icke
793 2080 210 49 uppgifvas.

530 2126 183 38 Formalin
746 2129 250 39 förekommer
1027 2132 78 37 dels
1132 2134 13 35 i
1171 2135 158 47 lösning,
1358 2136 168 36 hållande
1552 2139 100 35 intill
1679 2141 48 34 40
1755 2145 162 41 procent,
1933 2141 67 35 och

396 2174 76 36 dels
500 2176 12 34 i
539 2176 74 37 fast
640 2178 99 36 form
768 2186 94 30 samt
889 2187 122 43 utgör,
1039 2187 120 32 såsom
1188 2186 231 36 motionären
1438 2188 67 35 ock
1524 2188 149 44 erinrat,
1693 2194 53 30 ett
1764 2190 237 49 synnerligen
