1876 2784
269 152 39 30 30
624 156 402 41 Bevillningsutskottets
1053 161 218 32 betänkande
1296 173 43 20 nr
1365 165 51 32 66.

268 236 94 30 olika
397 239 139 29 orterna
559 241 51 27 att
633 240 138 39 vidtaga
794 242 227 40 erforderliga
1046 246 382 39 omändringsarbeten.
1466 249 109 30 Tiden
1600 251 55 30 för
1679 253 95 30 över-

269 279 135 38 gången
424 289 101 29 synes
545 281 90 31 dock
656 282 119 30 kunna
795 284 131 30 räknas
947 285 10 28 i
978 286 47 29 år.

312 321 59 29 Ett
400 322 351 41 restitutionssystem
778 326 107 39 enligt
914 329 202 29 nuvarande
1143 330 204 31 förfarande
1375 334 97 28 torde
1500 334 54 29 för
1582 335 191 32 framtiden

267 363 44 29 ha
332 372 137 22 samma
489 365 222 40 möjligheter
730 368 51 29 till
803 369 153 30 kontroll
977 379 73 21 som
1071 372 57 29 det
1150 372 63 30 har
1233 373 54 30 för
1308 376 122 37 dagen.
1451 376 204 33 Kontrollen
1675 380 97 29 torde

267 406 86 28 även
375 406 122 30 kunna
517 408 147 39 skärpas
685 409 229 31 allteftersom
935 412 176 40 uppgifter
1132 415 148 31 rörande
1301 417 42 28 de
1365 417 159 31 enskilda
1544 415 229 49 jordbrukar-

267 456 63 21 nas
359 449 225 40 användning
612 460 42 20 av
683 453 174 29 traktorer
885 455 128 29 samlas
1043 455 63 30 hos
1135 457 290 40 myndigheterna
1453 460 54 29 för
1536 463 51 27 att
1616 462 156 31 fortsätt-

266 489 157 39 ningsvis
442 492 119 30 kunna
581 494 179 30 användas
781 504 75 20 som
875 496 376 38 jämförelsematerial.
1273 500 239 31 Allteftersom
1531 512 67 30 nya
1618 505 154 30 erfaren-

265 531 98 30 heter
386 532 123 31 vinnas
532 543 103 30 synes
658 538 164 37 systemet
845 538 106 30 också
972 539 121 30 kunna
1115 541 190 31 förbättras
1327 542 11 29 i
1362 543 93 30 olika
1478 546 205 30 avseenden.

310 574 13 29 I
347 575 101 39 fråga
471 585 55 20 om
552 577 237 32 kostnaderna
813 581 97 29 torde
937 590 80 21 man
1040 582 76 30 icke
1141 583 131 31 behöva
1296 586 112 29 räkna
1434 587 78 29 med
1536 587 67 30 full
1628 586 143 47 propor-

269 616 175 31 tionalitet
473 621 71 28 mot
574 621 134 29 antalet
735 623 247 39 ansökningar,
1012 625 170 30 beroende
1214 627 44 39 på
1287 628 270 39 möjligheterna
1586 632 50 28 att
1667 632 104 30 ratio-

268 659 153 31 nalisera
439 660 56 31 vid
517 662 110 30 större
649 664 94 29 antal
767 665 127 30 ävenså
913 666 118 40 därpå,
1053 669 51 28 att
1123 668 93 30 vissa
1237 670 190 30 kostnader
1447 681 43 20 av
1509 673 261 39 engångsnatur

267 700 10 29 i
303 702 171 30 samband
497 705 78 28 med
598 705 151 30 arbetets
771 707 264 39 igångsättande
1060 710 301 41 fortsättningsvis
1385 713 172 32 bortfalla.
1583 716 125 30 Vidare
1731 718 38 28 är

266 744 49 28 att
341 744 135 34 märka,
502 747 50 28 att
578 747 58 29 vid
664 757 43 20 en
732 758 94 20 mera
852 750 131 30 allmän
1008 752 173 40 övergång
1206 753 51 30 till
1284 754 212 32 bensindrift
1524 758 132 29 antalet
1682 758 87 35 liter,

264 793 74 21 som
360 786 48 29 bli
429 787 229 31 restituerade
678 790 54 29 för
752 791 95 39 varje
867 792 243 39 jordbrukare,
1130 794 12 29 i
1163 796 212 38 genomsnitt
1395 798 195 39 säkerligen
1610 800 157 31 kommer

262 828 50 28 att
332 827 101 40 stiga,
454 829 44 30 då
515 830 366 39 fotogentraktorerna
902 835 197 40 antagligen
1118 836 11 29 i
1151 839 87 28 stort
1257 840 180 29 användas
1457 840 56 30 vid
1533 842 111 29 större
1663 842 106 31 bruk-

263 869 257 39 ningsenheter.
545 872 244 33 Kostnaderna
813 875 11 29 i
855 876 31 33 4
915 886 42 21 av
980 878 229 31 restituerade
1232 880 125 41 belopp
1381 882 141 30 komma
1546 884 121 30 därför
1691 894 78 21 san-

263 911 113 30 nolikt
393 915 51 27 att
460 914 140 39 sjunka.

310 996 202 31 Stockholm
531 1000 66 29 den
621 1000 41 30 23
684 1002 184 30 november
893 1004 92 29 1950.

872 1087 112 29 SVEN
1009 1088 149 31 PALMI.

484 2479 106 24 508146.
623 2477 175 26 Stockholm.
815 2479 81 25 Isaac
912 2480 112 26 Marcus
1039 2481 188 31 Boktryckeri
1245 2484 179 32 Aktiebolag,
1444 2485 76 25 1950.
