<?xml version="1.0" encoding="UTF-8"?>
<alto xmlns="http://www.loc.gov/standards/alto/ns-v3#" xmlns:xlink="http://www.w3.org/1999/xlink" xmlns:xsi="http://www.w3.org/2001/XMLSchema-instance" xsi:schemaLocation="http://www.loc.gov/standards/alto/ns-v3# http://www.loc.gov/alto/v3/alto-3-0.xsd">
	<Description>
		<MeasurementUnit>pixel</MeasurementUnit>
		<sourceImageInformation>
			<fileName>/tmp/tess_36_il63w_input.PNG</fileName>
		</sourceImageInformation>
		<OCRProcessing ID="OCR_0">
			<ocrProcessingStep>
				<processingSoftware>
					<softwareName>tesseract 5.3.0</softwareName>
				</processingSoftware>
			</ocrProcessingStep>
		</OCRProcessing>
	</Description>
	<Layout>
		<Page WIDTH="1876" HEIGHT="2784" PHYSICAL_IMG_NR="0" ID="page_0">
			<PrintSpace HPOS="0" VPOS="0" WIDTH="1876" HEIGHT="2784">
				<ComposedBlock ID="cblock_0" HPOS="269" VPOS="163" WIDTH="1145" HEIGHT="42">
					<TextBlock ID="block_0" HPOS="269" VPOS="163" WIDTH="1145" HEIGHT="42">
						<TextLine ID="line_0" HPOS="269" VPOS="163" WIDTH="1145" HEIGHT="42">
							<String ID="string_0" HPOS="269" VPOS="163" WIDTH="38" HEIGHT="30" WC="0.95" CONTENT="26"/><SP WIDTH="314" VPOS="163" HPOS="307"/>
							<String ID="string_1" HPOS="621" VPOS="165" WIDTH="404" HEIGHT="40" WC="0.91" CONTENT="Bevillningsutskottets"/><SP WIDTH="27" VPOS="165" HPOS="1025"/>
							<String ID="string_2" HPOS="1052" VPOS="168" WIDTH="219" HEIGHT="31" WC="0.96" CONTENT="betänkande"/><SP WIDTH="25" VPOS="168" HPOS="1271"/>
							<String ID="string_3" HPOS="1296" VPOS="179" WIDTH="42" HEIGHT="20" WC="0.96" CONTENT="nr"/><SP WIDTH="24" VPOS="179" HPOS="1338"/>
							<String ID="string_4" HPOS="1362" VPOS="170" WIDTH="52" HEIGHT="31" WC="0.94" CONTENT="66."/>
						</TextLine>
					</TextBlock>
				</ComposedBlock>
				<ComposedBlock ID="cblock_1" HPOS="1177" VPOS="255" WIDTH="331" HEIGHT="31">
					<TextBlock ID="block_1" HPOS="1177" VPOS="255" WIDTH="331" HEIGHT="31">
						<TextLine ID="line_1" HPOS="1177" VPOS="255" WIDTH="331" HEIGHT="31">
							<String ID="string_5" HPOS="1177" VPOS="255" WIDTH="116" HEIGHT="23" WC="0.95" CONTENT="Normer"/><SP WIDTH="11" VPOS="255" HPOS="1293"/>
							<String ID="string_6" HPOS="1304" VPOS="255" WIDTH="42" HEIGHT="23" WC="0.95" CONTENT="för"/><SP WIDTH="13" VPOS="255" HPOS="1346"/>
							<String ID="string_7" HPOS="1359" VPOS="256" WIDTH="149" HEIGHT="30" WC="0.95" CONTENT="beräkning"/>
						</TextLine>
					</TextBlock>
				</ComposedBlock>
				<ComposedBlock ID="cblock_2" HPOS="267" VPOS="273" WIDTH="1498" HEIGHT="430">
					<TextBlock ID="block_2" HPOS="267" VPOS="273" WIDTH="1199" HEIGHT="136">
						<TextLine ID="line_2" HPOS="270" VPOS="273" WIDTH="1182" HEIGHT="42">
							<String ID="string_8" HPOS="270" VPOS="273" WIDTH="37" HEIGHT="33" WC="0.93" CONTENT="a)"/><SP WIDTH="27" VPOS="273" HPOS="307"/>
							<String ID="string_9" HPOS="334" VPOS="273" WIDTH="161" HEIGHT="40" WC="0.91" CONTENT="Egentlig"/><SP WIDTH="21" VPOS="273" HPOS="495"/>
							<String ID="string_10" HPOS="516" VPOS="274" WIDTH="317" HEIGHT="41" WC="0.91" CONTENT="jordbearbetning."/><SP WIDTH="411" VPOS="274" HPOS="833"/>
							<String ID="string_11" HPOS="1244" VPOS="295" WIDTH="34" HEIGHT="17" WC="0.93" CONTENT="av"/><SP WIDTH="19" VPOS="295" HPOS="1278"/>
							<String ID="string_12" HPOS="1297" VPOS="289" WIDTH="155" HEIGHT="24" WC="0.91" CONTENT="restitution"/>
						</TextLine>
						<TextLine ID="line_3" HPOS="267" VPOS="323" WIDTH="1199" HEIGHT="45">
							<String ID="string_13" HPOS="267" VPOS="323" WIDTH="299" HEIGHT="40" WC="0.90" CONTENT="Plöjningsarbete"/><SP WIDTH="22" VPOS="323" HPOS="566"/>
							<String ID="string_14" HPOS="588" VPOS="349" WIDTH="604" HEIGHT="9" WC="0.0" CONTENT="........sseossseserrssrsrsrrsr"/><SP WIDTH="-54" VPOS="349" HPOS="1192"/>
							<String ID="string_15" HPOS="1138" VPOS="319" WIDTH="57" HEIGHT="50" WC="0.0" CONTENT="rr"/><SP WIDTH="51" VPOS="319" HPOS="1195"/>
							<String ID="string_16" HPOS="1246" VPOS="329" WIDTH="39" HEIGHT="30" WC="0.96" CONTENT="30"/><SP WIDTH="22" VPOS="329" HPOS="1285"/>
							<String ID="string_17" HPOS="1307" VPOS="330" WIDTH="10" HEIGHT="30" WC="0.95" CONTENT="I"/><SP WIDTH="23" VPOS="330" HPOS="1317"/>
							<String ID="string_18" HPOS="1340" VPOS="340" WIDTH="59" HEIGHT="28" WC="0.96" CONTENT="per"/><SP WIDTH="23" VPOS="340" HPOS="1399"/>
							<String ID="string_19" HPOS="1422" VPOS="330" WIDTH="44" HEIGHT="30" WC="0.96" CONTENT="ha"/>
						</TextLine>
						<TextLine ID="line_4" HPOS="269" VPOS="366" WIDTH="928" HEIGHT="43">
							<String ID="string_20" HPOS="269" VPOS="366" WIDTH="188" HEIGHT="40" WC="0.91" CONTENT="Harvning,"/><SP WIDTH="39" VPOS="366" HPOS="457"/>
							<String ID="string_21" HPOS="496" VPOS="368" WIDTH="276" HEIGHT="40" WC="0.92" CONTENT="skumplöjning,"/><SP WIDTH="39" VPOS="368" HPOS="772"/>
							<String ID="string_22" HPOS="811" VPOS="369" WIDTH="186" HEIGHT="40" WC="0.91" CONTENT="sladdning"/><SP WIDTH="35" VPOS="369" HPOS="997"/>
							<String ID="string_23" HPOS="1032" VPOS="371" WIDTH="62" HEIGHT="29" WC="0.92" CONTENT="och"/><SP WIDTH="38" VPOS="371" HPOS="1094"/>
							<String ID="string_24" HPOS="1132" VPOS="371" WIDTH="65" HEIGHT="29" WC="0.90" CONTENT="lik-"/>
						</TextLine>
					</TextBlock>
					<TextBlock ID="block_3" HPOS="267" VPOS="409" WIDTH="1498" HEIGHT="168">
						<TextLine ID="line_5" HPOS="310" VPOS="409" WIDTH="1413" HEIGHT="39">
							<String ID="string_25" HPOS="310" VPOS="410" WIDTH="113" HEIGHT="29" WC="0.29" CONTENT="NANde"/><SP WIDTH="31" VPOS="410" HPOS="423"/>
							<String ID="string_26" HPOS="454" VPOS="433" WIDTH="737" HEIGHT="10" WC="0.0" CONTENT="oossereerereererrrerr"/><SP WIDTH="-275" VPOS="433" HPOS="1191"/>
							<String ID="string_27" HPOS="916" VPOS="401" WIDTH="35" HEIGHT="54" WC="0.7" CONTENT="rr"/><SP WIDTH="13" VPOS="401" HPOS="951"/>
							<String ID="string_28" HPOS="964" VPOS="401" WIDTH="55" HEIGHT="54" WC="0.6" CONTENT="rer"/><SP WIDTH="9" VPOS="401" HPOS="1019"/>
							<String ID="string_29" HPOS="1028" VPOS="401" WIDTH="55" HEIGHT="54" WC="0.6" CONTENT="ere"/><SP WIDTH="9" VPOS="401" HPOS="1083"/>
							<String ID="string_30" HPOS="1092" VPOS="401" WIDTH="102" HEIGHT="54" WC="0.0" CONTENT="rss"/><SP WIDTH="50" VPOS="401" HPOS="1194"/>
							<String ID="string_31" HPOS="1244" VPOS="413" WIDTH="38" HEIGHT="30" WC="0.93" CONTENT="20"/><SP WIDTH="79" VPOS="413" HPOS="1282"/>
							<String ID="string_32" HPOS="1361" VPOS="427" WIDTH="11" HEIGHT="15" WC="0.15" CONTENT="&gt;»"/><SP WIDTH="166" VPOS="427" HPOS="1372"/>
							<String ID="string_33" HPOS="1538" VPOS="409" WIDTH="115" HEIGHT="39" WC="0.87" CONTENT="Oavsett"/><SP WIDTH="17" VPOS="409" HPOS="1653"/>
							<String ID="string_34" HPOS="1670" VPOS="410" WIDTH="53" HEIGHT="23" WC="0.95" CONTENT="hur"/>
						</TextLine>
						<TextLine ID="line_6" HPOS="268" VPOS="415" WIDTH="1497" HEIGHT="94">
							<String ID="string_35" HPOS="268" VPOS="450" WIDTH="231" HEIGHT="41" WC="0.96" CONTENT="Bearbetning"/><SP WIDTH="20" VPOS="450" HPOS="499"/>
							<String ID="string_36" HPOS="519" VPOS="461" WIDTH="40" HEIGHT="21" WC="0.93" CONTENT="av"/><SP WIDTH="19" VPOS="461" HPOS="559"/>
							<String ID="string_37" HPOS="578" VPOS="453" WIDTH="145" HEIGHT="39" WC="0.92" CONTENT="potatis-"/><SP WIDTH="20" VPOS="453" HPOS="723"/>
							<String ID="string_38" HPOS="743" VPOS="454" WIDTH="63" HEIGHT="29" WC="0.93" CONTENT="och"/><SP WIDTH="20" VPOS="454" HPOS="806"/>
							<String ID="string_39" HPOS="826" VPOS="454" WIDTH="308" HEIGHT="31" WC="0.91" CONTENT="rotfruktsarealer"/><SP WIDTH="27" VPOS="454" HPOS="1134"/>
							<String ID="string_40" HPOS="1161" VPOS="479" WIDTH="29" HEIGHT="6" WC="0.88" CONTENT=".."/><SP WIDTH="54" VPOS="479" HPOS="1190"/>
							<String ID="string_41" HPOS="1244" VPOS="456" WIDTH="38" HEIGHT="31" WC="0.83" CONTENT="25"/><SP WIDTH="79" VPOS="456" HPOS="1282"/>
							<String ID="string_42" HPOS="1361" VPOS="469" WIDTH="12" HEIGHT="15" WC="0.38" CONTENT="&gt;»"/><SP WIDTH="106" VPOS="469" HPOS="1373"/>
							<String ID="string_43" HPOS="1479" VPOS="415" WIDTH="15" HEIGHT="82" WC="0.60" CONTENT="h"/><SP WIDTH="20" VPOS="415" HPOS="1494"/>
							<String ID="string_44" HPOS="1514" VPOS="445" WIDTH="97" HEIGHT="64" WC="0.91" CONTENT="ningar"/><SP WIDTH="12" VPOS="445" HPOS="1611"/>
							<String ID="string_45" HPOS="1623" VPOS="443" WIDTH="142" HEIGHT="58" WC="0.0" CONTENT="Dcarhete."/>
						</TextLine>
						<TextLine ID="line_7" HPOS="267" VPOS="493" WIDTH="1106" HEIGHT="41">
							<String ID="string_46" HPOS="267" VPOS="493" WIDTH="359" HEIGHT="41" WC="0.92" CONTENT="Trädesbearbetning"/><SP WIDTH="23" VPOS="493" HPOS="626"/>
							<String ID="string_47" HPOS="649" VPOS="496" WIDTH="113" HEIGHT="29" WC="0.96" CONTENT="under"/><SP WIDTH="24" VPOS="496" HPOS="762"/>
							<String ID="string_48" HPOS="786" VPOS="496" WIDTH="255" HEIGHT="31" WC="0.93" CONTENT="försommaren"/><SP WIDTH="31" VPOS="496" HPOS="1041"/>
							<String ID="string_49" HPOS="1072" VPOS="521" WIDTH="118" HEIGHT="7" WC="0.90" CONTENT="......"/><SP WIDTH="54" VPOS="521" HPOS="1190"/>
							<String ID="string_50" HPOS="1244" VPOS="498" WIDTH="39" HEIGHT="30" WC="0.83" CONTENT="25"/><SP WIDTH="79" VPOS="498" HPOS="1283"/>
							<String ID="string_51" HPOS="1362" VPOS="512" WIDTH="11" HEIGHT="14" WC="0.40" CONTENT="3"/>
						</TextLine>
						<TextLine ID="line_8" HPOS="271" VPOS="535" WIDTH="1102" HEIGHT="42">
							<String ID="string_52" HPOS="271" VPOS="535" WIDTH="417" HEIGHT="42" WC="0.90" CONTENT="Konstgödselspridning"/><SP WIDTH="29" VPOS="535" HPOS="688"/>
							<String ID="string_53" HPOS="717" VPOS="531" WIDTH="19" HEIGHT="50" WC="0.49" CONTENT="="/><SP WIDTH="23" VPOS="531" HPOS="736"/>
							<String ID="string_54" HPOS="759" VPOS="562" WIDTH="426" HEIGHT="8" WC="0.0" CONTENT="oosssssssessesee"/><SP WIDTH="-56" VPOS="562" HPOS="1185"/>
							<String ID="string_55" HPOS="1129" VPOS="531" WIDTH="60" HEIGHT="50" WC="0.0" CONTENT="roa"/><SP WIDTH="75" VPOS="531" HPOS="1189"/>
							<String ID="string_56" HPOS="1264" VPOS="540" WIDTH="19" HEIGHT="29" WC="0.78" CONTENT="5"/><SP WIDTH="78" VPOS="540" HPOS="1283"/>
							<String ID="string_57" HPOS="1361" VPOS="553" WIDTH="12" HEIGHT="15" WC="0.56" CONTENT="oo»"/>
						</TextLine>
					</TextBlock>
					<TextBlock ID="block_4" HPOS="267" VPOS="577" WIDTH="1106" HEIGHT="126">
						<TextLine ID="line_9" HPOS="267" VPOS="577" WIDTH="1105" HEIGHT="35">
							<String ID="string_58" HPOS="267" VPOS="577" WIDTH="89" HEIGHT="30" WC="0.11" CONTENT="NET"/><SP WIDTH="908" VPOS="577" HPOS="356"/>
							<String ID="string_59" HPOS="1264" VPOS="582" WIDTH="18" HEIGHT="30" WC="0.81" CONTENT="5"/><SP WIDTH="78" VPOS="582" HPOS="1282"/>
							<String ID="string_60" HPOS="1360" VPOS="596" WIDTH="12" HEIGHT="14" WC="0.50" CONTENT="oo»"/>
						</TextLine>
						<TextLine ID="line_10" HPOS="269" VPOS="620" WIDTH="1104" HEIGHT="41">
							<String ID="string_61" HPOS="269" VPOS="620" WIDTH="158" HEIGHT="40" WC="0.91" CONTENT="Sättning"/><SP WIDTH="23" VPOS="620" HPOS="427"/>
							<String ID="string_62" HPOS="450" VPOS="630" WIDTH="43" HEIGHT="21" WC="0.96" CONTENT="av"/><SP WIDTH="20" VPOS="630" HPOS="493"/>
							<String ID="string_63" HPOS="513" VPOS="622" WIDTH="127" HEIGHT="39" WC="0.96" CONTENT="potatis"/><SP WIDTH="24" VPOS="622" HPOS="640"/>
							<String ID="string_64" HPOS="664" VPOS="623" WIDTH="65" HEIGHT="29" WC="0.95" CONTENT="och"/><SP WIDTH="22" VPOS="623" HPOS="729"/>
							<String ID="string_65" HPOS="751" VPOS="623" WIDTH="194" HEIGHT="30" WC="0.93" CONTENT="rotfrukter"/><SP WIDTH="40" VPOS="623" HPOS="945"/>
							<String ID="string_66" HPOS="985" VPOS="647" WIDTH="205" HEIGHT="7" WC="0.90" CONTENT=".........."/><SP WIDTH="56" VPOS="647" HPOS="1190"/>
							<String ID="string_67" HPOS="1246" VPOS="625" WIDTH="37" HEIGHT="29" WC="0.83" CONTENT="10"/><SP WIDTH="79" VPOS="625" HPOS="1283"/>
							<String ID="string_68" HPOS="1362" VPOS="638" WIDTH="11" HEIGHT="15" WC="0.23" CONTENT="oo»"/>
						</TextLine>
						<TextLine ID="line_11" HPOS="268" VPOS="662" WIDTH="1105" HEIGHT="41">
							<String ID="string_69" HPOS="268" VPOS="662" WIDTH="110" HEIGHT="30" WC="0.96" CONTENT="Skörd"/><SP WIDTH="27" VPOS="662" HPOS="378"/>
							<String ID="string_70" HPOS="405" VPOS="672" WIDTH="44" HEIGHT="21" WC="0.96" CONTENT="av"/><SP WIDTH="25" VPOS="672" HPOS="449"/>
							<String ID="string_71" HPOS="474" VPOS="664" WIDTH="67" HEIGHT="29" WC="0.95" CONTENT="alla"/><SP WIDTH="27" VPOS="664" HPOS="541"/>
							<String ID="string_72" HPOS="568" VPOS="664" WIDTH="73" HEIGHT="39" WC="0.41" CONTENT="slag"/><SP WIDTH="33" VPOS="664" HPOS="641"/>
							<String ID="string_73" HPOS="674" VPOS="688" WIDTH="516" HEIGHT="9" WC="0.0" CONTENT=".....ssssosssssesersero"/><SP WIDTH="-55" VPOS="688" HPOS="1190"/>
							<String ID="string_74" HPOS="1135" VPOS="658" WIDTH="58" HEIGHT="50" WC="0.37" CONTENT="rss"/><SP WIDTH="53" VPOS="658" HPOS="1193"/>
							<String ID="string_75" HPOS="1246" VPOS="667" WIDTH="37" HEIGHT="29" WC="0.86" CONTENT="10"/><SP WIDTH="79" VPOS="667" HPOS="1283"/>
							<String ID="string_76" HPOS="1362" VPOS="680" WIDTH="11" HEIGHT="15" WC="0.78" CONTENT="&gt;"/>
						</TextLine>
					</TextBlock>
				</ComposedBlock>
				<ComposedBlock ID="cblock_3" HPOS="268" VPOS="737" WIDTH="747" HEIGHT="43">
					<TextBlock ID="block_5" HPOS="268" VPOS="737" WIDTH="747" HEIGHT="43">
						<TextLine ID="line_12" HPOS="268" VPOS="737" WIDTH="747" HEIGHT="43">
							<String ID="string_77" HPOS="268" VPOS="737" WIDTH="37" HEIGHT="34" WC="0.92" CONTENT="b)"/><SP WIDTH="32" VPOS="737" HPOS="305"/>
							<String ID="string_78" HPOS="337" VPOS="738" WIDTH="230" HEIGHT="39" WC="0.96" CONTENT="Transporter"/><SP WIDTH="22" VPOS="738" HPOS="567"/>
							<String ID="string_79" HPOS="589" VPOS="740" WIDTH="94" HEIGHT="29" WC="0.91" CONTENT="inom"/><SP WIDTH="26" VPOS="740" HPOS="683"/>
							<String ID="string_80" HPOS="709" VPOS="740" WIDTH="306" HEIGHT="40" WC="0.91" CONTENT="brukningsdelen."/>
						</TextLine>
					</TextBlock>
				</ComposedBlock>
				<ComposedBlock ID="cblock_4" HPOS="264" VPOS="788" WIDTH="1511" HEIGHT="1021">
					<TextBlock ID="block_6" HPOS="269" VPOS="788" WIDTH="1506" HEIGHT="215">
						<TextLine ID="line_13" HPOS="313" VPOS="788" WIDTH="1462" HEIGHT="45">
							<String ID="string_81" HPOS="313" VPOS="788" WIDTH="152" HEIGHT="30" WC="0.96" CONTENT="Normen"/><SP WIDTH="21" VPOS="788" HPOS="465"/>
							<String ID="string_82" HPOS="486" VPOS="790" WIDTH="171" HEIGHT="31" WC="0.96" CONTENT="beräknas"/><SP WIDTH="23" VPOS="790" HPOS="657"/>
							<String ID="string_83" HPOS="680" VPOS="790" WIDTH="116" HEIGHT="30" WC="0.96" CONTENT="såsom"/><SP WIDTH="20" VPOS="790" HPOS="796"/>
							<String ID="string_84" HPOS="816" VPOS="801" WIDTH="42" HEIGHT="20" WC="0.96" CONTENT="en"/><SP WIDTH="20" VPOS="801" HPOS="858"/>
							<String ID="string_85" HPOS="878" VPOS="794" WIDTH="215" HEIGHT="38" WC="0.96" CONTENT="procentuell"/><SP WIDTH="22" VPOS="794" HPOS="1093"/>
							<String ID="string_86" HPOS="1115" VPOS="794" WIDTH="54" HEIGHT="30" WC="0.95" CONTENT="del"/><SP WIDTH="22" VPOS="794" HPOS="1169"/>
							<String ID="string_87" HPOS="1191" VPOS="803" WIDTH="43" HEIGHT="20" WC="0.96" CONTENT="av"/><SP WIDTH="20" VPOS="803" HPOS="1234"/>
							<String ID="string_88" HPOS="1254" VPOS="795" WIDTH="65" HEIGHT="29" WC="0.96" CONTENT="den"/><SP WIDTH="21" VPOS="795" HPOS="1319"/>
							<String ID="string_89" HPOS="1340" VPOS="794" WIDTH="95" HEIGHT="30" WC="0.96" CONTENT="inom"/><SP WIDTH="21" VPOS="794" HPOS="1435"/>
							<String ID="string_90" HPOS="1456" VPOS="794" WIDTH="208" HEIGHT="39" WC="0.93" CONTENT="jordbruket"/><SP WIDTH="22" VPOS="794" HPOS="1664"/>
							<String ID="string_91" HPOS="1686" VPOS="796" WIDTH="89" HEIGHT="29" WC="0.92" CONTENT="före-"/>
						</TextLine>
						<TextLine ID="line_14" HPOS="269" VPOS="831" WIDTH="1504" HEIGHT="45">
							<String ID="string_92" HPOS="269" VPOS="831" WIDTH="211" HEIGHT="30" WC="0.90" CONTENT="kommande"/><SP WIDTH="23" VPOS="831" HPOS="480"/>
							<String ID="string_93" HPOS="503" VPOS="832" WIDTH="405" HEIGHT="41" WC="0.90" CONTENT="bensinförbrukningen"/><SP WIDTH="23" VPOS="832" HPOS="908"/>
							<String ID="string_94" HPOS="931" VPOS="835" WIDTH="56" HEIGHT="29" WC="0.93" CONTENT="för"/><SP WIDTH="22" VPOS="835" HPOS="987"/>
							<String ID="string_95" HPOS="1009" VPOS="836" WIDTH="235" HEIGHT="33" WC="0.90" CONTENT="traktordrift,"/><SP WIDTH="25" VPOS="836" HPOS="1244"/>
							<String ID="string_96" HPOS="1269" VPOS="837" WIDTH="119" HEIGHT="29" WC="0.93" CONTENT="varvid"/><SP WIDTH="24" VPOS="837" HPOS="1388"/>
							<String ID="string_97" HPOS="1412" VPOS="838" WIDTH="230" HEIGHT="38" WC="0.91" CONTENT="procenttalet"/><SP WIDTH="26" VPOS="838" HPOS="1642"/>
							<String ID="string_98" HPOS="1668" VPOS="839" WIDTH="105" HEIGHT="29" WC="0.92" CONTENT="sättes"/>
						</TextLine>
						<TextLine ID="line_15" HPOS="270" VPOS="872" WIDTH="1502" HEIGHT="47">
							<String ID="string_99" HPOS="270" VPOS="872" WIDTH="54" HEIGHT="30" WC="0.96" CONTENT="för"/><SP WIDTH="20" VPOS="872" HPOS="324"/>
							<String ID="string_100" HPOS="344" VPOS="873" WIDTH="174" HEIGHT="31" WC="0.96" CONTENT="Norrland"/><SP WIDTH="21" VPOS="873" HPOS="518"/>
							<String ID="string_101" HPOS="539" VPOS="874" WIDTH="52" HEIGHT="30" WC="0.96" CONTENT="till"/><SP WIDTH="22" VPOS="874" HPOS="591"/>
							<String ID="string_102" HPOS="613" VPOS="875" WIDTH="103" HEIGHT="39" WC="0.96" CONTENT="högst"/><SP WIDTH="22" VPOS="875" HPOS="716"/>
							<String ID="string_103" HPOS="738" VPOS="876" WIDTH="41" HEIGHT="30" WC="0.96" CONTENT="30"/><SP WIDTH="21" VPOS="876" HPOS="779"/>
							<String ID="string_104" HPOS="800" VPOS="879" WIDTH="144" HEIGHT="37" WC="0.96" CONTENT="procent"/><SP WIDTH="22" VPOS="879" HPOS="944"/>
							<String ID="string_105" HPOS="966" VPOS="878" WIDTH="64" HEIGHT="28" WC="0.96" CONTENT="och"/><SP WIDTH="21" VPOS="878" HPOS="1030"/>
							<String ID="string_106" HPOS="1051" VPOS="878" WIDTH="54" HEIGHT="29" WC="0.96" CONTENT="för"/><SP WIDTH="23" VPOS="878" HPOS="1105"/>
							<String ID="string_107" HPOS="1128" VPOS="878" WIDTH="120" HEIGHT="30" WC="0.96" CONTENT="landet"/><SP WIDTH="19" VPOS="878" HPOS="1248"/>
							<String ID="string_108" HPOS="1267" VPOS="879" WIDTH="11" HEIGHT="28" WC="0.96" CONTENT="i"/><SP WIDTH="21" VPOS="879" HPOS="1278"/>
							<String ID="string_109" HPOS="1299" VPOS="879" WIDTH="112" HEIGHT="39" WC="0.96" CONTENT="övrigt"/><SP WIDTH="21" VPOS="879" HPOS="1411"/>
							<String ID="string_110" HPOS="1432" VPOS="879" WIDTH="53" HEIGHT="31" WC="0.96" CONTENT="till"/><SP WIDTH="21" VPOS="879" HPOS="1485"/>
							<String ID="string_111" HPOS="1506" VPOS="879" WIDTH="102" HEIGHT="40" WC="0.96" CONTENT="högst"/><SP WIDTH="22" VPOS="879" HPOS="1608"/>
							<String ID="string_112" HPOS="1630" VPOS="880" WIDTH="41" HEIGHT="29" WC="0.92" CONTENT="20"/><SP WIDTH="23" VPOS="880" HPOS="1671"/>
							<String ID="string_113" HPOS="1694" VPOS="889" WIDTH="78" HEIGHT="30" WC="0.90" CONTENT="pro-"/>
						</TextLine>
						<TextLine ID="line_16" HPOS="270" VPOS="917" WIDTH="1503" HEIGHT="44">
							<String ID="string_114" HPOS="270" VPOS="917" WIDTH="76" HEIGHT="28" WC="0.96" CONTENT="cent"/><SP WIDTH="21" VPOS="917" HPOS="346"/>
							<String ID="string_115" HPOS="367" VPOS="925" WIDTH="42" HEIGHT="20" WC="0.96" CONTENT="av"/><SP WIDTH="23" VPOS="925" HPOS="409"/>
							<String ID="string_116" HPOS="432" VPOS="917" WIDTH="67" HEIGHT="29" WC="0.93" CONTENT="den"/><SP WIDTH="21" VPOS="917" HPOS="499"/>
							<String ID="string_117" HPOS="520" VPOS="917" WIDTH="266" HEIGHT="40" WC="0.91" CONTENT="bensinmängd,"/><SP WIDTH="23" VPOS="917" HPOS="786"/>
							<String ID="string_118" HPOS="809" VPOS="928" WIDTH="73" HEIGHT="20" WC="0.93" CONTENT="som"/><SP WIDTH="23" VPOS="928" HPOS="882"/>
							<String ID="string_119" HPOS="905" VPOS="919" WIDTH="202" HEIGHT="31" WC="0.92" CONTENT="förbrukats"/><SP WIDTH="22" VPOS="919" HPOS="1107"/>
							<String ID="string_120" HPOS="1129" VPOS="920" WIDTH="54" HEIGHT="30" WC="0.96" CONTENT="till"/><SP WIDTH="23" VPOS="920" HPOS="1183"/>
							<String ID="string_121" HPOS="1206" VPOS="921" WIDTH="41" HEIGHT="29" WC="0.96" CONTENT="de"/><SP WIDTH="22" VPOS="921" HPOS="1247"/>
							<String ID="string_122" HPOS="1269" VPOS="922" WIDTH="110" HEIGHT="29" WC="0.96" CONTENT="under"/><SP WIDTH="21" VPOS="922" HPOS="1379"/>
							<String ID="string_123" HPOS="1400" VPOS="921" WIDTH="37" HEIGHT="34" WC="0.96" CONTENT="a)"/><SP WIDTH="28" VPOS="921" HPOS="1437"/>
							<String ID="string_124" HPOS="1465" VPOS="922" WIDTH="149" HEIGHT="39" WC="0.92" CONTENT="angivna"/><SP WIDTH="21" VPOS="922" HPOS="1614"/>
							<String ID="string_125" HPOS="1635" VPOS="922" WIDTH="138" HEIGHT="30" WC="0.92" CONTENT="restitu-"/>
						</TextLine>
						<TextLine ID="line_17" HPOS="269" VPOS="957" WIDTH="1199" HEIGHT="46">
							<String ID="string_126" HPOS="269" VPOS="957" WIDTH="333" HEIGHT="41" WC="0.91" CONTENT="tionsberättigande"/><SP WIDTH="19" VPOS="957" HPOS="602"/>
							<String ID="string_127" HPOS="621" VPOS="960" WIDTH="209" HEIGHT="30" WC="0.89" CONTENT="ändamålen"/><SP WIDTH="18" VPOS="960" HPOS="830"/>
							<String ID="string_128" HPOS="848" VPOS="961" WIDTH="65" HEIGHT="29" WC="0.96" CONTENT="och"/><SP WIDTH="19" VPOS="961" HPOS="913"/>
							<String ID="string_129" HPOS="932" VPOS="961" WIDTH="55" HEIGHT="30" WC="0.96" CONTENT="för"/><SP WIDTH="17" VPOS="961" HPOS="987"/>
							<String ID="string_130" HPOS="1004" VPOS="962" WIDTH="116" HEIGHT="30" WC="0.92" CONTENT="vilken"/><SP WIDTH="18" VPOS="962" HPOS="1120"/>
							<String ID="string_131" HPOS="1138" VPOS="963" WIDTH="201" HEIGHT="30" WC="0.92" CONTENT="restitution"/><SP WIDTH="17" VPOS="963" HPOS="1339"/>
							<String ID="string_132" HPOS="1356" VPOS="963" WIDTH="112" HEIGHT="40" WC="0.96" CONTENT="utgår."/>
						</TextLine>
					</TextBlock>
					<TextBlock ID="block_7" HPOS="269" VPOS="1016" WIDTH="271" HEIGHT="40">
						<TextLine ID="line_18" HPOS="269" VPOS="1016" WIDTH="271" HEIGHT="40">
							<String ID="string_133" HPOS="269" VPOS="1016" WIDTH="33" HEIGHT="34" WC="0.85" CONTENT="c)"/><SP WIDTH="32" VPOS="1016" HPOS="302"/>
							<String ID="string_134" HPOS="334" VPOS="1017" WIDTH="206" HEIGHT="39" WC="0.91" CONTENT="Tröskning."/>
						</TextLine>
					</TextBlock>
					<TextBlock ID="block_8" HPOS="268" VPOS="1067" WIDTH="1503" HEIGHT="98">
						<TextLine ID="line_19" HPOS="313" VPOS="1067" WIDTH="1458" HEIGHT="46">
							<String ID="string_135" HPOS="313" VPOS="1067" WIDTH="199" HEIGHT="41" WC="0.91" CONTENT="Tröskning"/><SP WIDTH="658" VPOS="1067" HPOS="512"/>
							<String ID="string_136" HPOS="1170" VPOS="1073" WIDTH="44" HEIGHT="33" WC="0.90" CONTENT="0,5"/><SP WIDTH="18" VPOS="1073" HPOS="1214"/>
							<String ID="string_137" HPOS="1232" VPOS="1073" WIDTH="76" HEIGHT="30" WC="0.96" CONTENT="liter"/><SP WIDTH="18" VPOS="1073" HPOS="1308"/>
							<String ID="string_138" HPOS="1326" VPOS="1083" WIDTH="60" HEIGHT="30" WC="0.93" CONTENT="per"/><SP WIDTH="18" VPOS="1083" HPOS="1386"/>
							<String ID="string_139" HPOS="1404" VPOS="1075" WIDTH="172" HEIGHT="30" WC="0.92" CONTENT="utvunnet"/><SP WIDTH="19" VPOS="1075" HPOS="1576"/>
							<String ID="string_140" HPOS="1595" VPOS="1075" WIDTH="37" HEIGHT="29" WC="0.97" CONTENT="dt"/><SP WIDTH="18" VPOS="1075" HPOS="1632"/>
							<String ID="string_141" HPOS="1650" VPOS="1074" WIDTH="121" HEIGHT="30" WC="0.96" CONTENT="kärna."/>
						</TextLine>
						<TextLine ID="line_20" HPOS="268" VPOS="1125" WIDTH="386" HEIGHT="40">
							<String ID="string_142" HPOS="268" VPOS="1125" WIDTH="38" HEIGHT="34" WC="0.91" CONTENT="d)"/><SP WIDTH="31" VPOS="1125" HPOS="306"/>
							<String ID="string_143" HPOS="337" VPOS="1125" WIDTH="124" HEIGHT="40" WC="0.96" CONTENT="Övriga"/><SP WIDTH="20" VPOS="1125" HPOS="461"/>
							<String ID="string_144" HPOS="481" VPOS="1127" WIDTH="173" HEIGHT="31" WC="0.95" CONTENT="ändamål."/>
						</TextLine>
					</TextBlock>
					<TextBlock ID="block_9" HPOS="264" VPOS="1177" WIDTH="1509" HEIGHT="547">
						<TextLine ID="line_21" HPOS="311" VPOS="1177" WIDTH="1461" HEIGHT="45">
							<String ID="string_145" HPOS="311" VPOS="1177" WIDTH="66" HEIGHT="29" WC="0.96" CONTENT="För"/><SP WIDTH="25" VPOS="1177" HPOS="377"/>
							<String ID="string_146" HPOS="402" VPOS="1179" WIDTH="111" HEIGHT="29" WC="0.96" CONTENT="andra"/><SP WIDTH="25" VPOS="1179" HPOS="513"/>
							<String ID="string_147" HPOS="538" VPOS="1179" WIDTH="164" HEIGHT="30" WC="0.96" CONTENT="ändamål"/><SP WIDTH="26" VPOS="1179" HPOS="702"/>
							<String ID="string_148" HPOS="728" VPOS="1180" WIDTH="189" HEIGHT="30" WC="0.91" CONTENT="fastställes"/><SP WIDTH="26" VPOS="1180" HPOS="917"/>
							<String ID="string_149" HPOS="943" VPOS="1182" WIDTH="246" HEIGHT="30" WC="0.91" CONTENT="restitutionen"/><SP WIDTH="24" VPOS="1182" HPOS="1189"/>
							<String ID="string_150" HPOS="1213" VPOS="1183" WIDTH="11" HEIGHT="28" WC="0.96" CONTENT="i"/><SP WIDTH="24" VPOS="1183" HPOS="1224"/>
							<String ID="string_151" HPOS="1248" VPOS="1183" WIDTH="96" HEIGHT="39" WC="0.96" CONTENT="varje"/><SP WIDTH="26" VPOS="1183" HPOS="1344"/>
							<String ID="string_152" HPOS="1370" VPOS="1183" WIDTH="143" HEIGHT="30" WC="0.95" CONTENT="särskilt"/><SP WIDTH="26" VPOS="1183" HPOS="1513"/>
							<String ID="string_153" HPOS="1539" VPOS="1183" WIDTH="60" HEIGHT="30" WC="0.95" CONTENT="fall"/><SP WIDTH="26" VPOS="1183" HPOS="1599"/>
							<String ID="string_154" HPOS="1625" VPOS="1193" WIDTH="42" HEIGHT="20" WC="0.93" CONTENT="av"/><SP WIDTH="26" VPOS="1193" HPOS="1667"/>
							<String ID="string_155" HPOS="1693" VPOS="1184" WIDTH="79" HEIGHT="30" WC="0.92" CONTENT="livs-"/>
						</TextLine>
						<TextLine ID="line_22" HPOS="268" VPOS="1220" WIDTH="1503" HEIGHT="45">
							<String ID="string_156" HPOS="268" VPOS="1220" WIDTH="409" HEIGHT="30" WC="0.92" CONTENT="medelskommissionen"/><SP WIDTH="38" VPOS="1220" HPOS="677"/>
							<String ID="string_157" HPOS="715" VPOS="1222" WIDTH="45" HEIGHT="39" WC="0.96" CONTENT="på"/><SP WIDTH="37" VPOS="1222" HPOS="760"/>
							<String ID="string_158" HPOS="797" VPOS="1222" WIDTH="130" HEIGHT="40" WC="0.96" CONTENT="förslag"/><SP WIDTH="39" VPOS="1222" HPOS="927"/>
							<String ID="string_159" HPOS="966" VPOS="1233" WIDTH="42" HEIGHT="20" WC="0.96" CONTENT="av"/><SP WIDTH="35" VPOS="1233" HPOS="1008"/>
							<String ID="string_160" HPOS="1043" VPOS="1224" WIDTH="260" HEIGHT="39" WC="0.93" CONTENT="länsstyrelsen."/><SP WIDTH="39" VPOS="1224" HPOS="1303"/>
							<String ID="string_161" HPOS="1342" VPOS="1226" WIDTH="52" HEIGHT="29" WC="0.96" CONTENT="En"/><SP WIDTH="40" VPOS="1226" HPOS="1394"/>
							<String ID="string_162" HPOS="1434" VPOS="1226" WIDTH="221" HEIGHT="39" WC="0.96" CONTENT="förteckning"/><SP WIDTH="37" VPOS="1226" HPOS="1655"/>
							<String ID="string_163" HPOS="1692" VPOS="1227" WIDTH="79" HEIGHT="29" WC="0.96" CONTENT="med"/>
						</TextLine>
						<TextLine ID="line_23" HPOS="268" VPOS="1262" WIDTH="1505" HEIGHT="40">
							<String ID="string_164" HPOS="268" VPOS="1263" WIDTH="153" HEIGHT="38" WC="0.96" CONTENT="exempel"/><SP WIDTH="24" VPOS="1263" HPOS="421"/>
							<String ID="string_165" HPOS="445" VPOS="1262" WIDTH="45" HEIGHT="40" WC="0.96" CONTENT="på"/><SP WIDTH="24" VPOS="1262" HPOS="490"/>
							<String ID="string_166" HPOS="514" VPOS="1263" WIDTH="173" HEIGHT="34" WC="0.95" CONTENT="ändamål,"/><SP WIDTH="25" VPOS="1263" HPOS="687"/>
							<String ID="string_167" HPOS="712" VPOS="1264" WIDTH="94" HEIGHT="30" WC="0.93" CONTENT="vilka"/><SP WIDTH="21" VPOS="1264" HPOS="806"/>
							<String ID="string_168" HPOS="827" VPOS="1282" WIDTH="43" HEIGHT="3" WC="0.85" CONTENT="—"/><SP WIDTH="23" VPOS="1282" HPOS="870"/>
							<String ID="string_169" HPOS="893" VPOS="1265" WIDTH="10" HEIGHT="29" WC="0.96" CONTENT="i"/><SP WIDTH="25" VPOS="1265" HPOS="903"/>
							<String ID="string_170" HPOS="928" VPOS="1265" WIDTH="67" HEIGHT="30" WC="0.96" CONTENT="den"/><SP WIDTH="24" VPOS="1265" HPOS="995"/>
							<String ID="string_171" HPOS="1019" VPOS="1265" WIDTH="81" HEIGHT="30" WC="0.93" CONTENT="mån"/><SP WIDTH="23" VPOS="1265" HPOS="1100"/>
							<String ID="string_172" HPOS="1123" VPOS="1266" WIDTH="247" HEIGHT="31" WC="0.91" CONTENT="bensindriven"/><SP WIDTH="24" VPOS="1266" HPOS="1370"/>
							<String ID="string_173" HPOS="1394" VPOS="1268" WIDTH="138" HEIGHT="30" WC="0.96" CONTENT="traktor"/><SP WIDTH="24" VPOS="1268" HPOS="1532"/>
							<String ID="string_174" HPOS="1556" VPOS="1270" WIDTH="148" HEIGHT="28" WC="0.93" CONTENT="använts"/><SP WIDTH="25" VPOS="1270" HPOS="1704"/>
							<String ID="string_175" HPOS="1729" VPOS="1287" WIDTH="44" HEIGHT="2" WC="0.93" CONTENT="—"/>
						</TextLine>
						<TextLine ID="line_24" HPOS="266" VPOS="1302" WIDTH="865" HEIGHT="43">
							<String ID="string_176" HPOS="266" VPOS="1302" WIDTH="82" HEIGHT="31" WC="0.96" CONTENT="böra"/><SP WIDTH="22" VPOS="1302" HPOS="348"/>
							<String ID="string_177" HPOS="370" VPOS="1304" WIDTH="172" HEIGHT="39" WC="0.96" CONTENT="berättiga"/><SP WIDTH="23" VPOS="1304" HPOS="542"/>
							<String ID="string_178" HPOS="565" VPOS="1304" WIDTH="51" HEIGHT="29" WC="0.93" CONTENT="till"/><SP WIDTH="24" VPOS="1304" HPOS="616"/>
							<String ID="string_179" HPOS="640" VPOS="1305" WIDTH="210" HEIGHT="35" WC="0.89" CONTENT="restitution,"/><SP WIDTH="25" VPOS="1305" HPOS="850"/>
							<String ID="string_180" HPOS="875" VPOS="1306" WIDTH="105" HEIGHT="39" WC="0.96" CONTENT="följer"/><SP WIDTH="24" VPOS="1306" HPOS="980"/>
							<String ID="string_181" HPOS="1004" VPOS="1308" WIDTH="127" HEIGHT="29" WC="0.96" CONTENT="nedan:"/>
						</TextLine>
						<TextLine ID="line_25" HPOS="266" VPOS="1345" WIDTH="194" HEIGHT="40">
							<String ID="string_182" HPOS="266" VPOS="1345" WIDTH="194" HEIGHT="40" WC="0.92" CONTENT="bepudring"/>
						</TextLine>
						<TextLine ID="line_26" HPOS="267" VPOS="1389" WIDTH="169" HEIGHT="40">
							<String ID="string_183" HPOS="267" VPOS="1389" WIDTH="169" HEIGHT="40" WC="0.92" CONTENT="gröpning"/>
						</TextLine>
						<TextLine ID="line_27" HPOS="266" VPOS="1431" WIDTH="176" HEIGHT="40">
							<String ID="string_184" HPOS="266" VPOS="1431" WIDTH="176" HEIGHT="40" WC="0.74" CONTENT="Hackning"/>
						</TextLine>
						<TextLine ID="line_28" HPOS="265" VPOS="1473" WIDTH="282" HEIGHT="41">
							<String ID="string_185" HPOS="265" VPOS="1473" WIDTH="282" HEIGHT="41" WC="0.91" CONTENT="halmpressning"/>
						</TextLine>
						<TextLine ID="line_29" HPOS="266" VPOS="1515" WIDTH="112" HEIGHT="30">
							<String ID="string_186" HPOS="266" VPOS="1515" WIDTH="112" HEIGHT="30" WC="0.96" CONTENT="hissar"/>
						</TextLine>
						<TextLine ID="line_30" HPOS="264" VPOS="1558" WIDTH="233" HEIGHT="40">
							<String ID="string_187" HPOS="264" VPOS="1558" WIDTH="233" HEIGHT="40" WC="0.90" CONTENT="höpressning"/>
						</TextLine>
						<TextLine ID="line_31" HPOS="266" VPOS="1601" WIDTH="624" HEIGHT="40">
							<String ID="string_188" HPOS="266" VPOS="1601" WIDTH="280" HEIGHT="39" WC="0.92" CONTENT="ogräshackning"/><SP WIDTH="21" VPOS="1601" HPOS="546"/>
							<String ID="string_189" HPOS="567" VPOS="1601" WIDTH="95" HEIGHT="30" WC="0.96" CONTENT="inom"/><SP WIDTH="21" VPOS="1601" HPOS="662"/>
							<String ID="string_190" HPOS="683" VPOS="1602" WIDTH="207" HEIGHT="39" WC="0.96" CONTENT="jordbruket"/>
						</TextLine>
						<TextLine ID="line_32" HPOS="265" VPOS="1643" WIDTH="289" HEIGHT="40">
							<String ID="string_191" HPOS="265" VPOS="1643" WIDTH="289" HEIGHT="40" WC="0.90" CONTENT="ogrässprutning"/>
						</TextLine>
						<TextLine ID="line_33" HPOS="265" VPOS="1686" WIDTH="320" HEIGHT="38">
							<String ID="string_192" HPOS="265" VPOS="1686" WIDTH="320" HEIGHT="38" WC="0.89" CONTENT="transportfläktar."/>
						</TextLine>
					</TextBlock>
					<TextBlock ID="block_10" HPOS="265" VPOS="1735" WIDTH="1503" HEIGHT="74">
						<TextLine ID="line_34" HPOS="308" VPOS="1735" WIDTH="1460" HEIGHT="36">
							<String ID="string_193" HPOS="308" VPOS="1735" WIDTH="81" HEIGHT="25" WC="0.68" CONTENT="Anm."/><SP WIDTH="22" VPOS="1735" HPOS="389"/>
							<String ID="string_194" HPOS="411" VPOS="1736" WIDTH="231" HEIGHT="31" WC="0.92" CONTENT="Gödselkörning"/><SP WIDTH="22" VPOS="1736" HPOS="642"/>
							<String ID="string_195" HPOS="664" VPOS="1737" WIDTH="84" HEIGHT="31" WC="0.96" CONTENT="ingår"/><SP WIDTH="21" VPOS="1737" HPOS="748"/>
							<String ID="string_196" HPOS="769" VPOS="1737" WIDTH="8" HEIGHT="24" WC="0.96" CONTENT="i"/><SP WIDTH="22" VPOS="1737" HPOS="777"/>
							<String ID="string_197" HPOS="799" VPOS="1739" WIDTH="195" HEIGHT="29" WC="0.93" CONTENT="transporter;"/><SP WIDTH="22" VPOS="1739" HPOS="994"/>
							<String ID="string_198" HPOS="1016" VPOS="1739" WIDTH="299" HEIGHT="31" WC="0.90" CONTENT="rotfruktshackning,"/><SP WIDTH="23" VPOS="1739" HPOS="1315"/>
							<String ID="string_199" HPOS="1338" VPOS="1740" WIDTH="259" HEIGHT="31" WC="0.91" CONTENT="stubbearbetning"/><SP WIDTH="22" VPOS="1740" HPOS="1597"/>
							<String ID="string_200" HPOS="1619" VPOS="1740" WIDTH="52" HEIGHT="24" WC="0.93" CONTENT="och"/><SP WIDTH="23" VPOS="1740" HPOS="1671"/>
							<String ID="string_201" HPOS="1694" VPOS="1741" WIDTH="74" HEIGHT="24" WC="0.92" CONTENT="vält-"/>
						</TextLine>
						<TextLine ID="line_35" HPOS="265" VPOS="1777" WIDTH="482" HEIGHT="32">
							<String ID="string_202" HPOS="265" VPOS="1777" WIDTH="68" HEIGHT="31" WC="0.96" CONTENT="ning"/><SP WIDTH="20" VPOS="1777" HPOS="333"/>
							<String ID="string_203" HPOS="353" VPOS="1777" WIDTH="84" HEIGHT="31" WC="0.96" CONTENT="ingår"/><SP WIDTH="19" VPOS="1777" HPOS="437"/>
							<String ID="string_204" HPOS="456" VPOS="1779" WIDTH="9" HEIGHT="23" WC="0.93" CONTENT="i"/><SP WIDTH="20" VPOS="1779" HPOS="465"/>
							<String ID="string_205" HPOS="485" VPOS="1778" WIDTH="144" HEIGHT="31" WC="0.91" CONTENT="harvning"/><SP WIDTH="20" VPOS="1778" HPOS="629"/>
							<String ID="string_206" HPOS="649" VPOS="1786" WIDTH="38" HEIGHT="17" WC="0.89" CONTENT="m."/><SP WIDTH="17" VPOS="1786" HPOS="687"/>
							<String ID="string_207" HPOS="704" VPOS="1786" WIDTH="43" HEIGHT="17" WC="0.89" CONTENT="m."/>
						</TextLine>
					</TextBlock>
				</ComposedBlock>
				<ComposedBlock ID="cblock_5" HPOS="261" VPOS="1836" WIDTH="1509" HEIGHT="636">
					<TextBlock ID="block_11" HPOS="264" VPOS="1836" WIDTH="1506" HEIGHT="254">
						<TextLine ID="line_36" HPOS="309" VPOS="1836" WIDTH="1461" HEIGHT="44">
							<String ID="string_208" HPOS="309" VPOS="1836" WIDTH="28" HEIGHT="30" WC="0.93" CONTENT="4."/><SP WIDTH="25" VPOS="1836" HPOS="337"/>
							<String ID="string_209" HPOS="362" VPOS="1837" WIDTH="50" HEIGHT="30" WC="0.96" CONTENT="De"/><SP WIDTH="22" VPOS="1837" HPOS="412"/>
							<String ID="string_210" HPOS="434" VPOS="1838" WIDTH="10" HEIGHT="29" WC="0.96" CONTENT="i"/><SP WIDTH="22" VPOS="1838" HPOS="444"/>
							<String ID="string_211" HPOS="466" VPOS="1838" WIDTH="113" HEIGHT="39" WC="0.96" CONTENT="punkt"/><SP WIDTH="21" VPOS="1838" HPOS="579"/>
							<String ID="string_212" HPOS="600" VPOS="1838" WIDTH="19" HEIGHT="29" WC="0.96" CONTENT="3"/><SP WIDTH="23" VPOS="1838" HPOS="619"/>
							<String ID="string_213" HPOS="642" VPOS="1838" WIDTH="150" HEIGHT="40" WC="0.96" CONTENT="angivna"/><SP WIDTH="22" VPOS="1838" HPOS="792"/>
							<String ID="string_214" HPOS="814" VPOS="1848" WIDTH="188" HEIGHT="22" WC="0.96" CONTENT="normerna"/><SP WIDTH="21" VPOS="1848" HPOS="1002"/>
							<String ID="string_215" HPOS="1023" VPOS="1840" WIDTH="99" HEIGHT="30" WC="0.96" CONTENT="skola"/><SP WIDTH="19" VPOS="1840" HPOS="1122"/>
							<String ID="string_216" HPOS="1141" VPOS="1849" WIDTH="86" HEIGHT="21" WC="0.96" CONTENT="vara"/><SP WIDTH="21" VPOS="1849" HPOS="1227"/>
							<String ID="string_217" HPOS="1248" VPOS="1841" WIDTH="284" HEIGHT="39" WC="0.96" CONTENT="grundläggande"/><SP WIDTH="22" VPOS="1841" HPOS="1532"/>
							<String ID="string_218" HPOS="1554" VPOS="1842" WIDTH="54" HEIGHT="30" WC="0.91" CONTENT="för"/><SP WIDTH="22" VPOS="1842" HPOS="1608"/>
							<String ID="string_219" HPOS="1630" VPOS="1842" WIDTH="140" HEIGHT="30" WC="0.91" CONTENT="restitu-"/>
						</TextLine>
						<TextLine ID="line_37" HPOS="265" VPOS="1879" WIDTH="1505" HEIGHT="45">
							<String ID="string_220" HPOS="265" VPOS="1879" WIDTH="127" HEIGHT="29" WC="0.93" CONTENT="tionen."/><SP WIDTH="27" VPOS="1879" HPOS="392"/>
							<String ID="string_221" HPOS="419" VPOS="1880" WIDTH="126" HEIGHT="30" WC="0.92" CONTENT="Därest"/><SP WIDTH="25" VPOS="1880" HPOS="545"/>
							<String ID="string_222" HPOS="570" VPOS="1881" WIDTH="175" HEIGHT="30" WC="0.96" CONTENT="särskilda"/><SP WIDTH="26" VPOS="1881" HPOS="745"/>
							<String ID="string_223" HPOS="771" VPOS="1881" WIDTH="245" HEIGHT="31" WC="0.96" CONTENT="förhållanden"/><SP WIDTH="26" VPOS="1881" HPOS="1016"/>
							<String ID="string_224" HPOS="1042" VPOS="1882" WIDTH="178" HEIGHT="40" WC="0.96" CONTENT="föreligga,"/><SP WIDTH="27" VPOS="1882" HPOS="1220"/>
							<String ID="string_225" HPOS="1247" VPOS="1892" WIDTH="74" HEIGHT="21" WC="0.96" CONTENT="som"/><SP WIDTH="26" VPOS="1892" HPOS="1321"/>
							<String ID="string_226" HPOS="1347" VPOS="1883" WIDTH="160" HEIGHT="31" WC="0.96" CONTENT="medföra"/><SP WIDTH="25" VPOS="1883" HPOS="1507"/>
							<String ID="string_227" HPOS="1532" VPOS="1893" WIDTH="43" HEIGHT="20" WC="0.96" CONTENT="en"/><SP WIDTH="25" VPOS="1893" HPOS="1575"/>
							<String ID="string_228" HPOS="1600" VPOS="1884" WIDTH="170" HEIGHT="40" WC="0.96" CONTENT="påtagligt"/>
						</TextLine>
						<TextLine ID="line_38" HPOS="264" VPOS="1922" WIDTH="1505" HEIGHT="43">
							<String ID="string_229" HPOS="264" VPOS="1922" WIDTH="108" HEIGHT="29" WC="0.96" CONTENT="större"/><SP WIDTH="25" VPOS="1922" HPOS="372"/>
							<String ID="string_230" HPOS="397" VPOS="1922" WIDTH="235" HEIGHT="40" WC="0.96" CONTENT="förbrukning"/><SP WIDTH="24" VPOS="1922" HPOS="632"/>
							<String ID="string_231" HPOS="656" VPOS="1932" WIDTH="43" HEIGHT="21" WC="0.95" CONTENT="av"/><SP WIDTH="23" VPOS="1932" HPOS="699"/>
							<String ID="string_232" HPOS="722" VPOS="1923" WIDTH="121" HEIGHT="30" WC="0.95" CONTENT="bensin"/><SP WIDTH="25" VPOS="1923" HPOS="843"/>
							<String ID="string_233" HPOS="868" VPOS="1924" WIDTH="56" HEIGHT="30" WC="0.93" CONTENT="för"/><SP WIDTH="23" VPOS="1924" HPOS="924"/>
							<String ID="string_234" HPOS="947" VPOS="1924" WIDTH="459" HEIGHT="41" WC="0.90" CONTENT="restitutionsberättigande"/><SP WIDTH="25" VPOS="1924" HPOS="1406"/>
							<String ID="string_235" HPOS="1431" VPOS="1926" WIDTH="164" HEIGHT="30" WC="0.96" CONTENT="ändamål"/><SP WIDTH="25" VPOS="1926" HPOS="1595"/>
							<String ID="string_236" HPOS="1620" VPOS="1927" WIDTH="45" HEIGHT="29" WC="0.91" CONTENT="än"/><SP WIDTH="25" VPOS="1927" HPOS="1665"/>
							<String ID="string_237" HPOS="1690" VPOS="1935" WIDTH="79" HEIGHT="21" WC="0.90" CONTENT="nor-"/>
						</TextLine>
						<TextLine ID="line_39" HPOS="264" VPOS="1964" WIDTH="1504" HEIGHT="44">
							<String ID="string_238" HPOS="264" VPOS="1973" WIDTH="119" HEIGHT="21" WC="0.92" CONTENT="merna"/><SP WIDTH="22" VPOS="1973" HPOS="383"/>
							<String ID="string_239" HPOS="405" VPOS="1964" WIDTH="136" HEIGHT="40" WC="0.89" CONTENT="angiva,"/><SP WIDTH="22" VPOS="1964" HPOS="541"/>
							<String ID="string_240" HPOS="563" VPOS="1964" WIDTH="57" HEIGHT="30" WC="0.96" CONTENT="må"/><SP WIDTH="20" VPOS="1964" HPOS="620"/>
							<String ID="string_241" HPOS="640" VPOS="1965" WIDTH="12" HEIGHT="29" WC="0.96" CONTENT="i"/><SP WIDTH="22" VPOS="1965" HPOS="652"/>
							<String ID="string_242" HPOS="674" VPOS="1966" WIDTH="58" HEIGHT="29" WC="0.95" CONTENT="det"/><SP WIDTH="22" VPOS="1966" HPOS="732"/>
							<String ID="string_243" HPOS="754" VPOS="1966" WIDTH="158" HEIGHT="30" WC="0.95" CONTENT="enskilda"/><SP WIDTH="22" VPOS="1966" HPOS="912"/>
							<String ID="string_244" HPOS="934" VPOS="1966" WIDTH="98" HEIGHT="31" WC="0.96" CONTENT="fallet"/><SP WIDTH="21" VPOS="1966" HPOS="1032"/>
							<String ID="string_245" HPOS="1053" VPOS="1967" WIDTH="91" HEIGHT="30" WC="0.96" CONTENT="intill"/><SP WIDTH="22" VPOS="1967" HPOS="1144"/>
							<String ID="string_246" HPOS="1166" VPOS="1967" WIDTH="42" HEIGHT="30" WC="0.96" CONTENT="20"/><SP WIDTH="21" VPOS="1967" HPOS="1208"/>
							<String ID="string_247" HPOS="1229" VPOS="1970" WIDTH="161" HEIGHT="37" WC="0.96" CONTENT="procents"/><SP WIDTH="24" VPOS="1970" HPOS="1390"/>
							<String ID="string_248" HPOS="1414" VPOS="1968" WIDTH="206" HEIGHT="40" WC="0.96" CONTENT="förhöjning"/><SP WIDTH="20" VPOS="1968" HPOS="1620"/>
							<String ID="string_249" HPOS="1640" VPOS="1977" WIDTH="45" HEIGHT="21" WC="0.93" CONTENT="av"/><SP WIDTH="20" VPOS="1977" HPOS="1685"/>
							<String ID="string_250" HPOS="1705" VPOS="1978" WIDTH="63" HEIGHT="20" WC="0.93" CONTENT="un-"/>
						</TextLine>
						<TextLine ID="line_40" HPOS="264" VPOS="2006" WIDTH="1505" HEIGHT="44">
							<String ID="string_251" HPOS="264" VPOS="2006" WIDTH="151" HEIGHT="39" WC="0.92" CONTENT="derlaget"/><SP WIDTH="20" VPOS="2006" HPOS="415"/>
							<String ID="string_252" HPOS="435" VPOS="2007" WIDTH="56" HEIGHT="29" WC="0.93" CONTENT="för"/><SP WIDTH="19" VPOS="2007" HPOS="491"/>
							<String ID="string_253" HPOS="510" VPOS="2007" WIDTH="264" HEIGHT="31" WC="0.91" CONTENT="restitutionens"/><SP WIDTH="18" VPOS="2007" HPOS="774"/>
							<String ID="string_254" HPOS="792" VPOS="2008" WIDTH="224" HEIGHT="31" WC="0.96" CONTENT="beräknande"/><SP WIDTH="20" VPOS="2008" HPOS="1016"/>
							<String ID="string_255" HPOS="1036" VPOS="2009" WIDTH="145" HEIGHT="31" WC="0.96" CONTENT="föreslås"/><SP WIDTH="21" VPOS="2009" HPOS="1181"/>
							<String ID="string_256" HPOS="1202" VPOS="2019" WIDTH="43" HEIGHT="21" WC="0.96" CONTENT="av"/><SP WIDTH="18" VPOS="2019" HPOS="1245"/>
							<String ID="string_257" HPOS="1263" VPOS="2010" WIDTH="266" HEIGHT="40" WC="0.95" CONTENT="länsstyrelsen;"/><SP WIDTH="22" VPOS="2010" HPOS="1529"/>
							<String ID="string_258" HPOS="1551" VPOS="2012" WIDTH="89" HEIGHT="29" WC="0.96" CONTENT="dock"/><SP WIDTH="19" VPOS="2012" HPOS="1640"/>
							<String ID="string_259" HPOS="1659" VPOS="2011" WIDTH="31" HEIGHT="39" WC="0.96" CONTENT="ej"/><SP WIDTH="24" VPOS="2011" HPOS="1690"/>
							<String ID="string_260" HPOS="1714" VPOS="2011" WIDTH="55" HEIGHT="30" WC="0.96" CONTENT="för"/>
						</TextLine>
						<TextLine ID="line_41" HPOS="264" VPOS="2049" WIDTH="659" HEIGHT="41">
							<String ID="string_261" HPOS="264" VPOS="2050" WIDTH="217" HEIGHT="38" WC="0.94" CONTENT="transporter"/><SP WIDTH="19" VPOS="2050" HPOS="481"/>
							<String ID="string_262" HPOS="500" VPOS="2049" WIDTH="93" HEIGHT="30" WC="0.93" CONTENT="inom"/><SP WIDTH="22" VPOS="2049" HPOS="593"/>
							<String ID="string_263" HPOS="615" VPOS="2050" WIDTH="308" HEIGHT="40" WC="0.91" CONTENT="brukningsdelen."/>
						</TextLine>
					</TextBlock>
					<TextBlock ID="block_12" HPOS="261" VPOS="2091" WIDTH="1507" HEIGHT="85">
						<TextLine ID="line_42" HPOS="308" VPOS="2091" WIDTH="1460" HEIGHT="45">
							<String ID="string_264" HPOS="308" VPOS="2091" WIDTH="28" HEIGHT="29" WC="0.51" CONTENT="9."/><SP WIDTH="26" VPOS="2091" HPOS="336"/>
							<String ID="string_265" HPOS="362" VPOS="2091" WIDTH="212" HEIGHT="30" WC="0.90" CONTENT="Restitution"/><SP WIDTH="28" VPOS="2091" HPOS="574"/>
							<String ID="string_266" HPOS="602" VPOS="2091" WIDTH="54" HEIGHT="31" WC="0.93" CONTENT="för"/><SP WIDTH="27" VPOS="2091" HPOS="656"/>
							<String ID="string_267" HPOS="683" VPOS="2092" WIDTH="275" HEIGHT="31" WC="0.91" CONTENT="maskinhållare"/><SP WIDTH="28" VPOS="2092" HPOS="958"/>
							<String ID="string_268" HPOS="986" VPOS="2093" WIDTH="110" HEIGHT="41" WC="0.96" CONTENT="utgår,"/><SP WIDTH="27" VPOS="2093" HPOS="1096"/>
							<String ID="string_269" HPOS="1123" VPOS="2095" WIDTH="64" HEIGHT="29" WC="0.96" CONTENT="där"/><SP WIDTH="27" VPOS="2095" HPOS="1187"/>
							<String ID="string_270" HPOS="1214" VPOS="2095" WIDTH="234" HEIGHT="40" WC="0.96" CONTENT="beräkningar"/><SP WIDTH="27" VPOS="2095" HPOS="1448"/>
							<String ID="string_271" HPOS="1475" VPOS="2096" WIDTH="107" HEIGHT="39" WC="0.96" CONTENT="enligt"/><SP WIDTH="25" VPOS="2096" HPOS="1582"/>
							<String ID="string_272" HPOS="1607" VPOS="2096" WIDTH="116" HEIGHT="40" WC="0.96" CONTENT="punkt"/><SP WIDTH="27" VPOS="2096" HPOS="1723"/>
							<String ID="string_273" HPOS="1750" VPOS="2095" WIDTH="18" HEIGHT="30" WC="0.96" CONTENT="3"/>
						</TextLine>
						<TextLine ID="line_43" HPOS="261" VPOS="2132" WIDTH="951" HEIGHT="44">
							<String ID="string_274" HPOS="261" VPOS="2132" WIDTH="74" HEIGHT="30" WC="0.96" CONTENT="icke"/><SP WIDTH="21" VPOS="2132" HPOS="335"/>
							<String ID="string_275" HPOS="356" VPOS="2133" WIDTH="122" HEIGHT="31" WC="0.96" CONTENT="kunna"/><SP WIDTH="21" VPOS="2133" HPOS="478"/>
							<String ID="string_276" HPOS="499" VPOS="2134" WIDTH="217" HEIGHT="35" WC="0.96" CONTENT="verkställas,"/><SP WIDTH="23" VPOS="2134" HPOS="716"/>
							<String ID="string_277" HPOS="739" VPOS="2135" WIDTH="105" HEIGHT="39" WC="0.96" CONTENT="enligt"/><SP WIDTH="21" VPOS="2135" HPOS="844"/>
							<String ID="string_278" HPOS="865" VPOS="2135" WIDTH="158" HEIGHT="40" WC="0.96" CONTENT="följande"/><SP WIDTH="21" VPOS="2135" HPOS="1023"/>
							<String ID="string_279" HPOS="1044" VPOS="2137" WIDTH="168" HEIGHT="39" WC="0.96" CONTENT="grunder:"/>
						</TextLine>
					</TextBlock>
					<TextBlock ID="block_13" HPOS="262" VPOS="2175" WIDTH="1506" HEIGHT="169">
						<TextLine ID="line_44" HPOS="308" VPOS="2175" WIDTH="1460" HEIGHT="45">
							<String ID="string_280" HPOS="308" VPOS="2175" WIDTH="270" HEIGHT="32" WC="0.91" CONTENT="Maskinhållare"/><SP WIDTH="20" VPOS="2175" HPOS="578"/>
							<String ID="string_281" HPOS="598" VPOS="2177" WIDTH="90" HEIGHT="29" WC="0.93" CONTENT="skall"/><SP WIDTH="20" VPOS="2177" HPOS="688"/>
							<String ID="string_282" HPOS="708" VPOS="2177" WIDTH="149" HEIGHT="40" WC="0.92" CONTENT="uppgiva"/><SP WIDTH="19" VPOS="2177" HPOS="857"/>
							<String ID="string_283" HPOS="876" VPOS="2178" WIDTH="58" HEIGHT="30" WC="0.96" CONTENT="det"/><SP WIDTH="20" VPOS="2178" HPOS="934"/>
							<String ID="string_284" HPOS="954" VPOS="2179" WIDTH="94" HEIGHT="29" WC="0.96" CONTENT="antal"/><SP WIDTH="19" VPOS="2179" HPOS="1048"/>
							<String ID="string_285" HPOS="1067" VPOS="2179" WIDTH="144" HEIGHT="30" WC="0.96" CONTENT="timmar"/><SP WIDTH="19" VPOS="2179" HPOS="1211"/>
							<String ID="string_286" HPOS="1230" VPOS="2180" WIDTH="160" HEIGHT="29" WC="0.96" CONTENT="traktorn"/><SP WIDTH="20" VPOS="2180" HPOS="1390"/>
							<String ID="string_287" HPOS="1410" VPOS="2181" WIDTH="149" HEIGHT="29" WC="0.96" CONTENT="använts"/><SP WIDTH="19" VPOS="2181" HPOS="1559"/>
							<String ID="string_288" HPOS="1578" VPOS="2181" WIDTH="55" HEIGHT="29" WC="0.92" CONTENT="för"/><SP WIDTH="19" VPOS="2181" HPOS="1633"/>
							<String ID="string_289" HPOS="1652" VPOS="2182" WIDTH="116" HEIGHT="38" WC="0.92" CONTENT="egent-"/>
						</TextLine>
						<TextLine ID="line_45" HPOS="262" VPOS="2217" WIDTH="1506" HEIGHT="45">
							<String ID="string_290" HPOS="262" VPOS="2217" WIDTH="60" HEIGHT="39" WC="0.91" CONTENT="ligt"/><SP WIDTH="22" VPOS="2217" HPOS="322"/>
							<String ID="string_291" HPOS="344" VPOS="2218" WIDTH="371" HEIGHT="38" WC="0.90" CONTENT="jordbruksändamål,"/><SP WIDTH="25" VPOS="2218" HPOS="715"/>
							<String ID="string_292" HPOS="740" VPOS="2220" WIDTH="119" HEIGHT="30" WC="0.96" CONTENT="varvid"/><SP WIDTH="25" VPOS="2220" HPOS="859"/>
							<String ID="string_293" HPOS="884" VPOS="2221" WIDTH="257" HEIGHT="30" WC="0.96" CONTENT="vederbörande"/><SP WIDTH="24" VPOS="2221" HPOS="1141"/>
							<String ID="string_294" HPOS="1165" VPOS="2221" WIDTH="234" HEIGHT="39" WC="0.96" CONTENT="jordbrukare"/><SP WIDTH="25" VPOS="2221" HPOS="1399"/>
							<String ID="string_295" HPOS="1424" VPOS="2222" WIDTH="45" HEIGHT="40" WC="0.96" CONTENT="på"/><SP WIDTH="24" VPOS="2222" HPOS="1469"/>
							<String ID="string_296" HPOS="1493" VPOS="2222" WIDTH="152" HEIGHT="30" WC="0.93" CONTENT="särskild"/><SP WIDTH="25" VPOS="2222" HPOS="1645"/>
							<String ID="string_297" HPOS="1670" VPOS="2222" WIDTH="98" HEIGHT="30" WC="0.91" CONTENT="blan-"/>
						</TextLine>
						<TextLine ID="line_46" HPOS="262" VPOS="2259" WIDTH="1504" HEIGHT="44">
							<String ID="string_298" HPOS="262" VPOS="2259" WIDTH="72" HEIGHT="30" WC="0.92" CONTENT="kett"/><SP WIDTH="19" VPOS="2259" HPOS="334"/>
							<String ID="string_299" HPOS="353" VPOS="2260" WIDTH="89" HEIGHT="30" WC="0.93" CONTENT="skall"/><SP WIDTH="19" VPOS="2260" HPOS="442"/>
							<String ID="string_300" HPOS="461" VPOS="2261" WIDTH="174" HEIGHT="39" WC="0.92" CONTENT="bestyrka,"/><SP WIDTH="21" VPOS="2261" HPOS="635"/>
							<String ID="string_301" HPOS="656" VPOS="2263" WIDTH="52" HEIGHT="29" WC="0.92" CONTENT="att"/><SP WIDTH="18" VPOS="2263" HPOS="708"/>
							<String ID="string_302" HPOS="726" VPOS="2262" WIDTH="196" HEIGHT="32" WC="0.92" CONTENT="timantalet"/><SP WIDTH="19" VPOS="2262" HPOS="922"/>
							<String ID="string_303" HPOS="941" VPOS="2264" WIDTH="39" HEIGHT="28" WC="0.96" CONTENT="är"/><SP WIDTH="19" VPOS="2264" HPOS="980"/>
							<String ID="string_304" HPOS="999" VPOS="2262" WIDTH="129" HEIGHT="41" WC="0.93" CONTENT="riktigt."/><SP WIDTH="21" VPOS="2262" HPOS="1128"/>
							<String ID="string_305" HPOS="1149" VPOS="2263" WIDTH="257" HEIGHT="31" WC="0.91" CONTENT="Restitutionen"/><SP WIDTH="19" VPOS="2263" HPOS="1406"/>
							<String ID="string_306" HPOS="1425" VPOS="2265" WIDTH="173" HEIGHT="30" WC="0.96" CONTENT="beräknas"/><SP WIDTH="18" VPOS="2265" HPOS="1598"/>
							<String ID="string_307" HPOS="1616" VPOS="2265" WIDTH="90" HEIGHT="30" WC="0.96" CONTENT="efter"/><SP WIDTH="18" VPOS="2265" HPOS="1706"/>
							<String ID="string_308" HPOS="1724" VPOS="2274" WIDTH="42" HEIGHT="20" WC="0.96" CONTENT="en"/>
						</TextLine>
						<TextLine ID="line_47" HPOS="262" VPOS="2303" WIDTH="835" HEIGHT="41">
							<String ID="string_309" HPOS="262" VPOS="2303" WIDTH="148" HEIGHT="38" WC="0.95" CONTENT="antagen"/><SP WIDTH="20" VPOS="2303" HPOS="410"/>
							<String ID="string_310" HPOS="430" VPOS="2303" WIDTH="235" HEIGHT="40" WC="0.96" CONTENT="förbrukning"/><SP WIDTH="20" VPOS="2303" HPOS="665"/>
							<String ID="string_311" HPOS="685" VPOS="2313" WIDTH="44" HEIGHT="21" WC="0.96" CONTENT="av"/><SP WIDTH="20" VPOS="2313" HPOS="729"/>
							<String ID="string_312" HPOS="749" VPOS="2303" WIDTH="19" HEIGHT="30" WC="0.95" CONTENT="4"/><SP WIDTH="20" VPOS="2303" HPOS="768"/>
							<String ID="string_313" HPOS="788" VPOS="2304" WIDTH="76" HEIGHT="30" WC="0.95" CONTENT="liter"/><SP WIDTH="20" VPOS="2304" HPOS="864"/>
							<String ID="string_314" HPOS="884" VPOS="2314" WIDTH="63" HEIGHT="30" WC="0.96" CONTENT="per"/><SP WIDTH="20" VPOS="2314" HPOS="947"/>
							<String ID="string_315" HPOS="967" VPOS="2305" WIDTH="130" HEIGHT="30" WC="0.95" CONTENT="timme."/>
						</TextLine>
					</TextBlock>
					<TextBlock ID="block_14" HPOS="305" VPOS="2344" WIDTH="895" HEIGHT="41">
						<TextLine ID="line_48" HPOS="305" VPOS="2344" WIDTH="895" HEIGHT="41">
							<String ID="string_316" HPOS="305" VPOS="2344" WIDTH="28" HEIGHT="29" WC="0.93" CONTENT="6."/><SP WIDTH="27" VPOS="2344" HPOS="333"/>
							<String ID="string_317" HPOS="360" VPOS="2345" WIDTH="157" HEIGHT="40" WC="0.91" CONTENT="Inköpen"/><SP WIDTH="23" VPOS="2345" HPOS="517"/>
							<String ID="string_318" HPOS="540" VPOS="2345" WIDTH="98" HEIGHT="30" WC="0.96" CONTENT="skola"/><SP WIDTH="24" VPOS="2345" HPOS="638"/>
							<String ID="string_319" HPOS="662" VPOS="2346" WIDTH="140" HEIGHT="39" WC="0.96" CONTENT="styrkas"/><SP WIDTH="22" VPOS="2346" HPOS="802"/>
							<String ID="string_320" HPOS="824" VPOS="2347" WIDTH="78" HEIGHT="30" WC="0.93" CONTENT="med"/><SP WIDTH="23" VPOS="2347" HPOS="902"/>
							<String ID="string_321" HPOS="925" VPOS="2347" WIDTH="275" HEIGHT="31" WC="0.89" CONTENT="verifikationer."/>
						</TextLine>
					</TextBlock>
					<TextBlock ID="block_15" HPOS="306" VPOS="2386" WIDTH="1001" HEIGHT="43">
						<TextLine ID="line_49" HPOS="306" VPOS="2386" WIDTH="1001" HEIGHT="43">
							<String ID="string_322" HPOS="306" VPOS="2386" WIDTH="27" HEIGHT="29" WC="0.93" CONTENT="7."/><SP WIDTH="27" VPOS="2386" HPOS="333"/>
							<String ID="string_323" HPOS="360" VPOS="2387" WIDTH="212" HEIGHT="30" WC="0.92" CONTENT="Restitution"/><SP WIDTH="17" VPOS="2387" HPOS="572"/>
							<String ID="string_324" HPOS="589" VPOS="2388" WIDTH="172" HEIGHT="30" WC="0.96" CONTENT="utbetalas"/><SP WIDTH="17" VPOS="2388" HPOS="761"/>
							<String ID="string_325" HPOS="778" VPOS="2389" WIDTH="76" HEIGHT="30" WC="0.96" CONTENT="med"/><SP WIDTH="18" VPOS="2389" HPOS="854"/>
							<String ID="string_326" HPOS="872" VPOS="2389" WIDTH="39" HEIGHT="29" WC="0.96" CONTENT="27"/><SP WIDTH="18" VPOS="2389" HPOS="911"/>
							<String ID="string_327" HPOS="929" VPOS="2390" WIDTH="60" HEIGHT="29" WC="0.96" CONTENT="öre"/><SP WIDTH="15" VPOS="2390" HPOS="989"/>
							<String ID="string_328" HPOS="1004" VPOS="2399" WIDTH="60" HEIGHT="30" WC="0.96" CONTENT="per"/><SP WIDTH="15" VPOS="2399" HPOS="1064"/>
							<String ID="string_329" HPOS="1079" VPOS="2390" WIDTH="79" HEIGHT="30" WC="0.96" CONTENT="liter"/><SP WIDTH="15" VPOS="2390" HPOS="1158"/>
							<String ID="string_330" HPOS="1173" VPOS="2390" WIDTH="134" HEIGHT="31" WC="0.95" CONTENT="bensin."/>
						</TextLine>
					</TextBlock>
					<TextBlock ID="block_16" HPOS="305" VPOS="2436" WIDTH="1458" HEIGHT="36">
						<TextLine ID="line_50" HPOS="305" VPOS="2436" WIDTH="1458" HEIGHT="36">
							<String ID="string_331" HPOS="305" VPOS="2436" WIDTH="80" HEIGHT="25" WC="0.94" CONTENT="Anm."/><SP WIDTH="19" VPOS="2436" HPOS="385"/>
							<String ID="string_332" HPOS="404" VPOS="2437" WIDTH="11" HEIGHT="24" WC="0.95" CONTENT="I"/><SP WIDTH="19" VPOS="2437" HPOS="415"/>
							<String ID="string_333" HPOS="434" VPOS="2438" WIDTH="192" HEIGHT="24" WC="0.96" CONTENT="förevarande"/><SP WIDTH="19" VPOS="2438" HPOS="626"/>
							<String ID="string_334" HPOS="645" VPOS="2438" WIDTH="212" HEIGHT="31" WC="0.96" CONTENT="sammanhang"/><SP WIDTH="18" VPOS="2438" HPOS="857"/>
							<String ID="string_335" HPOS="875" VPOS="2442" WIDTH="120" HEIGHT="28" WC="0.93" CONTENT="antages"/><SP WIDTH="18" VPOS="2442" HPOS="995"/>
							<String ID="string_336" HPOS="1013" VPOS="2440" WIDTH="156" HEIGHT="31" WC="0.92" CONTENT="lättbentyl"/><SP WIDTH="20" VPOS="2440" HPOS="1169"/>
							<String ID="string_337" HPOS="1189" VPOS="2441" WIDTH="85" HEIGHT="24" WC="0.95" CONTENT="alltid"/><SP WIDTH="19" VPOS="2441" HPOS="1274"/>
							<String ID="string_338" HPOS="1293" VPOS="2441" WIDTH="151" HEIGHT="25" WC="0.95" CONTENT="innehålla"/><SP WIDTH="20" VPOS="2441" HPOS="1444"/>
							<String ID="string_339" HPOS="1464" VPOS="2442" WIDTH="30" HEIGHT="24" WC="0.94" CONTENT="75"/><SP WIDTH="19" VPOS="2442" HPOS="1494"/>
							<String ID="string_340" HPOS="1513" VPOS="2444" WIDTH="118" HEIGHT="28" WC="0.96" CONTENT="procent"/><SP WIDTH="19" VPOS="2444" HPOS="1631"/>
							<String ID="string_341" HPOS="1650" VPOS="2441" WIDTH="113" HEIGHT="25" WC="0.96" CONTENT="bensin."/>
						</TextLine>
					</TextBlock>
				</ComposedBlock>
			</PrintSpace>
		</Page>
	</Layout>
</alto>
