2240 2733
711 241 270 33 Stats-Utskottets
1012 245 167 32 Utlåtande
1205 249 56 29 N:o
1285 252 45 27 44.
1766 262 12 26 1

927 749 91 39 N:o
1045 749 79 41 44.

694 900 75 28 Ank.
794 901 44 27 till
860 901 101 30 Riksd.
987 903 101 29 Kansli
1112 905 55 28 den
1191 908 37 27 27
1252 908 82 29 Mars
1361 911 87 36 1875,
1471 911 38 30 kl.
1536 915 37 27 12
1596 915 89 30 midd.

429 1042 207 47 Utlåtande,
676 1046 13 34 i
729 1047 197 48 anledning
959 1051 45 47 af
1040 1052 99 35 väckt
1165 1053 139 50 förslag
1346 1058 189 47 angående
1563 1062 256 48 medgifvande

620 1096 44 46 af
705 1097 263 49 skatteköpsrätt
1008 1101 53 36 till
1100 1103 145 37 sådana
1285 1107 286 50 kronohemman,
1599 1125 76 24 som
1703 1115 117 49 blifvit

620 1147 91 46 från
751 1149 211 49 kungsgård
995 1152 81 36 eller
1116 1168 124 24 annan
1269 1157 174 39 Kronans
1470 1163 164 46 egendom
1661 1165 157 49 lagligen

620 1199 173 45 afskilda.

1554 1315 41 46 (I.
1623 1316 60 47 A.)

352 1449 63 36 Uti
450 1463 45 24 en
528 1453 97 36 inom
653 1454 128 37 Andra
808 1457 218 38 Kammaren
1055 1462 121 44 väckt,
1204 1462 57 36 till
1288 1463 331 57 Stats-Utskottets
1648 1470 167 40 behand-

215 1499 79 48 ling
323 1500 192 47 hänvisad,
545 1506 139 35 motion
712 1505 85 47 (N:o
828 1506 60 48 60)
917 1510 67 36 har
1011 1511 94 36 Herr
1132 1513 36 36 J.
1198 1513 212 40 Andersson
1431 1517 81 38 från
1530 1520 284 52 Östergötlands

216 1551 62 34 län
319 1550 202 49 föreslagit,
568 1562 55 30 att
651 1557 212 47 Riksdagen
892 1561 116 37 skulle
1036 1562 158 38 förklara
1222 1566 56 48 sig
1306 1568 201 49 medgifva,
1536 1578 57 29 att
1620 1577 107 33 äfven
1755 1576 58 36 så-

216 1600 94 37 dana
352 1603 297 48 kronohemman,
688 1623 79 21 som
802 1609 100 38 förut
943 1614 95 35 varit
1065 1617 119 45 någon
1214 1617 215 49 kungsgård
1458 1622 90 36 eller
1574 1637 120 24 annan
1722 1627 91 36 Kro-

213 1665 90 23 nans
334 1655 184 46 egendom
548 1658 287 50 underlydande,
863 1675 84 24 men
971 1663 121 37 blifvit
1119 1666 11 35 i
1158 1667 112 50 laglig
1298 1670 160 49 ordning
1487 1672 162 39 derifrån
1678 1678 129 46 skilda,

215 1706 59 32 må
314 1705 124 36 kunna
478 1707 167 49 försäljas
686 1711 57 35 till
784 1713 116 36 skatte
941 1715 119 36 under
1100 1729 140 25 samma
1282 1721 127 45 vilkor,
1439 1736 78 23 som
1545 1726 55 35 uti
1632 1729 92 36 1848
1752 1729 59 38 års

214 1754 129 49 Kongl.
371 1757 229 48 kungörelse,
629 1763 155 35 rörande
812 1771 132 38 ämnet,
973 1774 62 28 äro
1065 1767 56 36 för
1136 1770 149 48 vanliga
1301 1772 291 40 kronohemman
1609 1777 201 41 bestämda.

345 1807 55 36 Då
429 1811 229 36 motionären
686 1816 118 33 såsom
834 1817 200 48 anledning
1061 1819 54 34 till
1145 1820 64 35 sitt
1236 1821 136 50 förslag
1399 1825 186 48 uppgifvit
1612 1828 45 37 de
1686 1833 124 44 åtgär-

212 1856 77 45 der,
318 1871 79 23 som
425 1861 117 35 skulle
570 1868 63 42 egt
660 1877 83 22 rum
773 1866 84 35 med
888 1867 170 38 afseende
1087 1873 20 32 å
1135 1871 83 36 sökt
1245 1879 75 45 rätt
1348 1875 56 35 till
1433 1878 192 51 skatteköp
1654 1880 40 37 af
1711 1883 97 37 vissa

211 1908 100 36 inom
351 1910 204 50 Brunneby
594 1915 144 45 socken,
778 1917 167 49 Bobergs
985 1920 115 35 härad
1142 1923 65 34 och
1236 1923 285 48 Östergötlands
1549 1930 60 36 län
1639 1932 168 49 belägna,

210 1959 78 36 förr
335 1962 118 35 under
480 1962 24 36 f.
535 1963 34 35 d.
600 1965 273 49 kungsgården,
902 1983 154 24 numera
1083 1972 181 50 indragna
1292 1976 516 51 öfverstelöjtnantsbostället

212 2009 127 49 Kungs
376 2012 148 50 Norrby
552 2015 161 47 lydande
744 2018 182 46 hemman,
954 2021 64 36 har
1046 2021 190 39 Utskottet
1262 2026 195 39 förskaffat
1484 2031 56 47 sig
1568 2032 45 37 de
1641 2034 165 38 handlin-

209 2074 79 35 gar,
315 2075 82 23 som
425 2063 285 49 ifrågavarande
739 2069 171 38 hemman
938 2080 95 37 röra,
1063 2074 66 35 och
1160 2075 40 36 af
1226 2077 82 36 dem
1337 2079 197 39 inhemtat-

344 2120 65 38 att,
451 2116 111 36 sedan
597 2119 129 48 Kongl.
755 2120 121 48 Maj:ts
904 2123 415 50 Befallningshafvande
1347 2143 133 34 genom
1508 2135 180 37 särskilda
1715 2141 89 34 åren

211 2166 94 34 1762
340 2166 65 34 och
439 2168 92 35 1766
560 2168 100 37 fälla
689 2171 124 50 utslag
841 2174 194 48 medgifvit
1063 2176 418 43 boställsinnehafvaren
1510 2183 46 38 fri
1585 2185 218 50 disposition

209 2214 103 37 öfver
353 2216 105 37 dessa
499 2218 182 47 hemraan,
724 2235 84 24 men
850 2224 88 37 derå
982 2227 161 37 sittande
1186 2230 114 37 åboar
1341 2232 103 38 öfver
1472 2237 168 48 utslagen
1668 2239 137 48 klagat,

206 2265 135 50 Kongl.
386 2268 102 48 Maj:t
527 2272 11 33 i
579 2271 84 36 bref
699 2272 69 37 den
798 2277 19 34 8
846 2275 209 38 November
1085 2281 90 34 1771
1206 2280 186 49 förklarat,
1421 2292 55 30 att
1503 2296 85 28 enär
1614 2289 188 40 brukarne

206 2320 20 32 å
255 2318 218 38 hemmanen
500 2334 88 24 vore
615 2322 57 37 för
699 2323 169 39 Kronans
896 2328 112 36 åboar
1035 2330 68 35 och
1132 2332 31 47 ej
1193 2331 56 37 för
1277 2335 405 51 indelningshafvarens
1698 2342 105 38 land-

289 2377 65 29 PBih.
377 2380 39 27 till
438 2380 97 28 Biksd.
560 2382 74 28 Prot.
658 2383 80 28 1875.
783 2386 18 27 4
822 2385 86 29 Saml.
953 2388 15 27 1
990 2387 69 38 Afd.
1103 2390 43 27 22
1169 2391 78 37 Häft.
