1864 2770
269 179 40 30 10
642 179 252 27 Statsutskottets
919 180 162 27 utlåtande
1103 188 40 18 nr
1165 181 56 27 124
1244 181 35 27 år
1303 181 75 27 1959

324 258 63 29 Vid
412 258 222 39 förestående
662 260 146 29 ärendes
836 260 286 40 slutbehandling
1149 261 93 29 inom
1273 261 170 30 utskottet
1470 262 44 29 ha
1543 263 155 29 närvarit

322 320 78 29 från
434 320 142 30 första
609 323 220 28 kammaren:
865 323 121 28 herrar
1020 323 191 33 Näsström,
1246 323 188 34 Gillström,
1469 324 143 34 Boman,
1647 324 107 29 Einar

267 365 157 34 Persson,
455 366 77 29 Ivar
560 366 210 34 Johansson,
800 366 118 39 Birger
948 367 211 34 Andersson,
1189 367 113 34 Thun,
1332 368 182 39 Bergman,
1544 364 208 48 Holmqvist,

267 409 153 34 Pålsson,
442 410 84 29 Axel
548 411 178 29 Johannes
747 411 210 34 Andersson,
980 411 132 30 Rikard
1133 412 182 34 Svensson,
1338 413 200 38 Söderberg,
1561 414 108 29 Svärd
1689 413 65 29 och

265 454 177 34 Edström;
471 457 92 27 samt

321 515 79 30 från
435 518 136 28 andra
605 518 220 28 kammaren:
863 518 121 29 herrar
1021 518 178 38 Skoglund
1234 519 11 28 i
1281 519 221 38 Doverstorp,
1539 518 213 34 Åkerström,

267 561 179 29 Petterson
472 561 11 29 i
509 562 195 38 Degerfors,
730 562 172 38 Thapper,
929 562 153 29 Jansson
1108 563 11 28 i
1145 562 110 35 Kalix,
1284 564 148 28 Persson
1457 563 11 29 i
1494 563 123 39 Växjö,
1645 564 106 33 Ståhl,

265 605 139 29 Nilsson
427 606 12 28 i
464 605 271 40 Göingegården,
762 606 162 29 Hansson
949 607 10 29 i
987 606 149 39 Skegrie,
1162 607 166 34 Nihlfors,
1355 607 57 29 fru
1439 608 312 33 Lewén-Eliasson,

264 650 121 29 herrar
408 651 209 33 Heckscher,
642 651 225 34 Lassinantti,
892 651 153 29 Larsson
1069 651 10 29 i
1104 651 195 30 Hedenäset
1322 652 65 29 och
1411 652 119 29 Helén.

891 804 230 30 Reservation

319 882 42 19 av
387 873 122 29 herrar
536 874 79 28 Ivar
641 873 210 36 Johansson,
879 873 159 36 Pålsson,
1067 874 162 29 Hansson
1257 874 11 29 i
1298 874 139 38 Skegrie
1466 875 66 28 och
1559 874 152 29 Larsson
1740 874 11 29 i

262 925 205 35 Hedenäset,
490 927 96 29 vilka
609 929 113 27 ansett
745 929 50 27 att
819 927 169 29 utskottet
1011 928 79 28 bort
1113 927 175 39 tillstyrka
1312 928 221 29 motionerna
1555 928 28 29 I:
1600 927 63 30 456
1686 928 65 29 och

262 979 46 29 If:
325 979 61 29 565
411 980 65 28 och
503 982 50 27 att
578 981 119 29 därför

318 1032 72 29 dels
410 1033 57 29 det
487 1034 131 29 avsnitt
636 1034 11 28 i
667 1034 189 29 utskottets
875 1035 174 38 yttrande,
1071 1043 74 21 som
1165 1035 44 38 på
1229 1044 25 20 s.
1276 1035 16 29 7
1312 1035 120 39 börjar
1452 1036 80 28 med
1554 1035 196 29 »Utskottet

262 1086 78 29 vill>
365 1087 64 28 och
450 1087 45 38 på
517 1096 26 20 s.
566 1088 19 28 9
607 1087 109 29 slutar
737 1088 78 29 med
841 1088 84 29 >och
947 1088 45 29 II:
1009 1088 96 34 257»,
1128 1088 77 29 bort
1226 1089 46 28 ha
1293 1088 158 39 följande
1473 1089 145 38 lydelse:

319 1149 197 29 >Utskottet
539 1158 102 21 anser
665 1159 41 19 ur
729 1149 88 30 flera
841 1151 230 38 synpunkter,
1096 1152 50 28 att
1168 1150 193 31 inträffade
1384 1151 368 39 kostnadsstegringar

262 1220 43 2 —
329 1204 97 27 utom
449 1202 56 30 för
529 1203 98 29 löner
648 1221 44 3 —
714 1203 85 30 böra
824 1204 120 29 täckas
968 1204 77 29 icke
1070 1211 124 32 genom
1219 1204 220 40 uppförande
1465 1214 42 20 av
1531 1207 49 27 ett
1606 1204 144 30 särskilt

262 1256 389 40 prisregleringsanslag
680 1259 87 27 utan
796 1265 123 31 genom
948 1257 320 40 medelsanvisning
1297 1258 45 39 på
1370 1258 221 39 tilläggsstat.
1621 1259 131 29 Härvid

263 1309 95 29 delar
395 1310 172 29 utskottet
604 1310 66 30 den
707 1320 41 20 av
775 1311 418 40 riksräkenskapsverket
1219 1312 155 29 uttalade
1402 1313 198 38 meningen,
1627 1314 51 28 att
1704 1314 48 28 ett

262 1362 125 30 sådant
409 1363 265 40 förfaringssätt
696 1366 40 28 är
755 1364 56 30 väl
834 1364 165 40 förenligt
1021 1365 80 29 med
1122 1365 67 29 vad
1211 1365 188 40 riksdagen
1422 1366 128 30 uttalat
1573 1366 179 39 angående

262 1417 361 40 medelsanvisningar
659 1418 45 39 på
741 1418 219 39 tilläggsstat.
988 1419 212 39 Härigenom
1225 1420 123 29 vinnes
1375 1421 88 28 även
1489 1420 67 29 den
1583 1419 169 34 fördelen,

262 1472 51 27 att
340 1471 110 29 större
477 1471 223 39 möjligheter
728 1472 167 39 erbjudas
922 1473 52 28 till
1003 1482 43 20 en
1074 1473 106 38 riktig
1208 1472 199 40 fördelning
1434 1473 45 40 på
1506 1474 94 29 olika
1628 1474 122 38 anslag

262 1524 108 29 redan
395 1524 80 30 från
500 1525 137 39 början,
662 1526 174 39 varjämte
861 1526 189 39 riksdagen
1076 1527 71 29 kan
1172 1526 222 40 fortlöpande
1421 1527 88 39 följa
1536 1528 216 39 prisutveck-

261 1578 126 38 lingen.
414 1578 65 30 Det
506 1580 38 28 är
570 1579 118 29 vidare
714 1581 51 28 att
791 1580 133 33 märka,
952 1582 51 27 att
1029 1580 58 29 vid
1114 1580 220 30 alternativet
1360 1581 392 39 prisregleringsanslag

262 1631 112 29 skulle
395 1632 239 30 kostnaderna
654 1633 154 39 justeras
831 1633 77 40 fyra
931 1633 129 39 gånger
1082 1634 111 29 under
1213 1634 98 39 varje
1332 1634 171 39 budgetår
1525 1644 81 20 men
1628 1635 123 29 endast

261 1685 57 29 två
354 1685 128 39 gånger
518 1686 118 30 därest
672 1688 166 38 systemet
863 1687 79 29 med
979 1687 354 40 tilläggsstatsanslag
1358 1688 189 40 tillämpas.
1574 1688 178 30 Utskottet

261 1739 70 29 kan
351 1739 102 29 alltså
473 1739 77 30 icke
570 1739 137 31 biträda
727 1740 126 39 Kungl.
874 1740 125 40 Maj:ts
1021 1740 131 40 förslag
1171 1742 11 28 i
1203 1750 89 21 ovan
1313 1742 151 38 angivna
1485 1742 180 29 avseende.

316 1792 68 29 För
410 1793 166 29 mötande
604 1802 42 20 av
672 1794 346 39 kostnadsökningar
1045 1794 64 29 har
1137 1794 125 39 Kungl.
1291 1795 106 38 Maj:t
1424 1795 102 30 äskat
1554 1797 48 28 ett
1629 1796 122 39 anslag

261 1855 42 20 av
324 1845 40 30 40
385 1846 166 39 miljoner
582 1847 140 29 kronor.
744 1847 65 30 Det
840 1847 70 30 kan
931 1848 108 39 enligt
1061 1848 188 29 utskottets
1271 1849 142 38 mening
1434 1848 237 40 ifrågasättas,
1694 1858 58 21 om

261 1899 57 29 det
346 1900 10 28 i
385 1900 205 30 nuvarande
619 1901 300 39 konjunkturläge
948 1901 118 30 finnes
1096 1902 188 39 anledning
1313 1904 51 27 att
1393 1903 112 29 räkna
1535 1903 79 29 med
1643 1903 108 39 några

260 1962 96 20 mera
389 1953 197 39 betydande
619 1954 270 39 prisstegringar
914 1955 112 29 under
1050 1955 58 29 det
1130 1955 212 30 kommande
1365 1956 216 39 budgetåret.
1607 1956 143 30 Erinras

260 2006 68 34 må,
350 2008 50 28 att
421 2007 184 40 prisnivån
626 2008 111 29 under
759 2008 39 30 år
822 2008 83 30 1958
926 2009 91 29 varit
1039 2009 10 29 i
1073 2011 87 27 stort
1182 2011 66 28 sett
1270 2010 178 29 konstant.
1473 2010 278 39 Partiprisindex

260 2060 64 29 har
347 2062 126 27 t.o.m.
497 2061 91 29 visat
613 2061 199 39 sjunkande
837 2062 157 29 tendens.
1020 2062 120 30 Redan
1164 2072 42 20 av
1230 2063 113 30 denna
1369 2063 189 40 anledning
1583 2063 168 40 föreligga

260 2113 107 39 enligt
392 2114 191 30 utskottets
609 2115 141 38 mening
776 2125 48 19 nu
850 2116 176 39 knappast
1054 2116 75 30 skäl
1156 2116 54 30 för
1236 2119 50 27 att
1312 2117 132 30 belasta
1470 2117 175 39 budgeten
1671 2118 79 29 med

260 2167 269 39 ifrågavarande
553 2169 400 40 prisregleringsanslag.

315 2222 64 29 Det
403 2221 193 40 budgetära
619 2223 90 38 läget
734 2224 38 29 är
796 2223 79 29 hårt
900 2225 195 37 ansträngt,
1119 2224 118 30 varför
1262 2234 42 20 en
1330 2225 239 30 restriktivare
1595 2225 155 29 hushåll-

260 2275 83 39 ning
364 2276 37 28 är
422 2285 42 20 av
485 2276 126 29 nöden.
633 2277 46 29 Ur
701 2277 67 29 den
791 2277 226 39 synpunkten
1039 2279 39 28 är
1099 2277 57 30 det
1177 2279 180 38 naturligt,
1380 2280 50 28 att
1453 2280 86 28 även
1562 2279 96 29 inom
1681 2279 69 29 för-

260 2331 113 27 svaret
392 2330 129 29 största
540 2330 144 39 möjliga
703 2331 221 38 sparsamhet
942 2331 185 39 iakttages.
1146 2331 117 39 Enligt
1281 2332 190 29 utskottets
1490 2333 142 39 mening
1652 2333 98 29 torde

259 2383 182 38 möjlighet
458 2383 77 30 icke
554 2384 128 29 saknas
700 2386 51 27 att
768 2384 154 30 bestrida
938 2384 65 30 här
1021 2384 267 39 ifrågavarande
1306 2386 249 38 prisökningar
1571 2404 45 3 —
1633 2386 117 30 därest

260 2436 131 30 sådana
416 2437 138 29 ändock
580 2437 111 30 skulle
715 2437 149 30 inträffa
888 2456 44 2 —
957 2446 125 31 genom
1107 2439 178 30 anlitande
1311 2449 42 20 av
1378 2439 120 40 dylika
1522 2440 227 39 besparingar

259 2490 111 29 under
391 2490 392 31 försvarshuvudtiteln.
808 2491 120 30 Såsom
949 2492 11 29 i
982 2492 58 29 det
1062 2492 207 39 föregående
1291 2493 150 29 erinrats
1464 2493 206 30 förutsattes
1691 2494 58 29 vid
