1872 2780
256 177 18 30 2
620 175 284 31 Statsutskottets
925 174 179 30 utlåtande
1125 184 42 20 nr
1188 175 42 29 36
1250 174 41 30 år
1313 174 83 30 1958

1332 259 113 30 1957/58
1609 259 114 30 1958/59

281 344 29 29 6.
336 344 125 39 Hyres-
485 343 65 29 och
574 342 296 40 arrendeavgifter
895 352 44 20 m.
965 351 44 20 m.
1041 365 205 6 ..........
1336 341 59 30 145
1411 340 62 30 000
1623 340 60 30 150
1698 340 62 30 000

282 394 28 29 7.
337 393 189 30 Underhåll
546 393 64 29 och
630 393 85 29 drift
733 402 43 20 av
795 392 351 39 radioanläggningar
1173 415 73 6 ....
1301 391 94 31 3015
1411 391 62 30 000
1588 391 18 30 3
1621 391 62 29 900
1698 390 62 30 000

281 443 30 30 8.
337 443 190 30 Underhåll
545 443 64 29 och
627 443 85 30 drift
730 452 41 20 av
790 442 270 38 teleutrustning
1085 465 161 6 ........
1334 442 61 29 715
1410 440 63 31 000
1621 440 62 31 980
1698 440 62 31 000

280 494 30 29 9.
336 494 149 39 Utgifter
508 493 55 30 för
585 492 296 40 väderlekstjänst.
909 515 337 7 «::.=.=s-«sssw«ws
1303 491 93 30 1775
1411 490 62 31 000
1588 490 95 31 2105
1698 490 63 30 000

264 544 48 30 10.
339 544 154 39 Sveriges
515 543 122 40 bidrag
658 543 51 30 till
732 543 103 30 ICAO
857 552 45 20 m.
924 552 45 19 m.
998 565 250 7 ............
1335 542 61 31 585
1411 542 63 30 000
1619 542 63 30 550
1697 542 62 30 000

260 594 50 29 11.
336 593 361 30 Pensionskostnader
732 615 515 8 ......ssssseeseeerr
1150 588 56 49 ror
1214 588 38 49 ra
1337 592 60 29 110
1412 590 62 31 000
1624 592 59 30 135
1699 591 63 30 000

261 644 50 29 12.
336 644 142 29 Diverse
508 643 144 39 utgifter
687 665 560 7 :s.ossossssserreree
1064 639 33 48 rr
1109 639 30 48 rr
1154 639 96 48 terra
1336 642 60 29 160
1411 641 62 30 000
1623 642 60 29 120
1698 641 63 30 000

261 694 50 29 13.
337 694 208 38 Avsättning
574 693 51 30 till
653 692 441 40 värdeminskningskonto
1129 716 117 6 ......
1303 692 95 29 1190
1411 691 63 30 000
1591 691 93 30 1400
1699 691 62 30 000

263 743 49 30 14;
338 744 197 29 Oförutsett
573 765 674 8 ::.:s=ssochesen
773 738 81 49 ess»
862 738 34 49 ss
902 738 80 49 fed
1015 738 53 49 RS
1079 738 59 49 fs
1162 738 68 49 RR
1239 738 13 49 r
1355 759 44 3 —
1622 741 62 30 500
1699 741 63 31 000

1113 810 144 29 Summa
1285 809 39 29 18
1338 809 62 29 970
1415 809 63 29 000
1565 809 41 29 22
1620 808 63 30 340
1698 809 63 29 000

1040 876 214 30 Underskott
1301 876 19 30 9
1335 875 62 30 990
1411 874 63 31 000
1569 876 38 29 12
1622 875 62 30 640
1699 874 62 31 000

304 927 227 30 Beträffande
550 927 42 30 de
611 928 162 29 närmare
793 926 253 40 upplysningar
1064 926 179 40 angående
1262 925 240 40 beräkningen
1521 935 43 20 av
1582 926 41 29 de
1644 925 114 31 skilda

259 977 172 30 inkomst-
452 977 65 30 och
539 977 291 40 utgiftsposterna
852 986 74 21 som
948 977 11 29 i
981 977 204 39 anslutning
1206 976 121 30 härtill
1349 977 151 29 lämnats
1523 986 43 20 av
1588 976 170 39 styrelsen

259 1028 100 30 torde
379 1028 38 30 få
436 1028 166 30 hänvisas
624 1028 52 30 till
696 1028 264 40 propositionen
986 1028 43 33 (s.
1052 1027 117 34 5—8).
1192 1027 178 40 Styrelsen
1390 1026 65 30 har
1477 1026 164 40 slutligen
1662 1025 97 32 hem-

261 1079 107 35 ställt,
389 1080 52 29 att
461 1077 127 41 Kungl.
610 1078 105 40 Maj:t
736 1078 109 30 måtte
865 1078 130 30 föreslå
1015 1078 188 39 riksdagen

304 1128 74 31 dels
402 1131 50 28 att
473 1129 56 31 för
552 1129 293 30 luftfartsfonden
868 1138 20 20 å
910 1129 191 29 riksstaten
1123 1128 55 30 för
1200 1128 206 40 budgetåret
1431 1128 150 36 1958/59
1605 1129 153 38 upptaga

261 1181 50 29 ett
334 1180 210 30 underskott
566 1189 58 20 om
649 1180 39 29 12
702 1179 63 31 640
780 1180 63 30 000
866 1179 63 34 kr.,

304 1230 75 30 dels
404 1230 65 30 ock
494 1230 209 39 bemyndiga
728 1230 127 39 Kungl.
881 1230 105 39 Maj:t
1012 1231 51 28 att
1089 1229 20 30 å
1132 1228 435 41 personalförteckningen
1593 1228 57 30 för
1675 1228 85 30 luft-

261 1280 212 31 fartsverket
501 1280 155 41 uppföra
681 1289 44 21 en
751 1280 198 40 befattning
977 1280 115 29 såsom
1120 1279 250 41 flygplatschef
1396 1279 12 29 i
1434 1279 166 39 lönegrad
1628 1279 50 30 Ao
1704 1280 54 30 26.

306 1379 88 31 Över
425 1380 190 40 styrelsens
646 1379 263 40 framställning
939 1380 46 29 ha
1016 1379 206 31 utlåtanden
1254 1379 147 39 avgivits
1433 1388 42 20 av
1505 1378 255 30 statskontoret

261 1430 67 30 och
350 1431 134 29 statens
507 1430 214 30 lönenämnd
748 1431 45 34 (s.
816 1430 52 34 8).

304 1530 395 40 Departementschefen
720 1530 66 30 har
808 1530 118 30 anfört
946 1529 169 40 följande.

305 1589 14 30 I
344 1589 82 30 1957
451 1588 57 30 års
533 1587 412 40 statsverksproposition
968 1587 218 31 beräknades
1212 1586 313 30 luftfartsfondens
1551 1585 209 30 underskott

260 1630 56 31 för
334 1630 237 32 innevarande
589 1631 169 39 budgetår
776 1630 53 30 till
848 1631 18 30 8
882 1630 61 31 725
958 1630 62 30 000
1040 1630 52 29 kr.
1111 1629 132 31 Härvid
1261 1629 90 30 hade
1370 1628 138 39 hänsyn
1528 1628 76 30 icke
1623 1627 137 30 kunnat

261 1675 99 37 tagas
387 1673 52 30 till
466 1673 68 30 den
561 1682 120 20 senare
708 1673 112 29 under
847 1672 38 30 år
914 1672 81 30 1957
1023 1672 180 30 beslutade
1231 1671 194 39 höjningen
1453 1679 42 21 av
1524 1670 237 39 statstjänste-

260 1717 172 28 männens
451 1715 108 30 löner.
578 1715 131 30 Genom
725 1714 116 30 beslut
859 1715 66 29 den
946 1714 39 30 14
1003 1714 79 38 juni
1103 1714 81 30 1957
1205 1713 198 30 fastställde
1421 1712 127 39 Kungl.
1568 1712 106 39 Maj:t
1692 1711 68 30 den

260 1757 184 31 definitiva
464 1757 377 30 driftkostnadsstaten
862 1757 55 30 för
936 1756 281 30 luftfartsverket
1237 1755 66 30 och
1322 1755 12 29 i
1354 1756 115 29 denna
1489 1756 150 38 upptogs
1658 1754 103 29 drift-

260 1799 249 34 kostnaderna,
529 1799 175 30 inklusive
723 1799 190 39 höjningar
933 1808 42 20 av
995 1799 154 34 lönerna,
1169 1798 54 30 till
1245 1798 39 30 18
1299 1798 63 30 970
1376 1797 63 31 000
1459 1797 53 30 kr.
1533 1797 52 30 Då
1604 1796 156 30 inkoms-

261 1844 101 28 terna
384 1841 180 40 samtidigt
585 1841 218 31 beräknades
825 1841 53 30 till
900 1841 19 30 8
933 1841 63 30 980
1011 1841 63 30 000
1096 1841 63 35 kr.,
1182 1840 208 30 förutsattes
1411 1841 50 29 ett
1483 1839 210 30 underskott
1715 1838 46 41 på

260 1884 132 29 fonden
411 1884 55 29 för
484 1883 237 30 innevarande
739 1882 171 40 budgetår
929 1891 57 21 om
1006 1883 19 30 9
1040 1882 62 30 990
1117 1882 62 30 000
1200 1882 53 29 kr.

307 1927 13 29 I
344 1926 95 30 detta
463 1925 256 39 sammanhang
742 1925 56 30 får
820 1925 60 39 jag
903 1925 168 33 meddela,
1096 1926 50 29 att
1169 1923 239 30 kostnaderna
1432 1923 56 30 för
1512 1923 41 29 de
1577 1923 183 38 företagna

261 1968 278 39 utredningarna
567 1968 148 30 rörande
744 1967 305 39 storflygplatsens
1076 1965 232 40 förläggning,
1336 1965 94 30 vilka
1456 1965 12 29 i
1496 1967 88 27 stort
1611 1966 66 28 sett
1704 1963 57 32 be-

261 2010 114 30 stritts
398 2010 81 30 från
502 2010 300 30 luftfartsverkets
826 2009 339 33 driftkostnadsstat,
1189 2008 65 30 har
1277 2009 12 28 i
1311 2007 67 30 vad
1400 2016 101 21 avser
1524 2007 237 29 luftfartsver-

261 2053 59 29 ket
348 2053 111 29 under
486 2052 205 39 budgetåret
722 2052 148 35 1955/56
899 2051 146 40 uppgått
1073 2050 52 30 till
1154 2051 63 30 250
1232 2050 63 30 000
1324 2050 63 34 kr.,
1416 2049 112 29 under
1557 2048 205 39 budgetåret

264 2095 147 36 1956/57
436 2094 53 30 till
515 2095 93 29 1157
630 2094 56 39 000
709 2094 53 29 kr.
787 2096 91 27 samt
900 2094 112 29 under
1034 2092 237 31 innevarande
1294 2091 169 40 budgetår
1488 2091 52 29 till
1563 2091 42 30 46
1619 2091 63 29 000
1706 2089 54 31 kr.

260 2136 229 31 Beträffande
507 2137 42 29 de
568 2136 93 30 olika
680 2133 277 42 utredningarna
975 2135 98 30 torde
1090 2135 60 39 jag
1168 2134 37 30 få
1223 2134 148 30 hänvisa
1389 2134 53 29 till
1460 2142 98 32 prop.
1582 2132 177 31 1957:185

262 2179 179 39 angående
464 2179 202 39 utbyggnad
688 2187 43 20 av
751 2187 44 20 en
819 2177 250 40 storflygplats.

306 2222 68 29 För
389 2222 101 29 nästa
505 2220 170 40 budgetår
690 2220 210 40 uppskattar
917 2220 170 38 styrelsen
1103 2219 149 30 fondens
1270 2218 208 29 underskott
1495 2217 53 30 till
1567 2218 39 30 12
1619 2217 64 30 640
1697 2216 63 30 000

260 2264 65 34 kr.,
342 2263 108 30 vilket
465 2263 128 39 belopp
611 2264 38 28 är
666 2264 48 28 ett
732 2262 97 30 saldo
847 2271 42 21 av
904 2262 196 29 inkomster
1117 2270 57 21 om
1192 2262 19 29 9
1227 2260 62 30 700
1304 2260 63 30 000
1384 2260 53 29 kr.
1455 2259 66 30 och
1539 2259 145 39 utgifter
1702 2267 58 21 om

262 2306 41 31 22
318 2305 63 31 340
396 2306 62 30 000
477 2305 53 30 kr.
550 2305 66 30 Vid
634 2305 100 30 bifall
753 2304 53 30 till
825 2306 49 28 ett
893 2313 42 21 av
954 2304 170 38 styrelsen
1142 2303 12 29 i
1175 2302 167 30 skrivelse
1362 2302 67 29 den
1449 2303 40 30 25
1509 2302 145 29 oktober
1677 2301 81 30 1957

261 2348 167 39 framlagt
469 2347 132 39 förslag
643 2347 52 30 till
736 2356 48 30 ny
824 2346 250 40 flygplatstaxa
1103 2345 174 30 beräknas
1309 2344 243 29 inkomsterna
1582 2343 68 30 öka
1680 2343 80 29 med

262 2391 19 29 2
296 2390 64 30 500
373 2390 62 31 000
467 2390 53 29 kr.
552 2390 65 29 och
648 2389 223 39 följaktligen
902 2388 56 30 det
990 2396 48 21 nu
1068 2387 200 30 beräknade
1300 2386 244 30 underskottet
1575 2385 185 29 reduceras

263 2432 80 30 med
365 2432 94 30 detta
479 2431 137 40 belopp.

306 2475 75 29 Den
403 2473 239 40 övervägande
664 2473 100 30 delen
787 2482 42 21 av
851 2471 334 39 inkomstökningen
1207 2470 102 30 faller
1330 2470 46 40 på
1399 2470 133 35 trafik-,
1554 2469 119 40 hyres-
1694 2467 67 30 och
