<?xml version="1.0" encoding="UTF-8"?>
<alto xmlns="http://www.loc.gov/standards/alto/ns-v3#" xmlns:xlink="http://www.w3.org/1999/xlink" xmlns:xsi="http://www.w3.org/2001/XMLSchema-instance" xsi:schemaLocation="http://www.loc.gov/standards/alto/ns-v3# http://www.loc.gov/alto/v3/alto-3-0.xsd">
	<Description>
		<MeasurementUnit>pixel</MeasurementUnit>
		<sourceImageInformation>
			<fileName>/tmp/tess_2vyozfj2_input.PNG</fileName>
		</sourceImageInformation>
		<OCRProcessing ID="OCR_0">
			<ocrProcessingStep>
				<processingSoftware>
					<softwareName>tesseract 5.3.0</softwareName>
				</processingSoftware>
			</ocrProcessingStep>
		</OCRProcessing>
	</Description>
	<Layout>
		<Page WIDTH="2105" HEIGHT="2639" PHYSICAL_IMG_NR="0" ID="page_0">
			<PrintSpace HPOS="0" VPOS="0" WIDTH="2105" HEIGHT="2639">
				<ComposedBlock ID="cblock_0" HPOS="416" VPOS="161" WIDTH="1403" HEIGHT="48">
					<TextBlock ID="block_0" HPOS="416" VPOS="161" WIDTH="1403" HEIGHT="48">
						<TextLine ID="line_0" HPOS="416" VPOS="161" WIDTH="1403" HEIGHT="48">
							<String ID="string_0" HPOS="416" VPOS="161" WIDTH="113" HEIGHT="33" WC="0.89" CONTENT="Andra"/><SP WIDTH="25" VPOS="161" HPOS="529"/>
							<String ID="string_1" HPOS="554" VPOS="163" WIDTH="209" HEIGHT="32" WC="0.95" CONTENT="Kammarens"/><SP WIDTH="24" VPOS="163" HPOS="763"/>
							<String ID="string_2" HPOS="787" VPOS="164" WIDTH="170" HEIGHT="43" WC="0.93" CONTENT="Tillfälliga"/><SP WIDTH="29" VPOS="164" HPOS="957"/>
							<String ID="string_3" HPOS="986" VPOS="165" WIDTH="134" HEIGHT="34" WC="0.90" CONTENT="Utskotts"/><SP WIDTH="22" VPOS="165" HPOS="1120"/>
							<String ID="string_4" HPOS="1142" VPOS="168" WIDTH="79" HEIGHT="41" WC="0.96" CONTENT="(N:o"/><SP WIDTH="22" VPOS="168" HPOS="1221"/>
							<String ID="string_5" HPOS="1243" VPOS="167" WIDTH="36" HEIGHT="40" WC="0.96" CONTENT="4)"/><SP WIDTH="31" VPOS="167" HPOS="1279"/>
							<String ID="string_6" HPOS="1310" VPOS="168" WIDTH="163" HEIGHT="34" WC="0.96" CONTENT="Utlåtande"/><SP WIDTH="27" VPOS="168" HPOS="1473"/>
							<String ID="string_7" HPOS="1500" VPOS="171" WIDTH="63" HEIGHT="31" WC="0.95" CONTENT="N:o"/><SP WIDTH="23" VPOS="171" HPOS="1563"/>
							<String ID="string_8" HPOS="1586" VPOS="173" WIDTH="51" HEIGHT="30" WC="0.94" CONTENT="29."/><SP WIDTH="140" VPOS="173" HPOS="1637"/>
							<String ID="string_9" HPOS="1777" VPOS="173" WIDTH="42" HEIGHT="34" WC="0.96" CONTENT="17"/>
						</TextLine>
					</TextBlock>
				</ComposedBlock>
				<ComposedBlock ID="cblock_1" HPOS="888" VPOS="781" WIDTH="834" HEIGHT="187">
					<TextBlock ID="block_1" HPOS="888" VPOS="781" WIDTH="834" HEIGHT="187">
						<TextLine ID="line_1" HPOS="919" VPOS="781" WIDTH="208" HEIGHT="40">
							<String ID="string_10" HPOS="919" VPOS="781" WIDTH="97" HEIGHT="38" WC="0.86" CONTENT="N:o"/><SP WIDTH="27" VPOS="781" HPOS="1016"/>
							<String ID="string_11" HPOS="1043" VPOS="781" WIDTH="84" HEIGHT="40" WC="0.72" CONTENT="29."/>
						</TextLine>
						<TextLine ID="line_2" HPOS="888" VPOS="934" WIDTH="834" HEIGHT="34">
							<String ID="string_12" HPOS="888" VPOS="934" WIDTH="69" HEIGHT="24" WC="0.83" CONTENT="Ank."/><SP WIDTH="19" VPOS="934" HPOS="957"/>
							<String ID="string_13" HPOS="976" VPOS="935" WIDTH="44" HEIGHT="23" WC="0.93" CONTENT="till"/><SP WIDTH="20" VPOS="935" HPOS="1020"/>
							<String ID="string_14" HPOS="1040" VPOS="935" WIDTH="93" HEIGHT="24" WC="0.88" CONTENT="Riksd."/><SP WIDTH="20" VPOS="935" HPOS="1133"/>
							<String ID="string_15" HPOS="1153" VPOS="936" WIDTH="90" HEIGHT="24" WC="0.95" CONTENT="kansli"/><SP WIDTH="20" VPOS="936" HPOS="1243"/>
							<String ID="string_16" HPOS="1263" VPOS="936" WIDTH="53" HEIGHT="25" WC="0.96" CONTENT="den"/><SP WIDTH="20" VPOS="936" HPOS="1316"/>
							<String ID="string_17" HPOS="1336" VPOS="939" WIDTH="12" HEIGHT="22" WC="0.96" CONTENT="5"/><SP WIDTH="21" VPOS="939" HPOS="1348"/>
							<String ID="string_18" HPOS="1369" VPOS="938" WIDTH="71" HEIGHT="30" WC="0.96" CONTENT="april"/><SP WIDTH="22" VPOS="938" HPOS="1440"/>
							<String ID="string_19" HPOS="1462" VPOS="939" WIDTH="72" HEIGHT="25" WC="0.96" CONTENT="1889,"/><SP WIDTH="20" VPOS="939" HPOS="1534"/>
							<String ID="string_20" HPOS="1554" VPOS="939" WIDTH="37" HEIGHT="24" WC="0.95" CONTENT="kl."/><SP WIDTH="22" VPOS="939" HPOS="1591"/>
							<String ID="string_21" HPOS="1613" VPOS="941" WIDTH="13" HEIGHT="22" WC="0.93" CONTENT="2"/><SP WIDTH="22" VPOS="941" HPOS="1626"/>
							<String ID="string_22" HPOS="1648" VPOS="948" WIDTH="21" HEIGHT="16" WC="0.88" CONTENT="e."/><SP WIDTH="20" VPOS="948" HPOS="1669"/>
							<String ID="string_23" HPOS="1689" VPOS="949" WIDTH="33" HEIGHT="15" WC="0.92" CONTENT="m."/>
						</TextLine>
					</TextBlock>
				</ComposedBlock>
				<ComposedBlock ID="cblock_2" HPOS="412" VPOS="1067" WIDTH="1414" HEIGHT="344">
					<TextBlock ID="block_2" HPOS="412" VPOS="1067" WIDTH="1414" HEIGHT="344">
						<TextLine ID="line_3" HPOS="412" VPOS="1067" WIDTH="1412" HEIGHT="51">
							<String ID="string_24" HPOS="412" VPOS="1067" WIDTH="128" HEIGHT="36" WC="0.93" CONTENT="Andra"/><SP WIDTH="41" VPOS="1067" HPOS="540"/>
							<String ID="string_25" HPOS="581" VPOS="1069" WIDTH="234" HEIGHT="36" WC="0.93" CONTENT="Kammarens"/><SP WIDTH="30" VPOS="1069" HPOS="815"/>
							<String ID="string_26" HPOS="845" VPOS="1070" WIDTH="118" HEIGHT="44" WC="0.87" CONTENT="fjerde"/><SP WIDTH="33" VPOS="1070" HPOS="963"/>
							<String ID="string_27" HPOS="996" VPOS="1072" WIDTH="172" HEIGHT="46" WC="0.96" CONTENT="tillfälliga"/><SP WIDTH="32" VPOS="1072" HPOS="1168"/>
							<String ID="string_28" HPOS="1200" VPOS="1075" WIDTH="139" HEIGHT="34" WC="0.96" CONTENT="utskotts"/><SP WIDTH="30" VPOS="1075" HPOS="1339"/>
							<String ID="string_29" HPOS="1369" VPOS="1076" WIDTH="176" HEIGHT="36" WC="0.94" CONTENT="utlåtande"/><SP WIDTH="25" VPOS="1076" HPOS="1545"/>
							<String ID="string_30" HPOS="1570" VPOS="1088" WIDTH="55" HEIGHT="24" WC="0.95" CONTENT="n:o"/><SP WIDTH="27" VPOS="1088" HPOS="1625"/>
							<String ID="string_31" HPOS="1652" VPOS="1080" WIDTH="47" HEIGHT="33" WC="0.94" CONTENT="10"/><SP WIDTH="27" VPOS="1080" HPOS="1699"/>
							<String ID="string_32" HPOS="1726" VPOS="1079" WIDTH="13" HEIGHT="34" WC="0.92" CONTENT="i"/><SP WIDTH="22" VPOS="1079" HPOS="1739"/>
							<String ID="string_33" HPOS="1761" VPOS="1091" WIDTH="63" HEIGHT="23" WC="0.92" CONTENT="an-"/>
						</TextLine>
						<TextLine ID="line_4" HPOS="615" VPOS="1129" WIDTH="1211" HEIGHT="53">
							<String ID="string_34" HPOS="615" VPOS="1129" WIDTH="140" HEIGHT="45" WC="0.93" CONTENT="ledning"/><SP WIDTH="39" VPOS="1129" HPOS="755"/>
							<String ID="string_35" HPOS="794" VPOS="1130" WIDTH="45" HEIGHT="42" WC="0.93" CONTENT="af"/><SP WIDTH="33" VPOS="1130" HPOS="839"/>
							<String ID="string_36" HPOS="872" VPOS="1132" WIDTH="98" HEIGHT="34" WC="0.90" CONTENT="väckt"/><SP WIDTH="38" VPOS="1132" HPOS="970"/>
							<String ID="string_37" HPOS="1008" VPOS="1133" WIDTH="126" HEIGHT="34" WC="0.95" CONTENT="motion"/><SP WIDTH="40" VPOS="1133" HPOS="1134"/>
							<String ID="string_38" HPOS="1174" VPOS="1144" WIDTH="50" HEIGHT="23" WC="0.88" CONTENT="om"/><SP WIDTH="42" VPOS="1144" HPOS="1224"/>
							<String ID="string_39" HPOS="1266" VPOS="1134" WIDTH="177" HEIGHT="43" WC="0.88" CONTENT="skrifvelse"/><SP WIDTH="34" VPOS="1134" HPOS="1443"/>
							<String ID="string_40" HPOS="1477" VPOS="1136" WIDTH="50" HEIGHT="34" WC="0.95" CONTENT="till"/><SP WIDTH="30" VPOS="1136" HPOS="1527"/>
							<String ID="string_41" HPOS="1557" VPOS="1137" WIDTH="125" HEIGHT="44" WC="0.95" CONTENT="Kongl."/><SP WIDTH="36" VPOS="1137" HPOS="1682"/>
							<String ID="string_42" HPOS="1718" VPOS="1139" WIDTH="108" HEIGHT="43" WC="0.93" CONTENT="Maj:t"/>
						</TextLine>
						<TextLine ID="line_5" HPOS="610" VPOS="1189" WIDTH="1216" HEIGHT="53">
							<String ID="string_43" HPOS="610" VPOS="1189" WIDTH="78" HEIGHT="34" WC="0.94" CONTENT="med"/><SP WIDTH="31" VPOS="1189" HPOS="688"/>
							<String ID="string_44" HPOS="719" VPOS="1189" WIDTH="164" HEIGHT="35" WC="0.71" CONTENT="anhållan"/><SP WIDTH="23" VPOS="1189" HPOS="883"/>
							<String ID="string_45" HPOS="906" VPOS="1201" WIDTH="52" HEIGHT="23" WC="0.92" CONTENT="om"/><SP WIDTH="27" VPOS="1201" HPOS="958"/>
							<String ID="string_46" HPOS="985" VPOS="1191" WIDTH="306" HEIGHT="43" WC="0.86" CONTENT="sammanförande"/><SP WIDTH="25" VPOS="1191" HPOS="1291"/>
							<String ID="string_47" HPOS="1316" VPOS="1194" WIDTH="52" HEIGHT="34" WC="0.96" CONTENT="uti"/><SP WIDTH="27" VPOS="1194" HPOS="1368"/>
							<String ID="string_48" HPOS="1395" VPOS="1205" WIDTH="41" HEIGHT="23" WC="0.96" CONTENT="en"/><SP WIDTH="13" VPOS="1205" HPOS="1436"/>
							<String ID="string_49" HPOS="1449" VPOS="1194" WIDTH="217" HEIGHT="47" WC="0.95" CONTENT="författning"/><SP WIDTH="27" VPOS="1194" HPOS="1666"/>
							<String ID="string_50" HPOS="1693" VPOS="1197" WIDTH="46" HEIGHT="43" WC="0.93" CONTENT="af"/><SP WIDTH="11" VPOS="1197" HPOS="1739"/>
							<String ID="string_51" HPOS="1750" VPOS="1198" WIDTH="76" HEIGHT="44" WC="0.90" CONTENT="gäl-"/>
						</TextLine>
						<TextLine ID="line_6" HPOS="612" VPOS="1247" WIDTH="1214" HEIGHT="55">
							<String ID="string_52" HPOS="612" VPOS="1247" WIDTH="100" HEIGHT="35" WC="0.96" CONTENT="lande"/><SP WIDTH="34" VPOS="1247" HPOS="712"/>
							<String ID="string_53" HPOS="746" VPOS="1248" WIDTH="246" HEIGHT="37" WC="0.22" CONTENT="bestämmelser"/><SP WIDTH="39" VPOS="1248" HPOS="992"/>
							<String ID="string_54" HPOS="1031" VPOS="1251" WIDTH="13" HEIGHT="33" WC="0.95" CONTENT="i"/><SP WIDTH="30" VPOS="1251" HPOS="1044"/>
							<String ID="string_55" HPOS="1074" VPOS="1250" WIDTH="111" HEIGHT="45" WC="0.96" CONTENT="fråga"/><SP WIDTH="27" VPOS="1250" HPOS="1185"/>
							<String ID="string_56" HPOS="1212" VPOS="1264" WIDTH="53" HEIGHT="23" WC="0.92" CONTENT="om"/><SP WIDTH="27" VPOS="1264" HPOS="1265"/>
							<String ID="string_57" HPOS="1292" VPOS="1257" WIDTH="85" HEIGHT="31" WC="0.92" CONTENT="rust-"/><SP WIDTH="28" VPOS="1257" HPOS="1377"/>
							<String ID="string_58" HPOS="1405" VPOS="1254" WIDTH="56" HEIGHT="34" WC="0.92" CONTENT="och"/><SP WIDTH="32" VPOS="1254" HPOS="1461"/>
							<String ID="string_59" HPOS="1493" VPOS="1255" WIDTH="217" HEIGHT="36" WC="0.90" CONTENT="rotehållares"/><SP WIDTH="25" VPOS="1255" HPOS="1710"/>
							<String ID="string_60" HPOS="1735" VPOS="1257" WIDTH="91" HEIGHT="45" WC="0.92" CONTENT="skyl-"/>
						</TextLine>
						<TextLine ID="line_7" HPOS="609" VPOS="1307" WIDTH="1215" HEIGHT="48">
							<String ID="string_61" HPOS="609" VPOS="1307" WIDTH="111" HEIGHT="43" WC="0.94" CONTENT="dighet"/><SP WIDTH="45" VPOS="1307" HPOS="720"/>
							<String ID="string_62" HPOS="765" VPOS="1311" WIDTH="48" HEIGHT="31" WC="0.86" CONTENT="att"/><SP WIDTH="40" VPOS="1311" HPOS="813"/>
							<String ID="string_63" HPOS="853" VPOS="1309" WIDTH="158" HEIGHT="43" WC="0.94" CONTENT="anskaffa"/><SP WIDTH="43" VPOS="1309" HPOS="1011"/>
							<String ID="string_64" HPOS="1054" VPOS="1311" WIDTH="166" HEIGHT="44" WC="0.96" CONTENT="manskap"/><SP WIDTH="38" VPOS="1311" HPOS="1220"/>
							<String ID="string_65" HPOS="1258" VPOS="1312" WIDTH="59" HEIGHT="35" WC="0.96" CONTENT="och"/><SP WIDTH="39" VPOS="1312" HPOS="1317"/>
							<String ID="string_66" HPOS="1356" VPOS="1313" WIDTH="119" HEIGHT="34" WC="0.95" CONTENT="hästar"/><SP WIDTH="39" VPOS="1313" HPOS="1475"/>
							<String ID="string_67" HPOS="1514" VPOS="1317" WIDTH="89" HEIGHT="31" WC="0.91" CONTENT="samt"/><SP WIDTH="39" VPOS="1317" HPOS="1603"/>
							<String ID="string_68" HPOS="1642" VPOS="1316" WIDTH="182" HEIGHT="34" WC="0.87" CONTENT="wverkställa"/>
						</TextLine>
						<TextLine ID="line_8" HPOS="613" VPOS="1369" WIDTH="224" HEIGHT="42">
							<String ID="string_69" HPOS="613" VPOS="1369" WIDTH="224" HEIGHT="42" WC="0.95" CONTENT="transporter."/>
						</TextLine>
					</TextBlock>
				</ComposedBlock>
				<ComposedBlock ID="cblock_3" HPOS="204" VPOS="1513" WIDTH="1622" HEIGHT="773">
					<TextBlock ID="block_3" HPOS="204" VPOS="1513" WIDTH="1622" HEIGHT="773">
						<TextLine ID="line_9" HPOS="342" VPOS="1513" WIDTH="1484" HEIGHT="48">
							<String ID="string_70" HPOS="342" VPOS="1513" WIDTH="66" HEIGHT="37" WC="0.95" CONTENT="Uti"/><SP WIDTH="41" VPOS="1513" HPOS="408"/>
							<String ID="string_71" HPOS="449" VPOS="1527" WIDTH="47" HEIGHT="23" WC="0.95" CONTENT="en"/><SP WIDTH="36" VPOS="1527" HPOS="496"/>
							<String ID="string_72" HPOS="532" VPOS="1515" WIDTH="57" HEIGHT="36" WC="0.96" CONTENT="till"/><SP WIDTH="41" VPOS="1515" HPOS="589"/>
							<String ID="string_73" HPOS="630" VPOS="1515" WIDTH="188" HEIGHT="38" WC="0.96" CONTENT="utskottet"/><SP WIDTH="42" VPOS="1515" HPOS="818"/>
							<String ID="string_74" HPOS="860" VPOS="1518" WIDTH="186" HEIGHT="37" WC="0.96" CONTENT="hänvisad"/><SP WIDTH="43" VPOS="1518" HPOS="1046"/>
							<String ID="string_75" HPOS="1089" VPOS="1519" WIDTH="144" HEIGHT="37" WC="0.96" CONTENT="motion"/><SP WIDTH="38" VPOS="1519" HPOS="1233"/>
							<String ID="string_76" HPOS="1271" VPOS="1534" WIDTH="61" HEIGHT="22" WC="0.96" CONTENT="n:o"/><SP WIDTH="44" VPOS="1534" HPOS="1332"/>
							<String ID="string_77" HPOS="1376" VPOS="1523" WIDTH="72" HEIGHT="34" WC="0.96" CONTENT="174"/><SP WIDTH="27" VPOS="1523" HPOS="1448"/>
							<String ID="string_78" HPOS="1475" VPOS="1522" WIDTH="69" HEIGHT="36" WC="0.96" CONTENT="har"/><SP WIDTH="24" VPOS="1522" HPOS="1544"/>
							<String ID="string_79" HPOS="1568" VPOS="1522" WIDTH="89" HEIGHT="36" WC="0.96" CONTENT="herr"/><SP WIDTH="27" VPOS="1522" HPOS="1657"/>
							<String ID="string_80" HPOS="1684" VPOS="1525" WIDTH="142" HEIGHT="36" WC="0.96" CONTENT="Anders"/>
						</TextLine>
						<TextLine ID="line_10" HPOS="207" VPOS="1565" WIDTH="1616" HEIGHT="59">
							<String ID="string_81" HPOS="207" VPOS="1565" WIDTH="150" HEIGHT="35" WC="0.95" CONTENT="Persson"/><SP WIDTH="26" VPOS="1565" HPOS="357"/>
							<String ID="string_82" HPOS="383" VPOS="1567" WIDTH="14" HEIGHT="33" WC="0.91" CONTENT="i"/><SP WIDTH="28" VPOS="1567" HPOS="397"/>
							<String ID="string_83" HPOS="425" VPOS="1567" WIDTH="153" HEIGHT="45" WC="0.96" CONTENT="Mörarp"/><SP WIDTH="24" VPOS="1567" HPOS="578"/>
							<String ID="string_84" HPOS="602" VPOS="1566" WIDTH="222" HEIGHT="49" WC="0.93" CONTENT="framhållit,"/><SP WIDTH="29" VPOS="1566" HPOS="824"/>
							<String ID="string_85" HPOS="853" VPOS="1568" WIDTH="97" HEIGHT="36" WC="0.96" CONTENT="huru"/><SP WIDTH="22" VPOS="1568" HPOS="950"/>
							<String ID="string_86" HPOS="972" VPOS="1573" WIDTH="103" HEIGHT="33" WC="0.96" CONTENT="svårt"/><SP WIDTH="21" VPOS="1573" HPOS="1075"/>
							<String ID="string_87" HPOS="1096" VPOS="1570" WIDTH="71" HEIGHT="36" WC="0.95" CONTENT="och"/><SP WIDTH="19" VPOS="1570" HPOS="1167"/>
							<String ID="string_88" HPOS="1186" VPOS="1571" WIDTH="59" HEIGHT="36" WC="0.97" CONTENT="för"/><SP WIDTH="20" VPOS="1571" HPOS="1245"/>
							<String ID="string_89" HPOS="1265" VPOS="1571" WIDTH="73" HEIGHT="36" WC="0.96" CONTENT="den"/><SP WIDTH="20" VPOS="1571" HPOS="1338"/>
							<String ID="string_90" HPOS="1358" VPOS="1571" WIDTH="12" HEIGHT="36" WC="0.93" CONTENT="i"/><SP WIDTH="20" VPOS="1571" HPOS="1370"/>
							<String ID="string_91" HPOS="1390" VPOS="1572" WIDTH="433" HEIGHT="52" WC="0.91" CONTENT="författningskunskap"/>
						</TextLine>
						<TextLine ID="line_11" HPOS="207" VPOS="1614" WIDTH="1616" HEIGHT="55">
							<String ID="string_92" HPOS="207" VPOS="1614" WIDTH="35" HEIGHT="48" WC="0.93" CONTENT="ej"/><SP WIDTH="43" VPOS="1614" HPOS="242"/>
							<String ID="string_93" HPOS="285" VPOS="1615" WIDTH="293" HEIGHT="38" WC="0.92" CONTENT="hemmastadde"/><SP WIDTH="39" VPOS="1615" HPOS="578"/>
							<String ID="string_94" HPOS="617" VPOS="1622" WIDTH="92" HEIGHT="32" WC="0.96" CONTENT="nära"/><SP WIDTH="28" VPOS="1622" HPOS="709"/>
							<String ID="string_95" HPOS="737" VPOS="1632" WIDTH="79" HEIGHT="35" WC="0.96" CONTENT="nog"/><SP WIDTH="28" VPOS="1632" HPOS="816"/>
							<String ID="string_96" HPOS="844" VPOS="1620" WIDTH="176" HEIGHT="49" WC="0.96" CONTENT="omöjligt"/><SP WIDTH="28" VPOS="1620" HPOS="1020"/>
							<String ID="string_97" HPOS="1048" VPOS="1620" WIDTH="64" HEIGHT="37" WC="0.96" CONTENT="det"/><SP WIDTH="28" VPOS="1620" HPOS="1112"/>
							<String ID="string_98" HPOS="1140" VPOS="1635" WIDTH="90" HEIGHT="23" WC="0.96" CONTENT="vore"/><SP WIDTH="30" VPOS="1635" HPOS="1230"/>
							<String ID="string_99" HPOS="1260" VPOS="1627" WIDTH="55" HEIGHT="31" WC="0.96" CONTENT="att"/><SP WIDTH="28" VPOS="1627" HPOS="1315"/>
							<String ID="string_100" HPOS="1343" VPOS="1623" WIDTH="145" HEIGHT="36" WC="0.96" CONTENT="erhålla"/><SP WIDTH="28" VPOS="1623" HPOS="1488"/>
							<String ID="string_101" HPOS="1516" VPOS="1623" WIDTH="216" HEIGHT="38" WC="0.96" CONTENT="kännedom"/><SP WIDTH="31" VPOS="1623" HPOS="1732"/>
							<String ID="string_102" HPOS="1763" VPOS="1639" WIDTH="60" HEIGHT="23" WC="0.96" CONTENT="om"/>
						</TextLine>
						<TextLine ID="line_12" HPOS="208" VPOS="1665" WIDTH="1616" HEIGHT="52">
							<String ID="string_103" HPOS="208" VPOS="1665" WIDTH="47" HEIGHT="36" WC="0.96" CONTENT="de"/><SP WIDTH="29" VPOS="1665" HPOS="255"/>
							<String ID="string_104" HPOS="284" VPOS="1665" WIDTH="255" HEIGHT="49" WC="0.96" CONTENT="föreskrifter,"/><SP WIDTH="30" VPOS="1665" HPOS="539"/>
							<String ID="string_105" HPOS="569" VPOS="1681" WIDTH="81" HEIGHT="23" WC="0.96" CONTENT="som"/><SP WIDTH="30" VPOS="1681" HPOS="650"/>
							<String ID="string_106" HPOS="680" VPOS="1669" WIDTH="104" HEIGHT="48" WC="0.96" CONTENT="gälla"/><SP WIDTH="29" VPOS="1669" HPOS="784"/>
							<String ID="string_107" HPOS="813" VPOS="1670" WIDTH="59" HEIGHT="36" WC="0.93" CONTENT="för"/><SP WIDTH="27" VPOS="1670" HPOS="872"/>
							<String ID="string_108" HPOS="899" VPOS="1677" WIDTH="99" HEIGHT="30" WC="0.90" CONTENT="rust-"/><SP WIDTH="20" VPOS="1677" HPOS="998"/>
							<String ID="string_109" HPOS="1018" VPOS="1671" WIDTH="72" HEIGHT="37" WC="0.93" CONTENT="och"/><SP WIDTH="19" VPOS="1671" HPOS="1090"/>
							<String ID="string_110" HPOS="1109" VPOS="1673" WIDTH="230" HEIGHT="37" WC="0.92" CONTENT="rotehållare"/><SP WIDTH="21" VPOS="1673" HPOS="1339"/>
							<String ID="string_111" HPOS="1360" VPOS="1674" WIDTH="85" HEIGHT="36" WC="0.96" CONTENT="med"/><SP WIDTH="20" VPOS="1674" HPOS="1445"/>
							<String ID="string_112" HPOS="1465" VPOS="1675" WIDTH="184" HEIGHT="37" WC="0.93" CONTENT="afseende"/><SP WIDTH="22" VPOS="1675" HPOS="1649"/>
							<String ID="string_113" HPOS="1671" VPOS="1679" WIDTH="20" HEIGHT="33" WC="0.92" CONTENT="å"/><SP WIDTH="20" VPOS="1679" HPOS="1691"/>
							<String ID="string_114" HPOS="1711" VPOS="1677" WIDTH="113" HEIGHT="36" WC="0.95" CONTENT="deras"/>
						</TextLine>
						<TextLine ID="line_13" HPOS="208" VPOS="1716" WIDTH="1617" HEIGHT="56">
							<String ID="string_115" HPOS="208" VPOS="1716" WIDTH="266" HEIGHT="49" WC="0.95" CONTENT="skyldigheter"/><SP WIDTH="42" VPOS="1716" HPOS="474"/>
							<String ID="string_116" HPOS="516" VPOS="1724" WIDTH="55" HEIGHT="31" WC="0.95" CONTENT="att"/><SP WIDTH="34" VPOS="1724" HPOS="571"/>
							<String ID="string_117" HPOS="605" VPOS="1719" WIDTH="59" HEIGHT="37" WC="0.96" CONTENT="för"/><SP WIDTH="36" VPOS="1719" HPOS="664"/>
							<String ID="string_118" HPOS="700" VPOS="1720" WIDTH="145" HEIGHT="37" WC="0.96" CONTENT="indelta"/><SP WIDTH="41" VPOS="1720" HPOS="845"/>
							<String ID="string_119" HPOS="886" VPOS="1724" WIDTH="152" HEIGHT="35" WC="0.92" CONTENT="arméns"/><SP WIDTH="41" VPOS="1724" HPOS="1038"/>
							<String ID="string_120" HPOS="1079" VPOS="1723" WIDTH="357" HEIGHT="49" WC="0.91" CONTENT="vidmagthållande"/><SP WIDTH="31" VPOS="1723" HPOS="1436"/>
							<String ID="string_121" HPOS="1467" VPOS="1726" WIDTH="172" HEIGHT="36" WC="0.96" CONTENT="anskaffa"/><SP WIDTH="29" VPOS="1726" HPOS="1639"/>
							<String ID="string_122" HPOS="1668" VPOS="1727" WIDTH="70" HEIGHT="37" WC="0.94" CONTENT="och"/><SP WIDTH="29" VPOS="1727" HPOS="1738"/>
							<String ID="string_123" HPOS="1767" VPOS="1728" WIDTH="58" HEIGHT="36" WC="0.96" CONTENT="till"/>
						</TextLine>
						<TextLine ID="line_14" HPOS="207" VPOS="1768" WIDTH="1617" HEIGHT="58">
							<String ID="string_124" HPOS="207" VPOS="1768" WIDTH="256" HEIGHT="48" WC="0.91" CONTENT="approbation"/><SP WIDTH="28" VPOS="1768" HPOS="463"/>
							<String ID="string_125" HPOS="491" VPOS="1770" WIDTH="164" HEIGHT="49" WC="0.96" CONTENT="uppvisa"/><SP WIDTH="29" VPOS="1770" HPOS="655"/>
							<String ID="string_126" HPOS="684" VPOS="1772" WIDTH="187" HEIGHT="49" WC="0.96" CONTENT="manskap"/><SP WIDTH="26" VPOS="1772" HPOS="871"/>
							<String ID="string_127" HPOS="897" VPOS="1773" WIDTH="71" HEIGHT="36" WC="0.96" CONTENT="och"/><SP WIDTH="24" VPOS="1773" HPOS="968"/>
							<String ID="string_128" HPOS="992" VPOS="1774" WIDTH="131" HEIGHT="36" WC="0.96" CONTENT="hästar"/><SP WIDTH="29" VPOS="1774" HPOS="1123"/>
							<String ID="string_129" HPOS="1152" VPOS="1781" WIDTH="98" HEIGHT="30" WC="0.96" CONTENT="samt"/><SP WIDTH="27" VPOS="1781" HPOS="1250"/>
							<String ID="string_130" HPOS="1277" VPOS="1775" WIDTH="155" HEIGHT="37" WC="0.96" CONTENT="förvara"/><SP WIDTH="29" VPOS="1775" HPOS="1432"/>
							<String ID="string_131" HPOS="1461" VPOS="1776" WIDTH="71" HEIGHT="37" WC="0.96" CONTENT="och"/><SP WIDTH="26" VPOS="1776" HPOS="1532"/>
							<String ID="string_132" HPOS="1558" VPOS="1782" WIDTH="266" HEIGHT="44" WC="0.96" CONTENT="transportera"/>
						</TextLine>
						<TextLine ID="line_15" HPOS="207" VPOS="1818" WIDTH="1616" HEIGHT="58">
							<String ID="string_133" HPOS="207" VPOS="1818" WIDTH="160" HEIGHT="37" WC="0.96" CONTENT="effekter"/><SP WIDTH="29" VPOS="1818" HPOS="367"/>
							<String ID="string_134" HPOS="396" VPOS="1820" WIDTH="42" HEIGHT="35" WC="0.93" CONTENT="af"/><SP WIDTH="24" VPOS="1820" HPOS="438"/>
							<String ID="string_135" HPOS="462" VPOS="1820" WIDTH="262" HEIGHT="49" WC="0.92" CONTENT="hvarjehanda"/><SP WIDTH="29" VPOS="1820" HPOS="724"/>
							<String ID="string_136" HPOS="753" VPOS="1823" WIDTH="96" HEIGHT="49" WC="0.95" CONTENT="slag."/><SP WIDTH="56" VPOS="1823" HPOS="849"/>
							<String ID="string_137" HPOS="905" VPOS="1824" WIDTH="55" HEIGHT="36" WC="0.94" CONTENT="De"/><SP WIDTH="28" VPOS="1824" HPOS="960"/>
							<String ID="string_138" HPOS="988" VPOS="1825" WIDTH="11" HEIGHT="35" WC="0.96" CONTENT="i"/><SP WIDTH="30" VPOS="1825" HPOS="999"/>
							<String ID="string_139" HPOS="1029" VPOS="1825" WIDTH="162" HEIGHT="37" WC="0.93" CONTENT="berörda"/><SP WIDTH="30" VPOS="1825" HPOS="1191"/>
							<String ID="string_140" HPOS="1221" VPOS="1827" WIDTH="210" HEIGHT="36" WC="0.92" CONTENT="afseenden"/><SP WIDTH="23" VPOS="1827" HPOS="1431"/>
							<String ID="string_141" HPOS="1454" VPOS="1827" WIDTH="180" HEIGHT="49" WC="0.93" CONTENT="gällande"/><SP WIDTH="20" VPOS="1827" HPOS="1634"/>
							<String ID="string_142" HPOS="1654" VPOS="1829" WIDTH="169" HEIGHT="37" WC="0.90" CONTENT="bestäm-"/>
						</TextLine>
						<TextLine ID="line_16" HPOS="206" VPOS="1869" WIDTH="1617" HEIGHT="58">
							<String ID="string_143" HPOS="206" VPOS="1869" WIDTH="142" HEIGHT="37" WC="0.90" CONTENT="melser"/><SP WIDTH="39" VPOS="1869" HPOS="348"/>
							<String ID="string_144" HPOS="387" VPOS="1884" WIDTH="91" HEIGHT="23" WC="0.96" CONTENT="vore"/><SP WIDTH="31" VPOS="1884" HPOS="478"/>
							<String ID="string_145" HPOS="509" VPOS="1872" WIDTH="117" HEIGHT="37" WC="0.96" CONTENT="oftast"/><SP WIDTH="27" VPOS="1872" HPOS="626"/>
							<String ID="string_146" HPOS="653" VPOS="1874" WIDTH="202" HEIGHT="46" WC="0.93" CONTENT="grundade"/><SP WIDTH="30" VPOS="1874" HPOS="855"/>
							<String ID="string_147" HPOS="885" VPOS="1878" WIDTH="20" HEIGHT="33" WC="0.92" CONTENT="å"/><SP WIDTH="28" VPOS="1878" HPOS="905"/>
							<String ID="string_148" HPOS="933" VPOS="1876" WIDTH="188" HEIGHT="36" WC="0.96" CONTENT="särskilda"/><SP WIDTH="29" VPOS="1876" HPOS="1121"/>
							<String ID="string_149" HPOS="1150" VPOS="1878" WIDTH="122" HEIGHT="35" WC="0.96" CONTENT="under"/><SP WIDTH="26" VPOS="1878" HPOS="1272"/>
							<String ID="string_150" HPOS="1298" VPOS="1877" WIDTH="171" HEIGHT="37" WC="0.96" CONTENT="tidernas"/><SP WIDTH="29" VPOS="1877" HPOS="1469"/>
							<String ID="string_151" HPOS="1498" VPOS="1878" WIDTH="90" HEIGHT="49" WC="0.95" CONTENT="lopp"/><SP WIDTH="30" VPOS="1878" HPOS="1588"/>
							<String ID="string_152" HPOS="1618" VPOS="1880" WIDTH="205" HEIGHT="38" WC="0.96" CONTENT="utfärdade"/>
						</TextLine>
						<TextLine ID="line_17" HPOS="206" VPOS="1919" WIDTH="1618" HEIGHT="58">
							<String ID="string_153" HPOS="206" VPOS="1919" WIDTH="130" HEIGHT="50" WC="0.86" CONTENT="kongl."/><SP WIDTH="44" VPOS="1919" HPOS="336"/>
							<String ID="string_154" HPOS="380" VPOS="1921" WIDTH="90" HEIGHT="36" WC="0.96" CONTENT="bref"/><SP WIDTH="37" VPOS="1921" HPOS="470"/>
							<String ID="string_155" HPOS="507" VPOS="1923" WIDTH="70" HEIGHT="36" WC="0.93" CONTENT="och"/><SP WIDTH="41" VPOS="1923" HPOS="577"/>
							<String ID="string_156" HPOS="618" VPOS="1924" WIDTH="275" HEIGHT="48" WC="0.86" CONTENT="generalorder"/><SP WIDTH="41" VPOS="1924" HPOS="893"/>
							<String ID="string_157" HPOS="934" VPOS="1927" WIDTH="71" HEIGHT="36" WC="0.96" CONTENT="och"/><SP WIDTH="29" VPOS="1927" HPOS="1005"/>
							<String ID="string_158" HPOS="1034" VPOS="1927" WIDTH="34" HEIGHT="48" WC="0.95" CONTENT="ej"/><SP WIDTH="30" VPOS="1927" HPOS="1068"/>
							<String ID="string_159" HPOS="1098" VPOS="1927" WIDTH="122" HEIGHT="37" WC="0.96" CONTENT="sällan"/><SP WIDTH="28" VPOS="1927" HPOS="1220"/>
							<String ID="string_160" HPOS="1248" VPOS="1928" WIDTH="12" HEIGHT="35" WC="0.96" CONTENT="i"/><SP WIDTH="27" VPOS="1928" HPOS="1260"/>
							<String ID="string_161" HPOS="1287" VPOS="1928" WIDTH="97" HEIGHT="49" WC="0.96" CONTENT="följd"/><SP WIDTH="30" VPOS="1928" HPOS="1384"/>
							<String ID="string_162" HPOS="1414" VPOS="1929" WIDTH="42" HEIGHT="36" WC="0.96" CONTENT="af"/><SP WIDTH="19" VPOS="1929" HPOS="1456"/>
							<String ID="string_163" HPOS="1475" VPOS="1929" WIDTH="141" HEIGHT="37" WC="0.96" CONTENT="besvär"/><SP WIDTH="22" VPOS="1929" HPOS="1616"/>
							<String ID="string_164" HPOS="1638" VPOS="1930" WIDTH="87" HEIGHT="37" WC="0.93" CONTENT="från"/><SP WIDTH="31" VPOS="1930" HPOS="1725"/>
							<String ID="string_165" HPOS="1756" VPOS="1932" WIDTH="68" HEIGHT="36" WC="0.92" CONTENT="all-"/>
						</TextLine>
						<TextLine ID="line_18" HPOS="206" VPOS="1972" WIDTH="1618" HEIGHT="57">
							<String ID="string_166" HPOS="206" VPOS="1983" WIDTH="141" HEIGHT="36" WC="0.96" CONTENT="mogen"/><SP WIDTH="41" VPOS="1983" HPOS="347"/>
							<String ID="string_167" HPOS="388" VPOS="1972" WIDTH="11" HEIGHT="35" WC="0.95" CONTENT="i"/><SP WIDTH="40" VPOS="1972" HPOS="399"/>
							<String ID="string_168" HPOS="439" VPOS="1972" WIDTH="74" HEIGHT="38" WC="0.95" CONTENT="den"/><SP WIDTH="36" VPOS="1972" HPOS="513"/>
							<String ID="string_169" HPOS="549" VPOS="1987" WIDTH="72" HEIGHT="24" WC="0.96" CONTENT="ena"/><SP WIDTH="29" VPOS="1987" HPOS="621"/>
							<String ID="string_170" HPOS="650" VPOS="1974" WIDTH="93" HEIGHT="37" WC="0.94" CONTENT="eller"/><SP WIDTH="30" VPOS="1974" HPOS="743"/>
							<String ID="string_171" HPOS="773" VPOS="1976" WIDTH="117" HEIGHT="37" WC="0.95" CONTENT="andra"/><SP WIDTH="30" VPOS="1976" HPOS="890"/>
							<String ID="string_172" HPOS="920" VPOS="1983" WIDTH="107" HEIGHT="31" WC="0.96" CONTENT="orten"/><SP WIDTH="29" VPOS="1983" HPOS="1027"/>
							<String ID="string_173" HPOS="1056" VPOS="1978" WIDTH="101" HEIGHT="37" WC="0.96" CONTENT="olika"/><SP WIDTH="30" VPOS="1978" HPOS="1157"/>
							<String ID="string_174" HPOS="1187" VPOS="1979" WIDTH="58" HEIGHT="36" WC="0.96" CONTENT="för"/><SP WIDTH="29" VPOS="1979" HPOS="1245"/>
							<String ID="string_175" HPOS="1274" VPOS="1979" WIDTH="101" HEIGHT="38" WC="0.96" CONTENT="olika"/><SP WIDTH="28" VPOS="1979" HPOS="1375"/>
							<String ID="string_176" HPOS="1403" VPOS="1986" WIDTH="263" HEIGHT="43" WC="0.96" CONTENT="regementen,"/><SP WIDTH="32" VPOS="1986" HPOS="1666"/>
							<String ID="string_177" HPOS="1698" VPOS="1986" WIDTH="42" HEIGHT="34" WC="0.96" CONTENT="så"/><SP WIDTH="29" VPOS="1986" HPOS="1740"/>
							<String ID="string_178" HPOS="1769" VPOS="1989" WIDTH="55" HEIGHT="31" WC="0.96" CONTENT="att"/>
						</TextLine>
						<TextLine ID="line_19" HPOS="206" VPOS="2023" WIDTH="1616" HEIGHT="60">
							<String ID="string_179" HPOS="206" VPOS="2025" WIDTH="127" HEIGHT="45" WC="0.96" CONTENT="någon"/><SP WIDTH="42" VPOS="2025" HPOS="333"/>
							<String ID="string_180" HPOS="375" VPOS="2023" WIDTH="116" HEIGHT="37" WC="0.94" CONTENT="enhet"/><SP WIDTH="42" VPOS="2023" HPOS="491"/>
							<String ID="string_181" HPOS="533" VPOS="2024" WIDTH="91" HEIGHT="37" WC="0.93" CONTENT="eller"/><SP WIDTH="39" VPOS="2024" HPOS="624"/>
							<String ID="string_182" HPOS="663" VPOS="2025" WIDTH="244" HEIGHT="50" WC="0.91" CONTENT="konseqvens"/><SP WIDTH="37" VPOS="2025" HPOS="907"/>
							<String ID="string_183" HPOS="944" VPOS="2028" WIDTH="9" HEIGHT="35" WC="0.92" CONTENT="i"/><SP WIDTH="35" VPOS="2028" HPOS="953"/>
							<String ID="string_184" HPOS="988" VPOS="2029" WIDTH="269" HEIGHT="48" WC="0.92" CONTENT="stadgandena"/><SP WIDTH="28" VPOS="2029" HPOS="1257"/>
							<String ID="string_185" HPOS="1285" VPOS="2031" WIDTH="245" HEIGHT="49" WC="0.96" CONTENT="näppeligen."/><SP WIDTH="19" VPOS="2031" HPOS="1530"/>
							<String ID="string_186" HPOS="1549" VPOS="2032" WIDTH="129" HEIGHT="38" WC="0.96" CONTENT="kunde"/><SP WIDTH="30" VPOS="2032" HPOS="1678"/>
							<String ID="string_187" HPOS="1708" VPOS="2039" WIDTH="114" HEIGHT="44" WC="0.96" CONTENT="sägas"/>
						</TextLine>
						<TextLine ID="line_20" HPOS="204" VPOS="2073" WIDTH="1618" HEIGHT="61">
							<String ID="string_188" HPOS="204" VPOS="2085" WIDTH="94" HEIGHT="24" WC="0.96" CONTENT="vara"/><SP WIDTH="27" VPOS="2085" HPOS="298"/>
							<String ID="string_189" HPOS="325" VPOS="2073" WIDTH="180" HEIGHT="38" WC="0.95" CONTENT="rådande."/><SP WIDTH="55" VPOS="2073" HPOS="505"/>
							<String ID="string_190" HPOS="560" VPOS="2076" WIDTH="240" HEIGHT="37" WC="0.96" CONTENT="Motionären"/><SP WIDTH="27" VPOS="2076" HPOS="800"/>
							<String ID="string_191" HPOS="827" VPOS="2078" WIDTH="136" HEIGHT="37" WC="0.96" CONTENT="trodde"/><SP WIDTH="30" VPOS="2078" HPOS="963"/>
							<String ID="string_192" HPOS="993" VPOS="2079" WIDTH="61" HEIGHT="49" WC="0.96" CONTENT="sig"/><SP WIDTH="28" VPOS="2079" HPOS="1054"/>
							<String ID="string_193" HPOS="1082" VPOS="2080" WIDTH="128" HEIGHT="37" WC="0.96" CONTENT="kunna"/><SP WIDTH="17" VPOS="2080" HPOS="1210"/>
							<String ID="string_194" HPOS="1227" VPOS="2087" WIDTH="91" HEIGHT="30" WC="0.95" CONTENT="utan"/><SP WIDTH="16" VPOS="2087" HPOS="1318"/>
							<String ID="string_195" HPOS="1334" VPOS="2082" WIDTH="83" HEIGHT="36" WC="0.96" CONTENT="fara"/><SP WIDTH="15" VPOS="2082" HPOS="1417"/>
							<String ID="string_196" HPOS="1432" VPOS="2082" WIDTH="58" HEIGHT="36" WC="0.93" CONTENT="för"/><SP WIDTH="15" VPOS="2082" HPOS="1490"/>
							<String ID="string_197" HPOS="1505" VPOS="2082" WIDTH="202" HEIGHT="38" WC="0.92" CONTENT="öfverdrift"/><SP WIDTH="17" VPOS="2082" HPOS="1707"/>
							<String ID="string_198" HPOS="1724" VPOS="2088" WIDTH="98" HEIGHT="46" WC="0.95" CONTENT="våga"/>
						</TextLine>
						<TextLine ID="line_21" HPOS="205" VPOS="2126" WIDTH="1616" HEIGHT="55">
							<String ID="string_199" HPOS="205" VPOS="2126" WIDTH="121" HEIGHT="45" WC="0.95" CONTENT="påstå,"/><SP WIDTH="43" VPOS="2126" HPOS="326"/>
							<String ID="string_200" HPOS="369" VPOS="2130" WIDTH="54" HEIGHT="31" WC="0.96" CONTENT="att"/><SP WIDTH="39" VPOS="2130" HPOS="423"/>
							<String ID="string_201" HPOS="462" VPOS="2126" WIDTH="41" HEIGHT="36" WC="0.96" CONTENT="af"/><SP WIDTH="36" VPOS="2126" HPOS="503"/>
							<String ID="string_202" HPOS="539" VPOS="2126" WIDTH="64" HEIGHT="37" WC="0.96" CONTENT="det"/><SP WIDTH="40" VPOS="2126" HPOS="603"/>
							<String ID="string_203" HPOS="643" VPOS="2127" WIDTH="211" HEIGHT="49" WC="0.96" CONTENT="ingalunda"/><SP WIDTH="42" VPOS="2127" HPOS="854"/>
							<String ID="string_204" HPOS="896" VPOS="2129" WIDTH="222" HEIGHT="51" WC="0.96" CONTENT="obetydliga"/><SP WIDTH="40" VPOS="2129" HPOS="1118"/>
							<String ID="string_205" HPOS="1158" VPOS="2132" WIDTH="102" HEIGHT="37" WC="0.95" CONTENT="antal"/><SP WIDTH="33" VPOS="2132" HPOS="1260"/>
							<String ID="string_206" HPOS="1293" VPOS="2146" WIDTH="196" HEIGHT="35" WC="0.96" CONTENT="personer,"/><SP WIDTH="34" VPOS="2146" HPOS="1489"/>
							<String ID="string_207" HPOS="1523" VPOS="2147" WIDTH="82" HEIGHT="23" WC="0.96" CONTENT="som"/><SP WIDTH="34" VPOS="2147" HPOS="1605"/>
							<String ID="string_208" HPOS="1639" VPOS="2135" WIDTH="98" HEIGHT="37" WC="0.96" CONTENT="hade"/><SP WIDTH="30" VPOS="2135" HPOS="1737"/>
							<String ID="string_209" HPOS="1767" VPOS="2141" WIDTH="54" HEIGHT="32" WC="0.96" CONTENT="att"/>
						</TextLine>
						<TextLine ID="line_22" HPOS="207" VPOS="2173" WIDTH="1614" HEIGHT="65">
							<String ID="string_210" HPOS="207" VPOS="2173" WIDTH="130" HEIGHT="50" WC="0.90" CONTENT="åtlyda"/><SP WIDTH="29" VPOS="2173" HPOS="337"/>
							<String ID="string_211" HPOS="366" VPOS="2175" WIDTH="113" HEIGHT="38" WC="0.96" CONTENT="dessa"/><SP WIDTH="28" VPOS="2175" HPOS="479"/>
							<String ID="string_212" HPOS="507" VPOS="2177" WIDTH="252" HEIGHT="49" WC="0.96" CONTENT="föreskrifter,"/><SP WIDTH="30" VPOS="2177" HPOS="759"/>
							<String ID="string_213" HPOS="789" VPOS="2180" WIDTH="136" HEIGHT="37" WC="0.96" CONTENT="endast"/><SP WIDTH="28" VPOS="2180" HPOS="925"/>
							<String ID="string_214" HPOS="953" VPOS="2187" WIDTH="54" HEIGHT="31" WC="0.96" CONTENT="ett"/><SP WIDTH="28" VPOS="2187" HPOS="1007"/>
							<String ID="string_215" HPOS="1035" VPOS="2182" WIDTH="105" HEIGHT="47" WC="0.95" CONTENT="fåtal,"/><SP WIDTH="24" VPOS="2182" HPOS="1140"/>
							<String ID="string_216" HPOS="1164" VPOS="2182" WIDTH="42" HEIGHT="49" WC="0.96" CONTENT="ja"/><SP WIDTH="29" VPOS="2182" HPOS="1206"/>
							<String ID="string_217" HPOS="1235" VPOS="2184" WIDTH="192" HEIGHT="48" WC="0.94" CONTENT="knappast"/><SP WIDTH="25" VPOS="2184" HPOS="1427"/>
							<String ID="string_218" HPOS="1452" VPOS="2197" WIDTH="46" HEIGHT="23" WC="0.96" CONTENT="en"/><SP WIDTH="19" VPOS="2197" HPOS="1498"/>
							<String ID="string_219" HPOS="1517" VPOS="2184" WIDTH="119" HEIGHT="37" WC="0.95" CONTENT="bland"/><SP WIDTH="24" VPOS="2184" HPOS="1636"/>
							<String ID="string_220" HPOS="1660" VPOS="2182" WIDTH="161" HEIGHT="56" WC="0.89" CONTENT="hundia,"/>
						</TextLine>
						<TextLine ID="line_23" HPOS="206" VPOS="2225" WIDTH="1617" HEIGHT="61">
							<String ID="string_221" HPOS="206" VPOS="2225" WIDTH="101" HEIGHT="48" WC="0.91" CONTENT="egde"/><SP WIDTH="31" VPOS="2225" HPOS="307"/>
							<String ID="string_222" HPOS="338" VPOS="2226" WIDTH="70" HEIGHT="36" WC="0.95" CONTENT="full"/><SP WIDTH="28" VPOS="2226" HPOS="408"/>
							<String ID="string_223" HPOS="436" VPOS="2227" WIDTH="217" HEIGHT="38" WC="0.96" CONTENT="kännedom"/><SP WIDTH="30" VPOS="2227" HPOS="653"/>
							<String ID="string_224" HPOS="683" VPOS="2243" WIDTH="60" HEIGHT="23" WC="0.95" CONTENT="om"/><SP WIDTH="30" VPOS="2243" HPOS="743"/>
							<String ID="string_225" HPOS="773" VPOS="2230" WIDTH="103" HEIGHT="47" WC="0.95" CONTENT="dem;"/><SP WIDTH="30" VPOS="2230" HPOS="876"/>
							<String ID="string_226" HPOS="906" VPOS="2232" WIDTH="71" HEIGHT="36" WC="0.96" CONTENT="och"/><SP WIDTH="31" VPOS="2232" HPOS="977"/>
							<String ID="string_227" HPOS="1008" VPOS="2246" WIDTH="60" HEIGHT="23" WC="0.96" CONTENT="om"/><SP WIDTH="30" VPOS="2246" HPOS="1068"/>
							<String ID="string_228" HPOS="1098" VPOS="2233" WIDTH="64" HEIGHT="36" WC="0.96" CONTENT="det"/><SP WIDTH="27" VPOS="2233" HPOS="1162"/>
							<String ID="string_229" HPOS="1189" VPOS="2234" WIDTH="12" HEIGHT="35" WC="0.96" CONTENT="i"/><SP WIDTH="28" VPOS="2234" HPOS="1201"/>
							<String ID="string_230" HPOS="1229" VPOS="2234" WIDTH="210" HEIGHT="37" WC="0.95" CONTENT="allmänhet"/><SP WIDTH="27" VPOS="2234" HPOS="1439"/>
							<String ID="string_231" HPOS="1466" VPOS="2248" WIDTH="91" HEIGHT="24" WC="0.96" CONTENT="vore"/><SP WIDTH="29" VPOS="2248" HPOS="1557"/>
							<String ID="string_232" HPOS="1586" VPOS="2236" WIDTH="42" HEIGHT="36" WC="0.96" CONTENT="af"/><SP WIDTH="24" VPOS="2236" HPOS="1628"/>
							<String ID="string_233" HPOS="1652" VPOS="2237" WIDTH="93" HEIGHT="49" WC="0.96" CONTENT="vigt,"/><SP WIDTH="22" VPOS="2237" HPOS="1745"/>
							<String ID="string_234" HPOS="1767" VPOS="2243" WIDTH="56" HEIGHT="32" WC="0.96" CONTENT="att"/>
						</TextLine>
					</TextBlock>
				</ComposedBlock>
				<ComposedBlock ID="cblock_4" HPOS="305" VPOS="2295" WIDTH="1465" HEIGHT="49">
					<TextBlock ID="block_4" HPOS="305" VPOS="2295" WIDTH="1465" HEIGHT="49">
						<TextLine ID="line_24" HPOS="305" VPOS="2295" WIDTH="1465" HEIGHT="49">
							<String ID="string_235" HPOS="305" VPOS="2295" WIDTH="73" HEIGHT="32" WC="0.87" CONTENT="Bih."/><SP WIDTH="23" VPOS="2295" HPOS="378"/>
							<String ID="string_236" HPOS="401" VPOS="2296" WIDTH="50" HEIGHT="32" WC="0.93" CONTENT="till"/><SP WIDTH="22" VPOS="2296" HPOS="451"/>
							<String ID="string_237" HPOS="473" VPOS="2298" WIDTH="109" HEIGHT="32" WC="0.90" CONTENT="Riksd."/><SP WIDTH="25" VPOS="2298" HPOS="582"/>
							<String ID="string_238" HPOS="607" VPOS="2299" WIDTH="87" HEIGHT="34" WC="0.96" CONTENT="Prot."/><SP WIDTH="26" VPOS="2299" HPOS="694"/>
							<String ID="string_239" HPOS="720" VPOS="2302" WIDTH="89" HEIGHT="30" WC="0.95" CONTENT="1889."/><SP WIDTH="44" VPOS="2302" HPOS="809"/>
							<String ID="string_240" HPOS="853" VPOS="2303" WIDTH="21" HEIGHT="29" WC="0.93" CONTENT="8"/><SP WIDTH="23" VPOS="2303" HPOS="874"/>
							<String ID="string_241" HPOS="897" VPOS="2301" WIDTH="92" HEIGHT="32" WC="0.85" CONTENT="Saml."/><SP WIDTH="44" VPOS="2301" HPOS="989"/>
							<String ID="string_242" HPOS="1033" VPOS="2304" WIDTH="23" HEIGHT="30" WC="0.92" CONTENT="2"/><SP WIDTH="23" VPOS="2304" HPOS="1056"/>
							<String ID="string_243" HPOS="1079" VPOS="2303" WIDTH="74" HEIGHT="39" WC="0.89" CONTENT="Afd."/><SP WIDTH="44" VPOS="2303" HPOS="1153"/>
							<String ID="string_244" HPOS="1197" VPOS="2306" WIDTH="23" HEIGHT="29" WC="0.96" CONTENT="2"/><SP WIDTH="22" VPOS="2306" HPOS="1220"/>
							<String ID="string_245" HPOS="1242" VPOS="2303" WIDTH="106" HEIGHT="32" WC="0.95" CONTENT="Band."/><SP WIDTH="45" VPOS="2303" HPOS="1348"/>
							<String ID="string_246" HPOS="1393" VPOS="2306" WIDTH="48" HEIGHT="30" WC="0.93" CONTENT="22"/><SP WIDTH="22" VPOS="2306" HPOS="1441"/>
							<String ID="string_247" HPOS="1463" VPOS="2304" WIDTH="88" HEIGHT="40" WC="0.77" CONTENT="Häft."/><SP WIDTH="199" VPOS="2304" HPOS="1551"/>
							<String ID="string_248" HPOS="1750" VPOS="2308" WIDTH="20" HEIGHT="33" WC="0.96" CONTENT="3"/>
						</TextLine>
					</TextBlock>
				</ComposedBlock>
				<ComposedBlock ID="cblock_5" HPOS="1435" VPOS="2394" WIDTH="13" HEIGHT="15">
					<TextBlock ID="block_5" HPOS="1435" VPOS="2394" WIDTH="13" HEIGHT="15">
						<TextLine ID="line_25" HPOS="1435" VPOS="2394" WIDTH="13" HEIGHT="15">
							<String ID="string_249" HPOS="1435" VPOS="2394" WIDTH="13" HEIGHT="15" WC="0.1" CONTENT="är"/>
						</TextLine>
					</TextBlock>
				</ComposedBlock>
			</PrintSpace>
		</Page>
	</Layout>
</alto>
