1914 2830
520 178 275 31 Statsutskottets
819 176 176 32 utlåtande
1017 176 50 31 Nr
1088 177 70 30 197.
1578 170 17 29 7

88 267 83 27 nent
186 264 245 35 natthärbärge
450 262 53 30 för
519 262 175 30 marinens
710 261 171 36 manskap
898 259 110 31 måste
1023 260 119 30 därför
1158 258 191 31 anskaffas.
1371 258 100 30 Detta
1488 258 108 30 borde

87 308 124 34 utgöra
228 315 43 21 en
289 306 53 29 del
359 315 42 20 av
420 304 184 36 Drottning
621 303 167 30 Victorias
806 303 205 36 örlogshem.
1030 302 75 30 Vad
1121 311 74 20 som
1211 300 147 31 sålunda
1376 299 219 31 erfordrades

90 358 80 21 vore
189 351 46 27 ett
253 349 79 29 hem
349 348 54 29 för
420 347 176 30 marinens
613 346 171 36 manskap
804 354 41 21 av
864 354 135 21 samma
1016 347 58 33 typ
1095 353 75 21 som
1189 343 216 30 förekomme
1425 342 11 29 i
1454 341 141 31 åtskilli-

88 399 42 28 ga
150 390 220 31 främmande
390 389 139 31 länders
549 390 108 29 större
679 388 263 36 örlogshamnar
965 388 65 29 och
1051 385 178 38 sjöstäder.

133 434 68 31 För
224 433 173 30 vinnande
421 443 43 20 av
489 433 91 30 detta
605 431 71 31 mål
701 431 90 30 hade
813 430 383 37 örlogshemsstyrelsen
1220 431 111 28 ansett
1355 427 58 31 det
1437 427 157 36 lämpligt

89 479 49 27 att
165 476 84 30 söka
274 475 165 30 anskaffa
464 484 43 20 en
533 473 149 31 särskild
707 473 172 36 fastighet.
905 472 111 30 Medel
1041 471 55 30 för
1124 470 356 37 fastighetsförvärvet
1505 468 90 31 hade

87 519 168 36 styrelsen
270 519 97 30 tänkt
385 518 50 36 sig
452 518 97 30 skola
566 516 244 31 åstadkomma
826 523 124 30 genom
967 515 235 30 hänvändelse
1218 514 49 30 till
1285 512 234 32 allmänheten
1536 521 58 21 om

87 560 164 37 frivilliga
277 560 131 36 bidrag.
436 560 69 30 För
529 562 48 28 att
603 562 120 33 trygga
749 557 404 36 medelsanskaffningen
1180 559 113 33 syntes
1321 556 57 29 det
1405 554 189 31 emellertid

90 603 184 31 därutöver
294 611 82 22 vara
396 601 218 36 erforderligt
634 604 50 26 att
704 600 110 30 räkna
832 600 80 31 med
930 599 121 36 bidrag
1071 608 42 21 av
1135 597 205 31 statsmedel.

135 671 15 30 I
179 670 197 35 anslutning
404 669 51 30 till
485 669 56 30 det
570 668 149 31 anförda
746 668 198 29 hemställer
975 665 389 38 örlogshemsstyrelsen,
1395 666 49 28 att
1472 663 122 36 Kungl.

90 720 103 37 Maj:t
209 719 105 32 måtte
331 720 55 30 för
404 718 198 32 ändamålet
621 719 100 30 ställa
739 718 50 30 till
806 718 206 36 förfogande
1031 720 46 27 ett
1094 717 125 35 belopp
1236 726 42 20 av
1297 715 143 36 200,000
1455 716 139 30 kronor.

134 771 50 30 Av
200 771 254 36 handlingarna
472 770 10 30 i
499 771 115 29 ämnet
630 769 175 30 inhämtas
821 768 118 31 vidare
957 767 106 31 bland
1080 769 116 36 annat,
1215 769 49 27 att
1281 765 55 31 för
1352 764 244 31 realiserandet

91 833 43 21 av
155 824 128 29 tanken
306 825 49 28 att
375 822 57 31 för
452 821 267 37 ifrågavarande
741 819 164 31 ändamål
928 818 164 32 anskaffa
1115 828 42 21 en
1180 816 147 32 särskild
1349 816 164 36 fastighet
1533 815 62 30 bil-

91 873 76 30 dats
189 883 43 20 en
255 872 191 31 kommitté.

135 924 54 30 En
207 923 251 36 handlingarna
480 921 143 37 bifogad
641 920 201 38 preliminär
860 919 205 31 ekonomisk
1086 919 119 36 kalkyl
1223 917 99 38 utgår
1342 916 81 32 från
1442 918 66 30 den
1527 916 68 31 för-

89 974 245 36 utsättningen,
361 976 49 27 att
433 973 203 30 statsverket
659 989 45 4 —
727 971 153 30 förutom
903 973 46 27 ett
972 968 272 38 engångsbidrag
1269 969 51 30 till
1344 967 252 37 fastighetsför-

91 1026 83 29 värv
193 1043 45 3 —
257 1023 185 37 tillskjuter
461 1026 46 27 ett
527 1022 101 37 årligt
647 1022 126 36 belopp
795 1031 41 20 av
862 1021 117 36 15,000
1000 1021 130 30 kronor
1149 1029 74 21 som
1245 1019 199 31 understöd.

134 1076 15 30 I
165 1075 140 31 ärendet
321 1076 46 29 ha
384 1074 126 31 chefen
526 1075 55 30 för
597 1074 237 30 marinstaben
850 1073 55 30 för
922 1073 123 37 chefen
1062 1073 55 37 för
1132 1073 156 30 marinen
1306 1074 89 27 samt
1412 1069 184 38 marinför-

92 1125 197 37 valtningen
308 1124 128 37 avgivit
457 1126 213 35 gemensamt
689 1122 187 31 utlåtande.

135 1175 389 38 Departementschefen
544 1175 64 30 har
629 1174 11 30 i
661 1174 142 30 ärendet
821 1173 118 30 anfört
960 1172 164 37 följande.

137 1236 65 30 Det
229 1234 108 31 måste
364 1244 100 21 anses
491 1243 82 21 vara
602 1243 42 21 en
672 1233 155 36 allvarlig
855 1232 183 37 olägenhet
1063 1234 50 27 att
1140 1231 244 30 huvudstaden
1413 1230 77 30 icke
1519 1231 80 35 äger

91 1278 216 39 möjligheter
325 1280 49 28 atl
393 1277 127 30 bereda
538 1286 43 21 en
600 1276 56 31 för
673 1274 198 32 ändamålet
889 1274 143 37 lämplig
1050 1274 215 37 tillflyktsort
1283 1273 55 30 för
1354 1272 150 31 militära
1522 1281 75 28 per-

90 1321 176 30 mittenter
287 1321 109 29 under
421 1320 98 30 deras
541 1319 136 30 vistelse
700 1318 11 30 i
733 1318 130 30 staden.
888 1318 122 29 Denna
1034 1317 181 36 olägenhet
1236 1316 64 30 har
1324 1315 141 30 särskilt
1489 1315 109 30 starkt

92 1363 177 31 framträtt
285 1363 53 30 för
355 1362 175 30 marinens
549 1362 55 29 del
621 1362 65 29 och
707 1360 234 37 provisoriska
958 1358 158 37 åtgärder
1132 1359 47 29 ha
1197 1357 104 32 också
1318 1359 65 29 här
1401 1357 85 31 efter
1503 1356 96 31 hand

93 1405 169 36 vidtagits.
293 1405 64 30 Det
386 1404 157 35 initiativ,
573 1413 76 20 som
681 1402 104 36 enligt
815 1403 67 29 den
913 1400 207 38 föregående
1148 1401 240 35 redogörelsen
1421 1399 100 37 tagits
1552 1397 47 38 på

92 1449 137 29 enskild
254 1449 72 34 väg,
353 1449 39 28 är
416 1447 80 30 med
519 1447 137 35 hänsyn
681 1446 50 29 till
757 1446 55 29 det
835 1445 150 30 anförda
1009 1444 279 36 behjärtansvärt
1313 1444 65 28 och
1404 1451 100 27 synes
1528 1441 70 36 mig

92 1489 147 35 förtjänt
259 1499 40 20 av
318 1490 76 29 stöd
413 1488 80 31 från
513 1489 55 29 det
589 1489 194 29 allmännas
803 1487 84 31 sida.

136 1529 76 31 Vad
231 1529 169 30 beträffar
422 1529 67 30 den
508 1528 197 37 uppgjorda
724 1528 227 30 ekonomiska
971 1527 164 37 kalkylen
1156 1528 39 29 är
1217 1527 55 30 det
1293 1526 99 37 givet,
1416 1529 50 27 att
1486 1526 113 30 denna

92 1570 110 32 måste
218 1572 69 30 lida
304 1582 41 20 av
362 1571 132 37 ganska
512 1574 69 27 stor
596 1571 183 30 osäkerhet
795 1570 80 30 med
892 1571 136 35 hänsyn
1046 1569 51 30 till
1112 1570 41 29 de
1171 1568 125 37 många
1315 1568 113 30 ovissa
1444 1568 155 30 faktorer

92 1623 85 20 man
197 1615 64 29 här
282 1615 63 29 har
367 1617 49 27 att
439 1614 111 29 räkna
570 1613 90 30 med.
684 1612 67 31 Om
772 1612 190 30 emellertid
986 1612 10 29 i
1019 1612 66 30 den
1109 1611 151 35 stiftelse,
1285 1620 76 21 som
1383 1620 96 20 avses
1502 1610 96 30 skola

92 1658 187 30 hanrdhava
305 1657 274 35 verksamheten,
608 1658 138 33 statens,
773 1654 269 36 enkannerligen
1069 1653 334 31 försvarsväsendets
1431 1653 168 29 intressen

93 1700 94 30 bliva
216 1699 206 36 tillbörligen
448 1698 289 36 representerade,
767 1697 96 30 torde
893 1696 223 36 erforderliga
1146 1695 171 37 garantier
1343 1695 55 30 för
1428 1705 42 20 en
1498 1694 102 36 riktig

95 1742 222 36 användning
341 1751 42 21 av
408 1744 47 27 elt
476 1740 161 31 statsstöd
660 1740 132 30 vinnas.

137 1785 77 29 Vad
231 1784 169 30 beträffar
419 1784 66 29 den
506 1784 161 29 närmare
686 1782 215 29 innebörden
919 1790 42 21 av
982 1781 56 30 det
1056 1779 178 38 åtagande,
1256 1789 74 21 som
1352 1780 110 29 skulle
1480 1778 119 38 påkal-

93 1827 51 30 las
172 1826 79 31 från
277 1829 127 27 statens
433 1826 84 35 sida,
542 1824 38 31 så
608 1825 165 30 omfattar
799 1824 92 30 detta
918 1824 71 29 dels
1014 1826 46 27 ett
1084 1821 277 38 engångsbelopp
1388 1831 42 20 av
1459 1821 141 35 200,000

93 1871 131 28 kronor
249 1868 113 30 såsom
387 1868 123 35 bidrag
535 1867 50 30 till
610 1866 323 36 fastighetsförvärv
957 1866 65 29 och
1049 1865 71 30 dels
1148 1868 46 26 ett
1217 1863 100 37 årligt
1342 1864 190 30 understöd
1558 1872 41 21 av

98 1912 117 33 15,000
234 1911 128 29 kronor
382 1910 56 29 för
457 1909 299 30 driftskostnader.

140 1954 66 28 Till
228 1951 122 37 frågan
374 1962 58 20 om
454 1951 172 30 storleken
650 1960 42 20 av
716 1949 214 36 årsbidraget
953 1958 99 20 anser
1075 1948 57 36 jag
1156 1948 69 36 mig
1246 1948 75 30 icke
1344 1949 86 29 böra
1454 1958 48 20 nu
1523 1952 78 32 taga

95 1995 172 35 ställning.
293 1995 103 29 Emot
421 1993 238 36 beräkningen
687 2001 41 21 av
755 1990 308 37 engångsbidraget
1090 1992 64 28 har
1179 1990 56 37 jag
1260 1990 85 30 intet
1371 1993 49 28 att
1448 1990 153 30 invända

95 2047 80 20 men
193 2038 198 29 förutsätter
406 2036 134 35 härvid,
559 2038 49 27 att
624 2034 233 31 kostnaderna
873 2034 11 29 i
902 2033 109 36 övrigt
1027 2033 167 29 bestridas
1210 2033 10 29 i
1238 2042 116 20 annan
1373 2032 147 36 ordning
1536 2032 65 31 och

95 2083 49 26 att
167 2078 217 37 följaktligen
406 2078 76 30 icke
506 2078 10 29 i
540 2077 266 35 fortsättningen
831 2075 195 38 ytterligare
1048 2073 151 38 anspråk
1225 2073 44 38 på
1291 2074 123 37 bidrag
1439 2084 41 20 av
1503 2077 97 28 stats-

95 2123 112 29 medel
223 2122 141 29 komma
380 2124 49 27 att
448 2120 221 30 framställas.
688 2120 14 28 I
721 2119 107 29 likhet
846 2119 80 29 med
944 2118 40 29 de
1001 2118 9 29 i
1030 2118 140 29 ärendet
1188 2117 109 30 hörda
1314 2117 287 36 myndigheterna

95 2164 200 30 förutsätter
318 2163 57 35 jag
399 2162 183 35 härjämte,
607 2165 49 26 att
681 2161 202 30 statsverket
909 2169 123 26 genom
1056 2160 187 29 anvisande
1268 2168 40 20 av
1333 2158 266 37 engångsbelop-

95 2210 58 32 pet
174 2207 53 29 för
248 2204 320 37 fastighetsförvärv
591 2203 75 30 icke
686 2203 131 29 ikläder
840 2202 50 35 sig
911 2200 107 37 några
1041 2201 163 30 framtida
1226 2201 232 33 förpliktelser
1479 2201 11 29 i
1510 2202 91 29 form

96 2258 42 20 av
160 2248 207 35 delaklighet
390 2247 10 29 i
420 2246 224 35 fastighetens
665 2243 182 31 underhåll
869 2254 45 19 m.
938 2254 44 19 m.
1005 2244 62 35 Jag
1090 2243 98 35 utgår
1208 2244 117 30 vidare
1345 2243 80 30 från
1446 2247 48 28 att
1516 2246 87 28 även

94 2294 107 27 annat
222 2290 300 34 militärmanskap
546 2289 45 29 än
613 2289 175 28 marinens
811 2288 88 28 skall
921 2304 44 3 —
987 2296 56 20 om
1066 2287 64 29 och
1154 2287 10 28 i
1187 2287 67 29 den
1276 2286 82 30 mån
1383 2286 37 30 så
1444 2287 157 30 kommer

97 2335 49 26 att
168 2332 4 29 i
195 2331 185 30 framtiden
400 2329 183 37 påfordras
604 2330 65 28 och
690 2331 185 33 utrymmet!
894 2328 54 29 del
969 2327 172 35 medgiver
1158 2345 43 3 —
1221 2328 119 29 kunna
1360 2328 142 29 komma
1522 2328 11 29 i
1554 2326 48 31 åt-

96 2374 168 37 njutande
284 2383 39 20 av
345 2373 41 29 de
409 2370 186 34 förmåner,
619 2370 351 36 permittenthemmet
994 2379 96 20 avses
1114 2369 96 30 skola
1233 2368 155 37 erbjuda.

142 2414 322 37 Engångsbeloppet
490 2413 20 29 å
533 2413 141 35 200,000
698 2413 128 29 kronor
852 2412 96 29 torde
973 2412 84 28 böra
1081 2411 136 29 anvisas
1243 2411 8 29 i
1279 2411 91 29 form
1396 2421 41 20 av
1464 2414 45 27 elt
1533 2413 69 28 sär-

98 2459 79 29 skilt
199 2456 347 34 reservationsanslag
567 2454 19 30 å
610 2454 199 35 tilläggsstat
833 2454 31 28 IT
888 2454 46 28 till
960 2453 183 29 riksstaten
1167 2453 51 29 för
1239 2452 200 35 budgetåret
1465 2449 137 41 1941/42

98 2501 110 29 under
230 2498 110 37 fjärde
362 2498 217 30 huvudtiteln
604 2497 37 29 E.
667 2496 148 29 Diverse.
840 2496 120 29 Därest
984 2494 97 36 årligt
1103 2495 120 35 bidrag
1244 2495 47 29 till
1314 2495 290 33 driftskostnader
