2206 2610
445 156 39 30 22
848 152 351 41 Bevillningsutskottets
1223 151 191 37 betänkande
1437 152 52 30 Nr
1511 152 50 30 44.

538 243 18 34 I
596 243 191 35 motionen
828 253 45 23 nr
907 241 69 35 206
1009 241 13 33 i
1049 240 119 35 första
1195 240 218 35 kammaren
1443 240 69 34 har
1538 239 157 34 friherre
1722 238 162 44 Fleming
1910 239 103 34 hem-

403 294 116 43 ställt,

540 346 73 32 »att
639 342 201 44 riksdagen
869 342 114 35 måtte
1012 341 106 35 avslå
1144 341 140 44 Kungl.
1313 341 129 43 Maj:ts
1470 340 12 34 1
1509 339 248 35 förevarande
1780 339 233 43 proposition

404 394 240 34 framställda
670 393 154 44 förslag,
854 392 114 35 såvitt
996 392 64 35 det
1087 403 108 23 avser
1217 391 199 35 införande
1435 402 48 23 av
1503 389 257 45 stämpelplikt
1778 388 65 34 vid
1863 389 152 34 förvärv

405 456 48 23 av
492 444 77 35 fast
609 443 182 44 egendom
828 444 89 33 eller
948 454 47 23 av
1027 442 128 43 fartyg
1181 452 133 33 genom
1343 442 112 34 skifte
1482 440 64 35 vid
1574 440 230 44 upplösning
1831 450 47 23 av
1905 439 111 43 bolag

405 495 90 34 eller
530 494 175 43 förening
732 494 69 34 och
829 493 49 44 på
905 493 122 44 grund
1056 504 48 22 av
1131 492 159 34 tillskott
1316 492 64 34 vid
1407 490 179 36 bildande
1614 502 47 23 av
1687 491 112 42 bolag
1826 489 89 35 eller
1941 489 74 34 för-

405 545 114 43 ening
547 545 90 34 eller
663 544 49 44 på
739 544 124 44 grund
891 555 47 23 av
961 543 162 34 tillskott
1142 542 93 35 efter
1253 542 169 43 bolagets
1441 542 90 34 eller
1549 541 240 43 föreningens
1810 539 204 35 bildande>.

541 645 185 44 Slutligen
768 646 70 33 har
877 644 86 35 herr
989 642 168 46 Asplund
1183 643 11 34 i
1222 643 191 34 motionen
1440 653 46 23 nr
1515 642 69 33 122
1613 642 12 33 i
1653 651 145 24 samma
1825 640 191 33 kammare

406 696 204 43 hemställt,

541 749 73 32 »att
653 746 202 44 riksdagen
895 746 88 34 ville
1023 744 146 34 besluta
1205 743 145 34 sådana
1381 742 267 44 förändringar
1674 742 11 33 i
1716 742 17 33 1
1763 738 24 45 $
1815 752 48 23 av
1889 740 127 42 kungl.

405 796 271 44 förordningen
718 796 72 35 den
835 797 43 33 19
920 807 84 23 nov.
1050 795 95 33 1914
1178 793 196 44 angående
1401 789 344 47 stämpelavgiften,
1775 793 56 32 att
1859 790 158 43 stämpel

405 847 59 35 för
491 847 187 34 mutsedel
707 846 107 44 höjes
843 847 58 34 till
930 846 46 34 30
1004 845 138 34 kronor
1169 844 68 34 och
1264 844 60 34 för
1351 842 459 35 viloståndsresolutioner
1836 840 58 34 för
1911 839 107 43 varje

407 898 218 47 gruvutmål
667 898 68 35 och
777 897 52 43 år,
871 907 80 24 som
993 906 109 24 avses
1142 894 119 34 under
1304 895 17 33 1
1358 893 84 35 avd.
1475 894 57 34 till
1568 893 43 34 15
1640 892 137 34 kronor
1804 892 64 34 och
1895 890 125 34 under

408 953 22 33 4
458 950 85 36 avd.
572 950 58 35 till
659 949 46 35 30
732 949 164 33 kronor».

215 1051 166 53 Utskottet.
543 1051 160 36 Jämlikt
730 1051 142 42 Kungl.
900 1048 129 43 Maj:ts
1058 1046 303 44 bemyndigande
1389 1045 72 34 den
1491 1046 44 33 27
1565 1044 76 43 maj
1675 1044 93 34 1919
1794 1040 227 37 tillkallades

217 1115 108 37 Förslag
341 1121 32 17 av
411 1114 47 23 av
486 1102 134 35 chefen
648 1101 58 34 för
733 1099 428 43 finansdepartementet
1187 1095 185 36 särskilda
1399 1095 238 42 sakkunniga
1656 1096 56 32 att
1730 1094 102 33 inom
1852 1092 169 43 departe-

212 1189 13 18 s
228 1144 154 73 akkunniga.
411 1156 142 31 mentet
592 1151 205 35 verkställa
838 1149 203 42 utredning
1082 1148 69 34 och
1178 1146 137 44 avgiva
1342 1145 142 44 förslag
1510 1145 13 33 i
1550 1144 108 43 fråga
1686 1154 60 23 om
1774 1142 203 43 ändringar
2008 1141 13 34 i

411 1202 270 44 förordningen
722 1201 72 34 den
839 1201 43 33 19
923 1198 203 35 november
1168 1198 94 34 1914
1303 1195 194 44 angående
1538 1193 330 45 stämpelavgiften
1896 1204 47 22 m.
1972 1203 49 22 m.

411 1252 176 36 Nämnda
632 1251 237 43 sakkunniga
914 1249 145 44 avgåvo
1105 1248 72 34 den
1225 1248 43 34 16
1314 1246 166 34 februari
1528 1245 95 34 1920
1663 1244 143 43 förslag
1845 1244 12 33 i
1896 1245 127 31 ämnet

411 1304 119 43 jämte
571 1302 235 43 motivering.
861 1300 105 34 Båda
1002 1299 124 34 finnas
1166 1297 136 44 fogade
1335 1296 122 35 såsom
1485 1296 126 43 bilaga
1638 1294 64 34 vid
1729 1293 293 45 propositionen.

412 1355 198 42 Förslaget
650 1363 109 24 avser
799 1363 45 22 en
874 1350 194 43 mångfald
1101 1348 214 43 ändringar,
1345 1358 48 23 av
1419 1347 103 33 vilka
1550 1357 45 23 en
1624 1345 59 34 del
1710 1348 65 30 äro
1802 1342 222 36 föranledda

414 1417 46 22 av
500 1402 388 44 riksdagsskrivelser,
930 1412 44 23 en
1016 1400 60 34 del
1109 1402 133 40 utgöra
1280 1398 196 34 resultatet
1508 1408 47 23 av
1586 1395 257 43 utredningar,
1872 1405 78 23 som
1978 1393 46 34 de

414 1454 238 43 sakkunniga
691 1452 198 34 verkställt
929 1451 11 33 i
980 1451 103 33 vissa
1122 1450 58 33 till
1220 1448 84 35 dem
1337 1446 265 36 överlämnade
1629 1445 137 43 frågor,
1796 1445 68 33 och
1892 1455 43 22 en
1965 1443 59 34 del

414 1505 85 34 leda
527 1505 66 34 sitt
620 1514 189 32 ursprung
839 1501 84 34 från
956 1500 174 43 uppslag,
1164 1510 78 23 som
1269 1497 257 35 framkommit
1557 1495 115 35 bland
1704 1495 45 35 de
1778 1493 246 44 sakkunniga.

415 1556 41 33 T,
485 1555 27 34 f.
542 1554 133 35 chefen
703 1553 58 34 för
788 1551 424 43 finansdepartementet
1239 1549 69 33 har
1335 1547 62 35 vid
1418 1545 304 45 framläggandet
1736 1557 47 22 av
1802 1544 223 44 propositio-

415 1617 73 23 nen
529 1617 45 22 ur
611 1604 45 34 de
697 1603 256 42 sakkunnigas
980 1600 144 43 förslag
1151 1601 228 32 utmönstrat
1406 1609 44 23 en
1484 1597 60 34 del
1571 1597 172 43 punkter,
1773 1595 68 34 där
1867 1594 161 43 ändring

415 1655 117 35 redan
561 1655 157 34 kommit
745 1654 57 33 till
830 1651 122 36 stånd.
998 1651 18 33 I
1046 1651 67 34 sitt
1140 1648 206 36 anförande
1379 1649 56 33 till
1451 1646 410 44 statsrådsprotokollet
1876 1645 106 33 hart.
1998 1643 27 34 f.

418 1703 417 46 departementschefen
876 1705 119 41 yttrat
1035 1702 58 42 sig
1133 1700 133 34 endast
1305 1698 161 49 rörande
1507 1698 46 34 de
1593 1697 171 44 punkter,
1793 1694 235 36 beträffande

416 1756 104 34 vilka
548 1755 283 44 propositionen
860 1752 208 34 innefattar
1096 1751 208 34 avvikelser
1322 1748 86 35 från
1422 1749 75 34 vad
1513 1748 45 34 de
1575 1747 234 43 sakkunniga
1824 1745 203 43 föreslagit.

552 1804 243 36 Beträffande
824 1803 274 42 motiveringen
1125 1801 59 34 för
1210 1800 63 34 det
1300 1798 285 49 föreligggande
1608 1797 190 44 förslaget,
1825 1797 6 33 i
1851 1796 69 33 den
1941 1794 86 35 mån

418 1857 221 34 densamma
678 1855 80 34 icke
799 1855 69 33 här
907 1853 124 34 nedan
1059 1851 197 44 återgives,
1285 1850 59 34 får
1373 1850 181 34 utskottet
1581 1848 159 34 hänvisa
1768 1846 103 35 såväl
1899 1846 55 34 till
1984 1844 45 35 de

419 1906 258 43 sakkunnigas
693 1904 267 35 ovannämnda
974 1903 228 42 motivering
1217 1912 78 23 som
1311 1901 59 33 till
1384 1900 75 34 vad
1473 1903 26 31 t.
1511 1899 27 34 f.
1550 1896 411 46 departementschefen
1972 1895 58 34 till

419 1956 414 43 statsrådsprotokollet
861 1954 135 34 anfört.
1050 1953 76 34 För
1153 1963 91 32 egen
1273 1951 59 34 del
1361 1951 69 33 har
1457 1950 183 34 utskottet
1667 1950 125 32 ansett
1819 1947 57 43 sig
1903 1947 128 33 kunna

419 2008 185 43 begränsa
645 2006 65 34 sitt
749 2004 178 44 yttrande
967 2004 57 34 till
1066 2005 56 32 att
1149 2013 87 23 avse
1264 2001 45 34 de
1338 2001 114 41 delar,
1482 2000 68 34 där
1576 1999 182 34 utskottet
1785 1996 155 36 föreslår
1967 2007 64 22 av-

418 2058 162 34 vikelser
620 2056 85 34 från
745 2056 142 42 Kungl.
928 2054 130 43 Maj:ts
1098 2053 149 42 förslag,
1277 2052 89 33 eller
1399 2050 110 43 eljest
1537 2049 84 35 haft
1647 2048 124 44 någon
1800 2048 147 34 erinran
1975 2048 57 32 att

420 2108 213 34 framställa
660 2109 78 31 mot
766 2106 220 33 detsamma.

228 2154 173 56 Depositions-
555 2156 174 35 Rörande
758 2156 72 34 den
859 2155 214 43 föreslagna
1101 2153 206 43 ändringen
1336 2152 12 33 i
1376 2151 107 43 fråga
1511 2161 60 23 om
1590 2149 176 35 rubriken
1786 2147 247 45 depositions-

256 2192 112 32 räkning.
443 2208 82 9 ls
987 2205 5 6 s
1146 2207 14 6 -

421 2209 162 42 räkning
610 2208 99 33 hava
736 2206 46 34 de
810 2206 237 42 sakkunniga
1074 2203 141 35 anfört:
