1854 2798
407 147 390 32 Jordbruksutskottets
818 145 179 31 utlåtande
1017 154 42 21 nr
1080 147 14 28 1
1116 144 39 30 år
1175 144 84 29 1959
1552 142 36 29 al

129 235 65 30 Vid
219 235 99 29 bifall
344 234 52 29 till
421 233 66 29 vad
514 232 149 30 sålunda
689 230 197 39 föreslagits
913 230 62 29 bör
1001 227 230 32 förevarande
1258 227 121 38 anslag
1406 225 54 30 för
1486 227 101 28 nästa

83 285 170 40 budgetår
287 284 170 41 uppföras
491 283 80 30 med
606 284 49 29 ett
688 281 125 40 belopp
848 290 42 20 av
929 278 157 36 (262600
1110 279 37 37 +
1177 276 116 31 15500
1316 294 45 4 —
1385 275 116 31 13100
1527 275 57 34 =)

85 337 61 30 265
161 335 63 31 000
247 336 141 29 kronor.
411 334 65 30 Det
498 333 99 31 torde
620 332 37 31 få
679 332 190 30 ankomma
891 330 44 41 på
957 329 127 40 Kungl.
1107 328 106 40 Maj:t
1236 328 93 34 eller,
1353 327 88 30 efter
1463 326 126 39 Kungl.

86 387 123 40 Maj:ts
231 385 288 40 bemyndigande,
541 384 45 40 på
606 382 340 40 högskolestyrelsen
967 382 51 28 att
1040 379 78 30 med
1139 377 196 31 beaktande
1357 387 41 20 av
1418 376 67 30 vad
1507 385 82 31 nyss

88 439 93 38 sagts
207 437 196 29 bestämma
429 435 175 39 anslagets
631 433 198 39 fördelning
856 432 44 40 på
926 432 41 29 de
994 430 94 30 olika
1115 429 287 30 institutionerna
1430 427 64 30 och
1522 426 69 31 för-

91 487 331 30 söksanstalterna.»

136 562 185 30 Utskottet.
341 561 176 30 Utskottet
538 559 192 40 tillstyrker
750 558 125 39 Kungl.
896 557 124 39 Maj:ts
1041 556 131 39 förslag
1192 555 65 30 och
1276 554 213 36 hemställer,

444 613 49 27 att
511 610 188 39 riksdagen
715 609 58 30 må
789 608 52 30 till
858 605 398 40 Lantbrukshögskolan
1274 604 65 30 och
1358 605 134 29 statens
1504 603 89 30 lant-

399 660 249 40 bruksförsök:
671 659 157 30 Materiel
850 658 54 30 för
925 656 205 40 budgetåret
1155 655 149 35 1959/60
1328 654 121 30 anvisa
1470 656 49 28 ett
1541 663 51 20 re-

401 710 318 39 servationsanslag
740 718 41 21 av
802 709 61 29 265
880 707 61 31 000
962 708 141 29 kronor.

136 839 96 34 36:0)
252 837 393 36 Lantbrukshögskolan
662 836 64 30 och
744 837 129 28 statens
891 833 321 31 lantbruksförsök:
1231 832 282 35 Nyanskaffning
1531 831 63 29 och

93 889 180 30 underhåll
294 898 42 20 av
357 889 207 34 utrustning.
585 887 118 30 Under
723 886 159 39 punkten
905 885 39 30 53
974 884 43 33 (s.
1040 883 189 35 141—143)
1256 883 64 28 har
1341 882 125 39 Kungl.
1489 881 106 39 Maj:t

93 939 179 39 föreslagit
298 948 43 20 en
365 937 147 40 jämfört
538 937 80 30 med
644 935 237 31 innevarande
907 933 170 41 budgetår
1104 932 214 31 oförändrad
1345 931 248 30 medelsanvis-

93 990 83 40 ning
199 999 44 21 av
267 989 63 31 333
346 989 62 31 000
434 989 51 29 kr.

137 1040 98 30 Efter
264 1040 217 39 redogörelse
509 1039 55 29 för
590 1037 359 40 högskolestyrelsens
979 1033 415 40 anslagsframställning,
1423 1031 169 31 avseende

95 1090 203 40 minskning
316 1100 43 20 av
378 1089 156 39 anslaget
554 1088 80 30 med
654 1087 40 30 33
709 1087 62 31 300
791 1087 63 35 kr.,
875 1087 64 29 har
958 1083 387 42 departementschefen
1365 1082 128 30 anfört.

140 1141 140 30 >Redan
301 1141 59 30 vid
380 1139 259 39 behandlingen
660 1148 43 20 av
724 1135 401 40 lantbrukshögskolans
1146 1133 281 39 materielanslag
1449 1133 64 29 har
1535 1132 59 39 jag

95 1192 158 39 avstyrkt
272 1190 361 41 högskolestyrelsens
653 1188 221 34 hemställan,
897 1189 49 28 att
966 1187 94 29 vissa
1080 1186 10 29 i
1111 1183 345 41 anslagsäskandena
1477 1182 118 39 angiv-

96 1253 45 20 na
162 1243 135 39 belopp,
320 1242 96 29 vilka
440 1240 111 30 under
575 1239 237 30 innevarande
836 1237 170 40 budgetår
1030 1236 189 30 beräknats
1244 1234 112 30 under
1380 1234 64 30 här
1468 1232 127 40 ifråga-

98 1294 151 30 varande
278 1293 131 39 anslag,
439 1292 89 30 skall
557 1290 173 31 återföras
758 1289 195 39 respektive
982 1287 179 30 överföras
1191 1286 51 30 till
1271 1284 328 38 materielanslaget.

99 1344 72 30 Vad
192 1344 108 39 angår
321 1342 360 40 högskolestyrelsens
702 1340 130 39 förslag
855 1340 10 28 i
886 1338 112 40 övrigt
1019 1339 38 28 är
1076 1337 59 40 jag
1156 1337 76 29 icke
1253 1336 109 29 heller
1382 1334 128 30 beredd
1532 1333 69 30 för-

97 1394 85 30 orda
201 1396 51 28 att
273 1394 54 29 för
347 1394 102 28 nästa
469 1392 170 39 budgetår
659 1391 173 29 beräknas
852 1389 111 30 medel
984 1388 113 29 under
1117 1387 157 39 anslaget
1294 1385 55 31 för
1370 1384 231 39 anskaffning

100 1454 41 20 av
169 1444 133 30 möbler
331 1443 52 30 till
413 1442 235 30 sessionsrum
678 1441 65 29 och
772 1441 167 38 gästrum.
970 1439 68 29 För
1067 1437 119 39 övriga
1214 1437 12 30 i
1255 1434 347 40 anslagsäskandena

99 1494 150 39 angivna
273 1492 164 31 ändamål
462 1492 62 29 bör
547 1491 109 40 enligt
678 1490 74 30 min
775 1490 142 39 mening
942 1488 140 30 anvisas
1109 1489 48 28 ett
1181 1485 205 31 oförändrat
1411 1485 125 39 belopp
1561 1493 41 20 av

99 1544 62 31 333
177 1544 61 30 000
260 1544 141 29 kronor.
420 1543 103 29 Detta
543 1541 131 39 förslag
694 1541 144 29 innebär
856 1541 11 29 i
887 1539 178 30 realiteten
1085 1547 42 21 en
1148 1537 129 37 ökning
1297 1546 41 20 av
1358 1535 244 30 medelsanvis-

99 1594 128 39 ningen
248 1593 80 30 med
352 1593 37 29 10
405 1592 62 31 000
488 1593 141 33 kronor,
651 1591 45 29 då
716 1592 48 28 ett
784 1599 47 20 nu
854 1589 111 30 under
986 1588 157 39 anslaget
1165 1586 135 30 anvisat
1322 1584 281 41 engångsbelopp

100 1654 42 20 av
157 1644 116 30 denna
290 1643 141 34 storlek,
447 1643 107 29 vilket
572 1643 131 29 avsetts
721 1640 54 30 för
792 1639 186 39 inredning
995 1638 65 30 och
1077 1637 204 39 utrustning
1298 1636 51 30 till
1369 1635 234 31 institutions-

99 1694 206 40 byggnaden
325 1693 55 30 för
397 1692 193 31 Norrlands
610 1689 472 36 lantbruksförsöksanstalt,
1102 1688 112 29 under
1232 1689 100 30 nästa
1350 1686 166 38 budgetår
1535 1687 69 29 kan

101 1744 204 39 disponeras
326 1743 55 30 för
401 1743 110 29 andra
531 1741 174 30 ändamål.
725 1742 62 29 Det
806 1741 97 30 torde
923 1740 36 30 få
978 1740 186 29 ankomma
1182 1738 45 38 på
1245 1738 124 37 Kungl.
1389 1737 102 37 Maj:t
1511 1737 93 33 eller,

101 1794 88 30 efter
209 1794 125 39 Kungl.
356 1793 124 39 Maj:ts
500 1791 289 40 bemyndigande,
811 1791 45 39 på
876 1789 341 40 högskolestyrelsen
1238 1790 50 28 att
1308 1787 80 30 med
1408 1787 196 30 beaktande

102 1854 42 20 av
162 1845 65 29 vad
248 1853 84 30 nyss
352 1845 93 37 sagts
463 1842 197 29 bestämma
680 1841 66 29 den
767 1842 162 28 närmare
948 1839 255 39 dispositionen
1223 1847 42 20 av
1284 1838 186 39 anslaget.»

148 1919 184 30 Utskottet.
354 1919 79 30 Som
453 1917 126 39 Kungl.
600 1916 124 39 Maj:ts
743 1914 261 39 framställning
1022 1913 77 31 icke
1119 1912 198 30 föranleder
1336 1912 114 39 någon
1470 1912 136 29 utskot-

104 1972 66 27 tets
190 1968 228 39 invändning,
438 1967 203 30 hemställer
661 1966 182 33 utskottet,

457 2019 53 27 att
544 2016 188 39 riksdagen
766 2014 58 30 må
855 2014 53 30 till
939 2012 399 39 Lantbrukshögskolan
1372 2011 64 30 och
1469 2012 134 29 statens

416 2066 325 40 lantbruksförsök:
772 2064 287 40 Nyanskaffning
1089 2063 63 29 och
1187 2062 185 30 underhåll
1400 2071 44 20 av
1475 2063 130 28 utrust-

411 2117 85 39 ning
524 2117 54 29 för
606 2116 203 39 budgetåret
840 2115 149 34 1959/60
1018 2114 122 29 anvisa
1168 2115 48 27 ett
1245 2112 357 38 reservationsanslag

411 2178 44 19 av
479 2168 63 30 333
558 2168 62 30 000
642 2167 143 29 kronor.

148 2294 98 33 37:0)
268 2292 392 36 Lantbrukshögskolan
677 2292 63 28 och
756 2293 130 27 statens
902 2288 322 31 lantbruksförsök:
1244 2287 182 35 Bokinköp
1443 2287 64 29 och
1524 2286 83 29 bok-

107 2344 176 35 bindning.
312 2344 12 28 I
353 2342 151 38 enlighet
533 2341 79 29 med
641 2341 125 38 Kungl.
796 2340 124 39 Maj:ts
949 2337 262 39 framställning
1239 2336 112 30 under
1379 2336 159 39 punkten
1566 2335 41 30 54

111 2394 42 30 (s.
183 2392 188 34 143—144)
401 2410 43 3 —
469 2390 238 30 innebärande
732 2399 42 20 en
801 2388 291 39 anslagshöjning
1118 2386 79 30 med
1224 2387 39 29 10
1278 2386 63 30 000
1365 2386 51 31 kr.
1441 2404 44 2 —
1510 2385 95 29 hem-

108 2444 118 29 ställer
252 2443 181 34 utskottet,
