1854 2798
413 155 389 35 Jordbruksutskottets
824 151 179 32 utlåtande
1023 159 42 21 nr
1085 151 15 29 1
1121 149 39 29 år
1180 147 85 30 1959
1556 142 40 29 29

397 243 29 29 3.
452 240 161 32 Arvoden
637 239 51 30 till
713 237 72 30 viss
809 234 154 39 tillfällig
987 231 162 41 personal
1173 229 58 30 vid
1255 228 140 30 institu-

452 292 161 30 tionerna
629 289 65 30 och
711 284 361 33 försöksanstalterna
1095 301 295 11 .......+.--++>
1454 275 62 31 353
1532 274 61 30 200

398 343 30 30 4.
454 341 213 39 Avlöningar
708 338 52 30 till
802 336 96 40 övrig
939 331 269 33 icke-ordinarie
1222 328 174 41 personal,

447 390 204 43 förslagsvis
668 413 7 6 .
696 401 695 18 ....sssss
898 381 56 56 ser
964 381 11 56 r
985 381 78 56 rest
1076 381 78 56 tr
1209 381 32 56 RR
1262 381 133 56 RS
1423 377 18 30 3
1455 376 60 31 281
1533 375 61 29 900

401 445 29 29 5.
457 441 179 33 Särskilda
649 437 262 33 löneförmåner
927 435 51 30 till
993 434 71 30 viss
1080 433 216 40 tjänsteman
1319 453 73 7 ....
1502 427 13 29 1
1533 426 61 30 800

399 494 29 30 6.
454 492 133 40 Rörligt
606 491 129 39 tillägg,
754 486 206 43 förslagsvis
980 504 412 12 ......-.-ess+e
1296 482 98 54 ere
1457 477 62 31 784
1534 477 61 30 500

402 545 28 29 7.
455 540 276 42 Kompensation
764 539 55 29 för
852 537 108 40 höjda
994 531 404 43 folkpensionsavgifter,

457 592 205 42 förslagsvis
701 605 696 16 ...sssesessre
946 582 71 56 rer
1034 582 14 56 r
1058 582 88 56 rr
1223 582 179 56 RR
1481 579 39 30 35
1536 577 62 32 300

1100 661 145 30 Summa
1272 658 131 29 kronor
1425 656 18 29 6
1458 655 62 31 302
1535 653 62 31 800

445 752 38 35 b)
514 752 52 30 till
593 746 399 41 Lantbrukshögskolan
1020 744 64 31 och
1111 744 134 30 statens
1272 738 324 41 lantbruksförsök:

399 802 214 40 Avlöningar
634 801 54 29 för
709 798 206 40 budgetåret
940 795 148 36 1959/60
1112 793 121 31 anvisa
1256 794 48 28 ett
1327 789 272 40 förslagsanslag

404 863 42 21 av
465 853 19 30 6
499 853 62 30 302
576 852 61 30 800
656 851 142 29 kronor.

142 975 98 35 34:0)
264 971 392 36 Lantbrukshögskolan
674 969 64 29 och
757 969 131 28 statens
908 962 322 33 lantbruksförsök:
1251 959 264 32 Omkostnader.
1534 958 67 29 Un-

95 1026 62 30 der
178 1025 160 40 punkten
361 1023 38 30 51
430 1022 43 33 (s.
498 1019 189 34 135—138)
715 1018 65 30 har
802 1016 127 40 Kungl.
953 1015 106 39 Maj:t
1084 1012 180 39 föreslagit
1286 1020 43 21 en
1352 1008 247 32 medelsanvis-

96 1076 84 39 ning
200 1084 42 21 av
262 1073 64 31 804
339 1073 63 30 400
423 1073 63 34 kr.,
506 1071 108 29 vilket
635 1070 37 29 är
693 1069 41 30 28
749 1068 62 30 500
833 1067 52 29 kr.
905 1075 75 20 mer
1001 1066 44 28 än
1065 1063 67 31 vad
1154 1071 75 22 som
1250 1061 157 30 anvisats
1428 1059 56 30 för
1503 1059 96 29 inne-

96 1125 153 31 varande
274 1123 180 40 budgetår.

142 1174 177 40 Styrelsen
344 1173 57 40 för
427 1167 381 41 lantbrukshögskolan
834 1167 65 30 och
925 1167 134 29 statens
1085 1161 309 41 lantbruksförsök
1420 1161 64 29 har
1509 1159 12 30 i
1548 1159 52 30 sin

98 1223 406 42 anslagsframställning
530 1220 178 31 hemställt
734 1228 58 21 om
818 1227 43 21 en
887 1216 149 40 höjning
1063 1224 42 21 av
1131 1211 365 39 medelsanvisningen
1522 1209 79 30 med

99 1276 42 31 94
155 1276 62 30 600
236 1276 53 29 kr.

143 1347 394 43 Departementschefen
563 1347 64 29 har
651 1363 45 4 -—
720 1344 89 30 efter
834 1341 218 41 redogörelse
1079 1340 54 30 för
1158 1337 359 42 högskolestyrelsens
1544 1345 59 21 an-

100 1400 277 41 slagsäskanden
394 1416 44 4 -—
456 1397 118 30 anfört
593 1395 167 40 följande.

148 1449 249 32 >Beträffande
416 1447 151 30 kansliet
588 1446 65 30 och
673 1441 552 39 undervisningsinstitutionerna
1244 1439 64 30 har
1330 1440 58 37 jag
1407 1438 75 29 icke
1503 1436 102 38 något

99 1503 51 28 att
170 1500 117 30 erinra
307 1500 73 28 mot
400 1495 359 41 högskolestyrelsens
782 1493 131 38 förslag
935 1493 49 28 att
1007 1493 49 28 ett
1078 1490 124 38 belopp
1224 1498 41 20 av
1287 1488 101 39 högst
1410 1487 17 30 2
1443 1487 62 29 000
1528 1486 77 29 kro-

100 1561 64 21 nor
184 1560 42 21 av
246 1550 267 39 anslagsposten
534 1546 51 30 till
607 1544 314 39 reseersättningar
942 1542 89 30 skall
1053 1541 36 30 få
1109 1540 206 40 disponeras
1337 1539 55 29 för
1411 1536 194 31 bestridan-

99 1603 43 30 de
160 1611 41 21 av
218 1600 192 31 kostnader
428 1598 55 31 för
501 1595 261 32 internordiska
780 1594 241 40 tjänsteresor.
1040 1591 120 40 Någon
1180 1589 224 41 uppräkning
1423 1597 41 20 av
1484 1589 121 28 nämn-

101 1654 44 29 da
165 1652 222 39 anslagspost
408 1658 101 21 anser
529 1648 59 39 jag
608 1646 70 40 mig
699 1646 159 30 däremot
878 1643 76 30 icke
975 1643 121 29 kunna
1119 1640 152 31 förorda.
1293 1640 13 29 I
1329 1639 98 40 fråga
1447 1647 57 21 om
1524 1638 83 39 hög-

96 1702 294 40 skolestyrelsens
411 1700 118 39 övriga
550 1696 303 39 framställningar
874 1694 149 30 rörande
1044 1691 365 39 medelsanvisningen
1430 1689 52 30 till
1504 1689 104 30 kans-

98 1754 59 29 liet
179 1753 65 29 och
266 1747 564 41 undervisningsinstitutionerna
851 1745 71 30 kan
944 1744 59 40 jag
1026 1743 147 29 allenast
1195 1741 138 30 biträda
1357 1740 174 38 förslaget,
1556 1738 49 30 att

101 1805 182 38 delposten
304 1802 52 30 till
378 1800 150 34 bränsle,
550 1799 72 40 lyse
644 1798 65 30 och
729 1798 120 29 vatten
871 1795 205 40 uppräknas
1098 1792 79 31 med
1200 1791 40 31 20
1255 1791 63 30 000
1342 1791 139 29 kronor.

147 1853 73 31 Vad
240 1852 156 30 härefter
416 1850 108 40 angår
544 1851 131 28 statens
695 1845 316 42 jordbruksförsök
1031 1844 71 29 kan
1121 1843 59 39 jag
1199 1842 11 29 i
1231 1841 99 39 fråga
1350 1850 57 20 om
1427 1840 179 39 delposten

106 1905 51 29 till
180 1901 313 39 reseersättningar
516 1899 123 30 endast
662 1897 178 39 tillstyrka
863 1897 51 28 att
937 1895 11 28 i
971 1894 152 38 enlighet
1147 1892 79 30 med
1250 1890 358 40 högskolestyrelsens

105 1954 131 39 förslag
258 1955 48 27 ett
328 1952 125 39 belopp
475 1959 42 21 av
539 1950 101 38 högst
661 1947 98 31 4000
783 1947 130 28 kronor
935 1944 58 29 må
1015 1944 206 39 disponeras
1245 1942 54 29 för
1322 1939 223 31 bestridande
1568 1948 41 20 av

106 2004 190 30 kostnader
328 2003 55 29 för
413 1999 261 31 internordiska
705 1998 242 39 tjänsteresor.
979 1995 13 29 I
1023 1993 112 39 övrigt
1167 1992 162 30 förordar
1359 1991 68 39 jag,
1459 1991 50 28 att
1539 1989 70 29 del-

106 2057 122 38 posten
247 2054 52 29 till
317 2052 149 34 bränsle,
486 2053 71 37 lyse
575 2050 64 29 och
656 2050 119 28 vatten
794 2047 44 39 på
856 2045 113 41 grund
988 2054 41 20 av
1047 2043 243 38 belastningen
1310 2041 202 40 uppräknas
1531 2039 79 30 med

105 2107 19 29 2
139 2105 62 30 000
218 2105 131 28 kronor
365 2102 64 30 och
445 2103 51 28 att
512 2100 180 39 delposten
710 2098 51 30 till
778 2094 343 43 publikationstryck
1139 2093 55 30 för
1210 2091 217 41 publicering
1444 2100 41 20 av
1502 2090 107 29 resul-

105 2157 96 28 taten
221 2163 42 20 av
283 2151 277 41 omprövningen
581 2159 41 20 av
642 2148 204 30 metoderna
868 2147 54 29 för
943 2143 328 39 markkarteringen
1293 2142 100 39 höjes
1414 2140 78 30 med
1514 2141 18 29 3
1547 2140 62 30 000

106 2206 141 29 kronor.
277 2205 12 28 I
319 2200 348 33 överensstämmelse
697 2198 79 30 med
805 2197 66 29 vad
899 2196 59 39 jag
988 2194 180 39 föreslagit
1195 2193 58 29 vid
1283 2191 256 38 behandlingen
1569 2199 42 20 av

107 2252 400 39 lantbrukshögskolans
532 2248 306 39 avlöningsanslag
863 2254 102 31 synes
989 2245 76 29 icke
1088 2244 84 29 böra
1197 2243 60 29 ske
1282 2242 114 38 någon
1420 2239 191 39 återföring

109 2305 51 29 till
185 2302 317 38 materielanslaget
527 2309 41 20 av
593 2299 57 29 det
675 2298 54 30 för
754 2295 306 39 undersökningar
1085 2293 149 30 rörande
1261 2291 233 38 kalkningens
1519 2290 94 38 bety-

108 2355 94 29 delse
225 2352 151 30 avsedda
398 2351 170 39 beloppet.

153 2403 73 30 Vad
257 2402 163 38 slutligen
449 2399 108 40 angår
586 2400 132 28 statens
747 2394 295 41 husdjursförsök
1073 2402 102 30 synes
1204 2392 10 29 i
1243 2391 154 39 enlighet
1425 2389 78 30 med
1532 2389 80 38 hög-

110 2453 288 39 skolestyrelsens
419 2451 130 37 förslag
569 2449 83 29 böra
673 2448 60 29 ske
754 2456 41 20 en
818 2445 223 40 uppräkning
1062 2453 42 20 av
1124 2443 307 38 anslagsposterna
1453 2440 50 29 till
1525 2448 88 20 rese-
