1854 2790
260 154 60 31 130
594 151 390 31 Jordbruksutskottets
1005 150 179 31 utlåtande
1203 160 44 20 nr
1266 151 15 29 1
1302 150 40 31 år
1361 150 85 31 1959

613 238 50 28 att
682 235 189 39 riksdagen
889 235 59 30 må
966 235 53 30 till
1037 234 205 39 Ersättning
1263 234 52 29 till
1332 233 156 40 Sveriges
1508 233 179 29 allmänna
1706 232 63 39 hy-

568 286 220 39 poteksbank
802 286 58 39 för
873 284 260 41 förvaltningen
1147 294 42 20 av
1203 285 134 29 statens
1352 283 348 40 sekundärlånefond
1711 283 58 40 för

570 336 234 40 jordbrukare
831 345 46 20 m.
903 345 46 20 m.
977 335 56 30 för
1058 335 206 39 budgetåret
1295 334 149 36 1959/60
1471 333 123 30 anvisa
1620 335 49 28 ett
1696 333 69 30 för-

573 388 216 38 slagsanslag
809 396 41 21 av
871 387 38 30 15
924 386 63 31 600
1007 387 141 28 kronor.

312 531 116 34 166:0)
452 531 126 36 Bidrag
594 530 54 30 till
664 530 170 36 gäldande
852 538 42 21 av
913 528 191 36 ersättning
1123 529 58 29 vid
1199 528 223 35 förlängning
1439 536 43 22 av
1501 527 93 29 vissa
1612 526 155 30 servitut.

262 581 261 40 Tillstyrkande
558 580 99 30 bifall
692 579 53 30 till
782 579 126 40 Kungl.
934 579 124 39 Maj:ts
1084 578 111 30 under
1219 578 161 40 punkten
1407 577 61 30 190
1500 577 44 33 (s.
1570 576 191 34 499—500)

264 632 196 30 framförda
477 631 132 39 förslag
626 640 57 20 om
701 632 50 28 att
770 630 158 39 anslaget
945 629 56 30 för
1018 630 103 29 nästa
1136 628 172 40 budgetår
1325 628 90 30 skall
1432 627 171 40 uppföras
1620 626 80 31 med
1718 628 49 28 ett

263 682 19 30 2
297 683 61 30 500
378 683 51 29 kr.
448 682 96 40 lägre
562 681 124 40 belopp
705 680 204 31 hemställer
927 679 182 34 utskottet,

612 733 50 28 att
679 731 188 39 riksdagen
885 730 59 30 må
961 729 52 30 till
1030 729 128 40 Bidrag
1177 729 53 29 till
1246 728 172 40 gäldande
1435 736 43 22 av
1496 726 196 40 ersättning
1709 726 58 30 vid

565 781 227 40 förlängning
815 789 42 21 av
881 782 90 29 vissa
995 779 147 31 servitut
1164 779 56 30 för
1242 778 205 40 budgetåret
1472 777 150 37 1959/60
1645 777 123 30 anvisa

569 834 49 29 ett
634 832 274 39 förslagsanslag
925 840 42 21 av
984 831 19 29 2
1018 830 62 30 500
1098 830 141 30 kronor.

307 976 114 35 167:0)
447 976 240 35 Ersättningar
707 975 57 30 för
785 975 94 30 vissa
902 973 238 35 besiktningar
1160 972 65 30 och
1250 971 347 36 syneförrättningar.
1621 970 14 29 I
1658 969 104 38 enlig-

261 1026 60 31 het
342 1027 79 29 med
441 1026 128 39 Kungl.
592 1025 124 39 Maj:ts
739 1024 131 39 förslag
892 1024 112 29 under
1025 1023 159 40 punkten
1207 1023 59 29 191
1297 1022 44 34 (s.
1365 1021 78 34 500)
1471 1029 58 21 om
1549 1019 216 31 oförändrad

260 1076 320 39 medelsanvisning
602 1075 202 30 hemställer
827 1074 180 36 utskottet,

609 1128 49 28 att
682 1125 190 39 riksdagen
895 1124 59 30 må
977 1124 53 30 till
1055 1123 247 39 Ersättningar
1325 1122 57 39 för
1407 1121 92 30 vissa
1525 1120 241 39 besiktningar

570 1177 64 29 och
654 1175 343 41 syneförrättningar
1016 1174 56 30 för
1090 1173 206 40 budgetåret
1318 1172 148 37 1959/60
1487 1170 122 31 anvisa
1627 1172 50 29 ett
1695 1170 70 30 för-

567 1227 217 39 slagsanslag
802 1235 42 21 av
862 1225 18 30 5
894 1225 62 30 000
974 1225 141 29 kronor.

308 1371 114 34 168:0)
449 1371 200 35 Ersättning
670 1370 56 29 för
749 1378 43 20 av
815 1368 145 35 rovdjur
982 1367 134 30 dödade
1136 1365 165 36 tamdjur,
1325 1374 44 20 m.
1392 1374 44 20 m.
1460 1363 78 31 Med
1560 1362 204 31 biträdande

261 1432 42 20 av
320 1422 125 38 Kungl.
463 1421 125 39 Maj:ts
605 1418 263 40 framställning
884 1417 112 30 under
1014 1417 159 40 punkten
1193 1416 61 30 192
1278 1415 44 34 (s.
1339 1414 79 35 500)
1441 1423 57 20 om
1515 1412 250 31 medelsanvis-

260 1473 84 39 ning
362 1472 79 29 med
457 1471 208 30 oförändrat
683 1470 126 39 belopp
828 1468 203 30 hemställer
1049 1467 180 36 utskottet,

611 1522 50 29 att
675 1520 191 39 riksdagen
880 1518 59 30 må
952 1518 53 30 till
1020 1516 204 40 Ersättning
1239 1516 57 39 för
1310 1524 43 21 av
1367 1514 146 40 rovdjur
1527 1513 134 30 dödade
1678 1515 86 27 tam-

570 1571 92 39 djur,
680 1580 47 22 m.
746 1579 47 21 m.
814 1569 55 30 för
888 1568 205 40 budgetåret
1113 1566 149 37 1959/60
1283 1565 121 31 anvisa
1422 1566 49 28 ett
1489 1564 275 39 förslagsanslag

569 1631 41 20 av
627 1621 40 30 65
682 1620 62 31 000
762 1620 141 29 kronor.

305 1765 114 35 169:0)
441 1764 239 35 Ersättningar
696 1763 55 30 till
769 1762 220 35 sakkunniga
1007 1762 12 29 i
1037 1758 381 36 befordringsärenden,
1440 1766 44 20 m.
1504 1766 44 19 m.
1568 1755 51 30 Av
1637 1755 124 37 Kungl.

258 1816 106 39 Maj:t
383 1815 111 30 under
512 1814 159 40 punkten
691 1813 62 30 193
778 1813 44 34 (s.
843 1811 191 34 500—501)
1058 1810 165 38 framlagt
1242 1808 132 39 förslag
1394 1816 55 21 om
1469 1805 215 31 oförändrad
1703 1813 60 21 an-

258 1866 280 40 slagsanvisning
561 1863 192 39 tillstyrkes
776 1872 43 20 av
839 1862 181 33 utskottet,
1044 1869 75 21 som
1142 1855 213 42 hemställer,

612 1916 49 28 att
677 1913 189 39 riksdagen
883 1912 58 29 må
956 1911 53 30 till
1025 1909 246 39 Ersättningar
1288 1908 53 30 till
1356 1906 223 39 sakkunniga
1597 1906 11 29 i
1626 1904 136 41 beford-

559 1963 262 41 ringsärenden,
845 1972 47 20 m.
916 1971 46 20 m.
988 1961 56 30 för
1067 1959 204 40 budgetåret
1298 1958 149 36 1959/60
1473 1956 122 31 anvisa
1619 1957 48 29 ett
1691 1955 70 30 för-

567 2014 215 40 slagsanslag
801 2023 44 20 av
865 2012 39 30 30
919 2011 63 30 000
1002 2012 140 29 kronor.

305 2160 114 34 170:0)
442 2158 223 31 Kommittéer
684 2158 64 29 och
768 2155 224 36 utredningar
1011 2163 122 27 genom
1152 2152 229 34 sakkunniga.
1401 2150 173 30 Utskottet
1591 2148 63 29 har
1673 2147 87 30 intet

257 2213 49 27 att
324 2209 152 30 invända
494 2211 73 27 mot
586 2208 125 38 Kungl.
731 2206 125 40 Maj:ts
876 2204 261 38 framställning
1155 2202 112 30 under
1285 2201 144 40 punken
1449 2200 62 30 194
1535 2200 43 33 (s.
1598 2198 80 35 501)
1702 2206 57 21 om

255 2259 320 39 medelsanvisning
593 2258 79 29 med
691 2256 206 31 oförändrat
915 2255 125 39 belopp
1060 2254 64 30 och
1142 2253 203 30 hemställer
1364 2250 112 35 alltså,

605 2310 49 29 att
678 2306 188 39 riksdagen
888 2305 59 30 må
968 2305 53 30 till
1043 2303 230 31 Kommittéer
1295 2302 64 29 och
1384 2300 228 39 utredningar
1633 2307 124 31 genom

561 2357 223 40 sakkunniga
808 2357 55 29 för
885 2355 205 40 budgetåret
1117 2353 148 35 1959/60
1291 2351 122 31 anvisa
1435 2353 48 27 ett
1506 2349 249 31 reservations-

563 2409 121 39 anslag
701 2418 42 20 av
760 2408 63 30 800
839 2407 61 30 000
917 2406 141 29 kronor.
