1860 2794
407 156 390 30 Jordbruksutskottets
818 155 180 30 utlåtande
1017 164 43 20 nr
1079 155 15 29 1
1116 155 40 30 år
1176 155 84 30 1959
1527 154 58 31 137

390 240 64 31 vitt
472 249 48 21 nu
539 242 39 28 är
595 240 11 29 i
627 239 109 40 fråga,
757 239 52 30 till
829 238 386 40 Täckdikningsförsök
1234 248 46 20 m.
1299 247 46 21 m.
1365 238 56 30 för
1439 238 144 39 budget-

389 290 75 31 året
491 290 148 41 1959/60
663 288 122 32 anvisa
811 291 49 28 ett
885 288 360 40 reservationsanslag
1270 298 42 21 av
1340 288 60 30 125
1415 288 63 30 000
1505 288 79 30 kro-

390 350 95 21 nor.»

126 450 35 34 7)
203 450 67 31 Vid
295 450 159 40 punkten
493 449 98 35 73:0o)
637 449 388 40 (Veterinärstyrelsen:
1066 447 276 35 Omkostnader)
1386 456 42 21 av
1464 447 122 30 herrar

81 501 103 38 Nord,
210 500 194 37 Eskilsson,
432 499 74 31 Nils
533 500 174 37 Hansson,
734 498 213 41 H&eggblom,
978 498 159 37 Östlund,
1166 498 117 40 Antby
1311 499 65 29 och
1403 497 142 31 Nilsson
1572 499 13 30 i

81 552 194 33 Lönsboda,
298 551 94 30 vilka
415 552 115 29 ansett
553 552 51 28 att
626 551 189 29 utskottets
837 550 164 40 yttrande
1025 550 65 29 och
1114 549 213 30 hemställan
1349 549 78 29 bort
1450 549 47 29 ha
1520 548 64 31 föl-

82 602 105 40 jande
203 601 146 40 lydelse:

126 660 139 31 >Under
285 660 212 39 hänvisning
522 659 52 30 till
596 660 66 30 vad
684 660 171 29 utskottet
877 659 113 30 under
1012 659 161 40 punkten
1195 658 59 30 2:0o
1278 658 119 31 anfört
1419 658 166 29 hemstäl-

83 711 49 30 ler
151 711 182 34 utskottet,

436 762 51 28 att
506 760 188 40 riksdagen
713 760 67 34 må,
801 760 11 29 i
832 759 190 40 anledning
1041 769 43 21 av
1103 759 126 39 Kungl.
1249 758 124 40 Maj:ts
1395 758 190 30 framställ-

391 811 86 40 ning
498 813 91 28 samt
609 811 80 30 med
710 810 100 30 bifall
832 810 53 30 till
910 810 221 30 motionerna
1154 810 28 29 1:
1198 809 63 31 334
1284 810 65 29 och
1373 809 45 30 II:
1434 808 75 36 405,
1534 809 51 42 så-

392 862 65 30 vitt
479 871 48 20 nu
550 863 38 29 är
612 863 11 29 i
645 861 109 39 fråga,
777 861 54 30 till
853 860 371 39 Veterinärstyrelsen:
1250 859 259 30 Omkostnader
1532 859 54 30 för

392 912 206 40 budgetåret
622 912 148 41 1959/60
793 911 121 31 anvisa
936 912 48 29 ett
1006 910 277 40 förslagsanslag
1301 919 45 22 av
1367 910 41 30 82
1423 910 63 30 200
1509 910 79 29 kro-

392 972 95 20 nor.»

127 1071 36 34 8)
191 1071 68 30 Vid
282 1071 159 40 punkten
469 1071 98 35 75:0o)
603 1071 330 34 (Veterinärstaten:
962 1070 277 34 Omkostnader)
1271 1079 40 21 av
1336 1070 123 29 herrar
1484 1069 105 37 Nord,

86 1122 191 36 Eskilsson,
294 1121 74 30 Nils
384 1122 175 36 Hansson,
577 1121 212 39 Heggblom,
810 1120 159 37 Östlund,
987 1120 117 40 Antby
1123 1121 64 29 och
1204 1119 141 32 Nilsson
1362 1120 12 30 i
1391 1120 195 34 Lönsboda,

89 1172 90 31 vilka
196 1174 116 28 ansett
330 1173 50 28 att
398 1173 190 29 utskottets
608 1172 162 40 yttrande
789 1172 64 30 och
871 1171 213 30 hemställan
1102 1171 79 30 bort
1198 1171 47 30 ha
1263 1171 158 39 följande
1440 1170 145 40 lydelse:

129 1231 137 30 >Under
284 1231 212 39 hänvisning
514 1231 53 29 till
585 1231 67 30 vad
669 1231 171 30 utskottet
859 1231 112 29 under
989 1231 161 39 punkten
1169 1230 59 30 2:0o
1247 1229 119 31 anfört
1383 1229 204 30 hemställer

86 1282 179 34 utskottet,

439 1341 51 29 att
508 1340 189 40 riksdagen
715 1340 67 34 må,
805 1340 11 29 i
835 1339 191 40 anledning
1045 1349 43 20 av
1106 1339 127 39 Kungl.
1253 1338 124 40 Maj:ts
1397 1338 190 30 framställ-

395 1390 85 39 ning
501 1392 92 28 samt
614 1391 80 29 med
715 1390 100 30 bifall
837 1390 53 29 till
911 1389 223 30 motionerna
1156 1390 29 29 I:
1202 1388 63 31 334
1288 1391 65 28 och
1376 1389 46 29 II:
1437 1388 75 35 405,
1537 1388 52 30 så-

394 1440 66 30 vitt
493 1449 48 20 nu
574 1441 39 29 är
645 1440 11 29 i
689 1440 110 39 fråga,
834 1440 54 29 till
912 1439 314 30 Veterinärstaten:
1253 1438 260 30 Omkostnader
1535 1438 54 30 för

396 1491 206 39 budgetåret
625 1490 148 40 1959/60
792 1490 120 30 anvisa
932 1491 49 28 ett
998 1489 275 40 förslagsanslag
1289 1498 45 21 av
1353 1489 60 30 127
1430 1488 63 31 700
1512 1488 78 30 kro-

394 1550 95 21 nor.»

128 1649 36 34 9)
194 1649 67 31 Vid
286 1650 160 39 punkten
472 1650 101 35 80:0)
609 1650 318 33 (Förekommande
953 1650 66 30 och
1045 1649 213 31 hämmande
1284 1659 43 20 av
1352 1649 237 31 smittsamma

83 1699 401 40 husdjurssjukdomar)
516 1710 42 20 av
582 1701 123 29 herrar
727 1701 105 36 Nord,
856 1700 195 37 Eskilsson,
1077 1700 75 30 Nils
1177 1701 174 39 Hansson,
1377 1699 213 40 Heggblom,

86 1750 159 36 Östlund,
268 1750 115 40 Antby
406 1751 65 29 och
492 1751 141 30 Nilsson
655 1751 11 29 i
688 1751 195 34 Lönsboda,
905 1751 96 29 vilka
1024 1752 115 29 ansett
1160 1752 50 28 att
1232 1750 172 30 utskottet
1425 1750 77 30 bort
1526 1750 66 30 till-

86 1801 121 39 styrka
224 1801 221 29 motionerna
464 1802 28 29 I:
510 1801 38 29 61
569 1802 66 29 och
652 1802 45 29 II:
715 1801 40 30 92
775 1804 90 27 samt
886 1803 50 28 att
955 1801 120 30 därför

129 1859 74 30 dels
223 1859 190 31 utskottets
435 1859 181 30 utlåtande
637 1860 77 29 bort
735 1860 46 29 ha
802 1859 157 40 följande
981 1859 145 40 lydelse:

129 1919 33 29 »I
184 1918 112 30 likhet
316 1936 45 3 —
379 1936 45 3 —
443 1936 44 3 —
514 1918 89 33 (lika
624 1918 79 29 med
725 1918 188 33 utskottet)
939 1936 45 3 —
1003 1936 45 2 —
1069 1936 44 2 —
1135 1927 42 19 av
1200 1917 225 39 djurägarna,
1448 1916 143 30 Liksom

85 1968 263 29 motionärerna
366 1977 103 21 anser
487 1968 170 30 utskottet
678 1968 55 29 det
752 1977 84 20 vara
855 1968 179 39 angeläget
1055 1969 49 28 att
1124 1967 63 30 här
1206 1967 269 39 ifrågavarande
1496 1967 97 38 sjuk-

84 2017 256 30 domskontroll
359 2018 213 39 planmäsigt
590 2018 182 30 avvecklas
791 2018 49 30 till
860 2027 42 21 en
921 2017 116 40 rimlig
1055 2017 80 30 nivå
1154 2017 70 30 tills
1245 2017 216 39 djurägarna
1480 2016 111 39 själva

86 2069 89 28 skall
197 2070 163 37 övertaga
380 2068 248 30 kostnaderna.
650 2069 53 29 Då
722 2068 107 39 enligt
848 2068 367 40 veterinärstyrelsens
1237 2067 181 30 uttalande
1439 2077 42 19 en
1503 2067 90 29 radi-

86 2119 57 29 kal
164 2119 211 38 förbättring
394 2119 10 28 i
423 2118 101 39 fråga
542 2128 56 20 om
618 2118 478 30 nötkreaturstuberkulosen
1118 2118 90 29 skett
1227 2117 10 29 i
1257 2118 63 28 och
1339 2117 80 29 med
1439 2119 50 28 att
1510 2117 83 30 Ska-

86 2170 143 38 raborgs
249 2170 58 28 län
327 2178 46 19 nu
394 2169 238 29 friförklarats
652 2169 64 28 och
736 2168 104 39 något
859 2168 60 29 fall
937 2178 44 19 av
1001 2167 174 30 smittsam
1195 2167 166 39 kastning
1379 2167 30 39 ej
1432 2167 98 29 torde
1548 2167 45 29 ha

86 2218 227 30 förekommit
339 2218 107 30 sedan
469 2219 67 28 den
562 2220 14 28 1
601 2218 66 39 juli
693 2218 93 34 1957,
811 2227 102 21 anser
937 2218 172 29 utskottet
1133 2219 50 27 att
1206 2226 96 20 mera
1326 2216 191 30 avsevärda
1540 2216 50 29 in-

88 2268 259 38 skränkningar
365 2268 10 29 i
392 2268 365 38 kontrollåtgärderna
774 2268 60 29 bör
852 2268 122 28 kunna
991 2267 222 38 genomföras
1232 2268 42 28 än
1295 2276 73 20 som
1387 2266 205 30 förutsättes

87 2319 106 38 enligt
219 2318 65 29 den
309 2327 42 20 av
375 2318 125 38 Kungl.
526 2317 105 39 Maj:t
656 2317 198 38 föreslagna
877 2316 423 38 kostnadsberäkningen.
1327 2316 176 30 Utskottet
1529 2316 65 29 till-

88 2369 137 38 styrker
250 2368 119 29 därför
394 2368 67 29 den
486 2368 10 28 i
521 2367 219 29 motionerna
765 2367 80 30 I:61
874 2367 65 28 och
967 2367 44 29 II:
1028 2367 40 29 92
1095 2366 199 38 föreslagna
1318 2366 275 38 anslagsminsk-

89 2419 138 38 ningen.
250 2419 11 28 I
285 2418 110 38 övrigt
418 2418 64 29 har
504 2418 169 29 utskottet
695 2417 76 29 icke
792 2417 76 29 haft
891 2417 103 38 något
1018 2418 49 28 att
1088 2416 116 30 erinra
1225 2418 72 27 mot
1319 2416 127 38 Kungl.
1470 2416 123 39 Maj:ts

89 2469 160 38 förslag.»
