1856 2792
268 172 58 31 132
597 170 389 31 Jordbruksutskottets
1007 169 180 31 utlåtande
1206 179 43 20 nr
1268 170 15 28 1
1305 169 39 30 år
1364 170 85 30 1959

837 308 229 44 Uppskjutna
1088 307 120 43 frågor

319 425 118 33 173:0)
468 424 227 30 Beträffande
712 424 67 29 vad
798 423 127 39 Kungl.
945 423 105 39 Maj:t
1070 421 180 40 föreslagit
1267 421 189 39 riksdagen
1475 420 110 30 under
1604 420 41 30 de
1663 419 114 40 punk-

273 477 61 33 ter,
355 484 75 21 som
452 475 139 39 angives
611 474 10 29 i
641 483 43 21 en
702 474 58 29 vid
779 473 96 30 detta
893 472 180 31 utlåtande
1094 472 105 39 fogad
1217 471 116 40 bilaga
1355 470 170 40 (Bilaga),
1545 471 160 29 kommer
1724 471 54 28 ut-

273 526 129 29 skottet
421 527 51 27 att
491 534 121 21 senare
631 524 110 30 under
759 523 189 39 riksdagen
967 523 121 39 avgiva
1106 522 192 34 utlåtande,
1317 521 107 30 vilket
1443 521 171 30 utskottet
1630 520 147 31 härmed

273 576 54 30 får
346 577 55 29 för
420 576 189 39 riksdagen

884 649 150 30 anmäla.

319 745 202 30 Stockholm
541 745 67 29 den
631 743 38 30 10
689 752 95 21 mars
807 743 85 29 1959

716 843 47 30 På
781 842 385 41 jordbruksutskottets
1185 842 146 38 vägnar:

777 943 178 30 ANDERS
976 941 288 31 PETTERSSON

564 1079 65 30 Vid
646 1079 94 30 detta
758 1078 148 30 ärendes
925 1077 286 39 slutbehandling
1227 1076 67 29 har
1310 1074 174 31 närvarit:

316 1139 80 30 från
437 1138 167 30 första
645 1138 222 29 kammaren:
899 1136 121 29 herrar
1049 1135 91 39 Lage
1171 1133 182 39 Svedberg,
1382 1132 106 35 Nord,
1518 1132 67 29 Jon
1614 1131 164 34 Jonsson,

273 1180 129 40 Sigfrid
424 1180 164 34 Larsson,
610 1179 106 29 Bertil
739 1178 213 37 Andersson,
976 1176 193 35 Eskilsson,
1191 1176 74 30 Nils
1288 1175 197 34 Hansson”,
1508 1173 161 40 Hjalmar
1691 1172 89 30 Nils-

274 1232 73 25 son,
370 1222 240 30 Hermansson
633 1221 65 29 och
720 1220 144 30 Gunnar
887 1219 103 39 Berg;

317 1280 81 30 från
463 1280 122 29 andra
615 1280 222 29 kammaren:
859 1278 122 30 herrar
1001 1278 200 29 Pettersson
1221 1277 11 29 i
1251 1275 101 38 Dahl,
1374 1274 190 31 Gustafson
1583 1275 13 29 i
1615 1273 165 39 Dädesjö,

273 1322 202 30 Andersson
501 1322 11 29 i
537 1321 150 39 Hyssna,
713 1320 214 39 Heggblom,
955 1319 172 30 Svensson
1152 1319 12 29 i
1190 1317 218 40 Ljungskile,
1433 1317 153 29 Jonsson
1611 1317 13 29 i
1651 1315 129 30 Ström-

274 1364 101 35 sund,
404 1363 117 37 Sköld,
548 1362 160 35 Östlund,
736 1361 203 31 Lindström
966 1361 65 29 och
1057 1360 132 39 Antby;

319 1422 90 30 dock
435 1423 51 29 att
511 1422 57 29 vid
594 1420 212 40 behandling
834 1430 42 19 av
902 1420 200 39 punkterna

318 1480 18 29 2
361 1480 66 29 och
450 1479 20 29 4
493 1479 81 30 herr
598 1479 160 29 Eliasson
782 1479 11 29 i
817 1477 155 30 Moholm
997 1476 144 40 deltagit
1162 1478 12 29 i
1198 1476 114 30 stället
1338 1476 55 29 för
1416 1476 82 29 herr
1522 1474 213 40 Hzeggblom,

319 1538 16 29 7
364 1538 123 29 herrar
514 1536 162 31 Eliasson
703 1537 11 29 i
742 1536 155 30 Moholm
926 1536 65 30 och
1018 1535 174 39 Agerberg
1221 1535 144 39 deltagit
1392 1535 12 30 i
1433 1534 114 30 stället
1575 1534 56 29 för
1657 1534 122 29 herrar

273 1579 205 39 Haeggblom
502 1579 66 30 och
593 1578 160 34 Östlund,

319 1636 109 31 8—20
448 1637 81 29 herr
551 1637 187 29 Hedström
760 1636 145 39 deltagit
926 1637 11 29 i
959 1635 114 31 stället
1095 1635 55 30 för
1171 1635 80 30 herr
1275 1635 182 39 Svedberg,

320 1695 130 30 21—32
478 1695 122 30 herrar
626 1695 163 34 Jönsson,
817 1694 162 30 Eliasson
1006 1694 11 29 i
1044 1693 155 30 Moholm
1226 1693 65 30 och
1318 1693 115 29 Hedin
1458 1692 144 40 deltagit
1627 1693 12 29 i
1668 1692 114 30 stället

276 1737 54 30 för
357 1737 124 30 herrar
507 1736 191 30 Gustafson
724 1737 12 29 i
762 1735 166 39 Dädesjö,
956 1735 202 39 Hzeggblom
1187 1735 65 30 och
1279 1734 162 35 Östlund,

319 1795 131 30 41—52
475 1795 122 30 herrar
623 1794 186 30 Hedström
835 1794 66 30 och
927 1794 173 30 Svensson
1124 1794 12 29 i
1160 1794 51 29 Vä
1234 1793 144 40 deltagit
1402 1794 11 29 i
1440 1793 115 31 stället
1580 1793 55 30 för
1660 1793 122 30 herrar

280 1835 171 40 Svedberg
470 1836 64 29 och
553 1836 200 28 Pettersson
771 1835 11 29 i
799 1835 102 34 Dahl,

321 1895 40 30 53
382 1895 123 29 herrar
525 1894 227 39 Mossberger,
775 1894 136 30 Sundin
932 1894 64 29 och
1015 1894 140 29 Nilsson
1176 1894 11 29 i
1207 1893 186 31 Lönsboda
1415 1896 90 28 samt
1527 1893 57 30 fru
1605 1893 178 39 Lindskog

277 1936 144 40 deltagit
441 1937 11 29 i
474 1937 114 29 stället
610 1936 54 29 för
685 1936 121 29 herrar
827 1936 68 30 Jon
916 1936 162 35 Jonsson,
1102 1936 250 34 Hermansson,
1375 1935 116 40 Antby
1513 1935 64 30 och
1600 1935 116 34 Sköld,

321 1994 128 30 54—61
480 1994 122 30 herrar
630 1994 163 35 Jönsson,
823 1992 162 31 Eliasson
1014 1995 10 28 i
1053 1993 154 30 Moholm
1236 1994 65 29 och
1328 1993 114 30 Hedin
1472 1996 90 28 samt
1591 1993 58 30 fru
1678 1993 106 30 Lind-

278 2036 84 39 skog
387 2035 145 40 deltagit
554 2036 11 29 i
590 2035 115 31 stället
729 2035 54 30 för
807 2036 123 29 herrar
954 2034 190 31 Gustafson
1169 2036 11 29 i
1204 2035 165 39 Dädesjö,
1395 2035 213 39 Heggblom,
1633 2034 150 31 Östlund

276 2078 65 29 och
371 2077 118 35 Sköld,

322 2135 129 30 62—70
477 2135 122 30 herrar
624 2136 187 29 Hedström
837 2135 66 30 och
929 2135 172 30 Svensson
1126 2135 11 30 i
1161 2136 52 29 Vä
1238 2135 143 40 deltagit
1406 2137 11 29 i
1443 2135 114 31 stället
1582 2136 55 30 för
1661 2137 123 29 herrar

276 2177 172 39 Svedberg
473 2177 64 29 och
562 2178 199 29 Pettersson
786 2178 11 29 i
821 2176 102 35 Dahl,

323 2235 36 29 71
382 2235 122 29 herrar
522 2235 163 35 Jönsson,
705 2235 160 30 Eliasson
884 2236 11 29 i
915 2235 152 30 Moholm
1088 2236 65 29 och
1172 2235 113 30 Hedin
1305 2236 144 39 deltagit
1467 2237 11 29 i
1499 2236 114 30 stället
1633 2236 55 30 för
1706 2235 78 31 her-

276 2285 56 21 rar
356 2276 192 30 Gustafson
573 2278 10 29 i
608 2277 163 39 Dädesjö,
796 2276 203 40 Heggblom
1023 2277 65 29 och
1112 2276 161 35 Östlund,

323 2335 129 29 73—83
476 2335 122 29 herrar
621 2335 227 38 Mossberger,
871 2334 141 31 Nilsson
1035 2337 11 29 i
1068 2335 185 30 Lönsboda
1276 2336 65 29 och
1365 2337 149 29 Persson
1537 2337 11 29 i
1570 2336 121 30 Tandö
1714 2337 70 29 del-

278 2376 86 39 tagit
380 2377 11 29 i
410 2377 114 30 stället
542 2376 54 30 för
614 2377 121 29 herrar
752 2377 162 39 Hjalmar
932 2376 150 36 Nilsson,
1102 2377 173 30 Svensson
1293 2378 11 29 i
1322 2377 207 40 Ljungskile
1548 2378 65 30 och
1631 2379 153 30 Jonsson

276 2418 11 29 i
309 2418 220 35 Strömsund,

326 2477 13 15 +
360 2477 33 30 Ej
414 2478 173 25 närvarande
606 2478 47 23 vid
671 2478 180 30 justeringen.
