1908 2810
1626 151 17 30 -T

586 160 276 30 Statsutskottets
884 158 176 31 utlåtande
1080 168 41 21 nr
1154 160 49 30 10.

493 250 49 28 att
563 247 184 36 riksdagen
770 245 58 32 må

492 297 32 40 a)
565 298 186 36 godkänna
774 295 156 37 följande
953 295 250 36 avlöningsstat
1227 293 55 31 för
1306 295 128 28 statens
1460 290 185 32 elektriska

450 348 206 37 inspektion,
676 351 50 27 att
745 347 174 35 tillämpas
939 345 68 30 tills
1025 345 119 31 vidare
1162 343 81 32 från
1263 344 65 31 och
1347 343 79 30 med
1445 340 201 38 budgetåret

453 396 154 34 1943/44:

919 477 251 30 Avlöningsstat.

455 545 27 29 1.
507 542 209 37 Avlöningar
735 542 49 30 till
803 541 174 31 ordinarie
994 540 220 39 tjänstemän,
1234 539 69 37 för-

552 594 142 37 SlagsViS
751 612 560 11 ovocsersereeererrrr
1082 587 60 48 rr
1175 587 30 48 re
1217 587 42 48 rr
1277 587 36 48 ts
1343 589 130 30 kronor
1517 585 119 37 80,400

451 646 30 29 2.
507 643 143 36 Arvode,
673 643 149 30 bestämt
843 651 43 22 av
910 641 122 36 Kungl.
1059 640 101 39 Maj:t
1192 663 118 7 ......
1399 649 12 15 »
1539 636 95 36 6,000

452 696 31 30 3.
508 694 209 36 Avlöningar
747 693 51 30 till
826 691 95 38 övrig
947 690 265 32 icke-ordinarie
1242 699 73 27 per-

552 746 98 30 SONAl
706 764 604 10 .oossososrsossessorerss
1183 739 67 44 er
1263 739 50 44 tet
1399 750 12 15 »
1539 738 96 36 9,100

453 797 29 29 4.
508 795 131 37 Rörligt
661 795 126 36 tillägg,
812 794 199 39 förslagsvis
1060 811 251 11 ....i......:
1400 800 12 15 »
1521 788 115 36 13,000

884 861 142 31 Summa
1048 839 269 57 förslagsanslag
1341 838 128 50 kronor
1496 856 150 36 108,500;

496 960 34 40 b)
572 962 50 30 till
646 960 136 32 Statens
807 957 185 31 elektriska
1016 954 210 38 inspektion:
1251 951 210 37 Avlöningar
1486 950 56 30 för
1561 949 86 30 bud-

451 1013 131 37 getåret
607 1007 141 35 1943/44
773 1009 119 31 anvisa
915 1011 47 27 ett
985 1005 270 37 förslagsanslag
1279 1013 42 20 av
1348 1002 138 35 108,500
1510 1001 138 29 kronor.

191 1156 89 41 12:0)
305 1157 138 31 Statens
465 1153 191 33 elektriska
677 1150 216 39 inspektion:
915 1148 274 32 Omkostnader.
1211 1146 14 30 I
1248 1145 154 36 enlighet
1423 1143 82 30 med
1527 1142 123 36 Kungl.

146 1209 118 37 Maj:ts
283 1208 130 36 förslag
437 1206 125 40 (punkt
583 1206 49 35 12,
652 1204 62 31 sid.
736 1203 41 30 23
797 1203 65 29 och
882 1200 69 39 24),
970 1200 105 30 vilket
1094 1199 11 30 i
1125 1196 220 33 förhållande
1365 1194 50 31 till
1436 1196 214 28 motsvaran-

146 1261 42 30 de
211 1259 121 37 anslag
355 1258 56 31 för
432 1256 234 32 innevarande
689 1252 170 38 budgetår
880 1251 146 30 innebär
1050 1260 42 20 en
1116 1248 146 37 höjning
1287 1246 78 31 med
1390 1245 97 36 3,000
1511 1245 139 33 kronor,

146 1310 169 31 avseende
338 1307 314 36 reseersättningar,
677 1303 201 33 hemställer
900 1302 175 37 utskottet,

500 1394 49 28 att
566 1390 183 35 riksdagen
765 1387 59 31 må
844 1387 49 31 till
909 1386 135 30 Statens
1061 1383 186 31 elektriska
1263 1381 210 37 inspektion:
1494 1378 157 31 Omkost-

456 1440 108 31 nader
589 1440 55 30 för
668 1436 202 38 budgetåret
898 1432 142 34 1943/44
1067 1434 120 31 anvisa
1223 1435 45 28 ett
1306 1430 267 36 förslagsanslag
1611 1437 43 21 av

459 1492 118 36 15,800
595 1491 138 29 kronor.

195 1642 89 41 13:0)
314 1639 411 40 Fartygsinspektionen:
753 1636 224 36 Avlöningar.
1004 1632 411 39 Fartygsinspektionen:
1445 1631 209 29 Omkostna-

150 1697 72 30 der.
247 1694 47 31 På
319 1694 125 31 därom
467 1702 43 21 av
534 1691 124 37 Kungl.
684 1689 101 37 Maj:t
808 1688 124 37 gjorda
954 1685 303 35 framställningar
1285 1682 212 40 (punkterna
1524 1681 39 29 13
1589 1680 65 30 och

153 1747 48 36 14,
223 1746 62 31 sid.
306 1745 41 30 24
368 1745 65 30 och
453 1743 54 40 25)
533 1743 65 30 och
618 1742 112 30 under
748 1740 149 35 erinran,
918 1741 49 28 att
987 1746 134 22 samma
1141 1734 264 37 anslagsbelopp
1429 1732 151 30 anvisats
1601 1731 55 30 för

152 1796 233 31 innevarande
403 1793 178 37 budgetår,
601 1791 200 31 hemställer
820 1789 174 34 utskottet,

506 1880 49 28 att
580 1876 185 35 riksdagen
792 1873 59 30 må
876 1873 55 30 för
956 1870 202 37 budgetåret
1187 1864 142 35 1943/44
1357 1867 120 31 anvisa

506 1926 31 39 a)
567 1926 48 29 till
645 1922 402 39 Fartygsinspektionen:
1083 1919 210 36 Avlöningar
1319 1920 46 27 ett
1390 1916 267 36 förslagsanslag

462 1987 43 21 av
525 1976 141 35 261,200
688 1975 143 34 kronor;

506 2024 34 39 b)
583 2026 52 30 till
662 2021 402 39 Fartygsinspektionen:
1095 2018 255 32 Omkostnader
1376 2020 47 27 ett
1450 2017 206 35 förslagsan-

463 2078 72 35 slag
560 2086 41 21 av
627 2075 119 36 52,000
770 2075 138 29 kronor.

201 2211 89 39 14:0)
311 2208 498 39 Skeppsmätningsväsendet:
827 2205 224 35 Avlöningar.
1068 2201 497 38 Skeppsmätningsväsendet:
1580 2200 80 29 Om-

157 2262 202 31 kostnader.
380 2261 15 30 I
416 2261 153 35 enlighet
591 2259 80 30 med
694 2258 123 34 Kungl.
841 2255 118 36 Maj:ts
980 2255 133 35 förslag
1137 2253 213 38 (punkterna
1374 2251 38 30 15
1436 2251 66 29 och
1526 2250 48 34 16,
1598 2249 61 30 sid.

157 2311 157 39 25-—27),
335 2312 92 29 vilka
447 2312 9 29 i
478 2309 218 31 förhållande
716 2308 50 30 till
787 2308 41 28 de
849 2307 54 29 för
924 2304 234 31 innevarande
1178 2302 167 36 budgetår
1366 2300 164 31 anvisade
1550 2300 110 30 ansla-

156 2371 64 29 gen
238 2362 166 30 innebära
420 2359 221 31 beträffande
657 2356 243 32 förstnämnda
917 2355 119 35 anslag
1053 2363 42 20 en
1111 2352 145 36 höjning
1274 2352 78 29 med
1370 2351 64 29 400
1451 2351 129 29 kronor
1596 2350 65 29 och

158 2411 220 33 beträffande
397 2409 215 32 sistnämnda
632 2408 119 35 anslag
771 2415 42 21 en
835 2404 199 35 minskning
1053 2403 78 30 med
1152 2403 62 29 500
1235 2403 138 36 kronor,
1394 2400 197 30 hemsläller
1611 2402 49 27 ut-

159 2464 134 34 skottet,
