1906 2760
474 181 114 29 Andra
610 181 234 36 lagutskottets
866 181 172 29 utlåtande
1061 191 39 19 nr
1123 183 36 27 13
1182 180 37 30 år
1242 182 76 28 1962
1622 182 16 28 5

154 287 83 29 stela
262 287 253 36 utformningen
540 296 42 21 av
607 288 153 35 reglerna
786 288 53 28 för
865 287 240 37 återlåningen.
1131 289 54 28 Av
1210 288 41 29 de
1278 297 38 20 ca
1343 289 37 28 50
1393 289 57 27 000
1478 287 161 36 arbetsgi-

156 341 79 20 vare
256 341 72 20 som
348 332 166 29 beräknas
535 333 43 29 ha
599 333 126 29 betalat
746 334 102 28 minst
872 334 85 28 1000
980 334 49 28 kr.
1052 334 11 28 i
1086 333 144 36 avgifter
1253 333 107 29 under
1381 333 113 28 ATP:s
1516 331 124 31 startår

156 378 75 28 1960
247 377 62 29 och
323 386 72 20 som
410 377 115 29 därför
539 378 86 28 hade
640 378 175 36 möjlighet
831 380 48 27 att
895 378 106 29 under
1019 379 74 28 1961
1111 377 127 30 erhålla
1254 376 139 36 återlån,
1410 378 67 28 kan
1492 377 148 29 flertalet

157 424 94 27 antas
274 422 43 29 ha
340 422 203 29 inlevererat
566 423 121 36 belopp
711 432 41 20 av
775 423 131 29 mindre
930 423 294 35 storleksordning.
1249 423 64 28 För
1338 422 95 29 dessa
1459 422 181 36 avgiftsbe-

154 467 104 29 talare
272 466 107 30 måste
394 467 57 29 det
464 468 43 28 ha
522 468 89 29 varit
625 468 131 29 förenat
771 468 77 29 med
862 470 85 27 stort
962 468 262 29 administrativt
1238 467 121 30 besvär
1375 467 61 29 och
1451 467 189 36 betydande

154 512 179 29 kostnader
350 513 12 27 i
379 511 211 31 förhållande
608 513 52 29 till
678 513 175 29 resultatet
872 515 48 27 att
938 513 129 29 bevaka
1085 513 219 36 möjligheten
1322 512 52 30 till
1393 521 41 20 en
1453 511 187 37 återlåning

154 555 42 37 på
215 556 102 37 något
337 557 83 29 eller
440 556 104 38 några
565 558 145 29 tusental
731 558 132 29 kronor.
885 559 64 28 För
970 558 135 29 särskilt
1126 558 40 29 de
1187 558 132 29 mindre
1340 558 174 35 företagen
1534 556 106 30 måste

154 601 40 29 de
212 602 196 29 nuvarande
426 603 153 35 reglerna
597 611 54 20 om
669 602 130 30 återlån
817 612 95 20 anses
930 612 71 20 som
1019 604 11 28 i
1048 603 65 36 hög
1131 603 82 36 grad
1231 602 181 37 olämpliga
1431 602 60 29 och
1510 604 130 34 otymp-

154 646 75 36 liga.
256 647 113 36 Enligt
395 646 61 30 vår
482 648 217 36 uppfattning
725 648 90 29 visar
843 648 41 29 de
911 657 114 20 vunna
1052 648 275 29 erfarenheterna
1355 649 50 27 att
1433 645 207 31 återlånebe-

154 691 253 30 stämmelserna
432 692 61 29 bör
518 700 57 29 ges
602 702 42 19 en
669 702 92 20 mera
787 693 162 36 praktisk,
976 693 181 36 produktiv
1184 693 61 28 och
1272 691 368 36 kostnadsbesparande

154 736 216 37 utformning.
386 737 50 29 En
450 736 104 31 sådan
568 738 68 29 kan
650 738 265 36 uppenbarligen
930 737 245 30 åstadkommas
1190 745 120 29 genom
1327 738 49 28 att
1390 737 95 36 varje
1501 736 140 36 avgifts-

155 781 149 30 betalare
324 782 170 36 medgives
516 784 68 27 rätt
605 785 49 27 att
675 783 106 29 under
803 792 42 20 en
865 783 116 36 längre
1003 783 182 36 tidsperiod
1207 783 53 28 för
1282 781 131 30 återlån
1434 781 35 30 få
1491 782 150 35 utnyttja

154 826 190 30 inbetalade
371 827 257 36 ATP-avgifter.
656 828 49 28 En
733 827 104 30 sådan
866 828 252 35 ackumulering
1146 827 107 30 under
1282 826 195 37 förslagsvis
1506 826 69 29 fem
1603 825 38 30 år

154 871 108 30 skulle
280 871 48 29 bli
347 881 43 20 av
408 872 166 36 väsentlig
591 872 180 37 betydelse,
791 873 11 29 i
821 873 182 36 synnerhet
1022 873 53 28 för
1094 873 64 28 den
1176 872 131 29 mindre
1326 871 314 37 företagsamheten,

154 916 135 29 särskilt
308 925 72 20 som
399 917 194 36 därigenom
613 919 85 28 även
718 917 201 37 årsavgifter
939 918 258 35 understigande
1219 918 87 28 1000
1327 917 50 28 kr.
1398 916 108 29 skulle
1526 916 114 29 kunna

156 962 165 36 utnyttjas
343 962 54 28 för
418 961 139 30 återlån.
579 963 73 28 Den
674 963 252 36 ackumulering
948 963 34 29 vi
1003 963 62 28 här
1087 962 153 29 förordar
1262 962 62 29 bör
1346 961 104 36 enligt
1473 959 61 31 vår
1556 969 84 28 upp-

154 1006 147 36 fattning
321 1008 87 28 även
427 1007 141 29 omfatta
590 1007 40 29 de
652 1007 152 36 avgifter,
827 1016 70 20 som
919 1007 178 29 inbetalats
1119 1007 105 29 under
1248 1007 86 28 1960.

194 1051 112 36 Enligt
326 1060 47 20 nu
391 1051 155 36 gällande
566 1052 109 36 regler
694 1051 53 30 får
768 1051 130 30 återlån
918 1052 58 29 ske
997 1052 117 29 endast
1134 1051 51 29 till
1206 1052 37 28 50
1264 1052 138 35 procent
1423 1059 42 20 av
1486 1049 40 30 de
1547 1050 93 29 inbe-

155 1096 91 29 talda
269 1096 199 36 avgifterna.
492 1097 273 35 Begränsningen
789 1097 52 28 till
866 1098 37 28 50
928 1098 137 35 procent
1090 1098 37 28 är
1151 1096 265 36 uppenbarligen
1440 1096 69 28 inte
1534 1094 106 30 erfor-

154 1141 106 36 derlig
275 1141 108 29 under
398 1141 277 37 ATP-systemets
691 1141 368 37 uppbyggnadsperiod.
1076 1142 41 28 Vi
1133 1139 141 31 föreslår
1291 1140 115 29 därför
1422 1142 49 27 att
1487 1141 153 35 procent-

154 1187 111 28 satsen
286 1186 108 29 under
415 1186 109 29 denna
545 1186 116 36 period
682 1186 199 30 bestämmes
904 1186 52 29 till
979 1187 47 28 75.

192 1241 15 28 I
224 1241 210 28 motionerna
450 1240 26 29 I:
489 1241 57 28 484
565 1241 62 28 och
644 1241 42 28 II:
699 1241 57 28 559
774 1239 204 37 framhålles,
998 1242 48 27 att
1065 1240 40 29 de
1123 1239 194 30 nuvarande
1337 1238 303 37 återlånereglerna

153 1292 254 30 diskriminerar
428 1293 41 29 de
490 1293 131 30 mindre
643 1294 182 36 företagen.
848 1294 157 29 Därefter
1027 1294 144 29 anföres:

194 1345 78 30 Med
293 1346 132 36 hänsyn
446 1346 52 29 till
521 1346 40 29 de
585 1346 174 37 allvarliga
781 1347 249 29 konsekvenser
1052 1355 71 20 som
1146 1346 40 29 de
1209 1346 196 29 nuvarande
1427 1345 213 29 bestämmel-

153 1399 97 20 serna
265 1390 53 29 för
333 1389 262 31 återlånerätten
609 1400 97 27 synes
722 1392 151 28 medföra
888 1392 60 28 bör
963 1401 42 19 en
1019 1391 179 36 utredning
1213 1391 59 28 ske
1287 1390 77 29 med
1379 1391 122 28 största
1516 1389 125 37 skynd-

154 1435 130 29 samhet
308 1444 54 20 om
388 1444 42 20 en
454 1435 222 37 reformering
701 1445 42 20 av
768 1435 262 30 återlånerätten
1056 1436 53 28 för
1135 1436 41 28 de
1201 1435 131 29 mindre
1359 1435 183 35 företagen,
1569 1434 70 29 dvs.

154 1480 131 36 företag
305 1480 77 29 med
403 1480 130 29 mindre
555 1481 43 28 än
620 1482 37 27 20
679 1481 174 29 anställda.
876 1480 263 36 Målsättningen
1160 1480 61 29 bör
1243 1479 119 30 därvid
1384 1488 82 20 vara
1489 1480 50 27 att
1560 1480 80 35 göra

154 1524 263 30 återlånerätten
433 1525 69 29 inte
519 1525 86 29 blott
622 1525 148 29 formellt
787 1527 83 27 utan
888 1527 85 27 även
990 1525 97 29 reellt
1105 1525 68 29 lika
1190 1525 54 28 för
1262 1524 66 29 alla
1346 1532 154 28 grupper.
1519 1523 121 29 Utred-

153 1570 125 36 ningen
296 1570 62 28 bör
377 1570 119 29 därvid
516 1571 105 35 pröva
641 1570 256 36 möjligheterna
919 1572 49 27 att
988 1570 194 36 genomföra
1203 1578 42 20 en
1266 1569 126 29 reform
1413 1567 227 30 innebärande

154 1616 49 27 att
228 1623 42 20 en
293 1615 69 28 viss
388 1615 81 28 kvot
495 1624 42 20 av
562 1615 290 35 ATP-avgifterna
879 1615 51 29 till
957 1615 104 29 andra
1088 1615 61 28 och
1175 1614 108 36 tredje
1309 1613 330 36 pensionsfonderna,

154 1659 93 29 vilka
269 1668 97 20 avser
389 1660 228 35 näringslivet,
641 1660 148 36 placeras
813 1661 10 27 i
847 1660 245 28 kreditinstitut
1115 1659 52 29 för
1191 1658 154 36 utlåning
1370 1667 41 20 av
1435 1658 95 29 dessa
1555 1657 86 29 efter

154 1704 236 36 bankmässiga
415 1704 155 36 grunder.
595 1705 116 28 Denna
736 1705 82 28 kvot
843 1704 60 29 bör
929 1713 81 20 vara
1035 1704 102 29 minst
1161 1704 131 28 hälften
1318 1712 43 20 av
1387 1703 189 36 avgifterna
1601 1718 41 5 —

155 1748 97 30 alltså
276 1749 237 29 motsvarande
535 1749 196 29 nuvarande
756 1748 219 30 återlånerätt
998 1765 40 4 —
1061 1757 78 20 men
1162 1748 77 29 med
1264 1747 176 37 möjlighet
1465 1747 53 28 för
1543 1746 97 29 fond-

153 1794 204 36 styrelserna
376 1795 50 27 att
444 1793 194 29 överskrida
657 1793 138 29 hälften.
815 1794 100 28 Detta
934 1802 98 27 synes
1051 1802 81 20 vara
1151 1793 65 28 den
1234 1792 152 29 enklaste
1405 1791 164 29 metoden.

194 1834 31 33 Å
246 1838 105 29 andra
372 1838 97 29 sidan
489 1838 62 29 bör
573 1839 86 28 även
680 1838 65 28 den
766 1838 219 36 möjligheten
1007 1838 115 28 kunna
1144 1838 130 35 prövas,
1298 1839 50 27 att
1370 1837 205 28 innehavare
1599 1845 41 20 av

154 1882 219 30 återlånerätt
389 1890 119 28 genom
524 1882 159 30 fullmakt
699 1881 167 30 överlåter
883 1882 108 29 denna
1008 1882 52 28 till
1077 1881 306 35 kreditinrättning,
1402 1889 71 20 som
1489 1879 42 37 på
1549 1881 91 28 detta

153 1929 67 28 sätt
238 1927 110 30 skulle
368 1926 35 30 få
422 1927 214 36 möjligheter
656 1929 48 27 att
724 1927 175 36 tillgodose
919 1934 246 28 gemensamma
1186 1924 259 37 kreditanspråk
1466 1925 53 28 för
1540 1933 101 28 grup-

154 1981 59 27 per
239 1981 42 20 av
307 1971 368 37 återlåneberättigade.
701 1972 50 28 En
776 1973 155 27 närmare
958 1971 164 36 prövning
1150 1980 41 19 av
1218 1970 96 29 dessa
1341 1970 213 35 möjligheter
1580 1969 61 29 bör

154 2018 85 28 även
259 2017 166 28 innefatta
446 2026 42 19 en
506 2017 166 35 prövning
693 2025 41 20 av
754 2016 257 36 möjligheterna
1033 2015 51 29 till
1106 2015 165 35 sänkning
1293 2024 42 19 av
1356 2015 284 28 minimisumman

154 2062 52 28 för
224 2060 228 36 återlånerätt,
470 2061 185 29 eventuellt
672 2070 41 19 en
730 2061 139 35 höjning
887 2070 42 19 av
947 2059 260 30 återlånerätten
1226 2058 77 30 från
1322 2060 36 28 50
1378 2059 51 28 till
1448 2060 36 28 75
1504 2061 136 33 procent

155 2115 42 20 av
216 2106 171 29 inbetalda
409 2106 144 35 avgifter
574 2106 60 28 och
655 2114 41 19 en
717 2105 214 35 förlängning
953 2114 41 19 av
1016 2104 314 35 amorteringstiden
1352 2103 51 29 till
1426 2104 37 28 20
1486 2102 46 30 år.
1554 2104 86 34 Möj-

155 2151 186 35 ligheterna
361 2150 53 28 till
434 2150 262 35 sammanföring
717 2158 41 20 av
779 2148 218 30 återlånerätt
1018 2149 52 28 för
1090 2149 68 28 viss
1178 2148 58 34 tid,
1258 2150 86 27 t.ex.
1367 2149 16 27 5
1406 2147 46 35 år,
1473 2147 61 29 bör
1556 2149 84 28 även

154 2196 183 34 övervägas
357 2195 120 28 liksom
496 2203 42 20 en
558 2194 201 35 anpassning
778 2203 42 19 av
839 2192 200 30 räntenivån
1058 2193 53 27 för
1131 2191 172 30 återlånen
1323 2192 52 28 till
1395 2192 245 28 kreditinstitu-

154 2242 56 26 ten
231 2239 51 29 till
303 2240 123 34 gängse
447 2239 85 28 efter
553 2237 146 29 rådande
720 2237 256 35 marknadsläge
997 2236 273 28 förekommande
1292 2235 275 36 inlåningsränta.

731 2333 328 35 Remissyttrandena

194 2398 13 27 I
234 2395 156 37 yttrande
417 2397 79 27 över
522 2396 207 27 motionerna
756 2395 96 28 I:295
880 2395 60 28 och
967 2395 41 27 II:
1022 2395 56 27 362
1107 2394 96 28 anför
1231 2393 409 36 riksförsäkringsverket:

195 2449 266 28 Motionärernas
483 2447 125 36 förslag
631 2449 49 27 att
702 2447 213 35 företagarna
937 2447 85 28 skall
1046 2446 34 29 få
1103 2447 110 28 betala
1236 2447 73 28 sina
1333 2447 144 35 avgifter
1501 2446 140 29 medelst

156 2503 112 19 revers
293 2493 109 29 skulle
426 2492 264 36 uppenbarligen
715 2493 113 27 kunna
854 2492 75 28 leda
955 2491 50 29 till
1032 2491 184 29 avsevärda
1242 2491 160 29 förluster
1428 2492 52 27 för
1507 2492 132 33 fonden,

155 2539 111 28 därest
286 2538 69 28 inte
375 2537 62 28 full
458 2537 131 35 garanti
610 2535 127 36 förelåg
757 2536 52 27 för
830 2544 210 20 reversernas
1061 2536 180 34 betalning.
1263 2535 77 29 Med
1361 2536 130 35 hänsyn
1513 2536 51 28 till
1585 2536 55 28 det
