1872 2780
288 172 38 30 12
627 174 288 31 Statsutskottets
941 176 179 30 utlåtande
1145 186 43 20 nr
1278 178 40 29 år
1343 178 86 30 1956

287 271 116 29 vilken
421 271 62 29 bör
502 271 176 31 anförtros
696 273 35 29 åt
748 282 42 21 en
808 274 151 30 särskild
976 275 198 37 utredning,
1191 276 188 30 eventuellt
1395 276 11 29 i
1423 276 170 30 samband
1610 277 79 29 med
1706 277 66 29 den

287 324 10 29 i
323 325 263 36 propositionen
612 325 179 31 bebådade
816 328 232 37 utredningen
1074 329 150 30 rörande
1250 329 221 38 förläggning
1495 330 53 29 till
1575 339 118 20 annan
1718 331 55 28 ort

288 378 43 28 än
362 377 202 31 Stockholm
596 388 41 20 av
666 380 344 31 vattenfallsverkets
1040 382 503 38 stationsmontageavdelning
1572 383 65 29 och
1667 385 106 28 stam-

287 430 286 38 linjebyggnader
604 434 91 28 samt
726 433 66 29 den
823 433 115 30 lokala
968 434 259 38 förvaltningen
1258 435 55 30 för
1340 435 210 38 Älvkarleby
1579 436 193 30 kraftverk.

287 484 76 30 Med
389 485 138 37 hänsyn
551 485 52 30 till
630 487 50 29 att
705 486 123 37 frågan
853 487 111 30 måste
989 497 100 20 anses
1114 498 83 20 vara
1222 498 41 20 av
1286 489 223 30 brådskande
1532 491 106 28 natur
1663 490 110 29 förut-

287 538 107 29 sätter
432 539 182 35 utskottet,
653 541 50 28 att
741 540 65 29 den
845 540 148 31 sålunda
1020 541 186 30 förordade
1232 543 276 37 omprövningen
1535 544 158 29 kommer
1719 543 53 30 till

287 591 101 30 stånd
412 592 39 30 så
473 593 108 34 snart,
604 594 50 29 att
677 593 107 30 därav
807 593 205 31 föranledda
1033 595 132 37 förslag
1186 595 121 31 kunna
1328 595 213 39 framläggas
1562 597 11 29 i
1594 597 180 30 nästkom-

287 645 125 30 mande
429 645 57 30 års
504 647 445 36 statsverksproposition».

331 698 73 30 dels
419 699 65 29 ock
499 700 189 29 utskottets
703 700 210 30 hemställan
928 701 78 30 bort
1020 702 44 29 ha
1079 701 159 38 följande
1252 703 144 37 lydelse:

651 755 71 28 »att
748 754 186 37 riksdagen
959 755 67 35 må,
1050 756 78 29 med
1154 756 118 37 avslag
1296 756 20 30 å
1340 756 126 38 Kungl.
1491 757 125 36 Maj:ts
1641 757 132 37 förslag

605 807 66 29 och
690 807 78 29 med
788 807 99 30 bifall
906 808 53 29 till
979 809 220 30 motionerna
1219 809 29 29 I:
1264 809 63 30 524
1345 810 66 29 och
1430 811 45 28 II:
1493 810 61 30 713
1574 813 92 28 samt
1685 811 10 29 i
1715 820 59 20 an-

605 860 142 37 ledning
780 869 41 21 av
853 861 220 30 motionerna
1105 862 108 30 I:523
1246 863 64 29 och
1343 863 45 30 II:
1406 863 73 35 712,
1500 864 11 29 i
1532 864 168 30 skrivelse
1720 864 53 30 till

605 913 126 37 Kungl.
751 914 106 36 Maj:t
875 915 186 30 hemställa
1079 925 56 20 om
1155 916 149 37 förnyad
1323 917 172 37 prövning
1514 927 41 20 av
1573 917 124 38 frågan
1716 927 56 20 om

605 966 266 38 förläggningen
895 977 41 20 av
957 968 395 38 vattenfallsstyrelsens
1376 970 396 38 förvaltningsbyggnad

604 1020 11 29 i
630 1020 153 38 enlighet
797 1022 78 29 med
890 1022 65 29 vad
972 1031 40 20 av
1026 1023 171 29 utskottet
1213 1023 167 30 anförts.»

713 2489 106 22 Svenska
830 2489 285 27 Tryckeriaktiebolaget,
1129 2490 138 22 Stockholm
1283 2492 54 20 1956

970 2525 70 17 560607
