1910 2837
281 199 16 26 6
652 197 303 33 Bankoutslkottets
973 202 169 30 memorial
1160 213 39 19 nr
1221 206 12 27 1
1256 202 36 31 år
1310 206 82 29 1968

281 275 146 41 mäktige
451 280 52 27 att
526 277 173 33 hemställa
723 279 59 31 hos
806 280 122 40 Kungl.
952 281 103 40 Maj:t
1079 293 53 20 om
1157 283 220 33 förordnande
1401 297 53 20 om
1479 286 215 33 kassakvoter
1718 289 50 31 för

280 329 320 43 bankaktiebolagen
626 333 101 40 enligt
754 338 78 28 1962
858 340 51 26 års
934 336 196 32 likviditets-
1155 338 61 31 och
1242 339 259 42 kassakvotslag.
1527 342 112 40 Kungl
1664 343 103 39 Maj:t

279 385 193 32 meddelade
489 386 119 32 sådant
624 387 221 33 förordnande
862 390 64 31 den
945 393 36 29 15
999 392 172 32 december
1187 393 61 31 och
1266 394 63 32 den
1347 397 37 28 21
1403 395 172 32 december
1590 397 176 32 utfärdade

279 439 199 33 riksbanken
495 441 428 42 tillämpningsföreskrifter
940 456 70 20 som
1028 445 137 33 innebar
1181 451 53 28 att
1251 447 38 32 fr.
1308 459 29 20 o.
1355 459 43 21 m.
1417 449 63 31 den
1499 453 18 28 2
1535 449 129 40 januari
1685 454 78 28 1968

279 493 39 31 de
338 493 66 32 fem
423 497 122 30 största
565 495 169 34 bankerna
755 497 102 32 skulle
877 498 43 32 ha
939 498 101 33 minst
1061 500 68 40 22,
1150 500 61 32 och
1232 501 112 41 övriga
1363 502 126 32 banker
1508 503 102 33 minst
1632 508 14 28 1
1661 505 38 41 Og
1721 517 42 20 av

274 547 49 31 sin
337 548 146 40 inlåning
495 549 73 31 från
583 550 222 32 allmänheten
820 552 212 32 innestående
1046 554 42 39 på
1103 554 242 41 checkräkning
1358 556 10 32 i
1381 556 208 34 riksbanken.
1604 559 158 39 Slutligen

278 601 106 33 beslöt
406 602 206 42 fullmäktige
634 609 53 28 att
709 605 57 32 vid
788 606 182 41 beräkning
991 619 42 21 av
1056 608 304 34 likviditetskvoter
1381 611 127 32 hälften
1530 624 42 20 av
1596 624 40 21 en
1659 614 105 32 banks

277 657 177 33 utländska
471 659 410 41 nettotillgodohavanden
896 662 104 32 skulle
1016 663 120 32 räknas
1154 675 69 20 som
1240 664 103 32 likvid
1361 665 145 41 tillgång;
1524 667 138 40 tidigare
1678 668 86 32 hade

276 712 93 32 dessa
391 712 313 41 tillgodohavanden
725 714 9 32 i
755 714 49 32 sin
824 715 111 33 helhet
955 716 171 33 inräknats
1146 718 101 32 bland
1268 719 40 32 de
1329 719 125 33 likvida
1475 721 225 41 tillgångarna.

316 767 341 41 Bankofullmäktiges
677 769 153 41 åtgärder
849 782 59 20 var
926 772 208 32 förestavade
1155 774 209 32 uteslutande
1384 787 43 20 av
1447 787 129 31 omsorg
1594 789 54 20 om
1669 779 91 31 valu-

274 821 234 41 taställningen
531 822 61 32 och
616 834 42 20 av
681 823 130 40 hänsyn
834 825 50 31 till
907 826 58 31 det
987 825 263 35 internationella
1273 829 193 41 ränteläget.
1489 831 77 31 Den
1589 831 169 32 inhemska

275 874 408 38 konjunktursituationen
700 878 204 31 motiverade
919 890 40 19 en
976 880 135 31 fortsatt
1126 881 64 31 lätt
1206 882 236 38 kreditpolitik.
1460 885 128 30 Genom
1603 891 52 26 att
1672 897 87 19 ome-

273 926 133 33 delbara
427 928 61 32 och
510 928 142 41 kraftiga
673 929 153 41 åtgärder
848 931 129 41 vidtogs
999 932 50 32 för
1069 938 52 27 att
1143 937 119 36 stoppa
1284 935 380 43 valutautströmningen
1686 940 72 31 ska-

272 982 101 37 pades
395 982 277 41 förutsättningar
693 984 51 31 för
765 990 52 26 att
840 986 34 30 så
897 991 90 27 snart
1010 998 69 20 som
1102 988 129 39 möjligt
1253 989 112 32 kunna
1387 991 84 31 lätta
1495 992 263 32 kreditåtstram-

273 1034 129 40 ningen.

313 1089 191 33 Bankernas
520 1093 225 31 annonserade
761 1093 46 31 in-
823 1094 60 31 och
900 1094 280 41 utlåningsräntor
1194 1097 115 39 höjdes
1326 1098 82 32 efter
1424 1099 333 41 diskontohöjningen

270 1143 75 31 med
369 1154 41 21 en
432 1145 238 38 procentenhet
693 1147 76 31 med
793 1148 172 40 undantag
988 1161 42 19 av
1054 1149 343 42 inlåningsräkningen
1420 1154 76 31 med
1523 1158 36 27 12
1584 1155 173 31 månaders

271 1197 206 41 uppsägning
500 1198 51 32 för
573 1199 110 32 vilken
706 1200 179 41 höjningen
908 1202 75 32 blev
1007 1204 42 34 2/4
1072 1206 237 37 procentenhet
1333 1206 49 31 till
1407 1208 71 34 61/2
1491 1208 49 40 279.
1565 1208 194 32 Emissions-

270 1251 252 33 verksamheten
546 1255 162 38 stoppade
732 1254 156 42 tillfälligt
912 1268 68 28 upp
1005 1258 103 31 under
1131 1259 103 31 andra
1258 1259 127 32 hälften
1409 1272 42 20 av
1476 1262 181 38 december,
1681 1274 75 20 men

269 1310 71 27 mot
357 1306 101 32 slutet
475 1318 42 20 av
534 1307 165 32 månaden
716 1309 101 32 erhöll
834 1310 40 31 de
890 1310 379 34 bostadsfinansierande
1287 1313 175 33 instituten
1479 1315 149 33 tillstånd
1646 1322 52 27 att
1716 1317 39 40 gå

271 1363 37 27 ut
334 1360 75 30 med
437 1360 189 32 emissioner
651 1362 50 31 till
728 1374 39 19 en
794 1366 164 29 räntesats
986 1376 70 20 som
1082 1366 53 39 låg
1161 1367 42 34 3/+
1230 1369 237 36 procentenhet
1494 1370 98 39 högre
1619 1373 42 28 än
1689 1371 68 31 före

269 1412 344 43 diskontohöjningen.

309 1467 87 31 Från
416 1468 64 31 den
502 1472 37 28 15
561 1469 172 32 december
751 1471 123 32 skedde
895 1477 50 27 ett
964 1473 195 32 återinflöde
1179 1486 43 20 av
1243 1476 132 32 valutor
1394 1477 49 31 till
1464 1478 198 33 riksbanken
1684 1491 69 20 som

268 1520 84 32 fram
371 1521 50 31 till
439 1521 87 32 årets
546 1523 65 31 slut
630 1523 144 41 uppgick
793 1525 49 31 till
862 1529 61 28 388
942 1527 83 31 mkr.
1045 1526 87 33 Över
1150 1528 70 32 året
1240 1540 70 20 som
1329 1529 111 33 helhet
1459 1531 85 32 hade
1564 1532 189 41 därigenom

267 1574 62 31 den
361 1575 105 32 totala
499 1576 266 33 valutareserven
798 1578 146 33 minskat
975 1581 76 31 med
1083 1584 61 30 213
1176 1582 83 39 mkr;
1292 1582 215 34 riksbankens
1541 1586 94 31 andel
1668 1586 85 32 hade

267 1628 146 33 minskat
431 1630 76 31 med
530 1633 88 29 1005
639 1632 75 30 mkr
732 1632 61 31 och
814 1633 287 33 affärsbankernas
1121 1636 97 31 andel
1238 1637 92 40 stigit
1350 1639 76 30 med
1448 1643 59 27 792
1528 1640 83 31 mkr.

307 1682 133 32 Liksom
459 1684 104 31 under
580 1684 195 40 föregående
793 1686 37 31 år
847 1687 111 40 deltog
976 1688 132 40 Sverige
1126 1689 110 33 aktivt
1255 1690 10 31 i
1284 1691 56 32 det
1359 1691 262 34 internationella
1641 1706 110 19 mone-

265 1738 73 28 tära
364 1736 211 32 samarbetet.
602 1738 159 32 Intresset
787 1751 60 19 var
872 1740 82 32 först
981 1742 231 33 koncentrerat
1238 1744 43 38 på
1308 1744 236 35 utarbetandet
1570 1759 42 19 av
1639 1747 112 32 bered-

265 1789 220 40 skapsplanen
504 1790 51 32 för
572 1791 170 40 skapande
762 1804 42 20 av
825 1793 150 40 speciella
995 1795 280 41 dragningsrätter
1294 1797 88 32 inom
1404 1798 270 35 Internationella
1695 1813 56 20 va-

264 1843 204 32 lutafonden.
491 1844 336 40 Dragningsrätterna
850 1858 95 20 avser
967 1853 52 27 att
1041 1848 171 41 tillgodose
1235 1850 144 33 behovet
1403 1864 42 19 av
1468 1858 50 26 ett
1542 1854 208 39 supplement

263 1896 49 30 till
331 1897 203 32 existerande
552 1898 264 33 internationella
834 1901 292 40 reservtillgångar.
1145 1904 52 30 En
1215 1903 443 40 principöverenskommelse
1677 1909 72 30 här-

263 1961 54 20 om
340 1950 160 32 träffades
524 1951 56 32 vid
605 1953 254 32 valutafondens
883 1954 152 39 årsmöte,
1060 1956 60 31 och
1145 1961 49 27 ett
1219 1958 174 39 detaljerat
1418 1959 120 41 förslag
1561 1961 81 31 skall
1667 1962 81 31 före-

263 2003 84 40 ligga
364 2009 111 27 senast
492 2005 64 31 den
572 2009 38 28 31
628 2017 87 21 mars
735 2011 89 28 1968.

305 2059 346 34 Överenskommelsen
665 2064 119 31 mellan
800 2064 199 32 riksbanken
1014 2066 61 31 och
1090 2067 136 31 Federal
1241 2067 143 32 Reserve
1400 2070 96 30 Bank
1510 2070 35 31 of
1559 2071 82 31 New
1656 2071 92 31 York

262 2124 53 20 om
335 2114 193 41 ömsesidiga
549 2116 283 33 kreditfaciliteter
850 2118 60 31 har
928 2119 159 40 förlängts
1107 2120 60 32 och
1187 2122 161 31 utökades
1368 2122 11 31 i
1397 2123 179 32 november
1595 2124 72 31 från
1689 2128 57 28 100

261 2167 49 31 till
333 2171 59 28 200
414 2168 151 40 miljoner
586 2170 112 32 dollar.
720 2171 77 31 Den
818 2175 97 37 utgör
936 2184 41 19 en
999 2174 51 31 del
1072 2186 43 19 av
1138 2179 50 27 ett
1210 2180 123 34 system
1356 2188 42 19 av
1420 2176 155 32 liknande
1597 2189 149 28 arrange-

260 2232 100 29 mang
384 2233 70 20 som
480 2233 44 21 nu
550 2225 219 40 sammanlagt
795 2226 169 38 omfattar,
990 2227 144 32 förutom
1161 2228 135 32 Federal
1321 2229 143 32 Reserve
1491 2231 105 38 Bank,
1622 2231 124 39 fjorton

260 2276 252 31 centralbanker
532 2277 61 31 och
616 2277 270 34 Internationella
908 2280 307 41 regleringsbanken
1237 2283 61 31 och
1320 2284 100 31 totalt
1442 2296 95 20 avser
1558 2290 48 26 ett
1629 2286 119 39 belopp

260 2340 42 19 av
320 2333 17 26 7
351 2333 59 28 080
427 2330 151 39 miljoner
594 2332 112 32 dollar.
724 2331 348 34 Överenskommelsen
1088 2336 119 31 mellan
1225 2337 40 30 de
1282 2337 153 31 nordiska
1453 2339 294 32 centralbankerna

260 2393 53 20 om
332 2383 202 40 kortfristiga
554 2385 259 32 valutakrediter
832 2387 60 31 har
909 2388 99 31 också
1027 2388 179 40 utvidgats.

300 2439 131 41 Sverige
447 2440 61 32 har
524 2441 98 32 också
639 2442 85 39 tagit
741 2443 52 31 del
810 2443 10 31 i
837 2443 86 32 olika
940 2455 237 31 arrangemang
1193 2446 50 31 för
1260 2447 75 31 stöd
1353 2447 35 32 åt
1405 2449 137 38 pundet.
1560 2449 75 31 Den
1653 2452 90 29 över-

258 2493 236 32 enskommelse
515 2505 69 20 som
606 2495 123 40 ingicks
751 2496 10 30 i
781 2496 71 39 juni
875 2500 79 29 1966
975 2498 119 31 mellan
1116 2499 96 31 Bank
1233 2500 34 30 of
1288 2500 161 39 England,
1471 2501 53 32 nio
1546 2503 103 31 andra
1670 2513 73 21 cen-

257 2546 190 32 tralbanker
471 2553 85 26 samt
582 2549 270 32 Internationella
877 2551 305 39 regleringsbanken
1207 2553 184 39 förlängdes
1417 2555 103 30 under
1544 2555 80 32 året.
1650 2556 94 31 Efter
