1905 2827
484 189 302 32 Bankoutskottets
804 188 169 31 memorial
992 199 39 19 nr
1049 190 16 28 1
1088 186 35 31 år
1141 189 83 29 1968
1559 189 17 28 3

1583 190 17 28 [DA

114 274 58 30 sitt
192 273 142 30 innehav
353 283 42 20 av
415 272 120 30 kronor
554 271 10 30 i
582 270 198 31 riksbanken
800 269 50 31 för
869 280 40 19 en
928 268 167 31 finländsk
1114 266 159 40 dragning
1292 266 42 39 på
1354 266 123 31 fonden
1497 266 9 30 i
1527 276 69 27 sep-

114 326 127 32 tember
260 326 105 32 under
384 329 50 28 ett
453 324 240 40 standbyavtal
713 334 70 21 som
803 322 141 32 Finland
964 321 144 32 träffade
1127 321 76 31 med
1224 320 122 31 fonden
1367 319 10 32 i
1398 330 86 21 mars
1508 321 89 29 1967.

113 382 113 30 Andra
250 379 287 33 medlemsländers
561 377 278 40 återbetalningar
862 376 10 32 i
894 377 120 31 kronor
1037 375 49 32 till
1110 374 237 32 valutafonden
1371 373 61 32 har
1455 373 143 39 uppgått

114 435 49 31 till
189 438 89 34 190,6
303 434 83 37 mkr,
410 444 103 21 varav
540 435 89 35 155,2
653 432 75 31 mkr
751 430 102 40 avsåg
876 428 273 34 Storbritannien.
1174 428 139 31 Hälften
1338 439 42 20 av
1404 428 57 31 det
1484 437 114 21 senare

116 489 154 39 beloppet
287 488 168 32 användes
471 498 43 20 av
531 485 238 32 valutafonden
785 485 51 31 för
851 483 241 40 återbetalning
1108 494 43 20 av
1168 483 57 31 det
1241 482 55 31 lån
1313 493 69 20 som
1399 480 199 32 riksbanken

115 544 127 30 lämnat
266 541 239 32 valutafonden
529 540 105 31 under
659 538 233 33 GAB-avtalet
916 538 11 31 i
951 536 160 33 samband
1136 536 76 31 med
1237 536 64 31 den
1325 535 154 31 brittiska
1505 535 94 38 drag-

116 597 118 40 ningen
256 596 10 31 i
286 595 172 32 december
480 597 89 29 1964.
590 593 261 32 Valutafondens
872 590 373 41 krontillgodohavande
1266 589 11 31 i
1297 588 198 32 riksbanken
1516 599 83 28 upp-

117 650 72 40 gick
204 650 57 31 vid
277 650 86 30 årets
378 649 67 30 slut
460 648 49 31 till
526 650 89 34 537,9
631 647 83 36 mkr,
730 646 103 31 vilket
848 649 186 27 motsvarar
1049 647 70 34 46,2
1136 643 37 41 Yy
1190 654 42 20 av
1247 643 135 31 kvoten.

157 708 18 30 I
194 706 191 39 anslutning
404 705 49 33 till
473 703 252 40 devalveringen
744 714 42 20 av
807 703 56 31 det
882 701 155 32 brittiska
1057 700 127 39 pundet
1207 699 56 41 (jfr
1282 698 162 32 avsnittet
1464 698 135 31 Valuta-

117 760 204 33 marknaden
345 759 102 40 ovan)
473 757 164 39 beviljade
662 756 238 32 valutafonden
925 753 263 33 Storbritannien
1213 764 41 20 en
1277 751 255 39 standbykredit
1557 750 42 40 på

121 818 86 28 1400
230 813 80 40 milj.
333 813 112 31 dollar.
468 812 64 31 För
554 810 210 40 finansiering
785 821 43 20 av
851 808 196 40 dragningar
1069 808 104 31 under
1195 806 150 31 krediten
1366 805 84 31 skall
1473 804 128 32 valuta-

118 868 123 32 fonden
259 867 154 32 använda
432 869 59 28 475
510 864 80 40 milj.
609 864 104 31 dollar
730 874 42 21 av
791 863 58 31 sitt
868 861 142 32 innehav
1029 872 42 21 av
1090 860 86 32 olika
1195 860 131 31 valutor
1343 864 87 27 samt
1449 858 151 31 anskaffa

119 921 190 33 återstoden
326 931 117 29 genom
460 918 191 39 försäljning
667 929 43 20 av
727 917 76 40 guld
820 916 49 32 till
886 921 50 26 ett
952 915 120 39 belopp
1089 926 42 20 av
1147 917 60 28 400
1224 912 80 40 milj.
1322 913 103 31 dollar
1441 912 61 32 och
1519 922 82 29 upp-

119 975 111 39 låning
247 975 104 31 under
368 973 232 32 GAB-avtalet
617 972 49 31 till
683 976 51 27 ett
748 971 120 38 belopp
886 981 41 20 av
946 973 59 28 525
1022 967 81 39 milj.
1121 968 112 31 dollar.
1250 967 63 31 Vid
1331 965 271 39 delutnyttjande

121 1040 42 21 av
178 1028 150 32 krediten
342 1027 82 31 skall
439 1027 40 31 de
494 1031 49 27 tre
558 1024 373 40 finansieringsvägarna
945 1021 169 40 utnyttjas
1128 1032 60 28 pro
1202 1024 73 28 rata
1290 1024 104 35 parte.
1409 1019 47 31 På
1472 1018 130 40 Sverige

121 1083 92 31 faller
233 1087 50 26 ett
303 1081 120 39 belopp
445 1092 42 20 av
509 1083 39 28 43
569 1078 81 40 milj.
672 1078 103 32 dollar
796 1077 140 31 fördelat
958 1076 42 39 på
1023 1079 17 28 5
1062 1074 81 40 milj.
1165 1074 103 32 dollar
1290 1085 38 20 ur
1349 1073 253 31 valutafondens

122 1134 382 41 krontillgodohavande,
528 1137 39 28 13
587 1132 80 39 milj.
689 1132 103 31 dollar
812 1135 71 27 mot
905 1130 77 40 guld
1003 1129 61 31 och
1087 1132 38 28 25
1147 1127 81 39 milj.
1250 1127 104 32 dollar
1374 1127 104 31 under
1500 1126 103 31 GAB-

123 1190 135 32 avtalet.

163 1246 114 32 Under
297 1245 48 32 GA
353 1244 172 32 B-avtalet
538 1243 157 39 (General
708 1242 254 39 Arrangements
977 1245 34 26 to
1025 1239 148 39 Borrow)
1189 1238 59 32 har
1261 1236 241 40 återbetalning
1515 1236 88 31 skett

123 1312 42 20 av
186 1300 64 31 den
269 1298 181 40 upplåning
470 1308 42 21 av
532 1300 60 28 405
612 1295 80 40 milj.
712 1295 104 31 dollar
835 1305 70 20 som
926 1294 82 39 ägde
1028 1304 73 20 rum
1122 1292 10 31 i
1152 1291 172 32 december
1345 1294 79 28 1964
1445 1291 50 31 för
1515 1289 90 32 delfi-

124 1353 185 39 nansiering
323 1363 43 21 av
382 1363 40 20 en
436 1350 135 32 brittisk
587 1349 158 40 dragning
760 1348 43 40 på
819 1347 248 32 valutafonden.
1083 1346 17 31 I
1117 1345 171 32 december
1302 1345 60 31 har
1378 1344 228 32 överenskom-

124 1408 99 31 melse
239 1406 133 32 träffats
388 1405 121 31 mellan
525 1403 238 32 valutafonden
779 1402 61 31 och
856 1406 50 27 ett
923 1401 91 31 antal
1031 1399 229 37 GAB-länder,
1277 1397 172 33 däribland
1466 1396 141 40 Sverige,

125 1472 55 20 om
195 1460 54 32 Jån
266 1460 103 31 under
386 1458 233 32 GAB-avtalet
635 1456 50 32 för
700 1455 210 40 finansiering
926 1465 42 21 av
985 1453 197 40 dragningar
1197 1453 104 30 under
1316 1452 57 31 det
1389 1462 87 21 ovan
1492 1453 115 29 nämn-

126 1515 41 31 da
190 1513 275 39 standbyavtalet
486 1511 120 31 mellan
629 1509 238 32 valutafonden
889 1508 62 31 och
974 1505 273 34 Storbritannien.
1269 1506 102 31 Avtal
1393 1505 59 31 har
1475 1504 133 32 träffats

125 1568 120 31 mellan
267 1566 239 32 valutafonden
527 1564 61 32 och
610 1562 142 33 Schweiz
774 1573 54 21 om
850 1560 206 41 förlängning
1077 1571 42 20 av
1141 1559 152 32 Schweiz”
1316 1558 196 32 association
1533 1558 76 30 med

129 1621 232 32 GAB-avtalet
380 1625 24 26 t.
423 1630 29 21 o.
470 1630 43 20 m.
533 1622 38 28 23
590 1617 139 32 oktober
748 1619 90 34 1970,
856 1616 71 31 dvs.
946 1625 126 21 samma
1090 1613 160 39 tidpunkt
1268 1624 69 20 som
1357 1613 98 39 gäller
1473 1612 51 31 för
1541 1612 68 31 län-

129 1676 99 31 derna
247 1674 77 31 med
343 1673 75 32 fullt
437 1672 236 38 medlemskap.

172 1730 248 34 Världsbanken
442 1729 146 39 (IBRD)
610 1728 60 31 har
690 1727 104 31 under
815 1726 71 31 året
907 1725 50 31 för
978 1725 102 31 första
1103 1723 126 40 gången
1249 1722 124 32 beretts
1395 1721 145 32 tillträde
1562 1720 49 32 till

129 1786 64 30 den
216 1784 142 32 svenska
383 1781 341 41 kapitalmarknaden.
749 1780 76 31 Den
852 1782 38 28 16
915 1778 139 31 oktober
1081 1780 78 28 1967
1185 1776 210 31 emitterades
1420 1785 116 30 genom
1562 1778 50 27 ett

131 1838 135 32 svenskt
282 1835 297 34 bankkonsortium
596 1839 50 27 ett
662 1832 248 41 tjugofemårigt
927 1836 18 27 6
958 1831 38 41 9,
1013 1831 54 31 lån
1084 1830 43 40 på
1145 1834 38 28 75
1201 1829 82 32 mkr.

171 1891 147 40 Sveriges
338 1890 117 40 bidrag
475 1889 50 32 till
545 1887 272 33 Internationella
837 1884 332 40 utvecklingsfonden
1190 1884 113 39 (IDA)
1326 1883 60 32 har
1407 1883 104 31 under
1534 1885 79 28 1967

132 1945 143 40 uppgått
290 1944 50 32 till
356 1954 126 21 samma
497 1943 120 38 belopp
634 1952 70 20 som
721 1941 103 31 under
841 1943 79 28 1966
937 1939 71 31 dvs.
1025 1942 70 33 51,7
1111 1938 83 37 mkr,
1211 1948 102 20 varav
1330 1937 63 31 den
1410 1947 61 21 ena
1486 1935 127 32 hälften

132 1999 152 40 utgjorde
302 1998 80 31 sista
401 1996 246 39 inbetalningen
666 2006 42 20 av
728 1995 56 30 det
803 1992 161 33 ordinarie
982 1992 116 39 bidrag
1116 1992 76 30 med
1212 1994 17 28 5
1249 1990 81 39 milj.
1350 1990 102 31 dollar
1471 2001 54 20 om
1544 1989 71 32 året

133 2064 70 21 som
221 2050 294 34 överenskommits
532 2050 51 31 för
599 2049 78 31 åren
696 2050 173 35 1965—67,
887 2046 61 32 och
966 2047 64 30 den
1047 2046 103 31 andra
1168 2044 126 32 hälften
1313 2044 151 40 utgjorde
1482 2048 50 27 ett
1550 2046 64 29 sär-

134 2107 76 31 skilt
227 2105 136 32 svenskt
378 2104 125 39 bidrag.
519 2103 94 31 Båda
628 2102 163 38 beloppen
806 2101 60 31 har
882 2100 118 39 erlagts
1017 2099 10 31 i
1043 2099 83 31 form
1143 2110 42 19 av
1203 2096 319 33 skuldförbindelser.
1538 2096 77 32 Sve-

134 2161 81 39 riges
235 2158 247 38 sammanlagda
500 2156 116 40 bidrag
634 2156 50 31 till
702 2155 83 31 IDA
805 2154 141 39 uppgick
966 2153 56 31 vid
1043 2155 79 29 1967
1141 2152 51 30 års
1212 2151 124 40 utgång
1354 2151 49 31 till
1423 2154 91 34 275,3
1533 2151 84 35 mkr,

135 2225 101 20 varav
260 2216 90 34 129,8
372 2213 96 38 utgör
489 2209 160 33 ordinarie
670 2208 116 40 bidrag
807 2207 60 32 och
892 2210 88 34 145,5
1002 2206 74 31 mkr
1096 2205 159 32 särskilda
1276 2204 125 40 bidrag.
1423 2204 63 31 Till
1507 2203 111 32 IDA:s

135 2266 191 40 förfogande
348 2265 145 36 stående,
513 2266 89 28 ännu
622 2262 29 39 ej
674 2262 188 38 disponerat
882 2260 119 38 belopp
1022 2259 104 31 under
1146 2257 310 32 skuldförbindelser
1475 2256 144 40 uppgick

136 2321 56 31 vid
211 2323 86 28 årets
318 2320 66 30 slut
403 2318 50 31 till
473 2321 69 33 81,8
562 2317 83 30 mkr.

176 2378 65 30 För
260 2376 93 32 tiden
374 2375 82 31 efter
478 2377 80 28 1967
579 2372 168 40 föreligger
768 2372 73 38 inga
864 2370 187 40 åtaganden
1072 2368 73 32 från
1166 2367 331 32 medlemsländernas
1519 2366 70 32 sida
1611 2365 9 31 i

137 2431 90 40 fråga
246 2441 55 20 om
320 2429 110 32 IDA:s
450 2425 334 42 kapitalförsörjning,
803 2435 75 20 men
897 2422 269 40 överläggningar
1184 2421 60 31 har
1262 2421 118 39 pågått
1399 2420 104 31 under
1521 2420 70 32 året
1611 2420 9 30 i

136 2485 88 39 syfte
246 2489 51 26 att
319 2483 42 31 nå
382 2482 132 39 enighet
534 2492 54 20 om
610 2491 66 27 nya
698 2478 270 39 kapitaltillskott
990 2476 72 31 från
1084 2476 39 31 de
1146 2474 297 32 industrialiserade
1464 2474 157 30 länderna

139 2539 50 31 för
204 2543 51 27 att
271 2536 192 40 möjliggöra
478 2535 146 36 fortsatt,
640 2544 53 21 om
709 2532 129 40 möjligt
854 2531 96 37 ökad,
967 2529 149 39 utlåning
1131 2528 73 32 från
1219 2529 93 31 IDA.

141 2610 29 27 3"
185 2626 19 3 —
222 2610 101 31 Bihang
340 2609 39 25 till
394 2608 150 31 riksdagens
560 2606 130 31 protokoll
706 2607 73 23 1968.
805 2606 16 23 8
837 2603 72 26 saml.
935 2603 39 25 Nr
991 2606 12 22 1
