2212 2620
170 423 188 33 Vetenskaps-

186 459 164 25 akademien

172 494 55 24 den
247 495 33 24 17
299 502 59 24 sep.

163 529 110 24 tember
292 530 73 26 1890.

430 199 19 31 4
883 199 246 34 Statsutskottets
1159 200 164 33 Utlåtande
1347 201 60 34 N:o
1435 201 52 32 70.

387 277 255 37 kostnaderna
670 278 59 37 för
754 279 84 36 dess
858 279 303 48 genomförande
1181 279 225 50 förslagsvis
1426 280 200 48 beräknas,
1646 280 126 38 kunde
1793 282 186 49 styrelsen

386 329 85 37 icke
514 335 114 31 annat
668 335 49 31 än
757 331 59 36 för
852 331 57 36 sin
943 330 60 37 del
1031 331 13 36 i
1071 330 306 50 underdånighet
1405 332 191 50 tillstyrka
1624 333 135 49 nådigt
1787 334 109 37 bifall
1923 333 56 37 till

387 381 72 37 den
488 381 138 49 gjorda
655 383 342 48 framställningen.

517 433 73 37 Till
617 433 95 50 följd
740 435 41 36 af
805 434 117 50 nådig
949 434 136 37 remiss
1112 435 130 36 inkom
1263 436 456 50 vetenskapsakademien
1740 438 83 36 med
1844 438 136 37 under-

387 485 136 49 dånigt
563 485 193 38 utlåtande
784 486 13 36 i
825 487 135 48 frågan
999 487 42 36 af
1079 486 72 37 den
1189 489 44 33 17
1264 487 216 49 september
1511 491 109 45 1890,
1650 489 80 36 däri
1758 489 223 38 akademien

386 539 126 34 såsom
540 538 66 36 sitt
629 537 195 37 utlåtande
844 538 215 50 åberopade
1079 543 55 32 ett
1153 539 39 36 af
1209 538 88 37 dess
1317 539 242 50 sakkunniga
1577 541 211 37 ledamöter
1807 542 174 48 general-

386 588 219 38 direktören
646 590 135 48 grefve
822 590 42 36 R.
904 590 220 48 Cronstedt,
1152 590 245 50 professoren
1425 592 42 36 R.
1497 592 208 37 Rubenson
1734 593 71 37 och
1832 594 150 36 läraren

385 640 65 36 vid
485 640 242 38 Stockholms
760 642 187 49 högskola
981 642 42 38 O.
1060 642 222 37 Pettersson
1311 643 163 49 afgifvet
1501 644 191 49 yttrande,
1722 645 123 36 däruti
1874 646 109 36 desse

384 715 50 3 —
468 693 86 36 med
596 693 254 48 förklarande,
892 699 56 31 att
989 694 475 38 landtbruksakademiens
1504 696 478 50 förvaltningskommittés

384 744 280 37 ofvanberörda
704 745 287 50 framställning
1033 751 133 45 syntes
1208 746 85 37 dem
1329 747 79 37 afse
1449 747 188 50 fyllandet
1665 748 42 37 af
1730 754 56 31 ett
1813 749 168 49 verkligt

384 796 122 37 behof
531 797 70 36 och
629 810 90 23 vara
747 798 211 49 behörigen
988 799 210 36 motiverad
1223 812 140 35 genom
1392 800 65 36 det
1483 800 207 48 utlåtande,
1712 814 81 23 som
1813 801 11 36 i
1843 801 137 49 frågan

385 848 176 48 afgifvits
597 849 41 36 af
671 849 476 39 landtbruksakademiens
1176 850 223 37 mekaniska
1428 852 207 49 afdelning,
1664 852 120 48 hvari,
1815 853 165 37 förutom

386 899 74 37 den
489 900 198 49 praktiska
714 906 138 44 nyttan
881 902 41 36 af
937 902 296 50 ifrågavarande
1253 903 347 50 undersökningar,
1620 904 103 37 vissa
1742 906 239 49 synpunkter

383 965 82 23 som
499 952 64 36 vid
597 953 160 49 planens
785 954 250 37 utarbetande
1064 955 116 37 borde
1209 959 111 45 tagas
1348 954 12 36 i
1387 955 260 49 betraktande,
1676 957 215 49 påpekades
1918 980 62 26 —,

385 1004 130 37 vidare
545 1006 125 36 anfört
698 1005 177 49 följande.

515 1056 100 36 Från
644 1060 140 46 många
813 1057 88 48 håll,
931 1058 107 37 såväl
1066 1058 12 36 i
1106 1058 198 49 offentliga
1331 1058 223 38 utlåtanden
1584 1073 78 24 som
1694 1061 70 37 ock
1791 1061 12 35 i
1831 1062 151 49 tryckta

383 1108 159 37 arbeten
571 1108 40 36 af
635 1109 166 36 svenska
828 1109 235 50 ingenjörer,
1092 1110 233 47 framhölles,
1354 1110 180 37 hurusom
1564 1112 260 49 siffervärden,
1853 1114 130 36 hvilka

382 1159 66 36 vid
477 1159 259 50 beräkningar
765 1160 149 37 komme
943 1161 61 37 till
1032 1162 251 49 användning
1310 1162 13 36 i
1352 1163 110 48 fråga
1491 1176 60 23 om
1580 1164 302 50 sjöregleringar
1910 1166 71 37 och

383 1211 131 48 dylika
556 1212 168 47 arbeten,
766 1215 120 34 måste
928 1213 150 37 hämtas
1119 1227 46 22 ur
1205 1213 204 37 utländska
1451 1214 167 49 skrifter,
1647 1221 92 32 utan
1768 1222 56 31 att
1851 1220 130 47 någon

383 1263 178 37 säkerhet
603 1264 150 46 funnes,
798 1270 53 31 att
891 1265 45 36 de
965 1265 138 49 riktigt
1131 1266 200 48 återgåfve
1358 1266 289 38 förhållandena
1674 1268 11 36 i
1715 1273 89 32 vära
1831 1274 149 32 vatten-

384 1315 104 48 drag.
548 1315 51 37 På
627 1329 134 24 senare
790 1316 108 48 tider,
928 1317 48 36 då
1003 1317 199 50 praktiska
1228 1318 156 37 arbeten
1406 1319 40 35 af
1460 1318 293 50 ifrågavarande
1774 1321 82 48 slag
1876 1322 100 35 såväl

384 1367 57 36 till
489 1367 268 38 landtbrukets
805 1381 78 24 som
932 1369 234 37 industriens
1212 1369 68 37 och
1329 1370 444 38 kommunikationernas
1818 1373 161 37 fromma

382 1419 137 36 vunnit
560 1419 66 36 allt
666 1425 122 31 större
828 1421 280 48 utsträckning,
1150 1421 98 36 hade
1281 1434 46 24 en
1356 1427 120 32 större
1506 1423 180 37 säkerhet
1714 1423 12 36 i
1755 1424 223 38 metoderna

383 1471 71 36 och
482 1471 13 36 i
524 1471 45 36 de
605 1471 57 36 till
698 1472 128 48 grund
863 1472 59 37 för
954 1473 111 37 dessa
1094 1473 157 36 arbeten
1278 1473 183 49 liggande
1490 1474 247 38 siffervärden
1765 1476 129 37 blifvit
1922 1483 55 31 ett

388 1523 68 36 allt
498 1537 103 23 mera
642 1523 198 50 oafvisligt
880 1524 126 37 behof.
1063 1524 190 37 Hitintills
1290 1525 96 37 hade
1414 1526 12 35 i
1454 1529 83 33 vårt
1564 1527 88 36 land
1682 1528 134 37 endast
1843 1529 36 36 få
1908 1529 67 37 och

386 1575 255 49 otillräckliga
679 1575 291 50 hydrogratiska
1010 1576 155 38 arbeten
1199 1578 152 46 utförts,
1380 1592 61 22 om
1470 1591 88 24 man
1587 1579 177 50 bortsåge
1792 1581 84 36 från
1905 1581 72 37 den

382 1627 190 48 reguliära
613 1628 301 48 uppmätningen
952 1629 41 36 af
1019 1629 285 36 vattenståndet
1331 1629 12 36 i
1372 1632 119 47 några
1519 1636 122 31 större
1670 1631 155 50 insjöar,
1855 1635 123 35 såsom

382 1678 166 48 Vänern,
590 1679 233 49 Hjälmaren,
865 1680 166 37 Mälaren
1064 1695 46 21 m.
1140 1681 35 35 fl.
1233 1681 88 37 Med
1351 1682 196 49 undantag
1576 1684 40 35 af
1641 1686 120 47 några
1789 1685 59 36 för
1877 1685 102 36 vissa

381 1730 177 37 ändamål
598 1731 153 36 utförda
792 1731 288 50 bestämningar
1121 1733 40 35 af
1198 1732 74 37 den
1313 1734 230 36 utrinnande
1585 1736 338 49 vattenmängden,
1967 1737 10 36 i

382 1782 269 37 Eskilstunaån
679 1783 42 36 af
745 1782 142 50 kapten
914 1784 40 36 P.
985 1784 41 36 L.
1057 1784 159 47 Laurell,
1237 1784 12 36 i
1268 1784 241 50 Norrtäljeån
1532 1786 40 36 af
1583 1786 178 50 ingenjör
1777 1787 41 37 O.
1837 1789 140 49 Appel-

380 1832 108 51 berg,
517 1833 12 36 1
558 1834 99 37 Göta
686 1835 56 36 älf
767 1835 41 36 af
823 1835 166 37 öfverste
1009 1836 45 36 N.
1076 1836 158 37 Ericson
1254 1850 48 22 m.
1323 1837 49 48 fl.,
1388 1837 98 37 hade
1502 1838 128 49 dylika
1647 1839 331 50 undersökningar

380 1886 11 34 i
420 1899 105 24 mera
555 1886 155 36 allmänt
737 1888 100 47 syfte
866 1887 134 38 endast
1028 1887 126 37 blifvit
1173 1888 152 37 utförda
1344 1889 11 36 i
1374 1894 142 32 tvenne
1538 1891 41 35 af
1595 1900 87 27 våra
1702 1896 121 32 större
1843 1892 133 46 älfvar,

381 1938 196 49 nämligen
619 1938 92 36 Lule
741 1939 56 36 älf
830 1939 70 37 och
937 1939 236 48 Klarälfven,
1203 1940 235 38 beträffande
1471 1941 157 38 hvilken
1663 1943 234 37 sistnämnda
1925 1944 57 36 älf

379 1989 385 49 undersökningarna
793 1995 100 32 ännu
922 1992 206 49 fortginge.
1171 1992 16 35 I
1207 1993 277 49 sammanhang
1508 1994 87 36 med
1616 1995 284 37 observationer
1920 1997 58 36 för

379 2042 213 36 utrönande
620 2043 41 35 af
686 2041 211 50 skogarnas
925 2043 184 37 inverkan
1136 2046 49 47 på
1213 2044 171 38 klimatet
1408 2045 97 37 hade
1525 2046 195 50 nämligen
1741 2048 40 35 af
1792 2053 184 31 meteoro-

378 2093 151 47 logiska
569 2094 336 37 centralanstalten
937 2095 292 49 hydrografiska
1257 2096 285 38 observationer
1569 2098 178 37 inrättats
1775 2099 63 37 vid
1868 2100 109 36 dessa

380 2144 134 47 älfvar,
543 2145 129 37 hvilka
696 2145 286 38 observationer
1000 2147 127 36 blifvit
1145 2147 216 38 beräknade
1382 2149 41 36 af
1438 2149 177 49 ingenjör
1635 2151 221 49 Appelberg
1875 2151 70 36 och
1965 2151 11 35 i

379 2201 143 31 tvenne
552 2202 200 45 uppsatser
780 2197 149 38 införda
953 2198 11 36 i
990 2199 429 51 ingenjörföreningens
1447 2201 302 50 förhandlingar.
1793 2203 54 36 De
1876 2202 100 36 otill-

378 2247 175 48 räckliga
581 2249 134 48 medel,
746 2251 335 36 centralanstalten
1109 2251 82 37 haft
1218 2251 58 37 till
1304 2253 66 36 sitt
1389 2253 238 48 förfogande,
1648 2254 96 37 hade
1764 2253 212 37 emellertid

378 2299 118 49 gjort,
518 2303 55 32 att
596 2300 44 37 de
660 2301 291 48 hydrografiska
972 2302 380 49 undersökningarna
1368 2304 34 48 ej
1419 2304 147 37 kunnat
1580 2305 147 38 utföras
1742 2307 12 35 i
1770 2306 72 35 den
1858 2304 116 48 skala,
