2210 2628
718 201 251 33 Statsutskottets
999 202 168 34 Utlåtande
1190 205 57 31 N:o
1271 207 51 31 70.
1744 210 41 32 47

234 287 111 36 synes
386 275 81 50 mig
507 277 188 50 förslaget
736 292 62 24 om
840 285 55 32 att
936 281 188 49 styrelsen
1164 282 61 37 för
1263 282 173 38 tekniska
1464 284 214 49 högskolan
1706 287 122 37 skulle

232 331 74 44 äga
347 332 55 32 att
443 329 100 49 välja
583 343 47 24 en
671 330 168 38 ledamot
866 346 92 23 vara
999 334 111 37 värdt
1152 334 223 50 beaktande,
1418 349 88 24 men
1542 337 201 51 hänsynen
1771 340 58 36 till

232 383 54 31 att
327 379 141 37 erhålla
508 380 295 50 ifrågavarande
844 384 161 49 styrelse
1048 388 41 34 så
1130 386 136 50 fåtalig
1306 400 80 24 som
1427 389 153 49 möjligt
1607 391 97 37 talar
1732 391 97 38 dock

232 434 79 33 mot
355 431 103 37 detta
502 432 156 51 förslag.
727 427 34 44 Å
807 436 117 37 andra
969 436 108 38 sidan
1123 451 114 36 synes
1283 439 62 37 det
1391 440 81 49 mig
1511 454 92 24 vara
1645 455 47 24 en
1734 443 95 38 brist

231 481 12 36 i
284 481 73 38 den
403 484 41 36 af
486 486 230 48 styrelserna
760 487 219 49 föreslagna
1024 491 394 49 sammansättningen
1460 493 40 36 af
1537 493 291 50 ifrågavarande

231 534 159 49 styrelse
438 541 56 32 att
534 537 82 37 icke
658 538 73 37 den
772 540 225 49 geologiska
1037 542 260 50 vetenskapen
1339 544 149 37 erhållit
1529 548 129 46 någon
1700 560 128 37 repre-

231 591 154 32 sentant
420 587 12 36 i
469 588 230 39 densamma.
764 591 77 49 Jag
883 593 169 37 ansluter
1092 594 81 49 mig
1200 595 12 36 i
1241 595 104 37 detta
1387 596 67 36 fall
1494 597 237 51 fullkomligt
1770 600 58 36 till

230 639 469 40 vattenfallskommitténs
753 644 250 50 uppfattning
1057 645 143 49 därom,
1257 652 55 32 att
1361 648 134 37 chefen
1541 649 59 37 för
1646 649 181 52 Sveriges

230 690 226 50 geologiska
496 694 291 49 undersökning
827 695 69 37 bör
937 710 90 24 vara
1069 698 259 49 själfskrifven
1368 700 163 37 medlem
1572 701 12 36 i
1626 704 200 48 styrelsen,

231 742 70 37 och
341 744 104 36 detta
478 747 40 34 så
547 747 152 48 mycket
728 747 128 44 hellre,
886 761 82 23 som
991 749 44 49 ju
1063 750 66 36 vid
1158 750 106 37 bifall
1292 751 57 37 till
1378 752 99 37 hvad
1502 753 70 49 jag
1599 754 103 37 förut
1728 756 98 37 före-

230 794 116 49 slagit
373 808 47 24 en
450 796 124 50 viktig
601 798 61 37 del
691 798 40 37 af
756 799 73 37 den
857 799 291 50 hydrografiska
1175 803 339 50 undersökningen
1534 806 121 37 skulle
1675 807 149 38 komma

231 851 55 31 att
314 850 57 33 stå
397 848 123 37 under
546 849 96 37 hans
671 851 240 37 omedelbara
929 852 167 50 ledning.
1151 855 53 35 Af
1219 868 142 24 samma
1380 856 82 36 skäl
1482 870 112 36 synes
1614 858 80 50 mig
1713 860 110 37 äfven

230 898 286 38 föreståndaren
543 901 59 37 för
630 903 321 50 meteorologiska
980 906 337 38 centralanstalten
1341 907 92 38 böra
1454 922 89 24 vara
1562 910 263 49 själfskrifven

229 953 124 34 såsom
393 951 166 38 ledamot
586 953 13 36 i
627 954 75 37 den
742 955 292 49 hydrografiska
1074 957 141 50 byråns
1258 960 170 49 styrelse.
1484 960 140 38 Vidare
1656 962 76 38 kan
1754 964 72 49 jag

229 1002 84 37 icke
340 1002 131 50 undgå
499 1010 54 31 att
580 1005 104 37 finna
712 1006 64 37 det
804 1007 249 51 nödvändigt,
1083 1015 56 30 att
1167 1011 112 36 äfven
1304 1012 285 38 föreståndaren
1609 1014 60 37 för
1688 1016 138 48 själfva

229 1054 72 36 den
342 1055 292 50 hydrografiska
675 1058 121 49 byrån
838 1059 162 38 erhåller
1036 1066 81 32 säte
1154 1063 71 36 och
1253 1068 160 32 stämma
1440 1064 13 36 i
1480 1078 142 25 samma
1650 1068 173 49 styrelse.

228 1105 53 37 På
321 1106 143 38 honom
505 1108 172 39 kommer
716 1115 141 45 ytterst
890 1117 56 31 att
973 1112 105 38 hvila
1106 1120 178 32 ansvaret
1311 1116 70 48 för,
1412 1121 55 32 att
1494 1118 74 36 den
1595 1119 102 49 plan,
1727 1120 98 37 efter

227 1157 157 38 hvilken
426 1159 140 50 byråns
608 1162 156 37 arbeten
806 1164 106 36 skola
953 1164 139 50 fortgå,
1131 1166 140 37 blifver
1297 1169 229 47 genomförd
1553 1173 49 46 på
1631 1176 56 31 ett
1712 1173 113 48 prak-

228 1210 94 36 tiskt
362 1211 70 36 och
473 1213 215 37 ändamålet
728 1216 268 36 motsvarande
1037 1222 87 32 sätt.
1180 1218 87 37 Men
1304 1220 118 37 under
1450 1221 140 37 sådana
1617 1223 206 38 förhållan-

227 1261 75 37 den
342 1262 69 37 bör
451 1263 77 37 han
570 1266 71 36 ock
681 1280 93 23 vara
815 1267 217 50 berättigad
1075 1274 55 31 att
1167 1270 153 49 deltaga
1347 1272 13 35 i
1387 1272 302 39 bestämmandet
1717 1276 108 37 öfver

225 1313 141 50 planen
406 1315 70 37 och
518 1316 82 37 dela
642 1323 178 32 ansvaret
860 1319 60 37 för
955 1320 86 37 dess
1069 1320 273 40 beskaffenhet.
1400 1323 190 50 Slutligen
1620 1340 110 23 anser
1753 1328 72 49 jag

227 1366 81 49 mig
348 1366 92 37 böra
468 1368 211 49 framhålla,
711 1375 66 43 att,
807 1370 127 38 därest
962 1377 56 31 ett
1044 1372 104 38 inom
1177 1373 301 50 departementet
1505 1378 123 36 under
1654 1379 169 37 utarbet-

226 1417 96 50 ning
356 1419 165 37 varande
554 1420 146 50 förslag
728 1435 61 24 om
817 1422 236 38 tillsättande
1082 1425 41 36 af
1147 1438 48 24 en
1223 1426 162 38 särskild
1413 1434 143 32 statens
1585 1431 237 38 vattenfalls-

225 1469 189 50 ingenjör,
448 1484 80 24 som
562 1472 113 38 bland
705 1480 116 31 annat
849 1475 121 37 skulle
999 1476 116 37 hafva
1144 1482 55 32 att
1227 1479 301 51 omhändertaga
1556 1482 75 37 den
1659 1483 163 38 hufvud-

225 1521 148 49 sakliga
401 1523 276 39 förberedande
717 1526 258 50 utredningen
1018 1529 41 36 af
1096 1529 167 38 ärenden
1301 1532 160 37 rörande
1488 1529 333 59 tillgodogörande

225 1573 42 36 af
291 1579 142 32 statens
462 1577 212 48 vattenfall,
705 1578 122 37 skulle
851 1579 117 37 vinna
988 1579 119 49 bifall,
1129 1583 449 51 vattenfallsingenjören
1599 1600 112 36 synes
1731 1588 91 37 böra

224 1624 159 38 beredas
409 1627 101 49 plats
538 1628 12 36 i
578 1629 185 48 styrelsen
792 1631 60 36 för
880 1631 74 37 den
982 1632 294 50 hydrografiska
1297 1634 130 50 byrån.
1483 1637 135 49 Enligt
1637 1639 184 49 förslaget

225 1676 121 38 skulle
388 1679 114 36 äfven
542 1679 288 39 föreståndaren
865 1682 60 37 för
957 1683 74 36 den
1059 1685 494 51 nautisk-meteorologiska
1582 1690 121 49 byrån
1730 1705 91 23 vara

224 1728 259 49 själfskrifven
525 1731 166 37 ledamot
719 1733 41 36 af
784 1734 198 48 styrelsen.
1040 1735 73 37 Vid
1142 1736 64 37 det
1235 1737 230 50 utbrytande
1495 1741 39 35 af
1559 1741 46 36 de
1633 1743 188 37 maritima

222 1780 395 51 undersökningarna,
659 1797 81 23 som
778 1785 70 49 jag
889 1786 69 36 här
986 1786 102 37 förut
1115 1788 210 50 föreslagit,
1355 1791 107 37 torde
1491 1793 206 37 emellertid
1726 1795 94 37 hans

224 1831 328 49 själfskrifvenhet
594 1836 229 37 åtminstone
864 1837 77 37 tills
983 1839 129 37 vidare
1148 1840 82 37 icke
1258 1855 90 23 vara
1377 1843 42 36 af
1443 1845 377 49 omständigheterna

222 1883 195 49 betingad.
473 1885 16 37 I
518 1886 224 50 anslutning
770 1888 57 37 till
856 1889 100 37 hvad
979 1890 73 49 jag
1080 1892 158 37 sålunda
1266 1894 127 37 anfört
1419 1908 109 24 anser
1543 1896 70 49 jag
1633 1899 186 48 styrelsen

221 1935 209 50 lämpligen
459 1937 129 38 kunna
616 1945 294 33 sammansättas
940 1941 42 37 af
1005 1943 135 37 chefen
1168 1944 59 37 för
1253 1950 94 45 väg-
1375 1947 70 36 och
1465 1949 354 49 vattenbyggnads-

221 1988 202 48 styrelsen,
466 1992 123 34 såsom
631 1991 238 49 ordförande,
912 1999 98 31 samt
1052 1995 136 37 chefen
1229 1997 59 36 för
1328 1998 73 37 den
1429 2000 224 48 geologiska
1681 2002 137 37 under-

222 2039 227 48 sökningen,
501 2041 337 50 öfveringenjören
886 2044 11 36 i
937 2045 428 51 landtbruksstyrelsen,
1421 2051 287 38 föreståndaren
1759 2054 59 36 för

221 2092 317 47 meteorologiska
571 2094 335 37 centralanstalten
935 2096 70 36 och
1034 2097 289 39 föreståndaren
1351 2101 58 36 för
1436 2101 73 37 den
1528 2102 290 50 hydrografiska

221 2142 121 49 byrån
370 2143 195 37 äfvensom
595 2146 207 36 eventuellt
830 2148 462 51 vattenfallsingenjören,
1323 2154 123 35 såsom
1474 2153 218 38 ledamöter.
1744 2155 73 37 Vid

220 2206 47 24 en
309 2193 117 37 sådan
460 2197 347 48 sammansättning
836 2198 41 36 af
901 2200 188 48 styrelsen
1118 2201 134 48 skulle,
1282 2216 113 36 synes
1425 2204 64 36 det
1517 2205 91 48 mig,
1639 2207 104 36 såväl
1771 2208 46 36 de

218 2245 196 49 praktiska
456 2259 80 23 som
578 2247 46 37 de
666 2249 206 37 teoretiska
914 2250 211 39 intressena
1167 2253 116 37 blifva
1324 2255 228 49 företrädda,
1595 2260 48 47 på
1671 2272 144 24 samma
