2282 2743
574 181 39 30 34
957 177 416 34 Konstitutions-Utskoltets
1398 182 167 29 Memorial
1589 183 58 29 N:o
1671 184 28 28 7.

532 267 63 37 vid
637 267 73 38 den
750 267 68 46 tid,
861 268 46 36 då
948 269 158 37 skriften
1150 268 133 50 utgafs,
1325 270 31 48 ej
1400 269 97 37 hade
1525 269 72 38 fast
1625 270 135 38 bostad
1789 271 10 36 i
1827 271 99 37 riket
1954 272 69 37 och
2052 272 68 38 der

532 320 167 37 vistades
728 321 92 36 eller
847 320 81 37 icke
957 334 66 23 var
1051 322 10 35 i
1092 321 219 48 åtnjutande
1341 321 40 37 af
1404 322 193 49 personlig
1624 321 125 39 frihet.
2128 363 7 3 .

672 371 202 49 Utsprider
903 375 121 45 någon
1053 372 120 45 skrift,
1202 373 116 35 hvarå
1346 373 294 49 boktryckarens
1660 388 113 22 namn
1795 376 68 36 och
1881 376 237 49 trycknings-

532 429 108 32 orten
669 424 31 47 ej
732 431 63 28 äro
827 428 152 40 utsatta,
1008 437 88 23 vare
1125 424 11 36 i
1164 423 105 50 fråga
1297 437 60 23 om
1386 438 133 23 ansvar
1547 424 57 37 för
1632 426 207 37 innehållet
1871 430 123 33 såsom
2022 428 96 36 bok-

530 477 172 49 tryckare
744 475 154 43 ansedd,
939 475 126 37 derest
1106 476 31 48 ej
1180 476 147 48 styrkas
1356 476 85 45 kan,
1475 475 81 37 från
1591 477 144 37 hvilket
1762 479 167 49 tryckeri
1958 478 160 38 skriften

531 531 134 46 utgått.

1270 610 18 50 $
1318 615 55 36 16.

668 699 119 45 Brott,
815 712 79 23 som
923 711 137 37 genom
1088 698 126 50 tryckt
1241 698 108 37 skrift
1383 699 113 49 begås
1534 701 69 36 och
1637 700 57 38 för
1722 702 144 36 hvilket
1894 703 31 47 ej
1956 703 10 35 i
1996 702 123 37 denna

529 753 62 47 lag
618 751 177 37 särskildt
824 764 135 23 ansvar
986 751 117 35 finnes
1131 756 130 38 utsatt,
1289 751 198 36 bestraffas
1517 753 118 46 enligt
1663 754 138 34 allmän
1828 754 63 46 lag
1913 754 69 34 och
2002 754 115 35 varde

529 802 158 35 skriften
716 801 254 39 konfiskerad;
1000 800 95 35 dock
1111 805 55 30 att
1186 801 312 44 konfiskationen,
1515 805 38 32 så
1570 802 82 36 vidt
1668 803 147 48 möjligt
1829 810 51 37 är,
1897 803 222 37 inskränkes

529 853 58 37 till
616 852 74 37 den
718 852 92 37 eller
838 851 46 37 de
915 851 104 37 delar
1047 849 40 38 af
1109 851 169 45 skriften,
1309 852 126 36 hvilka
1463 852 191 38 befunnits
1676 853 38 37 af
1725 855 194 47 brottsligt
1939 855 178 36 innehåll.

528 903 166 37 Sålunda
721 904 57 35 till
806 903 255 36 konfiskation
1090 902 114 36 dömd
1233 902 107 36 skrift
1369 904 91 35 eller
1489 904 60 36 del
1579 905 108 36 deraf
1710 908 60 32 må
1800 906 80 35 icke
1902 906 128 36 vidare
2046 905 72 37 för-

529 956 112 47 säljas
683 955 91 36 eller
807 953 201 49 utspridas,
1044 954 31 47 ej
1108 953 117 36 heller
1254 956 59 33 må
1340 954 100 36 hvad
1468 968 79 23 som
1576 955 191 37 befunnits
1797 957 194 47 brottsligt
2020 961 97 44 ånyo

529 1006 39 36 af
591 1006 150 49 trycket
769 1005 173 49 utgifvas.
997 1004 102 36 Hvar
1126 1018 80 22 som
1227 1005 170 36 häremot
1416 1006 132 48 bryter
1567 1020 99 31 vare,
1688 1007 47 36 då
1757 1007 72 36 han
1851 1021 59 22 om
1931 1008 187 36 konfiska-

527 1059 131 35 tionen
687 1063 62 43 egt
777 1059 91 35 eller
896 1057 87 35 bort
1012 1069 67 35 ega
1108 1056 183 48 kunskap,
1319 1055 173 38 förfallen
1521 1059 57 34 till
1608 1072 133 23 ansvar
1763 1058 96 37 efter
1880 1072 142 23 samma
2037 1060 80 48 lag-

527 1122 97 32 rum,
653 1110 117 47 enligt
799 1109 143 36 hvilket
969 1106 108 38 straff
1102 1106 57 37 för
1188 1107 63 37 det
1279 1121 135 33 genom
1443 1108 156 38 skriften
1629 1110 197 48 begångna
1849 1111 146 35 brottet
2015 1110 102 37 förut

528 1160 126 37 blifvit
683 1160 164 36 ådömdt.

1273 1260 17 48 $
1322 1264 55 33 17.

673 1345 346 39 Justitie-kanslern
1061 1349 121 47 åligge
1217 1354 53 30 att
1304 1347 88 48 sjelf
1415 1349 91 35 eller
1533 1361 135 35 genom
1698 1348 154 44 ombud,
1881 1362 80 22 som
1990 1349 40 37 af
2053 1350 66 35 ho-

528 1411 84 23 nom
642 1398 210 46 förordnas,
880 1399 96 37 vaka
1003 1398 105 37 öfver
1136 1400 122 36 denna
1285 1400 79 47 lags
1394 1398 235 38 efterlefnad.

1273 1502 18 45 8
1321 1503 54 34 18.

661 1586 137 37 Finner
828 1586 350 37 Justitie-kanslern
1217 1585 225 48 förbrytelse
1477 1592 78 30 mot
1584 1586 123 37 denna
1734 1587 62 48 lag
1814 1600 88 22 vara
1921 1587 196 48 begången

529 1637 39 37 af
591 1637 261 37 beskaffenhet
881 1644 54 29 att
963 1638 71 35 den
1064 1637 39 36 af
1127 1638 137 35 allmän
1293 1637 172 48 åklagare
1494 1637 68 36 bör
1591 1637 150 45 beifras,
1770 1650 66 35 ege
1865 1638 72 35 han
1966 1638 152 48 vidtaga

530 1688 132 49 åtgärd
690 1689 58 36 till
777 1689 132 36 målets
939 1688 200 37 utförande
1168 1688 64 36 vid
1259 1689 85 46 laga
1373 1689 173 36 domstol.

1272 1788 17 49 $
1321 1793 55 34 19.

661 1859 93 52 Åtal
780 1873 57 38 för
865 1877 124 48 tryckt
1016 1875 126 37 skrifts
1170 1876 165 37 innehåll
1363 1881 60 33 må
1451 1878 31 47 ej
1513 1876 39 37 af
1576 1877 136 36 allmän
1733 1877 174 48 åklagare
1928 1878 189 44 anställas,

529 1927 116 36 sedan
686 1940 67 23 sex
794 1928 179 36 månader
1005 1927 161 37 förflutit
1193 1927 81 37 från
1304 1929 71 36 den
1404 1929 55 36 tid
1487 1928 169 44 skriften,
1686 1929 146 46 jemlikt
1859 1926 18 49 $
1908 1931 56 43 13,
1993 1928 124 37 blifvit

528 1979 56 36 till
612 1978 351 37 Justitie-kanslern
992 1980 90 35 eller
1110 1979 91 37 hans
1231 1980 142 36 ombud
1401 1979 203 37 inlemnad.

1273 2079 18 49 $
1321 2084 57 35 20.

660 2167 118 35 Anses
807 2167 124 49 tryckt
958 2167 108 36 skrift
1093 2167 91 38 böra
1210 2168 59 36 till
1298 2169 74 35 åtal
1401 2167 40 37 af
1464 2167 137 37 allmän
1630 2167 172 48 åklagare
1822 2164 205 48 föranleda,
2048 2180 67 36 ege

526 2214 346 40 Justitie-kanslern
914 2219 91 36 eller
1046 2219 92 36 hans
1179 2219 141 37 ombud
1362 2225 66 39 att,
1464 2220 125 36 derest
1622 2222 40 33 så
1691 2218 148 48 pröfvas
1869 2218 142 48 nödigt,
2039 2220 77 35 låta

527 2270 161 47 belägga
714 2268 157 38 skriften
902 2269 84 37 med
1016 2271 186 49 qvarstad.
