1918 2834
582 160 248 26 Statsutskottets
852 159 159 27 utlåtande
1032 158 43 27 Nr
1099 158 63 26 176.
1603 156 17 28 5

168 244 29 28 4.
223 243 49 29 Av
298 243 41 29 de
363 246 48 26 tre
437 241 201 30 nuvarande
663 240 260 39 professurerna
947 239 10 29 i
983 239 41 29 de
1047 236 269 40 privaträttsliga
1340 237 149 29 ämnena
1512 253 44 3 —
1580 242 41 21 en

126 296 7 28 i
157 296 158 34 civilrätt,
339 296 78 29 med
439 294 279 37 undervisnings-
742 293 64 29 och
829 290 452 39 examinationsskyldighet
1305 290 8 28 i
1336 288 286 39 obligationsrätt,

126 352 89 27 samt
235 349 157 30 romersk
413 349 77 34 rätt,
512 357 42 20 en
576 347 9 29 i
608 346 156 34 civilrätt,
786 346 79 29 med
886 344 280 37 undervisnings-
1189 344 65 29 och
1276 341 346 38 examinationsskyl-

126 402 116 39 dighet
262 402 10 29 i
295 401 203 39 familjerätt
519 401 65 29 och
609 400 139 34 sakrätt,
772 402 88 26 samt
882 397 256 31 internationell
1160 397 181 39 privaträtt
1363 396 164 29 ävensom
1550 404 41 20 en
1613 393 10 30 i

127 455 117 39 speiell
271 455 181 39 privaträtt
480 473 44 2 —
552 453 97 30 skola
679 452 54 31 två
762 452 185 30 framdeles
975 452 192 29 benämnas
1196 449 212 40 professurer
1437 448 10 29 i
1476 448 148 30 civilrätt

126 509 63 29 och
210 518 42 20 en
272 509 176 38 professur
467 508 10 29 i
497 507 147 30 civilrätt
664 506 77 30 med
761 505 256 30 internationell
1036 504 190 39 privaträtt.
1259 502 247 39 Anordningen
1526 510 97 21 avser

126 565 47 27 att
197 562 58 29 vid
279 562 112 30 behov
414 561 204 38 möjliggöra
643 570 41 19 en
707 559 133 30 ändrad
863 557 319 38 ämnesfördelning
1207 557 127 29 mellan
1358 554 265 40 ifrågavarande

125 615 223 38 professurer.

169 668 64 31 Det
252 669 63 30 har
337 668 189 30 emellertid
546 667 76 30 icke
641 669 128 27 ansetts
790 665 157 39 lämpligt
967 667 50 28 att
1036 665 10 29 i
1067 664 66 31 full
1152 663 240 38 utsträckning
1413 672 48 21 nu
1482 670 137 31 genom-

125 722 75 30 föra
227 722 67 30 den
319 722 197 38 föreslagna
542 720 239 38 anordningen
808 719 58 30 vid
892 718 152 40 Uppsala
1070 717 210 30 universitet.
1319 716 73 30 Den
1418 715 203 31 nuvarande

124 774 236 31 innehavaren
376 784 42 20 av
435 774 221 39 professuren
672 773 10 29 i
701 772 156 36 civilrätt,
875 772 80 30 med
972 771 280 38 undervisnings-
1270 770 65 30 och
1353 768 266 32 examinations-

126 828 195 39 skyldighet
350 828 10 30 i
388 827 287 39 obligationsrätt,
706 829 89 27 samt
822 825 156 31 romersk
1006 826 68 29 rätt
1102 825 65 29 har
1197 823 147 31 sålunda
1372 822 169 31 förklarat
1571 821 50 39 sig

126 882 74 30 icke
232 881 94 39 villig
358 881 101 39 åtaga
492 881 50 38 sig
576 880 133 30 ändrad
742 878 281 39 undervisnings-
1056 878 65 30 och
1155 875 465 39 examinationsskyldighet;

125 935 113 30 denna
258 934 178 40 professur
455 933 145 31 föreslås
619 952 44 2 —
682 933 78 30 med
782 942 42 21 en
843 932 182 30 förkortad
1044 931 213 38 benämning
1275 948 44 3 —
1339 930 47 30 bli
1405 929 118 30 kallad
1544 938 77 29 pro-

124 988 113 37 fessur
252 990 10 28 i
278 988 147 30 civilrätt
440 988 79 29 med
535 987 156 30 romersk
706 988 76 28 rätt.
812 986 74 30 Den
903 985 202 31 nuvarande
1121 985 65 30 och
1204 984 54 30 för
1275 983 217 30 närvarande
1508 982 113 38 lediga

125 1041 222 39 professuren
378 1041 10 30 i
419 1040 158 35 civilrätt,
610 1040 79 30 med
719 1038 280 40 undervisnings-
1032 1039 65 29 och
1129 1036 452 39 examinationsskyldighet
1611 1035 10 29 i

126 1096 131 29 sakrätt
285 1095 66 30 och
382 1094 211 38 familjerätt,
625 1096 88 27 samt
742 1092 257 30 internationell
1027 1091 183 40 privaträtt
1239 1089 144 32 föreslås
1413 1089 36 30 få
1479 1089 141 30 benäm-

124 1146 128 40 ningen
274 1147 134 30 ändrad
428 1146 51 31 till
499 1146 178 39 professur
698 1148 10 28 i
729 1145 147 31 civilrätt
897 1145 79 31 med
998 1144 256 31 internationell
1272 1144 191 38 privaträtt.
1486 1142 134 30 Profes-

125 1210 102 20 suren
246 1201 10 29 i
276 1200 138 39 speciell
433 1200 182 39 privaträtt
634 1199 168 39 slutligen,
825 1208 78 21 vars
922 1198 211 31 innehavare
1153 1196 75 31 icke
1248 1200 142 27 motsatt
1410 1196 50 39 sig
1480 1195 140 31 föränd-

125 1254 129 39 ringen,
274 1253 144 31 föreslås
436 1254 177 30 benämnd
629 1253 176 39 professur
825 1254 10 29 i
852 1252 157 30 civilrätt.

170 1310 29 30 5.
236 1309 124 39 Kungl.
386 1308 100 39 Maj:t
509 1306 145 32 föreslår
677 1307 127 34 vidare,
829 1309 49 27 att
901 1305 80 31 från
1006 1306 66 29 och
1095 1305 79 30 med
1197 1305 99 29 nästa
1320 1302 169 40 budgetår
1511 1303 110 30 under

127 1363 295 38 avlöningsstaten
441 1362 56 29 vid
518 1361 150 39 Uppsala
688 1359 199 30 universitet
907 1359 73 30 åter
1000 1361 169 36 upptagas
1189 1357 111 31 medel
1318 1357 55 36 för
1391 1357 66 29 den
1477 1356 147 30 vakans-

127 1419 89 27 satta
238 1415 222 39 professuren
484 1418 9 28 i
517 1414 141 36 filosofi.
695 1414 177 37 Förslaget
894 1412 155 35 innebär,
1075 1415 48 26 att
1149 1412 122 37 Kungl.
1298 1410 98 38 Maj:t
1421 1409 133 30 avvisat
1578 1411 46 27 ett

127 1479 41 20 av
194 1467 453 39 universitetsberedningen
674 1467 162 37 framlagt
862 1465 131 38 förslag
1019 1474 57 21 om
1104 1463 320 39 sammanslagning
1449 1462 58 30 vid
1532 1461 91 30 båda

127 1521 244 31 universiteten
399 1530 41 21 av
467 1521 42 29 de
537 1520 90 30 båda
654 1519 260 40 professurerna
941 1518 10 29 i
978 1517 157 40 praktisk
1163 1517 64 30 och
1256 1516 160 30 teoretisk
1443 1515 142 34 filosofi,
1613 1514 11 29 i

128 1575 152 39 Uppsala
298 1574 92 31 båda
407 1574 199 30 benämnda
624 1574 212 38 professurer
856 1572 9 29 i
885 1571 141 31 filosofi.
1059 1569 477 38 Universitetsberedningens
1555 1568 68 29 för-

129 1629 71 38 slag
220 1628 66 30 har
307 1628 173 38 avstyrkts
502 1637 42 20 av
567 1627 9 29 i
599 1626 141 30 ärendet
760 1625 110 30 hörda
893 1623 470 38 universitetsmyndigheter.

170 1684 29 29 6.
234 1681 167 40 Slutligen
421 1679 144 32 föreslås
587 1689 42 21 av
651 1679 123 39 Kungl.
796 1678 101 39 Maj:t
918 1678 92 30 vissa
1030 1677 189 39 ändringar
1239 1686 42 21 av
1301 1675 320 39 anmärkningarna

130 1738 26 33 1,
177 1738 18 29 2
215 1736 66 30 och
288 1725 20 51 4
338 1735 52 30 till
410 1734 295 38 avlöningsstaten
724 1733 55 30 för
797 1731 214 40 professorer
1029 1741 45 20 m.
1096 1730 48 36 fl.,
1164 1729 456 31 matematisk-naturveten-

128 1789 156 39 skapliga
309 1788 188 31 sektionen.
530 1783 243 42 Ändringarna
796 1795 43 20 av
863 1784 322 39 anmärkningarna
1213 1785 14 28 1
1253 1783 66 30 och
1343 1784 18 29 2
1387 1783 59 30 äro
1472 1792 43 21 en
1538 1782 83 31 kon-

127 1843 145 29 sekvens
289 1851 43 21 av
350 1842 56 30 det
422 1851 43 21 av
486 1841 81 30 1937
588 1839 55 31 års
661 1839 140 38 riksdag
818 1838 133 31 fattade
967 1838 148 30 beslutet
1132 1847 58 21 om
1210 1836 133 31 ändrad
1360 1835 261 31 ämnesomfatt-

129 1895 82 39 ning
237 1905 45 20 m.
310 1905 45 20 m.
383 1894 55 30 för
463 1893 91 31 vissa
581 1891 370 40 botanikprofessurer,
978 1890 106 30 vilket
1109 1891 114 29 beslut
1249 1890 88 29 skall
1365 1889 99 30 träda
1491 1889 11 29 i
1528 1888 94 30 kraft

127 1948 66 29 den
218 1949 13 28 1
255 1947 63 39 juli
342 1947 93 30 1938.
471 1946 74 30 Den
568 1945 195 39 föreslagna
785 1944 192 38 ändringen
999 1953 44 20 av
1063 1942 278 39 anmärkningen
1363 1951 41 20 nr
1425 1943 19 28 4
1466 1941 155 34 innebär,

128 2004 48 27 att
200 2001 56 30 det
279 2000 134 39 belopp,
438 1999 142 30 varmed
606 1998 192 39 Kempeska
823 1996 319 31 donationsfonden
1166 1996 88 30 skall
1277 1995 143 39 bidraga
1443 1995 52 30 till
1519 1995 102 29 lönen

127 2055 35 29 åt
183 2053 200 39 professorn
407 2053 9 29 i
438 2051 220 39 växtbiologi,
681 2050 44 40 på
748 2051 111 38 grund
883 2059 42 21 av
949 2049 163 31 minskad
1135 2048 307 39 ränteavkastning
1466 2048 156 30 minskas

128 2106 77 30 från
229 2107 97 29 7500
348 2106 128 30 kronor
500 2105 49 30 till
566 2095 26 40 6
606 2105 63 30 500
690 2105 138 29 kronor.

719 2278 99 25 Lunds
841 2277 190 25 universitet.

175 2373 25 27 1.
236 2372 10 28 I
270 2371 107 29 likhet
399 2371 78 29 med
499 2371 65 28 vad
587 2379 73 20 som
683 2368 192 38 föreslagits
896 2367 221 31 beträffande
1139 2367 152 38 Uppsala
1313 2366 199 30 universitet
1534 2366 87 29 före-

130 2424 67 29 slås
226 2424 133 29 ändrad
387 2422 212 38 benämning
627 2432 41 19 av
697 2422 41 29 de
768 2425 48 26 tre
844 2420 269 39 privaträttsliga
1142 2420 260 38 professurerna
1432 2419 95 30 inom
1556 2419 65 29 den

128 2476 168 38 juridiska
317 2476 200 34 fakulteten,
538 2476 41 29 de
599 2474 55 30 två
675 2475 105 29 redan
800 2474 178 37 befintliga
999 2473 260 39 professurerna
1280 2472 9 29 i
1310 2472 156 35 civilrätt,
1487 2472 134 38 respek-
