2224 2650
646 209 359 42 Bevillningsutskoltets
1029 210 212 33 Betänkande
1264 210 61 34 N:o
1348 213 28 30 5.
1747 214 17 31 7

217 287 134 48 åtgärd
392 287 76 37 kan
504 287 184 39 innebära
716 293 128 46 någon
873 289 202 49 synnerlig
1103 289 82 37 fara
1213 290 58 37 för
1299 293 67 34 vår
1395 297 136 43 export
1558 292 57 36 till
1644 292 166 38 nämnda

217 339 98 37 land.
370 339 132 49 Enligt
530 340 101 38 hvad
662 342 187 37 utskottet
876 341 199 48 inhemtat,
1104 342 80 36 lära
1214 342 191 49 nemligen
1434 343 91 37 aftal
1552 345 164 37 rörande
1743 358 66 24 ex-

217 398 83 42 port
341 391 44 37 af
420 397 59 32 trä
521 393 70 36 och
627 393 87 49 jern
755 393 58 37 till
856 393 210 38 Frankrike
1107 400 141 43 ytterst
1284 394 121 38 sällan
1434 409 60 23 om
1524 409 68 24 ens
1621 397 188 49 någonsin

216 442 159 38 afslutas
403 457 141 36 genom
574 445 341 46 handelsresande;
945 452 91 30 utan
1065 446 89 37 sker
1183 446 105 37 detta
1316 447 185 49 antingen
1520 461 141 36 genom
1682 450 127 36 korre-

216 495 194 48 spondens
452 496 138 38 mellan
633 503 229 43 exportören
905 498 71 36 och
1019 498 203 36 affärsmän
1260 498 12 36 i
1301 498 391 51 afsättningsorterna
1719 501 91 37 eller

217 547 63 36 vid
321 548 222 49 personliga
585 549 118 37 besök
747 550 12 35 i
800 550 112 36 dessa
953 555 101 31 orter
1095 550 42 36 af
1162 555 231 44 exportören
1421 551 92 37 eller
1541 552 144 37 sådana
1713 553 96 37 hans

216 598 150 49 ombud,
412 613 80 23 som
535 601 34 48 ej
613 601 131 37 kunna
772 601 88 37 falla
889 601 121 37 under
1037 601 182 37 rubriken
1248 602 336 39 handelsresande.
1639 605 76 36 För
1743 608 67 34 vår

215 651 122 49 öfriga
370 658 137 43 export
534 653 58 36 till
619 653 211 37 Frankrike
859 653 107 37 torde
995 654 31 48 ej
1057 653 119 37 heller
1205 657 116 46 något
1349 660 123 32 större
1500 656 103 37 antal
1632 657 178 37 handels-

214 703 160 37 resande
403 705 230 36 användas.»

345 755 129 38 Under
501 757 240 49 åberopande
770 757 135 48 tillika,
936 763 55 31 att
1019 757 267 38 erfarenheten
1302 758 110 49 visat,
1430 764 55 32 att
1499 759 74 37 den
1590 760 217 38 dåvarande

215 807 192 37 storleken
449 808 41 36 af
526 808 291 50 ifrågavarande
845 809 115 48 afgift
987 808 209 50 ingalunda
1225 810 143 37 afhölle
1397 810 205 39 utländska
1630 813 178 37 handels-

214 859 161 36 resande
404 859 82 37 från
516 867 54 30 att
597 862 12 35 1
639 867 96 30 stort
763 861 102 36 antal
895 861 143 37 besöka
1066 864 85 35 vårt
1169 861 102 48 land,
1292 865 144 47 ansåge
1456 863 190 38 utskottet
1662 878 145 24 samma

214 911 110 49 afgift
365 912 231 37 åtminstone
637 913 85 36 icke
763 914 91 36 böra
889 913 216 45 nedsättas;
1140 913 73 37 och
1241 914 82 36 blef
1347 915 210 37 utskottets
1586 916 219 50 tillstyrkan

215 976 59 23 om
304 963 184 47 afgiftens
516 964 267 37 bibehållande
812 965 41 36 af
876 965 98 36 båda
1004 965 201 37 kamrarne
1235 965 168 39 bifallen.

342 1015 148 38 Genom
532 1016 243 50 Riksdagens
816 1020 41 33 år
896 1019 96 35 1889
1022 1017 145 37 fattade
1196 1017 125 38 beslut
1348 1019 136 48 höjdes
1512 1019 294 51 ifrågavarande

214 1066 111 49 afgift
367 1067 58 36 till
454 1068 67 36 sitt
550 1069 219 36 nuvarande
798 1068 152 50 belopp,
980 1069 70 37 och
1078 1069 121 37 erhöll
1229 1069 251 39 förevarande
1504 1073 215 50 stadgande
1747 1074 59 36 sin

215 1118 113 37 ofvan
357 1120 157 49 intagna
543 1120 158 49 lydelse.

342 1171 75 37 Vid
447 1172 181 37 nästlidet
665 1176 60 33 års
754 1172 157 50 lagtima
935 1172 159 50 riksdag
1114 1173 156 37 väcktes
1291 1174 106 37 inom
1418 1176 137 37 Första
1575 1177 231 37 Kammaren

214 1223 41 37 af
290 1223 88 37 herr
406 1224 47 37 H.
484 1223 144 38 Cavalli
656 1225 12 36 i
697 1225 250 36 förevarande
976 1229 111 32 ämne
1118 1230 55 31 ett
1201 1225 158 49 förslag,
1390 1227 85 37 med
1503 1228 147 37 hvilket
1678 1229 63 37 det
1768 1230 43 36 af

217 1275 129 36 herrar
388 1274 120 50 Sjölin
550 1276 70 37 och
660 1276 65 49 Sjö
765 1290 49 23 nu
845 1276 210 49 framlagda
1083 1281 42 31 är
1152 1276 78 37 lika
1257 1277 178 48 lydande.
1490 1279 17 37 1
1536 1280 67 37 sitt
1630 1281 176 37 deröfver

215 1327 144 47 afgifoa
401 1327 241 37 betänkande
684 1329 68 35 har
796 1330 95 35 1892
935 1331 59 33 års
1037 1328 394 50 bevillningsutskott,
1473 1331 96 37 efter
1605 1338 55 31 att
1693 1333 113 37 hafva

215 1379 153 47 erimrat,
399 1379 180 37 hurusom
610 1380 10 35 i
652 1379 284 37 konventionen
966 1379 41 36 af
1030 1380 72 36 den
1135 1382 45 35 13
1204 1381 149 48 januari
1392 1385 95 34 1892
1517 1397 60 23 om
1593 1384 123 37 delvis
1731 1385 74 36 för-

215 1430 189 49 längning
445 1431 42 36 af
524 1429 277 39 ofvanberörda
842 1431 307 37 handelstraktat
1187 1432 334 40 bestämmelserna
1562 1436 13 36 i
1616 1442 69 31 art.
1719 1437 85 36 17
1782 1425 27 60 i

215 1495 143 23 samma
387 1483 144 37 traktat
558 1483 205 37 förklarats
791 1483 108 37 skola
929 1483 253 37 oförändrade
1211 1484 76 37 tills
1331 1485 130 38 vidare
1489 1501 92 23 vara
1612 1488 191 49 gällande,

215 1534 135 48 anfört,
394 1541 56 30 att
491 1536 187 36 utskottet
708 1536 83 36 med
820 1535 181 37 afseende
1030 1535 90 37 derå
1148 1541 56 32 att
1232 1536 201 51 hänsynen
1462 1540 183 37 särskildt
1673 1541 56 36 till
1757 1541 47 37 de

214 1586 179 37 förenade
435 1587 152 37 rikenas
630 1587 234 37 förhållande
906 1587 54 36 till
992 1587 212 37 Frankrike
1233 1588 189 39 föranledt
1451 1591 138 50 Kongl.
1615 1592 106 49 Maj:t
1749 1598 54 32 att

214 1637 64 37 vid
318 1638 104 36 olika
463 1638 173 38 tillfällen
680 1640 94 36 söka
801 1639 264 37 åstadkomma
1094 1652 47 24 en
1167 1639 251 52 nedsättning
1446 1643 41 36 af
1509 1644 294 49 ifrågavarande

213 1689 360 50 bevillningsafgift,
603 1704 94 34 som,
727 1695 42 33 så
797 1691 82 36 vidt
908 1691 188 36 utskottet
1124 1691 98 37 hade
1250 1692 62 48 sig
1342 1693 151 49 bekant,
1519 1696 170 36 saknade
1710 1702 94 31 mot-

213 1742 132 47 stycke
374 1742 12 35 1
416 1742 46 36 de
490 1743 107 36 flesta
630 1743 124 48 öfriga
782 1743 144 46 länder,
955 1742 83 36 icke
1068 1742 117 37 funne
1214 1744 143 47 skäligt
1386 1751 56 30 att
1469 1747 227 49 ytterligare
1717 1748 86 49 höja

212 1792 291 49 ifrågavarande
544 1794 123 48 afgift,
709 1796 11 34 1
761 1794 211 49 synnerhet
999 1793 85 37 icke
1114 1798 42 33 så
1184 1794 85 37 kort
1297 1796 54 36 tid
1380 1797 99 37 efter
1505 1798 297 50 förlängningen

211 1844 42 36 af
289 1845 356 37 handelstraktaten
676 1846 162 36 emellan
869 1845 46 37 de
945 1846 180 36 förenade
1159 1846 132 38 rikena
1320 1848 71 36 och
1419 1849 223 48 Frankrike,
1673 1851 129 37 äfven-

212 1909 80 23 som
334 1903 56 30 att
427 1897 190 37 utskottet
644 1898 195 37 dessutom
869 1900 156 46 ansåge,
1055 1903 56 31 att
1144 1898 127 37 alltför
1298 1899 88 38 kort
1415 1901 54 37 tid
1497 1902 162 37 förflutit
1683 1903 117 37 sedan

212 1948 161 48 afgiften
403 1955 131 30 senast
562 1950 148 48 höjdes,
739 1950 57 36 för
823 1955 57 31 att
909 1963 47 23 en
987 1950 176 48 stegring
1192 1951 41 36 af
1256 1951 222 39 densamma
1506 1954 47 36 då
1581 1957 80 34 åter
1681 1955 121 37 skulle

212 1999 204 49 företagas.
472 2001 199 37 Utskottet
712 2001 211 37 hemstälde
952 2000 251 48 fördenskull,
1233 2008 55 30 att
1317 2004 194 38 motionen
1540 2006 32 47 ej
1604 2009 117 34 måtte
1749 2007 53 36 bi-

212 2051 126 46 fallas;
369 2052 71 37 och
469 2053 82 36 blef
574 2053 124 37 denna
728 2053 227 36 hemställan
985 2052 41 36 af
1053 2052 96 38 båda
1178 2054 201 38 kamrarne
1409 2056 167 38 bifallen.

339 2257 74 37 Till
443 2272 46 23 en
519 2258 132 49 början
677 2259 64 36 vill
771 2259 189 38 utskottet
990 2259 212 49 framhålla,
1232 2265 54 31 att
1314 2259 144 50 tydligt
1485 2266 51 44 är,
1567 2267 67 41 att,
1652 2262 148 38 sedan
1776 2253 27 61 i

212 2310 275 38 ofvanberörda
516 2311 85 36 med
631 2311 209 37 Frankrike
869 2325 48 23 nu
947 2311 179 49 gällande
1155 2312 235 37 konvention
1419 2312 42 37 af
1485 2314 72 37 den
1590 2315 43 36 13
1650 2314 150 48 januari
