2222 2620
450 145 41 33 24
650 144 115 30 Andra
791 143 197 30 kammarens
1011 142 103 30 andra
1139 139 170 43 tillfälliga
1331 139 127 30 utskotts
1480 137 164 31 utlåtande
1665 136 53 31 Nr
1744 136 30 31 6.

1181 234 17 38 8
1223 232 29 31 5.

542 311 51 33 De
625 312 13 31 i
660 313 19 38 8
704 312 17 30 6
745 310 36 32 af
801 309 201 32 kontraktet
1039 308 64 31 den
1138 308 40 31 25
1203 306 88 43 april
1312 305 60 32 och
1396 305 63 32 den
1484 306 37 30 17
1546 303 66 43 maj
1639 304 81 31 1905
1744 303 173 41 angående
1940 314 82 31 upp-

413 355 122 32 låtelse
557 354 37 31 af
614 352 98 33 mark
735 364 43 19 m.
801 363 43 20 m.
867 351 59 31 till
948 350 127 42 Kungl.
1100 344 144 46 Östgöta
1265 347 169 42 trängkår
1456 348 89 31 samt
1566 346 13 31 i
1602 348 18 38 3
1644 347 18 30 9
1687 345 39 32 af
1746 344 201 33 kontraktet
1959 314 63 62 den

410 399 39 30 29
482 396 137 32 oktober
652 394 61 32 och
748 394 60 32 den
844 395 16 29 7
895 392 179 32 november
1108 392 80 31 1907
1224 390 172 42 angående
1431 388 190 43 upplåtelse
1654 388 38 31 af
1713 386 96 33 mark
1832 398 42 21 m,
1898 398 42 20 m.
1963 386 61 32 till

411 438 130 42 Kungl.
576 437 125 33 Första
734 434 439 43 lifgrenadjärregementet
1206 432 96 43 gifna
1328 430 300 33 bestämmelserna
1650 429 109 32 varda
1781 428 137 33 härmed
1941 440 81 31 upp-

409 481 114 37 häfda,
558 479 115 33 såvidt
708 480 106 40 angår
848 477 40 31 de
920 475 166 39 områden,
1115 486 71 21 som
1209 474 96 32 skola
1327 476 101 39 tagas
1451 472 58 32 till
1531 472 250 32 kaserntomter
1803 471 52 31 för
1877 472 147 31 nämnda

409 524 61 31 två
493 520 250 44 truppförband
766 520 60 32 och
848 519 131 41 Kungl.
1003 518 120 32 Andra
1144 515 440 73 lifgrenadjärregementet.

544 533 50 63 De
631 561 261 43 ifrågavarande
929 561 292 31 kaserntomterna
1259 558 94 32 skola
1391 559 140 39 uttagas
1568 557 13 30 i
1616 555 178 43 reguljära
1830 555 193 42 fyrkanter,

411 606 138 32 hvilkas
572 610 141 38 gränser
737 604 95 32 skola
854 606 141 39 utgöras
1018 602 37 32 af
1074 602 79 42 fyra
1175 603 80 29 räta
1277 600 111 42 linjer,
1413 599 129 41 dragna
1565 598 21 31 å
1608 597 120 42 hvarje
1751 597 74 32 sida
1840 597 37 31 af
1888 597 136 31 kasern-

412 649 308 40 etablissemanget,
745 646 101 42 högst
868 646 49 31 tio
941 647 103 29 meter
1066 643 141 32 utanför
1230 643 63 31 den
1315 643 152 41 yttersta
1484 640 222 43 byggnadens
1721 641 96 41 yttre
1833 639 191 42 byggnads-

410 691 95 32 linje.
550 690 118 33 Såsom
691 688 190 41 ersättning
904 687 52 31 för
979 686 93 32 detta
1094 684 240 42 medgifvande
1357 683 176 32 förbinder
1555 682 53 41 sig
1630 682 143 32 Kronan
1795 681 71 32 dels
1883 682 53 30 att
1952 680 73 33 icke

436 699 136 81 ålordra
599 731 219 40 utbetalning
841 732 38 29 af
899 729 57 31 det
978 728 12 31 i
1013 727 200 33 kontraktet
1236 726 141 32 rörande
1400 724 216 44 upplåtelsen
1640 724 37 31 af
1697 723 96 32 mark
1815 722 58 32 till
1895 722 129 42 Kungl.

443 777 94 30 örsta
571 772 434 43 lifgrenadjärregementet
1038 768 223 33 omförmälda
1287 767 120 43 belopp
1431 766 38 32 af
1491 767 134 38 100,000
1647 765 125 33 kronor
1793 765 79 38 förr,
1896 770 43 26 än
1963 765 63 31 den

412 818 53 31 för
498 816 145 32 nämnda
676 817 192 39 regemente
895 812 139 33 afsedda
1056 812 124 32 kasern
1203 810 118 32 blifvit
1343 808 147 44 uppförd
1513 808 60 32 och
1596 810 107 40 tagen
1725 808 13 30 i
1760 807 96 39 bruk,
1880 807 72 31 dels
1975 808 52 30 att

411 859 107 32 under
549 858 51 32 tio
634 859 39 30 år
706 857 142 41 erlägga
876 854 176 42 betalning
1074 853 90 33 efter
1187 863 128 21 samma
1336 852 82 42 pris,
1442 862 71 20 som
1535 851 13 30 i
1571 852 19 39 $
1613 852 19 30 3
1656 856 37 26 är
1716 849 173 42 stadgadt,
1912 849 53 31 för
1987 859 38 21 en

413 901 93 42 årlig
538 898 359 41 minimiförbrukning
931 897 38 32 af
999 897 92 38 5,000
1124 895 216 32 kubikmeter
1372 893 120 49 lysgas
1514 893 53 31 för
1590 891 130 42 Kungl.
1745 886 144 47 Östgöta
1911 894 115 28 träng-

413 944 82 31 kårs
528 942 101 32 behof
661 944 89 29 samt
782 940 54 32 för
869 939 64 32 allt
967 938 217 41 erforderligt
1217 938 120 30 vatten
1371 935 57 32 till
1451 934 146 33 nämnda
1620 933 171 42 trängkår
1813 933 60 32 och
1896 897 130 82 Kungl.

416 985 122 32 Första
560 982 444 43 lifgrenadjärregementet.

1188 1024 19 37 8
1230 1022 29 30 6.

550 1084 128 33 Staden
705 1082 172 33 förbinder
905 1082 53 41 sig
981 1083 61 36 att,
1066 1081 37 31 så
1124 1080 101 41 långt
1246 1080 188 30 utrymmet
1457 1077 88 32 efter
1566 1076 386 33 hälsovårdsnämndens
1975 1075 52 32 be-

416 1126 184 44 pröfvande
634 1126 57 32 det
725 1124 197 42 medgifver,
957 1125 70 29 mot
1050 1121 146 42 stadgad
1220 1119 102 42 afgift
1345 1120 58 31 till
1425 1119 86 32 vård
1535 1120 20 30 å
1577 1119 137 31 stadens
1737 1117 291 43 epidemisjukhus

414 1171 153 39 mottaga
602 1167 205 33 epidemiskt
830 1166 99 41 sjuke
951 1164 231 43 värnpliktige
1205 1162 78 32 från
1306 1161 164 42 samtliga
1491 1160 261 43 truppförband,
1776 1171 70 20 som
1868 1128 58 63 till
1948 1159 79 32 Lin-

414 1212 128 42 köping
574 1210 185 41 förläggas,
794 1208 85 32 dock
912 1206 97 33 skola
1041 1206 137 32 stadens
1210 1215 87 31 egna
1329 1204 164 31 invånare
1524 1203 212 31 härutinnan
1769 1207 64 36 äga
1859 1201 170 33 företräde

417 1253 142 32 framför
581 1251 244 43 värnpliktige,
848 1248 208 33 tillhörande
1079 1250 106 29 annat
1208 1246 172 32 samhälle.

1188 1342 19 38 8
1231 1342 28 29 7.

552 1403 112 32 Sedan
697 1404 209 40 regementet
938 1399 119 33 blifvit
1090 1399 57 31 till
1169 1397 198 41 Linköping
1389 1395 165 43 förlagdt,
1579 1400 81 37 äger
1683 1395 120 33 staden
1826 1398 51 29 att
1899 1394 59 33 vid
1981 1395 48 31 in-

417 1446 167 32 träffande
619 1444 162 33 eldsvåda
814 1443 58 32 till
895 1443 126 31 dennas
1044 1440 182 33 släckande
1249 1439 102 32 alltid
1373 1438 154 43 påräkna
1548 1437 96 43 hjälp
1668 1438 77 31 från
1767 1438 207 41 regementet
1996 1437 37 31 af

417 1488 57 33 det
497 1488 91 31 antal
611 1498 87 27 man,
723 1497 69 21 som
815 1485 54 32 för
891 1484 159 32 tillfället
1075 1483 158 32 behöfves
1256 1481 60 32 och
1339 1481 75 32 från
1437 1482 206 40 regementet
1664 1479 66 32 kan
1755 1479 140 32 läranas.

553 1629 51 32 Af
635 1628 212 33 förestående
881 1627 88 32 aftal
992 1631 58 27 äro
1072 1627 62 30 två
1155 1625 74 32 lika
1251 1624 148 44 lydande
1422 1623 171 43 exemplar
1615 1621 215 44 upprättade,
1855 1622 38 31 af
1912 1621 119 32 hvilka

420 1671 130 42 Kungl.
588 1670 341 41 Arméfördelningen
967 1668 139 33 erhållit
1143 1667 57 32 det
1237 1678 61 21 ena
1335 1666 60 32 och
1432 1665 212 43 Linköpings
1668 1664 76 32 stad
1768 1664 57 31 det
1848 1663 116 33 andra.

555 1713 195 33 Stockholm
773 1713 63 31 den
859 1714 38 30 21
923 1711 137 32 oktober
1083 1711 91 31 1908.

656 1806 70 32 För
749 1804 129 42 Kungl.
902 1802 382 42 Arméförvaltningens
1306 1800 494 42 fortifikationsdepartement:

1051 1878 38 32 G.
1115 1878 98 32 C:son
1236 1877 175 41 Bergman.

556 1924 49 32 M.
630 1923 144 31 Morton.

1585 1959 85 33 Axel
1697 1958 200 33 Göransson.

556 2007 196 43 Linköping
775 2007 62 31 den
862 2008 39 30 13
924 2005 139 32 oktober
1087 2005 91 31 1908.

888 2081 69 32 För
981 2079 323 42 Stadsfullmäktige
1326 2079 12 31 i
1360 2078 208 42 Linköping:

1095 2156 100 40 Hugo
1229 2154 131 41 Ygberg.

1533 2195 79 32 Carl
1635 2195 59 32 Fr.
1717 2193 181 32 Johanson.
