1916 2804
318 168 19 29 4
671 160 398 33 Jordbruksutskottets
1096 156 189 32 utlåtande
1312 155 53 31 Nr
1389 155 50 30 36.

320 244 17 31 I
373 242 211 32 motionerna
618 239 102 32 I:151
756 238 61 31 och
851 237 120 31 II:129
1008 235 218 36 ifrågasättes
1249 230 188 34 anvisande
1460 240 45 22 av
1528 231 48 30 ett
1599 228 120 36 anslag
1743 237 43 20 av

278 297 137 36 500,000
451 296 124 31 kronor
610 293 54 31 för
684 290 194 38 främjande
901 300 44 21 av
970 288 185 36 utdikning
1179 287 12 31 i
1214 286 108 31 första
1346 284 92 32 hand
1461 294 44 21 av
1529 281 170 33 enskildas
1723 280 65 31 för-

277 349 160 37 sumpade
468 346 248 38 skogsmarker,
751 343 125 32 varvid
910 342 254 31 motionärerna
1197 348 100 28 synes
1320 338 92 31 hava
1435 337 113 36 utgått
1571 336 80 30 från
1673 335 51 29 att
1747 333 41 29 60

276 403 137 36 procent
435 411 44 20 av
503 398 228 32 kostnaderna
753 395 112 31 skulle
888 393 164 32 bestridas
1076 402 43 21 av
1143 391 66 31 den
1231 389 151 32 enskilde
1398 389 237 35 markägaren.
1671 385 119 31 Motio-

278 464 67 21 nen
368 453 110 31 I:152
502 452 72 29 åter
596 451 189 34 utmynnar
799 447 11 30 i
824 446 128 35 förslag
976 454 54 21 om
1054 443 163 31 skrivelse
1240 442 55 30 till
1319 440 132 36 Kungl.
1476 439 99 36 Maj:t
1598 448 55 20 om
1682 435 109 32 utred-

279 507 85 35 ning
388 503 172 37 angående
583 503 129 30 statens
735 498 138 33 bistånd
895 498 57 31 till
975 496 187 35 utdikning
1185 505 45 20 av
1253 493 128 31 sådana
1405 490 222 37 vattensjuka
1642 489 148 36 marker,

279 569 73 21 som
375 566 79 22 vore
477 555 148 37 tjänliga
648 554 53 30 för
723 550 196 37 skogsbörd,
943 547 183 32 varibland
1149 546 213 31 motionären
1387 553 99 27 synes
1502 543 89 30 hava
1608 540 184 37 inbegripit

280 609 133 38 jämväl
436 609 111 30 staten
569 605 178 35 tillhöriga
770 603 126 31 sådana
919 597 145 44 marker.

325 660 144 34 Jämväl
503 659 109 35 enligt
645 656 182 32 utskottets
855 654 139 34 mening
1019 661 79 21 vore
1122 651 55 31 det
1200 649 175 35 önskvärt,
1399 657 55 21 om
1480 648 110 30 staten
1613 645 114 31 kunde
1751 646 43 34 på

284 717 48 30 ett
365 714 81 31 eller
481 712 105 32 annat
619 710 69 31 sätt
722 708 131 32 skänka
880 707 60 31 sitt
963 704 75 32 stöd
1061 705 36 30 åt
1121 713 42 21 en
1187 701 218 32 verksamhet
1427 710 44 21 av
1495 699 65 31 här
1583 697 120 33 berörd
1730 698 62 30 art.

282 769 96 32 Utan
407 768 51 30 att
485 762 186 35 emellertid
699 763 12 30 i
738 762 140 35 frågans
912 757 202 33 nuvarande
1145 756 76 36 läge
1255 754 86 37 vilja
1364 754 119 35 intaga
1507 753 112 35 någon
1641 749 153 33 bestämd

284 819 211 37 ståndpunkt
528 826 97 22 anser
659 815 164 31 utskottet
845 812 79 31 med
947 812 136 35 hänsyn
1106 809 55 31 till
1184 808 63 32 den
1272 807 74 31 vikt
1369 806 164 31 utskottet
1556 805 43 36 på
1614 805 68 30 sätt
1704 813 91 21 ovan

286 873 138 31 nämnts
446 870 167 31 tillmäter
628 865 224 33 förevarande
867 863 166 38 spörsmål
1049 861 187 31 detsamma
1251 859 81 31 böra
1348 860 99 34 göras
1458 857 55 31 till
1527 856 142 31 föremål
1680 855 53 31 för
1746 856 50 28 ut-

287 924 154 35 redning.
487 920 137 33 Härvid
648 919 108 31 finnes
779 915 189 33 emellertid
992 914 73 31 icke
1089 914 112 34 någon
1225 911 186 35 anledning
1436 910 50 30 att
1509 910 111 29 såsom
1641 908 11 30 i
1668 907 128 31 motion

286 977 111 32 1:152
421 975 131 36 antytts
576 973 83 35 ingå
681 972 43 35 på
747 970 123 35 frågan
893 978 55 21 om
971 966 187 35 utdikning
1175 974 44 21 av
1235 964 109 30 staten
1360 961 178 36 tillhöriga
1553 960 146 35 marker,
1715 961 83 28 enär

288 1030 129 31 sådana
450 1026 227 35 utdikningar
712 1022 179 32 oavbrutet
925 1019 158 31 bedrivas
1112 1026 121 28 genom
1255 1014 312 36 domänstyrelsens
1589 1013 132 35 försorg
1746 1011 52 30 för

290 1081 118 35 medel,
432 1089 72 21 som
527 1077 132 36 årligen
684 1075 102 36 pläga
809 1073 167 31 beräknas
1000 1072 11 29 i
1035 1069 164 32 samband
1222 1068 77 31 med
1322 1065 237 33 fastställande
1581 1075 46 20 av
1651 1064 148 37 general-

288 1134 129 34 förslag
441 1131 56 31 till
522 1127 267 33 driftkostnader
812 1126 53 30 för
881 1123 253 32 domänverket.
1171 1120 238 35 Utredningen
1425 1118 60 30 bör
1500 1117 102 31 alltså
1618 1117 182 35 begränsas

291 1187 50 30 att
364 1184 145 31 omfatta
531 1181 142 31 allenast
696 1177 157 33 enskilda
875 1176 180 35 tillhöriga
1071 1174 144 31 marker.
1261 1171 80 31 Med
1357 1170 164 31 avseende
1537 1170 20 30 å
1573 1169 55 31 det
1644 1169 12 29 i
1672 1168 128 30 motion

292 1239 37 31 I:
345 1238 61 31 152
431 1233 217 33 framställda
671 1231 162 35 förslaget
856 1239 55 21 om
927 1226 189 33 anvisande
1131 1236 44 20 av
1192 1224 142 32 särskilt
1349 1223 120 35 anslag
1486 1222 53 30 för
1555 1220 247 36 utredningens

292 1287 254 35 verkställande
569 1286 69 30 kan
662 1284 164 31 utskottet
849 1282 73 30 icke
946 1279 136 32 biträda
1105 1279 92 30 detta
1220 1276 139 36 förslag,
1383 1276 84 30 utan
1487 1283 100 22 anser
1602 1274 51 30 att
1669 1272 133 31 kostna-

291 1343 104 31 derna
429 1341 54 30 för
517 1337 228 35 utredningen
776 1335 83 30 böra
891 1334 111 30 såsom
1026 1332 97 35 eljest
1146 1331 13 29 i
1183 1328 165 32 liknande
1371 1327 63 30 fall
1459 1325 164 32 bestridas
1647 1325 78 30 från
1748 1323 55 31 det

292 1394 107 32 under
432 1391 124 32 nionde
590 1387 220 33 huvudtiteln
845 1384 167 37 uppförda
1035 1382 171 32 ordinarie
1230 1378 382 35 reservationsanslaget
1636 1377 52 30 för
1712 1376 91 30 kom-

295 1446 134 31 mittéer
451 1443 63 31 och
536 1441 228 35 utredningar
787 1447 122 28 genom
933 1435 227 34 sakkunniga.

336 1497 118 32 Under
477 1493 213 37 åberopande
713 1502 44 21 av
782 1491 55 31 det
860 1488 143 32 anförda
1026 1486 197 31 hemställer
1246 1484 172 34 utskottet,

739 1588 31 35 1)
795 1587 49 29 att
867 1584 182 35 riksdagen
1073 1582 57 30 må
1154 1581 11 30 i
1188 1579 186 35 anledning
1397 1588 44 20 av
1466 1577 40 31 de
1523 1577 12 30 i
1551 1577 115 29 ämnet
1683 1575 123 30 väckta

694 1639 215 31 motionerna
932 1636 109 30 I:151
1066 1633 62 31 och
1152 1632 128 31 II:129
1304 1632 89 30 samt
1416 1630 109 30 I:152
1543 1629 12 29 i
1571 1627 165 32 skrivelse
1752 1626 55 31 till

697 1690 132 37 Kungl.
854 1688 100 36 Maj:t
977 1686 150 35 anhålla,
1148 1686 50 30 att
1221 1683 131 37 Kungl.
1378 1682 99 36 Maj:t
1500 1681 82 31 ville
1605 1679 203 32 föranstalta

696 1754 55 21 om
772 1741 184 35 utredning
974 1738 173 32 huruvida
1169 1737 63 31 och
1252 1738 44 35 på
1311 1736 67 31 vad
1394 1736 66 30 sätt
1476 1736 110 29 staten
1603 1733 69 36 bör,
1689 1734 120 29 utöver

699 1795 66 31 vad
789 1804 48 21 nu
860 1796 81 33 äger
964 1802 89 24 rum,
1077 1791 117 30 lämna
1214 1789 122 36 bidrag
1352 1789 53 30 för
1420 1787 186 34 utdikning
1622 1795 43 21 av
1681 1784 129 31 sådana

698 1846 155 32 enskilda
876 1844 178 35 tillhöriga
1078 1841 218 36 vattensjuka
1319 1840 145 35 marker,
1477 1848 72 21 som
1572 1838 119 30 kunna
1712 1839 97 33 göras

698 1899 149 37 tjänliga
871 1897 52 30 för
947 1894 196 37 skogsbörd,

746 1952 32 37 2)
802 1951 50 30 att
875 1949 211 30 motionerna
1110 1947 11 30 i
1145 1945 66 32 vad
1234 1945 39 31 de
1296 1944 73 31 icke
1385 1944 119 31 kunna
1519 1951 97 22 anses
1627 1939 185 33 besvarade

701 2013 121 27 genom
856 2001 66 31 vad
955 2000 165 31 utskottet
1151 1999 64 30 här
1249 2007 89 21 ovan
1361 1996 115 31 anfört
1499 1995 61 30 och
1583 1992 174 32 hemställt
1780 1991 31 36 ej

700 2057 58 30 må
782 2053 173 32 föranleda
979 2053 113 35 någon
1116 2050 198 36 riksdagens
1337 2048 132 36 åtgärd.

346 2146 197 32 Stockholm
567 2144 65 31 den
656 2143 39 31 16
720 2142 88 36 april
832 2140 93 31 1926.

762 2230 50 30 På
835 2225 365 39 jordbruksutskottets
1224 2226 146 33 vägnar:

930 2330 37 31 O.
991 2327 204 33 NILSSON.

344 2485 197 26 Närvarande:
561 2492 27 15 se
609 2480 144 27 utlåtande
773 2490 34 16 nr
827 2482 40 23 34.
