1878 2844
255 182 40 32 38
486 180 214 29 Sammansatt
722 182 91 27 stats-
836 181 57 28 och
914 181 99 28 andra
1035 181 190 35 lagutskotts
1250 182 164 28 utlåtande
1437 192 38 18 nr
1497 184 27 26 6.

389 273 142 41 (Kungl.
556 276 119 39 Maj:ts
698 274 154 41 förslag.)
1197 275 206 40 (Utskottets
1425 276 155 40 förslag.)

563 341 40 39 C)
631 346 50 30 att
705 344 178 37 riksdagen
905 345 103 32 måtte
1030 345 107 32 under
1160 344 102 33 femte
1285 345 225 39 huvudtiteln,
1535 346 221 37 avdelningen

518 394 123 32 sociala
667 396 80 31 verk
773 396 59 31 och
858 395 234 39 inrättningar,
1120 396 328 37 underavdelningen
1473 396 282 39 sjukförsäkring,

517 446 78 38 höja
633 447 54 32 det
725 446 164 33 ordinarie
917 447 298 38 förslagsanslaget
1241 447 54 32 till
1324 447 351 38 sjukkasseväsendets
1702 448 53 32 be-

518 497 197 39 främjande,
732 510 44 19 nu
792 499 173 37 3,500,000
980 498 131 38 kronor,
1128 499 74 32 med
1220 499 139 37 170,000
1374 499 122 31 kronor
1510 499 55 32 till
1582 500 174 37 3,670,000

517 549 136 38 kronor;

564 597 46 40 D)
637 603 51 29 att
718 601 178 37 riksdagen
928 601 102 32 måtte
1061 601 165 38 medgiva,
1260 603 50 30 att
1342 601 54 32 för
1427 602 255 38 användningen
1715 613 41 20 av

518 652 146 32 nämnda
694 652 117 37 anslag
841 652 94 32 skola
963 652 92 38 gälla
1083 653 155 37 grunder,
1270 652 12 31 1
1311 652 178 33 huvudsak
1520 656 235 29 överensstäm-

519 703 118 32 mande
656 704 74 31 med
749 704 55 31 det
823 704 56 31 vid
898 703 180 33 utskottets
1097 704 174 31 utlåtande
1290 704 107 32 såsom
1416 704 114 37 bilaga
1549 704 121 38 fogade
1690 704 65 32 för-

518 754 108 38 slaget
645 754 54 32 till
719 754 244 32 bestämmelser
981 755 12 31 i
1012 755 120 32 sådant
1151 755 198 38 hänseende;

562 802 45 41 E)
635 808 51 29 att
709 805 178 38 riksdagen
909 807 103 31 måtte
1035 807 106 31 under
1163 806 101 32 femte
1286 806 225 38 huvudtiteln,
1535 806 222 38 avdelningen

519 856 123 33 sociala
666 857 80 31 verk
773 857 59 32 och
858 858 235 38 inrättningar,
1120 858 328 37 underavdelningen
1474 857 281 38 sjukförsäkring,

517 908 54 32 till
588 908 203 38 sjukkassor,
810 920 68 20 som
897 909 149 32 meddela
1062 909 408 38 moderskapsunderstöd,
1489 909 53 31 för
1558 909 199 37 budgetåret

520 959 216 33 1930—1931
764 960 116 31 anvisa
905 962 47 29 ett
978 962 94 30 extra
1097 960 264 38 förslagsanslag
1386 972 42 19 av
1455 961 140 36 210,000
1619 960 136 38 kronor;

562 1008 43 39 F)
633 1013 51 29 att
700 1011 39 32 de
755 1012 11 30 i
785 1011 180 37 anledning
980 1023 42 20 av
1039 1011 219 32 förevarande
1275 1011 205 38 proposition
1497 1023 40 19 nr
1556 1012 62 31 154
1637 1011 120 32 väckta

520 1063 204 31 motionerna
743 1063 30 31 I:
790 1063 62 31 267
873 1065 85 29 samt
978 1062 51 32 IT:
1045 1064 74 36 417,
1141 1064 74 36 443,
1235 1064 73 36 444,
1329 1062 74 38 489,
1423 1063 74 37 490,
1518 1063 62 31 491
1602 1063 59 31 och
1682 1063 74 36 492,

519 1112 11 31 i
554 1113 63 31 den
640 1113 77 31 mån
741 1113 40 32 de
803 1112 72 32 icke
897 1113 99 31 blivit
1019 1113 193 38 tillstyrkta
1234 1114 79 31 eller
1336 1114 95 36 eljest
1454 1113 163 32 beaktade
1639 1124 117 26 genom

518 1163 65 32 vad
610 1163 163 32 utskottet
800 1175 84 20 ovan
909 1163 180 38 hemställt,
1116 1163 73 32 icke
1216 1164 102 31 måtte
1343 1163 54 32 till
1424 1164 109 37 någon
1560 1163 196 38 riksdagens

517 1214 119 36 åtgärd
662 1213 181 32 föranleda.

308 1279 191 32 Stockholm
524 1280 62 32 den
613 1280 39 31 19
678 1281 64 36 maj
771 1280 93 32 1930.

792 1356 48 32 På
865 1356 178 32 utskottets
1068 1361 140 33 vägnar:

830 1440 35 33 C.
890 1440 41 32 R.
956 1440 219 33 JANSSON.

302 1694 63 28 Vid
388 1695 143 28 ärendets
552 1694 194 35 behandling
767 1694 79 29 hava
868 1695 155 28 närvarit:

302 1752 74 29 från
401 1753 150 28 första
576 1753 191 28 kammaren:
795 1753 109 28 herrar
928 1753 145 34 Ernfors,
1097 1753 151 35 Rydén),
1272 1753 128 33 Petrén,
1425 1753 149 34 Tamm),
1599 1753 156 29 Almkvist

253 1795 55 28 och
330 1796 165 33 Hagman;

301 1836 75 29 från
398 1838 138 28 andra
557 1838 193 28 kammaren:
775 1837 110 28 herrar
907 1838 137 28 Jansson
1068 1839 12 27 i
1103 1838 113 33 Falun,
1239 1838 181 29 Andersson
1442 1839 11 27 i
1477 1838 129 34 Höör!),
1629 1837 127 30 Strind-

253 1879 86 33 lind,
362 1879 192 34 Magnusson
576 1881 11 27 i
609 1880 141 33 Kalmar,
772 1879 172 34 Aronson!)
969 1880 58 28 och
1049 1880 128 29 Gardell
1199 1881 11 27 i
1232 1880 100 34 Gans;

301 1938 69 28 med
391 1939 164 33 undantag
576 1939 104 33 därav,
704 1943 47 24 att
772 1939 54 27 vid
847 1938 232 35 behandlingen
1101 1949 38 18 av
1162 1939 36 28 de
1220 1939 11 28 i
1254 1939 170 29 utskottets
1446 1939 188 28 hemställan
1655 1939 101 29 under

253 1979 38 34 C)
313 1981 58 27 och
392 1980 41 33 E)
455 1980 199 29 innefattade
672 1980 276 34 anslagsfrågorna
966 1981 111 29 herrar
1097 1981 109 28 Tamm
1225 1981 56 29 och
1301 1982 145 28 Aronson
1466 1982 29 33 ej
1514 1982 143 28 närvarit
1676 1986 80 24 samt

251 2022 73 28 herr
344 2023 146 34 Asplund
507 2023 135 34 deltagit
658 2023 12 27 i
688 2023 105 28 stället
811 2023 50 28 för
878 2023 73 28 herr
969 2023 110 34 Rydén
1098 2023 57 29 och
1173 2023 73 29 herr
1266 2024 336 28 Carlsson-Frosterud
1620 2025 11 27 i
1650 2024 106 28 stället

252 2064 50 29 för
320 2064 74 28 herr
414 2065 179 28 Andersson
611 2065 11 27 i
641 2064 96 29 Höör.

304 2157 20 28 1)
348 2156 35 31 Ej
408 2156 178 24 närvarande
608 2156 47 24 vid
678 2156 177 24 utlåtandets
876 2156 152 31 justering.
