<?xml version="1.0" encoding="UTF-8"?>
<alto xmlns="http://www.loc.gov/standards/alto/ns-v3#" xmlns:xlink="http://www.w3.org/1999/xlink" xmlns:xsi="http://www.w3.org/2001/XMLSchema-instance" xsi:schemaLocation="http://www.loc.gov/standards/alto/ns-v3# http://www.loc.gov/alto/v3/alto-3-0.xsd">
	<Description>
		<MeasurementUnit>pixel</MeasurementUnit>
		<sourceImageInformation>
			<fileName>/tmp/tess_i_75xlak_input.PNG</fileName>
		</sourceImageInformation>
		<OCRProcessing ID="OCR_0">
			<ocrProcessingStep>
				<processingSoftware>
					<softwareName>tesseract 5.3.0</softwareName>
				</processingSoftware>
			</ocrProcessingStep>
		</OCRProcessing>
	</Description>
	<Layout>
		<Page WIDTH="1884" HEIGHT="2840" PHYSICAL_IMG_NR="0" ID="page_0">
			<PrintSpace HPOS="0" VPOS="0" WIDTH="1884" HEIGHT="2840">
				<ComposedBlock ID="cblock_0" HPOS="251" VPOS="171" WIDTH="1285" HEIGHT="40">
					<TextBlock ID="block_0" HPOS="251" VPOS="171" WIDTH="1285" HEIGHT="40">
						<TextLine ID="line_0" HPOS="251" VPOS="171" WIDTH="1285" HEIGHT="40">
							<String ID="string_0" HPOS="251" VPOS="175" WIDTH="41" HEIGHT="31" WC="0.96" CONTENT="20"/><SP WIDTH="193" VPOS="175" HPOS="292"/>
							<String ID="string_1" HPOS="485" VPOS="175" WIDTH="219" HEIGHT="36" WC="0.69" CONTENT="Sammansatt"/><SP WIDTH="23" VPOS="175" HPOS="704"/>
							<String ID="string_2" HPOS="727" VPOS="177" WIDTH="91" HEIGHT="27" WC="0.92" CONTENT="stats-"/><SP WIDTH="21" VPOS="177" HPOS="818"/>
							<String ID="string_3" HPOS="839" VPOS="175" WIDTH="58" HEIGHT="28" WC="0.96" CONTENT="och"/><SP WIDTH="21" VPOS="175" HPOS="897"/>
							<String ID="string_4" HPOS="918" VPOS="174" WIDTH="98" HEIGHT="29" WC="0.93" CONTENT="andra"/><SP WIDTH="22" VPOS="174" HPOS="1016"/>
							<String ID="string_5" HPOS="1038" VPOS="173" WIDTH="191" HEIGHT="35" WC="0.91" CONTENT="lagutskotts"/><SP WIDTH="20" VPOS="173" HPOS="1229"/>
							<String ID="string_6" HPOS="1249" VPOS="173" WIDTH="164" HEIGHT="29" WC="0.92" CONTENT="utlåtande"/><SP WIDTH="24" VPOS="173" HPOS="1413"/>
							<String ID="string_7" HPOS="1437" VPOS="171" WIDTH="47" HEIGHT="29" WC="0.95" CONTENT="Nr"/><SP WIDTH="24" VPOS="171" HPOS="1484"/>
							<String ID="string_8" HPOS="1508" VPOS="175" WIDTH="28" HEIGHT="28" WC="0.95" CONTENT="5."/>
						</TextLine>
					</TextBlock>
				</ComposedBlock>
				<ComposedBlock ID="cblock_1" HPOS="251" VPOS="248" WIDTH="1515" HEIGHT="1461">
					<TextBlock ID="block_1" HPOS="251" VPOS="248" WIDTH="1509" HEIGHT="196">
						<TextLine ID="line_1" HPOS="303" VPOS="248" WIDTH="1456" HEIGHT="45">
							<String ID="string_9" HPOS="303" VPOS="251" WIDTH="31" HEIGHT="42" WC="0.96" CONTENT="4)"/><SP WIDTH="23" VPOS="251" HPOS="334"/>
							<String ID="string_10" HPOS="357" VPOS="262" WIDTH="42" HEIGHT="20" WC="0.96" CONTENT="av"/><SP WIDTH="22" VPOS="262" HPOS="399"/>
							<String ID="string_11" HPOS="421" VPOS="252" WIDTH="168" HEIGHT="37" WC="0.96" CONTENT="desamma,"/><SP WIDTH="29" VPOS="252" HPOS="589"/>
							<String ID="string_12" HPOS="618" VPOS="250" WIDTH="92" HEIGHT="32" WC="0.96" CONTENT="vilka"/><SP WIDTH="32" VPOS="250" HPOS="710"/>
							<String ID="string_13" HPOS="742" VPOS="252" WIDTH="122" HEIGHT="36" WC="0.95" CONTENT="ansett,"/><SP WIDTH="24" VPOS="252" HPOS="864"/>
							<String ID="string_14" HPOS="888" VPOS="252" WIDTH="50" HEIGHT="29" WC="0.96" CONTENT="att"/><SP WIDTH="23" VPOS="252" HPOS="938"/>
							<String ID="string_15" HPOS="961" VPOS="249" WIDTH="187" HEIGHT="32" WC="0.96" CONTENT="utskottets"/><SP WIDTH="22" VPOS="249" HPOS="1148"/>
							<String ID="string_16" HPOS="1170" VPOS="248" WIDTH="159" HEIGHT="42" WC="0.95" CONTENT="yttrande"/><SP WIDTH="23" VPOS="248" HPOS="1329"/>
							<String ID="string_17" HPOS="1352" VPOS="248" WIDTH="213" HEIGHT="32" WC="0.93" CONTENT="beträffande"/><SP WIDTH="23" VPOS="248" HPOS="1565"/>
							<String ID="string_18" HPOS="1588" VPOS="248" WIDTH="171" HEIGHT="32" WC="0.92" CONTENT="distrikts-"/>
						</TextLine>
						<TextLine ID="line_2" HPOS="252" VPOS="298" WIDTH="1508" HEIGHT="42">
							<String ID="string_19" HPOS="252" VPOS="302" WIDTH="204" HEIGHT="32" WC="0.96" CONTENT="sköterskan"/><SP WIDTH="30" VPOS="302" HPOS="456"/>
							<String ID="string_20" HPOS="486" VPOS="301" WIDTH="259" HEIGHT="32" WC="0.96" CONTENT="tillkommande"/><SP WIDTH="26" VPOS="301" HPOS="745"/>
							<String ID="string_21" HPOS="771" VPOS="301" WIDTH="133" HEIGHT="31" WC="0.96" CONTENT="förmån"/><SP WIDTH="28" VPOS="301" HPOS="904"/>
							<String ID="string_22" HPOS="932" VPOS="311" WIDTH="40" HEIGHT="20" WC="0.96" CONTENT="av"/><SP WIDTH="22" VPOS="311" HPOS="972"/>
							<String ID="string_23" HPOS="994" VPOS="299" WIDTH="43" HEIGHT="32" WC="0.96" CONTENT="fri"/><SP WIDTH="22" VPOS="299" HPOS="1037"/>
							<String ID="string_24" HPOS="1059" VPOS="299" WIDTH="125" HEIGHT="32" WC="0.96" CONTENT="bostad"/><SP WIDTH="23" VPOS="299" HPOS="1184"/>
							<String ID="string_25" HPOS="1207" VPOS="299" WIDTH="65" HEIGHT="32" WC="0.96" CONTENT="och"/><SP WIDTH="22" VPOS="299" HPOS="1272"/>
							<String ID="string_26" HPOS="1294" VPOS="299" WIDTH="43" HEIGHT="31" WC="0.96" CONTENT="fri"/><SP WIDTH="23" VPOS="299" HPOS="1337"/>
							<String ID="string_27" HPOS="1360" VPOS="299" WIDTH="128" HEIGHT="32" WC="0.96" CONTENT="telefon"/><SP WIDTH="23" VPOS="299" HPOS="1488"/>
							<String ID="string_28" HPOS="1511" VPOS="298" WIDTH="74" HEIGHT="42" WC="0.96" CONTENT="(sid."/><SP WIDTH="25" VPOS="298" HPOS="1585"/>
							<String ID="string_29" HPOS="1610" VPOS="300" WIDTH="39" HEIGHT="31" WC="0.93" CONTENT="16"/><SP WIDTH="26" VPOS="300" HPOS="1649"/>
							<String ID="string_30" HPOS="1675" VPOS="299" WIDTH="85" HEIGHT="32" WC="0.58" CONTENT="»De-"/>
						</TextLine>
						<TextLine ID="line_3" HPOS="251" VPOS="350" WIDTH="1509" HEIGHT="43">
							<String ID="string_31" HPOS="251" VPOS="352" WIDTH="334" HEIGHT="41" WC="0.92" CONTENT="partementschefen"/><SP WIDTH="23" VPOS="352" HPOS="585"/>
							<String ID="string_32" HPOS="608" VPOS="351" WIDTH="63" HEIGHT="32" WC="0.92" CONTENT="har"/><SP WIDTH="21" VPOS="351" HPOS="671"/>
							<String ID="string_33" HPOS="692" VPOS="370" WIDTH="41" HEIGHT="4" WC="0.91" CONTENT="—"/><SP WIDTH="22" VPOS="370" HPOS="733"/>
							<String ID="string_34" HPOS="755" VPOS="370" WIDTH="40" HEIGHT="4" WC="0.86" CONTENT="—"/><SP WIDTH="22" VPOS="370" HPOS="795"/>
							<String ID="string_35" HPOS="817" VPOS="370" WIDTH="40" HEIGHT="4" WC="0.89" CONTENT="—"/><SP WIDTH="24" VPOS="370" HPOS="857"/>
							<String ID="string_36" HPOS="881" VPOS="351" WIDTH="43" HEIGHT="31" WC="0.96" CONTENT="fri"/><SP WIDTH="22" VPOS="351" HPOS="924"/>
							<String ID="string_37" HPOS="946" VPOS="351" WIDTH="137" HEIGHT="31" WC="0.94" CONTENT="telefon."/><SP WIDTH="38" VPOS="351" HPOS="1083"/>
							<String ID="string_38" HPOS="1121" VPOS="350" WIDTH="182" HEIGHT="32" WC="0.96" CONTENT="Utskottet"/><SP WIDTH="22" VPOS="350" HPOS="1303"/>
							<String ID="string_39" HPOS="1325" VPOS="350" WIDTH="62" HEIGHT="31" WC="0.93" CONTENT="har"/><SP WIDTH="21" VPOS="350" HPOS="1387"/>
							<String ID="string_40" HPOS="1408" VPOS="368" WIDTH="41" HEIGHT="5" WC="0.92" CONTENT="—"/><SP WIDTH="23" VPOS="368" HPOS="1449"/>
							<String ID="string_41" HPOS="1472" VPOS="368" WIDTH="41" HEIGHT="4" WC="0.84" CONTENT="—"/><SP WIDTH="22" VPOS="368" HPOS="1513"/>
							<String ID="string_42" HPOS="1535" VPOS="368" WIDTH="40" HEIGHT="4" WC="0.91" CONTENT="—"/><SP WIDTH="16" VPOS="368" HPOS="1575"/>
							<String ID="string_43" HPOS="1591" VPOS="350" WIDTH="54" HEIGHT="31" WC="0.93" CONTENT="för"/><SP WIDTH="15" VPOS="350" HPOS="1645"/>
							<String ID="string_44" HPOS="1660" VPOS="351" WIDTH="100" HEIGHT="31" WC="0.91" CONTENT="stats-"/>
						</TextLine>
						<TextLine ID="line_4" HPOS="252" VPOS="401" WIDTH="759" HEIGHT="43">
							<String ID="string_45" HPOS="252" VPOS="402" WIDTH="166" HEIGHT="42" WC="0.88" CONTENT="bidrag&gt;.)"/><SP WIDTH="21" VPOS="402" HPOS="418"/>
							<String ID="string_46" HPOS="439" VPOS="403" WIDTH="78" HEIGHT="32" WC="0.96" CONTENT="bort"/><SP WIDTH="22" VPOS="403" HPOS="517"/>
							<String ID="string_47" HPOS="539" VPOS="402" WIDTH="129" HEIGHT="32" WC="0.96" CONTENT="erhålla"/><SP WIDTH="22" VPOS="402" HPOS="668"/>
							<String ID="string_48" HPOS="690" VPOS="402" WIDTH="150" HEIGHT="41" WC="0.96" CONTENT="följande"/><SP WIDTH="23" VPOS="402" HPOS="840"/>
							<String ID="string_49" HPOS="863" VPOS="401" WIDTH="148" HEIGHT="42" WC="0.96" CONTENT="lydelse:"/>
						</TextLine>
					</TextBlock>
					<TextBlock ID="block_2" HPOS="251" VPOS="450" WIDTH="1510" HEIGHT="247">
						<TextLine ID="line_5" HPOS="308" VPOS="450" WIDTH="1452" HEIGHT="44">
							<String ID="string_50" HPOS="308" VPOS="454" WIDTH="88" HEIGHT="31" WC="0.74" CONTENT="»Det"/><SP WIDTH="32" VPOS="454" HPOS="396"/>
							<String ID="string_51" HPOS="428" VPOS="453" WIDTH="57" HEIGHT="32" WC="0.93" CONTENT="vid"/><SP WIDTH="33" VPOS="453" HPOS="485"/>
							<String ID="string_52" HPOS="518" VPOS="452" WIDTH="380" HEIGHT="42" WC="0.92" CONTENT="statsrådsprotokollet"/><SP WIDTH="32" VPOS="452" HPOS="898"/>
							<String ID="string_53" HPOS="930" VPOS="451" WIDTH="123" HEIGHT="42" WC="0.96" CONTENT="fogade"/><SP WIDTH="32" VPOS="451" HPOS="1053"/>
							<String ID="string_54" HPOS="1085" VPOS="451" WIDTH="164" HEIGHT="41" WC="0.96" CONTENT="förslaget"/><SP WIDTH="29" VPOS="451" HPOS="1249"/>
							<String ID="string_55" HPOS="1278" VPOS="451" WIDTH="53" HEIGHT="31" WC="0.96" CONTENT="till"/><SP WIDTH="23" VPOS="451" HPOS="1331"/>
							<String ID="string_56" HPOS="1354" VPOS="451" WIDTH="205" HEIGHT="41" WC="0.96" CONTENT="kungörelse"/><SP WIDTH="24" VPOS="451" HPOS="1559"/>
							<String ID="string_57" HPOS="1583" VPOS="450" WIDTH="177" HEIGHT="42" WC="0.96" CONTENT="angående"/>
						</TextLine>
						<TextLine ID="line_6" HPOS="253" VPOS="501" WIDTH="1506" HEIGHT="44">
							<String ID="string_58" HPOS="253" VPOS="504" WIDTH="212" HEIGHT="41" WC="0.95" CONTENT="statsbidrag"/><SP WIDTH="31" VPOS="504" HPOS="465"/>
							<String ID="string_59" HPOS="496" VPOS="504" WIDTH="53" HEIGHT="31" WC="0.93" CONTENT="till"/><SP WIDTH="27" VPOS="504" HPOS="549"/>
							<String ID="string_60" HPOS="576" VPOS="503" WIDTH="242" HEIGHT="32" WC="0.92" CONTENT="distriktsvård"/><SP WIDTH="33" VPOS="503" HPOS="818"/>
							<String ID="string_61" HPOS="851" VPOS="502" WIDTH="192" HEIGHT="32" WC="0.96" CONTENT="innehåller"/><SP WIDTH="31" VPOS="502" HPOS="1043"/>
							<String ID="string_62" HPOS="1074" VPOS="501" WIDTH="213" HEIGHT="32" WC="0.93" CONTENT="beträffande"/><SP WIDTH="27" VPOS="501" HPOS="1287"/>
							<String ID="string_63" HPOS="1314" VPOS="501" WIDTH="358" HEIGHT="32" WC="0.91" CONTENT="distriktssköterskas"/><SP WIDTH="23" VPOS="501" HPOS="1672"/>
							<String ID="string_64" HPOS="1695" VPOS="501" WIDTH="64" HEIGHT="31" WC="0.92" CONTENT="för-"/>
						</TextLine>
						<TextLine ID="line_7" HPOS="252" VPOS="551" WIDTH="1507" HEIGHT="40">
							<String ID="string_65" HPOS="252" VPOS="557" WIDTH="79" HEIGHT="29" WC="0.96" CONTENT="mån"/><SP WIDTH="34" VPOS="557" HPOS="331"/>
							<String ID="string_66" HPOS="365" VPOS="566" WIDTH="41" HEIGHT="20" WC="0.96" CONTENT="av"/><SP WIDTH="33" VPOS="566" HPOS="406"/>
							<String ID="string_67" HPOS="439" VPOS="554" WIDTH="42" HEIGHT="32" WC="0.96" CONTENT="fri"/><SP WIDTH="22" VPOS="554" HPOS="481"/>
							<String ID="string_68" HPOS="503" VPOS="554" WIDTH="126" HEIGHT="32" WC="0.96" CONTENT="bostad"/><SP WIDTH="23" VPOS="554" HPOS="629"/>
							<String ID="string_69" HPOS="652" VPOS="554" WIDTH="67" HEIGHT="31" WC="0.96" CONTENT="den"/><SP WIDTH="22" VPOS="554" HPOS="719"/>
							<String ID="string_70" HPOS="741" VPOS="553" WIDTH="276" HEIGHT="38" WC="0.95" CONTENT="bestämmelsen,"/><SP WIDTH="25" VPOS="553" HPOS="1017"/>
							<String ID="string_71" HPOS="1042" VPOS="554" WIDTH="49" HEIGHT="29" WC="0.96" CONTENT="att"/><SP WIDTH="22" VPOS="554" HPOS="1091"/>
							<String ID="string_72" HPOS="1113" VPOS="552" WIDTH="169" HEIGHT="32" WC="0.96" CONTENT="bostaden"/><SP WIDTH="24" VPOS="552" HPOS="1282"/>
							<String ID="string_73" HPOS="1306" VPOS="552" WIDTH="88" HEIGHT="32" WC="0.96" CONTENT="skall"/><SP WIDTH="23" VPOS="552" HPOS="1394"/>
							<String ID="string_74" HPOS="1417" VPOS="552" WIDTH="142" HEIGHT="31" WC="0.96" CONTENT="omfatta"/><SP WIDTH="21" VPOS="552" HPOS="1559"/>
							<String ID="string_75" HPOS="1580" VPOS="551" WIDTH="108" HEIGHT="32" WC="0.96" CONTENT="minst"/><SP WIDTH="22" VPOS="551" HPOS="1688"/>
							<String ID="string_76" HPOS="1710" VPOS="553" WIDTH="49" HEIGHT="30" WC="0.96" CONTENT="ett"/>
						</TextLine>
						<TextLine ID="line_8" HPOS="252" VPOS="602" WIDTH="1509" HEIGHT="44">
							<String ID="string_77" HPOS="252" VPOS="617" WIDTH="76" HEIGHT="20" WC="0.96" CONTENT="rum"/><SP WIDTH="24" VPOS="617" HPOS="328"/>
							<String ID="string_78" HPOS="352" VPOS="605" WIDTH="65" HEIGHT="32" WC="0.96" CONTENT="och"/><SP WIDTH="22" VPOS="605" HPOS="417"/>
							<String ID="string_79" HPOS="439" VPOS="605" WIDTH="67" HEIGHT="32" WC="0.96" CONTENT="kök"/><SP WIDTH="21" VPOS="605" HPOS="506"/>
							<String ID="string_80" HPOS="527" VPOS="605" WIDTH="105" HEIGHT="41" WC="0.95" CONTENT="jämte"/><SP WIDTH="22" VPOS="605" HPOS="632"/>
							<String ID="string_81" HPOS="654" VPOS="604" WIDTH="127" HEIGHT="41" WC="0.96" CONTENT="nödiga"/><SP WIDTH="21" VPOS="604" HPOS="781"/>
							<String ID="string_82" HPOS="802" VPOS="604" WIDTH="116" HEIGHT="31" WC="0.95" CONTENT="uthus."/><SP WIDTH="37" VPOS="604" HPOS="918"/>
							<String ID="string_83" HPOS="955" VPOS="603" WIDTH="122" HEIGHT="41" WC="0.96" CONTENT="Någon"/><SP WIDTH="23" VPOS="603" HPOS="1077"/>
							<String ID="string_84" HPOS="1100" VPOS="603" WIDTH="175" HEIGHT="32" WC="0.96" CONTENT="föreskrift"/><SP WIDTH="21" VPOS="603" HPOS="1275"/>
							<String ID="string_85" HPOS="1296" VPOS="602" WIDTH="107" HEIGHT="42" WC="0.95" CONTENT="ifråga"/><SP WIDTH="20" VPOS="602" HPOS="1403"/>
							<String ID="string_86" HPOS="1423" VPOS="613" WIDTH="56" HEIGHT="20" WC="0.96" CONTENT="om"/><SP WIDTH="16" VPOS="613" HPOS="1479"/>
							<String ID="string_87" HPOS="1495" VPOS="602" WIDTH="42" HEIGHT="31" WC="0.96" CONTENT="fri"/><SP WIDTH="17" VPOS="602" HPOS="1537"/>
							<String ID="string_88" HPOS="1554" VPOS="602" WIDTH="128" HEIGHT="31" WC="0.96" CONTENT="telefon"/><SP WIDTH="16" VPOS="602" HPOS="1682"/>
							<String ID="string_89" HPOS="1698" VPOS="602" WIDTH="63" HEIGHT="31" WC="0.95" CONTENT="har"/>
						</TextLine>
						<TextLine ID="line_9" HPOS="251" VPOS="654" WIDTH="680" HEIGHT="43">
							<String ID="string_90" HPOS="251" VPOS="656" WIDTH="76" HEIGHT="32" WC="0.96" CONTENT="icke"/><SP WIDTH="22" VPOS="656" HPOS="327"/>
							<String ID="string_91" HPOS="349" VPOS="655" WIDTH="143" HEIGHT="42" WC="0.96" CONTENT="intagits"/><SP WIDTH="22" VPOS="655" HPOS="492"/>
							<String ID="string_92" HPOS="514" VPOS="655" WIDTH="12" HEIGHT="31" WC="0.91" CONTENT="i"/><SP WIDTH="22" VPOS="655" HPOS="526"/>
							<String ID="string_93" HPOS="548" VPOS="654" WIDTH="383" HEIGHT="42" WC="0.91" CONTENT="kungörelseförslaget."/>
						</TextLine>
					</TextBlock>
					<TextBlock ID="block_3" HPOS="252" VPOS="703" WIDTH="1512" HEIGHT="247">
						<TextLine ID="line_10" HPOS="305" VPOS="703" WIDTH="1458" HEIGHT="45">
							<String ID="string_94" HPOS="305" VPOS="705" WIDTH="392" HEIGHT="43" WC="0.91" CONTENT="Departementschefen"/><SP WIDTH="23" VPOS="705" HPOS="697"/>
							<String ID="string_95" HPOS="720" VPOS="705" WIDTH="61" HEIGHT="32" WC="0.96" CONTENT="har"/><SP WIDTH="22" VPOS="705" HPOS="781"/>
							<String ID="string_96" HPOS="803" VPOS="705" WIDTH="12" HEIGHT="32" WC="0.95" CONTENT="i"/><SP WIDTH="23" VPOS="705" HPOS="815"/>
							<String ID="string_97" HPOS="838" VPOS="704" WIDTH="222" HEIGHT="32" WC="0.96" CONTENT="förevarande"/><SP WIDTH="23" VPOS="704" HPOS="1060"/>
							<String ID="string_98" HPOS="1083" VPOS="703" WIDTH="196" HEIGHT="32" WC="0.96" CONTENT="hänseende"/><SP WIDTH="23" VPOS="703" HPOS="1279"/>
							<String ID="string_99" HPOS="1302" VPOS="705" WIDTH="116" HEIGHT="40" WC="0.96" CONTENT="yttrat,"/><SP WIDTH="22" VPOS="705" HPOS="1418"/>
							<String ID="string_100" HPOS="1440" VPOS="705" WIDTH="50" HEIGHT="29" WC="0.96" CONTENT="att"/><SP WIDTH="16" VPOS="705" HPOS="1490"/>
							<String ID="string_101" HPOS="1506" VPOS="703" WIDTH="141" HEIGHT="32" WC="0.93" CONTENT="särskilt"/><SP WIDTH="15" VPOS="703" HPOS="1647"/>
							<String ID="string_102" HPOS="1662" VPOS="703" WIDTH="101" HEIGHT="32" WC="0.92" CONTENT="önsk-"/>
						</TextLine>
						<TextLine ID="line_11" HPOS="252" VPOS="754" WIDTH="1508" HEIGHT="41">
							<String ID="string_103" HPOS="252" VPOS="759" WIDTH="75" HEIGHT="30" WC="0.96" CONTENT="värt"/><SP WIDTH="32" VPOS="759" HPOS="327"/>
							<String ID="string_104" HPOS="359" VPOS="768" WIDTH="92" HEIGHT="27" WC="0.96" CONTENT="vore,"/><SP WIDTH="23" VPOS="768" HPOS="451"/>
							<String ID="string_105" HPOS="474" VPOS="759" WIDTH="50" HEIGHT="29" WC="0.93" CONTENT="att"/><SP WIDTH="26" VPOS="759" HPOS="524"/>
							<String ID="string_106" HPOS="550" VPOS="756" WIDTH="364" HEIGHT="32" WC="0.92" CONTENT="distriktssköterskan"/><SP WIDTH="24" VPOS="756" HPOS="914"/>
							<String ID="string_107" HPOS="938" VPOS="755" WIDTH="11" HEIGHT="31" WC="0.96" CONTENT="i"/><SP WIDTH="24" VPOS="755" HPOS="949"/>
							<String ID="string_108" HPOS="973" VPOS="754" WIDTH="127" HEIGHT="32" WC="0.96" CONTENT="sådana"/><SP WIDTH="23" VPOS="754" HPOS="1100"/>
							<String ID="string_109" HPOS="1123" VPOS="754" WIDTH="148" HEIGHT="38" WC="0.95" CONTENT="distrikt,"/><SP WIDTH="23" VPOS="754" HPOS="1271"/>
							<String ID="string_110" HPOS="1294" VPOS="754" WIDTH="62" HEIGHT="31" WC="0.96" CONTENT="där"/><SP WIDTH="22" VPOS="754" HPOS="1356"/>
							<String ID="string_111" HPOS="1378" VPOS="754" WIDTH="251" HEIGHT="31" WC="0.96" CONTENT="allmänhetens"/><SP WIDTH="22" VPOS="754" HPOS="1629"/>
							<String ID="string_112" HPOS="1651" VPOS="754" WIDTH="109" HEIGHT="31" WC="0.96" CONTENT="besök"/>
						</TextLine>
						<TextLine ID="line_12" HPOS="252" VPOS="804" WIDTH="1508" HEIGHT="39">
							<String ID="string_113" HPOS="252" VPOS="819" WIDTH="81" HEIGHT="20" WC="0.96" CONTENT="vore"/><SP WIDTH="24" VPOS="819" HPOS="333"/>
							<String ID="string_114" HPOS="357" VPOS="808" WIDTH="84" HEIGHT="31" WC="0.96" CONTENT="eller"/><SP WIDTH="21" VPOS="808" HPOS="441"/>
							<String ID="string_115" HPOS="462" VPOS="807" WIDTH="113" HEIGHT="32" WC="0.96" CONTENT="kunde"/><SP WIDTH="22" VPOS="807" HPOS="575"/>
							<String ID="string_116" HPOS="597" VPOS="807" WIDTH="175" HEIGHT="31" WC="0.96" CONTENT="förväntas"/><SP WIDTH="21" VPOS="807" HPOS="772"/>
							<String ID="string_117" HPOS="793" VPOS="806" WIDTH="93" HEIGHT="32" WC="0.96" CONTENT="bliva"/><SP WIDTH="22" VPOS="806" HPOS="886"/>
							<String ID="string_118" HPOS="908" VPOS="805" WIDTH="130" HEIGHT="38" WC="0.93" CONTENT="talrika,"/><SP WIDTH="24" VPOS="805" HPOS="1038"/>
							<String ID="string_119" HPOS="1062" VPOS="805" WIDTH="168" HEIGHT="32" WC="0.92" CONTENT="bereddes"/><SP WIDTH="24" VPOS="805" HPOS="1230"/>
							<String ID="string_120" HPOS="1254" VPOS="815" WIDTH="42" HEIGHT="21" WC="0.96" CONTENT="en"/><SP WIDTH="23" VPOS="815" HPOS="1296"/>
							<String ID="string_121" HPOS="1319" VPOS="804" WIDTH="126" HEIGHT="32" WC="0.96" CONTENT="bostad"/><SP WIDTH="16" VPOS="804" HPOS="1445"/>
							<String ID="string_122" HPOS="1461" VPOS="815" WIDTH="55" HEIGHT="21" WC="0.96" CONTENT="om"/><SP WIDTH="17" VPOS="815" HPOS="1516"/>
							<String ID="string_123" HPOS="1533" VPOS="806" WIDTH="56" HEIGHT="29" WC="0.96" CONTENT="två"/><SP WIDTH="14" VPOS="806" HPOS="1589"/>
							<String ID="string_124" HPOS="1603" VPOS="815" WIDTH="75" HEIGHT="20" WC="0.96" CONTENT="rum"/><SP WIDTH="17" VPOS="815" HPOS="1678"/>
							<String ID="string_125" HPOS="1695" VPOS="804" WIDTH="65" HEIGHT="31" WC="0.96" CONTENT="och"/>
						</TextLine>
						<TextLine ID="line_13" HPOS="252" VPOS="854" WIDTH="1512" HEIGHT="45">
							<String ID="string_126" HPOS="252" VPOS="858" WIDTH="77" HEIGHT="32" WC="0.93" CONTENT="kök."/><SP WIDTH="46" VPOS="858" HPOS="329"/>
							<String ID="string_127" HPOS="375" VPOS="858" WIDTH="50" HEIGHT="31" WC="0.93" CONTENT="På"/><SP WIDTH="32" VPOS="858" HPOS="425"/>
							<String ID="string_128" HPOS="457" VPOS="859" WIDTH="136" HEIGHT="40" WC="0.90" CONTENT="månget"/><SP WIDTH="30" VPOS="859" HPOS="593"/>
							<String ID="string_129" HPOS="623" VPOS="857" WIDTH="72" HEIGHT="31" WC="0.95" CONTENT="håll"/><SP WIDTH="32" VPOS="857" HPOS="695"/>
							<String ID="string_130" HPOS="727" VPOS="856" WIDTH="114" HEIGHT="32" WC="0.96" CONTENT="kunde"/><SP WIDTH="34" VPOS="856" HPOS="841"/>
							<String ID="string_131" HPOS="875" VPOS="856" WIDTH="126" HEIGHT="38" WC="0.96" CONTENT="vidare,"/><SP WIDTH="34" VPOS="856" HPOS="1001"/>
							<String ID="string_132" HPOS="1035" VPOS="855" WIDTH="197" HEIGHT="32" WC="0.93" CONTENT="framhåller"/><SP WIDTH="32" VPOS="855" HPOS="1232"/>
							<String ID="string_133" HPOS="1264" VPOS="854" WIDTH="389" HEIGHT="42" WC="0.92" CONTENT="departementschefen,"/><SP WIDTH="28" VPOS="854" HPOS="1653"/>
							<String ID="string_134" HPOS="1681" VPOS="865" WIDTH="83" HEIGHT="21" WC="0.94" CONTENT="vara"/>
						</TextLine>
						<TextLine ID="line_14" HPOS="253" VPOS="906" WIDTH="828" HEIGHT="44">
							<String ID="string_135" HPOS="253" VPOS="908" WIDTH="159" HEIGHT="42" WC="0.96" CONTENT="lämpligt"/><SP WIDTH="22" VPOS="908" HPOS="412"/>
							<String ID="string_136" HPOS="434" VPOS="910" WIDTH="50" HEIGHT="29" WC="0.96" CONTENT="att"/><SP WIDTH="21" VPOS="910" HPOS="484"/>
							<String ID="string_137" HPOS="505" VPOS="907" WIDTH="127" HEIGHT="32" WC="0.96" CONTENT="bereda"/><SP WIDTH="23" VPOS="907" HPOS="632"/>
							<String ID="string_138" HPOS="655" VPOS="907" WIDTH="200" HEIGHT="32" WC="0.96" CONTENT="sköterskan"/><SP WIDTH="24" VPOS="907" HPOS="855"/>
							<String ID="string_139" HPOS="879" VPOS="906" WIDTH="43" HEIGHT="31" WC="0.96" CONTENT="fri"/><SP WIDTH="22" VPOS="906" HPOS="922"/>
							<String ID="string_140" HPOS="944" VPOS="906" WIDTH="137" HEIGHT="31" WC="0.96" CONTENT="telefon."/>
						</TextLine>
					</TextBlock>
					<TextBlock ID="block_4" HPOS="253" VPOS="955" WIDTH="1511" HEIGHT="246">
						<TextLine ID="line_15" HPOS="307" VPOS="955" WIDTH="1452" HEIGHT="45">
							<String ID="string_141" HPOS="307" VPOS="959" WIDTH="120" HEIGHT="41" WC="0.78" CONTENT="Enligt"/><SP WIDTH="22" VPOS="959" HPOS="427"/>
							<String ID="string_142" HPOS="449" VPOS="958" WIDTH="188" HEIGHT="32" WC="0.93" CONTENT="utskottets"/><SP WIDTH="22" VPOS="958" HPOS="637"/>
							<String ID="string_143" HPOS="659" VPOS="957" WIDTH="222" HEIGHT="32" WC="0.91" CONTENT="förmenande"/><SP WIDTH="24" VPOS="957" HPOS="881"/>
							<String ID="string_144" HPOS="905" VPOS="956" WIDTH="97" HEIGHT="32" WC="0.96" CONTENT="torde"/><SP WIDTH="23" VPOS="956" HPOS="1002"/>
							<String ID="string_145" HPOS="1025" VPOS="957" WIDTH="112" HEIGHT="40" WC="0.96" CONTENT="någon"/><SP WIDTH="24" VPOS="957" HPOS="1137"/>
							<String ID="string_146" HPOS="1161" VPOS="956" WIDTH="122" HEIGHT="31" WC="0.96" CONTENT="tvekan"/><SP WIDTH="23" VPOS="956" HPOS="1283"/>
							<String ID="string_147" HPOS="1306" VPOS="955" WIDTH="74" HEIGHT="31" WC="0.96" CONTENT="icke"/><SP WIDTH="20" VPOS="955" HPOS="1380"/>
							<String ID="string_148" HPOS="1400" VPOS="955" WIDTH="117" HEIGHT="31" WC="0.96" CONTENT="kunna"/><SP WIDTH="14" VPOS="955" HPOS="1517"/>
							<String ID="string_149" HPOS="1531" VPOS="955" WIDTH="83" HEIGHT="31" WC="0.96" CONTENT="råda"/><SP WIDTH="16" VPOS="955" HPOS="1614"/>
							<String ID="string_150" HPOS="1630" VPOS="955" WIDTH="129" HEIGHT="38" WC="0.96" CONTENT="därom,"/>
						</TextLine>
						<TextLine ID="line_16" HPOS="254" VPOS="1005" WIDTH="1509" HEIGHT="39">
							<String ID="string_151" HPOS="254" VPOS="1012" WIDTH="49" HEIGHT="29" WC="0.96" CONTENT="att"/><SP WIDTH="34" VPOS="1012" HPOS="303"/>
							<String ID="string_152" HPOS="337" VPOS="1010" WIDTH="60" HEIGHT="31" WC="0.95" CONTENT="det"/><SP WIDTH="34" VPOS="1010" HPOS="397"/>
							<String ID="string_153" HPOS="431" VPOS="1009" WIDTH="91" HEIGHT="32" WC="0.96" CONTENT="såväl"/><SP WIDTH="32" VPOS="1009" HPOS="522"/>
							<String ID="string_154" HPOS="554" VPOS="1009" WIDTH="53" HEIGHT="32" WC="0.96" CONTENT="för"/><SP WIDTH="34" VPOS="1009" HPOS="607"/>
							<String ID="string_155" HPOS="641" VPOS="1008" WIDTH="201" HEIGHT="32" WC="0.96" CONTENT="sköterskan"/><SP WIDTH="34" VPOS="1008" HPOS="842"/>
							<String ID="string_156" HPOS="876" VPOS="1018" WIDTH="73" HEIGHT="21" WC="0.96" CONTENT="som"/><SP WIDTH="24" VPOS="1018" HPOS="949"/>
							<String ID="string_157" HPOS="973" VPOS="1007" WIDTH="52" HEIGHT="31" WC="0.96" CONTENT="för"/><SP WIDTH="22" VPOS="1007" HPOS="1025"/>
							<String ID="string_158" HPOS="1047" VPOS="1006" WIDTH="88" HEIGHT="38" WC="0.96" CONTENT="dem,"/><SP WIDTH="24" VPOS="1006" HPOS="1135"/>
							<String ID="string_159" HPOS="1159" VPOS="1016" WIDTH="74" HEIGHT="22" WC="0.96" CONTENT="som"/><SP WIDTH="25" VPOS="1016" HPOS="1233"/>
							<String ID="string_160" HPOS="1258" VPOS="1006" WIDTH="97" HEIGHT="31" WC="0.96" CONTENT="skola"/><SP WIDTH="22" VPOS="1006" HPOS="1355"/>
							<String ID="string_161" HPOS="1377" VPOS="1005" WIDTH="107" HEIGHT="32" WC="0.95" CONTENT="anlita"/><SP WIDTH="22" VPOS="1005" HPOS="1484"/>
							<String ID="string_162" HPOS="1506" VPOS="1006" WIDTH="121" HEIGHT="38" WC="0.95" CONTENT="henne,"/><SP WIDTH="25" VPOS="1006" HPOS="1627"/>
							<String ID="string_163" HPOS="1652" VPOS="1007" WIDTH="111" HEIGHT="30" WC="0.96" CONTENT="måste"/>
						</TextLine>
						<TextLine ID="line_17" HPOS="253" VPOS="1056" WIDTH="1511" HEIGHT="45">
							<String ID="string_164" HPOS="253" VPOS="1072" WIDTH="81" HEIGHT="20" WC="0.95" CONTENT="vara"/><SP WIDTH="21" VPOS="1072" HPOS="334"/>
							<String ID="string_165" HPOS="355" VPOS="1061" WIDTH="12" HEIGHT="31" WC="0.96" CONTENT="i"/><SP WIDTH="24" VPOS="1061" HPOS="367"/>
							<String ID="string_166" HPOS="391" VPOS="1061" WIDTH="123" HEIGHT="40" WC="0.96" CONTENT="högsta"/><SP WIDTH="21" VPOS="1061" HPOS="514"/>
							<String ID="string_167" HPOS="535" VPOS="1059" WIDTH="85" HEIGHT="42" WC="0.95" CONTENT="grad"/><SP WIDTH="23" VPOS="1059" HPOS="620"/>
							<String ID="string_168" HPOS="643" VPOS="1058" WIDTH="186" HEIGHT="41" WC="0.95" CONTENT="olämpligt,"/><SP WIDTH="26" VPOS="1058" HPOS="829"/>
							<String ID="string_169" HPOS="855" VPOS="1060" WIDTH="51" HEIGHT="29" WC="0.96" CONTENT="att"/><SP WIDTH="22" VPOS="1060" HPOS="906"/>
							<String ID="string_170" HPOS="928" VPOS="1056" WIDTH="214" HEIGHT="42" WC="0.95" CONTENT="mottagning"/><SP WIDTH="23" VPOS="1056" HPOS="1142"/>
							<String ID="string_171" HPOS="1165" VPOS="1056" WIDTH="64" HEIGHT="32" WC="0.96" CONTENT="och"/><SP WIDTH="23" VPOS="1056" HPOS="1229"/>
							<String ID="string_172" HPOS="1252" VPOS="1056" WIDTH="211" HEIGHT="42" WC="0.96" CONTENT="behandling"/><SP WIDTH="23" VPOS="1056" HPOS="1463"/>
							<String ID="string_173" HPOS="1486" VPOS="1056" WIDTH="78" HEIGHT="31" WC="0.79" CONTENT="sker"/><SP WIDTH="15" VPOS="1056" HPOS="1564"/>
							<String ID="string_174" HPOS="1579" VPOS="1056" WIDTH="11" HEIGHT="31" WC="0.79" CONTENT="i"/><SP WIDTH="16" VPOS="1056" HPOS="1590"/>
							<String ID="string_175" HPOS="1606" VPOS="1056" WIDTH="158" HEIGHT="32" WC="0.91" CONTENT="bostads-"/>
						</TextLine>
						<TextLine ID="line_18" HPOS="253" VPOS="1106" WIDTH="1509" HEIGHT="43">
							<String ID="string_176" HPOS="253" VPOS="1113" WIDTH="158" HEIGHT="30" WC="0.96" CONTENT="rummet."/><SP WIDTH="45" VPOS="1113" HPOS="411"/>
							<String ID="string_177" HPOS="456" VPOS="1111" WIDTH="68" HEIGHT="31" WC="0.96" CONTENT="Det"/><SP WIDTH="22" VPOS="1111" HPOS="524"/>
							<String ID="string_178" HPOS="546" VPOS="1110" WIDTH="100" HEIGHT="32" WC="0.96" CONTENT="torde"/><SP WIDTH="23" VPOS="1110" HPOS="646"/>
							<String ID="string_179" HPOS="669" VPOS="1109" WIDTH="73" HEIGHT="32" WC="0.96" CONTENT="icke"/><SP WIDTH="23" VPOS="1109" HPOS="742"/>
							<String ID="string_180" HPOS="765" VPOS="1110" WIDTH="112" HEIGHT="30" WC="0.96" CONTENT="finnas"/><SP WIDTH="24" VPOS="1110" HPOS="877"/>
							<String ID="string_181" HPOS="901" VPOS="1110" WIDTH="112" HEIGHT="39" WC="0.96" CONTENT="någon"/><SP WIDTH="24" VPOS="1110" HPOS="1013"/>
							<String ID="string_182" HPOS="1037" VPOS="1109" WIDTH="62" HEIGHT="36" WC="0.95" CONTENT="ort,"/><SP WIDTH="26" VPOS="1109" HPOS="1099"/>
							<String ID="string_183" HPOS="1125" VPOS="1107" WIDTH="60" HEIGHT="31" WC="0.93" CONTENT="där"/><SP WIDTH="23" VPOS="1107" HPOS="1185"/>
							<String ID="string_184" HPOS="1208" VPOS="1106" WIDTH="239" HEIGHT="32" WC="0.91" CONTENT="anordnandet"/><SP WIDTH="22" VPOS="1106" HPOS="1447"/>
							<String ID="string_185" HPOS="1469" VPOS="1117" WIDTH="40" HEIGHT="21" WC="0.96" CONTENT="av"/><SP WIDTH="23" VPOS="1117" HPOS="1509"/>
							<String ID="string_186" HPOS="1532" VPOS="1108" WIDTH="56" HEIGHT="30" WC="0.96" CONTENT="två"/><SP WIDTH="15" VPOS="1108" HPOS="1588"/>
							<String ID="string_187" HPOS="1603" VPOS="1118" WIDTH="76" HEIGHT="20" WC="0.96" CONTENT="rum"/><SP WIDTH="17" VPOS="1118" HPOS="1679"/>
							<String ID="string_188" HPOS="1696" VPOS="1107" WIDTH="66" HEIGHT="31" WC="0.96" CONTENT="och"/>
						</TextLine>
						<TextLine ID="line_19" HPOS="254" VPOS="1158" WIDTH="1059" HEIGHT="43">
							<String ID="string_189" HPOS="254" VPOS="1162" WIDTH="68" HEIGHT="32" WC="0.96" CONTENT="kök"/><SP WIDTH="22" VPOS="1162" HPOS="322"/>
							<String ID="string_190" HPOS="344" VPOS="1162" WIDTH="54" HEIGHT="31" WC="0.96" CONTENT="för"/><SP WIDTH="23" VPOS="1162" HPOS="398"/>
							<String ID="string_191" HPOS="421" VPOS="1161" WIDTH="202" HEIGHT="32" WC="0.96" CONTENT="sköterskan"/><SP WIDTH="24" VPOS="1161" HPOS="623"/>
							<String ID="string_192" HPOS="647" VPOS="1160" WIDTH="111" HEIGHT="32" WC="0.96" CONTENT="skulle"/><SP WIDTH="23" VPOS="1160" HPOS="758"/>
							<String ID="string_193" HPOS="781" VPOS="1161" WIDTH="92" HEIGHT="30" WC="0.96" CONTENT="stöta"/><SP WIDTH="22" VPOS="1161" HPOS="873"/>
							<String ID="string_194" HPOS="895" VPOS="1161" WIDTH="45" HEIGHT="40" WC="0.96" CONTENT="på"/><SP WIDTH="23" VPOS="1161" HPOS="940"/>
							<String ID="string_195" HPOS="963" VPOS="1160" WIDTH="109" HEIGHT="30" WC="0.96" CONTENT="större"/><SP WIDTH="23" VPOS="1160" HPOS="1072"/>
							<String ID="string_196" HPOS="1095" VPOS="1158" WIDTH="218" HEIGHT="41" WC="0.96" CONTENT="svårigheter."/>
						</TextLine>
					</TextBlock>
					<TextBlock ID="block_5" HPOS="255" VPOS="1207" WIDTH="1510" HEIGHT="189">
						<TextLine ID="line_20" HPOS="306" VPOS="1207" WIDTH="1455" HEIGHT="42">
							<String ID="string_197" HPOS="306" VPOS="1212" WIDTH="71" HEIGHT="32" WC="0.96" CONTENT="För"/><SP WIDTH="29" VPOS="1212" HPOS="377"/>
							<String ID="string_198" HPOS="406" VPOS="1214" WIDTH="50" HEIGHT="30" WC="0.96" CONTENT="att"/><SP WIDTH="31" VPOS="1214" HPOS="456"/>
							<String ID="string_199" HPOS="487" VPOS="1211" WIDTH="196" HEIGHT="32" WC="0.93" CONTENT="underlätta"/><SP WIDTH="34" VPOS="1211" HPOS="683"/>
							<String ID="string_200" HPOS="717" VPOS="1210" WIDTH="223" HEIGHT="32" WC="0.92" CONTENT="sköterskans"/><SP WIDTH="24" VPOS="1210" HPOS="940"/>
							<String ID="string_201" HPOS="964" VPOS="1208" WIDTH="213" HEIGHT="32" WC="0.91" CONTENT="tillkallande"/><SP WIDTH="22" VPOS="1208" HPOS="1177"/>
							<String ID="string_202" HPOS="1199" VPOS="1208" WIDTH="58" HEIGHT="31" WC="0.93" CONTENT="vid"/><SP WIDTH="23" VPOS="1208" HPOS="1257"/>
							<String ID="string_203" HPOS="1280" VPOS="1207" WIDTH="191" HEIGHT="42" WC="0.91" CONTENT="sjukdoms-"/><SP WIDTH="24" VPOS="1207" HPOS="1471"/>
							<String ID="string_204" HPOS="1495" VPOS="1208" WIDTH="61" HEIGHT="31" WC="0.96" CONTENT="och"/><SP WIDTH="26" VPOS="1208" HPOS="1556"/>
							<String ID="string_205" HPOS="1582" VPOS="1207" WIDTH="179" HEIGHT="41" WC="0.96" CONTENT="olycksfall"/>
						</TextLine>
						<TextLine ID="line_21" HPOS="255" VPOS="1258" WIDTH="1510" HEIGHT="46">
							<String ID="string_206" HPOS="255" VPOS="1266" WIDTH="90" HEIGHT="29" WC="0.96" CONTENT="samt"/><SP WIDTH="21" VPOS="1266" HPOS="345"/>
							<String ID="string_207" HPOS="366" VPOS="1263" WIDTH="54" HEIGHT="32" WC="0.96" CONTENT="för"/><SP WIDTH="22" VPOS="1263" HPOS="420"/>
							<String ID="string_208" HPOS="442" VPOS="1265" WIDTH="50" HEIGHT="29" WC="0.95" CONTENT="att"/><SP WIDTH="22" VPOS="1265" HPOS="492"/>
							<String ID="string_209" HPOS="514" VPOS="1262" WIDTH="211" HEIGHT="42" WC="0.95" CONTENT="möjliggöra,"/><SP WIDTH="24" VPOS="1262" HPOS="725"/>
							<String ID="string_210" HPOS="749" VPOS="1263" WIDTH="50" HEIGHT="29" WC="0.96" CONTENT="att"/><SP WIDTH="23" VPOS="1263" HPOS="799"/>
							<String ID="string_211" HPOS="822" VPOS="1260" WIDTH="203" HEIGHT="32" WC="0.96" CONTENT="sköterskan"/><SP WIDTH="25" VPOS="1260" HPOS="1025"/>
							<String ID="string_212" HPOS="1050" VPOS="1259" WIDTH="126" HEIGHT="32" WC="0.96" CONTENT="snabbt"/><SP WIDTH="27" VPOS="1259" HPOS="1176"/>
							<String ID="string_213" HPOS="1203" VPOS="1258" WIDTH="86" HEIGHT="32" WC="0.96" CONTENT="skall"/><SP WIDTH="22" VPOS="1258" HPOS="1289"/>
							<String ID="string_214" HPOS="1311" VPOS="1258" WIDTH="117" HEIGHT="31" WC="0.96" CONTENT="kunna"/><SP WIDTH="21" VPOS="1258" HPOS="1428"/>
							<String ID="string_215" HPOS="1449" VPOS="1258" WIDTH="138" HEIGHT="32" WC="0.96" CONTENT="komma"/><SP WIDTH="22" VPOS="1258" HPOS="1587"/>
							<String ID="string_216" HPOS="1609" VPOS="1258" WIDTH="6" HEIGHT="31" WC="0.92" CONTENT="i"/><SP WIDTH="21" VPOS="1258" HPOS="1615"/>
							<String ID="string_217" HPOS="1636" VPOS="1258" WIDTH="129" HEIGHT="32" WC="0.91" CONTENT="förbin-"/>
						</TextLine>
						<TextLine ID="line_22" HPOS="255" VPOS="1308" WIDTH="1508" HEIGHT="43">
							<String ID="string_218" HPOS="255" VPOS="1314" WIDTH="96" HEIGHT="32" WC="0.96" CONTENT="delse"/><SP WIDTH="24" VPOS="1314" HPOS="351"/>
							<String ID="string_219" HPOS="375" VPOS="1313" WIDTH="79" HEIGHT="32" WC="0.95" CONTENT="med"/><SP WIDTH="21" VPOS="1313" HPOS="454"/>
							<String ID="string_220" HPOS="475" VPOS="1313" WIDTH="148" HEIGHT="38" WC="0.95" CONTENT="läkaren,"/><SP WIDTH="24" VPOS="1313" HPOS="623"/>
							<String ID="string_221" HPOS="647" VPOS="1314" WIDTH="37" HEIGHT="30" WC="0.96" CONTENT="är"/><SP WIDTH="22" VPOS="1314" HPOS="684"/>
							<String ID="string_222" HPOS="706" VPOS="1312" WIDTH="59" HEIGHT="32" WC="0.96" CONTENT="det"/><SP WIDTH="20" VPOS="1312" HPOS="765"/>
							<String ID="string_223" HPOS="785" VPOS="1311" WIDTH="117" HEIGHT="32" WC="0.96" CONTENT="vidare"/><SP WIDTH="23" VPOS="1311" HPOS="902"/>
							<String ID="string_224" HPOS="925" VPOS="1310" WIDTH="220" HEIGHT="41" WC="0.96" CONTENT="nödvändigt,"/><SP WIDTH="24" VPOS="1310" HPOS="1145"/>
							<String ID="string_225" HPOS="1169" VPOS="1311" WIDTH="50" HEIGHT="30" WC="0.96" CONTENT="att"/><SP WIDTH="22" VPOS="1311" HPOS="1219"/>
							<String ID="string_226" HPOS="1241" VPOS="1309" WIDTH="213" HEIGHT="38" WC="0.96" CONTENT="sköterskan,"/><SP WIDTH="24" VPOS="1309" HPOS="1454"/>
							<String ID="string_227" HPOS="1478" VPOS="1309" WIDTH="62" HEIGHT="31" WC="0.96" CONTENT="där"/><SP WIDTH="16" VPOS="1309" HPOS="1540"/>
							<String ID="string_228" HPOS="1556" VPOS="1311" WIDTH="38" HEIGHT="29" WC="0.96" CONTENT="så"/><SP WIDTH="15" VPOS="1311" HPOS="1594"/>
							<String ID="string_229" HPOS="1609" VPOS="1309" WIDTH="66" HEIGHT="31" WC="0.96" CONTENT="kan"/><SP WIDTH="16" VPOS="1309" HPOS="1675"/>
							<String ID="string_230" HPOS="1691" VPOS="1308" WIDTH="72" HEIGHT="39" WC="0.95" CONTENT="ske,"/>
						</TextLine>
						<TextLine ID="line_23" HPOS="255" VPOS="1363" WIDTH="372" HEIGHT="33">
							<String ID="string_231" HPOS="255" VPOS="1364" WIDTH="147" HEIGHT="32" WC="0.92" CONTENT="beredes"/><SP WIDTH="23" VPOS="1364" HPOS="402"/>
							<String ID="string_232" HPOS="425" VPOS="1364" WIDTH="42" HEIGHT="31" WC="0.96" CONTENT="fri"/><SP WIDTH="22" VPOS="1364" HPOS="467"/>
							<String ID="string_233" HPOS="489" VPOS="1363" WIDTH="138" HEIGHT="32" WC="0.96" CONTENT="telefon."/>
						</TextLine>
					</TextBlock>
					<TextBlock ID="block_6" HPOS="256" VPOS="1409" WIDTH="1510" HEIGHT="300">
						<TextLine ID="line_24" HPOS="308" VPOS="1409" WIDTH="1458" HEIGHT="47">
							<String ID="string_234" HPOS="308" VPOS="1415" WIDTH="54" HEIGHT="31" WC="0.96" CONTENT="De"/><SP WIDTH="35" VPOS="1415" HPOS="362"/>
							<String ID="string_235" HPOS="397" VPOS="1414" WIDTH="222" HEIGHT="42" WC="0.95" CONTENT="synpunkter,"/><SP WIDTH="35" VPOS="1414" HPOS="619"/>
							<String ID="string_236" HPOS="654" VPOS="1413" WIDTH="168" HEIGHT="32" WC="0.96" CONTENT="utskottet"/><SP WIDTH="33" VPOS="1413" HPOS="822"/>
							<String ID="string_237" HPOS="855" VPOS="1411" WIDTH="146" HEIGHT="32" WC="0.96" CONTENT="sålunda"/><SP WIDTH="32" VPOS="1411" HPOS="1001"/>
							<String ID="string_238" HPOS="1033" VPOS="1410" WIDTH="83" HEIGHT="42" WC="0.95" CONTENT="givit"/><SP WIDTH="32" VPOS="1410" HPOS="1116"/>
							<String ID="string_239" HPOS="1148" VPOS="1410" WIDTH="135" HEIGHT="41" WC="0.96" CONTENT="uttryck"/><SP WIDTH="22" VPOS="1410" HPOS="1283"/>
							<String ID="string_240" HPOS="1305" VPOS="1411" WIDTH="43" HEIGHT="37" WC="0.95" CONTENT="åt,"/><SP WIDTH="25" VPOS="1411" HPOS="1348"/>
							<String ID="string_241" HPOS="1373" VPOS="1411" WIDTH="59" HEIGHT="30" WC="0.96" CONTENT="äro"/><SP WIDTH="23" VPOS="1411" HPOS="1432"/>
							<String ID="string_242" HPOS="1455" VPOS="1420" WIDTH="40" HEIGHT="20" WC="0.96" CONTENT="av"/><SP WIDTH="23" VPOS="1420" HPOS="1495"/>
							<String ID="string_243" HPOS="1518" VPOS="1409" WIDTH="67" HEIGHT="32" WC="0.96" CONTENT="den"/><SP WIDTH="22" VPOS="1409" HPOS="1585"/>
							<String ID="string_244" HPOS="1607" VPOS="1409" WIDTH="81" HEIGHT="39" WC="0.95" CONTENT="vikt,"/><SP WIDTH="25" VPOS="1409" HPOS="1688"/>
							<String ID="string_245" HPOS="1713" VPOS="1411" WIDTH="53" HEIGHT="30" WC="0.96" CONTENT="att"/>
						</TextLine>
						<TextLine ID="line_25" HPOS="256" VPOS="1459" WIDTH="1507" HEIGHT="42">
							<String ID="string_246" HPOS="256" VPOS="1465" WIDTH="124" HEIGHT="32" WC="0.96" CONTENT="enbart"/><SP WIDTH="22" VPOS="1465" HPOS="380"/>
							<String ID="string_247" HPOS="402" VPOS="1467" WIDTH="50" HEIGHT="29" WC="0.96" CONTENT="ett"/><SP WIDTH="21" VPOS="1467" HPOS="452"/>
							<String ID="string_248" HPOS="473" VPOS="1464" WIDTH="177" HEIGHT="32" WC="0.96" CONTENT="uttalande"/><SP WIDTH="22" VPOS="1464" HPOS="650"/>
							<String ID="string_249" HPOS="672" VPOS="1463" WIDTH="55" HEIGHT="32" WC="0.96" CONTENT="till"/><SP WIDTH="21" VPOS="1463" HPOS="727"/>
							<String ID="string_250" HPOS="748" VPOS="1463" WIDTH="133" HEIGHT="32" WC="0.96" CONTENT="förmån"/><SP WIDTH="23" VPOS="1463" HPOS="881"/>
							<String ID="string_251" HPOS="904" VPOS="1462" WIDTH="53" HEIGHT="31" WC="0.96" CONTENT="för"/><SP WIDTH="22" VPOS="1462" HPOS="957"/>
							<String ID="string_252" HPOS="979" VPOS="1461" WIDTH="174" HEIGHT="32" WC="0.95" CONTENT="desamma"/><SP WIDTH="22" VPOS="1461" HPOS="1153"/>
							<String ID="string_253" HPOS="1175" VPOS="1460" WIDTH="74" HEIGHT="32" WC="0.95" CONTENT="icke"/><SP WIDTH="23" VPOS="1460" HPOS="1249"/>
							<String ID="string_254" HPOS="1272" VPOS="1460" WIDTH="99" HEIGHT="32" WC="0.96" CONTENT="torde"/><SP WIDTH="22" VPOS="1460" HPOS="1371"/>
							<String ID="string_255" HPOS="1393" VPOS="1471" WIDTH="81" HEIGHT="20" WC="0.93" CONTENT="vara"/><SP WIDTH="14" VPOS="1471" HPOS="1474"/>
							<String ID="string_256" HPOS="1488" VPOS="1460" WIDTH="181" HEIGHT="41" WC="0.91" CONTENT="tillfyllest."/><SP WIDTH="24" VPOS="1460" HPOS="1669"/>
							<String ID="string_257" HPOS="1693" VPOS="1459" WIDTH="70" HEIGHT="32" WC="0.96" CONTENT="Det"/>
						</TextLine>
						<TextLine ID="line_26" HPOS="257" VPOS="1510" WIDTH="1508" HEIGHT="48">
							<String ID="string_258" HPOS="257" VPOS="1527" WIDTH="105" HEIGHT="31" WC="0.96" CONTENT="synes"/><SP WIDTH="23" VPOS="1527" HPOS="362"/>
							<String ID="string_259" HPOS="385" VPOS="1515" WIDTH="169" HEIGHT="32" WC="0.95" CONTENT="utskottet"/><SP WIDTH="15" VPOS="1515" HPOS="554"/>
							<String ID="string_260" HPOS="569" VPOS="1515" WIDTH="11" HEIGHT="31" WC="0.96" CONTENT="i"/><SP WIDTH="17" VPOS="1515" HPOS="580"/>
							<String ID="string_261" HPOS="597" VPOS="1514" WIDTH="117" HEIGHT="32" WC="0.96" CONTENT="stället"/><SP WIDTH="20" VPOS="1514" HPOS="714"/>
							<String ID="string_262" HPOS="734" VPOS="1513" WIDTH="84" HEIGHT="32" WC="0.96" CONTENT="böra"/><SP WIDTH="24" VPOS="1513" HPOS="818"/>
							<String ID="string_263" HPOS="842" VPOS="1513" WIDTH="125" HEIGHT="42" WC="0.96" CONTENT="skapas"/><SP WIDTH="23" VPOS="1513" HPOS="967"/>
							<String ID="string_264" HPOS="990" VPOS="1511" WIDTH="170" HEIGHT="43" WC="0.95" CONTENT="garantier"/><SP WIDTH="22" VPOS="1511" HPOS="1160"/>
							<String ID="string_265" HPOS="1182" VPOS="1511" WIDTH="52" HEIGHT="31" WC="0.96" CONTENT="för"/><SP WIDTH="15" VPOS="1511" HPOS="1234"/>
							<String ID="string_266" HPOS="1249" VPOS="1512" WIDTH="51" HEIGHT="30" WC="0.96" CONTENT="att"/><SP WIDTH="16" VPOS="1512" HPOS="1300"/>
							<String ID="string_267" HPOS="1316" VPOS="1510" WIDTH="202" HEIGHT="32" WC="0.96" CONTENT="sköterskan"/><SP WIDTH="16" VPOS="1510" HPOS="1518"/>
							<String ID="string_268" HPOS="1534" VPOS="1510" WIDTH="231" HEIGHT="31" WC="0.96" CONTENT="tillförsäkras"/>
						</TextLine>
						<TextLine ID="line_27" HPOS="257" VPOS="1560" WIDTH="1507" HEIGHT="47">
							<String ID="string_269" HPOS="257" VPOS="1566" WIDTH="94" HEIGHT="32" WC="0.96" CONTENT="såväl"/><SP WIDTH="23" VPOS="1566" HPOS="351"/>
							<String ID="string_270" HPOS="374" VPOS="1565" WIDTH="310" HEIGHT="42" WC="0.96" CONTENT="mottagningsrum"/><SP WIDTH="24" VPOS="1565" HPOS="684"/>
							<String ID="string_271" HPOS="708" VPOS="1575" WIDTH="83" HEIGHT="27" WC="0.96" CONTENT="som,"/><SP WIDTH="25" VPOS="1575" HPOS="791"/>
							<String ID="string_272" HPOS="816" VPOS="1564" WIDTH="61" HEIGHT="31" WC="0.96" CONTENT="där"/><SP WIDTH="23" VPOS="1564" HPOS="877"/>
							<String ID="string_273" HPOS="900" VPOS="1565" WIDTH="38" HEIGHT="30" WC="0.96" CONTENT="så"/><SP WIDTH="21" VPOS="1565" HPOS="938"/>
							<String ID="string_274" HPOS="959" VPOS="1563" WIDTH="66" HEIGHT="31" WC="0.96" CONTENT="kan"/><SP WIDTH="24" VPOS="1563" HPOS="1025"/>
							<String ID="string_275" HPOS="1049" VPOS="1562" WIDTH="68" HEIGHT="38" WC="0.96" CONTENT="ske,"/><SP WIDTH="24" VPOS="1562" HPOS="1117"/>
							<String ID="string_276" HPOS="1141" VPOS="1561" WIDTH="43" HEIGHT="32" WC="0.96" CONTENT="fri"/><SP WIDTH="16" VPOS="1561" HPOS="1184"/>
							<String ID="string_277" HPOS="1200" VPOS="1561" WIDTH="137" HEIGHT="32" WC="0.95" CONTENT="telefon."/><SP WIDTH="37" VPOS="1561" HPOS="1337"/>
							<String ID="string_278" HPOS="1374" VPOS="1561" WIDTH="70" HEIGHT="31" WC="0.96" CONTENT="För"/><SP WIDTH="19" VPOS="1561" HPOS="1444"/>
							<String ID="string_279" HPOS="1463" VPOS="1560" WIDTH="66" HEIGHT="32" WC="0.95" CONTENT="den"/><SP WIDTH="25" VPOS="1560" HPOS="1529"/>
							<String ID="string_280" HPOS="1554" VPOS="1560" WIDTH="88" HEIGHT="32" WC="0.96" CONTENT="skull"/><SP WIDTH="24" VPOS="1560" HPOS="1642"/>
							<String ID="string_281" HPOS="1666" VPOS="1560" WIDTH="63" HEIGHT="31" WC="0.96" CONTENT="bör"/><SP WIDTH="21" VPOS="1560" HPOS="1729"/>
							<String ID="string_282" HPOS="1750" VPOS="1560" WIDTH="14" HEIGHT="30" WC="0.96" CONTENT="i"/>
						</TextLine>
						<TextLine ID="line_28" HPOS="256" VPOS="1610" WIDTH="1510" HEIGHT="47">
							<String ID="string_283" HPOS="256" VPOS="1616" WIDTH="163" HEIGHT="33" WC="0.93" CONTENT="blivande"/><SP WIDTH="30" VPOS="1616" HPOS="419"/>
							<String ID="string_284" HPOS="449" VPOS="1615" WIDTH="437" HEIGHT="42" WC="0.90" CONTENT="statsbidragskungörelse"/><SP WIDTH="23" VPOS="1615" HPOS="886"/>
							<String ID="string_285" HPOS="909" VPOS="1614" WIDTH="134" HEIGHT="41" WC="0.92" CONTENT="intagas"/><SP WIDTH="23" VPOS="1614" HPOS="1043"/>
							<String ID="string_286" HPOS="1066" VPOS="1611" WIDTH="174" HEIGHT="33" WC="0.96" CONTENT="föreskrift"/><SP WIDTH="22" VPOS="1611" HPOS="1240"/>
							<String ID="string_287" HPOS="1262" VPOS="1623" WIDTH="40" HEIGHT="20" WC="0.96" CONTENT="av"/><SP WIDTH="24" VPOS="1623" HPOS="1302"/>
							<String ID="string_288" HPOS="1326" VPOS="1611" WIDTH="58" HEIGHT="32" WC="0.96" CONTENT="det"/><SP WIDTH="22" VPOS="1611" HPOS="1384"/>
							<String ID="string_289" HPOS="1406" VPOS="1611" WIDTH="163" HEIGHT="38" WC="0.95" CONTENT="innehåll,"/><SP WIDTH="24" VPOS="1611" HPOS="1569"/>
							<String ID="string_290" HPOS="1593" VPOS="1610" WIDTH="173" HEIGHT="32" WC="0.96" CONTENT="utskottet"/>
						</TextLine>
						<TextLine ID="line_29" HPOS="258" VPOS="1667" WIDTH="268" HEIGHT="42">
							<String ID="string_291" HPOS="258" VPOS="1679" WIDTH="87" HEIGHT="21" WC="0.96" CONTENT="ovan"/><SP WIDTH="24" VPOS="1679" HPOS="345"/>
							<String ID="string_292" HPOS="369" VPOS="1667" WIDTH="157" HEIGHT="42" WC="0.0" CONTENT="angivit.»"/>
						</TextLine>
					</TextBlock>
				</ComposedBlock>
				<ComposedBlock ID="cblock_2" HPOS="258" VPOS="1764" WIDTH="1510" HEIGHT="198">
					<TextBlock ID="block_7" HPOS="258" VPOS="1764" WIDTH="1510" HEIGHT="198">
						<TextLine ID="line_30" HPOS="310" VPOS="1764" WIDTH="1451" HEIGHT="47">
							<String ID="string_293" HPOS="310" VPOS="1770" WIDTH="31" HEIGHT="41" WC="0.95" CONTENT="5)"/><SP WIDTH="23" VPOS="1770" HPOS="341"/>
							<String ID="string_294" HPOS="364" VPOS="1781" WIDTH="42" HEIGHT="20" WC="0.95" CONTENT="av"/><SP WIDTH="29" VPOS="1781" HPOS="406"/>
							<String ID="string_295" HPOS="435" VPOS="1769" WIDTH="78" HEIGHT="32" WC="0.96" CONTENT="herr"/><SP WIDTH="24" VPOS="1769" HPOS="513"/>
							<String ID="string_296" HPOS="537" VPOS="1768" WIDTH="158" HEIGHT="33" WC="0.96" CONTENT="Svensson"/><SP WIDTH="30" VPOS="1768" HPOS="695"/>
							<String ID="string_297" HPOS="725" VPOS="1767" WIDTH="4" HEIGHT="31" WC="0.93" CONTENT="i"/><SP WIDTH="22" VPOS="1767" HPOS="729"/>
							<String ID="string_298" HPOS="751" VPOS="1766" WIDTH="272" HEIGHT="42" WC="0.92" CONTENT="Kompersmåla,"/><SP WIDTH="25" VPOS="1766" HPOS="1023"/>
							<String ID="string_299" HPOS="1048" VPOS="1776" WIDTH="74" HEIGHT="21" WC="0.95" CONTENT="som"/><SP WIDTH="23" VPOS="1776" HPOS="1122"/>
							<String ID="string_300" HPOS="1145" VPOS="1767" WIDTH="123" HEIGHT="36" WC="0.96" CONTENT="ansett,"/><SP WIDTH="24" VPOS="1767" HPOS="1268"/>
							<String ID="string_301" HPOS="1292" VPOS="1766" WIDTH="51" HEIGHT="29" WC="0.96" CONTENT="att"/><SP WIDTH="22" VPOS="1766" HPOS="1343"/>
							<String ID="string_302" HPOS="1365" VPOS="1764" WIDTH="169" HEIGHT="32" WC="0.96" CONTENT="utskottet"/><SP WIDTH="22" VPOS="1764" HPOS="1534"/>
							<String ID="string_303" HPOS="1556" VPOS="1764" WIDTH="12" HEIGHT="31" WC="0.96" CONTENT="i"/><SP WIDTH="23" VPOS="1764" HPOS="1568"/>
							<String ID="string_304" HPOS="1591" VPOS="1764" WIDTH="93" HEIGHT="40" WC="0.96" CONTENT="fråga"/><SP WIDTH="22" VPOS="1764" HPOS="1684"/>
							<String ID="string_305" HPOS="1706" VPOS="1772" WIDTH="55" HEIGHT="21" WC="0.96" CONTENT="om"/>
						</TextLine>
						<TextLine ID="line_31" HPOS="258" VPOS="1813" WIDTH="1505" HEIGHT="48">
							<String ID="string_306" HPOS="258" VPOS="1820" WIDTH="212" HEIGHT="41" WC="0.96" CONTENT="statsbidrag"/><SP WIDTH="22" VPOS="1820" HPOS="470"/>
							<String ID="string_307" HPOS="492" VPOS="1820" WIDTH="53" HEIGHT="31" WC="0.93" CONTENT="till"/><SP WIDTH="23" VPOS="1820" HPOS="545"/>
							<String ID="string_308" HPOS="568" VPOS="1817" WIDTH="359" HEIGHT="33" WC="0.92" CONTENT="distriktssköterskas"/><SP WIDTH="23" VPOS="1817" HPOS="927"/>
							<String ID="string_309" HPOS="950" VPOS="1816" WIDTH="190" HEIGHT="32" WC="0.92" CONTENT="avlönande"/><SP WIDTH="23" VPOS="1816" HPOS="1140"/>
							<String ID="string_310" HPOS="1163" VPOS="1815" WIDTH="74" HEIGHT="42" WC="0.96" CONTENT="(sid."/><SP WIDTH="20" VPOS="1815" HPOS="1237"/>
							<String ID="string_311" HPOS="1257" VPOS="1814" WIDTH="49" HEIGHT="43" WC="0.95" CONTENT="15)"/><SP WIDTH="15" VPOS="1814" HPOS="1306"/>
							<String ID="string_312" HPOS="1321" VPOS="1815" WIDTH="80" HEIGHT="32" WC="0.96" CONTENT="bort"/><SP WIDTH="16" VPOS="1815" HPOS="1401"/>
							<String ID="string_313" HPOS="1417" VPOS="1814" WIDTH="78" HEIGHT="32" WC="0.96" CONTENT="med"/><SP WIDTH="15" VPOS="1814" HPOS="1495"/>
							<String ID="string_314" HPOS="1510" VPOS="1814" WIDTH="96" HEIGHT="32" WC="0.95" CONTENT="bifall"/><SP WIDTH="17" VPOS="1814" HPOS="1606"/>
							<String ID="string_315" HPOS="1623" VPOS="1814" WIDTH="10" HEIGHT="31" WC="0.95" CONTENT="i"/><SP WIDTH="17" VPOS="1814" HPOS="1633"/>
							<String ID="string_316" HPOS="1650" VPOS="1813" WIDTH="113" HEIGHT="31" WC="0.96" CONTENT="denna"/>
						</TextLine>
						<TextLine ID="line_32" HPOS="258" VPOS="1862" WIDTH="1510" HEIGHT="49">
							<String ID="string_317" HPOS="258" VPOS="1872" WIDTH="56" HEIGHT="31" WC="0.96" CONTENT="del"/><SP WIDTH="34" VPOS="1872" HPOS="314"/>
							<String ID="string_318" HPOS="348" VPOS="1871" WIDTH="54" HEIGHT="31" WC="0.96" CONTENT="till"/><SP WIDTH="34" VPOS="1871" HPOS="402"/>
							<String ID="string_319" HPOS="436" VPOS="1870" WIDTH="41" HEIGHT="32" WC="0.95" CONTENT="de"/><SP WIDTH="22" VPOS="1870" HPOS="477"/>
							<String ID="string_320" HPOS="499" VPOS="1869" WIDTH="220" HEIGHT="42" WC="0.96" CONTENT="likalydande"/><SP WIDTH="24" VPOS="1869" HPOS="719"/>
							<String ID="string_321" HPOS="743" VPOS="1868" WIDTH="216" HEIGHT="31" WC="0.96" CONTENT="motionerna"/><SP WIDTH="21" VPOS="1868" HPOS="959"/>
							<String ID="string_322" HPOS="980" VPOS="1866" WIDTH="27" HEIGHT="32" WC="0.9" CONTENT="I:"/><SP WIDTH="14" VPOS="1866" HPOS="1007"/>
							<String ID="string_323" HPOS="1021" VPOS="1866" WIDTH="62" HEIGHT="32" WC="0.9" CONTENT="305"/><SP WIDTH="23" VPOS="1866" HPOS="1083"/>
							<String ID="string_324" HPOS="1106" VPOS="1866" WIDTH="64" HEIGHT="31" WC="0.93" CONTENT="och"/><SP WIDTH="22" VPOS="1866" HPOS="1170"/>
							<String ID="string_325" HPOS="1192" VPOS="1865" WIDTH="123" HEIGHT="32" WC="0.78" CONTENT="II:532"/><SP WIDTH="23" VPOS="1865" HPOS="1315"/>
							<String ID="string_326" HPOS="1338" VPOS="1865" WIDTH="118" HEIGHT="39" WC="0.96" CONTENT="uttala,"/><SP WIDTH="24" VPOS="1865" HPOS="1456"/>
							<String ID="string_327" HPOS="1480" VPOS="1866" WIDTH="50" HEIGHT="30" WC="0.96" CONTENT="att"/><SP WIDTH="23" VPOS="1866" HPOS="1530"/>
							<String ID="string_328" HPOS="1553" VPOS="1862" WIDTH="215" HEIGHT="41" WC="0.94" CONTENT="statsbidrag"/>
						</TextLine>
						<TextLine ID="line_33" HPOS="258" VPOS="1915" WIDTH="1291" HEIGHT="47">
							<String ID="string_329" HPOS="258" VPOS="1922" WIDTH="88" HEIGHT="32" WC="0.96" CONTENT="skall"/><SP WIDTH="22" VPOS="1922" HPOS="346"/>
							<String ID="string_330" HPOS="368" VPOS="1923" WIDTH="82" HEIGHT="39" WC="0.96" CONTENT="utgå"/><SP WIDTH="22" VPOS="1923" HPOS="450"/>
							<String ID="string_331" HPOS="472" VPOS="1921" WIDTH="77" HEIGHT="31" WC="0.93" CONTENT="med"/><SP WIDTH="25" VPOS="1921" HPOS="549"/>
							<String ID="string_332" HPOS="574" VPOS="1920" WIDTH="94" HEIGHT="38" WC="0.89" CONTENT="1,200"/><SP WIDTH="21" VPOS="1920" HPOS="668"/>
							<String ID="string_333" HPOS="689" VPOS="1919" WIDTH="125" HEIGHT="31" WC="0.96" CONTENT="kronor"/><SP WIDTH="22" VPOS="1919" HPOS="814"/>
							<String ID="string_334" HPOS="836" VPOS="1918" WIDTH="12" HEIGHT="31" WC="0.96" CONTENT="i"/><SP WIDTH="24" VPOS="1918" HPOS="848"/>
							<String ID="string_335" HPOS="872" VPOS="1917" WIDTH="115" HEIGHT="32" WC="0.96" CONTENT="stället"/><SP WIDTH="21" VPOS="1917" HPOS="987"/>
							<String ID="string_336" HPOS="1008" VPOS="1917" WIDTH="54" HEIGHT="32" WC="0.96" CONTENT="för"/><SP WIDTH="21" VPOS="1917" HPOS="1062"/>
							<String ID="string_337" HPOS="1083" VPOS="1917" WIDTH="193" HEIGHT="42" WC="0.89" CONTENT="föreslagna"/><SP WIDTH="24" VPOS="1917" HPOS="1276"/>
							<String ID="string_338" HPOS="1300" VPOS="1916" WIDTH="92" HEIGHT="40" WC="0.89" CONTENT="1,000"/><SP WIDTH="22" VPOS="1916" HPOS="1392"/>
							<String ID="string_339" HPOS="1414" VPOS="1915" WIDTH="135" HEIGHT="33" WC="0.96" CONTENT="kronor."/>
						</TextLine>
					</TextBlock>
				</ComposedBlock>
				<GraphicalElement ID="cblock_3" HPOS="630" VPOS="2468" WIDTH="493" HEIGHT="5"></GraphicalElement >
				<ComposedBlock ID="cblock_4" HPOS="629" VPOS="2470" WIDTH="766" HEIGHT="48">
					<TextBlock ID="block_8" HPOS="629" VPOS="2470" WIDTH="766" HEIGHT="48">
						<TextLine ID="line_34" HPOS="629" VPOS="2470" WIDTH="766" HEIGHT="48">
							<String ID="string_340" HPOS="629" VPOS="2470" WIDTH="159" HEIGHT="38" WC="0.96" CONTENT="Stockholm"/><SP WIDTH="25" VPOS="2470" HPOS="788"/>
							<String ID="string_341" HPOS="813" VPOS="2484" WIDTH="75" HEIGHT="23" WC="0.93" CONTENT="1935."/><SP WIDTH="24" VPOS="2484" HPOS="888"/>
							<String ID="string_342" HPOS="912" VPOS="2482" WIDTH="34" HEIGHT="24" WC="0.92" CONTENT="K."/><SP WIDTH="23" VPOS="2482" HPOS="946"/>
							<String ID="string_343" HPOS="969" VPOS="2483" WIDTH="28" HEIGHT="23" WC="0.91" CONTENT="L."/><SP WIDTH="24" VPOS="2483" HPOS="997"/>
							<String ID="string_344" HPOS="1021" VPOS="2482" WIDTH="154" HEIGHT="24" WC="0.95" CONTENT="Beckmans"/><SP WIDTH="22" VPOS="2482" HPOS="1175"/>
							<String ID="string_345" HPOS="1197" VPOS="2477" WIDTH="198" HEIGHT="41" WC="0.96" CONTENT="Boktryckeri."/>
						</TextLine>
					</TextBlock>
				</ComposedBlock>
			</PrintSpace>
		</Page>
	</Layout>
</alto>
