1878 2764
263 178 50 28 28
660 169 251 29 Statsutskottets
936 165 160 29 utlåtande
1118 172 39 19 nr
1180 163 15 27 9
1219 163 35 27 år
1276 161 75 28 1964

268 253 248 39 anläggningar
534 259 124 31 genom
675 250 70 29 viss
764 247 233 40 begränsning
1016 255 40 20 av
1075 242 275 38 anskaffningen
1368 250 40 20 av
1428 238 129 31 mobila
1576 235 168 32 transfor-

267 308 160 28 matorer.

322 359 119 39 Någon
461 367 45 30 ny
525 354 349 33 vattenkraftstation
896 361 98 21 avses
1015 352 69 29 inle
1105 349 165 40 påbörjas
1291 348 110 29 under
1421 344 205 40 budgetåret
1650 341 95 31 1964/

269 413 50 29 65.
347 411 179 40 Pågående
544 410 141 30 arbeten
703 408 56 29 vid
775 408 44 29 bl.
838 416 29 20 a.
885 406 140 39 Ajaure,
1044 403 188 39 Gallejaur,
1252 401 172 30 Seitavare
1443 399 65 29 och
1525 397 92 30 Letsi
1635 395 111 30 kraft-

269 466 166 29 stationer
454 464 159 29 kommer
635 464 49 27 att
704 461 159 30 bedrivas
883 460 10 28 i
914 457 176 41 planenlig
1110 454 223 38 omfattning.
1364 453 127 29 Vidare
1510 450 174 31 beräknas
1706 448 39 31 30

269 519 87 29 mkr.
376 518 53 29 för
447 517 140 29 arbeten
606 516 43 39 på
668 514 197 30 Marvikens
884 509 324 33 atomkraftstation
1227 508 65 29 och
1311 506 40 31 34
1371 506 87 30 mkr.
1478 505 55 30 för
1552 504 67 30 den
1638 503 109 30 andra

270 571 367 39 utbyggnadsetappen
660 568 56 29 vid
739 565 266 39 Stenungsunds
1028 557 306 49 ångkraftstation.

325 625 119 29 Såsom
470 622 155 38 framgår
651 631 41 19 av
717 620 154 40 punkten
902 619 13 28 1
945 619 7 28 i
980 618 55 29 det
1061 615 207 40 föregående
1294 614 63 29 har
1384 613 169 29 utskottet
1582 610 164 39 tillstyrkt

270 679 66 28 den
359 686 41 20 av
422 676 124 38 Kungl.
569 675 107 39 Maj:t
700 673 195 38 föreslagna
919 668 394 38 medelsomslutningen
1336 676 40 20 av
1401 666 61 30 360
1487 665 88 29 mkr.
1600 664 54 29 för
1677 664 71 29 vat-

270 729 279 31 tenfallsverkets
571 727 252 38 investeringar
845 725 111 29 under
976 722 205 39 budgetåret
1205 719 150 32 1964/65.
1389 720 64 28 Det
1477 718 198 38 föreslagna
1697 718 52 27 ut-

270 783 416 40 byggnadsprogrammet
712 780 126 28 liksom
864 778 66 29 vad
957 773 384 42 departementschefen
1367 773 8 29 i
1405 771 228 30 förevarande
1661 778 88 22 sam-

270 837 176 38 manhang
464 835 8 29 i
492 835 111 39 övrigt
622 833 117 30 anfört
755 832 64 29 och
837 831 157 29 förordat
1012 830 64 28 har
1093 829 30 39 ej
1145 827 108 30 heller
1271 826 83 40 givit
1372 825 170 30 utskottet
1562 823 187 39 anledning

272 891 49 29 till
341 890 139 29 erinran
499 888 82 29 eller
601 886 143 31 särskilt
762 884 190 31 uttalande.
972 881 280 31 Vidkommande
1272 890 42 20 en
1333 878 247 31 motionsledes
1602 877 148 30 aktuali-

272 943 98 30 serad
395 942 99 38 fråga
517 940 56 30 får
597 940 170 29 utskottet
792 938 125 29 anföra
942 935 167 40 följande.

327 997 13 28 I
362 996 41 29 de
423 995 90 29 båda
534 992 223 40 likalydande
779 991 218 30 motionerna
1020 990 28 28 1:
1066 988 40 30 53
1128 989 65 28 och
1216 988 44 29 II:
1277 987 41 29 66
1339 986 201 30 hemställes
1562 994 57 21 om
1641 984 109 30 vidta-

272 1049 109 38 gande
405 1057 41 20 av
469 1047 162 38 åtgärder
653 1047 55 28 för
731 1044 211 30 utfärdande
966 1052 40 20 av
1030 1042 131 30 sådana
1184 1039 401 40 tilläggsbestämmelser
1608 1038 52 30 till
1685 1038 66 29 den

273 1112 41 19 av
335 1103 130 28 statens
484 1099 288 31 vattenfallsverk
795 1097 110 30 under
927 1096 82 30 1963
1029 1095 141 30 införda
1191 1092 307 40 säkringstariffen
1520 1092 54 30 för
1594 1093 157 28 leverans

274 1165 40 20 av
340 1154 167 40 lågspänd
534 1152 166 31 elektrisk
727 1151 105 33 kraft,
860 1152 50 27 att
936 1148 296 32 småförbrukare,
1259 1147 115 29 såsom
1401 1146 76 30 små
1501 1145 251 30 bostadsabon-

275 1210 120 27 nenter
414 1207 65 29 och
498 1206 138 29 mindre
655 1204 232 40 jordbrukare
907 1203 93 29 vilka
1020 1202 64 29 har
1103 1201 110 30 behov
1235 1210 41 20 av
1296 1210 43 20 en
1359 1199 137 30 relativt
1517 1201 72 27 stor
1610 1198 141 38 säkring

274 1270 79 20 men
376 1261 75 29 icke
474 1260 69 29 kan
567 1258 174 30 beräknas
765 1257 143 28 komma
932 1257 50 27 att
1005 1255 67 29 öka
1096 1255 54 29 sin
1175 1252 232 40 förbrukning
1431 1262 42 20 av
1496 1251 139 35 elkraft,
1660 1251 93 30 med-

272 1315 93 39 gives
389 1314 105 29 sådan
520 1311 268 39 stadigvarande
811 1308 205 39 reducering
1040 1317 41 21 av
1104 1305 427 40 abonnemangsavgiften,
1556 1307 51 28 att
1630 1305 42 30 de
1694 1304 56 29 vid

270 1366 211 31 oförändrad
503 1364 234 38 förbrukning
758 1364 75 29 icke
856 1362 54 30 får
931 1362 108 39 höjda
1061 1361 180 39 elavgifter
1263 1360 86 30 efter
1372 1359 216 40 övergången
1610 1359 53 29 till
1686 1358 66 30 den

275 1430 66 30 nya
363 1419 153 31 tariffen.
540 1419 11 29 I
576 1417 188 39 anledning
786 1417 108 29 härav
914 1415 59 30 vill
996 1415 170 29 utskottet
1188 1413 114 30 erinra
1325 1422 55 20 om
1404 1414 49 28 att
1475 1411 277 31 vattenfallsver-

274 1475 57 28 ket
351 1474 63 29 har
434 1475 49 27 att
502 1473 10 28 i
533 1472 110 29 likhet
664 1471 78 29 med
762 1470 117 38 övriga
900 1468 281 30 affärsdrivande
1200 1467 84 29 verk
1304 1466 90 30 tillse
1415 1468 50 27 att
1485 1465 267 30 verksamheten

274 1527 156 29 bedrives
453 1526 87 29 efter
563 1523 268 38 affärsmässiga
853 1522 175 39 principer
1051 1523 91 27 samt
1166 1522 50 28 att
1239 1530 43 20 en
1305 1529 42 21 ur
1369 1518 384 40 företagsekonomiska

276 1580 216 39 synpunkter
511 1580 9 27 i
540 1578 199 39 möjligaste
759 1576 80 29 mån
860 1575 120 39 riktigt
1001 1574 130 39 avvägd
1151 1573 235 39 taxesättning
1406 1573 187 39 tillämpas.
1614 1572 139 30 Utskot-

275 1635 47 28 tet
344 1642 101 20 anser
466 1632 50 39 sig
536 1631 107 30 också
662 1631 121 28 kunna
804 1629 83 38 utgå
908 1628 76 30 från
1008 1630 48 27 att
1077 1627 138 30 verkets
1237 1626 143 39 styrelse
1401 1626 268 39 uppmärksamt
1691 1624 62 30 föl-

274 1686 52 39 jer
350 1685 243 38 utvecklingen
617 1693 41 20 av
680 1683 143 30 härmed
849 1680 346 39 sammanhängande
1219 1680 116 39 frågor
1359 1681 99 32 samt,
1483 1680 117 29 därest
1624 1687 130 31 uppen-

275 1740 76 28 bart
370 1738 159 40 orimliga
547 1737 260 30 konsekvenser
827 1735 113 30 skulle
961 1734 126 40 uppstå
1107 1743 74 20 som
1203 1733 89 39 följd
1312 1742 40 20 av
1372 1733 65 29 den
1458 1742 68 29 nya
1546 1734 115 32 taxan,
1681 1732 71 29 vid-

275 1794 95 36 tager
398 1792 10 29 i
438 1791 187 39 anledning
653 1791 109 28 härav
789 1788 227 39 erforderliga
1044 1787 171 39 åtgärder.
1245 1787 77 29 Med
1351 1786 137 38 hänsyn
1516 1786 79 29 bl.a
1624 1785 52 30 till
1706 1794 46 20 nu

276 1846 148 38 angivna
447 1844 244 30 förhållanden
714 1843 63 29 har
800 1842 170 29 utskottet
992 1841 75 29 icke
1092 1840 119 29 funnit
1234 1840 51 38 sig
1307 1840 109 29 berett
1440 1839 176 39 tillstyrka
1639 1841 50 27 att
1711 1847 42 20 en

276 1898 149 30 särskild
453 1897 262 38 framställning
741 1896 9 29 i
778 1896 117 28 ämnet
922 1895 97 38 göres
1047 1893 77 30 från
1154 1893 204 38 riksdagens
1386 1892 84 30 sida.
1499 1892 217 29 Motionerna
1744 1891 9 28 i

275 1952 98 38 fråga
392 1951 180 38 avstyrkes
592 1949 230 40 följaktligen.

326 2004 117 30 Under
463 2003 219 39 åberopande
703 2011 41 21 av
764 2002 56 29 det
841 2001 149 30 anförda
1008 2000 202 30 hemställer
1231 1999 178 33 utskottet,

582 2057 22 28 I.
631 2057 50 28 att
700 2055 186 38 riksdagen
905 2054 58 30 må
981 2054 52 29 till
1052 2052 274 40 Kraftstationer
1344 2062 45 20 m.
1410 2062 44 20 m.
1476 2053 54 29 för
1548 2051 205 40 budgetåret

538 2108 141 32 1964/65
700 2108 120 30 anvisa
839 2109 48 28 ett
907 2106 353 39 investeringsanslag
1280 2116 41 20 av
1341 2106 62 30 330
1417 2105 62 30 000
1494 2105 63 30 000
1576 2106 69 33 kr.;

581 2163 40 28 II.
648 2164 50 28 att
717 2162 219 29 motionerna
955 2161 28 29 1:
1000 2161 40 30 53
1058 2160 66 30 och
1143 2159 45 30 II:
1204 2159 41 30 66
1265 2160 75 29 icke
1360 2160 57 29 må
1437 2159 182 30 föranleda
1640 2158 114 39 någon

537 2216 205 38 riksdagens
768 2214 131 40 åtgärd.
