1884 2796
255 161 18 29 8
647 161 388 30 Jordbruksutskottets
1059 161 179 30 utlåtande
1260 171 43 20 nr
1324 162 51 30 47.

303 244 226 29 Beträffande
557 245 252 38 motiveringen
838 245 52 29 till
918 245 423 39 anslagsberäkningarna
1368 246 165 29 hänvisas
1563 246 52 30 till
1642 256 124 30 propo-

261 294 148 30 sitionen
430 304 41 19 nr
494 294 40 30 32
557 304 24 20 s.
605 294 96 30 4—6.

302 344 258 30 Statskontoret
583 346 64 28 har
670 346 11 28 i
704 345 306 30 remissutlåtande
1036 346 127 29 uttalat
1187 346 44 29 bl.
1256 356 40 24 a.,
1322 348 49 27 att
1395 347 56 29 det
1475 347 176 39 knappast
1677 347 89 29 före-

260 395 80 29 fölle
361 395 157 40 lämpligt
541 398 50 27 att
611 396 142 38 utvidga
773 396 267 29 verksamheten
1061 397 45 39 på
1125 396 186 39 föreslaget
1332 398 77 33 sätt,
1430 397 109 29 innan
1561 397 67 29 den
1649 398 117 38 igång-

260 447 89 28 satta
368 446 231 39 utredningen
619 455 57 20 om
696 447 370 38 undersökningarnas
1084 447 167 30 framtida
1272 447 219 39 utformning
1509 447 172 30 slutförts.

741 608 31 33 3.
819 608 460 42 Departementschefen.

304 700 13 29 I
340 700 100 39 fråga
463 709 56 20 om
543 700 157 40 anslaget
724 701 51 29 till
799 701 250 40 Befrämjande
1072 711 43 20 av
1137 702 137 29 mindre
1296 702 189 39 jordbruk:
1515 702 144 30 Ordnad
1686 703 81 29 bok-

258 749 116 40 föring
398 750 56 29 vid
472 750 137 30 mindre
630 751 172 39 jordbruk
823 752 64 29 har
911 752 385 39 departementschefen
1319 752 132 30 anfört:
1477 753 95 29 »Vad
1594 753 172 29 beträffar

259 800 156 40 anslaget
432 801 52 29 till
501 802 250 38 Befrämjande
768 811 42 20 av
826 802 137 30 mindre
978 802 188 39 jordbruk:
1188 803 143 29 Ordnad
1348 803 188 39 bokföring
1553 803 57 29 vid
1629 803 136 29 mindre

258 851 173 39 jordbruk
450 852 64 29 har
532 852 60 39 jag
612 852 76 29 icke
711 853 103 38 något
836 855 50 27 att
907 853 115 30 erinra
1042 855 73 27 mot
1136 853 57 29 det
1215 863 41 19 av
1279 853 358 39 lantbruksstyrelsen
1659 854 107 28 fram-

260 902 125 29 ställda
413 902 323 39 anslagsäskandet.
765 903 76 29 Med
867 903 138 39 hänsyn
1030 903 51 29 till
1109 904 57 28 det
1194 905 85 28 nära
1308 904 205 29 sambandet
1541 903 130 30 mellan
1699 904 66 29 den

258 952 222 29 verksamhet
500 961 73 21 som
594 952 158 30 bedrives
770 954 79 28 med
870 954 75 29 stöd
965 963 41 20 av
1024 954 155 29 nämnda
1200 954 120 38 anslag
1339 954 65 29 och
1422 954 155 39 anslaget
1596 954 52 29 till
1666 954 100 29 Jord-

258 1002 317 30 bruksekonomisk
598 1004 264 38 undersökning
886 1013 102 29 synes
1009 1004 70 38 mig
1101 1004 192 29 emellertid
1314 1005 122 29 kunna
1459 1004 225 39 ifrågasättas
1709 1013 54 20 om

258 1052 76 30 icke
360 1052 188 31 framdeles
575 1054 102 29 dessa
702 1054 89 29 båda
815 1054 122 38 anslag
962 1054 111 29 skulle
1100 1055 121 29 kunna
1250 1054 241 30 sammanslås.
1517 1055 124 29 Denna
1667 1054 99 39 fråga

258 1103 97 29 torde
378 1103 191 30 emellertid
591 1104 37 29 få
652 1104 92 30 bliva
765 1104 147 30 föremål
935 1104 54 30 för
1011 1104 201 39 ytterligare
1234 1105 186 39 utredning
1445 1114 42 20 av
1508 1105 257 38 lantbrukssty-

258 1153 112 29 relsen
392 1153 65 29 och
477 1153 509 31 livsmedelskommissionen.>»

304 1203 186 39 Angående
517 1205 67 28 den
612 1204 423 39 jordbruksekonomiska
1064 1205 308 39 undersökningen
1400 1206 64 29 har
1493 1206 275 39 departements-

257 1254 124 28 chefen
401 1254 126 29 uttalat
545 1254 45 29 bl.
612 1264 30 20 a.
661 1254 167 39 följande.

303 1304 94 29 »Vad
420 1304 152 29 därefter
593 1305 108 38 angår
725 1305 65 29 den
812 1281 425 63 iordbruksekonomiska
1258 1306 308 39 undersökningen
1587 1307 99 29 torde
1705 1306 60 39 jag

258 1353 36 30 få
318 1354 115 29 erinra
458 1356 49 27 att
532 1355 56 29 det
614 1355 57 29 vid
696 1355 258 38 behandlingen
980 1365 41 20 av
1045 1356 41 29 de
1111 1356 58 29 vid
1193 1356 208 38 föregående
1429 1356 56 29 års
1510 1357 144 38 riksdag
1679 1357 85 29 fast-

258 1404 124 30 ställda
402 1405 226 39 riktlinjerna
646 1406 148 29 rörande
813 1406 67 29 den
900 1406 167 29 framtida
1083 1406 364 40 jordbrukspolitiken
1466 1407 174 30 uttalades
1658 1407 105 30 bland

260 1457 117 32 annat,
402 1457 50 28 att
475 1456 56 29 det
558 1456 141 39 statliga
723 1456 189 39 prisstödet
935 1457 34 29 åt
994 1456 209 39 jordbruket
1229 1457 188 39 lämpligen
1440 1457 105 29 borde
1571 1458 60 28 ske
1656 1458 111 29 under

258 1505 306 39 hänsynstagande
586 1506 53 30 till
662 1506 197 40 uppgjorda
878 1507 416 39 typjordbrukskalkyler
1314 1507 55 29 för
1389 1507 92 30 vissa
1500 1507 267 39 jordbruksom-

259 1555 117 29 råden.
399 1556 77 29 Med
496 1556 139 39 hänsyn
654 1556 52 30 till
726 1557 66 29 den
810 1557 186 38 betydelse,
1018 1566 74 20 som
1111 1557 68 29 den
1197 1557 424 39 jordbruksekonomiska
1641 1558 127 29 under-

259 1606 193 38 sökningen
470 1606 11 29 i
498 1607 192 30 framtiden
709 1607 147 30 sålunda
875 1608 159 28 kommer
1054 1609 49 28 att
1122 1607 142 34 erhålla,
1286 1616 102 30 synes
1408 1608 56 29 det
1483 1608 214 38 nödvändigt
1716 1609 49 28 att

259 1657 130 29 antalet
411 1666 42 20 av
473 1657 41 29 de
536 1658 10 28 i
567 1657 310 39 undersökningen
901 1658 205 39 deltagande
1128 1658 219 39 jordbruken
1369 1659 86 28 ökas
1478 1658 37 30 så
1537 1660 50 28 att
1610 1659 57 28 det
1689 1658 77 29 där-

259 1706 56 29 vid
336 1708 159 28 utvunna
514 1707 197 30 materialet
733 1708 66 29 blir
822 1707 203 40 tillräckligt
1046 1708 218 30 omfattande
1286 1708 64 29 och
1372 1708 227 39 tillförlitligt.
1623 1709 65 38 Jag
1708 1708 58 30 vill

259 1757 120 29 därför
403 1757 152 34 förorda,
581 1760 50 27 att
654 1758 160 38 åtgärder
837 1767 47 20 nu
907 1759 157 38 vidtagas
1087 1759 54 29 för
1167 1761 49 27 att
1239 1759 142 38 utvidga
1404 1759 204 38 underlaget
1634 1768 41 20 av
1700 1759 66 29 den

255 1806 424 39 jordbruksekonomiska
704 1808 319 39 undersökningen.
1048 1809 12 29 I
1086 1809 174 30 avvaktan
1284 1809 44 39 på
1353 1809 233 29 slutförandet
1609 1818 43 20 av
1676 1809 89 30 lant-

255 1857 282 39 bruksstyrelsen
574 1858 65 29 och
674 1858 477 30 livsmedelskommissionen
1185 1859 174 30 meddelat
1396 1859 369 40 utredningsuppdrag

256 1908 97 29 torde
377 1908 104 38 något
502 1908 134 39 slutligt
659 1908 334 40 ställningstagande
1016 1909 52 30 till
1091 1909 125 39 frågan
1238 1919 56 20 om
1315 1910 371 38 undersökningarnas
1709 1909 56 29 be-

258 1957 166 30 drivande
443 1958 12 29 i
474 1958 191 30 framtiden
685 1959 106 30 likväl
811 1959 76 29 icke
909 1968 47 21 nu
978 1959 84 30 böra
1084 1959 119 30 fattas.
1224 1960 115 38 Enligt
1360 1960 79 29 mitt
1460 1960 229 29 förmenande
1713 1969 53 29 sy-

257 2016 60 21 nes
340 2008 192 30 emellertid
557 2009 123 30 kunna
705 2009 236 39 ifrågasättas,
964 2010 175 29 huruvida
1163 2010 76 29 icke
1265 2009 499 40 räkenskapsundersökning-

256 2066 84 21 arna
360 2058 55 29 för
433 2058 190 30 framtiden
642 2059 85 30 böra
745 2060 176 29 anordnas
940 2060 44 39 på
1003 2060 124 29 sådant
1146 2061 78 32 sätt,
1245 2061 49 28 att
1313 2060 192 29 resultaten
1524 2069 42 20 av
1583 2060 180 29 desamma

258 2108 10 28 i
287 2109 109 29 större
417 2109 246 39 utsträckning
684 2109 98 30 skola
800 2110 144 30 komma
961 2110 52 29 till
1032 2110 225 39 användning
1274 2110 75 29 icke
1367 2110 87 30 blott
1474 2110 57 29 vid
1550 2111 215 38 avvägandet

259 2167 41 21 av
319 2159 56 29 det
398 2159 138 39 statliga
558 2160 113 29 stödet
690 2160 34 29 åt
743 2160 209 38 jordbruket
972 2162 85 28 utan
1077 2161 87 29 även
1186 2160 56 30 vid
1262 2161 67 29 den
1349 2160 417 30 lantbruksekonomiska

259 2208 239 40 forskningen.
520 2210 195 39 Utredning
734 2210 149 29 rörande
903 2211 57 29 det
980 2212 77 33 sätt,
1079 2211 45 39 på
1144 2210 106 30 vilket
1273 2210 219 30 sistnämnda
1512 2211 173 39 spörsmål
1704 2211 62 29 bör

258 2258 102 35 lösas,
381 2260 98 29 torde
499 2260 10 29 i
533 2260 114 29 sinom
670 2260 50 30 tid
743 2260 83 30 böra
847 2260 206 39 företagas.»

300 2309 70 30 Mot
389 2310 166 39 förslaget
574 2319 57 21 om
649 2310 206 39 utvidgning
871 2320 43 20 av
928 2310 309 39 undersökningen
1255 2310 52 30 till
1325 2312 49 28 att
1392 2320 79 20 avse
1487 2310 163 40 omkring
1669 2311 14 29 1
1700 2311 62 29 675

253 2359 173 39 jordbruk
447 2360 64 29 har
534 2360 388 40 departementschefen
943 2361 171 29 förklarat
1137 2361 51 39 sig
1209 2361 75 29 icke
1306 2361 45 29 ha
1374 2361 105 39 något
1500 2363 50 28 att
1572 2361 126 29 erinra.

301 2410 226 30 Beträffande
558 2410 456 39 kostnadsberäkningarna
1044 2411 65 29 har
1139 2411 386 39 departementschefen
1553 2411 76 29 icke
1658 2411 107 29 fram-

260 2460 93 29 ställt
378 2469 117 21 annan
518 2460 142 30 erinran
686 2461 45 30 än
755 2462 49 28 att
831 2461 57 29 det
912 2461 55 29 för
990 2461 195 38 ersättning
1208 2461 53 29 till
1287 2461 12 28 i
1325 2461 309 38 undersökningen
1659 2460 107 30 delta-
