1878 2796
581 182 249 27 Statsutskottets
852 181 159 27 utlåtande
1032 190 36 17 nr
1089 181 65 26 222.
1575 180 42 29 33

124 263 52 30 En
203 262 242 31 motsvarande
473 261 194 39 anordning
694 261 133 38 vidtogs
854 260 10 30 i
892 260 170 30 samband
1090 261 77 29 med
1194 259 261 39 igångsättande
1481 269 43 20 av
1552 260 65 29 den

123 307 232 39 provisoriska
381 306 240 38 utbildningen
645 306 11 29 i
680 306 139 30 Malmö.
847 305 122 30 Därest
996 304 170 31 särskilda
1193 304 158 39 åtgärder
1376 304 160 30 befinnas
1561 304 56 29 be-

122 352 139 38 hövliga
281 351 58 30 vid
360 351 354 30 tandläkarinstitutet
736 350 10 30 i
771 350 201 30 Stockholm
994 349 56 30 för
1071 349 223 30 anordnande
1319 358 43 21 av
1385 348 233 30 omförmälda

123 396 236 39 fortbildning,
387 396 97 30 torde
511 394 45 40 på
582 394 256 39 framställning
865 404 43 20 av
935 394 253 38 lärarkollegiet
1215 393 57 30 vid
1298 393 167 31 institutet
1493 393 123 38 Kungl.

124 441 98 39 Maj:t
242 441 84 30 böra
346 442 65 37 äga
431 440 130 38 medge,
583 443 48 28 att
653 440 41 29 de
715 439 57 30 må
792 439 131 30 belasta
943 439 183 29 institutets
1146 438 189 39 respektive
1356 438 130 38 anslag.

167 486 78 30 Med
268 485 137 39 hänsyn
429 485 48 30 till
502 485 55 31 det
582 484 146 30 sålunda
753 483 148 31 anförda
926 493 100 29 synes
1050 484 54 29 det
1128 483 164 39 lämpligt,
1319 486 49 27 att
1390 483 111 30 beslut
1525 481 91 31 med-

123 530 93 30 delas
236 539 44 21 av
298 530 122 38 Kungl.
443 530 100 38 Maj:t
564 539 56 21 om
638 529 195 30 inrättande
854 538 42 21 av
917 529 55 29 det
993 538 67 29 nya
1079 528 354 31 tandläkarinstitutet
1452 527 79 31 från
1551 528 67 29 den

125 576 13 28 1
164 575 63 38 juli
253 575 92 29 1947.
370 575 64 38 Jag
458 584 98 20 avser
579 577 48 28 att
648 573 184 30 framdeles
857 574 140 30 anmäla
1021 573 112 30 denna
1155 572 99 39 fråga
1277 572 55 31 för
1356 573 123 37 Kungl.
1506 572 109 38 Maj:t.

166 620 74 30 Vad
264 619 152 30 härefter
441 618 170 31 beträffar
635 619 310 38 personalbehovet
969 618 110 29 under
1105 627 119 20 senare
1247 617 135 30 hälften
1407 627 43 20 av
1476 617 140 38 budget-

123 663 71 32 året
220 659 138 40 1947/48
378 663 109 31 måste
510 664 55 30 det
588 663 139 38 givetvis
750 663 151 35 beaktas,
925 665 49 28 att
999 662 203 38 tillräckliga
1225 661 247 31 arbetskrafter
1494 661 52 30 stå
1567 661 50 29 till

123 708 203 39 disposition
353 708 55 30 för
436 711 49 27 att
512 708 184 30 medverka
726 707 56 30 vid
810 707 184 30 instituiets
1022 707 329 38 iordningställande
1380 706 11 29 i
1420 706 112 30 skilda
1560 715 56 21 av-

122 753 157 30 seenden.
306 749 93 33 Även
423 753 78 30 med
526 752 193 30 beaktande
744 752 108 30 härav
879 751 114 30 finner
1018 751 56 39 jag
1100 751 188 30 emellertid
1313 751 40 29 de
1380 750 237 38 sakkunnigas

123 798 129 38 förslag
282 797 48 31 till
360 797 400 39 personalorganisation
788 796 55 30 för
871 796 153 30 nämnda
1056 796 48 29 tid
1135 796 141 38 tilltaget
1304 796 10 29 i
1345 796 176 29 överkant.
1564 795 53 30 En

122 842 262 38 överarbetning
410 851 44 21 av
479 842 164 38 förslaget
668 842 65 29 har
759 841 81 38 givit
866 841 49 29 till
940 841 150 35 resultat,
1119 844 49 27 att
1193 840 57 39 jag
1277 849 101 21 anser
1403 840 69 38 mig
1497 840 120 29 kunna

122 886 181 31 underlåta
322 890 48 28 att
390 886 56 30 för
464 886 202 39 budgetåret
689 881 138 40 1947/48
846 886 154 30 beräkna
1021 886 120 38 anslag
1162 885 57 30 vid
1240 885 154 38 följande
1414 894 41 20 av
1478 885 40 29 de
1540 885 76 29 sak-

121 931 154 39 kunniga
300 931 196 38 föreslagna
522 930 243 38 befattningar,
793 931 174 38 nämligen
993 930 71 29 fem
1088 930 312 38 assistenttjänster,
1427 929 70 30 fem
1523 938 93 21 ama-

121 976 263 38 nuenstjänster,
409 985 43 20 en
477 975 375 39 sjukskötersketjänst,
876 977 49 27 tre
950 974 416 39 tandskötersketjänster,
1393 984 42 20 en
1460 973 156 31 tandtek-

121 1020 215 39 nikertjänst,
364 1020 483 38 instrumentmakartjänsten
874 1023 89 27 samt
991 1029 42 20 en
1060 1019 327 38 hantverkartjänst.
1415 1019 64 38 Jag
1508 1018 107 30 förut-

122 1066 104 29 sätter
246 1065 178 38 därjämte,
446 1068 47 28 att
513 1065 55 30 det
586 1065 104 29 tillses
711 1068 47 27 att
779 1064 101 37 ingen
899 1063 193 39 befattning
1113 1062 199 40 uppehålles
1332 1063 120 30 förrän
1472 1063 144 38 verkligt

121 1109 112 30 behov
253 1119 42 20 av
317 1109 65 30 den
402 1109 191 38 föreligger.
626 1103 27 35 Å
674 1109 109 30 andra
805 1109 99 29 sidan
924 1107 108 31 måste
1051 1108 57 38 jag
1130 1108 110 30 räkna
1261 1108 86 35 med,
1371 1111 48 27 att
1438 1107 45 39 på
1504 1107 113 39 grund

121 1163 42 21 av
182 1153 223 39 opåräknade
424 1153 293 39 omständigheter
734 1153 113 30 behov
863 1153 111 30 under
990 1152 200 39 budgetåret
1209 1153 70 29 kan
1296 1152 126 39 uppstå
1441 1162 43 20 av
1502 1151 115 39 någon

121 1198 115 38 tjänst,
263 1197 55 31 för
341 1198 114 29 vilken
482 1198 110 29 medel
618 1198 75 30 icke
720 1197 196 36 beräknats,
943 1198 64 29 och
1035 1196 199 31 förutsätter
1261 1196 128 36 därför,
1418 1201 48 26 att
1492 1196 123 38 Kungl.

122 1243 100 38 Maj:t
252 1243 87 29 skall
368 1244 65 37 äga
463 1246 48 27 att
540 1242 86 30 efter
655 1242 213 38 vederbörlig
898 1242 257 38 framställning
1185 1242 119 38 medge
1334 1242 210 30 inrättandet
1574 1251 41 20 av

121 1287 95 39 dylik
236 1287 104 39 tjänst
360 1297 43 20 av
421 1287 265 30 icke-ordinarie
705 1287 174 30 karaktär.
913 1287 87 30 Lika
1019 1287 78 29 med
1118 1287 41 29 de
1177 1286 218 38 sakkunniga
1417 1286 200 30 förutsätter

120 1332 57 38 jag
199 1332 125 33 vidare,
348 1336 49 25 att
417 1332 299 38 lärarpersonalen
739 1332 8 29 i
771 1332 65 29 den
858 1331 82 30 mån
961 1332 65 29 den
1048 1331 73 30 icke
1145 1331 108 29 under
1275 1330 341 39 tjänstgöringstiden

121 1379 166 36 upptages
311 1386 42 20 av
376 1376 247 38 undervisning
647 1376 64 29 och
736 1376 142 29 därmed
902 1376 315 30 sammanhörande
1241 1374 154 39 göromål
1420 1375 87 30 skall
1532 1377 83 28 utan

121 1421 147 29 särskild
290 1421 188 37 ersättning
503 1421 89 37 ägna
616 1421 49 37 sig
690 1420 34 30 åt
746 1419 262 40 patientvården
1031 1420 56 29 vid
1111 1420 173 29 institutet.

166 1493 115 29 Under
306 1492 138 30 erinran
470 1502 57 20 om
550 1495 47 27 att
624 1492 164 30 utskottet
814 1492 9 29 i
850 1492 55 30 det
930 1491 207 39 föregående
1164 1492 83 38 tagit
1273 1492 161 38 ställning
1462 1492 48 29 till
1539 1492 40 30 de
1605 1491 10 29 i

121 1545 175 30 motionen
318 1546 43 29 II:
377 1546 63 29 468
464 1545 216 30 framställda
703 1545 182 37 förslagen,
910 1545 93 30 vilka
1025 1546 128 37 jämväl
1176 1546 90 29 hava
1288 1546 167 29 avseende
1478 1545 20 30 å
1519 1545 95 30 tand-

121 1599 265 30 läkarinstitutet
420 1599 4 29 i
455 1600 139 34 Malmö,
625 1602 87 27 samt
742 1599 78 29 med
848 1599 238 38 tillstyrkande
1116 1609 42 20 av
1186 1598 97 30 bifall
1315 1599 49 29 till
1394 1599 67 29 vad
1491 1599 122 38 Kungl.

120 1652 100 39 Maj:t
242 1653 109 29 under
374 1652 266 38 ifrågavarande
661 1653 111 38 punkt
794 1652 184 38 föreslagit,
1002 1653 198 29 hemställer
1223 1653 173 35 utskottet,

476 1736 48 27 att
547 1733 183 38 riksdagen
752 1732 56 30 må

476 1787 31 37 a)
538 1786 208 38 bemyndiga
775 1787 122 37 Kungl.
929 1786 99 38 Maj:t
1056 1788 48 28 alt
1133 1787 8 28 i
1170 1787 339 29 överensstämmelse
1538 1785 78 30 med

432 1840 65 29 vad
522 1840 378 37 departementschefen
927 1839 156 30 förordat
1110 1840 169 29 fasiställa
1305 1839 309 39 personalförteck-

431 1893 81 36 ning
535 1892 54 29 för
610 1892 351 30 tandläkarinstitutet
990 1892 3 29 i
1016 1893 141 34 Malmö;

475 1945 34 37 b)
540 1946 184 37 godkänna
755 1945 154 38 följande
937 1946 246 35 avlöningsstat
1213 1946 54 29 för
1296 1946 317 29 tandläkarinstitu-

433 2001 43 28 tet
507 1999 1 29 i
531 1999 137 34 Malmö,
691 2002 47 27 att
762 1998 171 39 tillämpas
957 1998 65 30 tills
1045 1998 116 30 vidare
1184 1998 77 30 från
1285 1999 64 29 och
1373 2000 78 29 med
1473 1999 140 38 budget-

431 2051 70 31 året
531 2046 152 40 1947/48:

883 2105 275 37 Avlöningsstat:

434 2168 24 27 1.
498 2167 208 37 Avlöningar
723 2167 47 29 till
789 2166 170 30 ordinarie
979 2167 216 37 tjänstemän,
1214 2167 67 36 för-

496 2220 141 36 SÅAGSVÅS
670 2243 604 6 mereeeeererer
956 2216 37 45 er
1003 2216 32 45 re
1046 2216 34 45 sr
1091 2216 34 45 rr
1136 2216 31 45 rr
1178 2216 34 45 rr
1231 2216 46 45 ra
1305 2220 129 29 kronor
1482 2221 34 28 71
1536 2221 63 28 000

430 2274 28 27 2.
497 2272 157 29 Arvoden
680 2272 63 29 och
770 2272 168 29 särskilda
963 2272 237 37 ersättningar,
1227 2273 54 29 be-

497 2325 134 29 stämda
653 2334 43 20 av
717 2325 121 37 Kungl.
863 2325 109 38 Maj:t,
994 2325 199 37 förslagsvis
1221 2349 51 6 ...
1362 2336 11 13 »
1462 2327 57 27 117
1536 2326 63 29 000

430 2379 28 27 3.
497 2378 210 36 Avlöningar
732 2378 45 29 till
803 2377 94 39 övrig
922 2377 262 30 icke-ordinarie
1208 2387 72 29 per-

497 2431 106 34 sönal,
633 2431 198 36 fÖrslägsÖls
866 2455 49 5 +.
933 2455 50 5 mee
1001 2455 27 5 ss
1046 2455 26 5 mt
1090 2455 182 6 anger
1362 2442 11 14 »
1462 2432 58 29 174
1535 2432 64 29 000

430 2485 28 28 4.
499 2484 126 37 Rörligt
657 2484 124 37 tillägg,
809 2484 199 38 förslagsvis
1044 2508 228 6 ses...
1219 2480 56 46 ...
1361 2495 12 14 »
1483 2486 38 28 13
1535 2486 64 28 000

1137 2556 141 30 Summa
1303 2556 130 29 kronor
1458 2557 62 29 375
1535 2557 77 34 000;

161 2616 120 34 Bihang
299 2616 45 26 till
363 2616 181 34 riksdagens
564 2616 157 33 protokoll
743 2617 81 25 1947.
855 2618 16 24 6
891 2617 86 26 saml.
1008 2617 42 26 Nr
1072 2618 163 25 221—222.
1593 2619 19 28 3

1652 1496 149 26 Utskottet.
