1900 2802
277 164 41 30 24
725 165 275 27 Bankoutskottets
1022 165 162 27 memorial
1205 165 44 27 Nr
1272 166 46 27 60.

276 247 65 29 och
360 247 78 29 med
457 246 66 30 den
527 241 22 47 1
578 246 62 38 juli
663 246 81 29 1925
763 245 80 39 utgå
861 246 50 30 till
930 245 23 30 f.
973 246 31 30 d.
1024 245 339 38 befattningshavare
1380 245 63 31 hos
1463 245 181 39 riksdagen
1663 246 104 38 enligt

275 300 42 30 de
338 300 158 38 grunder,
520 309 73 21 som
616 299 114 30 finnas
752 298 145 39 angivna
919 298 10 30 i
951 298 300 31 bankoutskottets
1272 297 176 31 utlåtande
1470 307 42 21 nr
1533 298 52 35 55,
1607 298 71 30 dels
1701 296 64 31 ock

276 352 221 40 bemyndigat
524 352 215 39 fullmäktige
766 352 10 31 i
804 352 330 39 riksgäldskontoret
1159 355 50 28 att
1235 352 54 30 för
1315 350 261 39 ifrågavarande
1604 348 162 33 ändamål

275 415 42 22 av
341 406 298 39 förslagsanslaget
662 406 51 31 till
735 406 169 38 riksdags-
929 406 65 30 och
1017 405 353 31 revisionskostnader
1392 408 89 28 samt
1503 404 186 31 kostnader
1711 403 55 31 för

276 460 199 38 riksdagens
496 460 65 30 hus
582 460 159 30 använda
762 459 214 38 erforderligt
996 459 135 38 belopp.

319 509 69 39 2:0)
418 512 71 30 dels
517 512 172 38 medgivit,
716 515 50 28 att
794 511 160 39 förhöjda
983 511 181 39 pensioner
1191 511 106 39 jämte
1325 510 249 39 dyrtidstillägg
1602 509 57 31 må
1687 508 78 31 från

275 566 64 30 och
360 566 79 30 med
459 566 66 30 den
531 559 25 49 1
585 565 63 39 juli
673 566 81 29 1925
776 565 80 39 utgå
876 565 51 31 till
948 565 22 30 f.
993 565 31 30 d.
1046 564 338 38 befattningshavare
1404 564 10 30 i
1437 563 328 39 riksgäldskontoret

274 620 66 29 och
365 619 57 30 vid
448 619 198 39 riksdagens
672 619 66 30 hus
764 618 104 39 enligt
893 619 41 29 de
961 618 10 30 i
996 627 104 21 mom.
1131 614 65 40 1:0o)
1228 618 64 30 här
1317 627 89 21 ovan
1432 617 147 38 angivna
1605 616 159 39 grunder,

275 672 72 30 dels
374 673 65 29 ock
465 672 222 38 bemyndigat
713 671 216 39 fullmäktige
955 672 11 29 i
993 671 330 39 riksgäldskontoret
1348 674 49 27 att
1424 671 54 30 för
1504 669 261 38 ifrågavarande

275 724 161 31 ändamål
461 733 42 21 av
529 724 298 39 förslagsanslaget
853 724 50 30 till
928 723 202 39 avlöningar
1154 724 65 29 och
1245 723 182 38 pensioner
1451 732 45 20 m.
1524 731 44 21 m.
1596 722 56 30 vid
1679 721 84 30 riks-

274 777 108 38 gälds-
408 777 66 31 och
498 776 411 39 riksdagsförvaltningen
932 776 158 30 använda
1117 775 214 39 erforderligt
1355 775 139 39 belopp;
1522 778 88 28 samt

318 828 68 41 3:o)
439 830 73 31 dels
536 830 172 39 medgivit,
734 833 49 28 att
809 829 160 40 förhöjda
995 829 182 39 pensioner
1200 828 106 40 jämte
1330 828 249 40 dyrtidstillägg
1604 828 57 31 må
1687 826 77 32 från

274 885 65 30 och
359 885 79 30 med
458 885 67 30 den
547 886 14 28 1
583 884 63 39 juli
669 884 82 30 1925
771 883 80 39 utgå
871 883 50 32 till
942 883 23 30 f.
986 884 31 30 d.
1039 882 339 39 befattningshavare
1395 882 58 31 vid
1472 881 291 42 justitieombuds-

274 937 340 39 mansexpeditionen
635 937 103 39 enligt
759 937 42 30 de
824 937 5 30 i
849 945 105 22 mom.
978 933 66 40 1:0)
1070 937 63 30 här
1153 946 89 21 ovan
1261 936 147 38 angivna
1429 935 159 39 grunder,
1608 935 72 31 dels
1701 934 62 30 ock

274 990 221 38 bemyndigat
515 989 430 39 justitieombudsmannen
968 993 49 27 att
1038 989 55 30 för
1114 988 196 31 ändamålet
1330 998 42 20 av
1394 987 299 39 förslagsanslaget
1714 986 51 30 till

273 1042 211 38 avlöningar,
507 1042 261 31 resekostnader
789 1042 65 30 och
876 1050 164 29 expenser
1062 1041 54 31 för
1137 1040 432 39 justitieombudsmannen
1590 1040 65 30 och
1677 1039 88 29 hans

274 1095 194 39 expedition
494 1095 158 31 använda
678 1094 215 40 erforderligt
917 1094 135 39 belopp.

860 1207 315 39 Pensionstillägg.

322 1256 81 29 1922
429 1255 56 30 års
511 1255 139 39 riksdag
676 1255 64 30 har

318 1308 71 31 dels
424 1308 172 39 medgivit,
632 1312 49 28 att
716 1308 277 39 pensionstillägg
1030 1308 104 39 enligt
1170 1308 42 30 de
1248 1308 159 38 grunder,
1444 1315 74 22 som
1553 1315 42 21 av
1632 1313 131 24 samma

274 1361 56 32 års
354 1362 139 39 riksdag
519 1361 98 33 blivit
642 1362 183 38 godkända
851 1361 55 31 för
932 1361 279 39 pensionstillägg
1236 1361 51 31 till
1314 1361 90 30 vissa
1430 1361 23 30 f.
1482 1361 31 30 d.
1541 1359 222 38 befattnings-

274 1416 126 30 havare
424 1416 11 30 i
459 1419 127 27 statens
609 1415 106 39 tjänst
737 1425 46 20 m.
809 1415 36 30 fl.
871 1415 221 38 pensionärer
1118 1419 88 27 samt
1230 1415 88 29 vissa
1343 1414 110 31 änkor
1478 1414 65 30 och
1569 1413 87 30 barn
1680 1412 85 30 efter

273 1469 339 39 befattningshavare
642 1469 11 30 i
685 1472 126 28 statens
843 1468 106 39 tjänst
979 1478 45 20 m.
1059 1469 47 35 fl.,
1139 1468 58 30 må
1229 1467 80 39 utgå
1342 1467 51 32 till
1426 1467 111 30 änkor
1569 1467 65 30 och
1666 1467 96 33 barn,

274 1531 74 22 som
368 1522 132 39 åtnjuta
521 1522 144 39 pension
685 1521 78 31 från
784 1522 345 38 riksgäldskontorets
1149 1521 101 30 änke-
1272 1521 65 30 och
1358 1520 223 38 pupillkassa,
1602 1520 162 29 ävensom

276 1576 49 30 till
345 1576 155 31 änkorna
518 1576 97 30 Anna
634 1576 133 30 Amalia
785 1576 199 30 Sandström
1003 1577 64 29 och
1086 1575 167 38 Ingeborg
1270 1575 203 34 Karlström;

317 1629 72 30 dels
410 1630 64 29 ock
495 1628 222 39 bemyndigat
738 1628 217 38 fullmäktige
974 1628 10 30 i
1006 1628 330 38 riksgäldskontoret
1356 1630 49 28 att
1427 1627 55 31 för
1503 1625 261 40 ifrågavarande

273 1681 162 31 ändamål
460 1691 42 21 av
527 1682 300 38 förslagsanslaget
851 1681 50 31 till
926 1680 202 38 avlöningar
1153 1681 65 29 och
1245 1680 182 38 pensioner
1451 1689 45 20 m.
1524 1689 45 20 m.
1595 1679 57 30 vid
1678 1678 84 30 riks-

273 1736 108 38 gälds-
411 1735 64 31 och
505 1734 411 39 riksdagsförvaltningen
944 1735 159 29 använda
1132 1733 214 38 erforderligt
1374 1733 135 38 belopp.

970 1839 20 41 8
1015 1842 52 30 33.

322 1923 50 30 De
404 1923 129 39 anslag,
568 1933 73 21 som
675 1922 116 31 finnas
824 1922 10 30 i
868 1922 184 30 riksstaten
1082 1922 172 38 uppförda
1288 1922 110 30 under
1429 1922 332 37 anslagsgrupperna

279 1977 148 30 »Räntor
448 1977 20 30 å
491 1976 230 33 statsskulden
745 1986 45 20 m.
814 1986 64 20 m.>
904 1976 65 31 och
996 1976 244 38 »Avbetalning
1263 1975 21 30 å
1306 1975 250 30 statsskulden»
1583 1975 64 29 och
1670 1974 92 30 vilka

275 2031 96 30 skola
395 2031 118 30 täckas
537 2040 42 21 av
603 2031 41 30 de
668 2031 177 30 allmänna
869 2029 330 36 statsinkomsterna,
1225 2031 79 37 äger
1327 2029 329 39 riksgäldskontoret
1680 2030 50 28 att
1751 2026 11 31 i

272 2084 82 31 mån
380 2094 42 21 av
448 2085 112 30 behov
587 2085 111 31 direkt
725 2085 105 38 draga
856 2084 20 30 å
904 2084 219 31 statsverkets
1149 2083 221 39 giroräkning
1397 2084 11 29 i
1436 2083 210 30 riksbanken
1675 2084 88 28 samt

271 2137 219 39 tillgodoföra
512 2138 129 30 fonden
664 2138 54 30 för
739 2137 328 31 annuitetslikvider.

316 2190 49 31 De
384 2191 109 30 under
511 2191 163 31 rubriken
698 2204 12 14 »
717 2186 253 44 Återbetalning
988 2201 40 21 av
1051 2191 205 30 lånemedel»
1280 2191 9 30 i
1310 2191 182 30 riksstaten
1513 2191 171 38 uppförda
1704 2200 57 20 an-

270 2245 71 38 slag
374 2245 49 30 stå
456 2244 169 39 därjämte
657 2245 50 31 till
740 2245 346 39 riksgäldskontorets
1118 2245 203 38 förfogande
1354 2245 54 31 för
1440 2245 141 29 därmed
1613 2244 147 31 avsedda

270 2297 171 32 ändamål.

964 2350 20 41 8
1009 2353 52 30 34.

318 2414 194 40 Riksdagen
535 2415 64 30 har
619 2414 222 40 bemyndigat
863 2414 330 40 riksgäldskontoret
1216 2418 49 27 att
1287 2415 54 31 för
1364 2415 145 31 svenska
1534 2418 127 28 statens
1683 2415 76 30 räk-

274 2468 82 39 ning
378 2468 164 40 upplåna:
