1910 2798
563 168 275 27 Bankoutskottets
860 168 162 27 memorial
1043 168 44 26 Nr
1109 169 45 26 60.
1563 166 41 30 29

115 266 110 40 fälligt
248 266 222 39 begagnande
493 266 30 39 ej
546 266 144 31 allenast
712 276 42 20 av
777 268 42 29 de
843 266 217 31 kommittéer
1082 267 65 30 och
1170 266 194 36 revisioner,
1389 276 73 20 som
1487 265 116 30 kunna

114 320 106 30 varda
243 329 43 21 av
309 320 123 38 Kungl.
456 319 101 39 Maj:t
579 320 295 30 sammankallade
897 321 65 29 och
986 320 54 30 för
1061 320 110 30 vilkas
1196 320 279 29 sammanträden
1499 320 104 29 erfor-

114 372 128 40 derliga
266 373 131 30 lokaler
421 372 95 32 inom
540 373 152 30 kronans
715 373 66 30 hus
806 373 63 30 här
892 373 11 30 i
927 373 240 30 huvudstaden
1192 373 74 30 icke
1289 373 113 30 finnas
1426 376 49 27 att
1499 371 104 39 tillgå,

115 431 84 27 utan
224 428 87 29 även
335 436 43 21 av
404 427 176 30 allmänna
606 426 383 39 ämbetsmyndigheter,
1018 436 74 21 som
1118 426 162 39 antingen
1306 436 42 21 av
1374 426 144 31 särskild
1545 435 57 21 an-

114 480 139 39 ledning
273 480 75 30 icke
368 480 119 30 kunna
508 480 54 31 för
581 479 114 40 någon
714 480 50 31 tid
785 481 152 38 begagna
959 480 34 31 åt
1012 481 77 29 dem
1111 480 162 30 anvisade
1294 480 209 30 ämbetsrum
1523 480 81 30 eller

113 533 106 31 också
245 534 108 30 sakna
378 541 83 31 egen
486 534 102 35 lokal,
615 535 162 29 ävensom
804 534 55 30 för
882 534 119 35 andra,
1025 534 144 30 allmänt
1194 542 87 30 gagn
1307 534 165 30 avseende
1499 534 103 29 ända-

114 586 83 35 mål;
227 587 132 38 ägande
386 587 216 38 fullmäktige
628 586 58 31 vid
714 587 93 38 varje
834 586 107 31 sådan
968 586 188 39 upplåtelse
1185 587 189 30 föreskriva
1400 588 41 29 de
1469 586 133 34 villkor,

113 648 75 22 som
210 639 216 39 fullmäktige
448 640 54 30 för
522 640 42 30 de
583 639 167 39 upplåtna
772 649 176 21 rummens
970 643 88 27 samt
1079 640 196 30 möblernas
1297 640 65 30 och
1384 639 217 31 inventarier-

112 702 63 22 nas
201 700 200 31 noggranna
428 693 66 30 och
521 693 242 38 omsorgsfulla
791 692 175 31 vårdande
993 693 97 30 finna
1117 693 227 39 nödvändiga.
1385 693 103 38 Dylik
1516 702 84 29 upp-

112 745 117 32 låtelse
249 747 63 30 bör
334 746 97 31 alltid
454 746 158 38 upphöra
634 746 37 30 så
693 746 99 39 tidigt
814 747 73 30 före
909 746 200 38 riksdagens
1132 747 283 35 sammankomst,
1438 750 48 27 att
1510 755 90 21 rum-

112 808 80 21 men
216 800 66 30 och
306 799 253 31 inventarierna
583 799 228 31 därförinnan
835 799 118 30 kunna
977 808 81 21 vara
1085 800 141 30 försatta
1252 800 10 30 i
1287 800 122 31 ordnat
1434 801 64 30 och
1524 800 75 30 full-

111 853 151 38 ständigt
292 852 97 31 skick
420 856 98 32 samt,
549 863 57 20 om
637 852 36 31 så
703 853 183 35 erfordras,
918 853 210 38 reparerade.

807 947 20 41 $
853 951 51 30 53.

157 1021 230 39 Fullmäktige
414 1021 11 31 i
452 1021 331 40 riksgäldskontoret
810 1024 63 38 äga
900 1025 50 28 att
976 1022 146 31 förvalta
1149 1023 67 30 den
1242 1022 136 40 jämlikt
1404 1024 110 30 beslut
1540 1023 56 30 vid

116 1076 83 29 1888
221 1075 55 31 års
296 1075 141 39 riksdag
457 1075 136 31 bildade
615 1076 309 39 byggnadsfonden
946 1076 54 31 för
1019 1076 169 39 riksdags-
1210 1078 65 30 och
1296 1077 259 31 riksbankshus.

808 1172 21 41 8
854 1175 52 29 54.

153 1239 52 31 Då
223 1240 212 31 revisorerna
452 1242 81 29 över
550 1243 107 32 stats-,
675 1241 130 30 banko-
823 1241 65 31 och
907 1241 296 38 riksgäldsverken
1222 1241 264 35 sammanträda,
1500 1241 96 30 skola

111 1291 217 40 fullmäktige
354 1292 51 31 till
432 1294 79 29 dem
535 1292 121 40 avgiva
683 1294 179 30 berättelse
889 1304 57 20 om
974 1294 345 38 riksgäldskontorets
1346 1294 159 39 ställning
1532 1294 63 31 och

113 1345 210 40 förvaltning
340 1347 110 30 under
468 1347 66 30 den
552 1346 58 36 tid,
630 1356 74 21 som
723 1346 230 32 revisorernas
971 1347 212 40 granskning
1200 1348 156 31 kommer
1372 1351 49 27 att
1439 1348 155 31 omfatta.

155 1400 183 31 Dessutom
364 1400 98 31 skola
487 1400 216 40 fullmäktige
728 1400 56 31 vid
807 1402 99 30 nästa
929 1400 156 40 riksdags
1109 1402 125 39 början
1258 1402 50 30 till
1333 1401 180 40 riksdagen
1539 1412 55 21 av-

110 1453 77 40 giva
204 1453 65 32 och
286 1453 51 31 till
352 1454 283 31 bankoutskottet
651 1455 162 30 avlämna
829 1455 179 30 berättelse
1024 1455 54 31 för
1095 1455 77 31 hela
1189 1456 67 30 den
1272 1455 58 36 tid,
1347 1465 72 21 som
1437 1455 157 36 förflutit,

110 1508 105 31 sedan
238 1507 234 40 fullmäktiges
494 1508 180 31 berättelse
694 1508 51 31 till
766 1509 201 30 nuvarande
989 1508 138 40 riksdag
1149 1517 135 31 avgavs.

803 1604 20 40 8
849 1607 52 30 55.

152 1676 230 40 Fullmäktige
405 1677 85 31 böra
512 1677 94 39 varje
629 1676 39 31 år
692 1677 50 30 till
766 1676 200 40 riksdagens
989 1677 183 31 revisorers
1197 1678 107 31 första
1329 1678 262 34 sammanträde,

105 1740 75 21 som
199 1730 88 31 skall
305 1732 63 38 äga
387 1741 78 20 rum
484 1731 11 30 i
515 1731 199 39 riksdagens
734 1731 67 30 hus
820 1731 10 30 i
851 1731 198 31 Stockholm
1069 1732 66 30 den
1158 1733 39 29 16
1216 1732 189 38 september
1425 1732 89 35 eller,
1534 1740 56 21 om

105 1783 145 39 helgdag
277 1783 44 31 då
348 1783 172 36 inträffar,
546 1784 109 38 dagen
683 1784 159 35 därefter,
871 1784 137 30 utfärda
1035 1784 139 30 kallelse
1202 1793 123 30 genom
1353 1785 200 37 kungörelse
1582 1783 10 30 i

103 1837 184 39 tidningar.

148 1890 121 31 Därest
294 1890 138 36 revisor,
459 1891 105 30 sedan
588 1890 140 39 lagtima
752 1890 139 40 riksdag
917 1893 38 29 är
979 1892 155 30 avslutad
1159 1892 65 30 och
1249 1892 106 30 innan
1380 1891 209 30 revisorerna

102 1945 251 34 sammanträtt,
377 1944 62 30 hos
462 1944 214 38 fullmäktige
696 1945 155 30 anmäler
873 1944 122 31 hinder
1015 1948 48 27 att
1085 1944 133 39 deltaga
1240 1945 10 30 i
1271 1944 200 36 revisionen,
1494 1944 95 31 skola

102 1996 217 39 fullmäktige
338 1997 245 39 ofördröjligen
603 1997 130 30 inkalla
753 1998 67 30 den
841 1998 56 30 för
917 1998 129 30 honom
1067 1998 144 30 utsedda
1232 1997 232 39 suppleanten.
1498 1997 90 38 Upp-

103 2050 157 30 kommer
284 2050 123 30 hinder
432 2050 55 31 för
509 2050 153 31 inkallad
686 2051 192 38 suppleant,
904 2051 87 30 skall
1016 2051 65 30 den
1105 2053 155 29 närmast
1284 2051 10 30 i
1319 2051 189 38 ordningen
1533 2059 54 21 va-

102 2103 105 30 rande
228 2103 226 38 suppleanten
475 2106 83 28 utan
581 2102 165 39 dröjsmål
769 2103 156 30 inkallas.

798 2198 20 40 8
844 2201 51 29 56.

144 2270 96 31 Efter
265 2271 93 39 varje
383 2271 165 31 revisions
573 2272 67 30 slut
666 2271 96 31 skola
789 2271 215 39 fullmäktige
1030 2271 200 31 föranstalta
1256 2281 57 21 om
1339 2271 180 39 tryckning
1544 2280 42 20 av

101 2323 230 32 revisorernas
360 2326 81 29 över
468 2324 191 32 revisionen
688 2335 43 21 av
761 2325 202 31 statsverket
991 2325 64 31 och
1085 2325 327 39 riksgäldskontoret
1440 2325 144 39 avgivna

99 2379 66 30 och
182 2378 216 40 fullmäktige
413 2379 176 31 tillställda
604 2379 198 31 berättelser
817 2379 106 39 jämte
938 2379 113 31 därtill
1069 2380 154 30 hörande
1239 2379 238 39 förklaringar,
1495 2379 90 30 vilka

102 2431 206 40 handlingar
329 2433 87 30 även
436 2440 123 32 genom
581 2432 233 40 fullmäktiges
835 2432 134 40 försorg
988 2433 83 31 böra
1093 2432 50 31 till
1165 2434 76 30 näst
1262 2433 323 31 sammanträdande

102 2485 139 40 riksdag
264 2486 65 31 och
354 2485 167 33 revisorer
544 2487 226 31 överlämnas.
