2240 2642
452 221 39 32 26
917 219 234 33 Statsutskottets
1180 218 164 33 Utlåtande
1367 218 64 31 N:o
1457 220 52 29 60.

410 298 301 50 komplettering
750 298 40 35 af
813 297 353 49 banbyggnaderna
1194 302 55 31 ett
1275 295 331 49 kostnadsbelopp
1636 295 41 36 af
1702 296 198 46 2,962,000
1928 294 86 36 kro-

411 363 81 31 nor,
533 362 82 23 som
654 348 111 47 dock,
798 351 49 46 på
873 348 125 47 grund
1026 348 42 36 af
1087 346 403 50 jernvägsstyrelsens
1519 346 224 47 erimringar,
1771 345 13 36 1
1812 344 202 37 statsråds-

410 399 234 50 protokollet
671 399 102 48 höjts
797 398 57 37 till
878 400 198 46 3,262,000
1105 399 152 45 kronor,
1281 397 151 36 hvartill
1462 396 225 49 ytterligare
1717 395 122 37 skulle
1860 396 154 35 komma

416 452 135 46 76,000
579 450 155 46 kronor,
762 463 82 22 som
872 449 102 36 inom
1003 462 48 23 en
1078 454 174 31 närmare
1282 447 155 37 framtid
1465 447 128 37 blefve
1624 446 262 48 erforderliga.

543 500 81 36 Mot
651 500 47 36 de
727 500 12 36 i
766 500 75 36 den
869 500 69 36 sist
965 500 139 48 gjorda
1131 498 331 50 uppskattningen
1490 497 190 50 uppförda
1694 497 102 36 olika
1810 496 205 37 kostnads-

410 551 194 49 beloppen
627 551 70 36 har
723 551 198 45 utskottet,
950 563 81 23 som
1061 555 42 31 är
1129 549 219 47 förvissadt,
1372 555 55 30 att
1442 548 331 49 uppskattningen
1787 547 127 37 blifvit
1926 546 88 37 med

411 601 273 49 noggrannhet
723 601 209 45 verkstäld,
966 600 137 36 saknat
1130 599 209 48 anledning
1366 605 54 31 att
1447 598 211 37 framställa
1685 601 125 45 någon
1840 597 174 37 anmärk-

410 653 105 47 ning.
569 652 185 37 Deremot
779 651 181 40 betviflar.
981 651 189 36 utskottet
1197 649 266 37 hållbarheten
1491 649 42 36 af
1547 649 137 49 sjelfva
1712 648 75 37 den
1801 648 85 37 utaf
1893 648 122 36 komi-

411 704 64 35 tén
503 702 183 37 anvisade
714 701 175 49 grunden
916 701 59 37 för
1002 715 145 23 samma
1175 700 291 50 uppskattning.
1520 700 201 37 Utskottet
1747 699 121 37 håller
1883 698 132 37 nemli-

409 767 77 34 gen
512 752 59 37 för
599 752 205 49 sannolikt,
833 758 65 41 att,
928 766 59 23 om
1011 750 292 50 ifrågavarande
1319 751 210 48 jernvägar
1543 750 339 37 komma
1697 744 24 61 i
1739 750 142 37 statens
1897 748 115 47 hand,

412 804 65 36 det
517 804 32 47 ej
594 803 99 36 skall
732 802 118 38 blifva
882 803 150 49 möjligt
1056 808 56 31 att
1138 802 88 37 med
1255 801 182 37 afseende
1467 805 20 33 å
1515 801 116 36 dessa
1660 801 130 46 banor,
1819 800 131 36 hvilka
1970 799 45 49 ju

410 854 99 46 icke,
537 856 127 34 såsom
693 859 25 31 t.
748 867 58 23 ex.
840 852 507 47 Luleå—Gellivarabanan,
1375 852 132 47 intaga
1535 865 48 23 en
1611 850 405 49 undantagsställning

411 905 12 36 i
461 903 240 38 förhållande
742 904 57 35 till
840 903 46 37 de
924 904 124 48 öfriga
1080 904 281 46 statsbanorna,
1392 902 177 37 fasthålla
1597 902 72 36 och
1697 901 173 48 tillämpa
1897 900 119 37 andra

411 955 195 49 principer
646 960 48 31 än
734 954 99 47 dem,
872 967 82 24 som
994 954 113 47 följas
1135 954 64 36 vid
1227 954 328 36 statsbanenätets
1584 952 145 37 skötsel
1757 952 11 35 i
1797 951 217 37 allmänhet.

412 1006 201 37 Utskottet
652 1005 153 36 befarar
845 1004 250 47 fördenskull,
1137 1010 55 31 att
1231 1004 66 37 det
1337 1004 41 37 af
1414 1004 170 36 komitén
1624 1003 176 36 nedsatta
1832 1002 185 48 beloppet

413 1056 137 36 endast
590 1055 172 37 kommer
800 1061 55 30 att
895 1055 92 48 fylla
1027 1055 101 36 hvad
1161 1069 81 22 som
1269 1055 59 36 till
1355 1068 48 23 en
1430 1054 135 48 början
1593 1058 42 32 är
1663 1059 97 30 mest
1787 1052 228 48 trängande,

412 1120 89 23 men
533 1111 56 32 att
622 1112 106 30 snart
754 1106 486 48 kompletteringsarbeten
1267 1106 57 36 till
1353 1105 34 48 ej
1417 1105 110 48 ringa
1556 1104 229 48 omfattning
1813 1103 109 36 skola
1949 1102 66 37 be-

412 1158 122 35 finnas
562 1156 254 48 erforderliga
842 1156 59 36 för
928 1161 55 31 att
1008 1156 140 48 bringa
1176 1156 47 37 de
1248 1156 159 49 inköpta
1431 1156 260 48 jernvägarne
1711 1155 12 36 i
1742 1167 146 24 samma
1907 1153 109 37 skick

413 1221 82 23 som
523 1207 119 37 andra
663 1207 222 48 jemförliga
912 1207 228 36 statsbanor.

545 1258 75 36 För
658 1257 304 49 komplettering
1003 1257 41 36 af
1079 1257 225 36 materielen
1344 1257 69 36 har
1453 1256 208 37 beräknats
1702 1261 56 30 ett
1797 1254 141 49 belopp
1979 1253 42 37 af

413 1309 161 46 330,000
615 1308 151 36 kronor.
820 1307 53 36 Af
895 1307 408 37 komitébetänkandet
1340 1307 204 46 inhemtas,
1573 1311 56 31 att
1656 1305 170 36 komitén
1855 1304 159 48 antagit,

413 1364 66 41 att,
520 1359 48 36 då
599 1358 251 37 förevarande
878 1357 74 37 fem
975 1358 212 49 jernvägar
1215 1358 86 36 med
1329 1358 59 36 sin
1416 1371 49 23 nu
1493 1356 200 48 befintliga
1719 1355 175 37 materiel
1921 1355 95 36 kun-

412 1418 66 28 nat
516 1412 50 46 på
598 1415 57 30 ett
680 1409 355 36 tillfredsställande
1066 1413 76 32 sätt
1168 1409 154 47 besörja
1350 1409 56 36 sin
1432 1408 123 46 trafik,
1583 1407 191 37 banornas
1803 1406 213 48 öfvergång

412 1461 13 35 i
466 1465 147 31 statens
654 1473 74 35 ego
768 1460 84 36 icke
881 1459 123 36 skulle
1034 1459 172 37 medföra
1234 1459 290 48 nödvändighet
1552 1463 55 31 att
1634 1457 87 37 med
1750 1470 68 23 ens
1846 1456 171 37 anskaffa

413 1524 52 35 ny
493 1510 173 37 materiel
693 1510 12 36 i
732 1509 275 37 vidsträcktare
1038 1513 99 43 mån,
1154 1515 47 31 än
1229 1523 82 23 som
1331 1509 242 37 erfordrades
1588 1508 59 37 för
1660 1514 55 30 att
1727 1507 143 37 bereda
1885 1520 132 23 reserv

411 1561 59 36 för
508 1561 46 36 de
597 1574 51 22 nu
676 1560 196 48 befintliga
899 1560 274 36 lokomotiven.
1226 1560 16 36 I
1262 1573 48 23 en
1340 1560 200 47 angående
1568 1558 266 47 förstärkning
1861 1557 41 37 af
1924 1557 92 36 ban-

413 1611 224 37 materielen
665 1611 41 37 af
728 1611 177 36 fackman
932 1610 64 36 vid
1024 1616 146 30 statens
1192 1610 212 49 jernvägar
1430 1613 158 46 uppsatt
1615 1608 267 49 promemoria,
1906 1608 111 36 hvar-

412 1662 42 36 af
476 1662 189 36 utskottet
691 1661 71 37 fått
789 1667 90 42 taga
906 1661 73 47 del,
1007 1661 191 36 beräknas
1227 1660 214 37 emellertid
1468 1659 211 49 utgifterna
1705 1659 59 36 för
1784 1659 104 36 detta
1903 1657 114 38 ända-

412 1712 75 37 mål
527 1712 57 36 till
618 1717 56 31 ett
702 1715 41 33 så
770 1711 191 49 betydligt
988 1712 121 48 högre
1139 1711 155 50 belopp,
1322 1717 56 31 att
1405 1711 65 36 det
1495 1710 184 37 förefallit
1705 1710 199 46 utskottet,
1933 1721 81 24 som

413 1777 61 23 om
508 1763 172 36 komitén
712 1762 188 37 måhända
927 1762 113 37 äfven
1067 1762 13 36 i
1109 1762 106 36 detta
1242 1762 222 37 hänseende
1492 1761 269 37 underskattat
1787 1759 229 50 betydelsen

414 1814 42 36 af
472 1814 284 48 jernvägarnes
785 1813 215 48 öfvergång
1025 1813 58 36 till
1111 1813 228 36 statsbanor.

546 1864 201 37 Utskottet
786 1863 66 36 vill
892 1864 187 48 härjemte
1107 1863 99 37 fästa
1233 1863 392 49 uppmärksamheten
1655 1861 130 49 derpå,
1813 1866 56 31 att
1896 1860 123 49 enligt

413 1914 186 49 förslaget
640 1920 126 30 staten
805 1914 85 36 icke
924 1913 123 37 skulle
1075 1914 119 36 blifva
1222 1927 114 35 egare
1364 1913 57 37 till
1450 1913 47 37 de
1527 1912 41 37 af
1586 1912 259 48 jernvägarne
1874 1911 145 48 begag-

413 1966 98 36 nade
553 1965 238 36 stationerna
817 1965 13 36 i
859 1964 212 49 Göteborg,
1099 1964 188 47 Varberg,
1315 1964 215 46 Halmstad,
1558 1962 276 49 Helsingborg,
1862 1953 155 57 Åstorp,

415 2016 284 48 Teckomatorp
729 2016 72 36 och
828 2015 262 47 Landskrona,
1119 2021 90 30 utan
1239 2020 54 31 att
1320 2015 64 36 vid
1412 2015 113 36 dessa
1553 2013 198 50 stationer,
1767 2026 82 23 som
1864 2012 154 37 tillhöra

416 2066 116 37 andra
565 2066 178 36 enskilda
771 2065 314 49 jernvägsbolag,
1114 2065 47 37 de
1190 2065 218 36 nuvarande
1437 2064 311 48 anordningarna
1776 2063 122 37 skulle
1926 2069 91 30 utan

415 2116 258 48 väsentligare
703 2116 163 48 ändring
893 2116 223 37 bibehållas.
1159 2116 131 36 Redan
1314 2115 380 49 jernvägsstyrelsen
1716 2115 69 36 har
1804 2113 214 37 emellertid

415 2167 207 36 framhållit
661 2167 134 48 vigten
837 2166 41 36 af
914 2180 99 35 egen
1047 2166 143 36 station
1216 2167 12 35 i
1256 2166 277 48 Helsingborg,
1562 2166 71 36 och
1661 2165 121 48 enligt
1808 2165 209 35 utskottets

415 2218 158 47 mening
600 2217 136 45 skulle,
765 2231 60 22 om
854 2223 124 30 staten
1007 2216 198 48 öfvertoge
1216 2217 269 48 jernvägarne,
1502 2217 112 36 äfven
1631 2214 386 38 oafsedtinträdande

416 2268 145 48 ökning
601 2268 11 36 i
654 2268 173 46 trafiken,
867 2267 300 48 olägenheterna
1207 2267 113 36 deraf
1343 2273 56 30 att
1427 2272 126 31 staten
1581 2269 120 34 måste
1731 2269 125 33 såsom
1884 2265 133 49 hyres-
