2154 2618
705 164 254 34 Statsutskottets
981 164 167 33 utlåtande
1170 165 53 31 Nr
1246 167 51 30 64.
1788 166 19 31 3

312 249 35 49 2)
389 250 251 49 Legitimerad
673 250 137 48 läkare,
852 251 127 37 vilken
1020 251 200 37 förordnas
1261 256 55 32 att
1357 251 139 38 förestå
1532 251 275 50 läkartjänsten

206 302 64 36 vid
299 302 117 52 Visby
445 303 175 49 hospital,
650 303 199 49 hospitals-
878 304 88 36 eller
994 303 309 50 asylläkartjänst
1332 304 89 37 eller
1440 304 225 37 biträdande
1685 305 121 36 läkar-

206 355 119 49 tjänst
341 355 61 36 vid
419 360 142 32 statens
577 355 164 50 hospital
757 356 70 36 och
842 356 123 49 asyler
980 356 180 48 antingen
1174 356 120 36 under
1308 356 144 36 vakans
1468 357 89 36 eller
1571 357 120 36 under
1705 357 101 36 inne-

207 407 137 36 havare
358 421 47 22 av
423 410 129 47 någon
568 421 47 22 av
631 408 108 36 dessa
755 408 157 48 tjänster
927 411 47 46 på
989 408 123 48 grund
1128 422 47 22 av
1190 408 175 49 sjukdom
1382 408 89 37 eller
1487 408 250 37 förordnande
1756 411 49 47 på

206 473 124 22 annan
371 459 118 49 tjänst
530 460 164 49 beviljad
735 460 289 49 tjänstledighet
1061 460 88 36 eller
1177 473 80 23 som
1286 460 197 37 förordnas
1512 463 123 34 såsom
1663 461 141 36 vikarie

206 511 120 37 under
354 517 176 30 semester
558 512 57 36 för
643 512 125 37 läkare
798 512 61 36 vid
888 518 142 30 statens
1057 512 164 49 hospital
1242 512 69 37 och
1332 513 132 48 asyler,
1486 515 60 34 må
1565 519 73 43 äga
1658 513 147 48 åtnjuta

207 563 217 49 dagarvode
452 576 47 23 av
531 566 44 33 12
605 564 139 36 kronor
779 564 120 48 jämte
940 564 141 36 sådana
1121 564 332 48 naturaförmåner,
1488 578 80 23 som
1595 565 210 36 tillkomma

206 615 220 37 biträdande
453 616 126 36 läkare
597 616 62 36 vid
679 616 177 48 hospital,
877 621 96 31 samt
992 616 483 50 resekostnadsersättning
1493 617 118 49 enligt
1629 616 175 49 gällande

206 667 324 49 resereglemente,
573 681 85 23 men
685 668 85 36 med
799 668 226 49 skyldighet,
1057 668 124 37 därest
1208 669 75 35 han
1312 668 156 37 innehar
1495 668 116 48 tjänst
1638 669 63 36 vid
1731 675 73 30 sta-

206 725 85 32 tens
331 720 163 48 hospital
531 720 69 37 och
633 720 136 50 asyler,
812 725 54 31 att
907 720 119 36 under
1062 720 103 36 tiden
1208 721 56 37 för
1292 720 267 37 förordnandet
1587 723 107 34 avstå
1722 721 82 36 sina

206 772 84 36 med
320 772 121 36 denna
469 772 117 50 tjänst
613 772 177 37 förenade
819 772 399 48 avlöningsförmåner.

312 823 35 49 3)
385 824 181 37 Medicine
607 824 191 47 kandidat,
838 824 126 36 vilken
1006 824 198 36 förordnas
1246 829 52 31 att
1340 837 81 24 som
1463 829 103 31 extra
1593 824 126 37 läkare
1747 824 56 37 bi-

206 876 107 37 träda
352 876 63 36 vid
456 876 229 49 sjukvården
713 879 20 33 å
761 879 117 46 något
910 890 47 22 av
986 881 142 32 statens
1157 876 163 49 hospital
1348 876 88 37 eller
1464 877 133 49 asyler,
1626 890 89 23 vare
1744 877 60 48 sig

206 928 119 37 under
352 928 144 36 vakans
525 931 20 33 å
582 931 126 46 någon
749 942 47 23 av
829 928 261 37 ovannämnda
1131 928 162 49 tjänster
1334 928 89 36 eller
1463 928 119 37 under
1623 933 181 32 semester

205 981 89 36 eller
322 980 286 49 tjänstledighet
635 983 49 47 på
711 981 123 48 grund
863 994 45 22 av
949 981 175 49 sjukdom
1166 981 90 36 eller
1296 980 253 36 förordnande
1589 983 48 47 på
1678 994 124 23 annan

205 1032 118 49 tjänst
352 1032 56 36 för
434 1032 229 37 innehavare
691 1046 48 22 av
768 1033 115 36 sådan
912 1032 128 50 tjänst,
1069 1035 59 33 må
1157 1032 242 37 tillerkännas
1431 1046 143 23 samma
1602 1033 199 47 förmåner,

205 1098 81 24 som
314 1084 11 36 i
352 1084 316 50 nästföregående
695 1085 121 49 punkt
843 1090 100 43 sägs.

307 1136 38 49 4)
385 1137 136 37 Därest
562 1137 141 36 vikarie
743 1137 56 36 uti
841 1137 78 46 fall,
965 1150 79 23 som
1074 1137 239 36 omförmäles
1341 1136 118 37 under
1488 1135 35 50 2)
1553 1137 89 36 eller
1670 1136 37 48 3)
1735 1137 68 36 här

205 1202 109 34 ovan,
355 1189 81 36 icke
476 1189 75 36 kan
592 1189 160 36 erhållas
785 1189 59 36 för
872 1190 72 36 den
973 1189 211 36 fastställda
1211 1188 260 49 ersättningen
1498 1202 48 23 av
1576 1191 46 34 12
1651 1189 150 47 kronor,

205 1243 60 34 må
293 1240 140 49 Kungl.
463 1241 108 48 Maj:t
599 1245 73 44 äga
698 1240 89 49 höja
815 1240 231 49 dagarvodet
1074 1240 98 36 intill
1204 1241 43 35 15
1279 1240 149 36 kronor.

308 1294 74 35 dels
424 1294 59 35 ock
525 1297 54 31 att
620 1292 73 36 vad
735 1306 78 23 som
856 1292 235 37 erfordrades
1120 1292 58 36 för
1204 1291 210 37 beredande
1442 1305 47 22 av
1516 1291 287 49 ifrågavarande

204 1344 275 37 löneförmåner
505 1344 102 49 finge
634 1347 94 46 utgå
757 1358 46 22 av
831 1344 337 49 förslagsanslaget
1197 1344 55 36 till
1280 1343 181 49 hospitals
1489 1343 204 37 underhåll.

307 1396 238 37 Beträffande
572 1396 252 50 utredningen
847 1396 12 36 i
888 1396 153 37 ärendet
1061 1396 56 36 får
1135 1396 186 36 utskottet
1340 1395 158 36 hänvisa
1516 1395 56 36 till
1592 1395 210 50 åberopade

203 1449 415 49 statsrådsprotokollet.

307 1553 56 36 De
409 1566 46 23 av
495 1553 141 49 Kungl.
683 1552 108 49 Maj:t
835 1551 215 48 föreslagna
1103 1551 172 49 förhöjda
1319 1550 483 50 vikariatsersättningarne

204 1605 57 36 för
300 1605 126 36 läkare
466 1604 63 37 vid
569 1605 117 36 rikets
727 1604 163 49 hospital
932 1604 70 36 och
1040 1604 123 49 asyler
1189 1603 69 36 har
1285 1604 186 36 utskottet
1499 1603 124 36 funnit
1653 1617 44 22 av
1725 1616 78 23 om-

204 1657 309 48 ständigheterna
553 1657 210 48 påkallade,
793 1656 69 36 och
891 1656 68 36 har
987 1655 186 37 utskottet
1201 1655 157 36 sålunda
1385 1656 80 36 icke
1493 1656 82 35 haft
1602 1658 117 46 något
1748 1660 54 31 att

203 1709 12 36 i
257 1708 197 36 huvudsak
495 1708 120 36 erinra
656 1714 79 30 mot
777 1707 336 49 framställningen.
1168 1707 218 36 Emellertid
1420 1707 68 35 har
1514 1707 185 36 utskottet
1729 1707 74 35 fäst

204 1760 57 36 sin
302 1760 334 49 uppmärksamhet
677 1760 64 35 vid
782 1765 55 30 att
869 1759 141 48 Kungl.
1040 1758 127 49 Maj:ts
1196 1758 142 49 förslag
1364 1758 12 36 i
1405 1759 108 48 fråga
1541 1772 59 22 om
1629 1758 174 36 arvodes-

204 1811 185 50 beloppen
417 1812 226 36 åtminstone
670 1811 12 36 1
712 1817 53 30 ett
794 1811 63 36 fall
885 1811 75 35 kan
988 1810 167 37 medföra
1173 1810 95 36 visst
1288 1810 335 36 missförhållande.
1672 1810 131 48 Enligt

205 1864 181 48 förslaget
427 1863 120 37 skulle
587 1863 191 49 nämligen
819 1862 137 48 läkare,
999 1875 81 23 som
1122 1862 211 36 förordnats
1372 1867 54 30 att
1462 1861 200 49 uppehålla
1698 1866 104 31 över-

204 1916 271 48 läkartjänsten
508 1918 20 34 å
560 1915 226 49 Nyköpings
824 1915 174 49 hospital,
1036 1915 151 35 komma
1225 1919 53 31 att
1315 1914 147 48 åtnjuta
1498 1919 54 31 ett
1585 1913 138 37 arvode
1756 1927 48 22 av

207 1969 44 34 16
282 1968 138 36 kronor
447 1981 60 23 om
549 1968 123 48 dagen
708 1968 119 47 jämte
860 1967 134 37 bostad
1027 1967 84 36 med
1140 1966 148 36 bränsle
1316 1966 69 36 och
1413 1966 92 49 lyse,
1535 1966 124 36 därest
1687 1965 117 36 sådan

204 2019 124 36 kunde
346 2052 4 4 .
368 2019 154 36 beredas
563 2019 151 45 honom,
756 2018 118 36 under
915 2019 62 35 det
1019 2023 54 30 att
1115 2018 154 35 arvodet
1298 2018 56 35 för
1382 2030 45 23 en
1456 2018 135 46 läkare,
1621 2030 81 23 som
1732 2017 71 36 för-

205 2070 154 35 ordnats
397 2075 55 30 att
485 2070 137 36 förestå
652 2069 217 36 biträdande
898 2069 270 48 läkartjänsten
1197 2069 62 35 vid
1288 2082 143 22 samma
1459 2069 174 48 hospital,
1664 2069 11 35 i
1703 2069 100 35 vissa

205 2121 64 36 fall
311 2121 119 36 skulle
472 2121 127 36 kunna
640 2123 129 46 uppgå
812 2120 53 35 till
903 2122 43 34 15
990 2120 138 36 kronor
1169 2133 59 22 om
1264 2119 134 48 dagen,
1428 2120 122 34 vartill
1579 2120 149 35 komme
1757 2120 46 35 fri

205 2172 134 37 bostad
382 2172 83 36 med
507 2172 140 36 möbler
689 2172 69 36 och
792 2171 235 49 sängkläder,
1057 2171 159 44 bränsle,
1246 2171 79 48 lyse
1354 2171 69 35 och
1452 2176 97 30 tvätt
1578 2176 97 30 samt
1703 2171 98 46 kost,

205 2225 89 36 eller
323 2223 142 37 således
494 2224 118 48 högre
640 2223 212 49 ersättning
879 2229 47 30 än
955 2223 83 46 den,
1068 2236 79 23 som
1178 2222 224 36 tillkommer
1429 2222 167 37 vikarien
1622 2222 56 36 för
1697 2227 104 32 över-

206 2276 163 37 läkaren,
425 2276 57 36 Då
511 2276 185 36 utskottet
725 2275 203 37 emellertid
960 2275 225 48 förutsätter,
1216 2279 55 31 att
1298 2274 141 49 Kungl.
1469 2273 107 50 Maj:t
1604 2274 81 37 icke
1709 2274 94 36 lärer

1858 1563 136 24 Utskottets

1861 1598 128 29 yttrande.
