1928 2862
519 181 397 31 Jordbruksutskottets
948 181 187 31 utlåtande
1168 180 52 31 Nr
1245 181 28 28 6.
1579 180 17 28 3

579 268 53 28 att
657 266 187 34 riksdagen
869 276 56 20 ma
949 267 77 30 med
1051 267 101 30 bifall
1179 266 56 30 till
1261 265 134 36 Kungl.
1420 265 120 36 Maj:ts
1557 266 84 30 före-

538 318 150 29 varande
710 318 266 36 framställning
992 319 62 30 och
1073 319 74 30 med
1165 318 124 35 avslag
1307 327 21 21 å
1346 318 176 29 motionen
1539 317 28 30 1:
1581 318 61 30 190

538 370 7 28 i
562 369 65 30 vad
643 371 56 28 rör
721 369 159 35 anslaget
905 370 55 30 till
975 370 281 35 prisbelöningar
1279 379 44 20 av
1341 369 119 30 hästar
1477 371 165 28 ävensom

536 423 20 27 a
573 421 176 30 motionen
766 421 45 30 II:
827 422 60 29 212
905 421 140 30 minska
1061 421 176 30 ordinarie
1250 420 393 35 reservationsanslaget

535 472 55 30 till
627 472 294 35 understödjande
954 482 45 21 av
1036 473 279 35 prisbelöningar
1348 482 44 19 av
1427 472 120 30 hästar
1580 472 62 30 och

536 524 107 29 därav
678 523 221 36 härflytande
934 524 197 35 kostnader,
1167 534 47 19 nu
1241 523 137 35 100,000
1403 523 137 34 kronor,
1565 523 76 30 med

536 575 116 34 30,000
678 574 126 31 kronor
829 574 54 30 till
909 575 116 35 70,000
1050 575 136 30 kronor.

179 693 64 34 2:0)
281 694 47 31 På
366 695 69 30 sätt
460 696 156 34 framgår
640 705 44 20 av
709 694 66 31 den
799 695 110 30 under
934 696 113 34 punkt
1072 695 39 30 37
1136 695 162 30 lämnade
1323 694 241 36 redogörelsen
1589 694 53 31 för

133 746 171 36 anslagen
328 747 54 30 för
406 746 299 36 tillvaratagande
729 746 63 31 och
816 746 209 35 utveckling
1049 756 44 20 av
1117 746 131 31 sådana
1272 747 12 30 i
1307 746 144 36 Sverige
1473 746 168 31 förekom-

136 797 124 31 mande
294 808 25 21 s.
356 798 32 30 k.
424 798 209 35 lanthästar,
668 808 74 20 som
777 798 122 31 kunna
932 798 194 31 innefattas
1150 798 110 30 under
1284 798 260 36 benämningen
1571 798 70 30 »in-

138 850 141 30 hemska
303 850 284 36 häststammar»”,
602 851 90 29 samt
716 850 54 30 för
794 849 295 37 understödjande
1112 860 45 20 av
1181 850 298 36 stamboksföring
1493 849 147 31 rörande

138 902 117 30 hästar
289 901 63 30 har
386 901 381 36 departementschefen
802 901 75 30 icke
913 901 189 36 ifrågasatt
1130 902 108 34 något
1266 901 297 35 anslagsäskande
1588 902 52 30 för

138 952 206 36 budgetåret
369 953 213 30 1924-—1925
607 953 53 30 för
684 952 273 36 ifrågavarande
981 953 89 30 båda
1093 952 175 31 ändamål.

176 1039 18 30 I
218 1049 43 21 en
284 1040 96 30 inom
408 1039 109 31 första
541 1039 205 30 kammaren
770 1039 115 36 väckt,
910 1038 58 32 till
991 1039 362 36 jordbruksutskottet
1376 1039 173 31 hänvisad
1573 1049 68 21 mo-

135 1092 74 30 tion
233 1100 43 21 nr
300 1091 61 31 190
385 1100 44 21 av
454 1091 80 30 herr
558 1091 153 35 Nilsson,
736 1091 78 31 Nils
838 1090 120 32 Anton
981 1101 45 21 m.
1043 1091 39 36 fl.
1100 1091 63 31 har
1185 1091 197 31 hemställts
1399 1091 106 31 bland
1522 1093 119 34 annat,

134 1144 52 29 att
219 1142 189 37 riksdagen
440 1144 109 29 måtte
573 1143 126 30 anvisa
721 1143 55 30 för
798 1142 300 37 tillvaratagande
1122 1143 63 31 och
1208 1143 207 36 utveckling
1439 1153 46 21 av
1509 1144 133 30 inhem-

135 1195 62 30 ska
232 1195 249 30 häststammar
520 1195 116 35 20,000
672 1194 129 31 kronor
835 1196 90 29 samt
960 1195 55 31 för
1050 1195 293 36 understödjande
1376 1205 46 21 av
1451 1195 190 32 stamboks-

135 1247 119 35 föring
279 1246 147 31 rörande
450 1246 120 31 hästar
593 1247 116 35 10,000
734 1247 140 30 kronor.

178 1298 222 31 Beträffande
424 1298 41 31 de
489 1298 88 36 skäl,
602 1308 73 21 som
698 1298 136 31 anförts
858 1298 58 31 till
940 1299 77 30 stöd
1041 1298 129 36 härför,
1181 1299 167 31 hänvisas
1371 1299 59 30 till
1451 1298 189 31 motionen.

176 1349 95 31 Från
305 1350 63 30 och
403 1350 78 30 med
516 1350 83 30 1914
634 1350 64 30 har
732 1349 190 36 riksdagen
955 1350 143 31 anvisat
1133 1350 125 36 anslag
1293 1350 72 31 dels
1400 1351 54 30 för
1482 1350 159 31 tillvara-

135 1401 152 36 tagande
309 1401 63 31 och
396 1401 209 35 utveckling
629 1411 45 21 av
698 1401 132 31 sådana
854 1402 11 30 i
882 1401 147 36 Sverige
1045 1402 283 31 förekommande
1345 1412 25 20 s.
1384 1402 33 30 k.
1431 1401 209 36 lanthästar,

134 1462 74 22 som
242 1453 117 31 kunde
393 1453 193 31 innefattas
615 1453 110 31 under
748 1453 261 36 benämningen
1036 1453 203 31 »inhemska
1262 1453 282 36 häststammar»,
1568 1453 73 31 dels

135 1505 62 31 ock
221 1505 54 30 för
298 1504 297 37 understödjande
618 1515 44 20 av
687 1505 299 36 stamboksföring
1010 1505 147 31 rörande
1181 1505 129 31 hästar.

176 1556 68 31 För
267 1557 207 36 budgetåret
498 1557 214 31 1923—1924
736 1557 93 30 hava
851 1557 171 36 anslagen
1046 1557 171 37 uppförts,
1234 1558 160 35 anslaget
1410 1558 54 31 för
1480 1557 160 31 tillvara-

134 1608 152 36 tagande
313 1609 64 31 och
400 1608 209 37 utveckling
632 1618 45 21 av
702 1609 184 30 inhemska
909 1609 251 31 häststammar
1183 1609 79 31 med
1286 1610 115 35 20,000
1425 1610 129 30 kronor
1577 1609 63 32 och

133 1660 161 35 anslaget
317 1661 57 30 till
399 1660 295 36 understödjande
718 1671 45 20 av
787 1661 299 36 stamboksföring
1109 1661 147 31 rörande
1279 1662 118 30 hästar
1420 1661 79 31 med
1523 1662 116 35 10,000

133 1713 137 30 kronor.

175 1763 68 31 För
287 1764 175 36 ändamål,
498 1774 74 21 som
606 1764 203 36 tillgodoses
845 1773 124 26 genom
1004 1764 229 31 förevarande
1268 1765 61 30 två
1362 1764 136 36 anslag,
1534 1764 106 36 pläga

133 1816 143 30 anvisas
300 1816 111 31 medel
435 1816 135 36 jämväl
594 1816 80 31 från
697 1816 262 35 avkastningen
982 1826 46 20 av
1052 1817 132 30 statens
1207 1815 274 32 hästavelsfond.
1516 1816 124 31 Denna

134 1867 94 36 fond,
263 1877 74 21 som
371 1869 44 35 på
449 1868 268 35 framställning
751 1878 46 20 av
832 1867 135 36 Kungl.
992 1867 102 36 Maj:t
1118 1868 12 30 i
1153 1868 216 36 proposition
1392 1868 67 31 den
1483 1869 40 29 11
1547 1868 91 36 april

137 1919 91 36 1916,
252 1929 42 20 nr
318 1920 72 35 172,
414 1920 226 36 upprättades
666 1929 124 26 genom
813 1920 115 30 beslut
952 1929 45 21 av
1022 1929 134 21 samma
1178 1920 56 30 års
1258 1919 154 36 riksdag,
1429 1920 64 30 har
1508 1919 130 31 bildats

133 1981 45 21 av
205 1981 44 21 en
272 1971 54 31 del
350 1982 45 20 av
420 1972 40 31 de
485 1972 57 30 till
566 1972 211 31 statsverket
800 1971 154 31 influtna
978 1981 26 21 s.
1029 1971 33 31 k.
1086 1971 436 37 hästförsäljningsmedel.
1569 1971 69 31 Vid

134 2023 225 31 meddelande
394 2023 111 32 under
533 2024 184 35 krigsåren
740 2034 45 20 av
810 2023 163 31 tillstånd
997 2023 57 31 till
1078 2024 146 30 utförsel
1248 2034 45 20 av
1317 2024 119 30 hästar
1459 2024 178 31 föreskrev

133 2075 181 36 nämligen
348 2075 136 36 Kungl.
519 2075 113 37 Maj:t,
667 2076 53 30 att
754 2078 104 33 ägare
881 2075 58 31 till
963 2075 90 36 häst,
1077 2085 73 21 som
1174 2075 166 36 utfördes,
1364 2075 115 31 skulle
1502 2085 45 21 av
1572 2076 65 30 för-

133 2127 340 36 säljningssumman
496 2128 103 30 avstå
621 2127 74 31 viss
711 2129 142 34 procent
869 2127 52 31 för
938 2127 222 31 bestridande
1175 2138 45 20 av
1237 2127 186 31 kostnader
1439 2128 54 30 för
1505 2127 132 31 hästar-

133 2188 63 21 nas
231 2179 213 36 försäljning
468 2180 91 30 samt
582 2179 58 31 till
664 2178 164 37 åtgärder
851 2179 53 31 för
928 2179 203 31 hästavelns
1155 2179 208 36 främjande.
1408 2179 230 31 Sistnämnda

133 2231 55 30 del
223 2241 45 20 av
299 2231 273 35 ifrågavarande
596 2231 111 31 medel
732 2230 255 32 inlevererades
1011 2231 58 30 till
1093 2231 259 35 statskontoret,
1376 2241 74 21 som
1474 2231 88 31 hade
1585 2232 52 30 att

133 2282 153 31 förvalta
310 2282 69 31 vad
403 2282 150 32 sålunda
576 2283 102 31 inflöt
701 2282 111 31 under
835 2283 262 36 benämningen
1121 2283 436 36 hästförsäljningsmedel.

176 2334 107 31 Såväl
318 2335 272 35 ifrågavarande
624 2336 62 30 två
719 2335 125 35 anslag
878 2344 74 22 som
976 2335 261 36 avkastningen
1260 2345 45 21 av
1329 2335 308 31 hästavelsfonden

134 2387 112 30 bruka
270 2386 180 33 användas
474 2387 58 31 till
556 2387 194 31 beredande
767 2397 45 20 av
830 2387 111 31 medel
954 2387 37 30 åt
1005 2387 95 31 vissa
1112 2387 408 36 hushållningssällskap
1534 2389 102 29 även-

133 2448 73 22 som
230 2439 50 30 ett
313 2439 99 32 antal
447 2439 161 31 enskilda
632 2439 204 35 föreningar
859 2439 63 31 och
945 2438 110 31 andra
1079 2439 364 36 sammanslutningar
1466 2439 55 31 för
1545 2439 91 31 häst-

132 2490 263 31 avelsändamål
420 2501 44 20 m.
486 2500 44 21 m.
562 2490 93 31 Från
672 2490 326 32 hästavelsfondens
1015 2491 216 35 avkastning
1248 2491 63 31 har
1327 2491 172 36 därjämte
1516 2491 121 36 plägat

1669 696 132 39 Åtgärder
1818 705 45 30 för

1698 739 135 23 inhemska

1672 774 188 24 häststammar

1684 810 68 21 samt
1771 812 79 20 stam-

1660 843 148 31 boksföring
1825 847 44 20 +ö-

1659 882 84 20 rande
1766 878 101 25 kastar.

1725 916 76 42 [37.]

1707 1049 110 26 Motion.
