1888 2752
286 183 18 31 4
566 185 401 37 Bevillningsutskottets
989 186 218 31 betänkande
1228 197 42 20 nr
1288 189 41 29 33
1350 188 39 30 år
1412 189 82 29 1962

951 276 154 29 Historik

334 336 8 29 IH
363 337 59 30 sitt
440 337 38 29 år
499 337 81 30 1950
599 338 145 36 avgivna
762 338 218 31 betänkande
998 349 40 20 nr
1059 339 40 28 IV
1121 340 98 33 (SOU
1243 340 158 33 1950:21)
1426 340 170 30 framlade
1616 341 81 28 1944
1714 340 56 30 års

287 389 178 31 allmänna
483 390 301 31 skattekommitté
805 392 129 38 förslag
954 393 177 37 angående
1151 393 43 30 bl.
1215 404 28 19 a.
1264 394 153 30 ändrade
1435 393 263 31 bestämmelser
1718 394 53 29 för

287 442 223 39 beskattning
535 453 41 20 av
602 444 191 37 periodiskt
818 446 200 30 understöd.
1045 446 11 29 I
1085 446 94 37 fråga
1205 456 55 20 om
1287 446 192 37 periodiskt
1503 447 190 30 understöd
1720 447 50 30 till

287 497 250 37 undervisning
563 497 81 31 eller
671 498 208 36 uppfostran
907 499 148 38 föreslog
1082 500 204 29 kommittén
1314 502 50 28 att
1389 501 129 37 avdrag
1542 500 112 31 skulle
1681 501 90 30 med-

288 550 93 35 givas
402 551 111 29 under
534 550 251 38 förutsättning
803 551 43 31 bl.
867 562 28 20 a.
916 554 50 28 att
986 554 215 34 mottagaren
1222 553 77 37 fyllt
1320 553 36 29 17
1377 553 37 30 år
1432 554 63 29 och
1516 554 75 30 icke
1611 554 160 30 tillhörde

287 603 158 35 givarens
464 603 152 31 hushåll.
637 602 127 39 Vidara
784 605 146 38 föreslog
950 606 205 30 kommittén
1176 608 50 29 att
1245 607 127 36 avdrag
1392 607 18 29 å
1431 607 61 29 700
1512 607 129 30 kronor
1660 608 112 30 skulle

290 656 172 37 medgivas
494 657 244 38 skattskyldig,
770 668 72 19 som
874 659 213 30 underhållit
1116 659 294 31 henimavarande
1439 660 84 30 barn
1555 662 81 29 över
1667 661 38 30 16
1734 661 35 29 år

286 709 106 31 vilket
414 709 148 38 åtnjutit
583 710 379 39 heltidsundervisning
984 712 56 30 vid
1064 713 214 30 läroanstalt.
1300 713 71 30 Mot
1392 714 100 30 dessa
1515 714 130 37 förslag
1666 724 105 21 reser-

287 764 124 29 verade
430 763 52 38 sig
502 764 57 29 två
578 774 41 20 av
640 764 225 31 kommitténs
884 765 199 31 ledamöter.

330 817 44 31 År
395 819 78 30 1951
498 828 108 29 avgav
629 820 78 30 1944
730 820 56 30 års
807 822 176 30 allmänna
1003 822 300 31 skattekommitté
1321 823 219 31 betänkande
1560 833 40 20 nr
1620 823 26 29 V
1671 823 98 35 (SOU

292 872 157 34 1951:13)
485 873 178 37 angående
691 874 322 32 studiekostnaders
1043 876 210 38 behandling
1281 877 7 29 i
1319 876 452 37 beskattningshänseende,

286 926 73 29 vari
382 926 169 38 föreslogs
574 927 183 31 införande
780 938 41 20 av
844 929 68 30 rätt
934 929 50 30 till
1007 930 127 37 avdrag
1156 930 110 29 under
1287 930 91 30 vissa
1402 930 294 38 förutsättningar
1719 930 53 30 för

286 980 213 37 amortering
518 990 41 19 av
579 980 267 32 studieskulder.
866 982 50 29 En
936 983 151 30 ledamot
1107 992 40 20 av
1168 983 204 30 kommittén
1394 983 147 31 anförde
1560 984 209 30 reservation

289 1034 71 29 mot
378 1033 95 30 detta
494 1033 139 38 förslag.

331 1088 11 28 I
367 1089 47 29 ett
437 1089 65 30 den
527 1089 40 30 20
591 1090 179 30 december
798 1091 77 29 1956
900 1092 133 36 avgivet
1058 1092 217 31 betänkande
1299 1094 75 29 med
1398 1093 129 38 förslag
1551 1093 49 30 till
1624 1092 147 30 bestäm-

287 1142 122 29 melser
436 1151 56 20 om
520 1144 219 36 avdragsrätt
765 1145 63 28 och
855 1145 206 37 skatteplikt
1087 1146 54 30 för
1166 1146 192 37 periodiskt
1383 1146 190 30 understöd
1600 1148 91 29 samt
1715 1155 55 21 om

286 1195 219 37 avdragsrätt
528 1195 54 31 för
604 1197 316 36 studieunderstöd,
943 1208 44 21 m.
1011 1208 44 21 m.
1082 1199 231 35 (stencilerat)
1342 1199 63 30 har
1424 1198 348 37 skattelagssakkun-

286 1247 80 37 niga
396 1248 180 38 föreslagit
605 1259 41 21 en
676 1252 294 36 genomgripande
998 1252 189 38 omdaning
1216 1263 41 19 av
1288 1253 401 38 beskattningsreglerna
1721 1254 51 28 rö-

288 1305 105 29 rande
415 1305 199 36 periodiska
638 1306 200 30 understöd.
862 1306 115 38 Enligt
1001 1307 165 37 förslaget
1187 1307 114 30 skulle
1323 1307 40 29 de
1386 1307 203 30 nuvarande
1611 1307 160 37 avdrags-

287 1356 269 39 möjligheterna
583 1358 53 30 för
663 1358 198 37 periodiska
886 1359 259 37 utbetalningar
1173 1360 211 29 inskränkas
1410 1360 197 37 väsentligt.
1636 1359 136 38 Avdrag

287 1411 112 30 skulle
419 1411 11 29 i
450 1411 137 37 princip
609 1412 136 37 medges
766 1413 122 30 endast
908 1413 9 28 i
938 1413 97 36 fråga
1056 1423 55 20 om
1132 1414 189 29 understöd
1342 1412 42 37 på
1404 1414 112 37 grund
1537 1423 41 20 av
1598 1412 174 31 bindande

290 1463 236 37 förpliktelser
543 1464 82 29 eller
641 1464 43 29 då
701 1464 111 30 behov
829 1474 40 20 av
887 1466 189 29 understöd
1097 1466 139 37 förelåg.
1255 1466 23 29 ÅA
1297 1467 108 29 andra
1424 1466 99 30 sidan
1543 1466 106 30 borde
1667 1466 106 37 enligt

287 1517 42 30 de
346 1517 241 38 sakkunnigas
607 1518 138 38 mening
764 1519 188 30 understöd
972 1518 80 31 från
1072 1519 171 30 föräldrar
1262 1520 49 30 till
1331 1519 86 30 barn
1435 1520 112 29 under
1565 1520 118 30 dessas
1702 1521 70 28 stu-

289 1569 106 30 dietid
418 1569 9 29 i
449 1570 70 29 viss
542 1570 213 38 omfattning
775 1580 82 21 vara
881 1572 241 37 avdragsgilla.
1146 1573 136 29 Barnen
1307 1572 167 37 föreslogs
1497 1572 77 30 icke
1597 1572 98 30 skola
1719 1572 54 30 be-

287 1623 135 30 skattas
443 1624 54 30 för
516 1624 112 37 dylikt
645 1624 319 31 studieunderstöd.

329 1710 91 33 Även
445 1712 124 38 frågan
592 1722 55 20 om
671 1713 219 37 avdragsrätt
912 1714 54 29 för
989 1714 304 30 studiekostnader
1317 1715 7 29 i
1347 1714 111 38 övrigt
1480 1714 64 31 har
1566 1714 206 31 behandlats

286 1774 42 21 av
350 1765 425 39 skattelagssakkunniga.
800 1767 10 27 I
833 1768 48 30 ett
902 1768 65 29 den
990 1767 41 30 20
1052 1767 140 36 januari
1218 1768 82 29 1960
1322 1768 210 37 dagtecknat
1552 1768 221 30 betänkande

292 1817 101 34 (SOU
426 1818 139 35 1960:6)
602 1819 63 30 har
696 1820 42 29 de
768 1820 220 37 sakkunniga
1018 1820 175 31 utarbetat
1223 1823 48 28 ett
1303 1821 361 38 författningsförslag
1695 1822 76 29 med

287 1870 263 32 bestämmelser
569 1881 55 21 om
645 1873 128 37 avdrag
794 1873 9 30 i
822 1873 91 30 vissa
933 1873 59 31 fall
1015 1874 54 29 för
1088 1875 253 36 amorteringar
1360 1874 18 30 å
1396 1875 270 30 studieskulder.
1687 1875 12 29 I
1718 1875 54 30 be-

287 1924 192 31 tänkandet
501 1925 136 30 lämnas
660 1926 215 37 redogörelse
897 1927 53 29 för
971 1927 121 30 skälen
1116 1927 52 30 för
1189 1928 63 29 och
1275 1930 93 28 emot
1388 1928 309 37 hänsynstagande
1715 1928 56 30 vid

286 1977 269 39 beskattningen
573 1979 50 29 till
643 1979 189 31 kostnader
850 1980 52 30 för
920 1980 208 38 utbildning.
1145 1981 49 30 De
1211 1981 221 37 sakkunniga
1450 1981 204 30 framhåller
1671 1982 101 30 emel-

287 2031 98 30 lertid
415 2031 5 30 i
443 2031 170 31 samband
636 2032 143 30 härmed
803 2034 61 33 att,
887 2032 53 30 för
962 2034 66 29 den
1050 2033 165 31 händelse
1236 2033 137 38 hänsyn
1396 2033 77 31 från
1497 2035 57 30 det
1576 2034 195 31 allmännas

285 2084 76 31 sida
384 2093 101 22 anses
509 2084 83 31 böra
618 2087 51 28 tas
695 2086 49 29 till
770 2086 57 30 det
851 2086 234 31 förhållandet
1107 2089 50 29 att
1179 2087 92 31 vissa
1295 2096 164 28 personer
1483 2089 76 29 med
1584 2087 188 38 dyrbarare

285 2138 198 38 utbildning
509 2140 120 35 tynges
655 2148 41 20 av
721 2139 269 35 studieskulder,
1015 2141 113 30 denna
1152 2148 131 30 grupps
1304 2141 164 37 speciella
1493 2141 244 31 förhållanden
1764 2142 7 29 i

285 2193 116 30 stället
423 2193 69 30 kan
515 2193 144 30 beaktas
681 2201 124 29 genom
828 2194 135 30 direkta
985 2193 210 37 statsbidrag
1218 2195 50 30 till
1292 2194 311 38 amorteringarna.
1624 2195 50 31 De
1695 2195 77 30 sak-

288 2246 154 37 kunniga
461 2247 159 37 tillägger
640 2248 51 29 att
711 2247 176 37 åtskilliga
907 2247 74 30 skäl
1005 2247 68 30 kan
1094 2248 141 30 anföras
1258 2248 53 29 för
1330 2249 52 29 att
1402 2248 114 30 stödet
1535 2247 51 31 till
1608 2257 163 28 personer

286 2300 77 29 med
384 2300 176 37 tyngande
578 2300 260 30 studieskulder
855 2309 60 29 ges
932 2301 114 29 denna
1067 2301 99 30 form,
1184 2301 50 30 De
1253 2301 222 38 sakkunniga
1494 2301 64 30 har
1577 2302 104 29 likväl
1701 2302 71 29 inte

286 2354 114 28 ansett
425 2353 57 30 det
507 2352 89 38 ligga
623 2353 91 29 inom
742 2362 119 22 ramen
886 2354 53 29 för
964 2353 61 31 sitt
1049 2355 158 36 uppdrag
1231 2356 50 28 att
1305 2354 115 30 såsom
1445 2355 187 30 alternativ
1656 2355 49 30 till
1732 2355 40 30 de

285 2405 267 38 ifrågavarande
573 2406 307 37 avdragsreglerna
899 2408 164 36 upprätta
1085 2407 129 37 förslag
1235 2408 50 29 till
1307 2407 212 38 statsbidrag
1538 2408 108 37 enligt
1664 2408 41 30 de
1724 2416 46 21 nu

285 2459 154 37 antydda
460 2460 210 37 grunderna.
692 2459 77 30 Med
791 2459 136 37 hänsyn
948 2460 53 30 till
1021 2461 44 29 de
1084 2460 287 37 betänkligheter,
1393 2470 74 21 som
1488 2461 42 30 de
1550 2461 222 37 sakkunniga

288 2510 118 31 funnit
428 2512 51 30 att
500 2512 371 38 avdragsalternativet
892 2512 246 38 obestridligen
1161 2514 38 29 är
1221 2514 105 37 ägnat
1349 2515 50 28 att
1422 2513 199 35 framkalla,
1643 2514 65 30 har
1731 2514 41 30 de
