1866 2794
462 133 313 31 Bankoutskottets
800 130 178 30 utlåtande
998 138 41 20 nr
1061 129 19 29 5
1099 128 39 30 år
1162 128 82 28 1955
1566 122 37 30 81

101 222 43 29 de
182 231 41 21 av
258 216 535 44 jordbrukskasseutredningen
833 213 199 39 föreslagna
1060 211 152 39 linjerna
1240 209 111 30 måste
1379 208 41 30 de
1448 207 78 29 med
1554 206 51 29 in-

105 272 257 39 låningsrätten
395 266 347 40 sammanhängande
774 265 203 41 problemen
1009 262 200 40 ytterligare
1242 260 198 38 övervägas.
1474 256 132 31 Härvid

103 324 63 30 bör
195 321 142 31 särskilt
364 319 332 41 uppmärksammas
725 317 41 30 de
794 314 172 42 spörsmål
994 312 152 31 rörande
1173 309 322 42 gränsdragningen
1522 307 85 29 mel-

104 375 59 30 lan
201 374 93 29 olika
334 369 266 34 kreditinstitut,
642 376 75 22 som
758 367 111 29 skulle
899 364 233 31 aktualiseras
1160 362 58 30 vid
1247 359 201 32 införandet
1476 367 44 22 av
1548 366 59 22 en-

104 424 130 39 hetliga
273 419 453 42 inlåningsbestämmelser.
763 415 195 41 Självfallet
995 415 62 29 bör
1095 413 58 31 vid
1191 421 43 20 en
1271 411 110 30 sådan
1419 408 189 38 utredning

105 475 124 30 hinder
260 474 75 29 icke
365 474 95 29 möta
490 471 51 30 att
570 470 53 30 till
652 468 217 31 bedömande
900 467 109 39 uppta
1039 466 87 29 även
1156 463 110 31 andra
1297 459 311 42 gränsdragnings-

107 525 159 41 problem
300 523 170 31 avseende
503 520 324 31 -kreditinstitutens
859 513 425 34 verksamhetsområden.
1320 511 118 31 Skulle
1471 510 59 29 vid
1563 508 43 30 de

107 577 164 29 fortsatta
307 572 287 41 övervägandena
630 570 162 41 speciella
817 566 299 40 omständigheter
1140 565 75 30 visa
1240 564 51 39 sig
1316 563 85 29 böra
1427 559 184 32 föranleda

107 629 51 27 att
180 625 169 40 särregler
373 625 11 28 i
406 626 49 27 ett
476 623 82 29 eller
580 623 109 28 annat
712 619 169 31 avseende
903 617 202 33 bibehålles,
1129 616 62 29 bör
1214 613 253 39 motiveringen
1488 610 123 31 härför

108 678 93 29 klart
223 684 116 32 anges.
364 675 121 30 Såsom
506 673 59 39 jag
588 672 146 39 tidigare
758 671 114 38 antytt
893 668 64 30 har
981 668 42 29 de
1046 665 204 31 nuvarande
1273 661 339 41 inlåningsreglerna

108 726 245 31 framkommit
376 727 86 28 utan
487 725 50 28 att
560 722 220 31 olikheterna
804 720 80 30 dem
907 718 150 30 emellan
1081 716 115 31 direkt
1220 715 138 29 kunnat
1381 712 163 31 härledas
1570 719 42 21 ur

109 778 177 40 reglernas
312 775 152 31 avsedda
489 773 167 30 funktion
683 773 51 28 att
760 772 121 38 trygga
907 769 208 30 insättarna.
1141 765 118 40 Enligt
1285 764 74 30 min
1384 761 229 42 uppfattning

108 829 64 30 bör
194 826 192 32 emellertid
407 826 67 30 den
494 824 208 39 ifrågasatta
722 820 233 39 utredningen
976 818 77 30 icke
1073 818 37 29 få
1130 815 183 32 föranleda
1333 813 200 42 ytterligare
1553 820 61 21 an-

110 879 105 30 stånd
234 878 79 30 med
333 875 291 42 genomförandet
645 882 42 22 av
707 873 67 30 den
795 880 68 31 nya
882 867 376 41 banklagstiftningen.
1278 865 78 31 Med
1377 864 139 39 hänsyn
1535 862 80 30 här-

111 930 54 29 till
187 929 60 30 vill
266 929 60 39 jag
348 926 138 34 föreslå,
508 927 52 28 att
581 933 83 21 man
685 923 12 29 i
719 932 43 21 en
784 931 47 31 ny
852 919 222 41 lagstiftning
1095 917 71 31 tills
1187 917 120 30 vidare
1328 915 11 29 i
1361 914 153 39 enlighet
1535 912 80 31 med

110 976 417 42 banklagssakkunnigas
554 975 132 38 förslag
711 972 190 31 bibehåller
926 968 283 32 hittillsvarande
1237 966 225 39 regelsystem
1486 963 130 30 beträf-

113 1031 107 29 fande
245 1028 304 39 inlåningsrätten.
577 1026 73 29 När
674 1033 83 31 nyss
785 1021 155 41 antydda
966 1018 266 41 överväganden
1259 1017 11 29 i
1299 1016 115 30 sinom
1439 1014 51 30 tid
1517 1013 99 32 verk-

109 1081 129 33 ställts,
261 1079 113 30 skulle
396 1077 107 31 sedan
523 1075 178 31 definitivt
721 1074 121 29 kunna
861 1072 146 39 avgöras
1028 1068 176 31 huruvida
1223 1068 41 29 de
1286 1065 237 31 traditionella
1543 1071 74 32 reg-

114 1132 97 29 lerna
232 1130 62 30 bör
314 1129 149 29 ersättas
486 1127 78 29 med
587 1124 223 31 annorlunda
831 1120 255 32 konstruerade
1105 1117 275 32 bestämmelser.

160 1180 78 31 Med
257 1181 116 29 denna
392 1176 219 41 ståndpunkt
629 1177 39 29 är
688 1175 58 30 det
765 1172 169 40 naturligt
952 1173 52 29 att
1024 1171 55 29 för
1097 1168 220 32 närvarande
1336 1167 75 29 inta
1428 1174 44 22 en
1490 1164 129 31 försik-

115 1232 50 40 tig
188 1231 158 38 hållning
369 1229 53 30 till
445 1228 226 30 framkomna
693 1225 131 39 förslag
847 1232 58 22 om
928 1220 248 40 förändringar
1199 1219 66 30 och
1286 1218 120 39 tillägg
1428 1216 11 30 i
1462 1214 157 31 rådande

115 1282 236 40 regelsystem.
373 1280 97 30 Dock
491 1278 62 30 bör
575 1277 134 30 sådana
727 1273 228 42 jämkningar
974 1272 12 30 i
1007 1271 177 40 systemet,
1205 1269 95 31 vilka
1320 1268 71 30 kan
1411 1266 208 31 förutsättas

115 1333 78 30 icke
217 1331 159 31 försvåra
397 1339 44 20 en
464 1327 171 32 eventuell
658 1325 169 31 framtida
849 1323 214 39 enhetligare
1086 1320 173 40 reglering
1280 1318 46 41 på
1348 1318 95 30 detta
1465 1315 154 34 område,

117 1384 123 29 kunna
258 1381 222 41 genomföras
498 1388 47 20 nu
562 1378 11 29 i
591 1378 68 30 den
677 1376 83 30 mån
777 1376 41 29 de
834 1375 13 29 i
864 1373 112 40 övrigt
994 1372 118 30 finnes
1130 1368 282 34 välmotiverade.

164 1431 391 43 Departementschefen
580 1428 197 34 anmärker,
802 1428 51 29 att
876 1424 296 32 affärsbankerna
1194 1430 80 21 vore
1298 1418 249 32 oförhiridrade
1572 1419 50 27 att

117 1485 160 30 emittera
294 1491 87 31 egna
399 1480 202 39 förlagslån,
621 1479 91 29 samt
729 1477 190 30 fortsätter.
939 1470 341 42 Förlagsupplåning
1298 1471 38 29 är
1354 1467 192 32 emellertid
1565 1467 54 29 för

120 1536 219 31 närvarande
360 1534 75 30 icke
458 1532 224 37 undantagen
708 1528 80 30 från
810 1528 67 29 den
899 1525 168 38 inlåning,
1094 1526 77 27 som
1192 1523 124 28 kräver
1340 1519 166 39 täckning
1530 1518 11 29 i
1564 1518 57 29 det

119 1595 89 31 egna
223 1585 178 40 kapitalet.
417 1584 48 29 De
482 1581 222 38 sakkunniga
719 1580 63 29 har
798 1578 114 30 ansett
928 1586 42 20 en
987 1573 149 40 ändring
1150 1572 181 38 härvidlag
1348 1580 82 21 vara
1446 1569 174 41 påkallad.

120 1638 175 29 Eftersom
323 1632 359 41 förlagslånegivarna
708 1630 114 30 såsom
852 1629 113 29 sämre
992 1624 228 43 prioriterade
1249 1625 44 28 än
1319 1622 157 29 bankens
1505 1619 116 39 övriga

121 1688 209 38 borgenärer
355 1686 10 28 i
389 1684 179 30 realiteten
593 1682 132 29 stärkte
749 1680 214 29 insättarnas
988 1676 161 41 trygghet
1174 1682 122 32 genom
1324 1673 59 29 sitt
1408 1671 148 30 tillskott
1582 1680 41 20 av

122 1738 143 40 kapital,
283 1737 106 29 borde
406 1736 93 29 detta
515 1733 150 30 tillskott
683 1732 76 30 icke
776 1729 156 39 skäligen
949 1727 169 30 hänföras
1135 1725 53 30 till
1205 1725 66 30 den
1288 1722 335 39 täckningskrävan-

123 1789 42 30 de
185 1788 213 38 inlåningen,
419 1784 163 31 anfördes
602 1784 57 29 det
677 1782 12 29 i
708 1780 245 31 betänkandet.

170 1838 49 28 De
249 1835 241 38 sakkunnigas
520 1832 172 41 prövning
722 1840 42 20 av
792 1828 322 39 förlagskapitalets
1145 1824 166 39 ställning
1339 1823 65 29 har
1434 1820 193 31 emellertid

125 1887 167 30 föranlett
310 1887 95 28 ännu
426 1892 95 21 mera
541 1881 230 40 långtgående
791 1879 140 38 förslag.
951 1879 110 28 Dessa
1081 1875 157 34 innebär,
1257 1875 50 29 att
1326 1871 303 40 förlagskapitalet

125 1939 12 28 i
159 1937 70 31 viss
251 1934 245 38 utsträckning
519 1932 90 30 skall
632 1930 197 40 jämställas
854 1928 79 30 med
956 1926 159 31 bankens
1139 1926 75 38 eget
1236 1923 133 40 kapital
1393 1922 64 30 och
1480 1921 150 30 sålunda

127 1989 123 28 kunna
275 1986 100 39 tjäna
401 1994 75 20 som
501 1982 170 39 underlag
698 1981 54 29 för
778 1979 167 38 inlåning.
972 1978 169 29 Närmare
1166 1975 151 29 bestämt
1344 1973 112 30 skulle
1483 1971 147 39 förlags-

128 2038 135 39 kapital
290 2037 102 38 högst
419 2035 52 29 till
498 2035 48 28 ett
575 2032 136 39 belopp,
740 2028 246 32 motsvarande
1014 2027 104 29 halva
1147 2023 274 40 aktiekapitalet,
1450 2022 180 29 betraktas

128 2098 77 19 som
224 2083 395 41 inlåningsgrundande,
641 2082 88 29 dock
751 2082 51 28 att
822 2079 120 30 härför
964 2077 113 30 skulle
1100 2075 176 30 erfordras
1300 2075 50 28 att
1372 2073 108 29 minst
1501 2072 71 29 fem
1593 2072 38 28 år

131 2137 176 32 återstode
333 2136 52 30 till
413 2136 77 29 dess
517 2133 227 39 förlagslånet
771 2130 149 31 förfölle.
949 2127 225 32 Sistnämnda
1201 2124 171 32 förbehåll
1398 2124 64 28 har
1489 2122 143 30 motive-

130 2190 73 27 rats
221 2188 77 29 med
316 2188 50 27 att
384 2195 42 20 en
445 2183 174 31 successiv
636 2181 202 38 avveckling
855 2189 42 20 av
916 2180 47 27 ett
980 2176 202 40 förlagslån,
1201 2175 107 30 vilket
1325 2173 161 39 utgjorde
1504 2171 129 39 grund-

130 2239 55 28 val
209 2238 54 29 för
287 2236 213 37 inlåningen,
525 2233 106 29 borde
657 2241 83 20 vara
763 2231 66 29 den
853 2228 175 38 naturliga
1053 2226 204 37 ordningen.
1282 2224 100 29 Bleve
1406 2222 228 39 förlagslånet

132 2288 76 29 icke
236 2286 189 29 successivt
453 2283 205 30 återbetalat
685 2281 110 29 under
823 2278 165 40 löptiden,
1017 2276 113 30 skulle
1158 2274 176 38 nämligen
1362 2273 158 29 bankens
1547 2271 87 29 inlå-

133 2338 175 38 ningsrätt
334 2335 156 39 plötsligt
517 2333 167 29 beskäras
712 2331 56 29 vid
796 2328 275 37 förfallodagens
1101 2325 146 32 inträde,
1276 2323 108 30 vilket
1412 2322 74 29 icke
1516 2321 118 29 kunde

132 2396 102 20 anses
256 2395 75 20 som
351 2382 335 32 tillfredsställande.

162 2454 17 24 6
221 2455 109 27 Bihangq
349 2453 46 22 till
413 2451 168 28 riksdagens
597 2448 147 31 protokoll
765 2447 72 23 1955.
854 2446 14 22 8
885 2444 82 24 saml.
987 2444 37 23 Nr
1039 2446 14 21 5
