1866 2792
458 169 313 30 Bankoutskottets
794 168 179 29 utlåtande
993 177 41 19 nr
1056 169 18 28 5
1094 167 39 30 år
1156 168 83 28 1955
1560 164 40 30 85

95 253 68 30 den
185 262 67 30 nya
274 252 447 40 tomträttslagstiftningen
744 254 80 37 äger
846 253 49 28 ett
916 253 110 28 större
1047 250 222 30 kreditvärde
1291 251 45 29 än
1357 249 119 39 övriga
1496 250 103 28 tomt-

96 305 119 29 rätter.
239 304 92 29 även
357 303 58 30 lån
438 305 73 28 mot
533 303 203 38 inteckning
759 302 11 29 i
795 303 170 33 tomträtt,
991 310 75 21 som
1090 301 108 39 enligt
1220 301 42 29 de
1285 300 96 30 äldre
1406 300 193 29 tomträtts-

95 354 159 39 reglerna
272 354 169 40 upplåtits
461 354 54 30 för
534 352 320 34 bostadsändamål,
875 361 104 30 synes
998 352 90 30 dock
1106 351 85 30 böra
1210 351 199 39 inbegripas
1430 349 10 30 i
1460 350 63 30 här
1543 358 56 21 av-

97 405 106 30 sedda
226 404 168 40 kategori.
417 404 186 30 Bottenlån
626 405 73 28 mot
722 402 205 40 inteckning
950 403 11 29 i
987 402 109 30 sådan
1121 411 43 21 av
1187 400 317 40 bostadsstyrelsen
1527 408 71 21 om-

96 455 133 30 nämnd
252 455 70 29 fast
345 455 180 39 egendom,
549 454 84 30 varå
657 453 191 30 fristående
873 452 446 41 panneentralanläggning
1342 460 45 21 m.
1412 460 45 20 m.
1483 450 116 30 finnes

96 506 164 39 uppförd,
286 507 38 28 är
347 505 144 39 jämlikt
515 505 224 40 lagförslaget
763 506 51 28 att
839 504 151 30 hänföra
1014 503 53 30 till
1092 503 42 30 de
1158 501 258 40 täckningsfria
1440 500 159 40 tillgång-

96 565 96 25 arna,
212 556 11 29 i
241 556 66 30 den
328 556 83 30 mån
432 556 67 29 den
520 556 93 29 fasta
634 555 214 39 egendomen
869 554 107 40 ligger
997 554 98 29 inom
1113 551 402 41 tätbebyggelseområde
1535 550 66 31 och

97 607 29 39 ej
153 608 39 28 är
214 608 50 28 att
284 606 172 30 beteckna
478 615 74 21 som
574 605 333 39 industrifastighet.

141 657 227 30 Beträffande
393 656 359 40 täckningsfrihetens
778 655 222 30 förhållande
1026 655 53 29 till
1104 654 333 40 taxeringsvärdena
1461 654 65 30 har
1552 663 47 21 nu

94 708 78 30 icke
201 708 203 40 ifrågasatts
435 717 117 21 annan
584 706 194 41 avvägning
808 708 45 29 än
884 706 68 31 den
982 715 76 20 som
1089 706 92 29 skett
1211 705 11 30 i
1252 705 348 41 sparbankslagstift-

96 758 140 39 ningen.
253 759 66 38 Jag
336 758 72 29 kan
426 757 113 40 godta,
559 758 51 29 att
629 766 135 21 samma
783 756 196 40 procenttal
998 755 178 31 användes
1196 755 11 30 i
1225 755 209 41 banklagen.

139 809 72 30 Mot
234 809 41 30 de
297 808 215 40 justeringar
536 818 42 20 av
601 808 111 40 själva
736 807 361 35 fondrelationstalen,
1122 815 75 21 som
1221 806 146 31 föreslås
1391 816 42 21 av
1456 806 42 31 de
1522 807 77 29 sak-

95 860 157 39 kunniga
270 860 64 30 och
352 861 158 28 närmast
528 859 101 30 berör
647 858 42 30 de
707 858 85 30 allra
811 857 130 31 minsta
960 857 304 34 affärsbankerna,
1282 857 66 30 har
1365 857 60 40 jag
1441 857 89 30 intet
1549 858 49 29 att

96 910 125 29 erinra.

141 961 12 30 I
173 960 426 40 departementsförslaget
619 960 38 29 är
675 958 310 30 bestämmelserna
1004 957 179 40 angående
1202 957 292 40 inlåningsrätten
1514 966 85 31 upp-

95 1012 105 38 tagna
219 1011 11 29 i
249 1011 41 30 62
312 1010 27 37 8.

141 1111 181 35 Lagrådet:
348 1111 70 29 För
441 1112 47 28 att
510 1128 41 3 —
572 1110 115 30 därest
711 1108 265 41 sparbankerna
999 1108 107 39 enligt
1131 1108 238 40 föreliggande
1393 1108 131 39 förslag
1547 1108 52 30 till

97 1161 55 40 lag
172 1171 55 21 om
249 1162 216 39 sparbanker
484 1171 45 20 m.
550 1170 44 21 m.
615 1161 140 39 medges
773 1161 112 29 motta
904 1159 160 41 inlåning
1082 1159 46 41 på
1149 1159 263 39 checkräkning
1429 1178 45 3 —
1493 1159 105 30 bland

97 1212 184 39 tillgångar
305 1221 75 21 som
404 1213 204 29 omnämnes
632 1211 11 29 i
667 1210 227 40 paragrafens
919 1210 111 30 första
1055 1210 120 39 stycke
1199 1210 111 30 under
1334 1210 34 34 c)
1398 1211 86 29 även
1510 1209 87 30 skall

97 1262 36 30 få
155 1263 133 29 medtas
310 1262 328 39 bankaktiebolaget
660 1261 176 39 tillhöriga
857 1261 150 30 checkar
1030 1269 74 21 som
1127 1260 133 40 dragits
1285 1260 20 30 å
1328 1260 186 40 sparbank,
1536 1259 62 31 bör

97 1312 107 39 enligt
231 1312 173 40 lagrådets
430 1312 140 40 mening
586 1311 217 40 stadgandet
829 1311 188 40 lämpligen
1044 1310 130 31 ändras
1199 1311 52 30 till
1279 1313 50 28 att
1357 1320 80 20 avse
1462 1310 135 40 bolaget

97 1363 185 39 tillhöriga,
309 1363 19 30 å
354 1362 165 31 inländsk
543 1362 350 40 penninginrättning
919 1361 131 39 dragna
1076 1361 149 30 checkar
1251 1363 90 28 samt
1368 1371 42 20 av
1434 1360 165 31 inländsk

96 1413 104 35 bank,
228 1414 149 29 svenska
406 1412 442 41 jordbrukskreditkassan
874 1411 84 31 eller
983 1411 238 30 centralkassa
1249 1411 54 30 för
1329 1410 269 41 jordbrukskre-

97 1463 51 31 dit
172 1464 167 30 utställda
363 1471 86 31 egna
472 1463 130 34 växlar,
626 1462 177 30 betalbara
828 1461 58 32 vid
909 1461 204 31 anfordran.

141 1563 384 37 Departementschefen
544 1562 63 30 har
630 1562 11 30 i
662 1561 262 38 propositionen
947 1561 138 30 beaktat
1107 1560 171 38 lagrådets
1300 1561 149 29 erinran.

616 1679 467 36 Kassareservskyldigheten

140 1766 226 31 Beträffande
398 1765 190 31 innehållet
621 1764 10 30 i
663 1765 158 39 gällande
854 1765 69 29 rätt
955 1764 147 30 rörande
1135 1763 313 30 affärsbankernas
1479 1763 116 29 kassa-

95 1817 327 39 reservskyldighet,
449 1815 368 39 sakkunnigförslaget
841 1815 11 29 i
877 1815 114 30 denna
1017 1815 54 29 del
1095 1814 65 30 och
1186 1814 209 39 yttrandena
1421 1814 80 29 över
1526 1813 72 30 det-

99 1876 133 21 samma
252 1868 89 28 samt
361 1867 117 38 övriga
496 1865 301 39 framställningar
815 1865 64 30 och
899 1865 187 39 yttranden
1105 1864 11 29 i
1135 1866 116 28 ämnet
1269 1864 165 30 hänvisas
1453 1864 51 29 till
1523 1872 73 31 pro-

96 1917 206 40 positionen.

142 2017 382 35 Departementschefen
543 2016 62 29 har
623 2016 10 29 i
652 2015 185 30 huvudsak
856 2015 118 29 anfört
991 2014 167 39 följande.
1178 2014 73 29 Den
1269 2014 203 29 nuvarande
1492 2013 107 30 bank-

99 2069 117 37 lagens
237 2068 334 37 kassareservregler
592 2068 38 28 är
652 2067 120 29 enbart
792 2067 176 30 inriktade
988 2066 44 40 på
1053 2067 50 28 att
1125 2065 133 40 skydda
1280 2066 197 29 bankernas
1502 2065 95 29 likvi-

97 2119 95 30 ditet.
210 2118 58 29 Att
284 2117 487 30 kassareservbestämmelser
789 2118 64 28 har
871 2117 60 29 sitt
948 2117 238 37 berättigande
1204 2116 106 30 också
1327 2126 41 19 ur
1385 2124 116 21 annan
1521 2124 77 30 syn-

98 2169 113 39 punkt
229 2170 37 28 är
284 2168 193 30 emellertid
495 2170 47 28 ett
559 2168 106 29 redan
685 2168 123 29 erkänt
827 2167 230 30 förhållande.
1077 2166 152 30 Sålunda
1248 2167 64 29 har
1331 2166 105 29 sedan
1457 2167 38 28 år
1517 2165 80 29 1937

101 2219 136 28 funnits
256 2229 39 19 en
317 2218 150 30 särskild
488 2217 213 40 provisorisk
723 2216 446 38 kassareservlagstiftning
1188 2217 77 29 med
1286 2216 89 39 syfte
1396 2218 49 27 att
1466 2216 134 38 möjlig-

99 2270 80 35 söra
201 2278 40 20 en
263 2268 298 39 penningpolitisk
583 2268 150 29 kontroll
756 2269 80 28 över
858 2267 313 29 affärsbankernas
1193 2266 301 39 kreditkapacitet.
1518 2266 82 28 Sist-

100 2320 151 28 nämnda
274 2319 218 37 lagstiftning
511 2320 37 27 är
568 2327 41 20 av
629 2317 392 39 beredskapskaraktär,
1041 2317 31 29 d.
1092 2326 29 20 v.
1143 2326 25 19 s.
1189 2317 65 28 den
1274 2325 57 29 ger
1352 2316 123 37 Kungl.
1496 2316 102 38 Maj:t

99 2369 203 37 befogenhet
326 2370 49 27 att
398 2369 92 28 inom
513 2370 40 28 de
575 2369 151 36 gränser,
749 2367 263 38 lagstiftningen
1035 2367 166 32 utstakat,
1224 2367 174 39 uppställa
1421 2367 179 36 strängare

100 2420 85 28 krav
207 2419 43 39 på
273 2419 198 29 bankernas
496 2418 382 37 kassareservhållning
902 2419 41 27 än
970 2427 72 19 som
1067 2417 104 38 följer
1195 2427 41 19 av
1259 2417 111 38 själva
1395 2417 204 37 banklagen.

145 2468 49 30 Av
215 2468 368 38 sakkunnigförslaget
602 2468 8 28 i
631 2467 349 37 kassareservfrågan
1002 2466 97 30 torde
1119 2466 120 29 kunna
1260 2466 111 29 slutas
1390 2467 50 28 att
1462 2466 41 29 de
1523 2466 78 29 sak-
