1908 2838
277 132 42 30 24
697 132 301 35 Statsutskottets
1021 135 192 34 utlåtande
1236 136 55 33 Nr
1316 139 72 31 108.

275 209 193 43 fullgjorda
492 211 297 44 tjänstgöringen.
827 214 124 42 Enligt
975 215 165 41 gällande
1164 215 266 35 bestämmelser
1451 217 121 33 kunde
1589 218 179 42 nämligen

275 254 55 33 för
355 255 203 34 erhållande
583 269 47 21 av
655 257 242 43 ålderstillägg
920 258 282 43 tillgodoräknas
1219 279 42 3 —
1278 261 224 34 beträffande
1526 262 244 43 tjänstgöring

274 299 63 33 vid
361 300 383 35 småskoleseminarier
767 321 43 3 —
835 303 151 34 allenast
1010 303 243 44 tjänstgöring
1277 318 75 20 som
1377 306 177 34 ordinarie
1576 307 114 33 lärare
1707 307 61 33 vid

272 343 443 43 landstingsseminarium.

320 388 205 36 Emellertid
555 391 130 42 ansåge
713 392 256 42 överstyrelsen
998 393 121 34 starka
1149 393 253 43 billighetsskäl
1433 394 167 44 föreligga
1629 395 55 34 för
1715 401 55 29 att

273 432 106 35 Ebba
397 431 207 38 Åkerström
623 436 113 34 måtte
755 437 182 41 medgivas
956 440 73 31 rätt
1050 443 56 29 att
1125 437 55 35 för
1199 439 139 34 lönetur
1358 439 277 43 tillgodoräknas
1657 440 31 42 ej
1711 453 58 21 en-

274 477 82 34 dast
372 478 68 34 den
456 478 64 40 tid,
536 479 73 34 hon
625 480 94 34 varit
734 481 154 34 anställd
904 481 61 34 vid
981 481 411 42 landstingsseminariet,
1408 488 88 29 utan
1513 487 91 30 även
1620 485 68 33 den
1704 485 65 39 tid,

271 522 73 35 hon
363 522 161 36 innehaft
544 524 204 44 befattning
767 525 61 34 vid
850 526 214 35 Cederboms
1085 528 160 33 enskilda
1265 528 414 35 småskoleseminarium.

319 567 172 44 Slutligen
506 568 82 34 ville
605 570 257 42 överstyrelsen
877 570 134 43 jämväl
1028 571 115 34 erinra
1159 572 135 40 därom,
1311 577 56 30 att
1383 573 133 43 Kungl.
1534 573 112 42 Maj:t
1663 575 10 33 i
1691 586 78 30 pro-

273 612 156 42 position
451 625 41 22 nr
516 617 66 30 163
606 614 55 34 till
686 618 86 30 1933
797 615 56 34 års
876 615 143 43 riksdag
1042 617 182 41 angående
1247 617 94 34 vissa
1365 618 122 42 anslag
1511 618 53 34 till
1589 618 89 34 folk-
1704 619 65 33 och

271 657 426 35 småskoleseminarierna
723 671 47 22 m.
797 672 48 21 m.
872 659 180 43 föreslagit
1078 661 198 43 riksdagen,
1304 667 57 29 att
1387 662 109 34 bland
1523 663 112 34 andra
1663 663 104 34 Ebba

271 698 207 37 Äkerström
496 702 112 35 skulle
626 704 111 33 under
754 704 212 42 budgetåret
985 704 203 42 1933/1934,
1207 706 118 34 därest
1342 706 72 34 hon
1433 707 76 34 icke
1528 707 130 34 erhölle
1677 708 91 34 ordi-

272 746 97 34 narie
384 746 212 44 befattning,
612 747 37 34 få
664 747 168 43 uppföras
849 749 21 34 å
886 749 281 42 övergångsstat,
1183 750 125 34 därvid
1326 751 210 43 avlöningen
1554 752 111 34 skulle
1682 753 86 41 utgå

272 791 81 33 med
373 803 134 23 samma
526 792 142 43 belopp,
687 804 76 23 som
781 793 198 35 tillkomme
997 793 114 35 henne
1131 795 60 33 vid
1211 795 258 42 nedläggandet
1489 808 47 21 av
1555 796 213 43 landstings-

273 835 200 35 seminariet
488 836 11 34 i
516 836 125 41 Skara,
659 842 92 29 samt
769 842 56 30 att
841 838 187 43 riksdagen
1046 839 130 34 biträtt
1193 839 116 34 denna
1326 839 272 44 framställning.

314 897 53 34 På
392 898 113 42 grund
523 911 46 20 av
587 899 73 33 vad
677 899 150 33 sålunda
845 899 138 34 anförts
1000 900 64 33 har
1081 900 341 43 skolöverstyrelsen
1440 902 194 40 hemställt,
1656 903 110 33 bland

270 956 124 35 annat,
419 956 56 29 att
499 952 134 42 Kungl.
660 952 110 42 Maj:t
794 954 116 32 måtte
934 953 157 34 förklara
1116 954 104 33 Ebba
1245 952 209 36 Åkerström
1479 955 206 43 berättigad
1710 961 56 28 att

270 1004 56 34 för
350 1005 250 43 uppflyttning
624 1006 11 33 i
659 1006 108 42 högre
791 1007 171 42 lönegrad
983 1006 266 43 tillgodoräkna
1266 1008 53 41 sig
1336 1008 68 33 den
1422 1008 253 43 tjänstgöring,
1693 1010 73 32 hon

270 1058 164 42 fullgjort
467 1059 114 33 under
614 1059 138 34 läsåren
778 1063 219 30 1917—1926
1022 1060 62 33 vid
1109 1061 38 33 L.
1173 1061 40 33 A.
1242 1061 217 34 Cederboms
1484 1062 281 34 småskolesemi-

270 1112 141 33 narium
435 1112 11 33 i
471 1112 113 33 Skara
601 1117 95 29 samt
712 1113 113 33 under
842 1114 139 33 läsåren
999 1117 219 31 1926—1933
1236 1114 61 33 vid
1315 1114 219 44 Skaraborgs
1552 1116 78 33 läns
1647 1116 117 33 lands-

269 1165 328 42 tingsseminarium
622 1166 11 33 i
658 1165 121 35 Skara.

315 1227 271 34 Statskontoret
619 1228 65 33 har
716 1228 11 33 i
752 1229 147 41 avgivet
923 1229 189 33 utlåtande
1137 1229 130 40 anfört,
1293 1230 110 33 bland
1428 1236 122 34 annat,
1576 1235 57 29 att
1657 1236 107 29 stats-

268 1281 172 33 kontoret
463 1281 77 34 icke
565 1282 84 33 ville
673 1285 176 30 motsätta
874 1282 53 42 sig
950 1287 56 29 att
1030 1281 210 35 Åkerström
1264 1283 12 33 i
1296 1284 176 33 avseende
1490 1285 20 32 å
1527 1285 237 33 lönetursrätt

269 1334 94 42 finge
387 1334 266 43 tillgodoräkna
677 1335 54 33 sin
755 1335 243 43 tjänstgöring
1014 1336 63 33 vid
1093 1337 408 42 landstingsseminariet
1517 1338 92 33 efter
1626 1351 137 21 samma

269 1387 165 43 grunder,
448 1400 75 21 som
537 1401 60 20 om
610 1388 73 33 hon
696 1388 164 34 innehaft
872 1389 177 33 ordinarie
1062 1390 399 43 lärarinneanställning
1471 1391 62 33 vid
1547 1391 215 34 seminariet.

269 1441 231 34 Beträffande
525 1442 311 42 framställningen
861 1442 10 33 i
897 1443 71 33 vad
993 1443 68 33 den
1087 1444 130 42 avsåge
1241 1444 287 42 tjänstgöringen
1553 1445 62 33 vid
1635 1445 128 34 Ceder-

268 1495 102 34 boms
390 1495 226 35 seminarium
634 1496 113 34 måste
767 1496 258 35 statskontoret
1044 1498 162 34 däremot
1223 1518 46 4 —
1288 1498 142 34 särskilt
1449 1499 80 33 med
1549 1498 140 43 hänsyn
1709 1500 54 33 till

266 1548 308 35 konsekvenserna
589 1570 47 4 —
651 1549 115 34 uttala
781 1550 146 40 tvekan,
943 1554 83 30 enär
1042 1556 54 29 ett
1112 1550 100 35 bifall
1228 1551 54 34 till
1298 1551 304 44 framställningen
1618 1553 12 33 i
1647 1553 116 34 denna

268 1602 57 34 del
347 1602 110 34 skulle
478 1615 86 21 vara
586 1606 109 39 ägnat
716 1608 56 29 att
792 1603 188 34 framkalla
1001 1604 90 34 krav
1112 1605 47 42 på
1181 1605 186 34 enahanda
1388 1605 140 34 förmån
1550 1606 80 34 från
1653 1607 111 33 andra

267 1655 365 44 befattningshavare,
658 1669 76 21 som
758 1657 150 42 tidigare
933 1656 160 43 fullgjort
1120 1657 236 44 tjänstgöring
1382 1659 60 34 vid
1468 1659 167 34 liknande
1662 1660 101 34 semi-

267 1709 126 34 narier.

312 1762 191 34 Allmänna
528 1762 371 43 civilförvaltningens
917 1764 217 33 lönenämnd
1151 1764 65 33 har
1232 1764 10 33 i
1260 1764 146 42 avgivet
1423 1765 189 34 utlåtande
1629 1766 132 33 biträtt

268 1816 280 34 statskontorets
574 1816 246 42 uppfattning.

313 1869 408 42 Departementschefen
745 1870 64 32 har
834 1870 55 33 för
914 1882 86 29 egen
1025 1870 56 33 del
1107 1870 120 34 anfört
1252 1871 110 33 bland
1387 1877 112 28 annat
1525 1872 175 42 följande:

316 1922 143 34 »Såsom
482 1923 300 42 myndigheterna
807 1923 144 40 erinrat,
976 1924 177 41 medgåvo
1178 1924 281 34 statsmakterna
1484 1926 38 32 år
1548 1929 85 30 1933
1656 1926 105 33 Ebba

266 1974 207 36 Åkerström
489 1980 75 30 rätt
580 1981 56 30 att
653 1977 110 34 under
780 1977 211 42 budgetåret
1009 1978 190 41 1933/1934
1217 1978 96 34 bliva
1331 1978 163 35 överförd
1513 1980 21 33 å
1552 1981 209 41 övergångs-

267 2034 85 36 stat,
376 2030 117 34 därest
515 2030 73 34 hon
611 2030 61 34 vid
696 2030 60 34 det
780 2031 204 33 dåvarande
1007 2031 416 42 landstingsseminariets
1448 2032 11 33 i
1483 2032 112 34 Skara
1619 2033 142 42 nedläg-

266 2083 115 43 gande
403 2083 75 34 icke
499 2083 141 34 erhållit
662 2083 173 34 ordinarie
857 2083 202 43 befattning
1081 2084 11 34 i
1116 2089 135 29 statens
1274 2085 81 33 eller
1377 2085 235 35 kommunens
1636 2085 125 43 tjänst.

265 2136 86 34 Hon
372 2136 225 34 tillerkändes
619 2136 204 42 därigenom
844 2139 75 32 rätt
940 2142 56 29 att
1017 2137 112 34 under
1151 2138 156 33 nämnda
1329 2138 173 43 budgetår
1523 2139 123 43 intaga
1669 2152 91 21 sam-

266 2202 59 21 ma
343 2190 165 42 ställning
526 2202 77 22 som
620 2202 58 21 om
695 2190 70 33 hon
783 2190 95 34 varit
895 2190 173 34 ordinarie
1085 2191 177 33 lärarinna
1280 2191 61 34 vid
1360 2192 211 34 seminariet.

312 2242 144 35 Samma
472 2243 87 40 skäl,
576 2255 77 22 som
668 2242 169 35 föranlett
854 2243 296 35 statsmakternas
1167 2244 148 34 berörda
1331 2244 127 41 beslut,
1475 2258 105 29 synas
1598 2246 72 42 mig
1687 2246 73 34 tala

265 2295 55 35 för
336 2301 54 29 ett
405 2296 97 34 bifall
519 2296 54 34 till
589 2296 69 34 den
673 2309 48 21 nu
737 2296 238 43 föreliggande
991 2296 316 44 framställningen,
1324 2298 91 34 dock
1432 2299 126 34 endast
1574 2299 11 33 i
1602 2300 72 33 vad
1692 2300 68 33 den

266 2362 102 21 avser
392 2349 130 35 hennes
548 2349 238 43 tjänstgöring
811 2349 61 35 vid
898 2350 409 42 landstingsseminariet.
1333 2351 68 43 Jag
1427 2352 155 34 ansluter
1608 2353 73 42 mig
1707 2353 53 34 så-

264 2402 112 34 lunda
394 2402 54 34 till
465 2403 70 33 vad
553 2403 264 33 statskontoret
831 2402 82 34 med
926 2403 265 33 instämmande
1205 2415 45 21 av
1263 2404 262 34 lönenämnden
1539 2405 213 42 föreslagit.»
