2178 2636
417 163 22 31 4
911 166 270 34 Statsulskottets
1205 169 196 42 Memorial,
1428 171 63 32 N:o
1517 173 49 30 72.

576 252 145 38 Under
761 254 294 50 förutsättning
1097 258 43 36 af
1181 257 115 38 bifall
1336 258 63 38 till
1445 260 109 37 hvad
1600 261 199 39 utskottet
1845 264 171 39 sålunda

416 304 219 50 föreslagit,
667 307 232 38 hemställer
927 309 208 46 utskottet,

949 419 58 34 att
1022 416 13 36 i
1051 416 66 38 det
1137 430 82 36 nya
1233 417 255 49 reglemente,
1506 433 86 25 som
1608 421 71 38 vid
1700 421 133 38 denna
1851 423 164 50 riksdag

842 468 145 38 varder
1014 470 66 36 för
1106 470 393 49 riksgäldskontoret
1526 474 221 47 utfärdadt,
1778 479 67 34 må
1871 476 144 49 inflyta

841 524 143 35 trenne
1013 525 234 46 paragrafer
1276 525 42 37 af
1346 526 213 38 enahanda
1586 527 155 48 lydelse
1770 541 86 25 som
1881 532 47 46 88
1950 530 61 46 25,

842 574 49 37 26
913 576 75 36 och
1008 577 49 36 27
1078 577 13 36 i
1112 577 68 38 det
1194 578 66 37 för
1274 578 190 39 kontoret
1479 592 56 25 nu
1554 580 188 48 gällande
1757 582 253 49 reglemente.

575 678 199 50 Slutligen
803 682 232 38 hemställer
1062 684 210 47 utskottet,

948 792 58 35 att
1049 790 77 37 den
1168 791 227 49 förseglade
1430 793 238 50 anordning,
1700 807 88 25 som
1816 795 61 38 till
1905 797 107 48 följd

841 842 43 36 af
911 842 125 38 ofvan
1065 845 227 48 åberopade
1309 847 193 47 paragraf
1519 847 14 36 i
1551 849 367 48 regeringsformen
1938 851 75 37 bör

838 895 66 37 för
946 896 67 38 det
1054 900 130 35 större
1225 898 218 39 kreditivet
1484 900 201 39 tillställas
1713 902 256 50 fullmäktige
1996 905 14 36 i

838 949 403 49 riksgäldskontoret,
1285 956 65 34 må
1391 954 14 36 i
1448 954 422 40 öfverensstämmelse
1917 957 93 38 med

839 1001 88 47 den,
976 1004 167 38 hvilken
1186 1005 70 37 vid
1297 1010 159 34 senaste
1498 1007 163 49 riksdag
1703 1009 66 37 för
1798 1011 212 37 enahanda

838 1056 188 37 ändamål
1055 1058 42 36 af
1124 1058 234 49 Riksdagen
1386 1060 246 48 godkändes,
1656 1062 153 38 erhålla
1826 1063 183 49 följande

838 1108 169 48 lydelse:

1002 1234 13 15 »
1024 1216 78 37 Till
1129 1217 257 50 fullmäktige
1414 1220 14 36 i
1456 1221 401 48 riksgäldskontoret.

943 1323 132 37 Sedan
1104 1323 234 50 Riksdagen
1367 1326 63 37 till
1459 1330 56 35 ett
1543 1328 147 48 belopp
1721 1330 43 36 af
1792 1330 210 46 7,500,000

835 1375 152 38 kronor
1014 1377 194 38 fastställt
1237 1379 77 37 den
1343 1392 170 35 summa,
1535 1394 87 24 som
1644 1381 126 49 enligt
1788 1384 217 48 regerings-

834 1429 181 37 formens
1044 1430 49 37 63
1123 1434 22 44 $
1175 1431 103 38 skall
1306 1445 98 25 vara
1431 1433 63 37 till
1521 1434 255 49 utbetalning
1796 1436 90 37 från
1906 1438 99 37 riks-

833 1482 305 47 gäldskontoret
1167 1486 169 36 anvisad
1363 1487 67 36 för
1458 1490 59 34 att
1545 1488 42 36 af
1615 1488 151 48 Kungl.
1798 1489 118 49 Maj:t
1935 1492 70 36 vid

833 1535 222 39 infallande
1083 1537 91 49 krig
1201 1538 139 48 lyftas;
1370 1542 46 34 så
1444 1541 135 44 varda,
1601 1541 14 36 i
1634 1542 112 37 kraft
1766 1543 42 37 af
1826 1544 179 38 nämnda

833 1590 192 47 paragraf
1057 1591 75 37 och
1161 1591 62 38 till
1250 1592 105 49 följd
1384 1594 43 36 af
1454 1593 256 49 Riksdagens
1739 1596 142 45 beslut,
1911 1598 92 37 full-

833 1642 176 49 mäktige
1055 1644 12 36 i
1110 1645 393 48 riksgäldskontoret
1544 1648 248 39 härmedelst
1831 1651 172 37 förstän-

834 1695 143 48 digade
1006 1698 74 36 och
1109 1699 296 48 bemyndigade
1429 1700 71 37 vid
1520 1701 66 38 det
1605 1702 13 36 i
1639 1714 157 26 samma
1814 1706 190 46 paragraf

832 1749 218 38 förutsatta
1090 1751 75 37 fall
1198 1752 75 37 och
1306 1753 131 38 under
1466 1754 207 38 därstädes
1703 1756 191 48 stadgade
1922 1758 79 37 för-

832 1802 133 38 behåll
994 1804 270 39 omförmälda
1292 1807 337 38 kreditivsumma
1653 1809 44 36 af
1716 1810 67 47 sju
1802 1810 200 39 millioner

831 1856 366 40 femhundratusen
1218 1859 150 38 kronor
1387 1860 151 49 Kungl.
1560 1861 120 49 Maj:t
1694 1862 308 40 tillhandahålla

832 1912 103 34 samt
965 1910 124 48 enligt
1118 1911 93 38 dess
1240 1912 147 49 nådiga
1416 1914 239 48 disposition
1684 1916 14 36 i
1726 1916 273 39 föreskrifven

831 1962 174 49 ordning
1033 1965 191 37 utbetala.

564 2065 236 40 Stockholm
831 2069 76 37 den
1152 2073 113 37 1904.

926 2177 60 37 På
1014 2177 255 50 Riksdagens
1298 2183 166 45 vägnar:

561 2279 82 38 För
672 2281 145 38 Första
845 2283 264 39 Kammaren:
1249 2287 80 37 För
1358 2288 143 38 Andra
1530 2289 260 39 Kammaren:
1805 2306 30 31 »;
