2171 2665
381 230 20 29 4
859 225 95 33 Stats-
962 224 158 35 Utskottets
1148 224 160 35 Utlåtande
1330 225 62 32 N:o
1415 225 53 30 42.

334 313 89 40 verk,
463 312 129 33 hvilken
629 312 87 32 kraft
752 322 118 31 genom
908 311 127 33 lättade
1069 311 319 33 kommunikationer
1419 309 190 42 antagligen
1634 309 129 33 komme
1789 311 77 31 att
1857 305 20 52 i
1894 321 39 20 en

333 365 133 34 framtid
490 365 102 33 blifva
614 363 255 43 tillgodogjord;
898 366 86 30 samt
1010 366 45 30 att
1082 362 190 34 verkstälda
1296 362 290 41 undersökningar
1606 361 93 42 gifvit
1717 362 54 32 vid
1790 361 144 41 handen,

332 421 51 29 att
413 417 62 33 den
504 416 254 42 ifrågavarande
783 415 146 33 bibanan
953 415 129 33 komme
1107 418 49 30 att
1180 415 127 33 erhålla
1335 426 41 21 en
1399 414 102 42 längd
1530 413 34 34 af
1585 416 116 38 33,200
1723 414 60 39 fot,
1809 414 63 32 och
1886 416 50 31 att

334 469 229 34 kostnaderna
584 468 52 33 för
660 468 76 32 dess
761 467 211 42 anläggande
997 466 106 33 skulle
1131 467 111 42 uppgå
1265 466 49 33 till
1338 468 137 38 537,000
1498 465 134 40 kronor,
1657 465 125 35 hvilket
1800 465 134 43 belopp,

334 521 169 42 grundadt
537 522 43 41 på
615 520 90 32 förut
729 519 156 42 gällande
909 519 105 42 högre
1039 521 37 30 så
1099 518 52 33 väl
1175 518 196 41 dagsverks-
1396 529 71 22 som
1491 517 233 43 materialpris,
1749 517 105 33 under
1877 529 57 21 nu-

335 573 144 35 varande
502 571 233 34 förhållanden
759 571 100 33 likväl
882 570 111 34 kunde
1018 570 172 34 nedsättas
1215 570 48 32 till
1287 573 138 37 450,000
1448 570 132 32 kronor.

469 624 189 34 Statsrådet
686 623 64 33 och
775 623 124 33 Chefen
922 623 52 33 för
998 622 349 43 Civildepartementet
1370 622 61 33 har
1454 621 109 34 vidare
1588 621 51 32 vid
1663 620 158 34 ärendets
1845 620 90 34 före-

335 678 162 39 dragning
519 676 88 32 inför
629 674 119 42 Kongl.
773 676 94 41 Maj:t
888 675 143 41 upplyst,
1058 678 49 29 att
1129 686 79 21 norr
1236 685 52 21 om
1313 674 63 32 den
1401 673 253 42 ifrågavarande
1678 673 96 33 delen
1799 672 35 33 af
1849 675 87 30 tvär-

333 728 111 32 banan
468 737 119 31 genom
610 726 169 33 Jemtland
802 725 192 33 förefunnes
1019 725 90 33 såväl
1134 724 203 33 vidsträckta
1358 724 264 42 skogsområden
1643 734 70 22 som
1731 723 72 33 rika
1822 724 114 32 malm-

335 779 219 43 fyndigheter,
593 778 62 34 och
680 781 50 30 att
753 777 265 41 förädlingsverk
1041 777 51 33 för
1116 777 117 33 dessas
1258 776 295 42 tillgodogörande
1577 776 104 33 redan
1706 786 77 23 vore
1808 776 128 32 derstä-

334 832 59 33 des
432 830 152 42 anlagda.
637 830 129 33 Endast
793 829 217 33 Husåverken
1053 829 115 39 skulle,
1199 829 103 41 enligt
1332 828 373 42 departementschefen
1734 828 201 32 meddelade

334 883 178 43 uppgifter,
551 883 46 32 uti
634 882 96 33 dessa
761 881 126 34 trakter
911 892 63 29 ega
997 892 69 21 mer
1089 884 40 29 än
1158 883 133 38 180,000
1315 880 161 33 tunnland
1500 880 93 41 skog,
1617 879 49 33 till
1691 881 123 31 största
1837 879 99 33 delen

334 935 143 41 belägen
494 934 151 42 omkring
661 934 40 32 de
719 934 96 32 ofvan
831 933 145 33 nämnda
993 936 92 29 stora
1099 933 144 42 sjöarne,
1261 932 62 32 och
1341 932 63 32 den
1418 931 297 42 afverkningsbara
1727 942 119 30 mogna
1861 931 74 32 sko-

335 998 63 31 gen
423 988 19 31 å
466 986 110 33 denna
600 985 143 42 egovidd
773 985 86 32 hade
883 984 107 32 blifvit
1013 984 200 42 uppskattad
1238 984 48 32 till
1311 986 115 38 60,600
1455 983 158 33 standard
1638 983 123 41 sågade
1786 985 151 30 trävaror

335 1039 145 33 förutom
503 1040 39 31 26
566 1037 165 33 millioner
754 1036 154 34 kubikfot
932 1035 129 34 kolved.
1100 1036 178 33 Dessutom
1299 1035 203 33 förekomme
1523 1046 40 22 en
1583 1035 27 42 ej
1634 1034 168 43 obetydlig
1821 1033 117 43 skogs-

334 1090 90 39 areal
447 1089 47 32 uti
518 1089 105 33 andre
647 1099 119 31 egares
789 1087 130 34 händer

463 1141 109 33 Jemte
608 1140 55 33 det
687 1138 372 44 departementschefen
1082 1138 103 33 fästat
1207 1137 337 43 uppmärksamheten
1566 1137 104 42 derpå
1689 1139 50 31 att
1757 1136 96 34 äfven
1872 1147 65 22 me-

333 1192 87 33 delst
455 1192 185 32 bruksdrift
674 1191 146 33 alstrade
861 1201 106 28 varor,
1006 1190 164 32 oarbetad
1207 1190 109 40 malm,
1355 1189 173 35 äfvensom
1560 1187 376 42 ladugårdsprodukter,

333 1243 110 34 kunde
472 1246 141 38 antagas
637 1253 80 23 vara
739 1245 49 30 att
810 1241 50 33 för
888 1244 171 39 transport
1082 1242 19 31 å
1125 1240 64 33 den
1209 1240 192 42 föreslagna
1419 1239 111 34 banan
1550 1239 163 42 förvänta,
1731 1239 67 33 har
1822 1239 116 42 depar-

334 1294 265 34 tementschefen
635 1294 193 42 ytterligare
869 1293 121 39 anfört,
1029 1292 156 33 hurusom
1225 1292 56 33 det
1316 1292 91 32 såväl
1442 1291 53 33 för
1529 1294 95 30 orten
1661 1302 71 22 som
1767 1290 52 33 för
1847 1290 90 42 jern-

334 1350 106 38 vägen
476 1346 74 33 icke
585 1346 110 32 kunde
737 1357 80 21 vara
851 1348 101 30 annat
981 1345 41 31 än
1046 1343 217 42 fördelaktigt
1288 1346 48 30 att
1359 1343 125 32 tillföra
1508 1342 300 43 jernvägstrafiken
1839 1341 100 33 dessa

335 1398 111 33 skilda
482 1399 70 41 slag
589 1397 35 33 af
644 1398 193 42 produkter,
861 1396 63 33 och
948 1407 75 21 man
1047 1395 87 33 hade
1165 1395 131 33 derföre
1321 1395 96 32 äfven
1442 1395 53 32 vid
1519 1395 203 33 tvärbanans
1745 1393 194 42 utstakning

336 1450 141 33 sträfvat
501 1453 49 30 att
574 1450 83 33 söka
679 1450 120 42 bringa
827 1449 193 33 densamma
1041 1448 11 32 i
1077 1447 110 33 direkt
1209 1447 159 42 beröring
1391 1447 75 33 med
1491 1447 40 33 de
1555 1446 257 42 ifrågavarande
1838 1448 100 38 stora,

335 1502 106 33 redan
464 1502 90 33 förut
573 1502 76 32 med
668 1501 162 42 ångbåtar
849 1499 202 34 trafikerade
1071 1499 253 41 vattendragen,
1344 1499 215 40 hvarigenom
1580 1500 35 31 åt
1629 1499 182 41 jernvägen
1833 1496 104 34 skulle

336 1554 116 32 vinnas
491 1556 48 29 ett
569 1553 104 33 ökadt
696 1552 236 33 trafikområde
957 1552 36 31 af
1014 1550 148 41 omkring
1186 1551 92 40 tjugu
1304 1550 207 41 qvadratmil.
1557 1550 126 32 Lokala
1706 1548 233 34 förhållanden

335 1605 88 32 hade
460 1604 154 33 häremot
644 1605 72 41 lagt
745 1602 248 42 oöfverstigliga
1020 1601 115 34 hinder
1158 1602 9 32 i
1192 1605 121 38 vägen;
1340 1613 74 21 men
1438 1612 116 30 genom
1580 1600 226 43 anläggandet
1829 1599 36 34 af
1885 1600 55 32 det

336 1667 43 21 nu
416 1655 194 42 föreslagna
645 1654 311 43 utgreningsspåret
991 1653 74 33 från
1095 1652 182 34 tvärbanan
1302 1653 50 33 till
1373 1653 152 32 Bonäset
1548 1652 109 33 kunde
1681 1652 103 33 målet
1807 1651 132 33 ändock

336 1708 114 31 vinnas
487 1710 79 29 utan
600 1707 106 34 andra
728 1706 228 42 uppoffringar
980 1708 41 31 än
1050 1704 235 33 användandet
1308 1704 34 32 af
1364 1704 40 32 de
1429 1704 231 41 besparingar,
1686 1703 110 33 hvilka
1819 1713 121 31 genom

335 1758 102 33 kloka
459 1758 229 42 anordningar
710 1758 63 33 och
797 1768 189 32 gynsamma
1011 1755 232 33 förhållanden
1267 1755 206 43 uppkommit
1491 1757 20 31 å
1532 1754 40 34 de
1597 1756 128 41 anslag,
1747 1766 70 22 som
1836 1754 102 34 redan

335 1810 148 32 anvisats
518 1810 50 32 till
607 1810 194 43 byggandet
833 1809 34 32 af
901 1808 62 33 den
999 1809 104 41 uppåt
1143 1807 127 41 gående
1299 1807 198 33 stambanan
1523 1807 62 33 och
1609 1807 186 33 tvärbanan
1818 1817 120 31 genom

333 1860 180 34 Jemtland.

469 1911 174 34 Utskottet
661 1912 51 33 får
731 1912 49 33 till
801 1923 39 21 en
860 1911 119 41 början
995 1909 163 42 meddela,
1174 1912 49 30 att
1234 1910 126 32 antalet
1375 1910 266 33 skattehemman
1656 1911 88 32 inom
1758 1910 93 33 Kalls
1866 1921 73 22 soc-

335 1964 62 32 ken
418 1966 98 38 utgör
538 1961 198 42 178423/;,,29
757 1963 63 33 och
841 1962 126 33 antalet
985 1960 346 43 lappskattehemman
1351 1961 93 40 483/3&
1467 1958 81 36 eller
1566 1962 137 41 tillhopa
1722 1960 216 40 22?9527/96480

335 2015 170 41 hemman;
530 2019 48 29 att
600 2017 44 40 på
670 2015 114 42 hvarje
808 2015 153 32 hemman
986 2013 139 41 belöper
1154 2015 16 29 6
1195 2013 161 32 tunnland
1383 2014 104 39 skatt;
1512 2016 48 29 att
1582 2016 79 30 1880
1681 2015 54 30 års
1755 2013 184 40 taxerings-

337 2066 100 32 värde
472 2067 162 42 utgjorde,
670 2068 19 31 å
713 2064 346 44 jordbruksfastighet
1082 2066 136 36 548,200
1246 2064 125 33 kronor
1394 2065 61 32 och
1476 2067 18 30 å
1514 2075 110 22 annan
1643 2064 162 41 fastighet
1824 2067 116 36 58,100

335 2117 143 41 kronor;
508 2121 85 30 samt
621 2121 49 30 att
693 2117 127 33 antalet
841 2116 112 43 fyrkar
975 2116 90 32 inom
1088 2115 148 33 socknen
1265 2127 123 22 samma
1412 2118 36 31 år
1470 2115 146 43 uppgick
1639 2115 49 33 till
1712 2117 106 38 6,955,
1844 2115 98 33 deraf

336 2168 52 33 för
415 2170 11 31 i
449 2170 123 33 mantal
603 2172 66 31 satt
692 2169 79 43 jord
795 2170 104 39 2,977,
923 2167 53 33 för
1003 2177 109 23 annan
1132 2167 78 41 jord
1238 2170 60 31 375
1323 2168 62 32 och
1409 2168 51 32 för
1484 2167 107 42 öfriga
1618 2167 321 41 beskattningsföre-

336 2220 67 34 mål
427 2223 104 37 3,603.
576 2220 251 41 Folkmängden
850 2220 89 32 inom
963 2219 148 32 socknen
1135 2220 153 41 utgjorde
1314 2219 49 33 vid
1392 2223 78 29 1880
1494 2221 52 31 års
1567 2220 65 31 slut
1651 2221 95 40 2,129
1766 2229 170 32 personer.

470 2272 64 33 Vid
571 2272 58 34 det
660 2271 222 39 förhållande,
918 2273 48 31 att
990 2270 165 43 Styrelsen
1180 2271 90 33 öfver
1298 2274 125 30 statens
1444 2270 353 43 jernvägsbyggnader
1819 2281 118 31 uppre-

337 2323 87 41 pade
462 2326 127 39 gånger
623 2323 89 42 gjort
734 2322 233 41 underdåniga
990 2321 284 43 framställningar
1298 2333 50 22 om
1373 2321 256 43 ifrågavarande
1654 2321 142 34 bibanas
1823 2312 114 51 anläg-
