2294 2758
573 143 35 31 16
1012 135 258 44 Lag-Utskottets
1298 132 171 38 Utlåtande
1491 135 60 32 N:o
1576 139 50 29 69:

528 224 113 40 lingen
672 221 58 33 och
762 222 7 31 i
796 231 39 22 en
864 220 69 33 helt
961 230 111 23 annan
1115 220 161 39 ställning
1310 219 48 31 till
1403 218 130 41 skolan,
1569 222 40 27 än
1639 226 50 23 öm
1720 211 64 38 han
1815 223 117 34 genom
1962 213 70 36 fritt
2061 216 51 33 val

528 276 51 31 till
609 274 198 32 ordförande
835 273 10 31 i
873 272 170 33 skolrådet
1069 272 109 32 kallas
1207 277 88 26 samt
1322 270 158 40 förslaget
1508 270 169 31 dessutom
1702 269 70 32 icke
1793 268 151 41 angifver
1963 268 43 41 på
2026 270 86 31 hvad

529 331 69 29 sätt
624 326 61 32 och
715 327 9 30 i
751 325 86 32 hvad
873 325 142 40 ordning
1054 323 204 33 frikallelsen
1304 322 84 32 skall
1426 323 57 31 ske
1519 321 85 33 ellen
1632 320 92 41 fråga
1754 321 110 32 derom
1894 321 141 42 väckas,
2064 320 49 33 får

525 381 58 39 jag
612 378 167 33 vördsamt
808 376 135 33 föreslå:

927 449 47 29 att
1008 447 187 40 Riksdagen
1231 448 95 30 måtte
1356 445 52 39 för
1444 444 51 31 sin
1532 444 52 31 del
1612 444 127 37 besluta,
1767 446 43 28 att
1835 445 45 29 23
1906 444 23 41 $
1956 443 13 31 1
1996 442 116 41 Kongl.

926 498 244 41 Förordningen
1198 509 48 21 om
1274 498 233 40 kyrkostämma
1533 499 83 29 samt
1641 495 158 41 kyrkoråd
1824 495 54 31 och
1906 495 132 32 skolråd
2060 496 53 31 må

927 550 122 33 erhålla
1074 550 144 40 följande
1242 549 193 40 förändrade
1463 548 135 40 lydelse:

1471 652 23 40 $
1519 653 54 30 23.

1082 739 235 41 Kyrkoherden,
1352 741 75 30 eller
1453 738 59 32 den
1541 738 80 32 hans
1649 737 113 32 embete
1787 736 145 40 förestår,
1960 735 76 31 eller
2060 733 54 34 ock

932 801 106 21 annan
1069 794 171 35 prestman,
1274 801 67 21 som
1376 791 63 31 han
1472 790 52 39 för
1555 791 96 39 något
1676 789 131 39 tillfälle
1834 789 60 30 kan
1922 786 106 32 dertill
2052 786 60 39 för-

933 842 107 37 ordna,
1067 843 40 29 är
1132 843 12 30 i
1170 841 186 41 kyrkorådet
1382 841 193 40 ordförande.

1080 893 22 31 I
1125 894 59 31 den
1203 904 118 21 annex-
1340 895 76 30 eller
1433 892 294 40 kapellförsamling
1758 889 54 32 vid
1830 889 38 32 hv
1873 864 82 57 ilken
1973 887 142 35 särskild

930 945 130 40 ständig
1092 948 164 36 prestman
1292 945 103 39 finnes
1432 944 149 39 unställd,
1622 943 84 32 skall
1740 942 62 31 han
1832 940 70 40 föra
1937 940 93 39 ordet,
2053 941 61 29 när

930 997 213 41 kyrkoherden
1170 998 74 30 eller
1268 996 70 41 den,
1365 1007 65 21 som
1459 996 80 32 hans
1567 995 112 32 embete
1702 994 158 40 förvaltar,
1888 992 29 40 ej
1934 995 35 28 är
1993 992 9 31 i
2020 993 94 29 stäm-

930 1060 73 20 man
1029 1049 166 31 tillstädes.

1081 1100 182 32 Ledamöter
1290 1099 12 31 i
1330 1097 186 41 kyrkorådet
1542 1099 56 31 äro
1624 1096 247 41 församlingens
1900 1093 216 43 kyrkovärdar

930 1155 82 29 samt
1038 1153 38 30 så
1103 1153 117 39 många
1247 1152 12 29 i
1285 1150 232 41 kyrkostämma
1547 1149 97 39 valde,
1671 1149 52 39 för
1746 1147 212 41 gudsfruktan
1986 1146 55 32 och
2067 1145 48 31 nit

933 1204 102 31 kände
1062 1206 85 36 mån,
1171 1213 66 21 som
1262 1201 230 40 församlingen
1518 1201 105 39 finner
1650 1200 149 40 lämpligt
1823 1202 76 28 utse.

1085 1256 63 30 Till
1175 1253 186 40 ordförande
1389 1253 55 32 och
1473 1252 166 32 ledamöter
1665 1252 12 31 i
1703 1251 160 33 skolrådet
1889 1260 69 30 eger
1980 1248 135 40 försam-

933 1307 106 39 lingen
1066 1306 11 31 i
1104 1305 231 42 kyrkostämma
1363 1307 68 29 utse
1464 1305 85 38 män,
1583 1313 67 22 som
1675 1302 52 40 för
1751 1302 48 31 nit
1825 1312 49 22 om
1897 1299 221 33 skolväsendet

930 1358 102 31 kände
1059 1360 64 29 äro.
1177 1357 19 31 I
1222 1356 160 32 skolrådet
1405 1366 73 21 vare
1504 1355 76 31 dock
1608 1354 212 41 kyrkoherden
1848 1355 75 29 eller
1951 1352 59 31 den
2035 1351 81 31 hans

930 1410 112 30 embete
1067 1410 137 38 förestår
1230 1409 141 36 ledamot,
1399 1407 95 39 äfven
1519 1407 13 30 i
1560 1406 49 31 det
1634 1406 62 39 fall
1722 1408 44 29 att
1793 1405 63 31 han
1892 1404 55 31 der
1972 1404 30 39 ej
2032 1403 85 38 förer

930 1462 91 32 ordet.

1080 1511 23 31 I
1125 1513 94 31 såväl
1245 1510 196 42 kyrkorådet,
1465 1520 67 22 som
1559 1509 166 39 skolrådet,
1748 1509 54 30 må
1822 1507 224 32 ledamöternas
2066 1517 47 21 on

934 1565 53 38 tal,
1016 1563 209 40 ordföranden
1253 1562 205 38 inberäknad,
1487 1562 65 31 icke
1578 1561 182 38 understiga
1787 1559 71 39 fem.

1082 1615 184 31 Ledamöter
1293 1615 12 29 i
1332 1613 188 41 kyrkorådet
1545 1614 95 30 såväl
1666 1622 66 22 som
1752 1610 186 39 ordförande
1958 1608 56 33 och
2034 1608 82 32 leda-

931 1669 96 28 möter
1047 1666 9 30 i
1075 1666 159 31 skolrådet
1247 1665 105 40 väljas
1365 1664 51 40 för
1430 1674 37 21 en
1481 1664 48 31 tid
1543 1663 39 39 af
1589 1664 72 40 fyra
1676 1665 55 36 år;
1751 1661 55 32 och
1815 1662 54 30 må
1883 1660 31 40 ej
1928 1659 189 42 kyrkoherde

932 1719 76 30 eller
1034 1717 59 33 den
1120 1717 81 32 hans
1228 1716 113 32 embete
1366 1716 146 39 förestår,
1548 1715 43 32 då
1619 1715 63 31 han
1709 1714 51 31 till
1786 1712 187 40 ordförande
2000 1712 13 30 i
2038 1711 79 31 skol-

932 1769 89 31 rådet
1056 1769 111 32 utsedd
1201 1768 119 39 varder,
1357 1778 56 29 ega
1440 1769 44 29 att
1510 1766 102 32 denna
1641 1765 171 40 befattning
1838 1764 49 39 sig
1915 1763 121 40 afsäga,
2063 1762 56 31 der

933 1821 62 31 han
1025 1820 27 39 ej
1077 1823 39 28 är
1142 1820 84 38 öfver
1253 1821 40 29 60
1321 1820 38 30 år
1383 1818 147 40 gammal.

683 1875 14 31 I
729 1874 184 32 Utskottets
956 1871 200 32 hemställan
1194 1880 48 22 om
1273 1880 40 22 en
1348 1868 210 40 underdånig
1597 1866 174 33 skrifvelse
1800 1866 47 32 till
1879 1865 115 39 Kongl.
2025 1864 94 40 Maj:t

534 1925 173 41 angående
750 1926 39 30 de
831 1923 233 39 förändringar
1102 1923 8 30 i
1151 1921 319 39 folkskolestadgan,
1507 1928 67 22 som
1610 1919 48 31 till
1696 1918 79 40 följd
1811 1917 35 31 af
1875 1916 241 44 ofvanberörda

533 1978 194 39 förändring
764 1977 6 30 i
808 1975 234 39 förordningen
1085 1983 50 21 om
1179 1971 133 34 skolråd
1353 1972 96 31 blifva
1494 1970 222 40 erforderliga,
1750 1970 194 30 instämmer
1972 1967 147 32 deremot

534 2029 94 32 äfven
656 2027 86 41 jag."

685 2079 35 32 af
747 2078 86 32 Herr
860 2076 160 41 Ribbing:
1061 2075 206 32 "Utskottets
1310 2073 72 32 hela
1425 2072 196 40 motivering
1657 2071 47 33 för
1739 2069 249 42 tillstyrkandet
2017 2067 33 32 af
2076 2078 38 21 en

534 2131 193 40 förändring
756 2132 10 29 i
794 2133 130 36 pastors
953 2138 44 21 nu
1026 2136 117 31 genom
1181 2127 54 39 lag
1269 2124 173 33 bestämda
1477 2123 207 33 förhållande
1712 2123 49 31 till
1791 2121 190 32 folkskolan
2010 2120 107 31 hvilar

533 2182 144 41 tydligen
708 2181 43 41 på
781 2182 60 31 den
872 2180 223 40 grundtanke,
1124 2180 47 30 att
1198 2180 114 38 pastor
1340 2177 72 31 icke
1442 2175 72 33 med
1544 2174 107 41 någon
1682 2177 104 29 större
1809 2173 80 40 grad
1911 2171 35 33 af
1962 2170 155 33 säkerhet

2000 2223 65 35 kan
