2265 2766
651 214 371 29 Konstitutions-Utskottets
1049 215 152 29 Utlåtande
1225 216 55 28 N:o
1304 214 54 31 23.
1747 220 17 25 5

206 298 158 30 föranleda
386 298 45 30 till
457 297 94 41 någon
576 296 118 42 åtgärd,
718 298 101 32 såsom
843 302 140 29 afseende
1014 303 261 38 regeringsbeslut,
1305 313 63 20 som
1400 303 163 39 granskats
1587 304 33 29 af
1646 304 161 30 Konstitu-

205 349 269 35 tions-Utskottet,
499 350 26 38 ej
552 350 47 30 vid
624 352 215 29 nästförflutna
862 352 133 39 riksdag,
1018 357 72 26 utan
1116 357 78 26 ännu
1226 364 35 20 en
1292 354 123 39 riksdag
1444 355 134 39 tidigare.
1624 355 44 29 De
1693 355 114 30 reviso-

206 410 103 20 rernas
333 401 257 39 framställningar
620 399 153 41 angående
803 404 198 36 statsverket,
1025 414 63 19 som
1118 405 97 29 denna
1246 405 123 39 riksdag
1399 402 112 43 (1872)
1535 406 155 38 handlagt,
1713 405 92 30 hafva

206 451 191 31 framkallats
422 452 29 28 af
476 452 222 39 granskningen
729 453 33 29 af
793 453 77 30 1869
899 452 48 32 års
977 454 210 39 räkenskaper
1220 456 55 30 och
1305 460 69 26 röra
1404 456 284 39 regeringsärenden
1714 457 93 29 under

205 512 116 20 samma
344 500 42 39 år,
412 502 118 30 hvilkas
564 501 323 41 statsråds-protokoll
927 514 70 20 voro
1035 503 124 32 föremål
1195 507 46 29 för
1274 507 186 39 granskning
1496 507 33 29 af
1561 507 245 30 Konstitutions-

207 552 168 36 Utskottet,
399 553 26 37 ej
449 553 66 29 »vid
540 552 177 40 föregående
742 555 140 38 riksdag»
906 552 123 44 (1871),
1049 561 70 24 utan
1145 560 64 26 året
1234 558 80 28 förut
1336 554 137 43 (1870).»

337 603 88 29 »Men
449 604 119 29 oafsedt
591 605 35 28 de
651 605 124 29 formela
805 605 119 37 brister,
958 616 64 20 som
1057 610 52 35 gör
1139 607 85 30 detta
1253 607 112 39 förslag
1389 608 177 38 oantagligt,
1590 611 32 26 är
1646 608 50 29 det
1720 609 7 29 i
1752 608 53 29 och

204 654 45 29 för
271 654 45 38 sig
339 653 26 38 ej
389 654 112 39 egnadt
524 658 46 26 att
600 655 90 30 blifva
715 656 154 38 grundlag.
915 656 213 31 Statsverkets
1163 658 140 34 revision,
1338 656 93 32 sådan
1467 659 54 29 den
1553 669 37 20 nu
1621 662 33 26 är
1681 659 124 34 ordnad,

205 705 116 38 lämpar
344 704 45 39 sig
421 705 25 37 ej
481 705 44 29 till
557 710 47 25 att
635 706 104 38 läggas
769 707 44 28 till
847 708 94 37 grund
977 708 45 29 för
1056 708 198 30 bedömandet
1290 710 32 28 af
1353 709 217 38 förtjensterna
1601 709 71 30 eller
1697 710 75 29 felen
1799 711 5 28 i

204 755 189 39 regeringens
417 753 191 42 hushållning
631 756 66 30 med
730 757 205 30 statsmedlen.
980 759 107 28 Denna
1124 759 128 29 revision
1293 763 32 26 är
1363 759 103 30 alltför
1504 759 217 40 knapphändig
1750 761 54 29 och

203 805 74 40 ytlig
300 806 46 30 för
369 811 46 24 att
440 807 183 30 berättelsen
653 807 101 30 derom
786 808 78 29 skall
898 808 102 30 kunna
1028 809 98 30 lemna
1158 820 34 19 en
1224 814 104 34 trogen
1354 810 59 29 bild
1437 811 34 29 af
1491 808 312 42 statshushållningen

201 856 6 30 j
232 857 69 29 dess
327 856 108 30 helhet.
468 857 170 31 Resultatet
663 858 55 29 blir
741 858 116 30 derföre
883 863 92 35 några
998 859 124 39 spridda
1146 860 254 39 fragmentariska
1421 861 132 38 speciela
1569 861 235 40 anmärkningar

199 907 54 30 och
278 907 120 30 dermed
423 909 299 38 sammanhängande
747 909 112 39 förslag
883 910 44 29 till
958 910 177 30 skrifvelser
1160 912 64 28 med
1251 911 128 38 begäran
1412 922 46 18 om
1483 913 125 28 rättelse
1631 913 7 29 i
1668 922 34 19 en
1733 912 71 29 eller

200 967 97 21 annan
323 957 225 31 administrativ
572 959 92 38 detalj
689 959 53 30 och
769 960 167 30 merändels
960 961 127 30 rörande
1113 962 227 29 underordnade
1361 962 89 30 verks
1470 962 199 39 hushallning.
1699 963 104 30 Skulle

201 1018 66 19 man
292 1008 165 30 emellertid
483 1019 72 20 anse
579 1013 47 26 att
649 1010 84 30 detta
757 1008 187 33 förhållande
979 1012 54 30 har
1068 1013 44 28 sin
1142 1017 46 24 rot
1217 1013 108 36 deruti,
1357 1017 45 25 att
1427 1023 66 19 man
1518 1018 51 25 vet
1592 1017 45 26 att
1662 1014 139 29 anmälan

199 1059 26 37 ej
252 1059 80 29 leder
356 1059 42 29 till
424 1058 95 39 någon
543 1058 108 40 åtgärd
676 1061 53 29 och
754 1061 98 29 skulle
883 1071 66 20 man
980 1062 70 38 vilja
1080 1063 195 39 understödja
1303 1063 83 30 detta
1411 1064 112 39 förslag
1551 1064 46 29 för
1620 1068 46 26 att
1691 1065 110 29 bevara

200 1110 172 39 Riksdagen
397 1109 55 30 och
477 1110 67 30 dess
572 1111 373 31 Konstitutions-Utskott
967 1113 69 29 dess
1059 1113 265 40 grundlagsenliga
1348 1117 60 27 rätt
1431 1115 32 28 af
1484 1115 66 30 skäl
1566 1119 45 25 att
1631 1115 171 30 införandet

199 1162 29 28 af
254 1171 37 19 nu
315 1161 169 37 föreslagna
511 1161 226 31 bestämmelser
759 1162 97 30 skulle
880 1163 82 39 gifva
985 1164 221 39 granskningen
1238 1175 34 20 en
1304 1175 97 19 annan
1433 1166 54 28 och
1518 1169 97 26 större
1641 1166 161 39 betydelse,

206 1209 34 31 sa
263 1208 114 42 frågas:
403 1211 78 29 hvad
506 1212 103 29 vinner
633 1222 68 20 man
724 1213 195 39 härigenom?
959 1214 70 29 Som
1060 1215 55 29 den
1141 1216 151 35 anmälan,
1323 1225 62 20 som
1410 1217 91 38 entigt
1523 1216 280 38 Riksdagsordnin-

205 1271 72 28 gens
301 1261 13 39 $
337 1261 39 29 39
396 1259 113 41 åligger
537 1263 275 35 Stats-Utskottet,
849 1265 79 29 afser
964 1265 50 29 det
1044 1265 186 30 förhallande
1260 1270 44 26 att
1338 1267 53 29 »de
1422 1266 44 30 till
1498 1264 94 42 någon
1622 1267 180 30 hufvudtitel

205 1312 147 39 anslagna
374 1322 132 22 summor
531 1314 132 30 befinnas
687 1314 114 38 dragna
825 1314 44 30 till
897 1316 96 29 andra
1015 1314 150 37 ändamål,
1179 1320 36 26 än
1240 1317 77 36 dem,
1331 1327 63 20 som
1420 1318 92 29 under
1534 1327 118 20 samma
1675 1317 128 30 hufvud-

205 1363 63 29 titel
294 1363 83 35 höra,
401 1363 75 29 eller
496 1363 89 40 nagot
609 1365 33 28 af
663 1365 174 39 Riksdagen
869 1366 156 29 faststäldt
1051 1367 106 39 anslag
1183 1367 130 29 befinnes
1343 1368 230 36 öfverskridet»,
1597 1368 104 30 hvilka
1726 1366 74 31 båda

206 1414 193 29 förfaranden
425 1414 144 30 innebära
592 1416 218 29 öfverträdelse
840 1418 29 27 af
898 1417 156 38 grundlag,
1084 1427 62 19 som
1175 1418 92 38 enligt
1296 1419 299 38 ansvarighetslagen
1625 1420 45 29 för
1698 1418 104 30 Stats-

206 1462 85 31 rådet
318 1465 29 39 $$
372 1464 17 29 5
414 1465 53 28 och
492 1465 19 29 8
534 1469 51 26 äro
611 1466 122 38 belagda
755 1467 66 29 med
846 1477 112 20 ansvar
976 1468 34 29 af
1027 1468 147 30 embetets
1194 1468 106 30 förlust
1318 1469 54 29 och
1391 1469 92 40 enligt
1502 1469 299 39 Regeringsformens

205 1515 13 38 $
243 1515 56 29 106
323 1513 99 32 åtalas
445 1515 78 30 inför
550 1516 148 36 Riksrätt,
723 1517 59 29 kan
807 1518 107 29 endast
942 1519 97 29 denna
1068 1519 12 39 $
1111 1519 9 28 i
1151 1519 283 40 Regeringsformen
1469 1521 118 29 komma
1610 1520 9 29 i
1643 1518 83 41 fråga
1756 1525 44 25 att

205 1566 258 38 grundlagsenligt
486 1568 165 38 tillämpas.
696 1567 70 30 Som
803 1569 165 29 emellertid
1000 1569 190 39 tillämpning
1223 1571 34 28 af
1282 1571 98 29 denna
1409 1571 12 39 $
1452 1575 116 26 ansetts
1599 1571 108 30 endast
1731 1572 68 29 böra

205 1616 53 29 ske
283 1617 47 29 vid
356 1617 145 39 vigtigare
525 1618 54 29 och
604 1628 81 19 mera
716 1619 331 38 uppseendeväckande
1076 1621 243 35 öfvertrådelser,
1353 1621 52 30 och
1436 1623 98 29 denna
1557 1620 79 40 åsigt
1658 1622 79 39 gjort
1759 1622 44 38 sig

205 1667 35 29 sa
262 1667 138 38 gällande
424 1671 47 26 att
495 1678 68 20 man
588 1666 38 41 på
648 1679 106 19 senare
778 1670 77 29 tider
886 1671 65 28 med
982 1668 201 41 kringgående
1214 1673 34 28 af
1273 1672 200 39 grundlagens
1503 1673 113 38 tydliga
1646 1672 157 30 föreskrift

204 1717 70 29 sökt
297 1718 94 39 draga
419 1719 88 29 äfven
533 1719 115 29 sadana
671 1720 262 39 regeringsbeslut,
956 1720 119 30 hvilkas
1102 1721 176 40 felaktighet
1302 1722 141 38 angifvits
1468 1724 83 29 bestå
1576 1723 96 29 deruti
1697 1727 45 25 att
1767 1724 35 28 de

205 1768 25 37 ej
256 1768 79 29 varit
359 1768 68 30 fullt
450 1770 332 29 öfverensstämmande
807 1771 65 29 med
898 1772 101 36 lagens
1033 1772 76 29 anda
1145 1773 53 28 och
1234 1773 128 37 mening,
1400 1774 91 29 under
1522 1774 54 29 den
1612 1773 189 39 behandling,

203 1828 62 19 som
291 1819 281 38 Regeringsformen
596 1820 13 39 $
636 1818 54 32 107
715 1821 202 35 omförmäler,
941 1821 35 31 så
999 1832 89 31 synes
1113 1823 53 29 den
1199 1823 171 39 föreslagna
1393 1823 337 40 grundlagsändringen,
1754 1834 46 20 om

202 1869 55 29 den
283 1869 151 39 tillämpas
460 1870 6 28 i
490 1881 73 19 sann
588 1872 317 29 öfverensstämmelse
936 1873 65 29 med
1031 1873 199 39 grundlagens
1260 1874 113 39 tydliga
1403 1874 166 37 föreskrift,
1599 1884 62 19 som
1687 1874 115 30 fordrar

202 1920 223 39 handläggning
448 1921 92 39 enligt
564 1921 282 38 Regeringsformen
871 1923 13 39 $
914 1923 63 34 106,
1009 1923 92 29 blifva
1131 1924 211 38 betydelselös,
1395 1925 45 38 Ty
1471 1934 44 19 om
1548 1935 33 19 en
1594 1915 85 39 eller
1702 1935 98 19 annan

201 1971 166 38 anordning
391 1972 33 28 af
446 1972 114 29 mindre
583 1972 63 37 vigt
669 1972 117 30 kanske
810 1982 104 29 genom
940 1974 187 29 förbiseende
1152 1979 49 33 egt
1231 1985 63 19 rum
1318 1975 6 28 i
1350 1975 77 29 strid
1455 1980 61 25 mot
1541 1976 162 38 upprättad
1729 1980 72 29 stat,

201 2031 32 19 sa
259 2021 42 29 lär
326 2022 45 29 väl
398 2022 85 38 ingen
509 2022 101 29 derför
634 2022 72 38 vilja
730 2023 129 30 anställa
884 2021 63 32 åtal
972 2024 53 29 hos
1049 2024 151 35 Riksrätt,
1225 2034 45 20 om
1296 2026 359 38 Departements-chefen
1679 2026 8 29 i
1712 2027 91 37 öfrigt

202 2075 32 25 är
258 2072 125 38 förtjent
406 2073 33 28 af
458 2073 193 38 Riksdagens
677 2074 180 29 förtroende.
912 2075 58 38 Jag
993 2078 125 26 nämner
1148 2076 166 38 anordning
1344 2077 32 28 af
1402 2077 113 29 mindre
1539 2077 63 38 vigt
1624 2086 100 21 sasom
1749 2087 51 19 en-

201 2123 70 28 dast
294 2120 279 40 ifrågakommande
598 2128 45 25 att
674 2125 178 34 anmärkas;
887 2123 91 41 några
1010 2125 144 39 vigtigare
1190 2126 114 30 sådana
1339 2127 102 30 kunna
1471 2127 25 37 ej
1527 2137 91 28 gerna
1650 2128 150 29 komma
1777 2116 27 53 i

203 2174 92 37 fråga.
338 2174 45 39 Ty
408 2174 54 29 har
485 2185 34 19 en
546 2174 200 30 klandervärd
772 2176 174 39 anordning,
981 2177 39 29 då
1043 2176 54 29 den
1129 2177 123 35 skedde,
1283 2177 26 38 ej
1340 2178 118 34 adragit
1481 2178 45 38 sig
1555 2179 55 28 den
1636 2179 165 37 uppmärk-

201 2225 128 36 samhet,
353 2229 46 25 att
425 2224 411 31 Konstitutions-Utskottet
862 2226 45 30 vid
933 2227 43 29 sin
1001 2227 185 38 granskning
1209 2228 76 37 gjort
1305 2228 55 29 den
1381 2228 42 29 till
1444 2227 121 31 föremal
1589 2229 45 30 för
1653 2229 149 38 pröfning,

202 2275 57 29 kan
285 2276 54 29 den
364 2275 25 38 ej
415 2286 71 19 vara
512 2277 33 27 af
566 2273 94 40 någon
688 2277 206 38 betydenhet.»
