1910 2826
279 150 41 30 14
734 153 275 32 Statsutskottets
1035 152 174 32 utlåtande
1233 152 50 31 Nr
1307 154 29 30 7.

326 237 90 40 20:0)
466 238 140 31 Statens
640 238 290 30 bostadsnämnd.
977 238 15 30 I
1031 237 152 36 enlighet
1219 237 83 30 med
1339 236 122 36 Kungl.
1499 235 120 36 Maj:ts
1656 234 134 38 förslag

288 289 127 40 (punkt
434 290 50 36 20,
504 290 63 30 sid.
588 286 53 40 32)
665 290 65 30 och
751 289 113 30 under
882 289 148 36 erinran,
1052 291 50 28 att
1121 297 136 22 samma
1275 288 126 36 belopp
1422 296 75 21 som
1517 287 57 30 det
1592 296 48 20 nu
1658 286 133 31 äskade

282 340 153 31 anvisats
456 340 57 31 för
531 340 234 30 innevarande
786 339 177 37 budgetår,
985 339 200 31 hemställer
1205 338 177 36 utskottet,

637 435 48 28 att
713 432 186 36 riksdagen
926 431 58 31 må
1011 431 52 30 till
1091 431 134 30 Statens
1257 429 273 31 bostadsnämnd
1561 429 56 30 för
1644 429 143 36 budget-

592 482 72 32 året
685 478 141 35 1940/41
847 482 119 31 anvisa
985 485 48 27 ett
1054 482 119 36 anslag
1193 490 44 21 av
1258 481 98 35 6,000
1377 481 139 30 kronor.

325 648 91 41 21:o)
464 648 294 32 Krisrevisionen.
802 648 231 32 Beträffande
1057 647 270 37 ifrågavarande
1351 648 120 36 anslag
1497 646 126 40 (punkt
1646 647 52 36 21,
1723 646 66 31 sid.

279 701 57 40 32)
364 701 137 37 avgiver
521 701 167 30 utskottet
711 710 122 21 senare
852 700 111 31 under
986 699 185 37 riksdagen
1192 697 190 38 utlåtande,
1405 698 106 31 vilket
1533 698 146 30 härmed

901 793 165 31 anmäles.

713 1040 171 41 Skatte-
911 1039 83 40 och
1021 1038 347 40 kontrollväsen.

325 1163 90 41 22:0)
464 1164 217 30 Tullverket:
710 1163 215 37 Avlöningar
954 1163 53 30 till
1036 1162 349 36 befattningshavare
1413 1162 66 30 hos
1509 1160 282 37 generaltullsty-

279 1216 128 30 relsen.
447 1215 81 30 Med
546 1214 247 36 tillstyrkande
812 1223 43 21 av
873 1213 101 30 bifall
993 1213 54 30 till
1067 1213 123 36 Kungl.
1211 1211 120 37 Maj:ts
1350 1211 132 37 förslag
1505 1210 126 40 (punkt
1650 1212 52 35 22,
1722 1211 67 30 sid.

278 1264 160 41 32—34),
463 1266 106 30 vilket
593 1266 11 30 i
630 1264 222 31 förhållande
873 1264 51 30 till
949 1264 245 30 motsvarande
1217 1263 123 36 anslag
1362 1262 55 30 för
1439 1262 236 31 innevarande
1699 1261 89 31 bud-

278 1317 97 37 getår
393 1317 76 31 icke
486 1316 148 30 innebär
654 1316 110 30 andra
783 1315 189 36 ändringar
990 1315 47 29 än
1057 1315 89 35 dem,
1167 1323 75 21 som
1264 1313 155 36 betingas
1439 1322 44 21 av
1502 1313 42 30 de
1566 1322 43 21 av
1630 1313 156 36 departe-

277 1367 239 31 mentschefen
538 1367 59 30 vid
619 1365 256 36 behandlingen
896 1375 42 21 av
959 1365 57 30 för
1037 1365 88 30 flera
1147 1364 218 31 huvudtitlar
1385 1371 259 29 gemensamma
1667 1362 124 37 frågor

279 1419 209 36 uppdragna
522 1417 222 37 principerna
778 1416 58 30 för
869 1415 363 37 avlöningsanslagens
1267 1414 202 37 beräkning,
1501 1414 201 30 hemställer
1733 1416 55 28 ut-

278 1470 138 35 skottet,

634 1563 48 28 att
706 1560 185 35 riksdagen
912 1558 59 32 må

633 1610 32 40 a)
708 1610 188 36 godkänna
933 1608 158 37 följande
1130 1608 250 37 avlöningsstat
1416 1607 57 31 för
1513 1607 275 38 generaltullsty-

588 1661 122 35 relsen,
740 1663 49 28 att
818 1660 174 36 tillämpas
1022 1659 70 31 tills
1121 1659 119 31 vidare
1269 1657 82 32 från
1380 1658 65 31 och
1475 1658 81 31 med
1583 1656 205 38 budgetåret

591 1707 156 35 1940/41:

1059 1774 251 29 Avlöningsstat.

581 1835 27 29 1.
631 1832 203 37 Avlöningar
860 1831 45 31 till
930 1831 203 38 tjänstemän
1160 1830 19 31 å
1203 1830 168 31 ordinarie
1394 1833 71 33 stat,

673 1884 202 37 fÖrsläagSViS
909 1905 551 8 sosseeseereereererer
1265 1878 54 47 ers
1327 1878 94 47 reser
1429 1878 34 47 rr
1489 1882 130 29 kronor
1641 1880 139 35 683,300

579 1935 29 29 2.
632 1933 141 36 Arvode,
797 1933 142 30 bestämt
961 1941 40 21 av
1024 1932 117 36 Kungl.
1165 1931 94 36 Maj:t
1288 1955 173 6 .........
1551 1943 12 15 »
1686 1930 93 35 1,200

578 1985 29 29 3.
631 1983 203 36 Avlöningar
855 1982 46 30 till
917 1982 90 37 övrig
1022 1981 256 31 icke-ordinarie
1294 1981 169 37 personal:

676 2043 27 20 a.
729 2031 314 37 Grundavlöningar
1058 2042 44 20 m.
1119 2041 43 20 m.
1179 2032 130 29 kronor
1334 2031 130 36 166,000

675 2085 30 29 b.
729 2082 419 37 Avlöningsförhöjningar

728 2144 45 20 m.
797 2143 56 26 m.,
877 2133 201 38 förslagsvis
1101 2157 47 6 ...
1237 2145 12 14 »
1356 2132 110 35 10,000
1551 2144 12 14 »
1644 2131 137 35 176,000:

578 2186 28 29 4.
631 2184 123 36 Rörligt
776 2183 115 37 tillägg,
915 2183 202 38 förslagsvis
1139 2205 320 8 ..............«..
1550 2194 12 14 »
1663 2181 114 36 79,500

1327 2248 138 30 Summa
1487 2249 130 29 kronor
1639 2248 149 36 940,000;

631 2339 35 40 b)
698 2340 52 30 till
779 2337 210 32 Tullverket:
1031 2337 210 37 Avlöningar
1270 2337 52 30 till
1351 2336 339 39 befattningshavare
1719 2336 67 30 hos

587 2387 369 42 generaltullstyrefsen
988 2388 57 31 för
1075 2387 203 37 budgetåret
1313 2383 139 35 1940/41
1485 2387 122 31 anvisa
1637 2390 45 28 ett
1713 2386 74 31 för-

588 2441 212 37 slagsanslag
827 2449 42 22 av
894 2440 141 36 940,000
1062 2439 137 31 kronor.
