1912 2828
589 151 276 32 Statsutskottets
885 150 176 32 utlåtande
1081 150 11 31 i
1119 163 3 4 :
1180 173 6 7 .
1614 143 21 32 5

425 243 28 29 2.
477 240 204 38 Avlöningar
706 240 47 31 till
779 239 205 38 tjänstemän
1012 238 20 31 å
1056 237 256 39 övergångsstat,

518 292 203 38 fÖrslagSViS
733 313 575 9 s.sseserseesrsrerer
1069 286 33 48 rr
1111 286 54 48 rer
1177 286 30 48 rr
1219 286 30 48 rr
1258 286 54 48 rs
1338 288 127 30 kronor
1510 288 114 37 21,300

424 343 28 30 3.
476 341 204 37 Avlöningar
702 341 46 30 till
770 339 257 32 icke-ordinarie
1049 339 171 38 personal:

517 402 28 21 a.
572 391 314 37 Grundavlöningar
905 401 44 20 m.
966 400 45 21 m.
1028 391 129 29 kronor
1182 390 132 36 164,000

517 444 31 30 b.
572 441 419 39 Avlöningsförhöjningar

572 503 45 21 m.
640 503 55 26 m.,
718 493 203 38 förslagsvis
944 516 70 7 ....
1089 503 13 15 >»
1204 491 112 36 15,000
1397 511 12 15 ,
1491 498 134 37 179,000

424 554 27 29 4,
476 552 126 37 Rörligt
623 551 115 38 tillägg,
762 552 202 38 förslagsvis
986 574 323 7 ..............--
1397 561 13 16 »
1510 549 115 36 48,900

1177 618 140 30 Summa
1338 618 129 29 kronor
1490 617 145 36 568,900;

479 699 29 41 c)
538 700 53 31 till
622 700 267 31 Statskontoret:
922 698 211 37 Avlöningar
1164 697 57 31 för
1250 696 203 38 budgetåret
1487 692 143 35 1940/41

434 752 121 30 anvisa
585 754 47 28 ett
661 750 271 36 förslagsanhslag
962 758 42 22 av
1036 749 142 36 568,900
1207 748 139 31 kronor.

168 901 69 41 6:0)
288 902 273 31 Statskontoret:
585 902 273 31 Omkostnader.
879 901 80 31 Med
978 899 248 38 tillstyrkande
1247 909 43 21 av
1310 898 101 32 bifall
1432 899 53 30 till
1508 898 124 37 Kungl.

124 954 120 37 Maj:ts
263 954 131 37 förslag
420 954 125 39 (punkt
563 954 30 36 6,
615 953 61 31 sid.
699 952 140 41 10—12)
867 953 65 30 och
952 952 113 31 under
1084 951 148 37 erinran,
1253 953 50 29 att
1324 950 56 31 för
1397 949 237 32 innevarande

123 1005 170 37 budgetår
316 1005 151 31 anvisats
491 1005 121 36 91,000
635 1005 131 30 kronor
790 1003 57 31 för
869 1002 209 37 ändamålet,
1101 1002 201 31 hemställer
1323 1001 177 36 utskottet,

479 1101 50 27 att
548 1097 186 36 riksdagen
754 1096 59 31 må
832 1097 51 30 till
904 1095 267 32 Statskontoret:
1195 1093 255 32 Omkostnader
1469 1093 58 31 för
1547 1092 86 32 bud-

434 1148 130 37 getåret
589 1144 139 34 1940/41
751 1147 120 31 anvisa
892 1150 46 27 ett
957 1146 270 36 förslagsanslag
1249 1155 43 22 av
1313 1145 117 36 82,000
1451 1145 142 31 kronor.

171 1298 68 41 7:o)
290 1299 302 31 Kammarrätten:
624 1298 225 37 Avlöningar.
902 1298 124 36 Kungl.
1059 1296 101 37 Maj:t
1191 1297 66 30 har
1287 1295 181 37 föreslagit
1499 1295 136 31 riksda-

125 1360 64 28 gen
216 1350 127 40 (punkt
365 1352 29 35 7,
416 1351 62 31 sid.
507 1350 141 40 12—14)
675 1353 50 28 att
748 1350 73 30 dels
843 1349 187 37 godkänna
1054 1358 43 21 av
1119 1346 382 38 departementschefen
1524 1346 110 31 föror-

125 1403 70 30 dad
216 1402 250 36 avlöningsstat
486 1401 57 31 för
562 1401 286 36 kammarrätten,
871 1403 49 28 att
939 1400 177 36 tillämpas
1138 1399 68 31 tills
1227 1399 119 30 vidare
1367 1397 80 32 från
1467 1398 67 30 och
1555 1396 80 31 med

124 1452 205 37 budgetåret
353 1448 153 40 1940/41,
533 1452 73 30 dels
631 1452 64 30 ock
719 1451 52 30 till
798 1451 294 30 Kammarrätten:
1117 1449 212 36 Avlöningar
1353 1448 56 31 för
1431 1446 204 38 budgetåret

128 1499 141 35 1940/41
295 1502 121 31 anvisa
435 1506 48 27 ett
503 1502 271 36 förslagsanslag
795 1511 43 21 av
859 1501 142 36 658,800
1021 1501 139 30 kronor.

170 1603 271 37 Ifrågavarande
463 1603 121 36 anslag
608 1602 38 30 är
667 1602 11 30 i
702 1602 160 36 gällande
882 1601 143 30 riksstat
1048 1603 166 34 upptaget
1235 1600 81 30 med
1338 1608 135 22 samma
1496 1598 138 37 belopp.

127 1654 123 37 Kungl.
270 1653 121 37 Maj:ts
411 1653 130 37 förslag
562 1653 146 30 innebär
727 1653 77 30 icke
824 1652 109 31 andra
953 1651 190 36 ändringar
1164 1652 45 29 än
1229 1651 89 36 dem,
1341 1660 74 21 som
1435 1649 200 31 föranledas

126 1714 43 21 av
188 1706 43 29 de
250 1704 177 37 principer
448 1704 57 30 för
527 1703 365 37 avlöningsanslagens
912 1702 203 37 beräkning,
1137 1702 94 30 vilka
1254 1699 381 39 departementschefen

126 1755 165 36 framlagt
315 1755 58 30 vid
397 1754 257 36 behandlingen
678 1764 42 21 av
746 1754 57 30 för
827 1754 87 30 flera
937 1753 219 30 huvudtitlar
1180 1761 258 28 gemensamma
1462 1750 129 37 frågor.

171 1855 68 31 För
266 1856 101 30 nästa
391 1854 170 37 budgetår
586 1855 66 30 har
677 1854 294 36 fortsättningsvis
995 1853 188 30 beräknats
1209 1853 113 30 medel
1346 1852 56 31 för
1427 1852 69 31 viss
1522 1850 113 38 provi-

127 1906 111 30 sorisk
264 1905 239 36 förstärkning
530 1914 43 22 av
602 1906 292 29 kammarrättens
919 1904 334 35 ledamotspersonal
1279 1903 11 30 i
1316 1902 89 39 syfte
1432 1905 50 28 att
1506 1901 129 40 ytterli-

127 1964 80 28 gare
234 1955 193 37 nedbringa
455 1955 238 36 föreliggande
720 1955 248 30 arbetsbalans.
1028 1953 53 31 Då
1108 1954 167 30 utskottet
1305 1953 115 30 finner
1446 1952 189 37 angeläget,

128 2009 49 27 att
205 2006 301 30 arbetsbalansens
538 2005 262 35 nedbringande
830 2004 179 36 fullföljes,
1041 2004 188 37 tillstyrker
1259 2004 164 29 utskottet
1454 2002 101 31 bifall
1587 2003 50 30 till

127 2056 124 36 Kungl.
270 2055 119 37 Maj:ts
407 2055 139 37 förslag.
590 2056 13 29 I
623 2056 170 30 samband
810 2056 145 29 härmed
973 2055 60 29 vill
1051 2055 164 29 utskottet
1233 2054 114 30 erinra
1365 2063 57 21 om
1438 2056 49 28 att
1506 2054 130 30 utskot-

127 2110 47 27 tet
199 2107 11 29 i
238 2110 108 27 annat
373 2107 254 35 sammanhang
653 2107 159 29 kommer
838 2109 48 28 att
912 2106 175 30 behandla
1114 2108 45 27 ett
1185 2115 42 20 av
1255 2105 202 36 riksdagens
1484 2103 40 31 år
1554 2104 84 30 1939

126 2157 214 31 församlade
363 2157 168 30 revisorer
553 2156 91 37 gjort
667 2157 179 30 uttalande
869 2155 222 31 beträffande
1115 2156 290 30 kammarrättens
1431 2155 117 30 arbete
1573 2154 65 31 och

127 2207 179 31 formerna
326 2207 129 30 härför.

174 2258 172 30 Utskottet
368 2258 200 30 hemställer
589 2257 109 36 alltså,

482 2352 50 27 att
550 2349 186 36 riksdagen
756 2348 59 31 må

483 2399 32 39 a)
551 2399 187 35 godkänna
775 2398 156 36 följande
969 2398 251 36 avlöningsstat
1260 2397 57 31 för
1351 2398 285 34 kammarrätten,

438 2452 49 27 att
504 2449 175 36 tillämpas
698 2449 69 30 tills
784 2448 117 31 vidare
921 2447 79 32 från
1018 2449 65 30 och
1104 2449 77 30 med
1199 2447 201 37 budgetåret
1421 2442 154 43 1940/41:

1686 1855 130 26 Utskottet.
