2244 2650
419 189 117 31 Andra
561 190 223 32 Kammarens
811 192 187 40 Tillfälliga
1028 193 143 33 Utskotts
1194 195 82 42 (N:o
1300 198 37 38 4)
1367 196 177 33 Utlåtande
1567 198 64 31 N:o
1654 202 29 29 4.
1786 202 19 30 3

247 274 123 37 första
398 281 161 32 rummet
586 277 97 37 varit
711 283 57 31 att
795 279 103 37 förse
926 280 403 50 telegrafstationerna
1358 284 84 36 med
1469 285 163 36 uniform
1661 286 67 47 tid,
1758 300 88 23 men

249 327 394 50 stationspersoönalen
683 329 69 37 har
794 331 120 37 tillika
954 333 99 36 varit
1095 333 109 50 ålagd
1238 340 55 30 att
1326 335 245 51 beredvilligt
1612 338 235 49 tillhandagå

247 378 255 39 allmänheten
544 381 87 36 med
672 383 199 48 uppgifter
898 397 59 23 om
986 385 107 36 tiden
1120 386 58 36 för
1205 386 226 49 reglerande
1460 388 42 37 af
1528 389 197 49 offentliga
1753 391 93 36 eller

248 431 174 37 enskilda
461 446 54 22 ur.
572 433 17 35 I
625 434 94 48 följd
749 435 115 37 häraf
886 435 68 37 har
983 436 65 37 det
1076 438 71 35 ock
1176 441 20 33 å
1224 438 92 37 flere
1346 445 101 31 orter
1475 440 126 37 blifvit
1629 448 54 30 ett
1711 443 134 36 veder-

245 487 108 44 taget
381 484 105 47 bruk,
517 489 56 31 att
601 486 195 37 urmakare
826 487 132 49 hvarje
987 489 353 50 måndagsmorgon
1367 491 168 37 infunnit
1564 493 57 48 sig
1650 497 20 33 å
1698 494 47 36 de
1766 499 78 31 sär-

248 535 123 36 skilda
399 536 399 48 telegrafstationerna
826 539 60 36 för
913 545 55 31 att
996 545 90 44 taga
1114 541 59 37 del
1201 542 43 36 af
1268 542 306 48 tidssignalerna.

353 586 89 37 Som
483 588 208 37 emellertid
735 590 65 36 det
842 593 21 33 å
894 591 237 38 härvarande
1160 594 454 49 centraltelegrafstation
1641 597 204 49 uppstälda

247 638 192 37 normalur
478 640 86 36 icke
607 641 61 36 vid
710 642 241 48 afgifvandet
991 645 42 36 af
1064 645 158 37 berörda
1250 646 246 49 tidssignaler
1524 648 98 36 varit
1649 655 196 43 noggrant

245 690 159 37 instäldt
444 694 48 46 på
534 692 206 48 sekunden,
784 694 68 37 har
893 695 71 36 ock
1006 696 112 36 deraf
1155 697 125 37 blifvit
1322 711 47 23 en
1404 699 107 49 följd,
1542 705 56 31 att
1624 700 105 37 tiden
1757 702 84 36 icke

245 743 147 35 kunnat
419 744 193 36 meddelas
626 744 56 37 till
696 745 222 38 landsorten
938 748 87 36 med
1045 748 72 37 den
1136 751 282 46 noggrannhet,
1440 764 84 23 som
1543 752 300 38 understundom

274 794 170 37 åkallats.
501 795 188 37 Särskildt
729 798 117 36 hafva
886 799 398 48 telegrafstationerna
1327 802 43 36 af
1393 803 102 36 detta
1526 804 81 36 skäl
1634 804 82 37 icke
1745 806 99 35 varit

244 847 13 34 1
297 846 148 37 tillfälle
487 853 56 30 att
584 848 122 37 lemna
735 849 147 37 biträde
912 854 37 33 åt
978 851 47 37 de
1055 852 415 50 skeppsbefälhafvare,
1502 868 82 23 som
1613 859 104 46 gång
1747 857 97 36 efter

245 911 128 23 annan
409 899 102 48 gjort
538 900 284 50 framställning
850 907 55 31 att
932 903 87 36 med
1047 904 235 48 telegrafens
1311 905 160 50 tillhjelp
1500 907 38 36 få
1566 907 277 38 tidsskilnaden

244 949 60 37 för
333 950 81 37 sina
441 951 262 37 kronometrar
731 953 186 37 bestämd.

349 1002 17 35 I
400 1002 207 49 anledning
634 1004 120 48 häraf,
785 1005 71 36 och
885 1006 46 36 då
959 1007 220 48 spridandet
1207 1008 108 36 öfver
1343 1009 85 36 hela
1456 1010 100 37 riket
1583 1011 41 36 af
1647 1024 195 36 noggran-

244 1066 91 23 nare
375 1054 270 50 tidsuppgifter
678 1069 114 35 synes
821 1070 90 23 vara
940 1063 54 31 ett
1025 1059 175 48 syftemål
1229 1061 41 35 af
1296 1061 178 37 särskildt
1503 1063 71 35 och
1602 1063 157 37 allmänt
1785 1064 56 36 in-

244 1110 133 39 tresse,
423 1106 54 36 får
517 1107 131 48 kongl.
692 1108 358 50 telegrafstyrelsen
1079 1116 88 31 äran
1196 1112 225 49 härigenom
1450 1114 70 36 hos
1550 1114 128 49 kongl.
1709 1121 132 31 veten-

244 1157 343 49 skapsakademien
615 1165 93 42 göra
737 1161 208 49 förfrågan,
967 1162 184 38 huruvida
1171 1164 71 36 och
1262 1167 49 47 på
1333 1165 127 37 hvilka
1476 1166 127 36 vilkor
1618 1167 223 37 akademien

244 1209 122 36 skulle
408 1223 88 23 vara
537 1210 108 49 villig
686 1217 55 30 att
782 1213 76 36 låta
887 1214 83 36 från
1000 1213 242 38 Stockholms
1273 1216 303 37 observatorium
1604 1218 237 49 telegrafiskt

244 1261 175 36 meddela
458 1262 246 47 tidssignaler
743 1264 58 36 till
838 1264 236 38 härvarande
1104 1267 449 48 centraltelegrafstation
1582 1271 182 48 antingen
1794 1284 47 23 en

242 1315 107 45 gång
379 1313 12 35 i
419 1313 144 37 veckan
595 1314 91 37 eller
713 1316 123 36 under
864 1317 117 36 andra
1009 1317 264 49 tidsperioder,
1303 1319 127 37 derest
1458 1321 135 36 sådant
1622 1322 120 36 skulle
1776 1323 64 36 be-

242 1363 124 37 finnas
396 1378 88 23 vara
512 1378 105 24 mera
645 1367 326 49 ändamålsenligt.

347 1517 17 36 I
405 1519 221 49 anslutning
666 1519 55 37 till
764 1521 277 38 ofvanstående
1083 1523 281 50 framställning
1405 1525 139 37 tillåter
1572 1526 59 49 sig
1657 1527 182 49 telegraf-

242 1570 190 48 styrelsen
455 1571 145 47 jemväl
629 1576 54 32 att
711 1572 101 37 fästa
840 1574 131 49 kongl.
1001 1576 480 49 vetenskapsakademiens
1502 1579 337 48 uppmärksamhet

241 1624 48 46 på
318 1626 56 31 ett
402 1627 112 31 annat
542 1623 11 35 i
584 1625 276 49 sammanhang
888 1626 85 36 med
1002 1627 105 36 detta
1136 1628 137 36 ärende
1304 1629 155 36 stående
1488 1629 244 38 förhållande.

348 1672 124 37 Sedan
500 1679 141 32 tvenne
669 1675 42 36 af
735 1676 46 36 de
810 1676 144 48 länder,
984 1679 86 35 med
1099 1679 126 36 hvilka
1254 1680 66 35 det
1349 1681 163 36 svenska
1540 1681 299 48 telegrafverket

242 1723 125 37 direkt
400 1726 174 36 utvexlar
602 1739 48 23 en
676 1728 150 47 ganska
855 1728 92 48 liflig
974 1729 490 50 telegrafkorrespondens,
1494 1733 191 48 nemligen
1715 1734 123 48 Tysk-

239 1775 90 36 land
373 1776 70 36 och
471 1777 205 47 Danmark,
706 1779 148 48 antagit
882 1793 45 23 en
955 1793 221 35 gemensam
1204 1782 197 49 borgerlig
1428 1784 66 46 tid,
1524 1784 153 37 hvilken
1707 1785 132 49 skiljer

241 1826 163 37 allenast
434 1830 45 33 14
508 1829 192 37 sekunder
729 1830 85 36 från
843 1831 71 36 den
945 1832 11 35 i
987 1831 159 50 Sverige
1175 1833 189 48 gällande,
1395 1835 119 36 skulle
1544 1836 63 35 det
1626 1836 51 37 för
1698 1837 139 47 ifråga-

240 1879 167 36 varande
449 1880 384 50 telegramutvexling
874 1877 89 43 vara
1005 1884 168 37 särdeles
1208 1886 233 49 förmånligt,
1471 1901 61 22 om
1561 1887 276 38 tidsskilnaden

239 1930 128 37 kunde
408 1931 199 48 utjemnas,
650 1934 69 35 och
748 1934 157 37 sålunda
933 1935 75 36 den
1037 1937 162 36 svenska
1228 1937 216 49 borgerliga
1472 1939 106 36 tiden
1607 1940 128 49 flyttas
1763 1940 74 36 till-

239 1982 98 36 baka
379 1982 45 36 de
466 1984 164 36 nämnda
673 1987 45 34 14
749 1986 249 37 sekunderna.
1057 1987 306 49 Olägenheterna
1391 1990 40 35 af
1455 1991 126 36 denna
1609 1992 228 36 tidsskilnad

239 2033 117 36 hafva
384 2035 199 36 framträdt
611 2037 179 36 särskildt
819 2038 116 36 sedan
962 2039 255 37 innevarande
1247 2043 61 33 års
1337 2041 143 49 början,
1512 2048 91 30 enär
1629 2043 59 36 för
1702 2049 134 30 utvex-

238 2084 83 47 ling
362 2086 41 35 af
441 2086 247 38 tidsbestälda
728 2089 284 36 telefonsamtal
1054 2091 157 36 emellan
1250 2091 159 48 Sverige
1452 2094 69 35 och
1552 2094 191 36 Danmark
1773 2095 64 35 det

240 2140 41 31 är
319 2136 41 35 af
394 2141 79 31 stor
511 2138 93 47 vigt,
642 2144 53 31 att
730 2153 94 22 uren
863 2143 20 32 å
918 2141 46 35 de
993 2141 127 48 begge
1148 2142 11 35 i
1188 2144 194 35 samtrafik
1411 2145 165 35 varande
1606 2145 230 37 stationerna

238 2190 49 45 gå
315 2187 88 36 lika.
1528 2228 3 2 .

344 2239 57 35 Då
423 2238 141 48 jemväl
594 2240 115 36 andra
738 2241 83 36 skäl
850 2242 105 36 torde
985 2242 74 37 tala
1088 2243 58 36 för
1173 2245 244 46 utjemnande
1447 2246 41 36 af
1510 2246 198 37 skilnaden
1728 2248 11 34 i
1760 2247 74 36 den

238 2290 218 49 borgerliga
483 2291 104 36 tiden
617 2291 134 37 mellan
785 2293 160 48 Sverige
966 2294 70 36 och
1064 2295 248 37 förenämnda
1332 2296 86 37 dess
1437 2298 267 48 grannländer,
1725 2305 111 42 tager
