1894 2852
453 169 126 31 Andra
605 169 256 37 lagutskottets
888 170 187 32 utlåtande
1102 171 52 32 Nr
1179 172 49 30 35.
1532 172 19 29 5

89 246 115 32 tidens
226 247 180 36 reglering
429 241 92 38 samt
541 249 56 30 att
618 248 59 32 det
699 248 123 31 därför
843 248 197 37 lämpligen
1059 250 105 31 borde
1186 250 190 31 ankomma
1399 251 45 35 på
1465 250 125 32 vidare

88 298 247 37 omprövning,
353 299 180 32 huruvida
551 299 65 32 och
633 299 13 31 i
663 300 71 31 vad
751 301 84 30 mån
855 301 68 31 den
940 301 217 36 ifrågasatta
1175 301 278 37 lagstiftningen
1472 302 118 31 kunde

87 349 112 32 vinna
220 350 231 37 tillämpning
473 352 21 31 å
515 351 60 32 det
595 351 181 37 egentliga
796 352 363 36 jordbruksområdet.

127 402 416 33 Arbetstidskommittén
563 412 118 28 avgav
702 405 68 30 den
789 404 38 31 25
847 404 146 36 januari
1015 405 77 30 1919
1111 405 224 32 betänkande
1356 406 79 31 med
1456 406 135 35 förslag

88 454 57 31 till
164 454 59 37 lag
243 465 56 21 om
317 456 243 36 begränsning
579 467 46 20 av
644 456 230 32 arbetstiden.
914 456 124 32 Såsom
1056 457 212 32 kommittén
1283 458 13 30 i
1314 458 65 30 sitt
1398 458 193 31 betänkan-

89 507 41 31 de
152 508 149 31 anförde
324 508 90 31 hade
437 508 12 31 i
472 509 98 31 detta
593 508 198 37 lagförslag
815 509 12 30 i
850 510 349 31 överensstämmelse
1222 510 80 31 med
1325 510 150 31 berörda
1499 512 91 29 utta-

88 559 105 32 lande
217 560 12 30 i
255 560 390 37 statsrådsprotokollet
671 561 210 36 jordbruket
906 561 74 32 helt
1006 562 234 36 undantagits
1266 562 84 31 från
1372 562 123 36 lagens
1521 562 71 31 till-

88 611 186 37 lämpning
299 613 65 31 och
389 613 12 30 i
426 613 172 31 samband
624 613 146 32 därmed
795 614 137 36 jämväl
957 614 234 36 undantagits
1217 614 57 31 till
1299 614 210 36 jordbruket
1534 615 58 30 hö-

88 664 111 31 rande
221 664 222 37 binäringar,
468 665 55 31 för
548 667 39 30 så
609 665 71 32 vitt
704 666 41 31 de
769 666 32 36 ej
826 666 169 32 bedreves
1017 667 114 30 såsom
1154 666 266 36 självständiga
1442 667 150 36 företag.

89 715 223 33 Kommittén
336 718 153 35 yttrade,
512 719 53 29 att
589 718 225 31 sistnämnda
836 718 219 37 utvidgning
1078 729 45 20 av
1147 719 232 35 undantagen
1404 719 189 31 föranletts

90 778 46 21 av
160 769 57 30 det
242 768 252 38 förhållandet,
517 771 56 29 att
595 770 137 31 arbetet
755 770 11 31 i
791 770 59 33 det
873 770 183 37 egentliga
1077 770 210 36 jordbruket
1308 771 64 30 och
1396 771 95 30 inom
1515 771 78 31 dess

90 820 212 37 binäringar
320 822 12 30 i
351 822 132 36 många
501 821 67 31 fall
589 822 218 31 förrättades
827 833 45 20 av
891 832 136 22 samma
1045 832 167 27 personer
1231 823 65 31 och
1314 822 34 37 ej
1367 823 61 30 väl
1447 822 72 32 läte
1538 823 54 35 sig

90 872 179 37 särskilja.
313 873 126 37 Enligt
462 874 230 31 kommitténs
718 874 136 37 förslag
877 875 202 35 undantogs
1104 875 83 30 från
1212 874 125 37 lagens
1362 874 231 37 tillämpning

90 926 91 30 även
202 925 217 36 djurskötsel
441 927 87 30 utan
549 927 173 30 samband
742 927 81 31 med
845 926 183 37 jordbruk,
1048 928 108 35 något
1178 937 74 21 som
1273 927 211 31 kommittén
1505 927 90 31 fann

90 977 201 37 motiverat,
317 977 156 32 förutom
496 988 46 20 av
565 978 143 36 hänsyn
733 978 56 31 till
815 978 247 37 djurskyddet,
1088 979 121 37 därav,
1234 980 55 30 att
1313 979 281 35 ifrågavarande

91 1029 226 32 verksamhet
338 1030 167 31 stundom
524 1031 113 31 måste
657 1030 99 31 bliva
774 1031 12 29 i
807 1031 70 35 hög
899 1031 90 35 grad
1010 1031 271 36 oregelbunden.

131 1081 71 32 Vid
229 1082 78 30 1919
334 1083 58 30 års
419 1082 151 37 lagtima
595 1082 148 37 riksdag
769 1083 147 31 väcktes
942 1083 96 31 inom
1064 1083 113 31 andra
1203 1083 210 31 kammaren
1439 1093 45 21 av
1512 1083 83 31 herr

92 1132 196 33 Carlström
310 1144 45 21 en.
376 1134 144 36 motion,
544 1144 42 21 nr
609 1135 68 36 252,
700 1135 12 30 i
736 1135 123 31 vilken
881 1134 109 32 bland
1014 1138 111 28 annat
1147 1135 230 31 hemställdes
1400 1145 55 21 om
1477 1135 118 31 utred-

91 1185 88 37 ning
202 1186 185 36 angående
412 1186 233 36 möjligheten
669 1189 53 29 att
748 1189 92 29 även
864 1187 63 31 vid
951 1187 209 36 jordbruket
1184 1187 122 31 införa
1330 1187 187 31 förkortad
1541 1197 54 20 ar-

92 1238 158 37 betsdag.
289 1239 19 30 I
328 1239 350 31 överensstämmelse
699 1240 80 30 med
799 1239 216 32 hemställan
1031 1250 45 20 av
1097 1239 367 36 jordbruksutskottet
1484 1239 12 31 i
1518 1239 78 31 dess

93 1290 186 32 utlåtande
300 1301 43 20 nr
365 1291 48 36 27,
434 1291 81 31 vari
536 1291 175 32 utskottet
732 1291 172 37 uttalade,
927 1292 53 31 att
1002 1292 57 30 det
1082 1301 82 21 vore
1187 1291 78 31 skäl
1288 1293 53 29 att
1364 1291 159 32 avvakta
1545 1301 51 21 re-

93 1342 148 32 sultatet
262 1353 46 20 av
329 1343 422 31 arbetstidskommitténs
774 1344 136 36 förslag
933 1344 55 31 till
1009 1343 238 32 arbetstidens
1267 1343 252 37 begränsning,
1542 1344 54 30 be-

93 1395 68 30 slöt
180 1395 204 36 riksdagen,
407 1396 54 30 att
483 1395 181 31 motionen
687 1395 32 36 ej
743 1396 114 30 skulle
882 1396 186 30 föranleda
1092 1396 55 30 1till
1171 1397 118 34 någon
1311 1395 211 36 riksdagens
1546 1397 50 29 åt-

93 1447 99 35 gärd.

134 1499 63 30 Ett
212 1504 46 31 på
275 1499 422 31 arbetstidskommitténs
715 1500 225 30 betänkande
958 1500 111 36 byggt
1089 1499 133 36 förslag
1240 1499 57 31 till
1314 1500 59 35 lag
1391 1509 55 21 om
1465 1500 132 30 arbets-

94 1550 116 32 tidens
233 1551 242 36 begränsning
501 1551 193 31 framlades
718 1562 45 20 av
789 1551 134 36 Kungl.
945 1551 109 36 Maj:t
1079 1560 125 27 genom
1227 1551 223 36 proposition
1473 1561 42 20 nur
1539 1551 59 29 247

94 1602 57 31 till
170 1612 137 22 samma
326 1603 157 36 riksdag.
523 1603 18 31 I
560 1603 173 31 samband
752 1604 80 30 med
851 1603 265 36 propositionen
1136 1603 128 31 väckte
1284 1603 82 30 herr
1386 1602 212 37 Lindhagen

94 1655 95 31 inom
214 1655 113 31 första
351 1655 207 31 kammaren
583 1665 44 21 en
650 1655 143 36 motion,
817 1665 44 21 ur
884 1656 68 35 214,
975 1655 80 31 med
1078 1654 224 37 hemställan,
1326 1655 54 30 att
1404 1655 194 36 riksdagen

95 1707 79 31 med
196 1707 194 36 anledning
417 1718 45 20 av
487 1707 265 36 propositionen
777 1707 86 31 ville
888 1707 63 31 hos
976 1707 133 35 Kungl.
1134 1707 110 36 Maj:t
1270 1706 156 36 anhålla,
1451 1708 54 30 att
1531 1706 67 32 den

95 1761 88 29 nära
211 1760 146 31 därmed
383 1759 362 36 sammanhängande,
773 1760 11 30 i
812 1760 77 30 1907
918 1761 58 29 års
1001 1759 165 36 riksdags
1193 1759 173 31 skrivelse
1392 1758 207 32 inneslutna

96 1812 130 34 frågan
245 1812 152 31 rörande
418 1811 242 36 begränsning
680 1822 45 20 av
747 1811 288 31 lantarbetarnas
1056 1811 174 31 arbetstid
1248 1812 111 30 måtte
1381 1821 56 20 om
1455 1810 144 36 möjligt

94 1863 63 31 vid
180 1863 244 36 nästföljande
447 1863 148 36 riksdag
619 1863 222 36 framläggas
864 1863 59 31 till
947 1863 213 36 avgörande.
1202 1863 69 30 Det
1296 1871 127 27 genom
1443 1862 155 36 proposi-

96 1915 120 31 tionen
236 1915 206 36 framlagda
462 1915 235 36 lagförslaget
718 1915 124 30 förföll
863 1924 126 27 genom
1008 1915 212 30 kamrarnas
1240 1914 214 36 skiljaktiga
1474 1913 125 31 beslut.

97 1967 81 30 Teke
197 1967 111 30 heller
327 1967 82 30 herr
428 1967 229 35 Lindhagens
676 1967 134 30 motion
829 1976 98 21 vann
946 1966 210 36 riksdagens
1175 1966 116 31 bifall.

136 2019 72 30 Vid
226 2028 137 21 samma
381 2018 148 36 riksdag
547 2018 210 31 hemställde
776 2018 82 31 herr
878 2018 188 36 Sjölander
1087 2019 11 29 i
1116 2018 180 30 motionen
1315 2028 42 19 nr
1377 2018 58 29 288
1455 2017 11 30 i
1486 2017 113 31 andra

96 2071 217 35 kammaren,
337 2072 54 30 att
414 2070 193 36 riksdagen
632 2071 110 30 måtte
765 2070 11 30 i
801 2070 172 31 skrivelse
998 2070 55 31 till
1079 2070 133 35 Kungl.
1239 2069 110 36 Maj:t
1374 2069 147 31 anhålla
1544 2078 56 21 om

97 2122 194 36 skyndsam
316 2122 203 36 utredning,
544 2122 181 31 huruvida
751 2122 64 31 och
841 2123 10 29 i
879 2122 121 31 vilken
1026 2122 251 35 utsträckning
1304 2131 44 21 en
1372 2120 228 31 maximalar-

97 2174 130 31 betstid
263 2175 110 30 måtte
409 2175 212 30 bestimmas
657 2175 55 29 för
747 2174 164 31 arbetare
947 2174 94 30 inom
1078 2173 307 36 jordbruksyrket,
1420 2175 92 28 samt
1547 2173 54 30 alt

97 2226 134 35 Kungl.
256 2226 112 36 Maj:t
393 2226 157 31 därefter
575 2227 111 29 måtte
711 2226 55 30 för
790 2225 194 36 riksdagen
1010 2226 203 35 framlägga
1238 2225 42 30 de
1307 2225 144 35 förslag,
1476 2223 125 32 vartill

98 2277 116 31 denna
231 2277 195 35 utredning
444 2278 118 30 kunde
581 2278 196 30 föranleda.
797 2278 17 29 I
834 2277 195 35 anledning
1048 2287 45 20 av
1112 2277 115 30 denna
1246 2277 62 30 och
1329 2286 43 20 en
1392 2285 121 21 annan
1530 2285 71 20 mo-

98 2329 74 31 tion
194 2348 39 3 —
255 2339 43 20 nr
319 2329 59 30 287
401 2329 11 30 i
435 2329 115 31 andra
573 2329 209 30 kammaren
804 2340 45 19 av
873 2329 81 30 herr
977 2329 177 30 Lindman
1176 2338 44 20 m.
1243 2328 38 30 fl.
1305 2328 184 35 angående
1512 2327 90 30 skri-

98 2381 94 31 velse
216 2381 56 30 till
295 2380 134 36 Kungl.
453 2380 109 36 Maj:t
585 2381 77 30 med
687 2381 168 35 begäran,
877 2382 53 29 att
953 2381 134 34 Kungl.
1111 2379 104 36 Maj:t
1242 2380 111 30 måtte
1377 2380 74 29 låta
1474 2379 128 30 ulreda

99 2432 356 35 lantarbetarfrågan
480 2452 3 2 —
527 2432 209 31 hemställde
754 2432 113 30 andra
884 2432 225 30 kammarens
1126 2431 116 35 fjärde
1261 2430 189 35 tillfälliga
1465 2430 137 31 utskott

101 2486 7 29 i
132 2485 185 30 ntlåtande
338 2494 42 20 nr
402 2484 27 37 8,
450 2485 52 29 att
524 2484 111 30 andra
658 2483 204 30 kammaren
889 2484 53 29 för
964 2483 52 31 sin
1041 2483 51 30 del
1117 2482 83 30 ville
1225 2483 145 32 besluta,
1392 2483 48 30 att
1466 2482 135 30 riksda-

1623 1089 112 29 Lagtima
1759 1089 64 23 riks-

1629 1125 76 28 dagen
1727 1127 75 22 1919,
