1894 2778
274 152 40 30 90
673 152 392 30 Jordbruksutskottets
1090 152 182 31 utlåtande
1296 161 45 21 nr
1366 153 30 31 1.

326 236 187 31 Utskottet.
536 236 178 30 Utskottet
735 236 196 39 tillstyrker
953 236 126 40 Kungl.
1102 236 127 40 Maj:ts
1251 236 133 40 förslag
1406 237 66 30 och
1493 236 213 35 hemställer,

635 288 52 28 att
708 286 189 39 riksdagen
919 287 60 29 må

632 336 37 34 a)
697 336 212 40 bemyndiga
930 336 126 40 Kungl.
1080 337 109 39 Maj:t
1212 338 51 30 att
1287 337 56 30 för
1366 337 308 40 undersökningar
1697 339 97 29 inom

589 386 423 31 sötvattenslaboratoriet
1041 387 178 30 fastställa
1248 387 392 40 personalförteckning
1670 389 124 38 uppta-

594 437 111 38 gande
726 437 42 29 de
787 436 163 40 tjänster,
973 446 75 21 som
1070 437 152 39 angivits
1242 437 13 29 i
1274 437 282 40 propositionen;

630 486 39 34 b)
697 487 52 30 till
772 487 311 39 Fiskeristyrelsen
1107 488 82 31 med
1211 489 135 29 statens
1369 487 267 40 fiskeriförsök:
1663 488 131 30 Under-

588 537 193 40 sökningar
804 537 96 32 inom
925 538 424 32 sötvattenslaboratoriet
1374 537 57 31 för
1454 537 206 40 budgetåret
1689 538 106 35 1952/

590 587 42 30 53
654 587 122 30 anvisa
798 589 49 29 ett
870 587 361 40 reservationsanslag
1254 597 43 22 av
1322 588 62 30 100
1407 588 143 30 kronor.

324 737 120 34 119:0)
471 738 354 29 Fiskeriintendenter
845 747 45 20 m.
916 747 59 20 m.:
1001 738 224 37 Avlöningar.
1247 738 174 30 Utskottet
1440 756 43 3 —
1504 748 75 20 som
1600 738 195 40 tillstyrker

279 787 127 39 Kungl.
427 787 125 40 Maj:ts
572 788 264 39 framställning
856 788 114 29 under
991 788 160 40 punkten
1174 788 61 31 142
1263 788 44 34 (s.
1329 788 210 34 251—252),
1562 790 51 29 att
1635 789 158 39 anslaget

278 838 45 39 på
347 838 115 39 grund
484 847 44 21 av
549 838 431 39 löneklassförändringar
1002 839 66 29 och
1091 839 58 31 det
1174 838 130 40 rörliga
1328 838 176 40 tilläggets
1528 838 150 40 höjning
1702 839 91 30 skall

279 888 206 40 uppräknas
504 888 80 30 med
609 888 40 30 18
662 888 63 30 200
746 889 133 29 kronor
899 888 54 30 till
977 888 62 30 140
1052 888 65 31 400
1140 889 133 30 kronor
1293 907 45 3 -—
1357 889 216 34 hemställer,

638 940 52 28 att
714 939 190 39 riksdagen
928 938 59 31 må

631 989 37 34 a)
698 989 177 30 fastställa
898 989 159 40 följande
1083 990 256 39 avlöningsstat
1363 990 57 31 för
1444 990 350 30 fiskeriintendenter

585 1049 48 22 m.
660 1049 57 24 m.,
746 1041 51 28 att
823 1040 181 40 tillämpas
1031 1040 72 29 tills
1130 1040 121 30 vidare
1278 1040 82 30 från
1387 1041 66 30 och
1479 1041 81 29 med
1586 1040 206 41 budgetåret

589 1090 167 37 1952/53:

1036 1156 277 41 Avlöningsstat.

588 1224 28 29 1.
643 1223 214 39 Avlöningar
891 1223 54 30 till
976 1223 177 30 ordinarie
1184 1224 231 39 tjänstemän,
1447 1224 167 40 förslags-

686 1274 50 30 VIS
774 1297 834 8 merrerersereers
1107 1269 38 50 es
1157 1269 32 50 rr
1197 1269 57 50 rer
1266 1269 57 50 rer
1335 1269 32 50 rr
1382 1269 29 50 rr
1422 1269 35 50 sr
1469 1269 32 50 ss
1525 1269 86 50 rss
1642 1275 62 30 102
1719 1275 63 31 000

585 1324 31 30 2.
642 1324 146 34 Arvode,
812 1324 154 31 bestämt
991 1334 43 21 av
1059 1325 128 39 Kungl.
1213 1325 107 40 Maj:t
1354 1349 254 7 ............
1684 1326 19 30 6
1718 1326 63 31 000

585 1374 30 30 3.
641 1374 214 40 Avlöningar
874 1375 54 30 till
945 1375 97 39 övrig
1059 1375 273 31 icke-ordinarie
1349 1376 176 40 personal,
1543 1377 72 39 för-

684 1425 147 40 SÅAQSVÅS
864 1449 745 7 merseerserraerreererrr
1289 1421 35 49 er
1338 1421 74 49 ters
1427 1421 34 49 rr
1473 1421 31 49 rr
1516 1421 95 49 reses
1664 1426 42 31 38
1722 1427 62 30 100

584 1475 30 30 4,
641 1475 133 40 Rörligt
792 1476 132 40 tillägg,
943 1476 206 40 förslagsvis
1178 1501 432 6 ossssessrrserse
1514 1471 32 50 rr
1558 1471 57 50 roa
1664 1478 41 30 39
1720 1478 63 30 800

1311 1553 146 30 Summa
1483 1553 131 30 kronor
1641 1553 61 31 185
1716 1554 64 30 900

777 1634 263 31 Särskilda
1072 1636 441 40 uppbördsmedel.

583 1701 130 40 Bidrag
730 1711 42 21 av
789 1702 95 30 vissa
901 1702 108 30 fiske-
1029 1703 65 29 och
1112 1703 399 39 arrendeavgiftsmedel
1536 1728 73 6 ....
1662 1704 42 31 45
1718 1705 64 30 500

1236 1753 220 70 Nettoutgift
1477 1759 130 51 kronor
1634 1780 61 31 140
1709 1759 81 57 400;

629 1869 38 35 b)
697 1869 53 30 till
773 1870 366 31 Fiskertiintendenter
1163 1881 46 21 m.
1237 1881 63 20 m.:
1325 1872 219 40 Avlöningar
1568 1873 55 30 för
1647 1873 145 39 budget-

584 1919 75 30 året
683 1920 149 35 1952/53
856 1921 123 30 anvisa
1001 1922 48 30 ett
1072 1921 277 41 förslagsanslag
1371 1932 44 21 av
1442 1922 62 31 140
1518 1923 64 31 400
1604 1923 141 30 kronor.

319 2062 117 34 120:0)
469 2063 354 30 Fiskeriintendenter
852 2074 45 20 m.
926 2074 60 20 m.:
1018 2065 267 30 Omkostnader.
1325 2065 13 29 I
1368 2065 155 40 enlighet
1551 2067 81 29 med
1661 2066 126 39 Kungl.

274 2112 127 38 Maj:ts
421 2112 265 40 framställning
704 2113 111 29 under
834 2114 163 39 punkten
1019 2114 61 30 143
1107 2114 43 34 (s.
1172 2115 193 34 252—253)
1389 2134 46 3 —
1453 2116 245 30 innefattande
1719 2126 71 21 me-

275 2162 265 40 delsanvisning
561 2174 43 20 av
625 2164 48 28 ett
695 2164 79 29 med
795 2164 19 29 2
828 2164 64 29 000
913 2164 132 30 kronor
1067 2165 78 39 höjt
1167 2165 126 40 belopp
1313 2184 46 3 —
1379 2166 205 30 hemställer
1606 2167 182 34 utskottet,

632 2215 51 28 att
704 2214 189 39 riksdagen
917 2215 60 29 må
1000 2215 53 29 till
1077 2215 365 31 Fiskeriintendenter
1464 2227 46 20 m.
1536 2226 63 20 m.:
1627 2217 164 30 Omkost-

587 2264 111 30 nader
724 2264 56 30 för
805 2265 208 39 budgetåret
1040 2265 152 36 1952/53
1219 2266 122 30 anvisa
1368 2268 49 30 ett
1445 2266 276 42 förslagsanslag
1747 2278 43 21 av

588 2314 44 30 30
645 2314 63 30 000
728 2315 142 30 kronor.
1036 2344 5 4 :
