1896 2786
505 156 392 30 Jordbruksutskottets
923 156 181 31 utlåtande
1128 165 45 21 nr
1197 157 28 28 1.
1569 155 58 30 151

108 240 228 30 arbetskraft.
381 240 178 30 Utskottet
604 240 194 40 tillstyrker
844 240 131 35 därför,
1022 242 51 28 att
1119 240 158 39 anslaget
1322 240 207 40 uppräknas
1575 238 53 31 till

110 290 98 30 2100
223 290 63 30 000
308 291 132 30 kronor
462 292 11 29 i
496 290 154 40 enlighet
673 291 80 30 med
775 292 67 29 vad
866 300 76 21 som
965 290 150 32 föreslås
1138 290 11 30 i
1172 289 222 31 motionerna
1419 290 30 29 I:
1475 289 63 30 227
1563 289 66 31 och

110 341 46 29 II:
177 340 76 31 300.

152 391 55 31 Då
228 392 172 31 utskottet
423 392 11 29 i
457 391 113 40 övrigt
592 392 76 31 icke
691 392 65 29 har
780 392 116 39 någon
919 391 142 30 erinran
1085 393 74 28 mot
1182 391 127 40 Kungl.
1334 390 126 40 Maj:ts
1484 390 142 40 förslag,

108 441 205 31 hemställer
333 442 183 34 utskottet,

466 493 52 28 att
541 492 190 39 riksdagen
754 492 59 30 må
834 509 44 3 -—
900 492 12 29 i
935 491 192 40 anledning
1150 501 43 21 av
1216 491 128 39 Kungl.
1369 491 126 39 Maj:ts
1519 491 109 30 fram-

421 542 171 40 ställning
609 542 106 37 jämte
733 542 221 30 motionerna
976 541 28 30 I:
1019 541 61 30 228
1100 541 65 31 och
1185 541 46 30 II:
1246 541 59 30 301
1331 543 88 29 samt
1439 541 29 30 I:
1483 541 61 30 229
1563 540 66 31 och

421 593 46 29 II:
484 592 75 37 304,
580 592 243 30 förstnämnda
842 592 59 29 två
920 592 174 31 motioner
1115 592 103 32 såvitt
1238 601 48 20 nu
1307 593 38 28 är
1365 592 11 29 i
1397 592 109 37 fråga,
1526 593 102 29 även-

421 652 76 21 som
519 644 80 29 med
616 643 100 30 bifall
734 644 11 28 i
764 644 116 29 denna
898 643 56 30 del
972 643 54 30 till
1042 643 224 30 motionerna
1286 643 28 29 1:
1331 643 62 29 227
1414 643 66 29 och
1500 643 46 29 II:
1563 642 63 31 300

420 711 45 3 —
485 694 54 29 till
559 694 199 39 Skogsvård
778 703 46 21 m.
844 703 64 20 m.:
933 694 86 39 Väg-
1039 694 64 30 och
1123 693 365 40 flottledsbyggnader
1507 693 20 30 å
1548 693 80 30 sko-

419 754 63 29 gar
502 745 11 29 i
534 744 139 31 enskild
692 745 65 39 ägo
778 744 55 30 för
854 744 208 39 budgetåret
1085 743 152 36 1952/53
1259 744 123 30 anvisa
1403 745 49 28 ett
1473 752 155 21 reserva-

420 795 221 40 tionsanslag
669 804 43 21 av
739 795 18 29 2
774 795 62 30 100
851 795 63 30 000
943 795 181 34 kronor.>;

151 869 39 34 b)
221 879 43 20 av
287 870 122 30 herrar
432 871 90 29 Bror
541 870 142 31 Nilsson
707 870 66 30 och
795 871 176 29 Svensson
995 870 12 29 i
1032 870 61 34 Vä,
1117 870 96 30 vilka
1238 871 116 28 ansett
1378 871 51 28 att
1453 870 173 29 utskottet

106 920 80 30 bort
211 920 180 40 tillstyrka
417 921 224 30 motionerna
666 922 29 29 I:
712 921 63 30 229
802 921 66 30 och
894 921 46 29 II:
957 920 65 31 304
1049 923 92 27 samt
1167 922 51 28 att
1245 921 191 29 utskottets
1461 920 165 39 yttrande

108 971 64 29 och
190 971 214 30 hemställan
421 971 122 30 därför
561 972 79 29 bort
658 972 81 39 lyda
757 971 166 30 sålunda:

153 1021 73 31 »Av
253 1021 235 40 utredningen
515 1022 12 29 i
555 1022 144 30 ärendet
726 1022 99 29 torde
853 1022 150 39 framgå,
1031 1023 53 28 att
1112 1023 89 29 stort
1229 1021 114 30 behov
1370 1021 186 40 föreligger
1584 1030 43 21 av

106 1071 125 40 bidrag
246 1072 55 29 till
317 1072 385 39 skogsvägbyggnader.
719 1072 50 30 De
785 1073 11 29 i
814 1072 223 30 motionerna
1054 1072 200 30 framförda
1269 1072 207 39 yrkandena
1493 1081 57 20 om
1566 1072 62 29 ök-

107 1122 85 39 ning
212 1131 44 21 av
278 1122 157 39 anslaget
457 1132 107 30 synas
586 1122 121 31 därför
727 1132 86 21 vara
831 1122 57 31 väl
910 1123 192 38 grundade.
1125 1122 131 30 Oaktat
1277 1122 173 30 utskottet
1472 1123 39 29 är
1532 1122 96 29 med-

106 1174 93 28 vetet
224 1181 58 21 om
309 1173 309 39 nödvändigheten
643 1175 52 28 att
720 1173 158 39 iakttaga
909 1173 292 30 återhållsamhet
1227 1173 12 29 i
1265 1173 101 39 fråga
1393 1182 58 20 om
1477 1173 149 30 investe-

107 1223 130 39 ringar,
261 1222 119 31 finner
403 1223 174 30 utskottet
601 1223 53 40 sig
678 1233 43 21 av
744 1224 151 39 angivna
921 1223 77 30 skäl
1022 1223 86 30 böra
1133 1223 154 34 förorda,
1312 1224 52 29 att
1388 1223 159 39 anslaget
1570 1223 56 30 för

106 1274 103 29 nästa
224 1273 171 40 budgetår
412 1274 169 40 uppföres
598 1274 79 30 med
694 1274 19 30 2
728 1274 63 30 200
805 1274 64 30 000
887 1274 132 30 kronor
1035 1274 12 29 i
1066 1274 154 40 enlighet
1237 1274 80 29 med
1333 1274 176 39 yrkandet
1526 1274 11 29 i
1554 1282 72 21 mo-

106 1323 163 30 tionerna
290 1324 29 29 I:
334 1324 63 29 229
421 1324 66 30 och
506 1325 47 29 II:
569 1324 75 30 304.

151 1374 179 30 Utskottet
348 1374 65 30 har
431 1375 12 28 i
463 1375 113 39 övrigt
595 1375 76 30 icke
690 1375 106 39 något
814 1376 51 29 att
884 1375 119 30 erinra
1021 1377 74 28 mot
1113 1375 129 39 Kungl.
1262 1374 125 40 Maj:ts
1408 1375 135 39 förslag
1561 1374 64 30 och

106 1424 205 30 hemställer
333 1424 113 34 alltså,

464 1476 52 28 att
538 1475 190 39 riksdagen
751 1475 59 30 må
829 1492 45 3 —
899 1475 12 29 i
935 1475 192 39 anledning
1150 1484 43 21 av
1218 1475 126 39 Kungl.
1369 1474 125 40 Maj:ts
1518 1475 109 30 fram-

421 1525 169 39 ställning
617 1525 110 39 jämte
755 1525 224 30 motionerna
1006 1526 29 29 I:
1052 1525 62 30 227
1144 1526 66 29 och
1238 1525 46 30 II:
1301 1525 63 31 300
1396 1528 92 28 samt
1516 1526 29 29 I:
1562 1524 64 31 228

419 1576 66 29 och
505 1576 47 29 II:
569 1575 74 35 301,
664 1575 163 40 samtliga
847 1576 175 29 motioner
1042 1576 106 30 såvitt
1168 1585 48 21 nu
1238 1577 39 29 är
1296 1576 11 29 i
1327 1576 110 40 fråga,
1459 1577 166 30 ävensom

420 1626 81 29 med
524 1626 101 30 bifall
648 1626 53 29 till
726 1626 223 30 motionerna
973 1626 29 29 1:
1019 1626 64 30 229
1107 1626 66 30 och
1200 1627 46 29 II:
1262 1626 65 30 304
1349 1644 46 4 —
1418 1627 55 30 till
1499 1628 128 39 Skogs-

420 1676 86 30 vård
526 1686 46 21 m.
594 1686 63 21 m.:
683 1677 86 39 Väg-
790 1677 63 30 och
877 1677 365 40 flottledsbyggnader
1262 1677 20 30 å
1304 1677 129 40 skogar
1455 1678 11 29 i
1487 1678 140 30 enskild

418 1727 65 38 ägo
505 1727 56 29 för
583 1727 206 39 budgetåret
812 1727 151 35 1952/53
986 1727 124 30 anvisa
1131 1729 49 28 ett
1201 1728 362 40 reservationsanslag
1584 1738 43 20 av

420 1777 98 30 2200
533 1777 64 32 000
621 1777 162 30 kronor.»

151 1875 36 34 9)
218 1875 67 30 Vid
305 1876 160 39 punkten
489 1877 119 35 180:0)
637 1876 291 40 (Lappfogdarna
947 1886 45 20 m.
1013 1877 54 29 fL.:
1089 1877 232 40 Avlöningar)
1346 1887 42 21 av
1407 1879 81 29 herr
1508 1879 117 39 Grym.
