1894 2778
263 156 39 31 92
660 158 394 30 Jordbruksutskottets
1080 158 179 31 utlåtande
1284 168 44 20 nr
1353 160 29 30 1.

312 241 115 35 123:0)
447 242 247 36 Befrämjande
711 243 12 30 i
738 243 190 30 allmänhet
945 253 43 20 av
1006 244 304 36 fiskerinäringen.
1327 244 52 30 Av
1397 245 56 30 det
1472 245 56 29 för
1545 244 235 31 innevarande

269 291 170 39 budgetår
463 292 167 29 anvisade
655 293 158 38 anslaget
838 293 20 30 å
883 293 41 30 80
939 293 63 30 000
1027 294 131 29 kronor
1184 294 100 30 skola
1309 294 116 30 30000
1450 295 133 29 kronor
1608 294 175 31 utbetalas

270 341 115 30 såsom
415 342 214 40 statsbidrag
656 343 53 31 till
739 343 110 30 Södra
878 343 157 40 Sveriges
1065 344 288 39 fiskeriförening
1381 346 93 28 samt
1503 345 118 30 50000
1650 345 132 29 kronor

269 392 205 39 disponeras
499 392 54 32 till
575 393 123 39 bidrag
722 393 54 29 till
801 394 308 30 statsunderstödd
1134 394 446 40 utbildningsverksamhet
1605 396 46 39 på
1675 395 108 30 fiske-

270 442 221 39 rinäringens
517 443 153 30 område.
696 444 52 29 Av
769 452 44 21 en
838 444 216 30 reservation
1079 444 80 30 från
1185 444 210 39 föregående
1419 445 172 39 budgetår
1617 445 89 30 skall
1733 447 50 29 ett

268 493 125 39 belopp
415 493 20 30 å
456 493 11 29 i
490 495 84 28 runt
595 494 49 30 tal
667 494 41 29 30
720 494 64 30 000
807 494 131 30 kronor
961 495 181 30 användas
1165 494 108 40 enligt
1295 495 234 34 föreskrifter,
1554 505 75 20 som
1654 495 127 40 Kungl.

266 543 107 39 Maj:t
390 544 182 30 meddelar
590 544 56 29 för
664 544 100 39 varje
784 544 144 30 särskilt
949 544 74 31 fall.

311 594 125 38 Kungl.
462 594 108 39 Maj:t
593 594 64 30 har
681 595 113 29 under
815 595 161 39 punkten
1002 595 62 30 146
1095 595 43 34 (s.
1164 595 192 35 254—256)
1386 595 182 40 föreslagit
1592 596 189 40 riksdagen

266 645 51 29 att
336 644 55 30 för
409 645 105 30 nästa
531 644 171 40 budgetår
722 645 124 30 anvisa
863 647 49 29 ett
930 646 82 29 med
1032 646 41 30 53
1088 646 63 29 000
1171 646 131 30 kronor
1321 646 54 30 till
1397 646 62 30 133
1474 646 64 30 000
1559 647 132 30 kronor
1711 647 72 30 för-

264 694 78 40 höjt
361 694 132 40 anslag.
516 695 52 30 Av
586 696 96 29 detta
701 695 123 39 anslag
843 696 45 29 ha
909 697 131 29 avsetts
1061 696 41 30 33
1117 696 63 30 000
1199 696 133 30 kronor
1353 696 117 30 såsom
1492 696 214 41 statsbidrag
1726 697 54 31 till

267 745 109 30 Södra
403 745 158 39 Sveriges
591 745 299 40 fiskeriförening,
920 746 42 30 60
976 746 64 30 000
1070 746 131 30 kronor
1229 746 53 30 till
1313 746 124 40 bidrag
1465 747 53 29 till
1547 747 236 40 utbildnings-

265 795 281 34 verksamheten,
566 795 42 30 30
620 795 63 31 000
702 796 132 29 kronor
852 796 54 30 till
925 796 127 40 Kungl.
1073 796 125 40 Maj:ts
1217 796 211 41 disposition
1448 799 93 28 samt
1564 797 39 30 10
1618 797 63 30 000
1701 798 82 29 kro-

264 854 65 21 nor
354 845 53 30 till
432 846 230 30 anordnande
688 855 44 21 av
756 855 45 21 en
825 846 341 40 fortbildningskurs
1192 846 55 31 för
1274 847 436 40 länsfiskeritjänstemän.

311 920 187 31 Utskottet.
523 921 178 30 Utskottet
722 921 195 39 tillstyrker
939 921 128 40 Kungl.
1090 921 125 40 Maj:ts
1240 921 264 41 framställning
1527 923 65 30 och
1615 922 167 30 hemstäl-

265 970 51 30 ler
334 970 113 35 alltså,

619 1023 51 28 att
691 1021 189 39 riksdagen
902 1022 58 30 må
981 1022 54 30 till
1056 1022 251 41 Befrämjande
1330 1023 11 29 i
1361 1022 196 32 allmänhet
1577 1032 43 21 av
1640 1023 142 40 fiskeri-

579 1072 172 39 näringen
784 1072 55 30 för
871 1072 207 39 budgetåret
1112 1073 150 35 1952/53
1296 1072 122 32 anvisa
1449 1075 50 28 ett
1532 1073 251 31 reservations-

578 1122 122 39 anslag
719 1132 44 20 av
784 1122 61 30 133
860 1122 63 30 000
941 1122 143 31 kronor.

310 1272 115 36 124:0)
452 1273 209 37 Avsättning
680 1274 54 30 till
754 1274 132 30 fonden
905 1275 57 29 för
982 1275 242 35 befrämjande
1244 1284 43 21 av
1308 1276 92 29 fiske
1420 1276 44 35 på
1485 1276 166 35 avlägsna
1673 1275 108 30 fiske-

264 1325 126 28 vatten.
413 1323 128 39 Kungl.
564 1323 107 40 Maj:t
694 1324 66 30 har
782 1324 112 30 under
917 1325 162 39 punkten
1104 1324 60 30 147
1194 1325 44 34 (s.
1262 1325 193 35 257—258)
1484 1324 182 40 föreslagit
1689 1325 91 29 riks-

264 1373 113 39 dagen
398 1375 51 28 att
471 1374 57 29 för
550 1374 102 29 nästa
671 1374 171 39 budgetår
864 1374 122 31 anvisa
1008 1376 49 28 ett
1079 1375 122 39 anslag
1222 1384 43 20 av
1286 1374 42 30 40
1343 1375 63 29 000
1429 1376 143 33 kronor,
1594 1375 108 30 vilket
1724 1375 57 29 be-

264 1423 81 40 lopp
367 1424 80 29 med
471 1424 40 30 10
526 1424 64 30 000
613 1425 131 30 kronor
766 1424 192 39 överstiger
979 1425 249 30 motsvarande
1251 1425 188 39 anvisning
1462 1425 56 30 för
1541 1425 240 30 innevarande

263 1473 180 40 budgetår.

309 1524 13 29 I
348 1524 96 30 detta
469 1525 260 39 sammanhang
752 1525 66 30 har
844 1525 172 30 utskottet
1041 1525 191 30 behandlat
1255 1535 44 20 en
1324 1526 98 29 inom
1448 1526 190 39 riksdagen
1664 1526 116 34 väckt,

263 1574 54 30 till
337 1575 173 30 utskottet
532 1575 171 30 hänvisad
726 1575 145 34 motion,
894 1575 179 40 nämligen
1094 1576 46 29 II:
1158 1576 38 30 77
1221 1585 44 21 av
1284 1576 83 29 herr
1387 1577 156 38 Staxäng
1564 1588 46 20 m.
1632 1576 50 40 fl.,
1704 1576 76 31 vari

263 1627 210 34 hemställts,
496 1628 51 29 att
568 1627 189 39 riksdagen
779 1627 109 31 måtte
909 1627 138 31 besluta
1068 1627 74 30 dels
1163 1628 51 29 att
1235 1627 121 31 anvisa
1378 1629 49 29 ett
1449 1627 123 40 anslag
1592 1628 46 39 på
1659 1627 41 30 60
1715 1627 64 30 000

263 1675 132 30 kronor
419 1676 54 29 till
498 1676 133 30 fonden
656 1676 55 30 för
734 1676 248 40 befrämjande
1008 1686 43 20 av
1076 1676 91 30 fiske
1190 1677 47 39 på
1262 1677 166 39 avlägsna
1455 1677 224 34 fiskevatten,
1705 1677 75 30 dels

263 1726 66 29 ock
354 1726 12 28 i
394 1726 169 30 skrivelse
591 1726 53 31 till
670 1727 206 39 regeringen
901 1726 129 40 begära
1060 1727 192 39 skyndsam
1279 1727 190 39 utredning
1496 1737 44 21 av
1567 1727 126 39 frågan
1721 1737 58 20 om

263 1777 229 38 statsgaranti
516 1777 56 29 för
596 1777 245 30 försöksfiske.

307 1826 230 30 Beträffande
556 1827 41 29 de
617 1827 86 34 skäl,
722 1836 76 20 som
817 1827 137 30 anförts
972 1827 54 30 till
1047 1827 76 31 stöd
1143 1827 55 30 för
1216 1828 191 32 motionen,
1429 1827 54 30 får
1503 1829 173 29 utskottet
1693 1828 86 30 hän-

262 1877 75 30 visa
356 1877 53 29 till
429 1877 127 30 denna.

307 1952 312 39 Fiskeristyrelsen
649 1953 81 30 med
760 1954 134 29 statens
923 1953 251 40 fiskeriförsök
1206 1953 65 30 har
1301 1953 12 29 i
1346 1954 77 30 sina
1453 1954 326 39 anslagsäskanden

262 2002 190 34 hemställt,
482 2004 51 28 att
561 2003 158 38 anslaget
748 2003 90 30 skall
866 2003 104 39 höjas
997 2003 82 30 med
1106 2003 41 30 60
1161 2003 63 30 000
1251 2004 142 30 kronor.
1423 2004 178 39 Styrelsen
1629 2003 149 31 föreslår

262 2052 128 34 vidare,
411 2054 50 28 att
482 2061 44 21 en
545 2052 59 30 vid
626 2053 81 29 1951
729 2053 58 30 års
808 2053 144 39 riksdag
971 2053 105 30 väckt
1096 2053 100 39 fråga
1216 2063 58 20 om
1295 2054 190 39 utredning
1505 2054 150 30 rörande
1675 2055 104 29 stats-

262 2103 137 39 garanti
420 2103 56 30 för
497 2103 236 30 försöksfiske
755 2105 46 38 på
821 2104 167 39 avlägsna
1009 2103 213 30 fiskevatten
1245 2104 89 30 skall
1356 2106 174 38 upptagas
1551 2104 54 30 till
1626 2104 152 40 förnyad

261 2153 182 40 prövning.

307 2204 177 39 Styrelsen
503 2204 190 30 motiverar
712 2203 168 40 förslaget
899 2213 57 21 om
976 2204 134 39 ökning
1128 2214 43 20 av
1190 2204 157 40 anslaget
1366 2205 80 30 med
1467 2207 51 28 att
1538 2205 160 39 stegrade
1716 2214 63 21 an-

263 2254 106 40 språk
393 2254 46 39 på
464 2254 274 30 understödslån
763 2254 123 30 kunna
911 2254 183 30 förväntas
1119 2255 46 39 på
1190 2256 115 38 grund
1329 2264 42 23 av
1397 2257 52 28 att
1474 2255 305 30 lånebestämmel-

263 2313 102 22 serna
387 2305 142 39 nyligen
550 2305 144 29 ändrats
722 2304 125 39 (kung.
870 2314 42 20 nr
935 2304 193 36 205/1951)
1156 2305 39 30 så
1217 2307 51 29 att
1289 2305 59 31 lån
1370 2314 150 21 numera
1542 2306 90 30 skall
1655 2306 123 30 kunna

261 2355 84 39 utgå
364 2355 87 29 även
472 2355 54 29 till
546 2355 112 30 andra
678 2355 166 29 ändamål
866 2356 45 28 än
932 2354 238 31 anskaffande
1191 2365 43 21 av
1254 2355 237 40 fiskredskap.

306 2406 231 31 Beträffande
559 2405 167 40 förslaget
748 2415 59 21 om
829 2405 191 41 utredning
1041 2406 150 31 rörande
1214 2406 228 40 statsgaranti
1464 2407 57 30 för
1543 2407 237 31 försöksfiske

262 2456 44 39 på
333 2456 167 39 avlägsna
527 2455 213 31 fiskevatten
767 2455 137 30 erinrar
932 2455 172 39 styrelsen
1131 2464 57 21 om
1216 2457 51 29 att
1293 2455 369 40 jordbruksutskottet
1699 2456 79 35 (utl.
