1898 2778
274 171 60 30 130
675 168 393 31 Jordbruksutskottets
1093 166 181 31 utlåtande
1298 175 44 22 nr
1367 166 28 31 1.

589 253 29 30 3.
644 253 215 39 Avlöningar
895 251 53 31 till
986 250 271 31 icke-ordinarie
1293 250 174 40 personal,
1504 249 72 40 för-

689 303 148 39 SlaGgSViS
873 323 699 10 mesersassereesrrrr
1254 297 35 49 rr
1300 297 78 49 torr
1389 297 31 49 rr
1435 297 31 49 tr
1478 297 31 49 rr
1530 297 47 49 ts
1605 300 15 29 1
1637 298 64 31 003
1715 299 65 30 300

590 354 30 28 4.
646 353 136 39 Rörligt
802 353 128 39 tillägg,
950 351 207 41 förslagsvis
1185 373 387 8 .......s.»ses-re-->
1637 349 64 30 779
1715 349 65 30 200

1271 403 300 54 SA
1597 424 18 31 3
1632 424 58 30 197
1710 402 79 57 500;

635 522 35 32 ec)
701 521 53 29 till
779 519 393 31 Lantmäterikontoren
1201 520 11 30 i
1237 519 122 30 länen:
1385 517 215 39 Avlöningar
1625 517 55 30 för
1704 516 89 30 bud-

593 571 131 39 getåret
751 570 149 36 1952/53
925 569 123 30 anvisa
1073 571 47 28 ett
1145 568 277 40 förslagsanslag
1447 577 42 21 av
1512 567 19 30 3
1548 566 60 31 197
1624 566 63 31 500
1713 567 81 30 kro-

592 631 74 20 nor.

330 757 118 35 162:0)
482 756 385 31 Lantmäterikontoren
896 755 11 29 i
935 755 118 29 länen:
1084 753 266 31 Omkostnader.
1379 752 126 39 Kungl.
1535 751 125 39 Maj:ts
1689 750 110 30 fram-

282 808 167 41 ställning
469 808 112 30 under
599 807 162 41 punkten
783 806 61 30 193
870 806 42 34 (s.
933 805 193 34 347—349)
1151 805 195 30 innefattar
1365 814 43 20 en
1427 803 150 41 höjning
1596 812 42 21 av
1657 803 58 30 det
1735 811 65 21 nu-

281 859 154 30 varande
458 858 158 40 anslaget
639 858 80 30 med
746 857 62 30 120
823 857 62 30 000
909 856 133 30 kronor
1066 856 52 30 till
1142 855 64 30 570
1221 854 64 31 000
1310 855 141 29 kronor.
1476 853 202 40 Höjningen
1702 853 99 29 inne-

281 909 74 35 bär,
374 908 52 31 att
442 909 54 30 till
514 908 125 41 posten
656 907 152 36 bränsle,
827 908 73 39 lyse
917 907 67 30 och
1001 908 121 29 vatten
1139 905 142 31 anvisas
1301 904 40 31 75
1356 904 64 31 000
1438 905 131 29 kronor
1588 906 73 28 mot
1678 902 41 31 65
1734 902 66 30 000

283 960 130 30 kronor
429 960 56 31 för
502 959 238 30 innevarande
757 957 179 41 budgetår,
955 959 51 29 att
1022 958 125 39 posten
1163 955 317 40 reseersättningar
1496 955 206 40 uppräknas
1719 954 81 30 med

283 1010 42 30 40
339 1010 63 30 000
422 1010 141 35 kronor,
583 1011 52 29 att
653 1009 56 30 för
728 1008 206 40 utrustning
952 1017 43 21 av
1013 1007 244 30 länskontoret
1275 1006 12 30 i
1305 1005 315 31 Västernorrlands
1639 1004 60 30 län
1718 1004 83 30 stäl-

283 1060 50 31 les
349 1061 53 29 till
420 1060 209 39 förfogande
646 1060 50 29 ett
715 1059 40 30 10
770 1058 63 30 000
850 1059 131 30 kronor
998 1058 107 38 högre
1122 1057 126 40 belopp
1266 1057 47 30 än
1330 1065 78 21 som
1423 1056 190 30 beräknats
1630 1055 56 30 för
1703 1054 99 30 inne-

283 1111 153 30 varande
454 1110 181 40 budgetår,
653 1112 53 28 att
726 1109 42 30 20
783 1108 62 30 000
865 1108 132 30 kronor
1015 1117 99 22 avses
1133 1107 56 30 för
1207 1105 242 42 upprustning
1464 1114 45 22 av
1526 1106 244 29 länskontoret
1788 1104 13 30 i

284 1160 166 39 Blekinge
474 1160 59 29 län
557 1162 91 28 samt
671 1160 51 29 att
745 1158 54 30 till
826 1158 118 38 övriga
967 1165 169 32 expenser
1159 1156 92 30 skall
1274 1156 207 39 disponeras
1504 1156 48 28 ett
1576 1154 80 30 med
1680 1153 41 30 40
1736 1153 65 31 000

283 1211 132 30 kronor
437 1210 137 40 förhöjt
593 1209 137 41 belopp.

330 1285 186 31 Utskottet.
542 1286 178 30 Utskottet
742 1285 155 30 biträder
921 1283 312 40 framställningen
1257 1283 66 30 och
1346 1283 204 29 hemställer
1575 1280 114 35 alltså,

640 1338 54 29 att
721 1336 189 39 riksdagen
937 1335 60 30 må
1024 1335 53 30 till
1105 1332 395 32 Lantmäterikontoren
1528 1332 13 29 i
1569 1332 121 30 länen:
1721 1330 83 30 Om-

596 1385 194 31 kostnader
815 1386 54 30 för
893 1384 208 41 budgetåret
1128 1383 150 36 1952/53
1305 1383 122 31 anvisa
1452 1385 48 28 ett
1527 1382 277 39 förslagsanslag

596 1446 42 21 av
658 1436 65 31 570
738 1436 64 30 000
824 1436 140 30 kronor.

336 1571 118 34 163:0)
498 1571 265 29 Lantmäteriets
801 1569 413 36 distriktsorganisation:
1255 1568 225 35 Avlöningar.
1518 1567 125 37 Kungl.
1683 1566 123 37 Maj:ts

286 1622 264 41 framställning
569 1623 112 30 under
701 1622 160 40 punkten
883 1620 62 31 194
971 1621 44 34 (s.
1036 1620 192 34 349—361)
1253 1619 197 31 innefattar
1467 1636 45 3 —
1531 1619 157 30 förutom
1707 1619 99 29 hem-

287 1674 128 30 ställan
443 1674 54 29 till
526 1673 190 40 riksdagen
745 1674 51 29 att
824 1672 160 40 medgiva
1013 1671 191 40 ändringar
1231 1671 13 30 i
1272 1670 436 41 personalförteckningen
1738 1669 66 30 och

287 1724 177 30 fastställa
482 1724 134 30 ändrad
636 1723 255 39 avlöningsstat
908 1739 46 4 —
971 1732 44 20 en
1033 1719 332 42 anslagsanvisning
1383 1730 42 21 av
1446 1720 37 29 11
1500 1719 62 31 207
1578 1719 63 30 000
1661 1720 142 32 kronor,

286 1775 108 30 vilket
412 1775 125 39 belopp
556 1775 80 29 med
656 1774 15 29 1
689 1773 63 30 722
767 1772 64 31 000
849 1773 131 30 kronor
999 1772 190 39 överstiger
1207 1771 249 30 motsvarande
1474 1770 188 40 anvisning
1680 1771 56 29 för
1752 1770 55 29 in-

287 1825 199 30 nevarande
506 1823 181 40 budgetår.

331 1875 14 30 I
368 1875 96 31 detta
488 1874 260 40 sammanhang
771 1874 65 30 har
860 1873 173 30 utskottet
1057 1873 191 30 behandlat
1272 1882 44 20 en
1340 1872 97 30 inom
1460 1872 208 39 riksdagens
1692 1870 113 31 andra

288 1926 182 30 kammare
489 1925 114 35 väckt,
623 1924 53 30 till
696 1924 174 30 utskottet
887 1923 174 31 hänvisad
1079 1922 145 35 motion,
1244 1932 43 21 nr
1307 1921 75 37 303,
1402 1931 43 21 av
1463 1922 128 30 fröken
1612 1921 107 38 Vinge
1739 1920 66 30 och

287 1976 82 31 herr
388 1974 140 40 Kyling,
551 1975 75 30 vari
646 1974 212 35 hemställts,
881 1976 51 28 att
954 1973 190 40 riksdagen
1166 1972 110 31 måtte
1298 1972 147 36 besluta,
1469 1973 51 29 att
1542 1972 56 30 för
1620 1972 187 29 lantmäte-

287 2026 84 31 riets
397 2023 406 44 distriktsorganisation
831 2024 38 30 77
896 2023 487 39 distriktsassistenttjänster
1409 2022 11 30 i
1445 2022 167 40 lönegrad
1639 2021 39 30 15
1706 2021 100 30 skola

287 2077 150 30 inrättas
457 2076 81 30 från
558 2076 66 30 den
646 2076 15 29 1
683 2075 68 40 juli
772 2075 84 30 1952
874 2075 13 29 i
904 2074 122 39 utbyte
1045 2075 73 29 mot
1138 2073 41 30 76
1198 2073 439 39 kanslibiträdestjänster.

333 2127 230 30 Beträffande
592 2127 41 30 de
663 2126 89 34 skäl,
782 2134 75 22 som
887 2125 138 31 anförts
1054 2124 52 30 till
1137 2124 78 30 stöd
1245 2124 56 30 för
1329 2123 190 34 motionen,
1550 2122 54 31 får
1633 2122 174 30 utskottet

288 2178 147 30 hänvisa
457 2177 53 30 till
532 2176 125 31 denna.

333 2259 392 40 Lantmäteristyrelsen
755 2260 65 31 har
849 2259 11 30 i
889 2259 77 31 sina
993 2258 330 39 anslagsäskanden
1350 2257 190 35 hemställt,
1570 2259 51 28 att
1649 2257 159 39 anslaget

289 2311 90 30 skall
403 2311 104 40 höjas
532 2312 80 29 med
637 2310 18 29 2
671 2309 65 30 044
750 2309 63 30 300
839 2309 141 30 kronor.
1007 2308 177 40 Styrelsen
1208 2308 66 30 har
1299 2307 124 31 därvid
1446 2307 107 30 bland
1578 2309 107 28 annat
1711 2307 98 28 hem-

290 2362 95 40 ställt
408 2371 57 20 om
489 2360 197 31 förbättrad
709 2358 317 41 befordringsgång
1050 2358 56 30 för
1127 2359 71 31 viss
1223 2358 313 39 kontorspersonal
1561 2360 92 27 samt
1676 2366 57 21 om
1757 2356 53 30 in-

289 2413 162 29 rättande
471 2421 46 21 av
538 2411 158 39 följande
718 2410 162 39 tjänster,
903 2408 179 40 nämligen
1105 2409 73 30 dels
1201 2408 20 30 å
1243 2408 300 30 centralkontoret
1566 2417 43 20 en
1631 2407 179 30 distrikts-

289 2461 166 31 assistent
479 2461 11 29 i
515 2461 165 38 lönegrad
710 2460 45 30 Ca
784 2459 38 30 13
846 2460 11 28 i
882 2459 116 29 stället
1023 2458 55 29 för
1102 2460 48 28 ett
1177 2457 255 31 kanslibiträde
1456 2457 11 29 i
1492 2457 166 38 lönegrad
1681 2456 48 30 Ca
1756 2455 51 33 11,
