1902 2788
522 172 394 31 Jordbruksutskottets
941 173 181 31 utlåtande
1146 183 45 21 nr
1216 174 27 30 1.
1582 175 57 30 121

166 256 285 40 Skogsstyrelsen
472 257 65 30 har
557 257 191 34 hemställt,
770 259 52 28 att
843 257 55 30 för
919 258 206 39 budgetåret
1149 259 151 35 1952/53
1322 260 91 29 skall
1434 259 142 30 anvisas

165 308 74 29 dels
260 308 50 30 till
328 309 126 31 kurser
472 309 55 29 för
544 309 255 30 virkesmätare
818 311 50 28 ett
885 309 208 31 oförändrat
1112 310 123 40 anslag
1254 320 43 21 av
1316 310 39 30 10
1370 310 63 30 000
1452 311 143 33 kronor,

165 358 75 30 dels
267 358 52 30 till
348 359 123 40 bidrag
498 359 53 29 till
579 360 94 30 vissa
702 359 204 40 föreningar
934 362 48 29 ett
1011 360 170 31 likaledes
1210 361 207 31 oförändrat
1446 361 124 40 anslag
1598 371 42 21 av

122 408 18 30 5
156 408 63 30 000
240 409 141 34 kronor,

164 458 73 29 dels
264 458 54 29 till
344 458 124 41 bidrag
494 459 53 29 till
574 459 94 30 vissa
696 459 348 40 skogsbrukskurser
1072 462 48 28 ett
1148 461 80 29 med
1256 461 63 30 200
1335 461 62 30 000
1425 461 132 30 kronor
1586 461 54 30 till

120 509 64 30 450
200 509 62 30 000
284 510 132 30 kronor
438 511 136 39 förhöjt
597 511 123 40 anslag
741 511 108 40 enligt
872 512 159 40 följande
1055 513 211 39 fördelning.

458 580 123 30 Kurstyp
600 587 36 17 m.
655 587 35 16 m.
1516 583 109 23 Kronor

120 619 307 40 Ungdomskurser
484 643 970 9 cosseeseresesererrrrersesesrrsrr
1180 615 11 51 sr
1202 615 33 51 sr
1247 615 55 51 sr
1314 615 33 51 sr
1359 615 29 51 ss
1403 615 55 51 ess
1509 623 40 30 75
1565 622 64 30 000

122 669 382 40 Skogsarbetarkurser
530 665 17 50 =
570 694 881 9 sososssssseseesseressrr
1043 665 35 50 sr
1089 665 33 50 rr
1133 665 32 50 rr
1177 665 35 50 rr
1224 665 32 50 rr
1268 665 32 50 rr
1311 665 32 50 RR
1355 665 32 50 rr
1408 665 48 50 ss
1485 672 63 31 140
1563 673 64 31 000

121 719 240 33 KÖrarkurser
412 744 595 9 o—.o..sssssrseseresesererssr
930 715 80 47 ere
1012 746 2 3 ere
1088 718 35 46 eer
1137 746 49 7 ser
1203 747 28 6 rr
1247 747 50 6 rer
1315 747 27 6 rr
1359 747 95 6 reses
1508 724 42 30 30
1565 723 65 31 000

119 769 300 32 Förmanskurser
486 794 969 10 ovssossesesrercseerrerrserssssrser
1138 765 33 48 rr
1183 765 33 48 sr
1228 765 33 48 rr
1273 765 33 48 rr
1330 765 84 48 rss
1426 765 33 48 rs
1512 774 40 30 10
1567 774 64 34 000

119 820 258 32 Kombinerade
409 821 126 31 kurser
572 845 881 10 .......ssssssseresserersersr
1177 816 36 48 sr
1222 816 60 48 res
1288 816 15 48 r
1315 816 30 48 rr
1357 816 33 48 er
1402 816 54 48 osa
1507 825 41 30 85
1564 825 64 30 000

119 870 467 33 Instruktionsverksamhet
619 896 835 9 .............sssssrssssssss
1225 866 33 48 ss
1270 866 33 48 sr
1315 866 30 48 or
1357 866 33 48 sr
1402 866 54 48 sor
1508 875 41 31 35
1564 876 65 30 000

120 921 197 41 Stipendier
338 923 53 29 till
411 922 112 31 elever
544 924 58 30 vid
622 923 94 31 vissa
738 924 346 39 skogsbrukskurser
1111 948 342 8 ................
1507 926 42 30 60
1564 926 64 30 000

119 971 132 31 Kurser
272 972 55 30 för
346 971 238 33 instruktörer
604 974 65 30 och
689 974 114 33 lärare
823 973 58 32 vid
902 975 361 31 kursverksamheten
1290 999 163 7 ........
1509 977 39 30 15
1564 977 64 30 000

1484 1051 65 31 450
1564 1051 64 31 000

164 1148 196 40 Styrelsens
381 1149 132 41 förslag
533 1150 149 30 innebär
701 1150 130 35 vidare,
853 1153 51 30 att
925 1152 58 30 det
1005 1152 311 42 stipendiebelopp,
1337 1153 108 31 vilket
1466 1163 101 21 avser
1587 1155 52 29 att

118 1199 104 31 täcka
247 1199 179 31 elevernas
450 1200 192 31 kostnader
668 1201 55 32 för
747 1202 81 30 kost
854 1202 112 30 under
991 1203 144 34 kursen,
1162 1203 91 30 skall
1278 1203 103 40 höjas
1406 1204 81 31 från
1514 1204 19 30 3
1559 1205 80 29 kro-

118 1258 65 21 nor
204 1249 52 30 till
278 1249 20 29 4
319 1250 132 30 kronor
472 1250 42 31 50
535 1251 59 30 öre
616 1260 61 32 per
698 1252 68 39 dag
787 1252 66 30 och
875 1253 84 30 elev.
982 1253 247 41 Stipendierna
1250 1254 56 30 för
1328 1254 156 31 förlorad
1507 1254 133 31 arbets-

118 1299 180 40 förtjänst,
321 1300 94 31 vilka
438 1301 39 30 år
501 1301 85 30 1949
609 1302 218 31 fastställdes
849 1302 54 30 till
925 1303 103 39 högst
1052 1303 20 30 4
1095 1304 132 30 kronor
1250 1304 55 31 för
1327 1304 76 31 icke
1427 1305 212 40 familjeför-

118 1349 135 40 sörjare
271 1350 65 30 och
353 1351 102 39 högst
473 1351 19 30 9
509 1352 133 30 kronor
660 1352 55 30 för
732 1352 346 41 familjeförsörjare,
1096 1354 149 32 föreslås
1262 1354 110 40 höjda
1388 1356 53 29 till
1460 1356 18 29 5
1498 1356 141 40 respek-

117 1399 69 31 tive
210 1400 37 30 11
271 1400 141 31 kronor.
434 1401 68 31 Till
524 1403 78 31 stöd
624 1403 56 29 för
701 1402 61 30 sitt
783 1403 135 40 förslag
937 1404 65 30 har
1024 1404 281 40 skogsstyrelsen
1326 1406 119 30 anfört
1466 1406 171 40 följande.

161 1458 285 40 Skogsstyrelsen
468 1460 60 30 vill
550 1460 92 40 ånyo
665 1460 130 31 liksom
817 1462 11 30 i
851 1462 96 31 förra
970 1462 93 31 årets
1087 1464 326 40 anslagsäskanden
1436 1465 201 35 framhålla,

115 1502 51 29 att
188 1502 57 29 det
265 1501 344 40 utbildningsbehov,
632 1512 75 21 som
729 1504 91 30 skall
840 1505 123 30 täckas
985 1514 43 21 av
1048 1505 271 41 ifrågavarande
1340 1507 134 36 kurser,
1497 1508 39 31 är
1559 1517 79 30 syn-

116 1542 157 40 nerligen
298 1543 230 31 omfattande.
555 1545 169 32 Intresset
750 1546 55 31 för
831 1546 173 32 kurserna
1030 1549 40 29 är
1095 1548 108 30 också
1228 1549 141 39 mycket
1394 1551 98 29 stort.
1520 1549 118 31 Under

115 1584 207 40 budgetåret
352 1586 148 37 1950/51
530 1588 47 32 ha
604 1588 194 30 anordnats
828 1588 40 30 10
896 1590 306 38 ungdomskurser
1229 1600 56 21 om
1314 1590 86 31 3—9
1428 1593 138 33 veckor,
1594 1591 44 30 44

115 1627 375 40 skogsarbetarkurser
515 1639 57 21 om
597 1630 109 31 minst
731 1640 43 21 en
797 1632 120 37 vecka,
943 1632 98 31 cirka
1065 1632 42 30 50
1133 1633 104 31 korta
1261 1634 376 39 skogsarbetarkurser

115 1678 57 21 om
200 1670 84 30 1-—4
309 1671 117 40 dagar,
452 1671 19 30 8
496 1671 236 32 körarkurser
756 1682 57 21 om
838 1683 43 21 en
905 1675 119 34 vecka,
1051 1674 41 30 70
1117 1675 252 31 kombinerade
1394 1677 126 30 kurser
1545 1679 93 28 samt

115 1713 107 40 rörlig
251 1713 466 34 instruktionsverksamhet
744 1716 56 30 för
829 1716 156 40 huggare
1014 1717 66 30 och
1109 1718 126 30 körare
1263 1718 46 40 på
1338 1719 298 40 arbetsplatserna

114 1753 97 32 inom
234 1755 88 31 flera
346 1756 68 30 län.
438 1756 79 31 Med
541 1756 192 41 stipendier
755 1758 53 30 till
832 1758 161 32 eleverna
1014 1759 47 31 ha
1083 1760 183 30 dessutom
1287 1761 217 30 understötts
1532 1761 39 29 16
1595 1770 42 21 av

116 1797 447 40 skogsvårdsstyrelsernas
595 1799 341 40 skogsvårdskurser
966 1802 65 29 och
1064 1801 17 30 7
1114 1802 346 40 skogsbrukskurser
1490 1812 43 22 av
1562 1804 75 29 tek-

115 1838 82 31 nisk
214 1840 169 31 karaktär
402 1842 203 30 anordnade
623 1851 43 20 av
682 1843 112 29 andra
810 1844 47 28 än
873 1844 224 37 styrelserna.
1115 1843 76 32 Vad
1209 1844 110 40 angår
1335 1845 241 40 beräkningen
1594 1855 43 21 av

115 1882 158 39 anslaget
301 1883 55 30 för
385 1884 102 30 nästa
514 1883 171 40 budgetår
713 1884 47 31 ha
786 1884 430 40 skogsvårdsstyrelserna
1243 1887 208 39 uppskattat
1480 1888 157 39 anslags-

116 1923 147 30 behovet
286 1924 56 29 för
364 1924 395 39 skogsbrukskurserna
783 1926 54 29 till
863 1926 62 29 517
941 1926 63 30 000
1028 1927 142 29 kronor.
1196 1928 92 29 Från
1312 1928 96 29 såväl
1432 1928 206 39 skogsarbe-

114 1967 120 29 tarnas
259 1976 76 20 som
359 1967 282 39 arbetsgivarnas
665 1970 283 38 representanter
971 1969 98 30 inom
1094 1971 230 38 styrelsernas
1349 1971 288 40 undervisnings-

114 2008 64 31 råd
196 2009 45 31 ha
260 2009 177 39 nämligen
456 2009 186 32 framförts
661 2011 184 30 önskemål
864 2020 57 21 om
940 2021 43 20 en
1002 2012 115 30 starkt
1135 2013 133 31 utökad
1285 2013 226 30 verksamhet
1529 2014 106 30 bland

114 2053 109 27 annat
241 2052 11 29 i
272 2051 91 39 syfte
383 2053 50 29 att
452 2052 107 39 hejda
578 2052 138 39 flykten
736 2053 79 30 från
836 2053 252 40 skogsarbetet.
1108 2053 96 31 Även
1222 2055 279 40 skogsstyrelsen
1521 2066 114 23 anser,

114 2094 51 29 att
186 2094 67 29 den
274 2093 126 31 hittills
422 2104 98 21 mera
540 2095 196 30 försöksvis
758 2095 169 31 bedrivna
948 2096 273 30 verksamheten
1242 2106 47 21 nu
1311 2097 111 30 måste
1444 2098 192 30 successivt

115 2142 57 31 ges
199 2144 42 21 en
268 2136 92 30 ökad
386 2135 225 41 omfattning.
638 2137 79 30 Med
743 2136 140 40 hänsyn
908 2138 120 29 härtill
1055 2138 149 30 föreslås
1231 2149 42 20 en
1299 2140 133 38 ökning
1458 2141 80 29 med
1564 2149 72 20 om-

114 2176 104 41 kring
243 2178 41 29 50
309 2181 145 35 procent
477 2178 151 38 jämfört
653 2180 79 29 med
757 2179 272 30 verksamheten
1054 2181 112 29 under
1192 2181 237 30 innevarande
1453 2182 181 39 budgetår.

113 2218 190 30 Dessutom
328 2220 110 29 måste
462 2220 139 39 hänsyn
627 2222 97 37 lagas
749 2222 51 28 till
825 2221 372 40 kostnadsstegringar
1220 2232 43 20 av
1286 2223 95 30 olika
1404 2225 83 37 slag.
1513 2224 123 29 Sålun-

114 2260 45 30 da
184 2260 143 31 komma
352 2261 193 39 utgifterna
572 2262 55 30 för
653 2261 113 31 lärare
792 2264 51 28 att
868 2262 90 40 stiga
983 2264 79 29 med
1090 2264 108 30 minst
1226 2264 39 29 15
1291 2268 154 36 procent.
1473 2265 162 30 Rörande

114 2302 167 40 förslaget
298 2313 56 19 om
371 2304 149 39 höjning
536 2314 43 20 av
595 2304 347 40 stipendiebeloppen
959 2305 218 36 framhålles,
1195 2307 51 28 att
1263 2307 101 29 dessa
1380 2316 148 21 numera
1544 2307 92 30 mås-

113 2346 33 28 te
172 2353 102 22 anses
299 2355 84 21 vara
409 2346 119 29 alltför
554 2345 87 39 låga.
669 2345 246 31 Kostnaderna
941 2347 54 30 för
1021 2347 266 30 elevhushållen
1310 2349 122 29 kunna
1456 2349 179 39 nämligen

113 2387 122 29 endast
260 2387 57 30 vid
340 2386 343 40 skogsvårdsgårdar
705 2389 80 29 med
808 2388 240 40 kontinuerlig
1070 2389 314 31 kursverksamhet
1406 2390 143 39 bringas
1572 2400 64 20 un-

113 2428 61 29 der
195 2429 18 29 5
236 2429 130 30 kronor
387 2439 61 30 per
469 2430 67 39 dag
557 2430 65 29 och
643 2430 83 30 elev.
748 2429 66 31 Vid
835 2440 97 20 mera
953 2430 163 40 tilfälliga
1139 2431 263 40 förläggningar
1423 2433 47 29 bli
1492 2433 143 30 kostna-

114 2471 108 30 derna
239 2471 161 38 vanligen
418 2472 82 30 över
517 2472 18 29 5
554 2471 141 30 kronor.
