1896 2784
471 212 119 30 Andra
611 211 246 40 lagutskottets
877 210 180 30 utlåtande
1076 219 42 20 nr
1139 210 40 29 12
1197 210 41 29 år
1258 209 84 29 1958
1612 208 37 29 11

162 302 84 21 man
261 292 118 31 vilken
395 292 208 39 tillgodogör
621 291 51 39 sig
688 290 141 40 erlagda
844 288 295 42 patientavgifter,
1157 288 89 30 skall
1263 288 174 30 beräknas
1455 287 88 30 efter
1560 288 94 28 taxe-

161 354 115 32 grupp
296 347 28 29 1.
342 345 228 31 Beträffande
588 345 95 33 vård,
702 353 75 21 som
795 343 137 30 lämnas
951 343 20 30 å
987 342 188 39 Göteborgs
1194 342 97 30 stads
1309 340 235 42 polikliniker,
1563 340 91 30 före-

165 400 134 30 skrives
326 399 118 30 vidare
471 399 11 29 i
509 398 118 31 brevet
654 399 50 29 att
730 398 20 30 å
778 398 115 29 denna
922 396 89 30 skall
1039 396 178 40 tillämpas
1244 396 68 30 den
1339 395 55 30 för
1423 394 231 30 stockholms-

162 453 161 30 området
345 453 159 39 gällande
526 454 116 28 taxan.

202 583 259 48 Utredningen
480 582 61 36 för
562 581 277 36 verkställande
858 594 49 22 av
926 584 160 44 översyn
1104 593 49 23 av
1171 579 318 48 sjukkassetaxan
1507 590 114 23 m.m.

208 667 117 39 Enligt
355 666 126 40 Kungl.
511 666 126 39 Maj:ts
667 665 278 40 bemyndigande
976 665 67 29 den
1075 665 38 29 15
1144 664 80 39 juni
1256 663 84 30 1956
1370 662 211 30 tillkallades
1612 670 43 21 en

161 719 192 41 utredning
374 720 57 39 för
455 719 256 30 verkställande
735 728 43 20 av
801 719 148 39 översyn
973 727 44 21 av
1039 717 297 39 sjukkassetaxan
1360 725 45 21 m.
1430 725 45 20 m.
1501 715 13 30 I
1539 715 116 30 utred-

163 773 148 40 ningens
334 774 159 39 uppdrag
522 773 52 34 (se
600 773 81 29 1957
705 772 57 30 års
785 770 348 41 riksdagsberättelse
1156 771 13 29 I
1194 770 36 31 $:
1247 770 58 34 23)
1333 769 99 40 ingår
1455 771 50 28 att
1529 768 126 30 under-

163 827 96 34 söka,
278 827 68 30 hur
365 828 124 29 taxans
508 826 263 30 bestämmelser
791 825 132 29 utfallit
941 825 12 29 i
971 824 197 40 praktiken,
1190 824 91 29 samt
1301 825 50 28 att
1370 831 39 31 ge
1429 822 226 39 anvisningar

162 889 58 21 om
248 880 201 39 ändringar,
478 889 76 20 som
582 880 72 29 kan
682 888 100 21 anses
811 878 196 40 påkallade.
1037 877 156 31 Särskild
1221 876 315 40 uppmärksamhet
1565 874 90 31 skall

166 933 231 40 utredningen
424 934 89 38 ägna
540 933 36 30 åt
604 932 133 39 frågan,
764 932 68 29 hur
860 933 107 28 taxan
993 931 123 29 verkat
1142 930 11 30 i
1180 930 41 30 de
1249 929 63 30 fall
1340 930 44 29 då
1410 929 146 30 läkaren
1583 929 71 29 inte

162 987 136 40 uppbär
320 987 126 29 arvode
469 986 55 30 för
545 985 194 40 prestation
761 987 86 28 utan
870 986 38 28 är
929 983 243 31 löneanställd.

206 1039 240 39 Utredningen
467 1039 174 29 beräknas
664 1038 136 30 avsluta
823 1038 60 29 sitt
905 1037 117 30 arbete
1045 1037 111 29 under
1178 1036 113 30 första
1313 1036 156 29 halvåret
1495 1035 93 30 1958.

810 1167 194 36 Utskottet

208 1253 75 30 Den
309 1262 76 21 som
408 1252 108 40 enligt
541 1251 409 40 sjukförsäkringslagen
974 1251 38 29 är
1037 1249 378 40 sjukvårdsförsäkrad
1438 1248 150 30 erhåller
1614 1257 41 21 av

164 1307 218 39 sjukkassan
400 1306 195 39 ersättning
614 1305 78 30 med
711 1306 50 29 tre
780 1304 216 40 fjärdedelar
1016 1313 41 21 av
1076 1304 77 29 sina
1171 1303 145 40 utgifter
1333 1303 56 29 för
1407 1303 115 39 öppen
1541 1302 114 29 läkar-

165 1361 95 33 vård,
286 1360 90 30 dock
400 1360 102 39 högst
526 1360 52 29 tre
603 1358 214 40 fjärdedelar
842 1368 42 20 av
908 1358 42 30 de
974 1357 125 40 belopp
1126 1366 75 20 som
1227 1357 97 29 finns
1349 1358 178 38 upptagna
1551 1355 12 29 i
1587 1356 69 29 den

165 1423 26 20 s.
214 1414 34 29 k.
273 1413 307 39 sjukkassetaxan.
605 1412 292 39 Ersättningarna
920 1411 56 30 för
1000 1410 184 30 läkarvård
1207 1411 20 29 å
1251 1410 163 29 läkarens
1436 1409 219 39 mottagning

164 1468 40 28 är
222 1467 108 39 enligt
349 1466 296 39 sjukkassetaxan
662 1466 11 29 i
691 1465 136 40 princip
846 1464 196 40 uppdelade
1060 1464 11 29 i
1089 1465 51 28 tre
1159 1471 151 32 grupper
1328 1480 45 3 —
1391 1472 25 20 s.
1436 1463 33 29 k.
1489 1462 167 30 differen-

165 1520 111 30 tierad
292 1521 82 29 taxa
388 1537 45 3 —
448 1529 42 20 av
505 1519 95 30 vilka
616 1526 110 33 grupp
745 1519 14 29 1
778 1520 128 38 upptar
922 1518 41 30 de
981 1518 110 39 lägsta
1107 1517 261 39 taxebeloppen.
1386 1516 132 30 Genom
1534 1515 120 39 kungl.

164 1573 84 30 brev
267 1574 68 29 den
356 1573 39 30 12
414 1573 70 40 maj
510 1573 82 30 1955
613 1573 64 29 har
695 1572 231 33 föreskrivits,
947 1573 50 28 att
1016 1570 194 40 ersättning
1229 1570 56 30 för
1305 1569 144 40 utgifter
1467 1569 55 30 för
1542 1569 114 40 öppen

164 1628 197 33 läkarvård,
389 1636 74 20 som
489 1627 193 29 meddelats
707 1626 57 30 vid
789 1626 186 40 poliklinik
1002 1625 121 30 driven
1148 1634 43 21 av
1214 1624 207 30 huvudman
1445 1624 118 29 vilken
1587 1623 69 30 till-

166 1680 151 40 godogör
338 1680 51 39 sig
408 1679 141 40 erlagda
568 1679 294 40 patientavgifter,
883 1678 89 30 skall
992 1678 172 29 beräknas
1183 1677 89 30 efter
1291 1677 103 39 högst
1413 1678 192 37 taxegrupp
1628 1675 27 29 1.

211 1734 13 28 I
243 1733 221 30 motionerna
480 1733 203 29 hemställes
702 1742 57 20 om
779 1732 109 30 sådan
907 1731 149 40 ändring
1075 1741 41 20 av
1135 1731 160 39 gällande
1313 1730 273 33 bestämmelser,
1606 1730 51 28 att

163 1788 70 29 den
252 1786 286 30 differentierade
559 1786 295 39 sjukkassetaxan
875 1785 89 30 skall
986 1785 177 39 tillämpas
1184 1786 86 28 utan
1289 1783 259 39 inskränkning
1569 1783 87 29 även

165 1840 223 29 beträffande
406 1840 114 39 öppen
537 1840 96 33 vård,
653 1848 74 21 som
744 1839 179 30 meddelas
940 1838 46 40 på
1002 1838 225 40 polikliniker
1246 1847 43 20 av
1307 1837 246 30 ovannämnda
1572 1836 83 39 slag.

166 1893 138 39 Frågan
334 1902 57 20 om
422 1893 314 39 sjukkassetaxans
767 1892 224 39 tillämpning
1021 1892 20 29 å
1069 1891 85 29 vård
1184 1891 45 39 på
1261 1891 110 29 sådan
1400 1889 187 40 poliklinik
1618 1889 39 29 är

166 1946 195 29 emellertid
388 1946 147 29 föremål
565 1946 55 29 för
649 1946 237 38 övervägande
916 1954 42 20 av
986 1944 231 39 utredningen
1244 1943 56 30 för
1328 1943 258 29 verkställande
1616 1951 41 20 av

166 2000 148 38 översyn
336 2009 42 20 av
400 1999 296 39 sjukkassetaxan
716 2008 44 20 m.
782 2008 45 19 m.
849 1999 123 28 Denna
994 1997 186 39 utredning
1201 1997 174 29 beräknas
1397 1996 121 39 avgiva
1538 1996 119 29 betän-

166 2053 115 29 kande
302 2053 79 29 med
403 2053 131 39 förslag
554 2053 11 29 i
586 2053 117 29 ämnet
723 2053 111 29 under
855 2051 236 30 innevarande
1112 2051 48 29 år.
1182 2051 78 29 Med
1280 2050 139 39 hänsyn
1439 2049 119 30 härtill
1580 2049 77 29 sak-

167 2115 64 20 nas
249 2105 108 40 enligt
375 2106 190 29 utskottets
585 2106 140 39 mening
744 2105 189 39 anledning
951 2105 55 29 för
1024 2104 187 39 riksdagen
1230 2105 51 28 att
1299 2112 48 20 nu
1366 2105 35 28 ta
1420 2102 166 39 ställning
1605 2102 51 29 till

167 2159 68 29 den
264 2169 41 20 av
334 2159 260 30 motionärerna
622 2160 149 38 begärda
800 2159 204 38 ändringen.

212 2213 116 29 Under
346 2212 219 39 åberopande
584 2222 42 20 av
642 2213 56 29 det
716 2212 148 30 anförda
882 2212 55 29 får
955 2212 170 29 utskottet
1142 2210 196 34 hemställa,

522 2266 50 27 att
597 2264 229 29 förevarande
852 2263 182 33 motioner,
1060 2263 29 29 I:
1108 2263 60 29 155
1195 2263 64 29 och
1286 2262 45 29 II:
1351 2261 70 34 155,
1447 2261 76 29 icke
1549 2261 107 29 måtte

478 2317 184 30 föranleda
678 2317 114 39 någon
810 2317 207 38 riksdagens
1035 2316 131 38 åtgärd.

212 2370 204 29 Stockholm
440 2370 67 29 den
532 2370 39 29 27
597 2370 154 29 februari
779 2370 83 29 1958

600 2459 48 29 På
671 2459 110 29 andra
805 2458 247 38 lagutskottets
1074 2458 145 37 vägnar:

750 2529 119 29 AXEL
900 2528 174 31 STRAND
