2198 2620
365 199 41 32 10
561 197 123 32 Första
708 197 202 31 kammarens
933 194 142 32 andra
1101 192 172 43 tillfälliga
1295 191 139 33 utskotts
1456 191 167 32 utlåtande
1647 192 54 30 Nr
1726 194 51 29 19.

471 278 93 32 Utan
589 280 50 29 att
662 280 159 28 närmare
845 275 82 41 ingå
948 276 45 40 på
1008 274 133 41 frågan,
1159 272 174 33 huruvida
1351 271 58 32 det
1425 272 69 32 kan
1511 281 84 22 vara
1611 272 362 32 överensstämmande

362 323 81 32 med
478 322 67 42 god
578 321 161 33 ekonomi
768 324 50 28 att
841 319 51 33 till
916 321 115 38 någon
1056 322 107 28 större
1187 317 55 32 del
1266 316 162 32 använda
1451 316 68 32 den
1544 315 329 42 skogsavverkning,
1898 326 74 22 som

362 368 63 32 bör
453 367 177 41 medgivas
654 365 81 32 med
759 365 134 40 hänsyn
918 362 52 33 till
994 373 42 22 en
1061 362 135 32 normal
1221 363 156 30 återväxt
1401 360 53 32 till
1478 359 296 39 industribränsle,
1799 360 61 32 vill
1883 360 89 42 järn-

361 411 253 43 vägsstyrelsen
648 409 120 39 uttala,
795 412 49 29 att
868 409 66 31 den
959 407 76 38 ved,
1061 417 73 22 som
1159 406 70 32 kan
1254 406 111 31 finnas
1391 404 193 43 disponibel
1608 405 127 37 härför,
1761 404 80 32 med
1866 409 106 28 större

360 456 113 33 fördel
497 456 67 32 kan
589 454 179 33 användas
792 454 11 31 i
827 453 187 32 stationära
1038 451 170 33 eldstäder
1233 455 43 27 än
1302 452 19 30 å
1344 450 200 37 lokomotiv,
1570 449 64 32 och
1658 448 107 42 gäller
1789 449 94 33 detta
1907 454 63 27 sär-

361 501 82 34 skilt
477 501 186 42 järnvägar
699 499 79 31 med
804 498 91 32 stark
919 497 101 31 trafik
1045 496 64 32 och
1133 499 71 28 stor
1228 495 244 41 tåghastighet,
1499 498 81 28 enär
1606 494 57 31 det
1686 495 21 30 å
1731 493 130 32 sådana
1884 494 88 42 järn-

362 551 108 36 vägar
495 550 36 27 är
555 554 43 22 av
622 547 125 29 största
771 543 83 37 vikt,
879 544 51 29 att
954 540 66 33 alla
1045 540 138 32 orsaker
1207 539 52 33 till
1282 539 277 41 tågrubbningar
1583 538 182 32 undvikas.

472 588 279 34 Vidkommande
787 587 105 32 sedan
928 585 272 41 användningen
1233 594 44 22 av
1305 587 77 28 torv
1406 585 20 30 å
1450 583 190 32 lokomotiv
1664 583 55 31 får
1742 583 229 41 järnvägssty-

360 634 112 33 relsen
497 634 120 32 anföra
640 632 164 42 följande.

471 677 218 44 Spörsmålet,
722 676 173 32 huruvida
924 674 118 42 vanlig
1065 673 192 33 lufttorkad
1281 672 189 32 bränntorv
1495 672 62 32 bör
1580 672 141 31 komma
1745 671 52 32 till
1822 672 150 31 använd-

363 724 85 41 ning
472 725 112 30 såsom
609 720 336 37 lokomotivbränsle,
971 720 63 31 har
1058 719 110 31 under
1193 718 42 31 de
1258 720 133 29 senaste
1407 716 204 32 årtiondena
1627 716 199 42 upprepade
1843 717 129 40 gånger

362 770 90 31 varit
486 769 45 41 på
565 767 57 32 tal.
671 766 66 32 Tid
768 766 84 31 efter
877 774 115 22 annan
1017 764 91 31 hava
1133 762 103 32 också
1259 761 170 42 ingående
1453 761 115 32 försök
1592 761 108 41 gjorts
1725 761 78 31 med
1828 761 143 32 torveld-

362 813 86 42 ning
472 814 45 41 på
539 811 200 38 lokomotiv,
765 810 44 32 bl.
836 820 28 21 a.
891 811 20 30 å
935 812 127 28 statens
1085 808 197 41 järnvägar.
1330 805 45 32 Så
1400 806 140 31 kommo
1564 806 107 31 redan
1696 807 80 30 åren
1807 806 81 31 1901
1908 806 62 31 och

364 858 87 31 1902
483 860 49 29 ett
560 855 94 33 antal
678 864 179 33 provresor
881 854 11 31 i
917 853 123 32 sådant
1064 853 89 40 syfte
1178 851 52 32 till
1254 850 111 32 stånd.
1415 849 203 33 Sommaren
1645 850 86 31 1909
1756 850 215 32 anordnades

361 904 73 31 åter
470 912 42 22 en
545 900 85 32 serie
653 909 181 33 provresor
858 899 53 31 för
935 907 133 22 samma
1092 896 171 37 ändamål,
1289 895 64 32 och
1378 895 112 31 finnas
1514 894 43 32 de
1581 894 122 32 därvid
1727 905 119 21 vunna
1870 895 101 31 resul-

361 950 95 29 taten
491 946 11 31 i
537 944 104 42 detalj
674 944 184 32 beskrivna
882 943 10 31 i
916 942 132 41 bihang
1073 943 16 29 1
1116 940 52 32 till
1193 939 117 42 kungl.
1334 939 351 42 järnvägsstyrelsens
1709 938 181 33 berättelse
1915 949 55 21 om

361 995 130 29 statens
525 990 188 42 järnvägar
737 990 37 30 år
800 988 99 32 1909:
933 986 213 40 »Utredning
1171 995 78 31 ang.
1274 983 232 33 kostnaderna
1529 984 53 31 för
1606 983 197 32 införandet
1828 993 43 22 av
1895 986 75 29 torv

361 1037 114 31 såsom
498 1032 327 35 lokomotivbränsle
849 1032 59 32 vid
933 1034 127 29 statens
1084 1031 212 41 järnvägar.»

470 1079 54 32 Av
559 1079 115 32 denna
708 1077 185 41 utredning
927 1076 162 40 framgår,
1126 1078 50 28 att
1212 1084 81 21 man
1329 1073 59 32 vid
1417 1071 143 42 eldning
1584 1074 20 29 å
1627 1071 173 33 blandade
1824 1073 59 40 tåg
1907 1072 64 32 och

361 1125 146 41 godståg
537 1134 41 21 ur
601 1126 129 29 tvenne
754 1122 216 31 viktenheter
993 1119 131 41 fullgod
1149 1122 77 28 torv
1251 1117 145 33 erhåller
1419 1117 148 40 ungefär
1591 1127 134 21 samma
1749 1116 224 33 värmeeffekt

362 1180 75 22 som
461 1180 40 21 ur
524 1178 43 22 en
591 1168 179 32 viktenhet
793 1165 156 33 normala
972 1162 335 34 lokomotivstenkol.
1339 1161 80 33 Som
1446 1161 42 32 de
1512 1165 126 28 tvenne
1655 1161 154 32 nämnda
1825 1160 147 33 bränsle-

362 1214 137 41 slagens
533 1212 184 32 teoretiska
752 1209 250 34 värmevärden
1036 1207 149 34 förhålla
1220 1208 51 40 sig
1302 1206 50 32 till
1376 1206 174 32 varandra
1573 1206 148 40 ungefär
1744 1207 115 31 såsom
1885 1207 85 36 1:?2,

362 1260 90 40 gåvo
488 1256 317 41 eldningsförsöken
840 1255 112 41 ifråga
987 1253 147 32 sålunda
1168 1251 52 34 till
1254 1250 150 39 resultat,
1440 1253 51 29 att
1519 1260 81 22 man
1624 1250 59 31 vid
1708 1250 177 32 desamma
1909 1250 61 32 till-

361 1303 154 42 godogör
538 1302 53 40 sig
614 1301 42 32 de
680 1300 91 32 båda
794 1298 273 42 bränsleslagens
1090 1296 226 33 värmevärde
1340 1296 11 31 i
1375 1295 147 41 ungefär
1544 1294 70 32 lika
1638 1295 69 40 hög
1731 1296 94 39 grad.

470 1347 54 32 Av
547 1346 161 32 försöken
732 1344 168 41 framgick
925 1343 127 38 vidare,
1077 1345 50 29 att
1151 1352 82 21 man
1258 1340 79 32 med
1363 1350 43 21 en
1427 1338 332 42 bränsleblandning
1776 1349 43 22 av
1837 1339 133 32 stenkol

361 1392 66 32 och
461 1396 86 33 torv,
584 1390 75 32 däri
694 1393 121 28 torven
850 1388 116 41 ingick
1001 1386 52 33 till
1080 1387 103 40 högst
1206 1384 104 33 halva
1333 1384 130 38 vikten,
1489 1384 209 32 åtminstone
1723 1384 246 31 sommartiden

360 1436 119 32 kunde
507 1435 92 32 hålla
622 1434 170 41 ångtryck
816 1433 62 32 och
903 1431 204 42 vattenhöjd
1131 1431 12 31 i
1166 1440 142 32 pannan
1333 1430 185 31 konstanta
1543 1430 19 30 å
1586 1428 190 32 lokomotiv
1799 1428 55 32 för
1878 1428 93 32 blan-

361 1481 89 32 dade
487 1481 64 31 och
585 1479 147 42 godståg
767 1483 87 27 även
887 1477 58 32 vid
975 1475 228 33 utvecklande
1228 1485 43 22 av
1294 1473 252 33 lokomotivens
1570 1473 123 40 högsta
1718 1473 189 41 dragkraft.
1955 1472 16 31 I

360 1525 146 42 lämplig
540 1523 194 41 blandning
769 1522 79 32 med
882 1520 134 34 stenkol
1049 1520 116 32 kunde
1189 1523 121 29 torven
1335 1518 147 32 sålunda
1506 1518 140 31 komma
1669 1517 51 32 till
1746 1517 225 41 användning

361 1571 59 31 vid
444 1568 343 41 lokomotiveldning,
813 1567 86 32 dock
923 1566 74 32 icke
1022 1567 19 30 å
1065 1564 157 42 snälltåg.

469 1614 69 33 Vid
572 1612 218 33 bedömande
824 1621 43 22 av
903 1611 206 32 bränntorvs
1143 1607 203 43 lämplighet
1370 1608 112 31 såsom
1508 1605 328 33 lokomotivbränsle
1861 1607 109 31 måste

361 1658 189 34 emellertid
578 1668 41 22 en
645 1656 57 33 hel
727 1656 54 32 del
805 1655 108 33 andra
936 1654 217 43 synpunkter
1175 1656 98 38 tagas
1298 1651 78 33 med
1401 1652 11 30 i
1436 1651 201 41 räkningen.
1686 1650 54 31 En
1764 1654 60 28 ton
1849 1649 122 32 bränn-

360 1708 77 28 torv
462 1704 122 31 kräver
607 1701 147 41 ungefär
778 1701 48 38 2,5
851 1701 127 40 gånger
1002 1700 38 31 så
1064 1701 85 29 stort
1171 1701 175 37 utrymme
1370 1706 76 21 som
1470 1706 42 21 en
1537 1699 58 28 ton
1620 1694 143 33 stenkol.
1794 1694 78 32 Med
1890 1695 80 31 hän-

360 1759 65 31 syn
449 1747 52 32 till
525 1747 41 32 de
590 1746 91 33 båda
697 1744 273 41 bränsleslagens
986 1742 145 34 relativa
1147 1740 251 35 värmevärden
1415 1744 53 28 tar
1485 1743 121 29 torven
1623 1739 147 32 sålunda
1786 1740 31 40 ej
1836 1739 134 32 mindre

362 1798 44 27 än
443 1792 158 41 omkring
636 1792 21 31 5
691 1791 129 41 gånger
848 1791 37 30 så
909 1791 85 29 stort
1017 1791 174 38 utrymme
1216 1796 73 22 som
1314 1796 42 21 en
1381 1784 171 32 kvantitet
1575 1783 134 33 stenkol
1734 1784 79 32 med
1838 1794 134 21 samma

361 1836 234 33 värmeeffekt.
644 1835 118 32 Därav
796 1835 54 31 för
885 1832 332 40 lokomotiveldning
1251 1829 153 42 följande
1441 1828 267 41 olägenheterna
1738 1833 58 27 äro
1820 1828 72 32 helt
1916 1839 56 20 na-

361 1881 121 41 turligt
505 1881 100 41 högst
629 1879 206 42 betydande.
883 1877 142 32 Arbetet
1049 1876 79 32 med
1153 1875 186 40 eldningen
1364 1875 110 30 måste
1499 1873 79 32 med
1602 1873 260 41 nödvändighet
1878 1872 92 32 bliva

362 1925 185 40 väsentligt
582 1928 116 33 större,
734 1923 106 32 vilket
868 1922 145 37 medför,
1039 1924 50 29 att
1113 1918 327 44 eldarepersonalen,
1466 1928 78 21 vars
1570 1917 273 40 arbetsförmåga
1866 1917 105 32 redan

361 1971 60 33 vid
446 1968 294 41 stenkolseldning
765 1973 37 27 är
825 1967 56 32 väl
904 1965 189 42 utnyttjad,
1119 1966 120 36 måste,
1265 1964 44 31 då
1332 1963 58 31 det
1414 1961 107 42 gäller
1537 1962 121 32 enbart
1675 1966 77 28 torv
1769 1961 81 33 eller
1866 1965 106 28 större

361 2015 169 42 mängder
554 2014 107 31 sådan
686 2014 11 30 i
721 2012 192 40 blandning
937 2010 80 32 med
1040 2008 144 39 stenkol,
1202 2008 186 33 förstärkas
1405 2006 80 33 med
1503 2006 107 33 därav
1626 2006 154 42 följande
1797 2006 175 32 kostnads-

361 2060 141 41 ökning.
550 2057 170 33 Häremot
756 2056 108 33 skulle
900 2056 39 41 ju
963 2055 120 31 kunna
1106 2053 181 36 invändas,
1314 2055 49 29 att
1387 2052 115 31 denna
1526 2051 174 41 svårighet
1721 2051 109 43 borde
1855 2051 117 31 kunna

361 2104 183 42 avhjälpas
569 2112 126 32 genom
719 2101 226 40 användning
969 2109 43 22 av
1037 2098 203 32 mekaniska
1263 2095 403 43 eldningsanordningar.
1711 2095 183 41 Åtskilliga
1910 2095 62 31 för-

361 2150 62 32 sök
459 2152 50 29 att
543 2147 72 32 lösa
651 2146 116 32 denna
798 2146 99 40 fråga
921 2145 91 31 hava
1036 2143 117 41 gjorts,
1180 2142 87 32 dock
1291 2144 82 29 utan
1400 2143 50 29 att
1474 2151 81 21 man
1581 2139 133 42 lyckats
1739 2140 97 31 finna
1858 2140 114 39 någon

361 2194 68 42 god
465 2193 147 40 lösning,
649 2190 288 41 huvudsakligast
972 2198 44 22 av
1049 2184 277 45 utrymmesskäl.
1375 2184 236 42 Torveldning
1635 2186 20 30 å
1678 2184 190 32 lokomotiv
1893 2183 79 32 nöd-

361 2238 202 41 vändiggör,
600 2236 11 31 i
646 2234 196 43 jämförelse
873 2233 80 33 med
977 2231 304 41 stenkolseldning,
1306 2230 170 41 därjämte
1500 2229 148 41 givetvis
1672 2228 172 42 betydligt
1867 2231 106 29 större
