1888 2842
451 152 393 37 Bevillningsutskottets
870 151 218 31 betänkande
1124 150 48 31 Nr
1189 151 50 31 22.
1580 146 20 31 9

91 240 166 30 utskottet
273 239 187 30 förordade
477 238 190 36 ändringen
686 247 42 21 av
742 236 268 37 ifrågavarande
1026 236 260 30 bestämmelser
1304 236 75 30 icke
1394 236 145 30 innebär
1555 245 42 20 en

92 289 152 36 lindring
271 297 43 22 av
345 287 111 36 själva
487 287 420 31 straffbestämmelserna
937 285 57 31 för
1025 285 236 42 förenämnda
1293 285 187 30 förseelser
1511 288 86 27 utan

90 341 122 30 endast
235 347 42 22 en
302 339 138 30 rättelse
465 346 41 22 av
526 346 42 22 en
593 336 145 38 påföljd,
764 346 76 21 som
864 337 88 30 visat
977 336 50 38 sig
1052 345 83 22 vara
1161 336 238 36 verkningslös
1425 336 10 30 i
1461 336 56 31 det
1541 345 56 21 ur-

90 389 221 39 sprungligen
332 389 151 31 avsedda
503 387 113 38 syftet.

136 441 119 31 Såsom
275 439 379 37 departementschefen
673 439 65 30 och
757 438 321 36 kontrollstyrelsen
1098 437 116 31 anfört
1233 446 101 22 anser
1353 437 175 36 utskottet,
1549 437 49 29 att

89 490 211 32 korrektivet
319 493 72 28 mot
410 490 66 30 den
491 489 225 36 brottslighet,
736 497 121 22 varom
877 489 64 30 här
959 490 38 29 är
1017 487 108 37 fråga,
1144 488 63 30 bör
1227 487 89 37 ligga
1336 488 10 30 i
1366 486 110 38 själva
1496 487 101 31 straf-

91 542 49 31 fet
163 542 64 31 och
251 542 76 30 icke
350 542 11 30 i
384 541 230 30 förenämnda
638 539 145 38 påföljd.
832 539 326 37 Kontrollstyrelsen
1183 539 66 30 och
1273 538 325 37 nykterhetsnämn-

91 594 124 30 dernas
236 591 228 31 riksförbund
486 591 90 31 hava
597 590 176 37 föreslagit
794 592 59 34 att,
876 590 115 30 därest
1013 588 180 37 påföljden
1216 589 10 30 i
1249 588 98 37 fråga
1369 598 58 21 om
1449 588 149 37 skyldig-

90 644 59 31 het
165 645 49 29 att
231 643 137 36 erlägga
384 641 331 37 tillverkningsskatt
733 642 58 29 vid
809 640 126 38 olovlig
953 639 414 38 brännvinstillverkning
1385 639 96 31 bleve
1500 639 98 30 miid-

89 695 74 35 rad,
189 703 42 21 en
251 693 68 31 viss
345 693 245 30 motsvarande
615 691 190 38 skärpning
830 700 43 21 av
899 689 700 37 brännvinstillverkningsförordningens

91 742 498 38 ansvarighetsbestämmelser
610 742 106 31 borde
738 741 166 36 vidtagas.
950 742 14 29 I
987 740 109 31 likhet
1118 741 78 30 med
1219 740 381 37 departementschefen

91 795 116 31 finner
229 794 167 31 utskottet
421 794 75 30 skäl
520 793 75 31 icke
618 791 166 37 föreligga
809 795 49 28 att
884 792 10 30 i
918 801 48 21 nu
991 792 229 30 förevarande
1241 791 254 36 sammanhang
1520 793 79 33 taga

92 845 266 38 ifrågavarande
389 843 403 31 ansvarsbestämmelser
823 842 113 31 under
966 841 181 37 prövning.
1202 841 101 31 Detta
1335 840 169 37 spörsmål
1536 841 64 30 bör

90 895 187 38 lämpligen
305 894 115 32 såsom
448 894 379 37 departementschefen
856 893 176 36 föreslagit
1059 895 97 34 tagas
1183 893 111 29 under
1322 892 238 36 övervägande
1588 890 10 30 i

95 948 170 30 samband
293 948 81 30 med
403 948 66 29 den
496 947 178 30 allmänna
702 947 147 35 översyn
877 955 42 20 av
948 944 504 37 rusdrycksförfattningarnas
1481 943 117 31 straff-

90 996 269 36 bestämmelser,
386 1004 75 22 som
485 995 54 30 för
564 995 216 30 närvarande
806 995 38 30 är
870 993 146 31 föremål
1041 993 56 31 för
1123 993 123 36 Kungl.
1273 992 119 37 Maj:ts
1418 993 179 37 prövning.

97 1048 169 30 Utskottet
291 1048 117 30 finner
433 1048 56 29 det
512 1056 83 21 vara
621 1056 42 21 av
689 1046 82 36 vikt,
797 1049 50 27 att
871 1046 114 29 denna
1011 1046 147 37 översyn
1183 1044 162 31 slutföres
1370 1044 95 30 inom
1490 1043 109 32 sådan

93 1099 60 35 tid,
173 1101 48 28 att
239 1098 132 36 förslag
387 1098 11 29 i
417 1099 115 29 ämnet
550 1100 135 28 snarast
702 1097 70 30 kan
792 1096 193 36 föreläggas
1005 1095 195 36 riksdagen.

137 1149 71 30 Mot
231 1148 56 30 det
310 1148 10 30 i
344 1145 258 38 propositionen
626 1145 195 37 framlagda
844 1145 163 36 förslaget
1029 1145 52 30 till
1105 1144 148 38 ändring
1275 1154 43 21 av
1344 1145 38 30 18
1407 1145 18 37 8
1450 1145 20 30 3
1493 1153 105 21 mom.

91 1196 681 37 brännvinstillverkningsförordningen
800 1196 55 30 för
882 1194 171 32 ernående
1080 1204 42 22 av
1150 1195 341 30 överensstämmelse
1518 1195 81 29 mel-

91 1250 58 30 lan
166 1250 154 30 nämnda
337 1247 304 37 författningsrum
658 1248 66 30 och
741 1247 245 30 motsvarande
1004 1246 190 36 stadgande
1211 1246 11 30 i
1239 1246 100 35 lagen
1353 1253 58 23 om
1429 1244 85 32 mått
1533 1244 66 31 och

91 1300 73 31 vikt
181 1300 63 30 har
260 1300 167 30 utskottet
444 1299 74 30 icke
535 1298 116 31 funnit
668 1298 75 30 skäl
760 1298 49 30 till
829 1297 149 31 erinran.

139 1351 115 31 Under
275 1349 221 38 åberopande
517 1357 43 22 av
581 1349 67 30 vad
669 1347 146 32 sålunda
833 1347 134 31 anförts
989 1346 54 31 får
1065 1347 167 30 utskottet
1253 1346 192 36 hemställa,

447 1452 49 28 att
519 1449 184 36 riksdagen
728 1447 117 37 måtte,
870 1449 79 30 med
973 1447 100 31 bifall
1097 1448 51 30 till
1174 1447 123 37 Kungl.
1323 1446 118 38 Maj:ts
1466 1447 133 30 föreva-

402 1500 108 30 rande
536 1498 213 38 proposition
775 1508 43 20 nr
845 1499 72 35 175,
944 1500 126 34 antaga
1097 1498 56 30 det
1179 1497 58 31 vid
1262 1496 259 38 propositionen
1548 1497 51 30 fo-

404 1551 85 36 gade
504 1550 129 37 förslag
648 1550 51 30 till
715 1548 206 38 förordning
936 1558 57 21 om
1007 1548 135 30 ändrad
1158 1547 128 36 lydelse
1303 1557 42 21 av
1366 1549 38 29 18
1421 1548 19 36 8
1468 1548 9 30 3
1494 1555 104 21 mom.

403 1602 65 29 och
487 1601 41 30 30
548 1601 18 37 8
595 1601 10 30 3
623 1609 104 21 mom.
747 1599 250 36 förordningen
1016 1599 67 30 den
1104 1599 37 29 11
1162 1597 76 37 juni
1259 1598 84 30 1926
1369 1597 52 40 (nr
1440 1597 75 40 207)
1539 1606 60 21 an-

403 1650 129 38 gående
551 1649 221 39 tillverkning
792 1651 66 29 och
878 1648 221 37 beskattning
1120 1657 42 21 av
1182 1648 183 30 brännvin.

140 1754 201 30 Stockholm
362 1754 66 30 den
449 1754 19 30 9
488 1753 71 36 maj
584 1753 91 30 1939.

531 1852 49 31 På
601 1851 390 37 bevillningsutskottets
1015 1852 143 35 vägnar:

661 1952 101 30 IVAR
785 1951 252 31 ANDERSON.
