1930 2818
503 140 396 34 Jordbruksutskottets
929 141 186 32 utlåtande
1143 142 53 31 Nr
1223 141 50 30 64.
1559 142 40 30 29

535 216 106 31 kolet
674 216 153 31 nämnda
861 217 125 32 kartan
1020 218 78 31 med
1132 218 158 36 ägofigur
1324 228 42 21 nr
1395 219 40 31 27
1459 219 184 31 betecknad

537 271 78 34 väg,
650 271 163 29 ävensom
842 270 13 30 i
883 269 163 32 händelse
1079 280 46 21 av
1157 270 343 37 åborättsupplåtelse
1535 271 108 31 under

536 321 41 31 de
600 321 13 30 i
635 321 234 37 nyssnämnda
900 322 167 36 protokoll
1091 322 214 32 därutinnan
1328 324 153 35 angivna
1504 323 139 36 villkor,

536 374 100 35 samt,
675 373 104 30 sedan
814 374 187 35 upplåtelse
1036 375 88 30 skett
1157 385 45 20 av
1231 375 107 31 lotten
1361 375 66 30 litt.
1452 375 38 36 B,
1515 375 128 31 lotten

537 424 82 31 litt.
643 424 33 31 A
699 425 13 30 i
735 425 106 30 första
865 425 92 31 hand
980 426 55 30 till
1058 426 225 35 egendomens
1306 426 209 37 arrendator,
1538 426 36 31 C.
1588 427 54 31 W.

535 475 171 38 Carlsson,
741 477 53 30 för
828 487 42 21 en
905 478 230 36 köpeskilling
1163 488 46 21 av
1233 478 117 36 32,520
1374 479 124 30 kronor
1521 481 51 29 att
1595 489 49 20 er-

537 528 119 37 läggas
679 529 76 31 med
778 539 42 21 en
843 529 158 36 sjättedel
1024 530 59 31 vid
1107 530 171 31 tillträdet
1300 530 65 31 den
1389 532 39 29 14
1450 540 92 21 mars
1558 531 84 31 1930

535 581 64 31 och
622 591 41 21 en
687 581 158 36 sjättedel
868 582 66 31 den
959 583 40 30 14
1023 592 92 21 mars
1139 583 98 36 varje
1259 593 45 21 av
1327 583 229 36 nästföljande
1573 583 70 31 fem

538 634 39 29 år
611 635 88 29 samt
734 634 108 30 under
876 634 130 31 villkor
1029 634 12 30 i
1064 635 126 36 övrigt,
1224 637 54 28 att
1312 635 107 31 lotten
1451 635 193 36 försäljes
1628 630 20 45 i

536 685 56 31 det
626 685 107 35 skick,
769 686 77 30 vari
881 686 66 31 den
982 686 58 31 vid
1074 686 170 32 tillträdet
1279 687 158 36 befinnes,
1470 689 53 29 att
1547 688 97 35 köpe-

539 737 188 36 skillingen
742 737 89 31 skall
847 738 158 37 erläggas
1020 738 55 31 till
1093 738 244 37 länsstyrelsen
1353 739 13 30 i
1382 739 101 36 länet,
1496 749 72 21 som
1581 739 63 31 har

537 791 61 34 att,
609 790 38 30 så
657 791 96 29 snart
765 790 109 31 första
886 790 202 36 sjättedelen
1100 801 45 20 av
1158 791 273 36 köpeskillingen
1441 791 128 37 erlagts
1580 792 62 30 och

539 842 169 36 köparens
731 842 312 32 skuldförbindelse
1065 844 21 30 å
1106 844 193 31 återstoden
1315 844 107 31 därav
1438 844 204 36 avlämnats,

536 895 23 29 å
595 894 105 31 lotten
736 894 140 31 utfärda
901 895 179 36 köpebrev,
1103 898 54 28 att
1181 896 150 35 köparen
1354 896 88 30 skall
1466 906 102 21 svara
1590 897 53 30 för

538 946 41 31 de
602 948 20 29 å
646 947 106 30 lotten
776 946 53 31 för
852 947 95 31 tiden
971 947 86 31 efter
1080 947 282 37 tillträdesdagen
1385 948 185 36 belöpande
1594 950 51 29 ut-

538 998 139 37 skylder
700 998 63 31 och
786 998 108 31 andra
917 1009 113 25 onera,
1054 1001 91 29 samt
1168 1002 53 29 att
1245 1000 148 36 köparen
1416 1000 86 30 skall
1527 1010 117 21 ensam

541 1050 195 31 vidkännas
770 1050 70 30 alla
874 1050 76 31 med
986 1051 128 36 lagfart
1147 1052 21 29 å
1203 1051 120 36 fånget
1349 1052 63 30 och
1435 1051 109 31 andra
1567 1052 77 30 med

539 1102 101 36 köpet
674 1102 162 30 förenade
871 1103 143 35 utgifter
1048 1105 162 28 ävensom
1246 1103 227 31 kostnaderna
1508 1103 52 30 för
1594 1104 51 30 in-

538 1154 162 36 teckning
733 1154 14 30 i
782 1154 107 31 lotten
912 1154 56 31 till
992 1155 158 30 säkerhet
1173 1155 53 30 för
1249 1155 141 31 berörda
1412 1155 232 31 skuldförbin-

538 1206 102 36 delse,
657 1205 82 31 eller
756 1206 72 36 ock,
845 1206 112 31 därest
974 1206 153 31 bemälde
1143 1205 158 33 Carlsson
1316 1207 74 31 icke
1407 1207 171 36 begagnar
1590 1208 53 35 sig

539 1268 45 20 av
607 1258 247 36 medgivandet
876 1260 52 29 att
952 1258 165 31 förvärva
1140 1259 106 31 lotten
1270 1259 67 31 litt.
1377 1260 16 30 A
1417 1259 53 31 för
1493 1259 151 31 nämnda

540 1311 239 36 köpeskilling,
813 1312 20 29 å
857 1311 157 36 offentlig
1037 1312 143 30 auktion
1204 1312 55 30 till
1284 1312 64 31 den
1372 1312 272 36 högstbjudande

540 1362 108 32 under
682 1363 41 31 de
757 1364 12 29 i
794 1363 134 36 Kungl.
953 1363 115 36 Maj:ts
1091 1363 84 31 brev
1198 1364 68 31 den
1289 1364 40 30 29
1355 1364 67 36 maj
1448 1364 83 30 1874
1556 1364 87 31 stad-

539 1415 87 36 gade
649 1415 129 30 villkor
800 1415 78 31 med
901 1415 240 31 tillträdesrätt
1165 1416 52 31 för
1240 1416 149 36 köparen
1412 1416 65 31 den
1494 1417 39 30 14
1550 1426 93 21 mars

540 1466 96 36 1930,

583 1519 97 36 eller,
715 1519 112 32 därest
855 1520 187 36 upplåtelse
1065 1531 45 20 av
1133 1520 106 31 lotten
1263 1521 67 31 litt.
1354 1521 28 30 B
1406 1521 108 36 enligt
1536 1520 108 31 förbe-

539 1571 100 31 rörda
669 1571 204 37 förordning
898 1571 65 31 den
988 1573 40 30 17
1052 1572 175 31 december
1251 1573 84 30 1926
1359 1573 30 36 ej
1413 1573 151 30 kommer
1587 1573 57 31 till

538 1623 110 36 stånd,
683 1625 111 30 såsom
818 1634 42 21 en
884 1624 64 31 lott
971 1624 54 31 till
1050 1625 223 36 egendomens
1296 1625 207 36 arrendator,
1527 1624 35 32 C.
1588 1624 54 32 W.

539 1674 171 38 Carlsson,
744 1676 55 31 för
833 1686 42 21 en
910 1677 231 36 köpeskilling
1164 1688 45 20 av
1235 1678 117 36 50,100
1376 1678 125 30 kronor
1523 1680 51 29 att
1596 1687 48 21 er-

540 1728 120 36 läggas
682 1729 77 31 med
783 1739 42 21 en
848 1729 155 37 sjättedel
1028 1729 60 31 vid
1111 1730 171 31 tillträdet
1305 1730 64 31 den
1394 1731 39 30 14
1450 1740 92 21 mars
1559 1730 84 31 1930

538 1780 62 31 och
624 1790 42 22 en
689 1781 159 36 sjättedel
872 1781 65 32 den
961 1783 40 30 14
1025 1792 92 20 mars
1141 1783 98 36 varje
1265 1793 44 20 av
1333 1782 227 37 nästföljande
1575 1783 69 31 fem

538 1833 40 30 år
609 1835 91 29 samt
732 1833 109 32 under
865 1834 40 30 de
929 1834 127 31 villkor
1080 1835 12 30 i
1115 1835 126 36 övrigt,
1266 1845 72 21 som
1362 1835 62 31 här
1446 1845 90 21 ovan
1559 1835 85 31 före-

535 1885 147 31 skrivits
704 1886 215 31 beträffande
942 1886 182 31 hembudet
1147 1887 56 30 till
1229 1887 223 31 arrendatorn
1476 1898 45 20 av
1538 1888 105 30 lotten

538 1936 68 31 litt.
630 1937 42 35 A,
696 1937 85 31 eller
804 1938 72 36 ock,
900 1948 54 20 om
971 1937 161 32 Carlsson
1148 1939 74 30 icke
1239 1939 174 36 begagnar
1428 1940 53 35 sig
1496 1949 43 20 av
1555 1939 89 31 med-

540 1989 164 36 givandet
716 1991 52 30 att
780 1990 165 31 förvärva
958 1990 206 36 egendomen
1178 1991 51 31 för
1240 1992 151 36 angivna
1405 1992 239 36 köpeskilling,

539 2042 21 30 å
594 2041 157 37 offentlig
786 2043 145 31 auktion
965 2043 56 31 till
1049 2043 66 31 den
1139 2043 274 36 högstbjudande
1438 2044 107 31 under
1568 2044 40 31 de
1631 2045 13 29 i

539 2094 244 31 ovannämnda
816 2094 84 31 brev
934 2094 65 32 den
1034 2095 39 30 29
1110 2096 71 36 maj
1218 2096 84 31 1874
1330 2095 159 37 stadgade
1517 2096 127 31 villkor

539 2146 77 31 med
639 2147 241 31 tillträdesrätt
903 2147 53 31 för
981 2147 148 37 köparen
1151 2148 66 31 den
1242 2149 40 30 14
1306 2158 91 21 mars
1421 2148 99 36 1930;

583 2199 163 32 skolande
770 2200 211 31 innehavare
1004 2210 44 21 av
1071 2200 189 32 förvärvad
1277 2201 161 37 fastighet
1454 2211 85 21 vara
1554 2202 90 36 skyl-

538 2250 59 37 dig
624 2252 193 36 respektera
844 2252 65 31 den
932 2252 180 36 Dingtuna
1135 2253 185 31 elektriska
1342 2253 302 32 distributionsför-

538 2303 106 36 ening
678 2314 34 20 u.
740 2314 31 26 p.
804 2314 29 21 a.
868 2304 186 37 medgivna
1086 2307 69 29 rätt
1182 2307 51 29 att
1258 2306 91 30 hava
1372 2306 183 31 elektriska
1578 2306 66 31 led-

539 2356 126 35 ningar
689 2356 224 36 framdragna
936 2358 81 30 över
1040 2357 221 36 egendomen;
1284 2359 88 29 samt
