2224 2630
428 187 18 31 8
861 184 250 34 Statsutskottets
1140 183 169 34 Utlåtande
1331 184 62 33 N:o
1416 186 72 31 154.

383 265 173 38 farenhet
597 265 60 36 för
699 270 56 31 att
794 264 128 37 kunna
964 267 56 33 stå
1056 276 80 25 som
1165 264 121 37 lärare
1314 263 71 37 och
1413 262 130 37 ledare
1571 261 65 36 vid
1665 261 124 37 denna
1817 274 98 36 gren
1943 261 41 36 af

384 315 467 49 veterinärutbildningen.
921 316 60 36 En
1027 316 118 36 sådan
1186 315 192 37 veterinär
1418 313 98 37 hade
1562 312 180 49 vanligen
1789 312 192 50 betydligt

385 374 121 32 större
546 367 213 37 inkomster
798 367 42 36 af
875 367 294 49 privatpraktik,
1199 372 49 31 än
1276 380 80 23 som
1385 365 127 37 kunde
1541 365 179 49 erbjudas
1748 364 140 37 honom
1916 365 65 36 vid

383 421 199 53 institutet,
612 419 113 37 äfven
752 432 61 23 om
841 419 75 37 den
944 432 51 23 nu
1021 419 225 48 ifrågasatta
1272 417 366 49 löneförhöjningen
1656 415 128 37 blefve
1804 415 175 50 beviljad.

383 473 127 36 Äfven
542 471 125 37 denne
695 470 120 37 lärare
842 470 98 37 hade
968 473 49 47 på
1044 475 150 32 senaste
1222 470 105 37 tiden
1354 470 71 36 fått
1452 469 100 36 ökad
1572 467 318 49 undervisnings-
1910 468 72 36 och

385 522 491 50 föreläsningsskyldighet,
904 522 13 36 i
946 522 65 37 det
1051 527 56 31 att
1147 528 130 31 ämnet
1317 521 187 36 obstetrik
1531 520 128 37 blifvit
1687 519 139 36 honom
1856 519 125 37 anför-

385 575 112 38 trodt.
553 574 73 37 Det
666 587 92 24 vore
784 574 12 36 1
824 574 284 36 instruktionen
1142 574 123 37 denne
1302 573 120 36 lärare
1450 571 195 50 förbjudet
1674 576 55 31 att
1756 570 224 49 praktisera,

385 628 71 37 och
492 627 75 36 han
600 626 128 37 kunde
757 625 128 37 därför
912 625 84 37 icke
1024 638 141 37 genom
1193 624 148 38 enskild
1369 623 154 51 praktik
1551 623 73 37 öka
1652 623 83 36 sina
1758 622 220 37 inkomster.

385 679 190 49 Slutligen
616 678 119 36 borde
772 677 231 47 framhållas,
1046 683 55 31 att
1142 677 64 36 det
1247 689 89 24 vore
1363 676 12 36 i
1403 676 80 49 hög
1510 675 97 49 grad
1635 674 222 47 önskvärdt,
1886 679 56 32 att
1969 674 12 36 i

385 731 110 48 fråga
535 743 62 24 om
639 730 126 36 denna
798 730 109 48 plats,
937 729 114 37 hvars
1079 728 247 37 innehafvare
1355 727 133 37 trädde
1516 727 12 36 1
1556 729 41 34 så
1624 726 98 49 liflig
1749 725 233 37 förbindelse

384 783 89 37 med
508 781 268 47 allmänheten,
807 781 230 36 kontinuitet
1064 780 127 37 blefve
1218 780 177 46 rådande,
1426 784 91 32 enär
1544 783 81 32 täta
1652 777 181 49 ombyten
1861 777 121 36 skulle

385 834 130 37 kunna
541 833 119 37 verka
688 833 12 36 i
728 833 79 48 hög
834 833 96 48 grad
960 832 161 50 menligt
1142 835 49 46 på
1210 831 231 38 frekvensen
1459 830 66 37 vid
1545 830 74 37 den
1638 832 39 34 åt
1695 830 140 36 honom
1856 829 126 37 anför-

384 885 136 38 trodda
547 885 185 37 kliniken.
760 906 49 5 —
837 884 18 37 I
884 884 111 49 fråga
1022 898 60 23 om
1110 884 136 49 afdrag
1271 884 60 36 för
1360 882 253 50 adjunkterna
1640 881 87 37 med
1750 882 75 35 500
1843 881 141 36 kronor

386 938 59 36 för
473 937 47 37 fri
548 937 136 36 bostad
711 937 69 36 har
808 935 239 38 direktionen
1073 935 158 37 instämt
1259 934 85 37 med
1371 933 295 49 lärarkollegiet.

513 988 75 37 För
629 990 215 36 assistenten
885 990 64 35 vid
988 990 69 35 den
1092 988 447 46 patologisk-anatomiska
1579 987 64 35 och
1682 985 301 45 bakteriologiska

386 1042 236 45 afdelningen
663 1040 69 36 har
772 1039 239 37 direktionen
1038 1039 12 36 i
1077 1039 122 36 likhet
1240 1038 85 36 med
1361 1036 284 49 lärarkollegiet
1674 1036 81 36 icke
1782 1036 201 49 ifrågasatt

386 1095 128 46 någon
542 1091 229 48 förändring
797 1091 13 36 1
838 1090 368 49 arfvodesbeloppet.

514 1146 139 35 Lärare
681 1146 14 33 i
723 1145 89 34 kött-
841 1144 63 35 och
931 1143 268 44 mjölkkontroll
1227 1154 89 24 vore
1343 1140 136 36 hittills
1505 1139 85 38 icke
1617 1145 197 43 upptagen
1843 1141 21 34 å
1894 1144 87 42 stat,

388 1209 86 24 men
510 1196 47 36 då
601 1194 331 48 undervisningen
969 1196 38 34 åt
1035 1194 178 36 eleverna
1240 1193 13 35 i
1281 1192 109 37 dessa
1418 1196 137 32 ämnen
1582 1191 120 36 under
1730 1202 134 25 senare
1892 1192 89 34 åren

388 1253 144 32 ansetts
572 1252 142 44 ytterst
753 1246 139 48 viktig,
922 1245 96 37 hade
1059 1245 242 37 direktionen
1332 1244 87 36 med
1447 1243 85 37 stöd
1560 1243 41 36 af
1623 1242 212 37 institutets
1859 1242 123 48 regle-

386 1305 128 32 mente
543 1302 99 34 måst
669 1298 130 37 härför
827 1302 141 44 antaga
997 1310 47 24 en
1072 1302 109 31 extra
1207 1297 133 45 lärare,
1369 1295 156 37 hvilken
1548 1295 61 36 för
1628 1292 237 39 närvarande
1884 1306 97 36 upp-

386 1351 93 37 bure
508 1351 156 37 arfvode
691 1350 87 36 med
806 1350 73 36 600
908 1349 141 37 kronor
1075 1349 62 36 för
1165 1351 53 45 år,
1247 1347 191 49 utgående
1466 1347 41 36 af
1531 1347 45 36 de
1600 1346 11 36 i
1641 1351 125 32 staten
1785 1350 197 44 upptagna

387 1403 122 37 medel
550 1402 58 37 till
650 1401 149 37 diverse
827 1401 174 49 utgifter.
1057 1401 57 36 Då
1142 1399 211 38 emellertid
1381 1398 296 49 ifrågavarande
1704 1396 279 49 undervisning

387 1457 119 34 måste
535 1454 64 37 allt
628 1467 104 23 mera
758 1452 224 48 utsträckas,
1012 1453 70 35 och
1109 1452 150 48 fullgod
1274 1451 121 36 lärare
1413 1451 84 36 icke
1517 1455 129 44 syntes
1671 1449 129 36 kunna
1819 1447 162 38 erhållas

387 1506 60 37 för
487 1506 106 48 lägre
634 1505 151 50 belopp,
814 1509 49 32 än
903 1503 285 49 lärarkollegiet
1229 1504 12 36 i
1282 1503 135 36 sådant
1445 1502 178 36 afseende
1652 1500 209 48 föreslagit,
1891 1500 91 36 eller

389 1559 112 46 1,500
529 1558 153 46 kronor,
712 1557 97 36 hade
837 1556 241 37 direktionen
1105 1560 76 32 sett
1209 1556 61 48 sig
1298 1554 195 37 nödsakad
1520 1559 171 44 upptaga
1710 1553 103 36 detta
1832 1551 148 50 belopp,

388 1615 56 31 att
469 1612 92 47 utgå
588 1610 13 36 i
629 1610 100 36 form
757 1609 41 35 af
820 1608 168 37 arfvode.

491 1661 241 37 Beträffande
761 1663 231 34 kamreraren
1020 1664 98 31 samt
1145 1661 244 35 sekreteraren
1417 1659 62 35 hos
1507 1658 226 35 direktionen
1761 1655 68 36 har
1856 1654 125 37 direk-

387 1713 143 48 tionen,
558 1712 89 38 med
688 1712 149 49 hänsyn
879 1711 58 37 till
973 1711 74 37 den
1079 1711 59 36 för
1176 1711 109 36 dessa
1312 1710 161 48 tjänster
1509 1708 121 37 under
1662 1707 107 37 tiden
1796 1706 85 36 från
1909 1706 74 37 den

387 1764 221 37 nuvarande
636 1768 145 32 statens
809 1762 263 38 fastställande
1101 1762 123 37 ökade
1253 1760 273 38 arbetsbördan
1553 1760 70 36 och
1652 1759 46 37 de
1718 1758 177 49 stegrade
1914 1758 69 36 lef-

387 1815 365 48 nadskostnaderna,
780 1816 13 35 i
819 1815 122 36 likhet
973 1814 85 37 med
1086 1813 287 49 lärarkollegiet
1401 1811 210 50 föreslagit,
1641 1816 54 31 att
1723 1810 107 37 deras
1858 1809 124 36 arfvo-

388 1868 74 36 den
490 1871 116 34 måtte
635 1867 111 48 höjas
773 1867 56 36 till
861 1867 111 47 1,700
1000 1866 138 36 kronor
1166 1865 60 37 för
1254 1865 72 36 den
1353 1865 102 36 förre
1484 1864 71 36 och
1581 1864 72 35 500
1674 1863 140 36 kronor
1832 1861 59 36 för
1909 1860 74 37 den

387 1932 144 25 senare.
587 1919 120 37 Dessa
734 1919 138 48 belopp
901 1917 97 37 hade
1025 1917 117 37 redan
1171 1920 42 33 år
1242 1918 97 35 1900
1368 1915 217 48 föreslagits
1613 1915 42 36 af
1680 1913 249 37 direktionen.

516 1971 18 37 I
548 1972 111 48 fråga
675 1984 61 23 om
752 1970 221 48 aflöningen
982 1969 60 37 för
1053 1971 414 44 bibliotekarietjänsten,
1479 1967 155 36 hvilken
1645 1964 219 48 befattning
1874 1964 108 36 inne-

388 2021 116 38 hades
545 2023 41 36 af
610 2036 48 24 en
693 2022 42 37 af
758 2022 211 37 institutets
996 2021 129 47 lärare,
1155 2021 69 36 har
1251 2019 282 49 lärarkollegiet
1560 2017 219 45 framhållit,
1809 2021 56 31 att
1892 2015 91 37 den-

388 2088 143 23 samma
558 2074 218 37 bibehållits
800 2073 230 37 oförändrad
1058 2072 62 36 vid
1150 2073 74 36 300
1253 2072 140 36 kronor
1422 2070 186 37 alltsedan
1636 2072 42 34 år
1708 2069 108 35 1879.
1854 2068 129 36 Under

388 2126 125 37 denna
536 2126 55 36 tid
617 2126 99 37 hade
736 2125 95 37 dock
850 2125 84 37 icke
953 2124 98 37 blott
1070 2123 285 49 sammanlagda
1375 2123 144 36 antalet
1538 2122 172 48 volymer
1728 2119 13 36 i
1759 2118 225 38 biblioteket

387 2183 93 32 utan
521 2177 113 37 äfven
675 2178 47 36 de
762 2177 120 48 årliga
910 2176 165 49 inköpen
1104 2175 192 37 afsevärdt
1324 2174 119 37 ökats.
1498 2174 57 36 Då
1583 2171 126 38 därtill
1736 2171 162 47 komme,
1929 2176 54 31 att

387 2228 311 38 bibliotekariens
731 2229 128 37 arbete
886 2228 120 37 under
1035 2227 44 37 de
1108 2227 91 37 sista
1227 2230 89 34 åren
1343 2239 80 23 mer
1442 2230 48 31 än
1518 2223 237 39 fördubblats
1783 2225 48 46 på
1858 2223 125 49 grund
