2214 2630
411 216 41 31 26
853 212 251 32 Statsutskottets
1131 211 169 33 Utlåtande
1321 211 62 32 N:o
1406 213 70 31 154.

372 292 254 50 adjunkterna
666 291 120 37 skulle
827 290 38 36 få
906 290 76 36 fast
1023 290 235 48 anställning
1285 290 85 36 med
1397 291 64 35 lön
1489 290 71 36 och
1588 290 379 50 tjänstgöringspen-

373 346 140 47 ningar
549 344 120 48 jämte
711 341 266 49 ålderstillägg
1015 342 70 36 och
1121 342 107 36 alltså
1255 341 116 37 äfven
1398 342 143 36 erhålla
1568 342 269 49 pensionsrätt.
1893 343 77 36 För

372 397 46 36 de
446 397 130 47 bägge
604 394 219 37 nuvarande
853 393 252 49 adjunkterna
1132 393 72 37 och
1233 393 209 49 adjunkten
1466 393 64 36 vid
1551 394 215 48 smedjorna
1787 393 183 49 (instruk-

371 446 272 49 tionssmeden)
674 446 66 36 har
766 445 216 48 föreslagits
1011 458 145 23 samma
1184 445 420 49 begynnelseaflöning,
1633 444 195 50 nämligen
1854 447 115 45 4,000

371 500 152 46 kronor,
552 511 88 24 men
667 498 12 36 i
707 497 178 37 afseende
913 500 20 33 å
957 496 315 49 ålderstilläggen
1290 496 69 37 har
1378 497 239 36 direktionen
1637 497 106 49 gjort
1763 496 206 37 åtskillnad

372 551 137 37 mellan
538 549 86 40 dem
651 549 13 36 i
691 552 41 33 så
759 551 131 45 måtto,
920 554 56 31 att
1004 548 211 49 adjunkten
1242 548 64 37 vid
1335 548 216 49 smedjorna
1579 548 70 37 och
1674 548 211 49 adjunkten
1904 548 65 36 vid

371 604 73 35 den
485 601 298 37 ambulatoriska
825 600 168 36 kliniken
1022 600 123 36 skulle
1173 600 38 36 få
1239 603 64 33 två
1336 599 128 50 dylika
1492 600 151 48 tillägg,
1672 600 121 36 under
1821 600 65 36 det
1914 605 57 31 att

372 654 211 49 adjunkten
611 653 63 36 vid
702 652 73 37 den
803 651 206 37 stationära
1037 651 172 37 kliniken
1238 652 69 36 och
1336 651 251 49 polikliniken
1615 651 122 37 skulle
1767 652 38 36 få
1834 651 135 37 endast

373 712 64 31 ett.
492 705 78 36 För
611 705 72 36 den
724 717 74 36 nye
840 703 209 49 adjunkten
1077 703 70 37 har
1174 703 221 49 föreslagits
1422 704 108 48 lägre
1560 703 171 49 aflöning
1759 708 49 31 än
1837 703 58 36 för
1924 703 45 36 de

373 758 135 48 öfriga,
551 756 195 48 nämligen
789 757 113 45 3,500
943 755 153 46 kronor,
1137 755 70 36 och
1237 755 59 36 för
1322 756 140 35 honom
1492 755 69 36 har
1589 754 266 49 ålderstillägg
1882 755 85 36 icke

373 810 232 48 ifrågasatts.
660 808 16 35 I
717 808 110 36 dessa
868 806 246 37 hänseenden
1149 807 207 36 innefattar
1383 806 410 49 medicinalstyrelsens
1821 806 149 49 förslag

373 861 91 48 inga
492 860 119 36 andra
638 859 207 48 ändringar
872 863 49 31 än
949 871 79 23 som
1058 858 162 48 härflyta
1249 859 49 47 af,
1328 863 56 31 att
1413 858 264 48 aflöningarna
1696 858 123 49 enligt
1834 858 137 49 styrel-

375 925 86 24 sens
489 912 159 48 mening
675 911 120 36 skulle
823 910 160 48 beviljas
1013 912 20 33 å
1061 916 109 30 extra
1198 915 85 31 stat.

501 963 55 36 Af
580 963 100 36 hvad
708 976 81 23 som
818 962 146 36 anförts
984 961 161 36 rörande
1165 961 110 36 dessa
1294 960 271 50 befattningar,
1585 961 122 36 finner
1722 961 71 49 jag
1807 962 162 47 framgå,

376 1021 55 31 att
470 1018 130 45 någon
641 1013 234 50 indragning
915 1013 41 36 af
980 1013 99 46 dem,
1109 1026 81 23 som
1219 1026 51 23 nu
1299 1018 65 31 äro
1391 1013 190 48 uppförda
1609 1015 21 34 å
1659 1013 190 36 ordinarie
1879 1012 93 37 eller

374 1077 106 27 extra
508 1072 88 41 stat,
626 1066 82 36 icke
737 1066 69 35 bör
833 1064 289 49 ifrågakomma,
1153 1069 91 31 enär
1272 1064 45 36 de
1345 1065 95 48 fylla
1468 1069 56 31 ett
1548 1064 59 37 för
1626 1064 213 37 institutets
1858 1064 112 36 verk-

375 1119 147 36 samhet
564 1117 239 48 nödvändigt
844 1116 127 37 behof.
1027 1116 75 36 Det
1143 1129 113 35 synes
1296 1116 81 48 mig
1417 1115 127 47 äfven,
1573 1118 48 46 på
1649 1116 125 48 grund
1803 1116 43 36 af
1869 1116 103 36 hvad

374 1170 285 48 lärarkollegiet
699 1169 70 36 och
810 1168 240 36 direktionen
1091 1167 136 47 anfört,
1269 1180 92 23 vara
1401 1167 242 49 ådagalagdt,
1673 1172 55 31 att
1751 1167 146 48 jämväl
1923 1170 49 46 på

374 1223 73 36 den
488 1219 484 49 anatomisk-fysiologiska
1015 1219 246 49 afdelningen
1303 1219 201 47 erfordras,
1547 1223 57 31 att
1644 1218 58 37 till
1729 1219 242 48 professorns

374 1273 148 37 biträde
566 1272 179 37 anställes
787 1284 47 24 en
876 1271 125 36 därtill
1029 1271 172 49 lämplig,
1229 1271 60 36 för
1316 1271 170 48 tjänsten
1513 1269 171 37 utbildad
1711 1283 151 36 person.
1917 1270 58 36 Då

376 1325 179 48 samtliga
583 1325 110 36 dessa
720 1323 120 37 behof
864 1326 120 33 måste
1013 1335 110 24 anses
1151 1335 92 24 vara
1272 1322 59 37 för
1354 1321 206 37 framtiden
1578 1322 218 47 bestående,
1817 1322 75 36 kan
1903 1322 72 48 jag

375 1377 83 37 icke
498 1377 106 36 finna
635 1376 124 48 skälig
787 1374 209 49 anledning
1025 1379 55 31 att
1108 1375 83 36 icke
1219 1387 51 23 nu
1299 1374 201 49 tillgodose
1529 1374 83 36 dem
1642 1374 12 35 i
1683 1373 73 36 den
1785 1374 189 36 ordinarie

377 1434 135 31 staten.
569 1428 73 36 Det
670 1440 112 36 synes
810 1427 81 48 mig
919 1426 208 36 emellertid
1156 1426 83 37 icke
1267 1439 90 23 vara
1383 1425 180 49 lämpligt
1592 1430 55 31 att
1675 1430 94 44 göra
1798 1426 103 35 detta
1926 1428 48 45 på

377 1481 64 36 det
482 1485 88 42 sätt,
613 1479 241 37 direktionen
882 1478 208 48 föreslagit.
1147 1478 133 48 Enligt
1308 1477 119 48 sagda
1454 1477 147 48 förslag
1628 1477 121 36 skulle
1777 1477 198 48 nämligen

378 1533 122 35 finnas
538 1537 57 31 tre
624 1531 100 37 olika
752 1530 84 48 slag
864 1530 41 36 af
929 1529 393 49 adjunktsaflöningar
1350 1529 70 36 och
1449 1528 396 49 adjunktspensioner.
1901 1528 75 36 För

377 1585 118 48 ingen
537 1583 162 49 adjunkt
739 1582 123 36 skulle
904 1581 96 37 dock
1041 1582 243 35 förmånerna
1325 1581 342 36 öfverensstämma
1707 1580 87 36 med
1836 1580 46 35 de
1918 1579 59 36 för

379 1636 203 49 adjunkter
618 1635 64 35 vid
723 1634 45 36 de
812 1634 189 36 allmänna
1041 1633 225 36 läroverken
1306 1632 206 37 bestämda.
1568 1631 16 36 I
1613 1632 120 35 likhet
1762 1631 85 36 med
1875 1631 101 36 hvad

372 1688 73 48 jag
470 1687 120 37 redan
617 1686 13 35 i
657 1686 109 48 fråga
794 1699 62 23 om
885 1684 221 37 förberörda
1133 1684 364 48 lektorsbefattning
1526 1683 198 48 föreslagit
1752 1696 114 36 synes
1895 1683 81 48 mig

379 1738 210 37 emellertid
629 1738 113 36 äfven
781 1737 162 36 rörande
985 1736 110 37 dessa
1134 1736 162 49 tjänster
1337 1735 397 37 öfverensstämmelse
1764 1734 87 37 med
1878 1735 97 36 läro-

378 1790 288 37 verkslärarnas
694 1788 458 48 aflöningsförhållanden
1191 1788 104 46 böra,
1324 1790 41 34 så
1392 1787 64 36 vid
1484 1787 166 48 möjligt,
1679 1786 294 49 åvägabringas.

379 1842 115 36 Detta
535 1841 122 36 skulle
697 1840 227 49 visserligen
956 1840 129 36 kunna
1114 1839 67 37 ske
1208 1842 49 46 på
1286 1839 135 36 sådant
1449 1843 87 42 sätt,
1566 1843 55 31 att
1647 1838 61 37 för
1735 1838 73 37 alla
1835 1838 141 48 ifråga-

379 1893 167 37 varande
587 1893 261 48 befattningar
889 1891 218 37 bestämdes
1136 1891 171 48 aflöning
1334 1891 57 36 till
1419 1890 121 37 likhet
1567 1890 86 37 med
1680 1890 57 37 för
1763 1890 213 36 läroverks-

379 1945 215 49 adjunkter.
650 1944 86 36 Men
766 1949 80 31 mot
874 1956 45 23 en
949 1943 116 37 sådan
1094 1943 215 48 anordning
1328 1955 88 24 vore
1437 1947 56 31 att
1511 1942 178 47 invända,
1710 1941 116 37 bland
1847 1946 127 41 annat,

380 2002 55 31 att
476 1996 222 49 därigenom
739 1996 74 36 den
855 1995 203 36 åtskillnad
1098 1994 140 37 mellan
1278 1995 213 48 tjänsterna
1519 1994 191 46 inbördes,
1739 2006 83 23 som
1850 1992 125 37 direk-

379 2048 131 36 tionen
538 2047 220 47 framhållit,
788 2047 120 36 skulle
936 2047 207 46 försvinna,
1172 2046 70 36 och
1271 2051 55 31 att
1354 2045 180 37 särskildt
1562 2045 74 37 den
1663 2044 218 49 föreslagne
1901 2058 75 35 nye

382 2099 211 48 adjunkten
634 2099 129 47 skulle,
806 2099 97 37 efter
934 2099 222 48 intjänande
1191 2098 41 36 af
1256 2097 274 49 ålderstillägg,
1559 2097 38 36 få
1625 2097 88 36 vida
1740 2096 120 48 högre
1889 2096 90 36 aflö-

381 2152 95 47 ning
517 2151 72 36 och
618 2151 159 50 pension
813 2155 49 32 än
890 2150 238 37 direktionen
1155 2150 212 49 ifrågasatt.
1421 2149 54 36 Af
1500 2149 111 36 dessa
1639 2149 71 36 och
1738 2148 116 36 andra
1882 2148 95 46 skäl,

382 2203 59 36 för
480 2201 132 37 hvilka
647 2203 71 48 jag
758 2202 172 37 anhåller
972 2207 56 31 att
1068 2207 105 31 strax
1200 2202 39 36 få
1266 2201 198 48 redogöra,
1493 2200 124 37 finner
1640 2200 71 49 jag
1738 2199 240 49 nödvändigt

383 2255 71 36 och
493 2253 189 49 lämpligt,
725 2259 55 31 att
820 2253 293 49 ifrågavarande
1154 2254 84 48 fyra
1276 2252 383 49 tjänstbefattningar
1686 2250 83 38 icke
1798 2251 179 48 samtliga

381 2306 117 37 blifva
528 2304 248 49 adjunkturer
804 2310 91 32 utan
925 2305 187 37 anordnas
1139 2308 49 46 på
1217 2309 116 32 annat
1360 2308 86 32 sätt.
