1875 2829
415 129 123 38 Tredje
560 126 244 40 lagutskottets
827 122 178 30 utlåtande
1026 130 42 19 nr
1089 120 41 29 38
1151 119 39 29 år
1212 117 84 30 1967
1562 115 36 29 11

114 212 259 31 motionärerna
391 211 49 29 att
457 210 41 29 de
515 207 175 40 tillfälliga
706 200 518 44 hastighetsbegränsningarna
1242 198 71 29 inte
1331 196 61 30 bör
1412 195 100 40 göras
1530 193 72 30 lika

112 269 12 28 i
150 268 78 29 hela
254 266 118 29 landet
399 266 85 28 utan
512 261 259 31 differentieras
797 258 89 30 bl.a.
914 256 79 30 med
1020 255 138 38 hänsyn
1185 253 53 29 till
1266 248 337 32 trafikintensiteten

114 322 65 30 och
201 318 357 42 väglagssituationen
582 316 11 29 i
616 315 136 30 landets
778 313 92 29 olika
895 311 105 30 delar.
1026 309 186 29 Dessutom
1237 305 61 30 bör
1324 302 193 32 försöksvis
1544 310 59 21 an-

114 375 132 30 vändas
269 384 24 20 s.
308 374 33 29 k.
363 369 332 33 rekommenderade
716 366 223 40 hastigheter.

115 491 204 32 Fristående
337 488 172 31 motioner

161 556 13 28 I
194 555 41 30 de
254 551 224 41 likalydande
498 549 218 31 motionerna
735 548 29 29 I:
781 545 62 31 689
863 554 41 21 av
923 544 120 29 herrar
1062 540 128 40 Ernulf
1208 539 65 30 och
1293 537 125 31 fröken
1437 535 168 39 Stenberg

116 609 66 29 och
204 608 45 29 II:
266 607 62 30 815
352 616 42 20 av
415 606 80 28 herr
519 603 131 30 Ullsten
673 612 45 20 m.
740 601 38 39 fl.
801 597 200 32 hemställes
1027 598 69 28 »att
1118 594 188 38 riksdagen
1328 592 12 29 i
1362 590 166 31 skrivelse
1551 588 52 30 till

117 662 126 39 Kungl.
263 661 107 39 Maj:t
390 659 104 39 begär
515 659 49 28 att
585 666 43 20 en
648 656 119 37 längre
788 649 346 40 sammanhängande
1155 645 262 40 försöksperiod
1438 643 79 30 med
1539 642 66 29 dif-

118 715 213 31 ferentierad
362 713 206 40 permanent
600 705 430 43 hastighetsbegränsning
1062 702 198 31 förberedes
1294 700 65 29 och
1392 700 49 28 att
1474 697 132 38 förslag

118 780 59 20 om
202 770 78 30 dess
306 765 273 43 genomförande
605 766 137 28 snarast
768 760 190 39 förelägges
984 758 219 38 riksdagen>.

164 825 12 29 I
197 824 219 30 motionerna
437 819 184 31 framhålls
642 819 49 29 att
713 815 223 41 majoriteten
956 823 42 20 av
1019 813 41 29 de
1081 810 242 40 myndigheter
1345 807 65 30 och
1431 805 177 40 organisa-

118 880 112 29 tioner
257 886 75 21 som
356 877 107 38 yttrat
490 874 50 39 sig
565 874 80 29 över
672 871 81 30 1961
781 870 56 30 års
863 862 497 36 trafiksäkerhetskommittés
1387 858 221 32 betänkande

126 933 101 34 (SOU
262 929 173 34 1963:59)
472 929 64 29 har
569 927 91 29 delat
692 923 227 31 kommitténs
954 921 142 30 slutsats
1131 920 49 28 att
1213 914 395 41 fartbegränsningarna

120 987 77 30 haft
222 995 42 21 en
289 985 92 29 klart
406 991 172 32 gynnsam
603 979 169 31 inverkan
797 977 44 40 på
866 971 460 44 olycksfallsutvecklingen.
1353 969 14 28 I
1393 968 109 29 likhet
1529 966 80 30 med

120 1041 87 30 NTF
237 1048 101 21 anser
367 1036 261 31 motionärerna
657 1034 49 29 att
736 1033 56 29 det
822 1030 95 29 finns
948 1028 75 30 skäl
1054 1028 49 29 att
1133 1025 168 39 överväga
1331 1032 42 21 en
1403 1020 206 41 permanent

122 1090 431 44 hastighetsbegränsning
584 1088 65 30 och
680 1088 49 28 att
761 1094 82 20 man
874 1084 11 29 i
917 1083 37 30 så
986 1082 62 29 fall
1079 1081 62 29 bör
1172 1080 46 28 ha
1249 1076 204 31 varierande
1485 1075 124 38 högsta

121 1149 138 30 tillåtna
289 1147 109 29 farter
428 1144 80 29 med
536 1143 139 38 hänsyn
704 1140 53 29 till
786 1139 171 39 vägarnas
988 1133 254 34 beskaffenhet,
1274 1128 336 32 trafikintensiteten

122 1213 45 20 m.
191 1212 34 20 m.
252 1200 260 31 Motionärerna
537 1196 190 30 fortsätter.

166 1266 81 29 Man
271 1264 72 29 kan
367 1261 204 38 visserligen
595 1259 71 29 inte
692 1257 79 30 med
797 1255 65 30 full
889 1253 161 31 säkerhet
1077 1250 114 30 hävda
1217 1250 49 29 att
1292 1247 206 41 permanent
1526 1244 85 30 fart-

122 1309 235 41 begränsning
379 1306 111 31 skulle
512 1313 38 31 ge
572 1312 135 22 samma
727 1301 146 30 resultat
895 1308 75 21 som
991 1298 41 29 de
1052 1295 176 39 tillfälliga
1250 1293 93 40 givit.
1365 1292 49 30 De
1435 1289 176 40 tillfälliga

123 1351 521 43 hastighetsbegränsningarna
673 1348 64 29 har
768 1348 88 27 t.ex.
887 1344 89 30 varit
1008 1341 166 31 förenade
1206 1339 79 30 med
1317 1347 42 20 en
1391 1336 138 40 mycket
1561 1335 51 28 in-

123 1400 114 31 tensiv
260 1396 246 39 övervakning.
530 1394 80 31 Med
633 1393 138 38 hänsyn
794 1391 53 29 till
873 1387 202 31 nuvarande
1100 1394 156 21 resurser
1281 1384 71 29 kan
1378 1383 114 29 denna
1518 1381 94 29 över-

123 1445 154 38 vakning
302 1444 71 28 inte
400 1440 222 41 genomföras
648 1437 216 41 permanent.
893 1434 79 30 Som
998 1426 506 36 trafiksäkerhetskommittén
1530 1425 83 29 häv-

125 1491 58 29 dat
209 1489 96 29 finns
332 1488 56 29 det
414 1484 192 32 emellertid
631 1484 103 38 ingen
762 1480 187 38 anledning
976 1480 50 28 att
1052 1475 174 31 tillskriva
1251 1470 363 39 trafikövervakning-

126 1544 43 21 en
200 1534 115 39 någon
348 1531 196 40 avgörande
576 1528 170 30 inverkan
778 1526 45 40 på
856 1520 450 44 olycksfallsutvecklingen
1340 1517 111 30 under
1486 1515 128 30 fartbe-

126 1576 429 44 gränsningsperioderna.
584 1574 187 29 Dessutom
799 1571 96 29 finns
922 1569 41 39 ju
991 1566 221 40 möjligheter
1242 1565 49 28 att
1321 1571 123 31 genom
1474 1570 42 20 en
1546 1560 69 29 för-

126 1624 153 39 bättring
303 1632 41 21 av
368 1622 40 30 de
432 1620 164 30 tekniska
619 1616 240 41 hjälpmedlen
883 1614 109 29 ordna
1016 1609 237 39 kontinuerlig
1279 1606 225 32 fartkontroll
1529 1606 87 28 utan

127 1671 49 28 att
200 1667 142 31 särskilt
366 1668 95 28 stora
482 1663 195 42 personella
700 1669 156 22 resurser
880 1659 148 29 behöver
1052 1655 184 40 utnyttjas,
1260 1656 89 27 t.ex.
1375 1660 123 32 genom
1524 1650 92 30 stän-

128 1715 56 39 dig
205 1711 260 32 radarkontroll
487 1720 41 20 av
549 1709 66 30 den
636 1709 60 38 typ
720 1715 74 21 som
815 1705 96 29 finns
933 1703 44 40 på
999 1702 127 39 många
1147 1701 104 38 vägar
1272 1699 13 29 i
1306 1698 94 30 USA.

172 1760 64 28 Det
254 1759 36 28 är
307 1757 106 30 också
427 1755 125 39 viktigt
570 1755 49 28 att
636 1753 202 29 konstatera
855 1751 49 29 att
921 1744 518 42 hastighetsbegränsningarna
1457 1742 71 28 inte
1546 1741 71 28 kan

128 1804 139 39 påvisas
289 1803 46 28 ha
357 1801 108 39 några
487 1797 267 41 betydelsefulla
776 1794 159 40 negativa
958 1791 221 39 verkningar.
1203 1789 185 29 Förlusten
1412 1787 12 29 i
1447 1785 108 30 restid
1580 1785 37 28 är

130 1848 137 30 relativt
282 1845 184 40 obetydlig.
482 1844 67 31 Vid
564 1852 43 21 en
622 1841 176 40 fartgräns
814 1839 45 41 på
875 1839 40 29 90
932 1836 159 36 km/tim.
1108 1835 173 30 beräknas
1299 1833 67 29 den
1381 1831 54 30 till
1457 1831 5 29 i
1480 1838 138 32 genom-

132 1894 84 30 snitt
234 1892 39 30 12
289 1892 153 40 procent,
459 1890 58 29 vid
536 1888 60 30 100
613 1886 159 36 km/tim.
790 1895 40 20 ca
847 1884 17 30 6
882 1883 153 40 procent.
1053 1881 68 30 För
1139 1880 66 30 den
1222 1880 122 38 tyngre
1362 1875 256 41 nyttotrafiken

131 1938 106 40 gäller
256 1937 108 29 redan
383 1934 171 41 generella
573 1932 225 40 fartgränser.

174 1984 53 28 En
247 1981 109 39 viktig
376 1979 216 38 invändning
612 1979 72 28 mot
706 1977 41 29 de
767 1974 126 30 hittills
915 1971 228 42 genomförda
1164 1967 394 41 fartbegränsningarna
1582 1965 37 29 är

132 2028 89 30 dock
242 2027 133 30 bristen
397 2025 45 40 på
465 2021 279 39 differentiering
768 2030 42 20 av
832 2020 67 29 den
922 2019 124 38 högsta
1068 2016 140 29 tillåtna
1231 2014 125 29 farten.
1381 2013 64 28 Det
1471 2012 37 28 är
1532 2012 87 27 t.ex.

132 2074 92 28 klart
246 2074 50 28 att
318 2071 40 29 90
381 2071 60 28 km
464 2078 75 20 som
559 2068 124 39 högsta
705 2065 177 39 fartgräns
906 2064 37 29 är
966 2061 141 39 onödigt
1130 2060 55 39 låg
1208 2060 54 28 för
1287 2059 96 38 svagt
1405 2055 215 31 trafikerade

131 2119 105 38 vägar
261 2117 11 29 i
297 2114 252 42 glesbebyggda
574 2113 95 29 delar
696 2121 41 19 av
761 2110 128 29 landet.
917 2107 160 30 Kritiken
1104 2105 79 30 från
1209 2103 258 30 trafikanterna
1494 2101 11 29 i
1531 2102 24 28 t.
1570 2109 50 20 ex.

133 2163 96 30 delar
251 2171 42 20 av
315 2161 41 29 de
378 2159 211 39 nordligaste
611 2157 104 29 länen
737 2156 11 29 i
771 2155 94 29 detta
888 2152 168 30 avseende
1078 2151 64 29 har
1165 2149 89 30 varit
1277 2149 11 29 i
1311 2148 124 39 högsta
1459 2146 84 40 grad
1566 2145 56 29 be-

132 2207 162 39 rättigad.
319 2206 66 30 Vid
410 2214 42 20 en
476 2204 206 39 permanent
706 2196 431 43 hastighetsbegränsning
1162 2195 61 29 bör
1249 2194 138 37 hänsyn
1412 2194 54 27 tas
1491 2191 54 29 till
1572 2191 50 29 att

133 2253 94 29 olika
242 2248 314 42 vägförhållanden
572 2246 187 30 motiverar
777 2253 41 21 en
836 2241 278 39 differentiering
1133 2249 42 20 av
1192 2238 231 39 fartgränsen.
1442 2237 53 28 En
1512 2236 111 38 lämp-

133 2298 46 39 lig
197 2294 280 39 differentiering
495 2302 42 20 av
554 2292 263 38 fartgränserna
835 2288 117 29 kunde
969 2296 84 20 vara
1071 2285 41 30 50
1130 2284 159 35 km/tim.
1308 2283 96 29 inom
1422 2280 201 39 tätbebyggt

135 2341 152 34 område,
304 2340 40 29 90
360 2338 157 39 km/tim.
533 2337 45 39 på
593 2337 41 29 de
650 2334 202 39 medelgoda
868 2333 88 29 riks-
972 2331 65 30 och
1053 2330 233 39 länsvägarna
1301 2327 65 30 och
1385 2326 60 30 110
1463 2325 160 35 km/tim.

135 2387 54 29 för
215 2385 221 38 motorvägar
461 2383 65 29 och
552 2382 110 29 andra
687 2380 104 38 vägar
817 2378 79 29 med
921 2376 196 40 jämförbar
1143 2372 290 31 trafikstandard.
1461 2371 65 29 Det
1553 2370 71 28 kan

135 2431 107 30 också
264 2438 84 22 vara
370 2428 131 39 rimligt
525 2428 49 28 att
599 2426 161 29 närmare
784 2424 106 39 pröva
916 2421 268 40 möjligheterna
1209 2420 49 28 att
1284 2418 81 39 göra
1391 2425 42 21 en
1459 2414 166 31 differen-

136 2476 126 38 tiering
281 2474 129 30 mellan
430 2473 80 38 dag-
530 2471 64 29 och
614 2469 181 30 nattrafik.
