1878 2834
271 129 19 30 8
576 129 123 39 Tredje
721 129 244 40 lagutskottets
988 130 178 31 utlåtande
1186 140 43 21 nr
1250 132 41 30 38
1312 131 40 31 år
1374 132 84 31 1967

271 208 70 41 gås.
368 209 143 31 Klarhet
537 210 221 31 beträffande
784 212 257 40 verkningarna
1067 213 11 29 i
1105 213 94 30 detta
1226 214 169 30 avseende
1422 214 111 31 måste
1561 215 63 30 nås
1651 215 108 30 innan

272 254 169 41 slutgiltig
462 256 166 40 ställning
648 258 54 29 tas
724 257 52 29 till
798 257 165 41 förslaget
985 258 11 30 i
1020 258 228 31 förevarande
1271 260 227 40 proposition.

315 299 394 41 Departementschefen
737 302 101 30 berör
868 303 29 39 ej
930 302 109 30 heller
1068 304 41 29 de
1139 304 163 30 tekniska
1332 305 342 40 förutsättningarna
1703 306 55 30 för

273 345 284 32 differentierade
590 347 482 42 hastighetsbegränsningar.
1106 349 103 31 Detta
1243 351 173 40 spörsmål
1451 351 231 41 kompliceras
1718 362 42 21 av

271 391 57 30 det
357 391 235 31 förhållandet
622 394 49 28 att
700 394 171 39 vägarnas
901 394 167 30 standard
1097 395 71 29 kan
1197 396 101 30 växla
1328 397 130 29 mellan
1488 397 93 30 olika
1611 397 149 31 årstider

271 436 65 29 och
357 436 337 31 trafikintensiteten
716 439 127 29 mellan
868 439 92 30 olika
983 440 89 29 tider
1095 440 44 40 på
1163 441 127 39 dygnet
1313 441 12 30 i
1349 451 42 20 en
1415 442 244 41 utsträckning
1685 452 74 21 som

271 481 187 30 motiverar
483 482 113 30 skilda
620 483 223 40 hastigheter.
868 484 49 30 De
941 485 164 30 tekniska
1129 485 165 41 frågorna
1319 486 111 31 måste
1455 487 168 31 tillmätas
1650 488 109 30 sådan

269 524 176 41 betydelse
463 527 50 30 att
531 527 187 40 riksdagen
737 528 106 30 borde
861 529 46 30 ha
926 529 66 31 fått
1011 539 43 20 en
1072 530 218 40 redogörelse
1308 532 133 30 härom.

315 572 126 30 Vidare
470 572 116 30 finner
613 574 32 29 vi
675 574 56 29 det
760 575 331 40 anmärkningsvärt
1120 578 50 28 att
1198 577 12 29 i
1240 578 289 40 sammanhanget
1561 579 37 30 så
1627 579 131 40 viktiga

269 617 175 30 instanser
472 627 73 21 som
574 620 131 29 statens
732 620 150 40 vägverk
909 621 64 30 och
1000 621 338 41 rikspolisstyrelsen
1366 623 72 30 inte
1465 623 128 31 beretts
1620 624 138 31 tillfälle

270 664 49 28 att
339 664 94 38 yttra
454 663 51 40 sig
525 664 80 30 över
626 665 56 29 det
703 665 10 29 i
734 665 262 40 propositionen
1018 666 195 41 framlagda
1236 667 176 41 förslaget.

314 762 37 29 B.
377 762 13 29 I
420 762 40 30 de
489 763 223 40 likalydande
742 764 218 31 motionerna
991 765 106 31 1:832
1129 776 41 20 av
1198 767 79 29 herr
1307 767 176 37 Peterson,
1513 767 79 31 Eric
1624 768 132 40 Gustaf,

270 816 65 29 och
364 816 81 30 herr
473 817 181 37 Eriksson,
684 818 197 36 Karl-Erik,
912 822 90 28 samt
1033 820 45 31 11:
1097 820 81 30 1037
1210 831 42 20 av
1283 821 55 30 fru
1369 822 243 31 Nettelbrandt
1642 832 44 21 m.
1718 824 37 39 fl.

268 868 183 31 hemställs
473 872 49 28 att
543 872 189 38 riksdagen
754 873 106 29 måtte
881 874 155 29 besluta»
1062 877 49 26 att

315 922 26 30 1.
368 923 95 31 avslå
486 923 125 41 Kungl.
634 925 125 40 Maj:ts
782 926 217 40 proposition
1023 937 41 20 nr
1090 927 71 34 111,

312 976 29 30 2.
368 977 11 29 i
403 977 166 31 skrivelse
594 978 52 31 till
671 979 125 39 Kungl.
822 981 106 39 Maj:t
953 981 72 30 dels
1050 981 142 30 anhålla
1216 991 57 21 om
1299 982 192 32 fristående
1515 984 241 31 försöksverk-

268 1030 136 32 samhet
430 1041 42 20 av
498 1031 117 40 längre
641 1032 214 42 omfattning
880 1035 79 30 med
985 1037 228 37 permanenta
1239 1036 347 41 fartbegränsningar
1613 1038 106 40 enligt
1745 1040 10 28 i

267 1084 179 31 motionen
465 1085 150 40 angivna
633 1086 188 41 riktlinjer,
841 1088 72 31 dels
933 1089 126 40 begära
1078 1092 50 28 att
1146 1109 44 4 —
1209 1090 11 30 i
1239 1090 67 30 den
1325 1090 167 31 händelse
1512 1091 166 31 försöken
1698 1093 55 29 vid

268 1140 252 38 representativ
538 1140 204 40 jämförelse
763 1149 58 32 ger
841 1143 149 39 positiva
1010 1144 147 29 resultat
1176 1163 44 2 —
1242 1145 150 30 särskild
1413 1146 217 39 proposition
1651 1148 11 29 i
1684 1148 72 29 äm-

266 1196 58 27 net
348 1192 171 41 föreläggs
543 1194 220 40 riksdagen>.

310 1247 259 32 Motionärerna
593 1249 102 30 anför
719 1249 250 40 inledningsvis
995 1250 166 40 följande.

308 1309 138 39 Frågan
466 1320 57 21 om
542 1311 187 31 bestående
749 1312 347 41 fartbegränsningar
1116 1315 45 39 på
1181 1315 68 30 alla
1269 1316 104 39 vägar
1395 1317 37 29 är
1453 1317 139 39 mycket
1612 1317 142 30 kontro-

265 1354 146 31 versiell.
438 1355 81 31 Som
541 1357 11 29 i
576 1357 262 39 propositionen
862 1358 154 40 påpekas
1040 1359 64 29 har
1129 1359 66 30 den
1220 1361 106 29 också
1350 1361 11 28 i
1385 1361 88 30 flera
1498 1362 256 40 sammanhang

264 1399 89 31 varit
378 1400 148 30 föremål
550 1400 54 30 för
628 1402 309 40 myndigheternas
962 1404 263 39 överväganden
1250 1406 66 29 och
1341 1406 86 29 även
1452 1406 151 40 dryftats
1629 1408 11 29 i
1665 1408 88 29 riks-

265 1444 121 39 dagen.
414 1445 136 40 Frågan
577 1447 65 30 har
669 1447 88 30 dock
785 1447 99 31 alltid
911 1448 101 32 fallit.
1040 1449 53 29 En
1120 1449 171 41 väsentlig
1318 1451 217 40 invändning
1561 1452 65 29 har
1653 1453 99 34 varit,

264 1490 49 28 att
334 1490 67 29 den
420 1493 229 37 permanenta
670 1492 351 40 fartbegränsningen
1042 1494 112 30 skulle
1175 1495 79 29 med
1276 1496 95 29 tiden
1392 1497 169 30 avtrubba
1582 1497 170 30 trafikan-

262 1535 79 29 tens
367 1536 141 39 respekt
535 1536 54 30 för
616 1537 280 40 begränsningen
923 1539 65 29 och
1016 1539 202 40 därigenom
1247 1541 164 38 generellt
1440 1544 66 27 seti
1534 1543 218 39 undergräva

263 1579 177 40 lydnaden
464 1581 55 30 för
543 1582 422 32 trafikbestämmelserna
989 1585 65 29 och
1078 1585 77 30 icke
1178 1585 109 30 heller
1312 1593 39 32 ge
1376 1587 66 29 den
1467 1587 149 39 positiva
1641 1587 111 30 effekt

264 1633 76 22 som
362 1625 250 32 efiersträvats,
635 1627 60 32 Att
718 1627 113 31 denna
854 1628 216 41 invändning
1092 1630 76 29 icke
1191 1631 129 29 saknar
1344 1632 113 38 grund
1479 1632 70 29 kan
1571 1633 109 29 redan
1703 1642 47 20 nu

263 1669 222 32 konstateras
516 1672 44 39 på
590 1675 206 37 permanent
826 1673 411 41 hastighetsbegränsade
1268 1676 223 30 infartsleder
1523 1678 86 30 nära
1641 1679 109 29 större

264 1714 134 31 städers
424 1716 154 30 centrala
603 1717 105 35 delar,
734 1718 63 29 där
822 1721 22 27 t.
871 1728 49 20 ex.
947 1729 42 19 en
1015 1719 55 30 för
1094 1719 141 30 bilisten
1260 1721 190 40 obegriplig
1476 1722 275 31 50-kilometers-

262 1759 105 38 gräns
387 1760 171 31 medvetet
579 1761 178 31 överträds
779 1772 42 20 av
841 1766 47 27 ett
910 1766 85 28 stort
1017 1766 95 28 antal
1132 1765 221 36 trafikanter,
1374 1766 107 32 vilket
1502 1767 75 30 icke
1597 1767 153 31 befäster

261 1804 234 40 laglydanden
521 1807 54 29 för
602 1807 373 31 trafikbestämmelser
1002 1819 80 21 vare
1109 1810 51 39 sig
1186 1811 62 30 hos
1276 1811 41 30 de
1345 1811 137 31 felande
1510 1813 81 29 eller
1618 1813 64 30 hos
1710 1814 40 29 de

262 1849 71 30 tills
357 1850 118 30 vidare
500 1851 183 40 laglydiga.

306 1921 226 31 Beträffande
553 1923 288 32 förekommande
861 1925 431 42 hastighetsbegränsning
1312 1928 10 29 i
1342 1928 44 30 bl.
1409 1938 28 20 a.
1459 1929 82 29 USA
1563 1930 186 29 anmärker

261 1975 261 31 motionärerna
546 1979 50 28 att
620 1979 10 28 i
655 1978 41 29 de
721 1980 106 28 stater
857 1980 5 28 i
886 1979 94 34 USA,
1006 1980 62 29 där
1093 1980 178 31 allmänna
1295 1982 341 39 hastighetsgränser
1661 1984 88 29 före-

261 2029 170 35 kommer,
453 2030 102 30 dessa
577 2040 47 20 nu
646 2035 98 27 varat
767 2033 38 29 så
827 2033 109 39 länge,
960 2036 49 27 att
1032 2034 57 29 det
1110 2035 189 39 veterligen
1321 2036 70 29 inte
1415 2036 94 30 finns
1533 2037 106 39 något
1660 2038 89 39 jäm-

260 2081 288 33 förelsematerial
574 2086 79 29 med
677 2085 268 32 förhållandena
969 2087 56 30 vid
1053 2088 364 41 specialbegränsning
1443 2099 41 21 av
1509 2090 123 30 endast
1657 2092 92 29 vissa

260 2137 105 39 vägar
381 2138 83 29 eller
478 2139 226 38 vägsträckor
721 2140 82 29 eller
819 2140 57 29 vid
893 2140 46 30 fri
956 2141 69 30 fart
1042 2142 44 39 på
1102 2143 246 29 motsvarande
1365 2144 115 38 vägar.
1498 2145 106 39 Varje
1622 2146 125 28 svensk

258 2190 205 40 jämförelse
489 2193 78 28 med
593 2192 199 31 bilisternas
820 2194 186 39 laglydnad
1032 2196 11 28 i
1070 2195 269 31 farthänseende
1367 2198 10 28 i
1404 2198 83 29 USA
1515 2198 100 29 faller
1642 2199 104 39 enligt

259 2244 261 31 motionärerna
544 2246 46 39 på
616 2246 65 30 den
709 2246 152 31 skillnad
889 2257 74 21 som
990 2248 183 40 föreligger
1200 2250 128 30 mellan
1356 2251 390 40 trafikövervakningen

259 2297 63 30 där
341 2299 65 29 och
426 2299 41 30 de
487 2300 221 39 möjligheter
729 2311 42 20 av
790 2301 167 31 liknande
977 2305 54 28 art
1052 2311 74 21 som
1148 2303 136 40 Sverige
1305 2305 110 29 under
1436 2306 138 39 mycket
1595 2306 81 39 lång
1696 2307 50 29 tid

258 2351 71 30 kan
346 2352 128 40 uppnå.
492 2353 249 31 Erfarenheter
759 2354 78 30 från
856 2355 110 30 andra
983 2356 120 30 länder
1121 2357 79 30 med
1218 2358 136 30 mindre
1373 2359 87 39 goda
1477 2360 269 40 övervaknings-

258 2406 222 39 möjligheter
504 2407 44 29 än
571 2407 120 30 USA:s
715 2415 58 32 ger
797 2409 23 29 f.
845 2410 29 28 ö.
899 2410 139 39 intryck
1061 2420 41 20 av
1126 2420 42 20 en
1192 2411 166 39 tämligen
1382 2412 55 40 låg
1459 2414 140 39 respekt
1624 2414 54 29 för
1703 2424 42 20 en

256 2463 207 34 permanent
487 2460 186 39 fartgräns.
698 2462 165 30 Däremot
888 2464 70 28 kan
981 2463 231 36 konstateras,
1238 2467 50 28 att
1312 2466 231 39 laglydnaden
1568 2468 111 29 under
1704 2469 41 29 de

256 2513 176 39 tillfälliga
455 2514 394 40 fartbegränsningarna
872 2517 11 29 i
907 2516 135 40 Sverige
1066 2518 89 30 varit
1178 2519 138 31 relativt
1339 2521 76 38 god.
