1890 2778
471 166 286 29 Statsutskottets
777 165 179 29 utlåtande
976 174 42 19 nr
1036 165 25 28 B
1081 165 19 28 6
1118 164 39 30 år
1179 165 81 27 1958
1582 164 33 28 11

115 251 119 30 därför
254 251 124 29 hittills
397 251 10 28 i
427 251 66 39 hög
514 251 83 38 grad
618 250 135 40 präglat
773 250 129 29 driften
923 259 42 19 av
984 249 266 39 ifrågavarande
1271 249 177 29 bandelar.
1469 249 49 28 De
1538 248 80 39 byg-

116 303 68 30 der,
210 302 94 29 vilka
331 301 160 39 betjänas
517 311 42 20 av
583 302 41 29 de
650 301 215 38 trafiksvaga
890 300 225 36 bandelarna,
1143 300 43 29 ha
1213 300 8 28 i
1248 300 152 28 flertalet
1426 299 61 29 fall
1513 299 104 29 också

117 353 200 29 medverkat
350 352 49 29 till
429 352 233 29 bandelarnas
694 352 181 29 tillkomst.
909 351 49 30 De
989 351 189 29 kollektiva
1211 349 300 41 transportbehov,
1544 359 73 19 som

116 403 202 29 föranledde
342 403 254 38 järnvägarnas
621 402 222 38 anläggning,
868 402 44 28 ha
937 401 120 30 därför
1083 401 8 28 i
1117 401 96 39 varje
1238 401 128 29 enskilt
1391 401 62 29 fall
1478 400 66 30 fått
1568 400 51 28 in-

116 454 104 28 verka
241 453 43 39 på
304 453 254 39 järnvägarnas
580 452 220 38 utformning
820 452 64 30 och
906 452 214 38 sträckning,
1141 452 118 30 varvid
1281 452 138 38 hänsyn
1440 451 104 39 tagits
1567 451 49 29 till

116 504 40 28 de
184 503 235 39 föreliggande
447 503 161 40 speciella
635 503 268 29 förhållandena
930 503 9 28 i
968 502 98 39 fråga
1094 512 56 19 om
1178 502 440 39 bebyggelselokalisering,

117 554 388 39 godstransportbehov,
530 563 165 20 resvanor
718 563 29 20 o.
772 554 31 31 d.
828 554 63 28 Det
916 554 38 28 är
978 553 130 35 därför,
1134 553 114 29 såsom
1273 553 9 28 i
1307 553 179 29 motionen
1512 554 27 28 I:
1556 551 62 30 290

118 604 222 34 framhållits,
368 604 41 29 de
439 604 115 29 lokala
582 604 285 29 trafikbehovens
896 604 141 33 storlek,
1065 604 214 38 egenskaper
1306 603 65 29 och
1399 603 219 30 förutsebara

119 655 196 40 utveckling
337 664 74 20 som
433 654 83 31 böra
538 664 82 20 vara
642 654 281 39 utslagsgivande
945 654 57 29 vid
1026 654 255 38 bedömningen
1303 663 42 19 av
1367 653 95 30 såväl
1485 653 134 39 frågan,

118 705 172 29 huruvida
307 704 301 40 järnvägsdriften
626 704 62 30 bör
707 705 69 29 helt
796 705 81 29 eller
896 704 109 30 delvis
1025 704 197 39 nedläggas,
1242 714 73 19 som
1335 704 222 39 tidpunkten,
1576 704 41 28 då

118 755 275 39 nedläggningen
415 755 62 29 bör
499 755 69 29 ske.
593 755 175 39 Styrelsen
792 755 62 28 har
877 755 79 29 med
978 755 188 38 anledning
1188 764 40 20 av
1250 755 40 29 de
1313 755 115 29 lokala
1450 754 170 29 faktorer-

119 815 60 20 nas
203 808 92 27 stora
319 806 175 39 betydelse
517 806 93 29 svårt
633 808 49 27 att
706 807 84 32 inse,
814 806 65 28 hur
901 806 57 28 det
982 805 111 29 skulle
1117 815 81 20 vara
1224 806 133 39 möjligt
1382 807 50 27 att
1456 806 163 38 upprätta

117 865 41 20 en
178 857 222 39 generalplan
420 856 54 30 för
493 857 264 38 järnvägsnätet
776 856 44 39 på
838 857 56 28 det
914 857 68 28 sätt
1002 856 64 29 och
1087 857 110 29 under
1215 857 41 28 de
1276 856 343 39 hänsynstaganden,

118 916 73 19 som
217 907 259 29 motionärerna
504 906 140 39 åsyftat.
670 907 165 29 Förutom
861 908 41 28 de
928 909 76 27 rent
1029 907 178 29 allmänna
1232 907 287 38 betänkligheter,
1546 916 73 19 som

118 957 97 30 alltid
234 958 119 28 kunna
372 957 105 39 hysas
495 957 92 29 inför
605 959 48 27 ett
671 957 201 39 planarbete
890 966 41 20 av
949 958 114 28 denna
1083 957 300 39 storleksordning
1399 975 44 2 —
1461 959 22 27 t.
1502 966 49 20 ex.
1570 959 49 27 att

118 1007 287 40 generalplanens
429 1007 288 39 färdigställande
741 1010 53 27 tar
816 1008 37 29 så
875 1008 81 38 lång
979 1008 49 29 tid
1052 1009 49 28 att
1124 1009 65 28 den
1214 1009 38 28 är
1274 1008 171 29 inaktuell
1469 1008 63 28 när
1554 1008 64 29 den

119 1058 64 29 blir
205 1058 113 40 färdig
339 1076 43 3 -—
406 1058 69 28 kan
498 1058 218 33 framhållas,
739 1060 48 27 att
810 1059 55 28 det
888 1059 9 27 i
921 1058 131 29 arbetet
1077 1059 77 28 med
1176 1059 66 28 den
1266 1058 206 38 ifrågasatta
1494 1058 126 39 planen

120 1108 109 30 måste
253 1108 44 29 bl.
322 1119 28 19 a.
376 1108 80 39 ingå
481 1118 42 20 en
547 1109 185 38 värdering
757 1118 42 20 av
822 1109 41 28 de
887 1109 94 28 olika
1008 1109 232 28 bandelarnas
1265 1109 175 38 betydelse
1466 1108 54 30 för
1546 1109 74 28 sina

120 1159 193 39 respektive
342 1159 290 36 trafikområden,
662 1158 126 39 åtföljd
818 1168 42 20 av
889 1159 222 39 synnerligen
1142 1159 147 29 svårlöst
1317 1159 195 39 avvägning
1543 1160 77 28 dem

118 1209 159 29 emellan.
297 1210 77 29 Med
395 1209 188 39 anledning
603 1210 109 29 härav
732 1209 111 29 skulle
864 1210 57 28 det
943 1209 47 29 bli
1010 1210 213 38 nödvändigt
1243 1212 50 27 att
1314 1210 231 39 komplettera
1565 1210 55 29 det

119 1260 201 29 nuvarande
346 1260 504 38 undersökningsförfarandet
875 1261 78 29 med
979 1269 42 20 en
1045 1260 222 39 jämförande
1293 1261 263 41 undersökning
1581 1270 42 20 av

119 1310 39 29 de
183 1310 93 29 olika
302 1310 175 29 banornas
502 1310 279 29 trafikområden
806 1310 63 29 och
894 1311 120 29 dessas
1040 1311 452 39 utvecklingsmöjligheter.
1518 1312 105 28 Mate-

122 1360 131 29 terialet
279 1361 53 28 för
356 1361 116 29 denna
496 1361 265 38 undersökning
785 1370 101 29 synes
911 1360 47 29 bli
984 1361 156 38 skäligen
1166 1361 158 29 abstrakt
1349 1361 64 29 och
1442 1361 177 29 resultatet

121 1412 155 27 närmast
300 1420 41 19 av
364 1411 423 28 ekonomiskt-teoretiskt
810 1411 158 30 intresse.

165 1461 61 29 Det
245 1470 100 26 synes
364 1461 74 28 icke
456 1460 334 37 järnvägsstyrelsen
811 1461 114 37 troligt
944 1463 47 27 att
1011 1471 79 19 man
1109 1469 120 29 genom
1248 1464 49 27 att
1315 1462 171 29 fastställa
1506 1462 116 36 dylika

120 1511 170 37 generella
314 1511 304 38 utvecklingsdrag
641 1511 9 28 i
675 1511 103 38 något
801 1511 185 39 väsentligt
1009 1512 168 29 avseende
1201 1513 111 28 skulle
1336 1513 122 28 kunna
1481 1512 131 38 bidrag:

124 1561 47 29 lill
199 1562 66 28 den
292 1561 43 39 på
361 1562 40 29 de
429 1562 203 28 nuvarande
660 1561 114 29 lokala
802 1561 267 30 förhållandena
1096 1562 64 29 och
1187 1562 206 30 sambandet
1421 1563 79 29 med
1528 1562 95 39 järn-

120 1613 180 36 vägsnätet
325 1612 7 28 i
357 1611 111 39 övrigt
492 1612 178 38 grundade
696 1612 480 39 nedläggningsprövningen.
1202 1613 63 29 Det
1290 1613 202 29 nuvarande
1517 1613 107 29 förfa-

122 1662 199 37 ringssättet
345 1662 121 29 härvid
490 1663 96 29 torde
608 1662 105 29 också
735 1672 83 19 vara
840 1663 103 37 ägnat
965 1664 49 27 att
1038 1663 253 30 tillfredsställa
1314 1664 137 38 rimliga
1474 1664 85 29 krav
1581 1664 42 39 på

122 1712 193 29 beaktande
342 1721 41 20 av
406 1712 41 29 de
471 1712 114 29 lokala
609 1712 293 30 intressenternas
926 1713 181 29 önskemål
1134 1714 7 28 i
1167 1714 169 29 samband
1361 1715 78 29 med
1464 1715 160 29 ärendes-

123 1762 265 38 behandlingen.
416 1763 118 28 Beslut
561 1772 55 19 om
643 1763 233 38 nedläggning
903 1772 42 20 av
971 1773 42 19 en
1039 1764 124 29 bandel
1191 1764 106 30 fattas
1324 1764 89 30 först
1439 1764 88 30 efter
1553 1774 69 20 om-

122 1812 163 38 sorgsfull
308 1813 170 39 prövning
499 1822 42 19 av
561 1813 121 37 frågan
705 1813 8 28 i
737 1813 86 29 flera
844 1815 153 37 etapper.
1018 1814 66 29 Till
1106 1824 42 19 en
1169 1814 124 38 början
1315 1814 173 40 företages
1509 1816 115 28 utred-

124 1863 81 36 ning
234 1864 93 28 inom
358 1864 132 27 statens
518 1863 206 38 järnvägars
753 1863 328 30 distriktskanslier.
1112 1865 50 27 En
1194 1865 95 38 dylik
1319 1865 188 41 utredning
1536 1866 86 28 skal!

122 1912 116 39 belysa
255 1913 286 29 trafikområdets
558 1913 224 38 omfattning,
797 1913 238 38 befolknings-
1050 1914 63 28 och
1132 1914 400 37 näringsförhållanden,
1548 1917 76 36 väg-

125 1964 55 27 nät
207 1963 63 28 och
296 1962 345 29 kommunikationer
665 1966 87 26 samt
780 1963 243 38 utvecklingen
1049 1974 40 18 av
1113 1964 189 29 bandelens
1326 1965 107 29 trafik
1459 1966 62 28 och
1546 1966 79 29 eko-

125 2013 103 28 nomi.
247 2013 125 29 Vidare
392 2013 86 29 skall
497 2013 203 38 jämförelse
719 2015 100 36 göras
838 2014 125 29 mellan
984 2015 55 28 det
1059 2015 227 29 ekonomiska
1309 2015 138 30 utfallet
1466 2026 42 19 av
1527 2016 99 29 tänk-

125 2065 30 26 ta
179 2063 184 29 alternativ
387 2063 53 29 för
463 2064 65 28 den
555 2064 165 28 framtida
744 2064 129 29 driften
897 2074 40 19 av
961 2065 181 29 bandelen.
1167 2066 110 29 Sedan
1302 2066 231 38 utredningen
1558 2067 68 29 fär-

123 2113 173 37 digställts
325 2114 209 28 informeras
563 2114 256 29 trafikanterna
848 2114 54 29 vid
932 2116 47 27 ett
1008 2125 41 19 av
1076 2115 349 38 distriktsledningen
1453 2117 169 29 anordnat

126 2164 99 28 möte.
245 2163 97 29 Efter
360 2164 65 28 den
448 2164 192 28 eventuella
662 2164 278 39 komplettering,
961 2174 74 19 som
1056 2165 147 29 behöver
1222 2167 99 36 göras
1341 2167 77 29 med
1438 2167 186 37 anledning

123 2222 40 19 av
183 2213 274 28 trafikanternas
475 2214 228 37 synpunkter,
722 2214 218 28 överlämnas
960 2215 230 37 utredningen
1210 2216 47 28 till
1276 2216 349 38 järnvägsstyrelsen,

124 2272 73 18 som
220 2262 87 28 efter
330 2262 226 40 bearbetning
577 2272 41 19 av
643 2263 402 38 ulredningsmaterialet
1067 2265 137 36 avgiver
1226 2265 129 38 förslag
1379 2266 7 27 i
1410 2266 143 29 ärendet
1576 2267 48 28 till

127 2311 122 38 Kungl.
277 2312 114 38 Maj:t.
419 2312 611 38 Nedläggningsframställningarna
1058 2315 194 28 remitteras
1280 2316 106 29 sedan
1415 2315 49 29 till
1492 2316 67 29 alla
1586 2317 40 28 de

126 2362 183 34 instanser,
335 2371 72 19 som
434 2362 119 28 kunna
577 2364 145 35 antagas
747 2364 62 36 äga
834 2363 197 29 kännedom
1057 2373 54 19 om
1138 2364 266 30 trafikområdet
1428 2366 64 28 och
1516 2368 112 26 trans-

128 2411 231 39 portbehoven
383 2412 193 29 därstädes.
602 2413 10 28 I
638 2412 168 29 samband
835 2414 74 28 med
936 2413 381 39 remissbehandlingen
1342 2415 132 29 brukar
1497 2417 128 37 ytterli-

127 2471 78 27 gare
231 2464 46 26 ett
304 2461 174 38 offentligt
511 2462 370 30 trafiksammanträde
907 2463 129 29 ordnas
1064 2463 7 29 i
1100 2464 266 39 länsstyrelsens
1395 2466 79 37 regi.
1502 2468 58 27 Det
1592 2469 36 27 är

1590 2488 6 8 <
