1894 2778
383 165 404 41 Bevillningsutskottets
807 161 218 32 betänkande
1044 169 42 20 nr
1104 160 41 29 54
1163 158 40 30 år
1222 157 82 30 1961
1581 154 16 30 7

97 256 186 39 medgiver,
303 254 58 29 må
381 253 106 38 inköp
508 252 64 29 hos
593 247 405 41 detaljhandelsbolaget,
1019 244 110 29 under
1150 243 41 29 de
1211 242 126 29 villkor
1359 239 168 40 styrelsen
1550 237 49 30 fö-

96 299 184 32 reskriver,
304 298 62 38 äga
390 304 77 21 rum
493 296 84 27 utan
600 291 168 31 tillstånd.

812 373 74 37 78.

142 432 157 30 Teknisk
325 430 87 39 sprit
438 429 82 29 eller
547 425 267 39 alkoholhaltigt
841 424 162 39 preparat
1029 420 57 30 må
1112 420 75 29 icke
1215 416 296 33 tillhandahållas,
1538 415 62 29 där

100 475 149 31 särskild
274 472 187 39 anledning
486 470 182 39 föreligger
692 470 51 28 att
767 469 137 36 antaga,
928 467 50 27 att
1000 472 108 21 varan
1132 463 38 29 är
1194 460 129 31 avsedd
1347 461 51 28 att
1421 457 180 31 användas

98 519 11 28 i
129 515 313 40 berusningssyfte.
464 513 40 39 Ej
529 513 108 29 heller
657 511 58 30 må
736 509 114 40 någon
872 505 216 40 tillhandagå
1109 504 78 30 med
1209 501 236 32 anskaffande
1466 509 42 20 av
1529 499 72 30 tek-

101 561 79 29 nisk
205 559 88 40 sprit
317 558 82 29 eller
423 554 268 39 alkoholhaltigt
715 553 174 39 preparat,
915 551 62 29 där
1002 549 70 29 han
1096 548 64 29 har
1185 544 189 39 anledning
1399 543 52 30 till
1477 542 124 30 sådant

101 602 207 40 antagande.

815 678 20 30 8
862 677 28 38 8.

145 737 177 38 Iakttagas
346 734 75 30 icke
444 731 312 32 bestämmelserna
779 729 11 29 i
815 729 114 29 denna
954 724 205 39 förordning
1183 723 83 30 eller
1290 722 80 29 med
1395 720 77 30 stöd
1496 719 107 30 därav

100 779 203 30 meddelade
321 775 232 34 föreskrifter,
571 773 58 31 må
646 769 327 41 kontrollstyrelsen
991 767 159 31 meddela
1167 763 259 32 vederbörande
1444 761 158 39 varning.

102 823 124 29 Därest
247 820 140 30 rättelse
407 819 30 39 ej
459 818 124 30 vinnes
604 816 82 30 eller
705 814 148 39 varning
873 812 31 40 ej
928 820 101 21 anses
1049 818 83 22 vara
1152 807 184 40 tillfyllest,
1357 805 57 30 må
1435 804 169 40 styrelsen

103 864 167 39 förbjuda
292 861 212 39 försäljning
526 860 92 33 eller,
640 858 63 30 där
725 856 159 31 tillstånd
906 854 52 30 till
981 851 222 41 försäljning,
1225 849 146 31 införsel
1393 848 83 30 eller
1497 846 108 39 inköp

102 907 204 32 meddelats,
327 903 170 31 återkalla
518 902 124 30 sådant
662 899 170 31 tillstånd.

146 950 72 29 Har
239 947 157 31 tillstånd
418 945 204 31 återkallats
642 943 82 30 eller
745 942 64 29 har
830 938 307 32 tillståndshavare
1158 935 132 33 avlidit,
1312 933 128 40 åligger
1461 932 58 30 det
1539 930 67 31 till-

106 991 276 31 ståndshavaren
409 988 82 30 eller
518 986 167 31 dödsboet
710 986 61 31 att,
805 984 4 29 i
835 984 67 29 den
927 981 82 30 mån
1036 977 326 39 kontrollstyrelsen
1388 975 122 30 därom
1537 969 69 46 för-

103 1035 138 35 ordnar,
264 1032 89 39 sälja
375 1031 59 30 sitt
454 1031 95 38 lager
570 1038 41 21 av
630 1028 76 29 icke
729 1023 333 34 starkdenaturerad
1084 1020 140 32 teknisk
1246 1018 87 41 sprit
1354 1017 51 30 till
1427 1016 179 40 partihan-

104 1076 223 38 delsbolaget,
346 1073 106 30 vilket
473 1073 38 29 är
532 1070 151 41 skyldigt
704 1071 50 28 att
775 1068 52 30 till
848 1066 126 39 skäligt
993 1065 73 40 pris
1085 1064 132 38 inköpa
1236 1070 118 21 varan.

587 1177 411 34 Ansvarsbestämmelser
1019 1184 43 20 m.
1085 1184 43 20 m.

820 1253 20 30 9
867 1251 28 38 8.

149 1313 74 28 Den
248 1318 75 22 som
346 1308 106 40 säljer
475 1315 118 22 annan
616 1304 140 31 teknisk
780 1303 88 39 sprit
892 1303 44 28 än
960 1297 333 34 starkdenaturerad
1317 1296 108 30 sådan
1449 1296 86 28 utan
1558 1294 50 28 att

107 1355 63 39 äga
187 1354 70 29 rätt
274 1351 117 31 därtill
410 1350 107 39 enligt
534 1349 114 30 denna
667 1346 207 38 förordning
892 1344 82 29 eller
991 1341 220 32 överskrider
1229 1339 97 39 dylik
1343 1339 70 28 rätt
1431 1336 82 30 eller
1531 1335 78 39 bry-

109 1399 52 28 ter
183 1397 73 29 mot
278 1392 312 32 bestämmelserna
611 1390 11 30 i
655 1390 6 29 7
696 1389 7 37 8
727 1389 122 29 dömes
872 1386 115 31 såsom
1010 1384 55 30 för
1087 1382 126 40 olovlig
1236 1380 212 39 försäljning
1470 1387 42 21 av
1534 1386 75 21 rus-

111 1438 148 39 drycker
287 1435 106 40 enligt
420 1434 41 30 80
492 1433 15 37 $
540 1434 14 28 1
584 1440 104 21 mom.
716 1422 689 46 rusdrycksförsäljningsförordningen.

818 1519 39 32 10
879 1519 28 38 8.

156 1580 14 28 1
196 1586 105 22 mom.
328 1576 164 39 Vidtager
511 1575 112 39 någon
643 1572 209 39 obehörigen
871 1570 79 30 med
970 1567 231 32 denaturerad
1222 1565 88 41 sprit
1329 1565 82 30 eller
1430 1563 183 30 denature-

111 1624 54 27 rat
183 1619 267 40 alkoholhaltigt
468 1618 164 39 preparat
649 1614 134 40 åtgärd,
801 1612 201 40 varigenom
1021 1609 293 38 denatureringen
1332 1607 181 38 försvagas
1532 1604 81 30 eller

109 1665 186 37 borttages,
318 1662 119 29 dömes
462 1659 115 30 såsom
601 1658 54 29 för
677 1656 127 39 olovlig
827 1653 224 39 tillverkning
1074 1661 41 20 av
1139 1651 87 39 sprit
1249 1649 106 39 enligt
1380 1648 16 29 7
1423 1648 15 37 $
1467 1648 13 28 1
1506 1655 105 21 mom.

113 1705 252 39 förordningen
384 1712 56 21 om
459 1700 225 39 tillverkning
704 1708 42 21 av
766 1698 88 40 sprit
873 1697 64 30 och
956 1696 70 29 vin.

157 1748 20 29 2
200 1755 106 22 mom.
332 1746 74 29 Den
434 1753 75 21 som
536 1743 105 39 säljer
668 1742 83 29 eller
777 1738 233 40 tillhandagår
1037 1736 78 30 med
1143 1734 236 32 anskaffande
1406 1742 42 21 av
1473 1731 141 31 teknisk

114 1789 87 40 sprit
219 1789 83 30 eller
319 1785 267 40 alkoholhaltigt
603 1785 174 39 preparat,
794 1780 144 32 varmed
954 1779 164 40 vidtagits
1137 1777 122 40 åtgärd
1277 1785 76 21 som
1370 1776 10 29 i
1408 1776 6 29 I
1435 1783 105 21 mom.
1559 1782 55 21 av-

114 1841 64 26 ses,
198 1831 38 30 så
253 1831 65 29 ock
335 1829 66 30 den
420 1837 74 21 som
513 1827 137 34 forslar,
668 1825 113 39 döljer
799 1824 82 29 eller
899 1822 158 30 förvarar
1076 1820 109 31 sådan
1203 1828 93 26 vara,
1315 1819 130 32 dömes,
1465 1817 62 29 där
1545 1816 70 29 han

114 1873 77 30 haft
208 1872 112 39 skälig
337 1870 187 38 anledning
541 1870 125 37 antaga
683 1868 50 29 att
749 1866 80 29 med
844 1873 107 22 varan
966 1863 164 39 vidtagits
1146 1861 123 40 åtgärd
1286 1869 74 21 som
1377 1868 47 21 nu
1442 1861 104 36 sagts,
1564 1857 51 31 så-

117 1925 74 20 som
217 1914 55 30 för
298 1912 124 39 olovlig
448 1909 211 40 försäljning
686 1918 41 20 av
754 1906 209 39 rusdrycker
989 1904 106 39 enligt
1122 1903 40 30 80
1191 1903 15 36 $
1237 1904 13 27 1
1280 1911 104 20 mom.
1411 1900 205 39 rusdrycks-

116 1953 494 41 försäljningsförordningen.

824 2032 37 30 11
885 2031 28 38 8.

160 2090 75 29 Den
258 2098 74 21 som
356 2087 53 30 för
431 2084 180 40 obehörigt
634 2083 163 31 ändamål
821 2081 176 31 använder
1023 2079 137 30 teknisk
1184 2078 98 40 sprit,
1306 2086 73 21 som
1402 2077 70 30 han
1495 2076 123 39 inköpt

118 2132 81 29 eller
222 2131 51 29 till
296 2130 89 30 riket
407 2128 110 30 infört
538 2126 106 39 enligt
664 2124 312 31 bestämmelserna
999 2123 9 28 i
1030 2122 114 29 denna
1167 2120 216 39 förordning,
1407 2119 37 30 så
1466 2119 64 29 ock
1553 2120 66 27 den

119 2183 74 20 som
213 2173 75 29 icke
310 2171 116 30 ställer
447 2170 51 40 sig
520 2170 50 29 till
591 2167 232 31 efterrättelse
842 2165 135 33 villkor,
998 2163 188 30 förbundet
1206 2162 79 30 med
1306 2162 141 38 inköps-
1468 2161 82 29 eller
1569 2160 51 29 in-

121 2213 277 35 förseltillstånd,
423 2213 131 32 dömes,
580 2211 62 29 där
667 2209 70 30 han
764 2209 30 38 ej
824 2209 37 28 är
888 2206 163 30 förfallen
1078 2205 48 30 till
1155 2213 126 21 ansvar
1307 2203 105 39 enligt
1438 2203 100 38 lagen
1564 2210 56 20 om

119 2256 104 30 straff
243 2256 53 29 för
314 2253 297 39 varusmuggling,
630 2251 51 29 till
701 2250 194 39 dagsböter.

827 2331 38 30 12
888 2330 27 37 8.

166 2391 121 36 Bryter
305 2387 112 39 någon
434 2386 11 29 i
462 2387 107 28 annat
587 2384 59 29 fall
666 2384 42 29 än
727 2382 9 29 i
753 2382 105 29 9—11
880 2380 37 37 $8
936 2381 78 38 sägs
1032 2381 70 28 mot
1120 2378 65 30 vad
1204 2379 9 28 i
1231 2378 114 29 denna
1363 2377 204 38 förordning
1585 2377 37 28 är

122 2431 137 39 stadgat
276 2430 82 30 eller
374 2430 71 28 mot
464 2425 192 34 föreskrift,
674 2433 74 22 som
766 2423 192 30 meddelats
975 2422 78 29 med
1071 2421 76 30 stöd
1165 2430 41 20 av
1225 2419 260 39 förordningen,
1503 2419 119 29 dömes

124 2474 47 29 till
194 2473 107 35 böter,
322 2471 99 38 högst
443 2468 192 31 trehundra
654 2467 140 29 kronor.
