1894 2780
383 167 404 40 Bevillningsutskottets
807 165 219 30 betänkande
1045 174 42 19 nr
1105 165 42 29 54
1165 164 39 30 år
1223 164 81 29 1961
1564 163 33 28 1

257 252 225 33 (Nuvarande
500 251 146 40 lydelse)

100 338 153 29 räknade
298 334 357 41 utminuteringspris.
700 333 131 39 Detalj-

99 379 284 39 handelsbolaget
410 378 88 30 skall
527 379 116 29 senast
669 376 68 30 den
763 377 69 39 tju-

100 423 111 39 gonde
243 422 110 40 dagen
385 421 11 29 i
427 420 174 30 månaden
633 420 79 29 näst
744 419 87 29 efter

100 465 77 34 den,
204 465 112 30 under
343 464 116 29 vilken
487 463 142 38 inköpet
658 462 56 39 ägt
742 470 89 24 rum,

100 507 52 30 till
176 506 326 39 kontrollstyrelsen
528 505 161 30 avlämna
713 513 43 20 en
780 503 52 30 till

99 549 211 40 riktigheten
336 548 158 40 bestyrkt
520 546 138 41 uppgift
683 546 149 30 rörande

99 591 298 40 köpeskillingens
417 590 141 35 storlek,
579 589 75 30 däri
672 588 161 30 inberäk-

100 635 68 29 nad
192 634 79 29 tull-
294 633 64 30 och
381 631 258 32 fraktkostnad.

146 676 19 30 3
193 685 126 21 mom.
347 676 85 35 Den,
451 684 75 20 som
543 674 105 39 enligt
665 673 168 30 kontroll-

102 719 188 38 styrelsens
309 718 11 29 i
337 717 218 39 föreskriven
573 715 148 39 ordning
739 714 94 30 med-

102 761 120 31 delade
246 760 158 31 tillstånd
428 760 52 30 till
503 759 90 30 riket
615 758 95 30 inför
731 757 103 40 sprit-

101 804 148 39 drycker
262 803 56 39 för
334 801 263 40 vetenskapligt,
612 800 221 37 medicinskt,

101 845 279 41 farmaceutiskt,
419 844 165 38 tekniskt,
622 842 213 31 industriellt

103 888 82 30 eller
215 887 142 30 likartat
386 886 175 38 ändamål,
592 886 87 30 skall
710 893 124 32 genom

103 931 194 38 insättning
323 930 166 39 antingen
515 929 20 29 å
559 927 276 40 kontrollstyrel-

103 983 79 20 sens
198 972 263 40 postgirokonto
476 972 83 30 eller
574 971 19 29 å
608 970 227 30 statsverkets

103 1015 260 39 checkräkning
390 1015 11 28 i
428 1013 214 30 riksbanken
670 1012 54 30 för
751 1012 83 29 kon-

102 1058 270 38 trollstyrelsens
387 1056 151 39 räkning
552 1055 136 41 erlägga
703 1055 20 30 å
738 1054 97 39 dryc-

104 1101 107 28 kerna
258 1099 192 39 belöpande
494 1097 341 39 omsättningsskatt.

105 1143 216 39 Importören
342 1142 63 29 har
426 1143 60 32 att,
506 1150 57 20 om
583 1140 37 30 så
640 1139 195 40 påfordras,

103 1186 11 28 i
137 1185 169 30 samband
329 1184 79 29 med
431 1182 196 40 ansökning
649 1191 56 20 om
728 1181 107 30 inför-

105 1227 208 30 seltillstånd
331 1227 63 29 hos
412 1224 326 40 kontrollstyrelsen
756 1224 80 29 stäl-

104 1271 33 29 la
159 1279 40 20 av
222 1269 169 40 styrelsen
412 1267 163 41 godkänd
598 1266 162 31 säkerhet
782 1266 55 30 för

105 1313 20 29 å
154 1311 285 40 spritdryckerna
470 1309 193 41 belöpande
694 1310 142 28 omsätt-

106 1354 208 40 ningsskatt.
333 1355 64 29 Det
415 1353 129 40 åligger
561 1351 276 40 kontrollstyrel-

106 1406 60 20 sen
183 1398 50 28 att
249 1396 56 29 vid
323 1395 213 39 beviljandet
552 1404 41 20 av
610 1394 157 29 tillstånd
784 1393 52 29 till

102 1439 170 29 införseln
288 1438 157 29 meddela
461 1437 41 29 de
518 1435 231 35 föreskrifter,
762 1444 75 20 som

107 1481 177 30 erfordras
317 1480 53 29 för
402 1479 201 30 erhållande
635 1487 42 21 av
708 1487 43 20 en
782 1477 55 29 be-

109 1523 188 40 tryggande
327 1522 151 29 kontroll
510 1521 21 29 å
560 1520 207 40 utgörandet
797 1528 42 21 av

106 1565 386 39 omsättningsskatten,
560 1564 163 29 ävensom
788 1564 49 27 =<:att

105 1608 182 33 övervaka,
322 1609 49 27 att
406 1607 139 29 skatten
578 1604 260 40 vederbörligen

106 1650 171 29 inbetalas
302 1650 48 28 till
373 1648 218 30 statsverket.

435 1733 19 29 4
481 1733 27 36 8.

151 1785 282 39 Näringsidkare,
453 1793 74 20 som
547 1783 58 29 vill
621 1791 41 21 ur
680 1782 89 29 riket
788 1783 52 27 ut-

106 1828 77 38 föra
218 1828 10 29 i
261 1825 136 39 Sverige
432 1825 220 30 framställda
688 1824 151 29 tillverk-

107 1869 134 39 ningar,
265 1867 197 40 hänförliga
487 1867 111 29 under
619 1866 222 39 förordning-

108 1921 42 21 en
181 1912 65 29 den
280 1912 14 27 1
327 1910 66 39 juli
425 1910 84 29 1918
539 1908 177 40 angående
749 1908 90 29 vissa

107 1953 273 38 alkoholhaltiga
407 1953 163 38 preparat
596 1960 43 20 m.
665 1960 57 30 m.,
748 1950 57 29 må
831 1949 10 29 i

108 1997 65 28 den
197 1995 212 39 omfattning
432 1994 64 29 och
520 1993 110 30 under
653 1993 40 30 de
715 1992 125 29 villkor

108 2038 125 39 Kungl.
266 2037 104 39 Maj:t
399 2037 211 29 bestämmer
639 2035 120 29 kunna
791 2043 49 21 er-

108 2081 93 29 hålla
223 2081 68 28 rätt
313 2081 50 28 att
385 2079 56 30 vid
463 2078 147 39 utförsel
630 2086 42 21 av
693 2077 147 29 sålunda

108 2122 200 40 framställd
336 2130 80 20 vara
444 2121 260 29 återbekomma
733 2119 106 30 sådan

110 2164 340 39 omsättningsskatt,
475 2172 74 21 som
574 2163 10 28 i
609 2162 16 29 2
660 2162 7 35 3
694 2162 18 28 3
737 2170 103 20 mom.

110 2216 98 20 avses
235 2206 63 29 och
325 2214 73 21 som
425 2206 127 37 erlagts
580 2204 52 29 för
658 2204 65 29 den
752 2203 9 28 i
787 2212 55 19 ex-

110 2251 185 36 portvaran
321 2247 168 38 ingående
512 2246 141 39 spriten.

1071 247 226 39 (Föreslagen
1315 246 147 40 lydelse)

868 332 350 38 utminuteringspris.
1248 329 354 38 Detaljhandelsbola-

868 378 54 37 get
948 375 90 30 skall
1064 376 117 28 senast
1206 374 67 29 den
1298 372 167 40 tjugonde
1491 371 110 40 dagen

868 418 11 29 i
900 417 175 30 månaden
1098 417 78 29 näst
1199 416 88 30 efter
1309 416 76 34 den,
1408 414 111 30 under
1542 413 60 30 vil-

868 461 68 29 ken
955 460 145 39 inköpet
1120 460 56 38 ägt
1196 468 90 24 rum,
1306 458 51 30 till
1378 456 225 39 kontrollsty-

870 504 113 30 relsen
1003 503 162 29 avlämna
1184 510 42 21 en
1247 500 51 30 till
1317 499 211 40 riktigheten
1548 499 54 29 be-

870 546 114 39 styrkt
1012 544 139 40 uppgift
1178 543 148 30 rörande
1355 541 249 40 köpeskilling-

870 597 60 21 ens
951 588 141 34 storlek,
1111 586 75 30 däri
1205 584 217 31 inberäknad
1443 584 77 29 tull-
1539 583 64 30 och

871 629 259 30 fraktkostnad.

916 672 18 30 3
962 681 128 20 mom.
1119 672 84 35 Den,
1222 679 74 21 som
1313 669 106 39 enligt
1436 668 167 30 kontroll-

872 715 186 36 styrelsens
1075 713 155 30 tillstånd
1247 712 51 30 till
1317 713 88 29 riket
1421 711 94 30 inför
1534 711 70 28 tek-

871 757 79 29 nisk
969 756 99 39 sprit,
1089 756 88 30 skall
1196 763 123 32 genom
1338 754 190 37 insättning
1547 763 57 20 an-

872 801 116 36 tingen
1018 799 21 30 å
1067 797 340 37 kontrollstyrelsens
1437 796 167 38 postgiro-

872 843 107 29 konto
1008 842 82 29 eller
1119 841 20 30 å
1169 840 221 31 statsverkets
1419 838 186 30 checkräk-

872 885 83 37 ning
978 887 11 30 i
1013 883 215 30 riksbanken
1251 882 55 30 för
1329 881 276 38 kontrollstyrel-

874 936 78 21 sens
977 926 151 39 räkning
1152 925 139 39 erlägga
1314 924 20 30 å
1357 923 133 40 spriten
1515 922 90 30 belö-

872 969 114 39 pande
1017 967 341 39 omsättningsskatt.
1388 966 218 39 Importören

873 1012 64 29 har
959 1013 61 34 att,
1043 1019 58 21 om
1124 1010 38 30 så
1184 1009 195 40 påfordras,
1401 1008 11 29 i
1436 1007 170 31 samband

873 1053 79 30 med
985 1053 197 39 ansökning
1213 1061 57 21 om
1300 1049 306 32 införseltillstånd

873 1096 63 29 hos
956 1095 327 39 kontrollstyrelsen
1304 1094 101 29 ställa
1425 1102 42 21 av
1486 1093 120 39 styrel-

875 1148 60 20 sen
963 1137 164 40 godkänd
1155 1136 162 31 säkerhet
1343 1135 55 30 för
1426 1135 20 30 å
1473 1134 133 40 spriten

874 1180 192 39 belöpande
1084 1179 340 39 omsättningsskatt.
1443 1178 64 29 Det
1525 1177 82 40 ålig-

874 1232 58 31 ger
951 1222 327 40 kontrollstyrelsen
1297 1223 49 28 att
1363 1220 58 30 vid
1440 1219 167 40 beviljan-

875 1266 56 29 det
951 1274 42 21 av
1012 1264 157 31 tillstånd
1188 1264 52 30 till
1260 1263 170 30 införseln
1448 1262 158 30 meddela

874 1309 41 29 de
936 1307 232 35 föreskrifter,
1190 1315 75 21 som
1285 1305 176 30 erfordras
1483 1304 54 30 för
1558 1314 49 20 er-

876 1350 163 30 hållande
1063 1359 42 20 av
1129 1358 42 21 en
1196 1347 234 41 betryggande
1454 1347 153 29 kontroll

875 1395 19 27 å
920 1393 209 37 utgörandet
1155 1400 41 20 av
1221 1390 387 38 omsättningsskatten,

876 1436 165 28 ävensom
1059 1436 50 27 att
1128 1433 182 35 övervaka,
1329 1434 50 28 att
1398 1432 138 30 skatten
1554 1440 54 20 ve-

875 1476 219 39 derbörligen
1118 1475 170 31 inbetalas
1312 1474 51 29 till
1389 1473 219 31 statsverket.

1206 1728 19 29 4
1252 1728 27 36 8.

920 1779 284 40 Näringsidkare,
1228 1788 73 21 som
1324 1787 41 20 ur
1388 1777 89 30 riket
1500 1777 111 38 utfört

876 1823 65 30 här
958 1822 222 29 framställda
1197 1820 274 38 alkoholhaltiga
1488 1826 123 33 prepa-

876 1866 64 37 rat,
963 1865 58 29 må
1043 1864 111 29 under
1176 1864 41 29 de
1239 1862 125 30 villkor
1386 1861 224 38 kontrollsty-

877 1907 113 29 relsen
1008 1906 206 30 bestämmer
1231 1905 256 30 återbekomma
1505 1903 106 31 sådan

877 1948 342 39 omsättningsskatt,
1247 1956 73 20 som
1346 1955 98 21 avses
1469 1946 10 29 i
1505 1947 17 28 2
1551 1945 14 36 $
1594 1946 17 28 38

877 2000 105 21 mom.
1009 1990 64 30 och
1099 1999 73 20 som
1199 1990 127 38 erlagts
1351 1988 54 31 för
1429 1989 67 28 den
1521 1988 9 28 i
1557 1997 54 19 ex-

878 2035 188 38 portvaran
1089 2032 169 39 ingående
1281 2031 141 39 spriten.

156 2367 121 28 Denna
298 2363 204 39 förordning
524 2363 113 29 träder
658 2363 7 28 i
688 2362 93 28 kraft
802 2361 66 29 den
890 2361 12 28 1
925 2360 66 39 juli
1015 2359 92 29 1961.
