1852 2778
252 128 18 30 2
629 128 252 27 Statsutskottets
905 129 163 28 utlåtande
1090 138 40 18 nr
1152 131 56 27 120
1231 131 35 27 år
1289 132 76 27 1957

251 207 413 39 varvsmyndigheternas
694 209 227 39 medgivande
952 210 219 31 fortfarande
1201 212 65 29 och
1296 215 23 27 t.
1349 222 30 19 v.
1409 213 9 29 i
1450 223 136 20 samma
1615 215 122 39 tjänst,

252 250 88 29 dock
365 251 114 39 längst
503 252 52 29 till
579 253 66 29 den
669 253 37 29 31
735 263 94 20 mars
854 254 236 31 innevarande
1115 256 48 34 år,
1188 256 55 30 för
1268 259 50 27 att
1342 258 188 29 eventuellt
1555 259 121 29 kunna
1701 260 36 29 få

251 294 53 30 sin
330 296 267 40 pensionsfråga
622 298 144 29 ordnad.

305 339 96 30 Hans
422 342 265 39 sammanlagda
706 342 183 39 tjänstetid
910 345 101 38 utgör
1031 344 103 30 alltså
1153 345 40 30 32
1215 345 38 29 år
1274 347 63 28 och
1360 346 35 29 11
1420 346 178 36 månader,
1619 348 116 29 vartill

250 383 159 30 kommer
431 385 98 29 cirka
553 388 48 27 ett
624 386 55 30 års
703 387 183 38 tjänstetid
909 388 11 29 i
944 389 199 29 lotsverket.

305 429 74 29 Den
403 429 88 30 först
516 430 209 30 tillerkända
750 432 264 38 pensionstiden
1039 434 161 38 utgjorde
1228 434 39 29 12
1293 434 47 35 år,
1375 435 9 29 5
1409 435 170 30 månader
1604 437 64 29 och
1693 438 38 28 21

249 473 116 39 dagar,
394 483 79 20 men
500 474 45 39 på
573 475 150 29 särskild
750 476 262 40 framställning
1039 478 64 28 har
1130 478 126 39 Kungl.
1284 479 104 39 Maj:t
1416 481 78 28 med
1523 481 211 40 hänvisning

249 517 51 29 till
323 517 93 29 olika
437 518 264 31 bestämmelser
723 521 123 29 utökat
869 521 95 29 tiden
987 522 78 29 med
1091 522 39 29 10
1152 522 39 30 år
1214 523 64 29 och
1302 523 18 29 8
1344 524 177 30 månader.
1546 525 92 29 Kvar
1662 526 71 30 står

249 562 88 28 dock
358 562 56 29 det
435 562 141 30 faktum
597 566 50 27 att
668 564 115 29 denna
804 565 265 40 tidsberäkning
1089 567 122 30 endast
1234 569 101 38 utgör
1357 569 148 39 ungefär
1527 570 58 29 två
1607 571 126 39 tredje-

248 606 95 29 delar
375 615 41 20 av
447 607 79 29 hela
558 608 239 38 tjänstetiden.
831 610 74 29 Den
936 611 148 38 pension
1118 620 74 20 som
1225 612 201 30 Andersson
1459 614 140 29 erhållit
1632 617 101 37 utgör

247 650 147 39 ungefär
415 651 63 29 430
500 652 130 29 kronor
650 662 61 29 per
731 653 140 30 månad.
892 655 102 29 Detta
1014 655 126 40 belopp
1162 657 38 29 är
1222 656 38 30 så
1281 657 84 34 litet,
1386 659 50 28 att
1457 658 71 29 han
1550 659 76 30 icke
1647 659 85 31 bara

247 694 110 30 måste
377 695 127 39 begära
526 697 276 30 skattebefrielse
824 700 85 28 utan
930 700 87 29 även
1040 700 95 38 löper
1157 701 73 28 risk
1252 703 50 28 att
1323 702 133 29 behöva
1478 704 110 28 anlita
1611 705 120 28 social-

245 739 140 29 vården.
420 740 66 29 Vid
511 740 65 30 full
600 742 147 38 pension
771 743 112 29 skulle
906 743 69 29 han
1000 744 158 30 däremot
1182 745 133 30 erhålla
1339 747 148 38 ungefär
1513 748 60 29 661
1601 748 130 30 kronor

244 792 61 29 per
325 783 137 30 månad.
483 784 67 29 Om
570 786 30 38 ej
623 785 311 40 riksdagsbeslutet
953 788 11 29 i
984 788 283 40 försvarsfrågan
1287 790 204 31 tillkommit
1514 792 83 29 1926
1619 793 111 30 skulle

244 827 69 29 han
333 837 46 20 nu
398 828 77 30 haft
493 838 44 20 en
555 831 144 38 tryggad
718 830 190 30 ålderdom.
927 832 52 29 Då
999 833 219 30 Anderssons
1237 835 268 40 pensionsfråga
1526 846 102 29 synes
1648 846 82 21 vara

245 874 47 27 ett
316 873 192 38 specialfall
535 874 110 30 måste
669 875 56 29 det
751 885 101 20 anses
876 885 83 21 vara
985 877 128 39 skäligt
1137 880 49 27 att
1211 879 71 29 han
1307 880 149 30 erhåller
1481 881 65 29 full
1573 882 156 38 pension.

300 960 71 30 Hos
394 961 126 40 Kungl.
542 963 104 39 Maj:t
669 964 119 29 anhöll
810 965 201 30 Andersson
1033 966 39 29 år
1096 966 83 30 1956
1202 969 50 28 att
1274 968 57 29 vid
1354 969 178 40 avgången
1556 979 41 20 ur
1620 970 109 39 tjänst

243 1014 143 29 konumna
410 1015 11 29 i
447 1015 209 40 åtnjutande
683 1026 42 20 av
751 1018 191 30 oavkortad
967 1021 158 37 pension.

297 1068 13 28 I
331 1068 147 30 häröver
500 1070 134 39 avgivet
657 1071 181 30 utlåtande
860 1072 146 30 anförde
1028 1073 192 40 försvarets
1243 1075 296 41 civilförvaltning
1562 1077 167 40 följande.

297 1130 195 35 Sökanden,
514 1141 76 20 som
611 1134 38 28 är
669 1133 84 30 född
774 1134 67 29 den
862 1134 18 30 3
902 1136 195 38 september
1121 1136 93 35 1893,
1237 1147 102 29 synes
1360 1138 57 29 vid
1439 1139 224 39 uppnåendet
1685 1149 41 20 av

239 1174 67 29 den
331 1175 54 29 för
409 1175 132 30 honom
564 1177 11 28 i
600 1177 243 31 innehavande
867 1179 197 40 befattning
1089 1181 159 38 gällande
1273 1182 453 41 pensioneringsperiodens

239 1219 80 29 övre
338 1220 104 38 gräns
461 1221 80 29 med
560 1222 174 38 utgången
752 1231 42 20 av
814 1224 194 37 september
1030 1224 83 30 1956
1133 1225 120 30 kunna
1273 1226 149 40 åberopa
1442 1237 42 20 en
1504 1228 56 29 för
1579 1229 146 38 pension

237 1263 202 40 beräknelig
464 1265 185 38 tjänstetid
675 1275 41 20 av
743 1266 19 29 8
788 1267 38 29 år
855 1267 15 29 7
898 1268 178 30 månader.
1101 1287 44 3 —
1171 1270 50 29 Av
1248 1271 476 41 ansökningshandlingarna

238 1308 64 28 och
327 1317 41 20 av
392 1308 191 31 försvarets
608 1310 295 40 civilförvaltning
926 1312 239 31 införskaffad
1192 1315 187 39 utredning
1404 1316 166 40 framgår,
1597 1320 49 27 att
1672 1319 52 28 sö-

237 1352 140 30 kanden
402 1353 162 30 innehaft
589 1354 30 39 ej
646 1355 408 40 pensionsberättigande
1079 1359 214 39 anställning
1318 1360 10 28 i
1355 1362 131 28 statens
1513 1361 111 39 tjänst
1651 1363 72 29 dels

238 1396 116 30 såsom
373 1400 96 27 extra
490 1398 193 39 fyrbiträde
704 1399 278 39 tidsperioderna
1003 1402 67 29 den
1091 1402 40 29 23
1154 1403 202 39 april—den
1377 1405 18 28 5
1418 1406 187 29 november
1629 1407 93 34 1920,

237 1441 66 29 den
327 1441 38 30 13
385 1442 193 38 juni-—den
600 1443 41 30 26
662 1444 145 29 oktober
830 1444 92 35 1927,
945 1446 66 29 den
1034 1446 19 29 8
1075 1448 186 29 november
1285 1448 197 31 1927-—den
1504 1450 41 29 20
1568 1451 155 29 februari

238 1485 84 30 1928
347 1488 90 28 samt
463 1488 67 28 den
558 1488 18 29 2
603 1489 209 29 mars—den
840 1489 39 29 19
905 1490 88 39 april
1020 1491 65 29 och
1111 1492 67 29 den
1205 1492 18 29 3
1251 1493 186 39 maj-—den
1465 1495 40 29 23
1532 1495 67 39 juli
1628 1496 93 34 1928,

235 1530 73 29 dels
328 1530 116 30 såsom
463 1532 173 40 manskap
656 1534 80 28 över
757 1535 68 28 stat
845 1534 278 39 tidsperioderna
1143 1537 66 29 den
1229 1536 19 30 9
1269 1538 70 38 maj
1365 1538 197 30 1940—den
1583 1540 40 30 30
1644 1541 78 39 juni

237 1574 84 29 1944
345 1575 65 29 och
434 1576 66 29 den
528 1577 14 28 1
571 1577 180 30 december
778 1578 197 30 1944—den
1001 1579 41 30 30
1067 1580 78 38 juni
1172 1581 94 34 1946,
1292 1582 73 30 dels
1391 1584 64 28 ock
1482 1584 117 29 såsom
1625 1587 96 27 extra

234 1619 216 39 tjänsteman
468 1621 97 29 tiden
585 1622 66 29 den
672 1622 14 28 1
709 1622 66 38 juli
798 1622 196 31 1946—den
1015 1624 38 29 31
1078 1634 93 20 mars
1194 1625 94 30 1955.
1309 1644 44 3 —
1372 1627 348 42 Civilförvaltningen

234 1663 202 40 tillstyrker,
460 1667 50 27 att
533 1666 125 39 Kungl.
681 1666 106 39 Maj:t
810 1668 78 29 med
912 1668 76 29 stöd
1012 1678 42 19 av
1078 1669 38 30 15
1141 1674 16 35 8
1181 1670 18 29 3
1223 1679 104 21 mom.
1353 1671 82 30 1947
1460 1672 56 30 års
1541 1674 179 30 allmänna

233 1708 511 41 tjänstepensionsreglemente
772 1711 185 40 medgiver,
986 1715 51 27 att
1066 1713 115 30 såsom
1210 1714 152 39 tjänstår
1389 1716 10 29 i
1427 1717 292 39 pensionshänse-

232 1753 87 28 ende
336 1753 107 39 enligt
459 1754 226 39 reglementet
703 1755 57 29 må
778 1756 275 38 tillgodoräknas
1073 1759 179 29 sökanden
1271 1760 54 30 2/3
1343 1769 41 20 av
1403 1763 155 28 nämnda
1577 1764 142 29 anställ-

232 1797 194 39 ningstider
448 1799 84 29 eller
555 1799 11 28 i
589 1799 180 38 avjämnat
793 1801 48 28 tal
866 1800 39 30 10
929 1801 38 29 år
991 1801 19 30 8
1034 1802 177 31 månader.

284 1885 261 31 Statskontoret
570 1887 147 31 anförde
738 1889 10 29 i
771 1889 188 40 anledning
981 1899 43 20 av
1046 1892 242 39 ansökningen
1311 1893 167 40 följande.

285 1947 267 40 Handlingarna
580 1951 123 33 utvisa,
735 1953 50 27 att
814 1952 201 30 Andersson
1047 1954 137 39 uppnår
1214 1955 66 29 den
1311 1956 54 29 för
1395 1956 129 30 honom
1557 1958 158 38 gällande

228 1992 454 40 pensioneringsperiodens
704 1996 81 29 övre
807 1997 104 38 gräns
934 1997 67 29 den
1025 1997 41 30 30
1090 1999 195 38 september
1310 2000 82 30 1956
1416 2001 64 29 och
1504 2004 51 27 att
1578 2002 70 29 han
1672 2003 43 29 då

229 2036 340 41 författningsenligt
597 2039 70 29 kan
696 2040 122 34 räkna,
848 2040 155 31 förutom
1032 2043 331 39 anställningstiden
1393 2054 75 20 som
1498 2048 97 28 extra
1625 2047 90 29 ordi-

228 2081 97 29 narie
348 2081 346 40 befattningshavare
718 2084 58 30 vid
800 2085 235 39 örlogsvarvet
1059 2087 10 29 i
1095 2087 225 36 Karlskrona,
1345 2089 131 39 jämväl
1502 2091 54 30 2/3
1582 2100 42 21 av
1648 2092 66 29 den

229 2125 49 29 tid
305 2126 70 29 han
401 2127 88 29 efter
516 2128 110 38 fyllda
653 2129 37 28 21
721 2128 38 30 år
786 2130 160 30 innehaft
972 2131 71 30 fast
1070 2133 214 39 anställning
1312 2134 115 29 såsom
1454 2136 175 39 manskap
1656 2137 57 29 vid

226 2169 182 31 försvaret.
438 2172 183 38 Därjämte
640 2174 79 37 äger
738 2174 70 29 han
826 2175 141 38 jämlikt
986 2176 125 39 Kungl.
1132 2177 123 39 Maj:ts
1272 2179 114 29 beslut
1405 2180 67 30 den
1491 2181 18 29 5
1529 2181 78 39 juni
1630 2183 82 30 1953

225 2213 259 40 tillgodoräkna
510 2216 54 31 2/3
590 2226 42 20 av
657 2219 373 39 anställningstiderna
1054 2222 81 29 över
1162 2224 68 28 stat
1255 2223 57 30 vid
1338 2224 127 30 flottan
1492 2226 111 29 under
1629 2227 83 29 åren

228 2258 226 32 1940-—1946.
497 2261 126 30 Inalles
654 2263 113 29 skulle
797 2264 201 30 Andersson
1030 2266 133 30 således
1194 2269 85 28 utan
1311 2269 142 30 särskilt
1484 2267 228 47 medgivande

225 2303 122 30 kunna
373 2305 111 29 räkna
510 2307 234 38 sammanlagt
770 2308 101 38 högst
900 2309 38 29 12
965 2309 39 30 år
1030 2310 18 29 5
1077 2311 167 30 månader
1271 2313 40 29 20
1339 2314 107 38 dagar
1472 2315 56 29 för
1554 2316 156 38 pension.

223 2365 43 3 —
287 2348 258 32 Statskontoret
567 2351 64 30 har
651 2351 76 30 icke
749 2352 105 38 något
876 2356 49 27 att
947 2355 117 29 erinra
1085 2358 72 27 mot
1180 2358 49 28 att
1251 2357 201 31 Andersson
1475 2360 55 29 får
1553 2361 157 39 tillgodo-

224 2393 112 29 räkna
360 2394 18 29 6
403 2394 39 29 år
467 2395 39 29 10
532 2395 167 30 månader
723 2397 83 29 eller
831 2398 54 30 2/3
909 2407 42 20 av
974 2399 120 38 övriga
1118 2400 194 39 åberopade
1338 2403 75 30 icke
1438 2401 273 47 pensionsgrun-

224 2437 113 30 dande
356 2439 395 40 anställningsperioder
769 2451 57 20 om
846 2444 234 39 sammanlagt
1100 2444 39 30 10
1158 2445 37 29 år
1225 2446 8 29 3
1253 2446 166 31 månader
1438 2449 37 29 21
1499 2449 117 38 dagar,
1636 2459 75 19 var-
