2234 2684
398 118 41 32 10
834 119 343 34 Jordbruksutskottets
1199 121 162 33 utlåtande
1384 122 53 32 Nr
1460 124 78 31 109.

395 214 54 34 att
485 210 115 37 riktas
633 211 136 50 jämväl
805 215 74 34 mot
915 212 220 38 innehavare
1163 227 45 23 av
1238 227 120 23 annan
1386 215 141 36 kronan
1555 216 180 48 olagligen
1762 217 227 48 frångången

390 266 95 49 jord,
507 266 162 37 kommer
687 269 53 34 att
759 273 93 42 ägna
870 269 251 35 motsvarande
1140 269 322 48 uppmärksamhet
1475 270 137 49 jämväl
1631 273 38 35 åt
1687 272 102 36 dessa
1803 271 184 50 jordinne-

394 322 152 37 havares
576 322 173 48 ställning
773 323 77 45 och,
881 323 120 36 därest
1029 326 38 33 så
1096 324 117 36 skulle
1233 324 117 36 finnas
1369 324 137 49 nödigt,
1528 331 91 31 även
1638 325 14 37 i
1671 328 176 35 avseende
1866 330 21 33 å
1906 328 81 36 dem

395 376 213 37 föranstalta
640 390 56 23 om
725 378 70 35 den
822 378 285 48 undersökning,
1138 391 75 24 som
1242 379 73 36 kan
1341 380 118 35 finnas
1487 380 223 49 erforderlig,
1741 381 57 37 för
1825 385 53 33 att
1904 382 83 37 icke

395 443 129 36 genom
553 434 53 33 ett
633 432 161 48 ensidigt
820 433 190 36 hävdande
1035 446 44 23 av
1099 433 260 37 statsintresset
1378 434 166 36 enskilda
1562 448 171 34 personer
1752 438 57 33 må
1828 436 158 48 tillfogas

394 485 150 49 onödigt
571 485 157 37 lidande.
785 487 83 36 Den
887 500 45 24 av
952 487 264 37 motionärerna
1237 488 188 37 förordade
1440 489 201 37 skrivelsen
1656 490 57 36 till
1727 491 136 47 Kungl.
1880 491 108 49 Maj:t

394 541 103 36 torde
526 541 121 36 därför
675 541 115 48 enligt
817 542 196 36 utskottets
1041 542 233 37 förmenande
1301 543 82 36 icke
1410 556 86 24 vara
1524 556 44 25 av
1595 545 155 36 behovet
1777 546 180 47 påkallad.

500 595 52 36 På
580 596 119 47 grund
727 608 45 25 av
799 597 70 36 vad
897 597 149 36 sålunda
1076 597 137 36 anförts
1241 597 56 36 får
1323 598 178 37 utskottet
1528 599 198 46 hemställa,

926 709 53 32 att
1016 706 235 36 förevarande
1288 706 135 36 motion
1456 707 81 36 icke
1565 711 57 32 må
1650 709 57 35 till
1734 711 118 44 någon
1881 709 106 36 Riks-

820 759 134 48 dagens
983 760 126 47 åtgärd
1137 760 194 36 föranleda.

501 867 206 36 Stockholm
737 869 69 35 den
838 870 48 33 28
916 868 93 48 april
1041 871 111 33 1913.

863 977 51 35 På
938 977 395 49 jordbruksutskottets
1361 984 149 42 vägnar:

1015 1079 161 43 GÖSTA
1204 1086 158 37 TAMM.

498 1365 211 29 Närvarande:
744 1365 54 30 hrr
832 1365 125 38 Tamm,
994 1365 165 39 Odelberg,
1195 1366 74 31 frih.
1298 1367 47 29 De
1368 1366 91 38 Geer,
1483 1367 147 37 Paulson,
1656 1367 131 37 Fahlén,
1813 1368 172 40 Lindblad,

390 1408 159 37 Ericsson,
586 1409 147 38 Lundell,
770 1410 180 38 Kronlund,
984 1411 186 37 Hellström,
1207 1411 186 39 Ingeström,
1430 1412 204 37 Lundström,
1670 1412 128 31 Nilsson
1831 1414 10 29 i
1865 1414 118 39 Tånga,

390 1454 133 37 Bosson,
549 1454 86 39 Tysk
659 1456 60 30 och
743 1455 128 31 Nilsson
894 1457 10 29 i
928 1456 128 30 Linnås.

1040 1733 289 40 Reservation

388 1856 45 23 av
461 1843 46 38 Å.
544 1844 37 34 T.
617 1843 173 46 Odelberg,
822 1844 42 35 P.
896 1844 167 44 Paulson,
1099 1844 45 36 A.
1175 1845 48 35 H.
1254 1845 145 44 Fahlén,
1429 1846 48 35 E.
1507 1845 47 36 A.
1584 1846 188 44 Lindblad,
1803 1846 104 46 Aaby
1934 1846 48 35 A.

396 1898 54 35 W.
482 1898 184 43 Ericsson,
697 1898 42 35 P.
774 1898 37 35 O.
843 1899 152 35 Lundell
1023 1899 66 34 och
1117 1899 43 34 P.
1191 1899 44 35 B.
1266 1899 154 44 Nilsson,
1451 1900 100 36 vilka
1579 1903 118 33 ansett
1716 1903 53 33 att
1786 1900 197 36 utskottets

387 1952 187 35 utlåtande
603 1952 83 35 bort
713 1953 93 35 hava
834 1952 158 48 följande
1019 1952 152 47 lydelse:

504 2059 76 36 >De
608 2059 14 36 i
651 2059 182 36 motionen
861 2060 151 36 berörda
1041 2060 271 36 förhållandena
1340 2066 61 31 äro
1425 2060 114 48 enligt
1556 2061 196 37 utskottets
1772 2062 147 47 mening
1937 2074 46 24 av

388 2113 256 36 beskaffenhet
672 2117 52 32 att
752 2114 144 47 påkalla
924 2114 165 47 allvarlig
1117 2115 321 47 uppmärksamhet
1465 2116 81 34 från
1574 2116 298 36 statsmakternas
1891 2116 88 35 sida.

388 2168 219 46 Uppenbart
634 2169 102 34 torde
764 2181 96 32 vara,
891 2172 53 32 att
971 2170 45 34 de
1041 2169 169 47 anspråk,
1232 2181 74 23 som
1326 2170 81 35 från
1426 2170 140 35 kronan
1585 2170 128 36 väckts
1732 2171 88 35 eller
1838 2171 144 35 komma

388 2224 53 33 att
470 2221 137 37 väckas
636 2222 13 35 i
678 2222 102 47 fråga
797 2235 54 23 om
875 2222 232 48 återvinning
1126 2236 45 24 av
1189 2223 140 36 kronan
1348 2224 179 47 olagligen
1546 2224 181 36 frånhänd
1742 2224 91 49 jord,
1857 2224 125 36 kunna
