1906 2806
541 175 289 31 Statsutskottets
853 176 185 30 memorial
1061 176 53 31 Nr
1137 178 51 29 68.
1550 176 21 31 3

110 258 55 33 för
195 259 207 37 budgetåret
436 260 213 31 1927—1928
677 261 126 30 anvisa
827 262 50 30 ett
900 262 99 30 extra
1024 262 361 36 reservationsanslag
1408 272 46 20 av
1477 262 138 35 500,000

110 313 145 33 kronor;

155 361 33 36 b)
221 363 176 36 medgiva,
429 365 54 29 att
513 363 58 32 till
603 364 66 31 den
704 364 60 31 vid
788 364 335 37 skytteförbundens
1142 366 251 36 överstyrelses
1416 366 200 36 expedition

109 415 181 31 anställda
318 415 218 36 personalen,
565 415 76 31 med
671 416 184 36 undantag
882 427 45 20 av
951 417 334 36 kassaförvaltaren,
1309 417 92 37 finge
1425 418 80 30 från
1529 418 85 30 före-

111 466 142 36 fintliga
277 467 258 30 reservationer
550 467 112 31 under
678 469 99 29 extra
794 468 161 36 anslaget
971 468 58 31 till
1046 468 57 31 det
1119 468 179 36 frivilliga
1314 468 301 36 skytteväsendets

113 517 239 36 befrämjande
376 518 113 31 under
511 519 39 30 år
574 519 83 31 1927
682 519 174 31 utbetalas
881 519 267 36 dyrtidstillägg
1173 520 113 36 enligt
1302 520 40 31 de
1359 520 164 36 grunder,
1541 530 73 21 som

111 570 54 31 för
192 579 136 22 samma
350 571 40 29 år
418 580 83 21 voro
524 570 85 31 eller
632 570 117 32 kunde
773 571 111 31 varda
907 571 180 32 bestämda
1116 572 11 30 i
1152 572 102 36 fråga
1277 582 55 21 om
1350 572 264 37 dyrtidstillägg

109 623 39 30 åt
172 622 353 35 befattningshavare
549 622 12 31 i
584 624 134 29 statens
741 623 122 36 tjänst.

156 673 72 31 dels
260 673 64 31 ock
356 683 45 21 av
434 674 80 30 herr
545 674 32 30 J.:
609 674 143 31 Nilsson
776 675 12 30 i
812 674 132 31 Malmö
968 685 44 20 m.
1042 675 49 36 fl.,
1116 675 100 30 vilka
1239 675 189 37 hemställt,
1451 677 54 30 att
1528 676 87 30 riks-

110 724 117 36 dagen
251 725 110 30 måtte

155 773 34 36 a)
221 775 77 32 med
332 776 103 31 bifall
468 776 56 32 till
548 776 66 32 den
638 787 44 20 av
706 777 81 31 herr
809 776 208 37 Lindhagen
1040 778 126 31 väckta
1190 779 178 31 motionen
1390 778 27 31 I:
1431 779 61 30 171
1517 778 97 31 avslå

109 828 103 30 såväl
241 827 57 32 det
326 838 46 20 av
400 828 135 36 Kungl.
564 828 102 37 Maj:t
690 829 223 31 framställda
938 829 165 37 förslaget
1128 840 73 21 som
1225 830 41 31 de
1289 841 45 20 av
1358 831 79 31 herr
1459 830 157 37 Trygger

112 889 45 21 m.
187 879 35 31 fl.
246 880 63 30 och
333 880 79 30 herr
435 880 177 31 Lindman
636 890 45 21 m.
706 881 34 30 fl.
766 881 127 31 väckta
917 882 219 30 motionerna
1159 882 28 30 I:
1200 883 40 30 77
1264 883 64 30 och
1350 882 46 31 II:
1414 883 38 30 91
1476 892 57 21 om
1556 892 60 20 an-

114 931 145 31 visande
292 941 44 20 av
371 932 125 35 anslag
519 932 53 31 för
596 932 208 36 budgetåret
828 933 212 31 1927—1928
1065 934 54 30 för
1143 933 57 31 det
1223 934 176 36 frivilliga
1421 934 195 36 skytteväs-

109 982 123 31 endets
255 983 258 36 befrämjande;

157 1031 35 36 b)
224 1034 174 37 medgiva,
431 1036 53 30 att
514 1035 57 31 till
604 1035 65 31 den
699 1035 61 31 vid
788 1036 335 36 skytteförbundens
1145 1037 248 36 överstyrelses
1416 1037 199 36 expedition

109 1086 182 32 anställda
323 1088 217 35 personalen,
574 1087 76 31 med
674 1088 184 36 undantag
881 1098 45 21 av
950 1088 334 37 kassaförvaltaren,
1308 1089 93 36 finge
1426 1089 79 31 från
1529 1089 87 31 före-

114 1139 143 35 fintliga
289 1140 254 30 reservationer
576 1139 110 31 under
709 1141 99 29 extra
831 1140 161 36 anslaget
1015 1140 57 31 till
1097 1140 57 31 det
1177 1141 178 36 frivilliga
1377 1141 238 36 skytteväsen-

110 1190 78 31 dets
212 1190 241 36 befrämjande
477 1190 110 31 under
610 1192 40 29 år
674 1192 83 30 1927
781 1192 175 31 utbetalas
980 1192 265 36 dyrtidstillägg
1269 1193 112 35 enligt
1397 1193 40 30 de
1453 1192 162 37 grunder,

113 1251 75 21 som
221 1242 53 30 för
307 1252 133 21 samma
472 1244 39 29 år
535 1252 83 21 voro
641 1243 86 30 eller
750 1243 117 31 kunde
891 1243 110 31 varda
1024 1244 179 30 bestämda
1228 1245 12 30 i
1264 1244 101 36 fråga
1387 1255 55 20 om
1466 1243 150 38 dyrtids-

110 1293 132 35 tillägg
265 1294 37 30 åt
326 1294 351 36 befattningshavare
701 1295 12 30 i
738 1296 131 29 statens
894 1295 120 36 tjänst.

157 1406 121 30 Första
301 1406 199 31 kammaren
522 1407 63 30 har
607 1417 48 20 nu
678 1408 135 35 antagit
835 1407 56 31 det
915 1407 138 36 förslag,
1077 1418 72 20 som
1166 1408 186 31 innefattas
1369 1409 12 30 i
1397 1408 64 31 den
1476 1418 43 21 av
1537 1408 79 30 herr

114 1457 129 31 Widell
278 1468 44 21 m.
348 1458 33 31 fl.
412 1459 151 36 avgivna
586 1460 263 36 reservationen,
874 1462 152 29 varemot
1048 1461 110 30 andra
1181 1461 199 30 kammaren
1403 1461 128 30 bifallit
1554 1460 63 31 den

112 1520 48 20 av
183 1510 79 30 herr
285 1510 33 31 J.
344 1510 140 31 Nilsson
508 1511 12 30 i
544 1511 129 31 Malmö
697 1521 44 21 m.
766 1512 33 30 fl.
824 1512 151 36 avgivna
999 1513 261 30 reservationen.

160 1562 199 31 Kamrarna
385 1562 91 31 hava
499 1563 146 31 sålunda
668 1564 102 31 fattat
793 1565 370 31 sammanstämmande
1187 1565 109 31 beslut
1319 1565 211 31 beträffande
1554 1565 63 30 frå-

114 1624 69 25 gan
207 1624 54 21 om
284 1614 261 37 dyrtidstillägg
569 1615 55 31 till
647 1615 64 31 den
735 1616 60 30 vid
819 1616 321 36 skytteförbundens
1163 1617 238 37 överstyrelses
1424 1617 193 36 expedition

110 1666 178 31 anställda
321 1668 209 35 personalen,
565 1670 154 29 varemot
754 1669 11 30 i
801 1668 97 36 fråga
921 1679 56 20 om
1000 1670 120 35 anslag
1143 1670 57 30 till
1222 1670 56 31 det
1301 1670 169 35 frivilliga
1493 1670 125 35 skytte-

115 1719 180 31 väsendets
328 1720 237 36 befrämjande
599 1721 185 30 kamrarna
813 1723 140 29 stannat
976 1722 11 30 i
1012 1721 145 36 stridiga
1180 1722 120 35 beslut,
1324 1723 12 29 i
1359 1722 56 30 det
1438 1724 50 28 att
1511 1722 106 30 första

115 1771 200 31 kammaren
353 1772 55 30 för
445 1772 121 31 sådant
603 1773 163 31 ändamål
803 1774 138 30 anvisat
979 1775 48 30 ett
1064 1776 97 29 extra
1196 1774 343 35 reservationsanslag
1573 1783 43 20 av

113 1823 142 36 500,000
291 1824 134 37 kronor,
460 1825 107 31 under
591 1825 56 31 det
670 1827 52 29 att
744 1826 109 31 andra
877 1826 197 31 kammaren
1098 1827 153 35 avslagit
1274 1826 341 35 framställningarna

113 1885 58 21 om
194 1876 190 31 anvisande
406 1887 46 20 av
476 1877 107 31 medel
607 1877 54 30 för
684 1878 206 31 ändamålet.

159 1980 69 31 För
258 1981 217 31 sistnämnda
510 1982 115 36 frågas
659 1982 195 36 avgörande
877 1982 139 31 medelst
1040 1993 192 25 gemensam
1256 1983 211 36 omröstning
1491 1983 54 30 får
1568 1984 50 28 ut-

116 2033 123 31 skottet
262 2033 125 31 föreslå
410 2034 151 36 följande
585 2035 398 36 voteringsproposition:

163 2085 102 36 »Den,
300 2095 72 21 som
407 2087 13 29 i
453 2087 109 30 likhet
595 2087 76 31 med
707 2087 105 31 första
846 2088 198 30 kammaren
1078 2087 73 36 vill,
1184 2089 50 29 att
1258 2087 180 36 riksdagen
1462 2088 56 29 må
1541 2086 75 31 med

116 2137 102 31 bifall
242 2138 55 30 till
321 2137 40 31 de
384 2148 45 21 av
452 2138 79 31 herr
555 2139 153 36 Trygger
731 2149 45 21 m.
801 2139 33 30 fl.
860 2139 61 31 och
944 2140 78 30 herr
1045 2140 174 30 Lindman
1243 2150 43 20 m.
1312 2140 32 30 fl.
1362 2140 123 30 väckta
1502 2139 117 30 motio-

116 2199 105 21 nerna
244 2189 92 32 I:77
372 2190 62 30 och
469 2190 109 32 II:91
613 2193 88 28 samt
725 2191 78 31 med
825 2192 120 35 avslag
968 2193 22 29 å
1012 2192 64 30 den
1099 2202 43 19 av
1167 2192 79 30 herr
1269 2191 203 36 Lindhagen
1495 2191 124 30 väckta

116 2242 173 30 motionen
313 2241 113 32 I:171
452 2243 55 30 till
531 2242 56 31 det
609 2243 175 36 frivilliga
808 2243 306 36 skytteväsendets
1138 2243 245 37 befrämjande
1407 2243 52 30 för
1482 2242 138 36 budget-

113 2294 75 29 året
212 2293 215 31 1927—1928
451 2295 121 30 anvisa
595 2296 46 29 ett
664 2296 97 29 extra
782 2295 343 36 reservationsanslag
1142 2306 43 19 av
1203 2296 138 34 300,000
1359 2296 133 34 kronor,
1511 2296 108 29 röstar

839 2355 60 35 Ja;

162 2414 83 36 Den,
270 2414 55 31 det
348 2415 32 35 ej
406 2415 74 36 vill,
507 2417 108 29 röstar

831 2476 82 37 Nej;
