1862 2796
515 136 122 30 Första
656 134 239 37 lagutskottets
916 132 176 32 utlåtande
1112 141 42 21 nr
1176 132 47 29 19.
1575 123 38 30 13

517 215 149 29 Aborter
691 213 141 40 utförda
859 212 106 39 enligt
992 211 213 39 abortlagen.

112 287 64 26 1939
263 286 66 26 1940
424 285 63 27 1941
576 284 66 26 1942
737 282 66 27 1943
907 281 64 26 1944
1075 280 66 26 1945
1286 279 65 25 1946
1512 276 65 26 1947

109 336 60 31 439
265 336 60 30 506
422 335 60 30 496
578 333 61 31 568
735 332 59 31 703
891 331 88 30 1088
1067 330 89 30 1623
1242 338 36 21 <ca
1302 328 89 30 2400
1467 336 37 21 ca
1528 326 92 30 3540

157 429 67 29 För
247 428 96 30 tiden
366 428 66 30 den
458 428 14 29 1
497 426 256 41 januari—den
777 426 20 29 4
820 424 68 41 juli
912 423 84 31 1947
1019 422 185 39 föreligger
1229 420 187 31 statistiskt
1440 419 178 30 bearbetat

107 480 170 31 material.

153 531 117 30 Under
293 531 116 29 denna
430 529 51 30 tid
504 529 160 29 utfördes
689 527 93 30 1637
810 526 111 40 legala
945 526 148 33 aborter,
1119 524 107 30 därav
1250 523 94 30 1125
1370 521 82 31 eller
1476 520 79 35 68,72
1582 519 31 34 I

109 581 89 30 efter
219 581 114 30 beslut
357 590 43 21 av
420 579 371 39 medicinalstyrelsen,
815 578 63 29 506
901 577 83 30 eller
1009 576 77 34 30,91
1116 575 31 34 2
1178 575 88 30 efter
1290 573 113 30 beslut
1428 582 41 20 av
1491 572 59 29 två
1572 571 48 29 lä-

110 633 84 29 kare
216 634 90 28 samt
326 632 18 29 6
365 631 82 30 eller
466 631 56 34 0,37
546 630 31 34 Z
603 630 89 29 efter
710 629 114 30 beslut
846 638 42 20 av
906 637 43 20 en
971 628 120 29 läkare
1117 625 183 35 (nödfall).

156 683 49 29 De
231 692 42 20 av
295 680 361 39 medicinalstyrelsen
681 680 179 29 beslutade
887 679 94 29 1125
1010 678 186 29 aborterna
1220 675 135 31 fördela
1381 674 51 39 sig
1456 674 88 29 efter
1569 673 52 29 in-

113 733 197 30 dikationer
330 733 46 39 på
395 732 157 39 följande
575 732 69 29 sätt

278 802 137 30 Eugenisk
634 800 153 23 Medicinsk
806 799 51 24 och
875 798 245 24 social-medicinsk
1323 795 172 24 Humanitär

574 834 233 29 Rättsinkapabla

608 867 171 30 (psykotiska
959 865 203 30 Rättskapabla

625 900 136 30 tillstånd)

312 952 61 30 310
680 949 60 30 396
1046 948 61 29 414
1404 945 19 30 5

163 1029 49 29 De
239 1027 63 30 414
330 1027 109 31 fallen
467 1036 43 21 av
536 1026 197 30 medicinsk
761 1025 65 30 och
855 1023 319 31 social-medicinsk
1201 1021 198 30 indikation
1428 1021 63 29 hos
1520 1021 103 28 rätts-

115 1080 151 40 kapabla
291 1079 150 31 kvinnor
465 1077 136 31 fördela
629 1077 51 39 sig
705 1076 162 30 sålunda:

1447 1141 87 23 Förut
1552 1140 58 23 icke

502 1197 4 5 s
1182 1177 88 23 Sviter
1288 1176 68 23 efter
1469 1174 124 23 nämnda

156 1217 117 30 Svaghet
383 1198 190 58 Deptetslons-
639 1195 13 25 1
673 1194 55 60 3?)
745 1196 94 57 abort-
943 1202 120 44 Hjärtfel
1207 1200 126 44 barnför-
1451 1208 161 29 sjukdomar

728 1236 15 24 g
1206 1244 127 29 lamning
1446 1242 64 23 eller
1528 1242 84 23 sviter

1486 1276 86 23 därav

180 1332 59 31 267
468 1331 38 30 76
717 1330 37 29 31
1003 1327 18 30 9
1269 1326 19 30 5
1513 1324 40 30 26

164 1409 49 30 De
240 1418 41 20 av
304 1408 56 29 två
385 1407 118 30 läkare
527 1406 181 30 beslutade
732 1405 62 30 506
820 1405 186 29 aborterna
1027 1404 46 29 ha
1098 1403 11 29 i
1132 1403 59 30 två
1214 1402 63 30 fall
1300 1401 170 30 beslutats
1495 1400 46 40 på
1563 1400 65 29 hu-

121 1459 152 29 manitär
294 1458 208 33 indikation,
524 1457 12 29 i
556 1456 112 39 övrigt
690 1456 44 39 på
755 1455 196 29 medicinsk
972 1454 84 29 eller
1079 1452 318 31 social-medicinsk
1418 1450 208 30 indikation.

122 1510 225 31 Sistnämnda
370 1509 73 33 fall,
466 1508 148 39 tillhopa
637 1507 73 34 504,
735 1506 135 30 fördela
893 1506 51 39 sig
965 1505 45 40 på
1033 1504 158 40 följande
1215 1504 82 29 sätt:

1451 1571 86 24 Förut
1555 1571 59 23 icke

483 1628 4 5 s
1102 1624 50 5 sons
1495 1606 10 4 ä
1563 1605 35 22 da

364 1629 187 29 Depressions-
590 1626 13 25 1
624 1626 13 31 $
651 1625 26 31 2)
698 1627 89 23 abort-
881 1643 21 4 oa
1072 1618 113 39 Njurin-
1289 1617 89 39 Lung-
1470 1611 90 33 Jern

159 1647 116 30 Svaghet
409 1661 65 6 SR
850 1638 119 39 Hjärtfel
1173 1658 4 4 i
1353 1640 14 11 >
1456 1639 160 29 sjukdomar

394 1658 125 39 tillstånd
650 1661 80 30 lagen
1041 1654 176 39 flammation
1307 1657 55 23 tbe.
1449 1672 63 24 eller
1532 1672 83 23 sviter

1490 1706 86 23 därav

202 1762 39 31 69
435 1761 58 30 116
695 1760 18 29 3
892 1758 39 30 20
1110 1757 39 30 20
1308 1755 58 30 117
1503 1753 59 30 159

171 1829 269 39 Sammanlagda
462 1828 131 30 antalet
615 1827 64 30 fall
701 1837 42 20 av
765 1827 99 29 abort
887 1826 45 40 på
956 1825 113 39 grund
1092 1834 42 20 av
1157 1825 66 29 den
1246 1824 11 29 i
1282 1824 14 29 1
1323 1823 15 37 $
1364 1822 36 34 2)
1428 1821 202 39 abortlagen

126 1882 178 37 upptagna
327 1878 341 31 social-medicinska
688 1877 243 29 indikationen
952 1876 75 33 har,
1052 1875 115 29 såsom
1190 1884 41 20 av
1252 1873 192 30 tabellerna
1464 1871 167 39 framgår,

127 1932 111 28 under
264 1930 267 39 ifrågavarande
558 1928 264 39 halvårsperiod
848 1927 90 29 varit
966 1925 51 30 34.

171 1981 302 40 Komplikationer
500 1980 91 29 hava
617 1979 112 29 under
760 1987 135 20 samma
922 1977 50 29 tid
1000 1976 160 40 uppstått
1186 1975 11 29 i
1226 1975 60 29 125
1315 1974 72 33 fall,
1419 1983 42 20 av
1489 1972 95 30 vilka
1613 1972 18 29 5

128 2033 62 30 lett
218 2032 52 30 till
301 2032 123 29 döden.
467 2030 66 30 Vid
564 2029 162 39 samtliga
754 2028 151 30 dödsfall
937 2028 64 29 har
1029 2026 303 40 primärsjukdom
1363 2024 178 38 förelegat.
1583 2022 51 29 Av

128 2083 185 29 aborterna
339 2083 90 28 hava
455 2081 61 30 557
547 2081 90 29 varit
664 2080 166 29 förenade
859 2079 79 29 med
968 2077 237 38 sterilisering,
1235 2077 107 28 därav
1370 2075 11 29 i
1411 2075 61 29 235
1500 2074 63 29 fall
1590 2073 45 40 på

129 2134 113 37 grund
264 2142 42 20 av
327 2134 49 28 att
398 2132 94 29 detta
514 2131 146 39 ingrepp
686 2130 109 39 gjorts
821 2130 50 29 till
894 2129 126 30 villkor
1042 2128 54 29 för
1119 2128 108 29 abort.

173 2184 64 28 Det
262 2182 128 29 sociala
416 2181 148 38 skyddet
588 2181 55 29 för
667 2181 141 28 mödrar
832 2180 64 28 har
919 2179 88 29 efter
1037 2178 83 29 1946
1147 2178 56 29 års
1229 2176 247 39 lagändringar
1504 2175 131 29 stärkts

132 2241 122 31 genom
276 2233 67 28 den
365 2232 57 29 vid
445 2231 82 29 1947
554 2231 57 28 års
636 2230 143 38 riksdag
802 2228 228 39 genomförda
1054 2227 265 38 lagstiftningen
1345 2235 56 19 om
1425 2224 210 38 barnbidrag

131 2284 65 29 och
213 2283 11 29 i
243 2282 169 29 samband
432 2281 145 29 därmed
596 2281 152 37 antagna
766 2278 189 37 ändringar
974 2278 10 28 i
1003 2276 426 39 bidragsförskottslagen.

175 2333 159 30 Rörande
361 2330 243 39 utvecklingen
630 2339 42 20 av
696 2328 450 39 kuratorsorganisationen
1174 2328 64 28 har
1265 2327 170 28 utskottet
1462 2325 175 29 inhämtat

131 2384 167 39 följande.

178 2435 130 29 Hösten
331 2432 81 30 1947
434 2431 197 29 utbildades
652 2430 58 30 vid
731 2429 283 30 socialinstitutet
1036 2429 135 28 femton
1193 2428 195 29 kuratorer.
1427 2427 67 28 För
1515 2426 124 29 närva-

133 2485 107 28 rande
267 2485 59 28 äro
354 2483 9 28 i
389 2481 221 30 Stockholms
639 2481 96 29 stads
760 2481 111 38 tjänst
897 2479 174 30 anställda
1100 2489 58 19 sex
1184 2479 194 29 kuratorer.
1429 2477 12 29 I
1468 2476 171 38 Göteborg

132 2534 64 29 har
219 2543 41 20 en
282 2543 41 20 av
346 2533 121 29 staden
490 2532 152 30 anställd
665 2532 145 29 kurator
834 2531 115 38 börjat
971 2530 53 29 sin
1047 2529 231 30 verksamhet.
1303 2528 92 30 även
1417 2526 221 31 Stockholms
