2188 2610
632 207 117 30 Första
773 204 216 41 lagutskottets
1013 201 167 33 utlåtande
1206 201 52 31 Nr
1282 202 54 29 25.
1766 197 18 28 3

189 291 87 47 ning
305 296 165 30 ävensom
499 288 184 47 angående
713 286 178 37 villkoren
921 285 60 35 vid
1009 285 112 34 sådan
1150 282 175 45 förening,
1359 287 83 40 äger
1470 282 202 42 Konungen
1695 278 91 34 med-

190 344 79 35 dela
296 343 277 36 bestämmelser.

946 427 84 44 å.B

300 520 133 35 Finnas
473 519 94 34 inom
611 521 53 31 ett
701 515 298 36 kantorsdistrikt
1027 514 86 34 flera
1141 512 137 46 kyrkor
1307 511 87 35 eller
1423 510 111 34 andra
1564 509 54 34 för
1647 507 142 35 distrik-

193 577 70 31 tets
307 573 180 35 allmänna
528 570 244 46 gudstjänster
814 568 155 35 avsedda
1007 566 147 42 lokaler,
1189 565 67 34 och
1284 564 73 34 kan
1387 575 45 23 en
1460 562 131 35 kantor
1619 561 31 47 ej
1679 560 112 46 lämp-

195 626 96 48 ligen
334 625 154 47 fullgöra
529 625 71 34 den
642 623 131 35 kantor
816 620 189 47 åliggande
1042 617 239 50 tjänstgöring
1310 616 62 36 vid
1400 616 81 34 dem
1510 615 81 42 alla,
1622 616 55 32 må
1705 608 87 56 flera

195 679 170 36 kantorer
394 677 169 36 anställas
591 677 13 34 i
632 675 195 36 distriktet.

301 733 69 35 Att
402 732 13 35 i
443 731 94 36 vissa
578 729 75 45 fall,
694 729 112 48 jämte
849 724 364 46 kantorsbefattning,
1257 722 177 36 särskilda
1463 720 245 46 befattningar
1738 722 55 31 må

195 786 153 36 inrättas
391 786 54 34 för
486 783 230 36 bestridande
759 795 44 22 av
846 780 95 36 vissa
970 792 43 23 av
1042 780 44 34 de
1114 777 56 36 till
1198 778 149 34 kantors
1376 774 230 37 verksamhet
1636 772 158 36 hörande

194 840 171 46 göromål,
396 839 120 34 därom
547 837 143 45 stadgas
718 836 13 34 i
762 838 48 31 34
839 835 33 44 $.

953 942 20 32 5

1005 940 31 44 JR

306 1034 68 36 Om
403 1032 186 46 indelning
617 1031 13 35 i
649 1028 310 44 kantorsdistrikt,
981 1028 45 34 då
1045 1029 158 44 pastorat
1222 1025 121 35 består
1362 1036 44 23 av
1426 1023 85 35 flera
1532 1021 263 46 församlingar,

198 1088 189 35 förordnar
415 1085 248 47 domkapitlet,
694 1084 91 35 efter
814 1084 61 34 det
902 1081 168 48 yttrande
1098 1079 195 35 inhämtats
1313 1077 82 35 från
1414 1075 222 47 församling,
1658 1086 75 23 som
1754 1086 44 22 av

199 1140 235 47 indelningen
462 1140 143 35 beröres
633 1138 66 35 och
727 1138 31 47 ej
780 1137 92 48 själv
890 1136 67 35 hos
977 1132 236 48 domkapitlet
1232 1130 95 49 gjort
1347 1128 269 47 framställning
1635 1128 12 35 i
1666 1131 131 31 ämnet.

307 1194 74 35 Vid
409 1194 111 35 sådan
547 1191 189 46 indelning
764 1190 94 35 skall
884 1189 195 45 iakttagas:

307 1251 56 32 att
390 1248 206 35 densamma
625 1247 45 45 på
698 1257 46 23 en
771 1246 96 44 gång
895 1241 212 37 verkställes
1135 1239 55 35 för
1219 1241 198 44 pastoratet
1444 1236 13 35 i
1485 1237 82 34 dess
1587 1235 133 43 helhet,
1742 1246 55 23 om

200 1301 33 48 ej
264 1300 177 36 särskilda
469 1298 250 37 förhållanden
746 1297 56 35 till
830 1299 111 32 annat
968 1293 200 44 föranleda;

311 1358 65 40 att,
420 1355 64 34 där
516 1353 13 34 i
556 1353 45 35 de
628 1352 57 34 till
713 1352 197 45 pastoratet
936 1347 160 36 hörande
1125 1345 254 46 församlingar
1407 1343 87 35 eller
1523 1342 96 35 vissa
1647 1353 45 23 av
1721 1341 80 35 dem

204 1408 291 48 gudstjänsterna
523 1405 212 48 uppehållas
762 1415 129 36 genom
920 1400 227 47 duplikation
1175 1398 86 36 eller
1285 1396 220 47 alternering
1524 1396 67 34 och
1610 1407 45 22 en
1673 1393 130 36 befatt-

203 1461 243 47 ningshavare
486 1458 196 48 lämpligen
723 1457 74 35 kan
836 1455 160 36 bestrida
1033 1454 70 34 den
1140 1452 131 36 kantor
1304 1449 128 37 därvid
1461 1448 190 48 åliggande
1678 1448 126 48 tjänst-

203 1515 140 48 göring,
387 1514 102 35 dessa
530 1511 264 47 församlingar,
829 1512 38 33 så
899 1509 70 36 vitt
1004 1506 151 50 möjligt,
1190 1504 258 37 sammanföras
1476 1502 57 36 till
1561 1505 52 32 ett
1641 1501 163 35 kantors-

203 1567 164 45 distrikt;
398 1570 91 33 samt

312 1624 53 32 att
393 1626 92 31 även
512 1620 114 48 eljest,
657 1621 38 32 så
724 1617 70 37 vitt
821 1615 195 48 lämpligen
1044 1614 65 35 ske
1136 1613 84 43 kan,
1251 1612 86 34 flera
1360 1609 251 48 församlingar
1631 1619 174 24 samman-

207 1675 97 36 föras
332 1674 57 36 till
416 1677 52 33 ett
494 1671 309 38 kantorsdistrikt.

315 1728 191 36 Motsätter
547 1726 56 48 sig
644 1724 222 47 församling,
910 1735 77 23 som
1024 1721 13 35 i
1073 1719 235 36 förevarande
1341 1717 176 36 avseende
1546 1715 97 36 förut
1671 1715 136 48 utgjort

210 1784 81 46 eget
319 1781 159 44 distrikt,
509 1783 53 33 att
590 1779 82 35 med
700 1790 121 24 annan
839 1775 211 46 församling
1069 1772 260 37 sammanföras
1348 1771 55 35 till
1422 1773 53 32 ett
1494 1763 312 57 kantorsdistrikt,

211 1838 57 32 må
306 1837 38 33 så
374 1835 64 35 ske
466 1834 129 36 endast
622 1833 46 34 då
696 1825 69 41 det
785 1832 116 34 finnes
929 1828 127 47 nödigt
1083 1827 57 35 för
1163 1839 45 22 en
1236 1823 285 47 ändamålsenlig
1548 1822 189 47 indelning
1765 1833 44 23 av

211 1891 198 45 pastoratet
449 1888 14 35 i
503 1888 82 35 dess
625 1886 133 35 helhet.
817 1882 206 48 Uppställer
1065 1880 220 47 församling,
1326 1891 75 22 som
1432 1882 85 42 äger
1545 1875 149 37 boställe
1722 1874 89 36 eller

211 1951 122 28 annan
361 1941 155 36 särskild
548 1940 154 48 tillgång
728 1938 58 36 till
814 1936 231 37 bestridande
1074 1948 43 22 av
1146 1934 148 35 kantors
1324 1932 181 46 avlöning,
1535 1932 114 33 såsom
1679 1928 133 37 villkor

211 1997 56 35 för
309 1994 284 48 sammanföring
635 1993 82 35 med
752 2004 121 23 annan
901 1988 212 47 församling
1141 1987 56 36 till
1225 1989 53 33 ett
1306 1984 159 45 distrikt,
1497 1987 54 32 att
1578 1983 112 35 sådan
1717 1982 94 35 avlö-

211 2049 264 47 ningstillgång
502 2048 76 35 helt
606 2047 85 35 eller
719 2044 113 37 delvis
861 2044 94 35 skall
982 2043 144 35 komma
1149 2039 260 46 församlingen
1428 2050 122 23 ensam
1570 2036 58 36 till
1646 2036 91 47 godo
1752 2030 60 56 för

213 2104 81 35 dess
337 2103 106 35 andel
475 2101 13 35 i
521 2100 227 47 avlöningen,
779 2098 66 36 och
873 2098 74 34 kan
976 2093 347 38 överenskommelse
1351 2092 133 35 mellan
1511 2089 301 47 församlingarna

212 2157 13 35 i
252 2157 159 35 nämnda
434 2154 176 38 avseende
637 2154 31 48 ej
698 2152 137 44 träffas,
865 2151 94 35 skall
986 2149 128 47 frågan
1142 2160 55 23 om
1227 2144 405 46 distriktsindelningen
1651 2155 45 24 av
1715 2142 97 35 dom-

212 2210 155 47 kapitlet
395 2208 240 37 underställas
662 2206 227 46 Konungens
917 2203 189 48 prövning.
