2242 2630
733 195 246 33 Statsutskollets
1009 195 171 33 Utlåtande
1203 196 64 32 N:o
1290 198 52 29 39.
1759 196 37 29 19

234 276 148 47 teborg,
411 274 68 39 där
505 275 291 49 ifrågavarande
825 275 129 37 städer
977 275 99 37 hade
1097 275 83 37 sina
1200 274 298 49 hufvudsakliga
1515 274 323 37 affärsförbindel-

234 340 71 23 ser.
360 327 74 36 Det
473 326 96 37 hade
599 326 118 37 också
745 326 99 37 visat
871 327 71 47 sig,
971 332 55 31 att
1053 326 46 36 de
1129 340 49 23 nu
1208 325 200 49 befintliga
1435 325 402 49 telefonledningarne

234 377 139 37 mellan
412 377 237 49 Jönköping,
688 376 119 38 Borås
849 377 71 37 och
959 376 199 49 Göteborg
1198 377 85 37 icke
1312 390 89 23 vore
1431 376 230 48 tillräckliga
1689 376 57 37 för
1773 376 66 36 det

234 434 102 31 stora
377 428 311 46 abonnentantal,
722 441 80 24 som
831 428 164 37 behöfde
1023 428 155 47 betjäna
1206 427 60 47 sig
1293 427 42 37 af
1359 427 206 37 desamma.
1621 427 215 49 Trängseln

234 482 20 33 å
281 478 250 48 ledningarne
560 478 98 37 hade
686 479 115 48 gjort,
830 484 55 31 att
912 479 118 37 Borås
1059 481 98 34 måst
1183 483 152 43 uttagas
1364 491 43 23 ur
1435 478 402 49 koppartrådslednin-

233 543 78 35 gen
345 528 467 51 Göteborg—Jönköping
840 529 72 37 och
941 535 54 31 att
1023 529 58 36 för
1108 529 86 36 hela
1221 529 296 37 Borås-trafiken
1547 529 55 36 till
1630 529 72 36 och
1731 528 106 37 öfver

233 579 199 50 Göteborg
458 580 84 37 icke
571 580 117 37 andra
716 579 201 48 ledningar
944 584 47 32 än
1019 579 142 38 sådana
1188 580 41 36 af
1246 580 174 48 järntråd
1449 580 127 36 kunde
1601 579 233 50 disponeras.

365 630 56 38 De
449 631 98 37 båda
574 631 225 48 ifrågasatta
826 644 75 36 nya
928 630 253 49 ledningarne
1209 644 92 23 vore
1329 630 158 37 afsedda
1515 637 55 30 att
1589 630 190 37 anordnas
1799 631 42 35 af

233 684 21 34 3
282 695 87 23 mm.
398 682 232 49 koppartråd
657 700 40 5 —
726 682 74 36 den
827 694 93 37 nyss
948 681 177 48 nämnda,
1145 694 159 24 numera
1323 681 150 37 direkta
1492 681 210 48 ledningen
1719 680 117 37 Göte-

231 732 363 50 borg—Jönköping
635 745 91 23 vore
767 732 132 49 byggd
940 732 41 36 af
1016 732 106 50 dylik
1163 732 83 36 tråd
1280 732 86 37 med
1394 732 136 36 endast
1557 735 54 44 2,5
1642 745 87 23 mm.
1759 731 77 37 dia-

230 789 122 31 meter
379 803 40 4 —
447 784 72 36 och
560 782 123 37 skulle
724 782 325 50 hufvudsakligen
1092 783 199 48 begagnas
1333 782 58 37 för
1417 782 418 48 långdistanstrafiken,

230 834 123 37 under
393 834 65 37 det
499 834 46 37 de
583 847 50 23 nu
676 833 200 49 befintliga
908 833 252 49 ledningarne
1193 833 123 37 skulle
1344 834 194 37 användas
1565 834 60 36 för
1652 833 135 37 samtal
1816 836 20 34 å

229 884 151 37 kortare
410 884 86 38 håll.

363 935 224 48 Ledningen
617 934 371 49 Göteborg—Borås
1015 934 242 38 beräknades
1285 936 112 36 kosta
1428 937 133 44 17,100
1589 935 143 36 kronor
1761 934 69 38 och

229 985 210 48 ledningen
468 985 202 49 Göteborg
711 985 236 51 Jönköping
976 988 136 46 39,500
1141 986 151 37 kronor.

711 1106 56 35 13.
823 1106 138 48 Linjen
992 1104 223 51 Göteborg—
1223 1106 127 48 Växjö.

360 1188 125 48 Växjö
517 1188 98 37 hade
644 1188 121 37 under
793 1189 46 37 de
870 1194 154 32 senaste
1052 1193 90 34 åren
1170 1188 98 38 efter
1296 1189 101 37 hand
1426 1189 70 37 fått
1523 1189 68 37 allt
1618 1194 121 32 större
1768 1189 64 37 be-

227 1236 162 51 tydelse"
417 1252 83 23 som
528 1239 373 48 rangeringsstation
929 1240 60 36 för
1018 1240 75 36 den
1120 1240 247 37 interurbana
1390 1239 310 37 telefontrafiken
1727 1240 102 36 inom

228 1288 249 50 Sydsverige,
496 1289 12 36 i
536 1289 66 37 det
620 1302 157 24 numera
794 1290 84 37 från
895 1290 123 48 Växjö
1039 1291 161 47 utginge
1219 1290 348 48 telefonledningar
1586 1290 57 36 till
1665 1290 166 47 Kalmar,

227 1339 236 37 Karlskrona
506 1345 99 31 samt
645 1340 233 37 Karlshamn
920 1341 86 36 med
1047 1341 260 37 Kristianstad
1347 1341 72 36 och
1461 1341 256 36 Hessleholm.
1771 1341 59 36 En

226 1389 124 37 direkt
377 1389 159 49 ledning
564 1390 140 37 mellan
733 1390 201 48 Göteborg
962 1391 72 37 och
1068 1391 124 48 Växjö
1221 1391 122 37 skulle
1373 1391 126 37 därför
1534 1405 89 23 vara
1651 1391 57 37 till
1736 1397 96 31 stort

227 1453 104 35 gagn
372 1440 58 37 för
468 1445 55 32 ett
557 1441 123 36 flertal
719 1441 214 37 telefonnät
959 1442 13 36 i
1001 1442 191 47 Småland,
1233 1442 189 49 Blekinge
1464 1443 72 36 och
1563 1455 114 23 norra
1705 1442 125 38 Skåne

226 1491 86 36 med
342 1490 182 38 afseende
553 1494 48 46 på
633 1491 114 38 dessa
775 1498 121 31 orters
924 1492 257 38 telefontrafik
1211 1493 86 36 med
1324 1497 128 33 västra
1481 1493 171 48 Sverige,
1672 1493 157 37 hvilken

226 1542 114 36 trafik
367 1556 52 22 nu
447 1542 257 37 förmedlades
733 1546 21 34 å
782 1548 184 43 omvägar
995 1544 61 36 via
1083 1544 142 49 Nässjö
1254 1543 94 37 eller
1376 1544 211 37 Halmstad.

360 1593 84 36 Den
472 1606 74 35 nya
573 1592 208 49 ledningen
809 1607 90 23 vore
928 1593 132 38 afsedd
1088 1600 55 31 att
1171 1594 187 37 anordnas
1389 1594 85 37 med
1502 1597 21 34 3
1549 1609 86 22 mm.
1667 1596 162 48 koppar-

223 1642 85 37 tråd
349 1643 73 37 och
465 1643 238 49 framdragas
740 1644 110 48 längs
879 1644 74 36 den
982 1659 50 22 nu
1060 1646 123 36 under
1211 1645 183 48 byggnad
1422 1646 167 36 varande
1611 1646 217 48 järnvägen

226 1693 137 37 mellan
392 1694 117 36 Borås
538 1694 70 36 och
636 1694 174 37 Alfvesta
839 1695 69 36 och
935 1695 122 36 skulle
1086 1695 37 37 få
1156 1709 47 23 en
1232 1696 117 47 längd
1378 1696 40 36 af
1442 1696 180 48 omkring
1650 1698 71 35 245
1752 1697 75 37 km.

226 1744 100 35 Enär
368 1743 193 37 afståndet
588 1744 83 36 från
702 1744 121 48 Växjö
851 1745 58 36 till
938 1745 201 49 Göteborg
1167 1745 61 37 via
1255 1746 139 47 Nässjö
1423 1759 90 23 vore
1548 1749 71 33 313
1649 1747 75 36 km.
1755 1748 72 35 och

223 1793 72 37 via”
322 1794 201 36 Halmstad
552 1796 71 34 302
653 1794 90 48 km.,
772 1795 121 36 skulle
923 1809 142 34 genom
1094 1797 294 48 ifrågavarande
1417 1796 159 48 ledning
1604 1811 48 22 en
1679 1798 149 46 ganska

224 1849 78 31 stor
331 1844 209 49 besparing
566 1845 10 36 1
598 1845 196 48 väglängd
812 1846 136 36 vinnas
968 1846 57 37 för
1045 1847 513 48 telefonkorrespondensen
1578 1847 106 36 öfver
1705 1848 122 49 Växjö

222 1895 71 36 och
333 1894 211 50 Göteborg.
599 1895 132 37 Därtill
776 1897 166 47 komme,
985 1903 55 31 att
1066 1897 208 48 ledningen
1310 1898 124 37 skulle
1462 1898 144 37 bereda
1635 1904 188 43 utrymmo

224 1945 57 36 för
323 1959 125 23 annan
489 1946 312 50 korrespondens
830 1950 20 34 å
878 1948 249 48 ledningarne
1161 1949 158 48 Växjö—
1337 1949 148 47 Nässjö,
1528 1949 166 48 Nässjö—
1712 1941 114 60 Göte-

222 1996 98 48 borg
360 1996 73 37 och
471 1996 471 50 Halmstad—Göteborg,
973 2002 20 32 å
1021 1999 139 47 hvilka,
1201 2002 124 33 såsom
1368 2000 102 36 förut
1508 2001 210 45 anmärkts,
1747 2006 79 30 stor

223 2047 170 46 irängsel
433 2046 117 36 rådde
590 2047 72 35 och
690 2048 233 48 näppeligen
952 2049 152 36 komme
1136 2055 55 31 att
1218 2049 80 36 helt
1338 2050 233 46 undanröjas
1609 2063 140 34 genom
1780 2051 45 37 de

222 2108 49 22 nu
301 2095 217 48 föreslagna
545 2096 252 47 ledningarne
828 2098 138 37 mellan
996 2098 114 37 dessa
1140 2105 113 30 orter.
1289 2099 190 47 Slutligen
1509 2100 117 36 borde
1643 2101 181 47 påpekas,

221 2151 65 41 att,
327 2145 47 37 då
415 2145 207 48 ledningen
661 2147 122 36 skulle
827 2148 153 36 komma
1021 2154 54 31 att
1116 2149 199 37 framföras
1359 2153 20 33 å
1407 2164 50 33 ny
1487 2155 86 42 väg,
1604 2149 222 39 densamma

220 2196 122 36 skulle
385 2196 117 37 blifva
539 2196 56 36 till
634 2202 97 31 stort
768 2211 103 34 gagn
896 2202 124 33 såsom
1051 2199 294 48 reservledning
1375 2200 61 36 vid
1466 2200 227 37 inträffande
1725 2201 48 36 fel
1806 2210 20 29 å

220 2245 213 49 ledningar,
462 2260 80 24 som
573 2247 121 48 följde
723 2248 117 37 audra
870 2253 127 43 vägar.
