2202 2602
377 193 41 31 48

568 293 138 40 (Kungl.
730 293 114 40 Maj:ts
859 293 156 41 förslag.)

381 371 40 19 av
443 360 110 41 fartyg
576 360 83 30 eller
691 360 86 40 gods
804 360 12 31 i
838 361 120 41 fartyg,
982 360 87 32 skall
1096 361 64 30 för-

381 402 192 41 säljningen
608 401 60 31 ske
701 402 11 30 1
735 401 65 31 den
824 402 154 41 ordning,
1004 413 74 20 som
1102 413 55 20 om

380 444 94 41 dylik
508 443 177 41 egendom,
720 443 65 32 den
814 444 60 31 där
901 444 98 31 blivit
1021 446 134 36 utmätt,

381 486 138 31 särskilt
551 487 37 29 är
622 485 152 41 stadgad.
820 486 94 31 Skall
948 487 211 40 egendomen

382 528 103 40 säljas
507 527 205 32 annorledes
740 530 41 29 än
805 528 263 41 utmätningsvis
1093 528 64 31 och

381 571 36 29 är
451 569 28 41 ej
513 570 94 40 fråga
645 580 54 20 om
740 570 104 31 sådan
882 570 204 41 försäljning
1119 581 41 20 av

379 611 244 41 värdepapper,
649 622 73 20 som
745 612 106 41 enligt
876 612 65 31 vad
968 624 83 30 nyss
1064 614 94 39 sagts

381 655 55 29 må
469 653 59 31 ske
550 656 83 28 utan
662 654 149 38 auktion,
835 656 55 29 må
912 654 246 41 försäljningen

381 695 29 41 ej
446 697 61 39 äga
529 707 74 19 rum
628 697 19 29 å
681 707 110 20 annan
826 698 53 29 ort
912 698 42 29 än
988 696 75 37 den,
1098 697 62 30 där

381 738 211 40 egendomen
625 738 120 37 finnes,
779 738 78 31 med
891 738 132 31 mindre
1039 739 117 31 förval-

381 782 94 28 taren
500 780 192 41 samtycker
714 780 127 37 därtill;
866 780 63 31 och
952 780 66 31 låte
1041 781 116 40 borge-

381 823 104 29 nären
508 821 205 31 förvaltaren
736 822 104 31 minst
863 824 50 29 tre
930 822 121 31 veckor
1066 823 93 30 förut

380 866 86 35 veta,
490 865 60 29 när
573 863 65 31 och
661 874 58 20 var
730 864 246 41 försäljningen
990 864 84 31 skall
1088 865 69 30 ske.

382 905 74 31 Har
492 905 204 41 försäljning
728 906 91 30 skett
851 906 12 30 i
890 917 111 20 annan
1025 908 42 29 än
1090 907 67 30 den

381 948 53 29 för
466 949 124 28 utmätt
617 947 164 41 egendom
817 948 162 41 stadgade
1003 948 155 41 ordning,

380 1000 78 20 vare
491 989 212 41 borgenären
735 990 124 41 pliktig
894 992 50 29 att
965 990 52 31 för
1040 990 117 31 förval-

381 1032 95 30 taren
499 1031 159 31 redovisa
680 1031 52 31 för
754 1032 64 30 vad
841 1043 74 20 som
938 1032 136 31 influtit.

486 1073 69 31 Vill
589 1074 30 40 ej
644 1073 210 41 borgenären
878 1075 200 30 föranstalta
1101 1085 55 20 om

381 1115 256 41 försäljningen,
662 1117 60 40 äge
745 1116 204 31 förvaltaren
972 1116 116 31 därom
1105 1117 54 30 be-

382 1157 98 41 sörja.
525 1157 99 31 Dock
647 1160 55 28 må
723 1158 199 40 inteckning
944 1158 11 31 i
978 1158 67 31 fast
1062 1169 95 30 egen-

382 1199 89 37 dom,
505 1199 114 31 vilken
653 1200 99 31 blivit
780 1211 39 20 av
852 1200 307 41 fastighetsägaren

382 1241 136 31 lämnad
541 1243 113 29 såsom
679 1244 91 38 pant,
794 1242 73 31 icke
891 1254 40 19 av
953 1243 205 30 förvaltaren

383 1283 111 40 säljas,
529 1286 82 28 utan
641 1285 60 39 äge
724 1284 67 31 han
815 1284 145 31 allenast
982 1285 68 30 låta
1074 1284 85 42 sälja

383 1325 66 31 den
482 1327 67 29 rätt
571 1325 53 31 till
652 1326 99 31 andel
774 1326 12 30 i
808 1326 250 41 inteckningen,
1084 1338 74 19 som

382 1367 85 31 efter
489 1369 36 39 ty
548 1367 140 31 särskilt
710 1370 36 29 är
759 1368 134 41 stadgat
906 1370 54 29 må
971 1369 190 31 tillkomma

382 1409 215 41 gäldenären.

829 194 120 30 Första
971 194 222 39 lagutskottets
1215 193 168 32 utlåtande
1404 194 53 30 Nr
1477 196 51 28 22.

1399 291 193 42 (Utskottets
1607 292 155 42 förslag.)

1203 360 178 41 åliggande
1415 360 59 31 det
1498 360 212 41 borgenären
1733 362 50 30 att
1805 362 106 30 minst
1933 371 42 20 en

1201 403 103 30 vecka
1341 402 104 31 innan
1483 402 67 31 han
1589 402 153 41 vidtager
1774 403 118 41 åtgärd
1924 403 52 31 för

1201 444 230 41 egendomens
1463 444 203 40 försäljning
1698 444 185 41 hembjuda
1910 444 66 32 den

1204 488 33 29 åt
1259 486 205 31 förvaltaren
1481 486 53 31 till
1549 486 145 31 inlösen.
1718 485 150 42 Utgöres
1881 498 94 30 egen-

1202 528 124 31 domen
1360 539 40 20 av
1433 528 110 41 fartyg
1576 528 84 31 eller
1692 528 85 40 gods
1810 528 12 30 i
1857 529 118 41 fartyg,

1204 570 86 31 skall
1323 570 246 41 försäljningen
1604 570 59 31 ske
1697 570 11 30 1
1731 570 66 30 den
1821 570 154 42 ordning,

1203 623 73 20 som
1310 623 54 20 om
1389 612 94 41 dylik
1505 612 177 41 egendom,
1706 612 66 31 den
1796 612 60 30 där
1878 612 99 31 blivit

1202 656 133 35 utmätt,
1361 654 137 31 särskilt
1520 656 38 28 är
1573 654 152 41 stadgad.
1772 653 94 32 Skall
1882 665 94 30 egen-

1203 697 123 30 domen
1350 697 104 40 säljas
1477 696 205 31 annorledes
1698 698 41 29 än
1755 696 222 40 utmätnings-

1200 739 51 30 vis
1274 738 63 31 och
1361 740 37 29 är
1421 738 28 41 ej
1474 738 93 41 fråga
1582 749 55 20 om
1655 738 105 31 sådan
1776 737 201 42 försäljning

1201 792 40 19 av
1273 781 244 40 värdepapper,
1552 791 75 20 som
1661 780 106 40 enligt
1800 780 64 31 vad
1894 791 82 30 nyss

1202 824 92 40 sagts
1328 824 55 29 må
1406 823 59 30 ske
1487 824 82 29 utan
1597 822 150 37 auktion,
1773 824 55 28 må
1850 822 128 40 försälj-

1203 865 124 41 ningen
1351 864 29 41 ej
1406 866 61 39 äga
1489 875 74 20 rum
1587 866 20 29 å
1629 875 112 20 annan
1765 866 53 29 ort
1841 865 43 29 än
1900 864 75 38 den,

1202 907 60 30 där
1284 906 211 41 egendomen
1517 906 121 37 finnes,
1662 906 77 31 med
1762 906 133 31 mindre
1915 906 62 31 för-

1203 948 149 31 valtaren
1368 948 190 41 samtycker
1570 948 128 37 därtill;
1713 947 63 32 och
1788 948 68 30 låte
1871 943 106 51 borge-

1201 992 103 29 nären
1327 990 203 31 förvaltaren
1554 990 107 31 minst
1683 991 50 29 tre
1749 990 123 31 veckor
1887 990 91 31 förut

1201 1035 84 34 veta,
1309 1034 62 29 när
1393 1032 63 31 och
1472 1043 58 20 var
1541 1032 247 41 försäljningen
1805 1032 87 31 skall
1908 1032 68 31 ske.

1202 1074 73 31 Har
1307 1074 202 41 försäljning
1542 1074 92 31 skett
1666 1074 12 30 i
1711 1084 111 20 annan
1845 1076 43 28 än
1911 1075 66 30 den

1203 1117 51 30 för
1286 1118 126 29 utmätt
1445 1116 166 41 egendom
1636 1116 162 39 stadgade
1822 1116 155 41 ordning,

1201 1169 77 20 vare
1311 1159 213 39 borgenären
1557 1158 125 41 pliktig
1714 1159 49 29 att
1786 1158 52 30 för
1861 1158 116 31 förval-

1204 1202 94 29 taren
1322 1200 158 31 redovisa
1502 1200 53 31 för
1576 1200 66 31 vad
1666 1211 73 20 som
1762 1200 139 31 influtit.

1305 1242 70 31 Vill
1409 1243 30 40 ej
1463 1243 213 40 borgenären
1699 1242 201 31 föranstalta
1923 1253 53 20 om

1202 1284 256 41 försäljningen,
1483 1286 59 39 äge
1565 1284 205 31 förvaltaren
1787 1284 117 31 därom
1920 1284 56 31 be-

1203 1326 98 41 sörja.
1347 1326 98 31 Dock
1467 1328 54 29 må
1543 1326 198 41 inteckning
1763 1326 11 30 i
1797 1326 67 31 fast
1884 1337 94 30 egen-

1204 1368 89 38 dom,
1326 1369 114 30 vilken
1473 1368 100 31 blivit
1606 1379 40 20 av
1674 1368 304 41 fastighetsägaren

1202 1410 137 31 lämnad
1363 1412 113 29 såsom
1499 1412 92 39 pant,
1615 1410 75 31 icke
1713 1421 39 20 av
1775 1410 202 31 förvaltaren

1203 1452 111 40 säljas,
1349 1454 83 29 utan
1460 1454 60 39 äge
1543 1453 68 30 han
1635 1452 145 31 allenast
1802 1452 69 31 låta
1894 1452 84 40 sälja

1203 1494 66 31 den
1302 1496 68 29 rätt
1396 1494 52 31 till
1471 1494 100 31 andel
1594 1494 11 31 i
1629 1494 250 41 inteckningen,
1905 1505 72 20 som

1203 1536 85 30 efter
1310 1538 37 39 ty
1370 1536 138 31 särskilt
1523 1538 37 29 är
1576 1536 136 41 stadgat
1724 1538 54 29 må
1790 1536 188 31 tillkomma

1202 1578 215 40 gäldenären.

1138 1680 40 30 74
1199 1678 30 42 8.

1170 1748 9 9 2

491 1745 94 32 Skall
608 1746 217 32 konkursbos
849 1747 165 40 egendom
1039 1747 103 41 säljas
1166 1758 19 19 å
1208 1746 140 31 auktion
1371 1757 122 31 genom
1516 1746 224 32 förvaltarens
1756 1747 142 41 försorg,
1911 1747 67 31 låte

385 1788 67 30 han
475 1788 153 40 kungöra
651 1788 185 31 auktionen
859 1791 44 39 på
927 1790 68 29 sätt
1017 1788 64 31 och
1104 1789 94 31 inom
1221 1789 59 36 tid,
1306 1799 73 21 som
1403 1789 11 30 i
1437 1789 304 41 utsökningslagen
1766 1789 138 41 stadgas
1927 1789 52 31 för

385 1830 221 40 kungörande
640 1841 41 20 av
714 1831 138 31 auktion
881 1833 19 28 å
923 1831 166 41 egendom
1113 1842 40 19 av
1177 1831 58 30 det
1257 1831 81 41 slag,
1362 1842 115 20 varom
1500 1831 93 41 fråga
1616 1833 49 36 är;
1690 1831 86 31 dock
1798 1842 78 20 vare
1899 1831 79 31 kun-

385 1872 175 41 görelsens
583 1872 179 32 införande
784 1873 12 30 i
818 1873 171 31 allmänna
1010 1872 219 42 tidningarna
1251 1873 83 31 eller
1355 1873 12 30 i
1390 1873 344 40 länskungörelserna
1755 1873 73 31 icke
1848 1873 12 31 i
1876 1875 102 39 något

386 1914 58 31 fall
468 1914 225 41 erforderligt.

490 1956 74 31 Vad
588 1957 145 30 sålunda
756 1956 152 41 stadgats
933 1956 85 32 skall
1041 1958 61 40 äga
1118 1957 238 31 motsvarande
1373 1956 216 42 tillämpning
1604 1957 210 31 beträffande
1827 1956 150 39 auktion,

387 2009 73 20 som
484 1998 106 41 enligt
614 1999 39 30 73
676 1998 21 41 &
718 1998 154 42 besörjes
895 2010 40 20 av
958 1999 177 41 borgenär.

1141 2109 39 31 75
1202 2108 30 42 8.

491 2167 53 31 Då
566 2167 205 31 förvaltaren
794 2169 108 30 utsatt
925 2167 139 31 auktion
1088 2169 19 29 å
1129 2168 53 30 lös
1206 2168 175 40 egendom,
1405 2168 71 31 vari
1498 2169 153 40 panträtt
1674 2168 82 31 eller
1778 2179 113 20 annan
1914 2170 63 29 sär-

387 2208 89 32 skild
498 2209 221 31 förmånsrätt
741 2212 77 37 äger
841 2221 84 25 rum,
948 2209 61 32 bör
1031 2210 68 30 han
1122 2210 12 30 i
1156 2209 67 41 god
1246 2209 50 31 tid
1320 2210 71 31 före
1414 2210 184 31 auktionen
1621 2210 53 31 till
1696 2210 90 41 varje
1802 2210 175 41 borgenär,

388 2261 72 21 som
495 2251 61 30 har
590 2251 105 31 sådan
729 2252 220 31 förmånsrätt
975 2252 11 30 i
1010 2252 211 41 egendomen
1245 2252 63 30 och
1331 2263 77 20 vars
1431 2252 117 31 adress
1572 2254 36 29 är
1630 2253 99 37 känd,
1753 2252 79 31 med
1854 2254 123 39 posten

388 2293 188 31 översända
599 2293 148 32 särskild
769 2294 249 31 underrättelse
1042 2305 55 20 om
1121 2294 52 31 tid
1196 2294 63 31 och
1282 2294 98 31 ställe
1404 2294 53 31 för
1479 2294 194 31 auktionen.
