2228 2630
485 154 20 28 4
953 154 243 32 Statsutskottets
1220 155 162 31 Memorial
1403 156 62 32 N:o
1494 158 49 30 79.

445 240 74 35 dels
564 241 61 35 ock
667 246 55 29 att
757 241 211 36 nuvarande
1008 242 239 36 innehafvare
1279 243 38 35 af
1340 243 112 36 sådan
1480 250 102 30 extra
1611 245 184 36 ordinarie
1824 247 220 46 professors-

444 289 223 48 befattning,
708 291 149 35 hvarom
897 304 51 23 nu
989 306 83 22 vore
1112 292 114 47 fråga,
1256 306 75 22 som
1360 297 20 31 å
1407 294 69 36 den
1506 308 71 35 nya
1604 300 119 31 staten
1750 296 131 48 ingått,
1909 298 97 48 finge
2033 300 12 34 i

442 340 107 47 fråga
589 354 60 22 om
691 347 115 29 rätten
848 342 59 34 till
948 343 250 48 ålderstillägg
1225 343 269 48 tillgodoräkna
1520 346 56 46 sig
1603 345 330 49 tjenstgöringstid,
1962 361 77 23 som

443 390 137 35 infallit
620 390 78 36 före
737 392 103 35 dessa
880 392 290 37 bestämmelsers
1210 394 174 35 trädande
1424 395 11 34 i
1477 396 249 48 tillämpning;
1768 402 47 31 än
1855 398 110 48 äfven
1991 405 55 30 att

443 440 207 48 Riksdagen
689 445 121 37 måtte,
840 442 82 35 med
950 443 267 47 godkännande
1243 443 40 36 af
1307 443 269 38 ofvannämnda
1602 451 82 38 stat,
1714 447 96 35 hvad
1839 448 204 37 karolinska

445 490 372 49 mediko-kirurgiska
854 492 184 36 institutet
1077 494 170 47 anginge,
1287 494 55 35 för
1368 495 81 35 dess
1476 496 235 48 tillämpning
1738 497 131 47 bevilja
1898 512 43 22 en
1972 499 72 35 för-

442 541 154 46 höjning
636 541 40 35 af
717 544 104 41 1,000
862 543 138 35 kronor
1038 544 12 34 i
1090 544 44 35 de
1175 545 57 34 till
1271 545 184 35 institutet
1483 547 179 45 utgående
1690 547 182 37 ordinarie
1899 551 142 45 anslag;

443 596 93 31 samt
562 596 55 30 att
644 591 207 48 Riksdagen
879 596 114 32 måtte
1020 595 119 34 lemna
1167 595 188 35 enahanda
1382 595 283 47 medgifvanden
1684 598 12 34 i
1716 597 102 47 fråga
1833 612 58 22 om
1908 600 135 35 ålders-

444 642 128 47 tillägg
598 641 57 35 för
682 643 94 35 vissa
803 649 104 29 extra
934 644 181 35 ordinarie
1136 644 221 48 professorer
1375 646 59 35 vid
1456 647 195 43 institutet,
1667 660 77 23 som
1761 648 111 36 ofvan
1888 656 154 36 nämnts,

576 697 96 30 samt
711 693 83 35 herr
839 692 40 38 O.
921 694 37 36 J.
1001 695 92 35 Alin
1125 695 9 34 i
1169 708 43 23 en
1240 696 99 35 inom
1365 696 129 36 Första
1523 697 217 36 Kammaren
1770 700 108 34 väckt
1906 701 136 35 motion

444 740 74 46 (n:o
560 741 63 45 21)
664 744 118 46 yrkat,
823 749 54 29 att
914 744 208 47 Riksdagen
1165 749 112 32 måtte
1307 747 55 34 till
1391 747 128 46 Kongl.
1549 748 120 46 Maj:ts
1696 749 217 48 disposition
1941 752 104 34 ställa

443 792 133 48 nödiga
617 793 116 35 medel
773 793 58 36 för
871 800 53 29 att
962 800 103 30 extra
1097 796 183 35 ordinarie
1307 796 205 48 professorn
1539 799 12 34 i
1579 800 212 47 egyptologi
1819 800 60 35 vid
1909 800 134 48 Upsala

444 843 215 35 universitet
699 843 85 35 Karl
825 844 102 36 Piehl
967 845 117 36 skulle
1125 847 146 34 komma
1308 848 10 33 i
1351 848 212 45 åtnjutande
1591 848 39 36 af
1652 849 270 37 löneförmåner
1950 857 94 30 mot-

442 893 175 35 svarande
659 894 94 43 dem,
794 907 78 22 som
915 896 115 46 enligt
1069 896 134 48 Kongl.
1244 897 119 47 Maj:ts
1400 897 241 38 förevarande
1674 901 225 46 proposition
1927 902 115 35 skulle

440 944 206 34 tillkomma
674 944 44 35 de
749 951 105 28 extra
881 945 181 36 ordinarie
1090 947 223 46 professorer
1339 948 62 35 vid
1429 949 270 43 universiteten,
1728 950 55 35 för
1811 951 142 36 hvilkas
1983 953 59 35 be-

440 992 205 48 fattningar
672 993 307 50 löneförbättring
1005 997 11 34 i
1045 1009 138 23 samma
1210 998 224 47 proposition
1462 1012 85 22 vore
1575 1000 212 47 föreslagen,

574 1044 91 35 hade
693 1045 177 36 utskottet
896 1047 12 33 i
937 1047 63 35 sitt
1027 1047 156 35 berörda
1207 1049 183 35 utlåtande
1419 1049 171 36 hemstält
1617 1051 76 35 dels
1721 1052 11 33 i
1753 1052 163 47 punkten
1942 1054 68 41 5:0,

574 1093 36 45 a)
639 1100 53 29 att
719 1095 208 47 Riksdagen
956 1116 46 3 —
1030 1098 81 34 med
1141 1097 117 48 afslag
1285 1102 19 31 å
1331 1098 130 49 Kongl.
1482 1100 118 47 Maj:ts
1619 1101 138 48 förslag
1776 1102 55 35 till
1847 1102 194 37 förändrad

441 1150 70 29 stat
551 1144 56 35 för
646 1145 96 35 vissa
781 1152 105 29 extra
926 1148 181 35 ordinarie
1147 1147 453 50 professorsbefattningar
1641 1152 61 34 vid
1739 1153 261 35 universiteten
2031 1155 10 34 i

442 1194 134 48 Upsala
614 1195 66 35 och
722 1195 104 35 Lund
863 1203 95 29 samt
998 1199 56 34 till
1094 1198 211 48 förhöjning
1336 1200 57 35 för
1420 1201 100 34 detta
1547 1202 166 35 ändamål
1742 1201 39 36 af
1806 1203 44 35 de
1878 1204 54 34 till
1963 1205 80 34 uni-

440 1246 197 34 versiteten
666 1247 182 45 utgående
876 1247 180 36 ordinarie
1084 1250 128 45 anslag
1239 1272 47 3 —
1314 1253 111 33 måtte
1453 1251 9 34 i
1491 1252 199 47 anledning
1717 1252 38 35 af
1772 1253 130 47 Kongl.
1923 1253 119 47 Maj:ts

441 1295 270 49 framställning
749 1297 194 47 medgifva,
987 1299 72 35 dels
1099 1305 54 29 att
1191 1299 57 36 för
1284 1301 157 35 nämnda
1478 1308 104 28 extra
1610 1303 184 35 ordinarie
1822 1304 218 47 professors-

440 1345 248 48 befattningar
716 1347 80 35 med
824 1360 43 23 en
898 1348 382 49 begynnelseaflöning
1307 1350 39 35 af
1370 1353 110 41 4,500
1500 1352 135 36 kronor
1658 1354 106 35 lönen
1783 1354 116 35 skulle
1918 1355 121 35 kunna

439 1396 100 45 höjas
581 1396 82 36 med
702 1399 71 33 500
816 1398 134 36 kronor
988 1399 92 36 efter
1114 1399 74 36 fem
1221 1404 56 32 års
1304 1402 243 47 tjenstgöring
1569 1403 66 35 och
1663 1403 60 35 för
1752 1405 158 35 nämnda
1937 1411 103 29 extra

439 1446 183 35 ordinarie
664 1446 450 50 professorsbefattningar
1155 1451 83 35 med
1277 1464 42 22 en
1361 1452 287 48 begynnelselön
1689 1453 39 35 af
1764 1456 110 41 4,000
1905 1456 135 34 kronor

437 1498 107 34 lönen
581 1498 128 42 skulle,
738 1497 159 37 förutom
927 1500 79 35 med
1035 1500 61 35 det
1122 1500 93 36 efter
1241 1501 69 36 fem
1339 1505 58 33 års
1423 1503 245 48 tjenstgöring
1696 1505 180 47 utgående
1904 1506 135 35 ålders-

437 1547 139 48 tillägg,
606 1548 123 34 kunna
757 1548 92 35 efter
877 1551 213 47 ytterligare
1117 1550 74 36 fem
1219 1555 57 32 års
1303 1553 243 46 tjenstgöring
1573 1554 101 46 höjas
1701 1555 80 35 med
1803 1557 71 34 500
1891 1557 146 41 kronor,

439 1597 80 35 med
560 1604 73 28 rätt
671 1597 59 36 för
769 1599 237 37 innehafvare
1045 1601 39 35 af
1115 1602 111 35 sådan
1258 1602 208 49 befattning
1497 1609 54 29 att
1577 1605 12 34 i
1616 1604 104 48 fråga
1747 1619 60 22 om
1834 1612 119 29 rätten
1983 1607 55 35 till

438 1647 249 47 ålderstillägg
727 1649 111 35 räkna
879 1651 56 46 sig
972 1652 54 34 till
1066 1652 99 46 godo
1198 1652 135 46 jemvaäl
1366 1653 61 35 det
1450 1655 98 34 antal
1576 1659 40 30 år
1645 1655 81 35 med
1753 1656 130 47 afdrag
1910 1656 39 35 af
1974 1662 63 38 tre,

438 1698 69 34 han
534 1698 122 35 kunde
686 1698 107 36 hafva
820 1701 94 34 varit
941 1702 140 34 anstäld
1110 1715 77 22 som
1216 1703 139 43 docent,
1384 1704 76 35 dels
1478 1710 53 29 att
1549 1705 104 35 dessa
1672 1706 251 48 ålderstillägg
1942 1707 96 47 finge

438 1748 178 36 bestridas
644 1748 39 35 af
707 1749 60 35 det
795 1750 115 36 under
937 1752 147 35 åttonde
1112 1752 248 36 hufvudtiteln
1382 1754 179 48 uppförda
1578 1754 300 49 förslagsanslag:
1904 1758 133 35 ålders-

438 1799 140 47 tillägg,
621 1800 76 35 dels
738 1801 59 34 ock
832 1806 52 29 att
913 1802 208 35 nuvarande
1148 1803 233 36 innehafvare
1409 1804 40 35 af
1473 1805 109 35 sådan
1611 1812 105 29 extra
1743 1807 183 36 ordinarie
1954 1821 82 34 pro-

436 1847 342 50 fessorsbefattning
803 1851 98 47 finge
928 1853 13 33 i
967 1851 104 49 fråga
1098 1866 60 22 om
1185 1859 117 30 rätten
1331 1855 56 34 till
1415 1855 249 48 ålderstillägg
1691 1857 266 47 tillgodoräkna
1984 1859 55 47 sig

437 1899 329 47 tjenstgöringstid,
810 1913 75 23 som
919 1901 135 36 infallit
1085 1903 76 35 före
1189 1904 102 35 dessa
1318 1905 288 36 bestämmelsers
1634 1907 175 36 trädande
1836 1909 12 34 i
1876 1909 162 47 tillämp-

440 1950 104 46 ning;
573 1955 94 30 samt

570 1998 39 45 b)
647 2006 54 29 att
739 2001 217 47 Riksdagen,
997 2004 12 34 i
1049 2004 200 47 anledning
1288 2005 37 35 af
1357 2006 82 35 herr
1465 2007 104 35 Alins
1596 2007 278 48 ifrågavarande
1900 2010 133 34 motion

439 2053 111 32 måtte
590 2050 193 46 medgifva,
826 2057 55 30 att
920 2058 105 30 extra
1064 2054 182 36 ordinarie
1287 2055 205 48 professorn
1531 2058 12 34 i
1579 2060 211 46 egyptologi
1818 2060 60 34 vid
1907 2059 131 48 Upsala

439 2101 213 35 universitet
692 2101 85 35 Karl
818 2103 102 35 Piehl
953 2104 96 46 finge
1075 2106 12 34 i
1114 2104 105 49 fråga
1247 2119 56 21 om
1333 2106 248 48 ålderstillägg
1608 2110 147 34 komma
1781 2111 12 33 i
1821 2110 213 46 åtnjutande

437 2150 38 34 af
511 2163 139 23 samma
677 2151 195 45 förmåner,
902 2165 78 23 som
1009 2155 195 46 beviljades
1231 2155 107 37 ofvan
1375 2158 156 35 nämnde
1558 2164 105 30 extra
1690 2159 182 37 ordinarie
1900 2159 136 49 profes-

437 2213 100 23 sorer
564 2202 81 34 med
675 2215 44 22 en
747 2203 382 49 begynnelseaflöning
1156 2205 41 36 af
1224 2208 107 42 4,000
1359 2208 151 43 kronor;
