1914 2806
292 149 18 29 2
687 154 378 32 Jordbruksutskottets
1092 155 175 31 utlåtande
1292 156 49 30 Nr
1366 157 47 30 59.

294 236 85 30 vård
404 246 43 21 m.
472 247 60 20 m.:
560 237 176 32 Särskilda
761 238 160 36 åtgärder
943 239 56 31 för
1024 239 198 36 främjande
1247 249 43 21 av
1317 241 363 36 skogsbrandskyddet
1706 242 95 30 anvi-

294 287 82 30 sade
397 288 162 35 anslagen
582 287 20 31 å
623 289 144 35 tillhopa
788 289 141 35 200,000
950 290 129 30 kronor
1099 291 64 30 har
1184 290 123 36 Kungl.
1333 290 99 36 Maj:t
1454 290 50 30 till
1526 292 277 30 vederbörandes

293 336 206 37 förfogande
527 338 93 30 ställt
650 339 138 35 143,000
818 340 127 29 kronor
974 340 56 30 för
1058 340 234 31 anskaffande
1321 351 43 21 av
1391 342 410 36 eldsläckningsmateriel

294 390 89 27 samt
407 388 117 35 57,000
550 389 128 30 kronor
703 388 55 31 för
782 390 193 30 avlönande
1000 400 42 21 av
1067 392 364 35 länsbrandceheferna,
1457 392 56 30 för
1538 393 188 37 ersättning
1751 394 50 29 till

294 438 117 30 dessas
434 438 261 31 resekostnader
718 440 64 29 och
807 440 56 30 för
885 441 171 35 gäldande
1078 451 42 21 av
1143 442 233 30 kostnaderna
1398 442 55 30 för
1476 442 92 31 vissa
1591 443 120 30 kurser
1736 443 65 30 och

293 487 168 36 övningar
482 489 79 30 med
583 489 354 36 skogsbrandbefälet.
959 491 50 30 Av
1032 492 57 29 det
1112 495 80 27 utav
1214 491 158 36 fjolårets
1395 492 126 32 urtima
1545 493 140 37 riksdag
1706 493 94 30 anvi-

294 538 82 31 sade
400 538 152 37 anslaget
575 538 21 31 å
620 540 138 35 785,000
783 540 130 30 kronor
936 541 49 30 till
1011 541 194 36 Skogsvård
1230 552 45 20 m.
1300 552 60 20 m.:
1387 542 202 37 Ytterligare
1611 543 111 30 medel
1746 543 57 30 för

293 587 198 37 främjande
516 598 43 21 av
586 589 363 38 skogsbrandskyddet
974 591 216 31 beräknades
1219 592 142 36 700,000
1390 593 127 30 kronor
1545 593 51 29 till
1624 593 106 36 inköp
1759 603 41 20 av

294 637 95 31 såväl
409 639 120 30 lättare
550 649 75 20 som
645 640 211 31 framförallt
878 644 117 33 tyngre
1017 642 421 36 eldsläckningsmateriel,
1460 643 120 35 60,000
1601 643 129 30 kronor
1750 643 50 30 till

292 689 92 29 löne-
407 689 64 30 och
493 690 262 31 resekostnader
778 691 57 30 för
857 692 87 30 läns-
967 692 65 30 och
1055 692 493 36 distriktsskogsbrandchefer
1571 696 89 28 samt
1681 693 121 35 25,000

293 739 129 30 kronor
439 738 50 31 till
509 740 188 31 kostnader
715 740 55 31 för
790 742 122 30 kurser
931 743 64 29 och
1015 743 168 35 övningar
1202 743 96 29 inom
1320 743 372 36 skogsbrandskyddet.

339 839 13 29 I
372 839 161 30 skrivelse
552 840 68 30 den
643 842 38 29 18
699 841 146 31 oktober
865 843 81 30 1940
964 844 64 30 har
1047 844 228 31 centralrådet
1292 846 57 37 för
1365 847 432 38 skogsvårdsstyrelsernas

294 888 153 36 förbund
480 890 186 37 hemställt,
703 894 49 27 att
786 894 196 29 statsmedel
1018 893 106 32 måtte
1148 897 116 29 ställas
1289 897 52 30 till
1368 898 206 36 förfogande
1598 901 54 29 för
1678 901 119 31 bestri-

292 939 114 30 dande
429 948 41 21 av
495 940 187 31 kostnader
706 941 56 31 för
784 942 197 38 bevakning
1004 954 43 21 av
1072 946 296 36 skogsbrandtorn
1393 949 164 30 ävensom
1582 949 56 31 för
1660 953 143 28 tornens

292 989 191 32 underhåll.
507 985 92 36 Över
618 991 301 38 framställningen
940 994 44 30 ha
1005 994 202 32 infordrade
1227 996 204 32 utlåtanden
1451 998 144 36 avgivits
1618 1000 66 30 den
1704 1001 19 29 5
1744 1001 56 30 de-

292 1039 138 30 cember
459 1041 84 30 1940
573 1050 43 22 av
644 1042 451 38 luftskyddsinspektionen,
1127 1055 72 21 som
1230 1047 58 31 vid
1320 1047 57 31 sitt
1406 1048 178 31 utlåtande
1613 1049 94 37 fogat
1736 1054 64 33 ytt-

290 1090 133 30 randen
444 1099 41 21 av
507 1092 148 30 svenska
676 1093 450 38 brandskyddsföreningen
1147 1097 63 29 och
1232 1093 570 47 skogsbrandskyddskommittén,

292 1143 90 26 samt
402 1141 66 29 den
488 1141 42 30 29
552 1151 94 21 mars
670 1143 78 30 1941
773 1153 44 20 av
839 1145 253 31 statskontoret.

338 1190 124 30 Vidare
482 1191 65 30 har
566 1191 441 39 luftskyddsinspektionen
1028 1196 11 29 i
1061 1197 163 31 skrivelse
1244 1199 66 30 den
1331 1201 40 28 20
1394 1210 90 21 mars
1510 1203 81 29 1941
1613 1200 184 45 hemställt,

291 1242 50 28 att
371 1239 20 32 å
421 1241 185 31 riksstaten
635 1242 56 31 för
721 1244 202 36 budgetåret
956 1242 142 34 1941/42
1129 1247 105 31 måtte
1265 1250 112 29 under
1407 1251 166 30 rubriken
1605 1252 195 38 Skogsvård

291 1299 46 21 m.
361 1300 60 20 m.:
446 1291 177 32 Särskilda
648 1292 159 37 åtgärder
831 1294 57 30 för
910 1294 199 38 främjande
1133 1307 42 20 av
1201 1298 365 38 skogsbrandskyddet
1591 1303 136 31 anvisas
1754 1308 45 26 ett

291 1341 349 38 reservationsanslag
667 1353 42 20 av
737 1344 119 35 75,000
885 1345 128 30 kronor
1039 1347 51 29 till
1119 1347 189 31 kostnader
1334 1349 56 31 för
1418 1351 88 30 läns-
1537 1353 66 29 och
1631 1353 167 31 distrikts-

292 1391 351 35 skogsbrandcehefers
664 1394 96 29 löner
781 1395 66 29 och
869 1404 92 21 resor
982 1400 88 27 samt
1090 1397 56 30 för
1165 1398 122 31 kurser
1308 1400 65 29 och
1395 1401 168 37 övningar
1584 1404 78 29 med
1683 1404 115 36 skogs-

291 1441 426 37 eldsläckningspersonal.
751 1439 92 36 Över
874 1445 265 37 ifrågavarande
1170 1448 257 39 framställning
1457 1452 66 30 har
1555 1454 245 30 statskontoret

291 1491 68 29 den
383 1492 40 29 29
446 1501 92 21 mars
564 1493 80 30 1941
671 1494 126 35 avgivit
821 1495 171 32 infordrat
1016 1497 186 32 utlåtande.

336 1590 97 32 Vissa
453 1591 319 40 försäkringsbolag
794 1598 89 27 samt
906 1597 146 30 svenska
1074 1598 450 41 brandskyddsföreningen
1544 1605 139 32 bildade
1702 1607 11 30 i
1734 1608 64 36 juli

292 1641 85 30 1938
396 1651 41 20 en
457 1642 191 37 kommitté,
670 1644 563 38 skogsbrandskyddskommittén.
1266 1650 122 33 Denna
1407 1657 130 34 upptog
1558 1655 114 32 såsom
1693 1667 42 20 en
1756 1668 43 21 av

290 1690 76 31 sina
388 1692 106 31 första
514 1691 161 38 åtgärder
694 1704 42 21 en
756 1696 184 37 utredning
958 1697 179 37 angående
1155 1700 221 36 uppförande
1396 1713 41 21 av
1458 1704 201 32 brandtorn.
1683 1707 53 30 En
1756 1718 43 20 av

290 1741 205 32 kommittén
521 1744 187 30 verkställd
734 1745 216 39 inventering
974 1756 65 28 gav
1065 1750 57 30 vid
1147 1751 150 37 handen,
1326 1755 48 28 att
1402 1757 45 28 ett
1475 1755 105 31 70-tal
1607 1757 190 32 brandtorn

289 1792 66 29 och
376 1793 360 32 brandvaktstationer
756 1795 45 31 då
820 1796 128 31 funnos
968 1799 185 36 uppförda.
1176 1801 49 31 De
1245 1801 102 32 flesta
1367 1813 42 21 av
1430 1805 98 30 dessa
1549 1816 82 20 voro
1652 1807 145 37 belägna

289 1841 9 29 i
330 1842 215 37 Värmlands,
576 1844 251 38 Kopparbergs,
858 1847 206 38 Gävleborgs
1093 1851 64 29 och
1186 1851 196 32 Jämtlands
1412 1855 65 29 län.
1510 1856 68 30 För
1607 1859 49 27 att
1684 1857 112 31 åstad-

289 1892 142 32 komma
450 1893 208 38 enhetlighet
679 1896 10 29 i
709 1896 240 38 bevakningen
969 1898 37 31 så
1025 1903 49 27 att
1094 1910 82 21 man
1195 1903 79 29 med
1296 1903 126 31 minsta
1443 1905 142 37 möjliga
1606 1908 93 30 antal
1720 1911 78 28 torn

289 1943 112 30 skulle
422 1944 119 30 kunna
562 1945 133 31 bevaka
719 1948 124 30 största
865 1948 141 37 möjliga
1027 1951 93 29 areal
1143 1951 108 31 beslöt
1275 1953 205 31 kommittén
1503 1959 49 27 att
1576 1959 155 34 uppgöra
1755 1968 42 20 en

288 1993 156 36 riksplan
469 1994 55 30 för
550 1995 217 31 bevakandet
791 2007 43 21 av
860 1998 131 31 landets
1018 2000 134 36 skogar.
1181 2002 63 30 Det
1270 2002 125 37 ansågs
1420 2005 133 36 härvid,
1582 2010 48 27 att
1657 2010 140 28 tornens

288 2043 174 37 placering
487 2045 112 31 skulle
621 2046 211 32 bestämmas
855 2058 42 21 av
921 2049 42 30 de
985 2051 238 35 topografiska
1249 2052 266 34 förhållandena
1541 2066 42 20 ur
1607 2056 189 39 effektsyn-

288 2094 113 35 punkt
426 2095 64 29 och
516 2096 219 37 placeringen
761 2099 102 35 göras
889 2099 69 30 helt
983 2100 193 32 oberoende
1201 2112 42 20 av
1270 2113 58 20 om
1354 2104 42 30 de
1421 2105 178 31 bevakade
1625 2107 171 37 skogarna

288 2153 82 21 vore
394 2145 176 32 allmänna
593 2147 83 30 eller
699 2148 167 36 enskilda,
892 2150 246 37 bolagsskogar
1161 2153 80 29 eller
1264 2153 11 30 i
1300 2154 133 31 enskild
1458 2165 144 26 persons
1627 2158 72 35 ägo,
1726 2158 70 30 för-

289 2195 148 30 säkrade
465 2196 82 31 eller
577 2196 236 32 oförsäkrade.
847 2199 127 32 Planen
1006 2201 111 30 skulle
1145 2203 221 35 genomföras
1397 2205 10 29 i
1438 2205 56 31 två
1527 2209 149 34 etapper,
1709 2207 87 32 först

289 2244 170 33 Norrland
485 2246 65 30 och
577 2247 205 37 Bergslagen
808 2249 66 30 och
899 2250 150 31 därefter
1075 2252 41 29 de
1143 2253 101 30 södra
1271 2254 142 31 delarna
1439 2265 42 21 av
1508 2257 126 30 landet.
1661 2257 134 32 Antalet

287 2297 80 27 torn
389 2305 72 21 som
482 2297 112 31 skulle
614 2298 167 36 uppföras
803 2299 159 36 utgjorde
983 2301 160 38 omkring
1168 2303 69 30 110.
1262 2303 131 31 Genom
1416 2305 223 33 kommitténs
1661 2307 135 37 försorg

290 2344 253 37 färdigställdes
572 2348 111 30 under
709 2348 84 31 åren
824 2350 215 31 1938—1940
1074 2351 255 39 (företrädesvis
1358 2354 11 30 i
1399 2355 181 40 Norrland)
1617 2360 44 27 ett
1690 2359 105 29 40-tal

286 2399 226 33 permanenta
538 2398 192 31 brandtorn
757 2409 43 21 av
827 2400 88 37 järn,
943 2403 179 29 utrustade
1149 2404 78 29 med
1254 2404 211 37 rikstelefon,
1494 2406 224 38 erforderliga
1745 2408 51 31 in-

288 2448 168 29 strument
478 2450 89 28 samt
590 2448 161 32 bostäder
772 2449 57 31 för
852 2451 264 38 vaktmanskap.
