2224 2616
390 181 19 31 2
609 177 117 32 Andra
750 177 199 31 kammarens
973 173 123 31 andra
1120 169 170 42 tillfälliga
1313 167 134 32 utskotts
1470 164 168 33 utlåtande
1662 162 52 31 Nr
1737 165 29 28 3.

506 263 92 34 »Det
629 260 92 35 lider
749 259 92 34 intet
868 256 124 43 tvivel,
1024 258 51 32 att
1104 255 60 34 det
1192 258 39 29 är
1259 264 45 22 en
1333 250 76 35 lika
1438 249 148 34 allmänt
1613 244 156 36 utbredd
1798 254 74 24 som
1901 244 89 32 rätt-

393 316 113 46 mätig
535 315 149 42 önskan,
716 315 51 32 att
795 309 203 47 ingenting,
1030 320 73 23 som
1132 307 73 34 kan
1234 310 114 41 göras,
1378 303 66 35 bör
1471 300 208 36 underlåtas
1699 298 55 34 för
1774 299 52 32 att
1844 295 143 35 landets

394 369 159 46 manliga
593 367 157 46 ungdom
793 367 67 41 må,
903 366 128 31 utöver
1072 361 70 34 den
1180 359 160 45 förmåga
1369 368 43 23 av
1441 365 161 35 vapnens
1630 351 107 43 bruk,
1769 361 74 23 som
1873 348 117 34 under

395 422 216 36 mötestiden
640 421 211 40 förvärvats,
882 422 91 29 även
1002 414 160 35 därifrån
1190 411 162 36 hemföra
1379 408 147 36 vinsten
1555 419 42 22 av
1626 405 93 46 goda
1746 414 111 24 vanor
1886 401 12 35 i
1928 401 61 33 det

396 475 167 36 enskilda
590 474 89 35 livet
708 472 65 36 och
801 472 70 33 den
900 468 193 36 moraliska
1122 465 125 47 styrka
1276 467 51 32 att
1356 463 131 34 motstå
1515 459 189 35 frestelsen
1732 456 56 35 till
1817 455 176 35 förtäran-

398 530 61 34 det
501 541 44 23 av
587 527 122 35 starka
745 524 164 46 drycker,
941 534 74 23 som
1044 533 44 22 en
1116 520 124 45 längre
1268 517 73 35 tids
1370 513 260 37 avhållsamhet
1659 511 81 34 från
1769 510 99 34 detta
1895 506 97 36 bruk

399 581 254 46 otvivelaktigt
696 578 167 36 skänker.
920 576 19 34 I
982 576 70 33 den
1093 573 109 43 ålder,
1246 571 115 34 under
1389 568 126 35 vilken
1543 564 234 47 värnplikten
1806 561 184 46 fullgöres,

399 635 119 36 bildas
546 646 111 24 vanor
685 632 66 35 och
780 634 174 41 mottagas
983 626 147 47 intryck
1158 625 75 36 ofta
1260 621 269 37 bestämmande
1558 619 55 35 för
1642 616 229 36 framtiden.
1854 612 22 55 >

509 688 144 36 Flottan
694 685 168 35 berördes
903 681 114 36 likväl
1059 680 80 35 icke
1181 678 13 35 i
1230 678 101 34 1904
1361 678 57 32 års
1448 672 185 43 skrivelse,
1664 670 66 35 och
1760 670 60 33 det
1847 668 67 34 har
1941 669 56 31 ut-

402 745 109 35 talats
540 754 44 22 en
613 739 197 42 förmodan,
841 739 53 32 att
922 736 98 34 detta
1048 733 155 35 berodde
1231 733 47 44 på
1306 733 51 31 ett
1386 726 237 37 förbiseende.

511 795 74 35 Vid
630 793 100 35 1913
774 794 55 32 års
872 789 151 44 riksdag
1063 786 148 35 väcktes
1248 781 200 37 emellertid
1477 792 44 22 en
1550 777 135 36 motion
1714 788 43 22 av
1785 775 63 34 hrir
1875 773 42 35 E.
1949 770 47 36 ÅA.

403 850 133 36 Nilson
577 847 14 35 i
633 840 148 48 Örebro,
825 844 154 34 Persson
1007 840 14 35 i
1048 839 178 45 Tällberg,
1257 837 181 34 Thorsson
1468 833 65 35 och
1561 829 204 43 Kronlund,
1795 826 79 36 vari
1902 826 97 34 hem-

405 903 158 42 ställdes,
600 903 73 32 »att
700 898 196 44 riksdagen
925 897 110 33 måtte
1066 892 140 36 besluta
1226 893 53 32 att
1298 889 13 35 i
1332 887 175 36 skrivelse
1535 885 57 35 till
1620 882 135 46 Kungl.
1777 879 107 47 Maj:t
1903 879 97 34 hem-

406 956 115 43 ställa,
568 955 59 34 det
663 951 136 46 Kungl.
830 949 107 46 Maj:t
964 947 139 35 täcktes
1132 949 83 42 taga
1242 943 116 34 under
1387 938 259 47 övervägande,
1676 934 182 37 huruvida
1886 932 30 46 ej
1949 944 52 22 ar-

406 1009 118 37 tikeln
552 1008 34 35 öl
613 1005 196 47 lämpligen
837 1003 64 35 bör
929 1002 126 34 kunna
1082 1000 184 43 borttagas
1295 995 96 35 såväl
1420 1006 44 22 ur
1494 989 277 49 spisordningen
1800 987 55 35 för
1884 985 117 35 friska

406 1067 20 32 å
454 1063 145 35 flottans
628 1059 122 45 fartyg
779 1069 73 23 som
882 1055 67 35 ock
979 1056 113 32 såsom
1122 1055 103 31 extra
1253 1047 248 48 förplägnad.>

515 1115 128 34 Denna
684 1110 136 36 motion
861 1109 83 35 blev
987 1119 43 22 av
1072 1105 126 35 Andra
1240 1103 209 34 kammaren
1491 1098 150 35 bifallen
1677 1106 82 24 men
1788 1093 141 45 avslogs
1959 1103 44 22 av

406 1171 128 34 Första
562 1167 218 35 kammaren.

516 1222 81 34 Den
624 1231 51 22 nu
704 1230 43 22 av
775 1217 84 34 herr
886 1211 181 48 Liljedahl
1095 1210 130 35 väckta
1254 1207 181 35 motionen
1457 1210 39 29 är
1516 1216 44 22 en
1579 1200 220 47 utvidgning
1819 1211 44 22 av
1884 1199 119 33 denna

408 1288 88 35 nyss
524 1273 152 36 berörda
704 1269 144 36 motion.
906 1266 126 36 Under
1061 1265 60 34 det
1149 1266 52 32 att
1230 1260 264 36 motionärerna
1523 1257 81 34 från
1632 1255 12 34 i
1673 1254 65 46 fjol
1762 1253 128 34 endast
1910 1249 94 47 åsyf-

408 1330 84 34 tade
535 1330 52 32 att
627 1326 166 43 borttaga
834 1322 71 35 ölet
947 1320 55 34 för
1040 1316 223 46 manskapet,
1294 1313 137 47 åsyftar
1459 1312 84 33 herr
1570 1307 199 47 Liljedahls
1796 1318 52 22 nu
1875 1303 133 36 väckta

411 1381 136 36 motion
575 1382 52 32 att
656 1377 146 36 ombord
831 1377 20 32 å
878 1374 146 34 flottans
1049 1371 124 51 fartyg
1202 1367 167 46 förbjuda
1397 1364 99 45 varje
1525 1360 233 45 användning
1778 1371 43 22 av
1841 1358 166 45 rusdryc-

412 1436 67 34 ker
521 1436 113 33 såsom
662 1426 319 50 njutningsmedel.
1040 1416 106 42 Även
1172 1419 301 37 underofficerare
1503 1416 65 35 och
1597 1414 182 36 officerare
1809 1410 118 36 skulle
1957 1411 51 32 så-

412 1489 113 35 lunda
571 1485 121 36 ställas
733 1483 116 34 under
891 1481 43 34 de
976 1475 279 43 bestämmelser,
1301 1484 73 24 som
1418 1471 112 34 andra
1571 1469 209 34 kammaren
1822 1467 39 32 år
1906 1463 101 34 1913

413 1541 162 35 uttalade
604 1538 54 45 sig
687 1536 56 35 för
770 1533 224 38 beträffande
1023 1529 223 46 manskapet.
1548 1567 3 3 |

520 1592 188 36 Utskottet
736 1595 38 29 är
803 1588 67 35 ock
898 1599 44 22 av
971 1586 70 34 den
1069 1580 295 48 uppfattningen,
1396 1581 51 31 att
1468 1577 44 34 de
1531 1576 110 45 lagar,
1664 1584 74 23 som
1758 1571 13 35 i
1792 1568 217 37 hithörande

415 1648 63 35 fall
522 1646 118 35 stiftas
683 1644 55 34 för
772 1640 223 45 manskapet,
1027 1637 107 35 också
1161 1636 87 34 böra
1276 1632 94 47 gälla
1398 1631 56 35 för
1483 1629 209 35 officerarna
1722 1625 65 35 och
1815 1621 195 37 underoffi-

415 1712 157 24 cerarna.
629 1697 187 35 Utskottet
859 1706 56 22 ser
957 1692 127 45 frågan
1125 1701 44 22 ur
1211 1686 108 36 social
1356 1685 66 35 och
1452 1679 243 39 fosterländsk
1725 1676 190 48 synpunkt
1944 1674 66 35 och

415 1751 261 47 understryker
718 1750 61 34 det
820 1747 97 35 förut
944 1744 126 47 gjorda
1097 1741 213 42 uttalandet,
1341 1741 53 32 att
1421 1739 86 33 våra
1535 1732 245 47 värnpliktige
1808 1730 117 34 under
1955 1726 57 35 sin

415 1803 285 47 utbildningstid
736 1803 86 34 böra
850 1799 208 47 uppfostras
1086 1795 57 35 till
1173 1793 121 36 starka
1323 1792 65 35 och
1417 1790 93 46 goda
1538 1787 221 41 karaktärer,
1790 1783 81 35 icke
1901 1780 111 36 minst

417 1861 82 34 med
541 1860 141 44 hänsyn
724 1855 57 35 till
823 1852 193 36 avstående
1059 1849 80 34 från
1166 1847 134 35 bruket
1328 1857 43 22 av
1401 1839 283 46 alkoholhaltiga
1713 1836 165 47 drycker.
1940 1834 73 34 Det

416 1914 94 46 goda
551 1909 174 47 exempel,
771 1920 71 23 som
872 1905 135 36 befälet
1035 1903 65 34 här
1129 1901 117 35 skulle
1275 1899 125 34 kunna
1429 1896 122 45 föregå
1579 1893 92 43 med,
1701 1902 84 24 vore
1815 1889 124 35 säkert
1969 1899 43 22 av

416 1963 298 46 utomordentligt
748 1964 72 32 stor
838 1958 197 47 betydelse.
1092 1955 58 35 En
1177 1955 70 44 lag,
1279 1964 73 23 som
1381 1949 125 47 gjorde
1535 1945 196 37 åtskillnad
1759 1945 47 44 på
1834 1940 178 45 manskap

418 2020 66 35 och
512 2018 107 43 befäl,
651 2015 117 36 skulle
797 2013 67 36 ock
893 2010 148 37 ombord
1070 2011 19 32 å
1117 2011 51 31 ett
1197 2007 121 45 fartyg
1346 2002 198 36 framträda
1572 1998 147 36 särskilt
1748 1996 117 35 starkt
1896 1996 117 33 såsom

418 2086 46 22 en
493 2068 339 48 klasslagstiftning.
891 2066 111 34 Detta
1030 2063 64 34 bör
1122 2060 115 46 enligt
1264 2058 177 35 utskottet
1470 2053 191 36 undvikas.

526 2124 186 35 Utskottet
739 2123 110 43 vågar
877 2118 108 35 också
1013 2120 66 39 tro,
1111 2118 51 31 att
1190 2113 145 34 flottans
1364 2109 97 36 befäl
1489 2113 112 41 gärna
1630 2104 117 36 skulle
1762 2102 131 45 bringa
1914 2101 101 33 detta

419 2179 90 35 offer
552 2195 46 3 —
630 2188 55 23 om
715 2175 43 34 de
787 2184 84 24 anse
900 2169 212 37 avståendet
1140 2167 80 34 från
1249 2163 219 46 rusdrycker
1496 2172 85 23 vara
1609 2162 52 31 ett
1690 2157 88 35 offer
1809 2172 47 4 —
1889 2152 126 49 såvida

420 2233 44 33 de
493 2231 121 42 visste,
645 2231 52 33 att
726 2229 43 33 de
799 2225 146 36 därmed
973 2223 148 44 bidroge
1149 2220 58 34 till
1235 2221 79 32 vårt
1343 2215 95 36 folks
1468 2214 179 35 allmänna
1666 2209 162 48 lyftning
1847 2207 57 35 till
1921 2205 94 35 ökad

419 2284 206 46 nykterhet.
