<?xml version="1.0" encoding="UTF-8"?>
<alto xmlns="http://www.loc.gov/standards/alto/ns-v3#" xmlns:xlink="http://www.w3.org/1999/xlink" xmlns:xsi="http://www.w3.org/2001/XMLSchema-instance" xsi:schemaLocation="http://www.loc.gov/standards/alto/ns-v3# http://www.loc.gov/alto/v3/alto-3-0.xsd">
	<Description>
		<MeasurementUnit>pixel</MeasurementUnit>
		<sourceImageInformation>
			<fileName>/tmp/tess_v61sm4ez_input.PNG</fileName>
		</sourceImageInformation>
		<OCRProcessing ID="OCR_0">
			<ocrProcessingStep>
				<processingSoftware>
					<softwareName>tesseract 5.3.0</softwareName>
				</processingSoftware>
			</ocrProcessingStep>
		</OCRProcessing>
	</Description>
	<Layout>
		<Page WIDTH="1930" HEIGHT="2854" PHYSICAL_IMG_NR="0" ID="page_0">
			<PrintSpace HPOS="0" VPOS="0" WIDTH="1930" HEIGHT="2854">
				<ComposedBlock ID="cblock_0" HPOS="1588" VPOS="190" WIDTH="11" HEIGHT="8">
					<TextBlock ID="block_0" HPOS="1588" VPOS="190" WIDTH="11" HEIGHT="8">
						<TextLine ID="line_0" HPOS="1588" VPOS="190" WIDTH="11" HEIGHT="8">
							<String ID="string_0" HPOS="1588" VPOS="190" WIDTH="11" HEIGHT="8" WC="0.11" CONTENT="Fr"/>
						</TextLine>
					</TextBlock>
				</ComposedBlock>
				<ComposedBlock ID="cblock_1" HPOS="508" VPOS="187" WIDTH="1095" HEIGHT="32">
					<TextBlock ID="block_1" HPOS="508" VPOS="187" WIDTH="1095" HEIGHT="32">
						<TextLine ID="line_1" HPOS="508" VPOS="187" WIDTH="1095" HEIGHT="32">
							<String ID="string_1" HPOS="508" VPOS="187" WIDTH="395" HEIGHT="31" WC="0.91" CONTENT="Jordbruksutskottets"/><SP WIDTH="30" VPOS="187" HPOS="903"/>
							<String ID="string_2" HPOS="933" VPOS="188" WIDTH="188" HEIGHT="30" WC="0.94" CONTENT="utlåtande"/><SP WIDTH="30" VPOS="188" HPOS="1121"/>
							<String ID="string_3" HPOS="1151" VPOS="189" WIDTH="50" HEIGHT="30" WC="0.93" CONTENT="Nr"/><SP WIDTH="25" VPOS="189" HPOS="1201"/>
							<String ID="string_4" HPOS="1226" VPOS="189" WIDTH="47" HEIGHT="28" WC="0.75" CONTENT="70."/><SP WIDTH="313" VPOS="189" HPOS="1273"/>
							<String ID="string_5" HPOS="1586" VPOS="200" WIDTH="17" HEIGHT="18" WC="0.69" CONTENT="5"/>
						</TextLine>
					</TextBlock>
				</ComposedBlock>
				<ComposedBlock ID="cblock_2" HPOS="128" VPOS="262" WIDTH="1520" HEIGHT="1654">
					<TextBlock ID="block_2" HPOS="138" VPOS="262" WIDTH="1510" HEIGHT="428">
						<TextLine ID="line_2" HPOS="142" VPOS="262" WIDTH="1505" HEIGHT="39">
							<String ID="string_6" HPOS="142" VPOS="262" WIDTH="169" HEIGHT="30" WC="0.96" CONTENT="träffande"/><SP WIDTH="24" VPOS="262" HPOS="311"/>
							<String ID="string_7" HPOS="335" VPOS="273" WIDTH="46" HEIGHT="20" WC="0.93" CONTENT="nu"/><SP WIDTH="21" VPOS="273" HPOS="381"/>
							<String ID="string_8" HPOS="402" VPOS="264" WIDTH="263" HEIGHT="35" WC="0.91" CONTENT="ifragavarande"/><SP WIDTH="18" VPOS="264" HPOS="665"/>
							<String ID="string_9" HPOS="683" VPOS="264" WIDTH="207" HEIGHT="35" WC="0.95" CONTENT="fastigheter."/><SP WIDTH="33" VPOS="264" HPOS="890"/>
							<String ID="string_10" HPOS="923" VPOS="265" WIDTH="71" HEIGHT="30" WC="0.96" CONTENT="Vad"/><SP WIDTH="14" VPOS="265" HPOS="994"/>
							<String ID="string_11" HPOS="1008" VPOS="267" WIDTH="109" HEIGHT="33" WC="0.96" CONTENT="angår"/><SP WIDTH="13" VPOS="267" HPOS="1117"/>
							<String ID="string_12" HPOS="1130" VPOS="266" WIDTH="120" HEIGHT="34" WC="0.95" CONTENT="frågan"/><SP WIDTH="13" VPOS="266" HPOS="1250"/>
							<String ID="string_13" HPOS="1263" VPOS="276" WIDTH="52" HEIGHT="20" WC="0.93" CONTENT="om"/><SP WIDTH="16" VPOS="276" HPOS="1315"/>
							<String ID="string_14" HPOS="1331" VPOS="267" WIDTH="259" HEIGHT="34" WC="0.91" CONTENT="tillgodoseende"/><SP WIDTH="12" VPOS="267" HPOS="1590"/>
							<String ID="string_15" HPOS="1602" VPOS="278" WIDTH="45" HEIGHT="20" WC="0.96" CONTENT="av"/>
						</TextLine>
						<TextLine ID="line_3" HPOS="140" VPOS="304" WIDTH="1508" HEIGHT="42">
							<String ID="string_16" HPOS="140" VPOS="304" WIDTH="96" HEIGHT="31" WC="0.96" CONTENT="deras"/><SP WIDTH="12" VPOS="304" HPOS="236"/>
							<String ID="string_17" HPOS="248" VPOS="305" WIDTH="174" HEIGHT="37" WC="0.96" CONTENT="intressen,"/><SP WIDTH="11" VPOS="305" HPOS="422"/>
							<String ID="string_18" HPOS="433" VPOS="308" WIDTH="96" HEIGHT="29" WC="0.96" CONTENT="vilka"/><SP WIDTH="13" VPOS="308" HPOS="529"/>
							<String ID="string_19" HPOS="542" VPOS="307" WIDTH="74" HEIGHT="31" WC="0.93" CONTENT="med"/><SP WIDTH="18" VPOS="307" HPOS="616"/>
							<String ID="string_20" HPOS="634" VPOS="304" WIDTH="189" HEIGHT="39" WC="0.92" CONTENT="nyttjande-"/><SP WIDTH="13" VPOS="304" HPOS="823"/>
							<String ID="string_21" HPOS="836" VPOS="308" WIDTH="81" HEIGHT="30" WC="0.96" CONTENT="eller"/><SP WIDTH="12" VPOS="308" HPOS="917"/>
							<String ID="string_22" HPOS="929" VPOS="309" WIDTH="134" HEIGHT="30" WC="0.93" CONTENT="åborätt"/><SP WIDTH="13" VPOS="309" HPOS="1063"/>
							<String ID="string_23" HPOS="1076" VPOS="309" WIDTH="170" HEIGHT="30" WC="0.92" CONTENT="innehava"/><SP WIDTH="14" VPOS="309" HPOS="1246"/>
							<String ID="string_24" HPOS="1260" VPOS="310" WIDTH="261" HEIGHT="35" WC="0.93" CONTENT="ifrågavarande"/><SP WIDTH="13" VPOS="310" HPOS="1521"/>
							<String ID="string_25" HPOS="1534" VPOS="311" WIDTH="114" HEIGHT="35" WC="0.91" CONTENT="fastig-"/>
						</TextLine>
						<TextLine ID="line_4" HPOS="141" VPOS="348" WIDTH="1506" HEIGHT="42">
							<String ID="string_26" HPOS="141" VPOS="348" WIDTH="103" HEIGHT="36" WC="0.96" CONTENT="heter,"/><SP WIDTH="35" VPOS="348" HPOS="244"/>
							<String ID="string_27" HPOS="279" VPOS="350" WIDTH="64" HEIGHT="30" WC="0.96" CONTENT="vill"/><SP WIDTH="36" VPOS="350" HPOS="343"/>
							<String ID="string_28" HPOS="379" VPOS="351" WIDTH="162" HEIGHT="29" WC="0.96" CONTENT="utskottet"/><SP WIDTH="26" VPOS="351" HPOS="541"/>
							<String ID="string_29" HPOS="567" VPOS="351" WIDTH="193" HEIGHT="35" WC="0.95" CONTENT="framhålla,"/><SP WIDTH="23" VPOS="351" HPOS="760"/>
							<String ID="string_30" HPOS="783" VPOS="353" WIDTH="62" HEIGHT="34" WC="0.95" CONTENT="att,"/><SP WIDTH="25" VPOS="353" HPOS="845"/>
							<String ID="string_31" HPOS="870" VPOS="353" WIDTH="108" HEIGHT="29" WC="0.91" CONTENT="såsom"/><SP WIDTH="23" VPOS="353" HPOS="978"/>
							<String ID="string_32" HPOS="1001" VPOS="352" WIDTH="134" HEIGHT="35" WC="0.96" CONTENT="jämväl"/><SP WIDTH="24" VPOS="352" HPOS="1135"/>
							<String ID="string_33" HPOS="1159" VPOS="353" WIDTH="248" HEIGHT="30" WC="0.96" CONTENT="motionärerna"/><SP WIDTH="25" VPOS="353" HPOS="1407"/>
							<String ID="string_34" HPOS="1432" VPOS="354" WIDTH="126" HEIGHT="36" WC="0.96" CONTENT="beröra,"/><SP WIDTH="25" VPOS="354" HPOS="1558"/>
							<String ID="string_35" HPOS="1583" VPOS="355" WIDTH="64" HEIGHT="30" WC="0.96" CONTENT="den"/>
						</TextLine>
						<TextLine ID="line_5" HPOS="140" VPOS="392" WIDTH="1507" HEIGHT="39">
							<String ID="string_36" HPOS="140" VPOS="402" WIDTH="24" HEIGHT="19" WC="0.75" CONTENT="s."/><SP WIDTH="26" VPOS="402" HPOS="164"/>
							<String ID="string_37" HPOS="190" VPOS="392" WIDTH="31" HEIGHT="31" WC="0.80" CONTENT="k."/><SP WIDTH="24" VPOS="392" HPOS="221"/>
							<String ID="string_38" HPOS="245" VPOS="393" WIDTH="269" HEIGHT="31" WC="0.90" CONTENT="åbokommittén"/><SP WIDTH="24" VPOS="393" HPOS="514"/>
							<String ID="string_39" HPOS="538" VPOS="396" WIDTH="39" HEIGHT="28" WC="0.96" CONTENT="är"/><SP WIDTH="23" VPOS="396" HPOS="577"/>
							<String ID="string_40" HPOS="600" VPOS="395" WIDTH="158" HEIGHT="30" WC="0.95" CONTENT="verksam"/><SP WIDTH="27" VPOS="395" HPOS="758"/>
							<String ID="string_41" HPOS="785" VPOS="396" WIDTH="50" HEIGHT="29" WC="0.96" CONTENT="för"/><SP WIDTH="23" VPOS="396" HPOS="835"/>
							<String ID="string_42" HPOS="858" VPOS="395" WIDTH="90" HEIGHT="31" WC="0.96" CONTENT="detta"/><SP WIDTH="23" VPOS="395" HPOS="948"/>
							<String ID="string_43" HPOS="971" VPOS="396" WIDTH="97" HEIGHT="35" WC="0.96" CONTENT="syfte."/><SP WIDTH="47" VPOS="396" HPOS="1068"/>
							<String ID="string_44" HPOS="1115" VPOS="396" WIDTH="172" HEIGHT="31" WC="0.93" CONTENT="Utskottet"/><SP WIDTH="25" VPOS="396" HPOS="1287"/>
							<String ID="string_45" HPOS="1312" VPOS="397" WIDTH="58" HEIGHT="30" WC="0.96" CONTENT="vill"/><SP WIDTH="27" VPOS="397" HPOS="1370"/>
							<String ID="string_46" HPOS="1397" VPOS="397" WIDTH="115" HEIGHT="30" WC="0.96" CONTENT="vidare"/><SP WIDTH="24" VPOS="397" HPOS="1512"/>
							<String ID="string_47" HPOS="1536" VPOS="399" WIDTH="111" HEIGHT="29" WC="0.96" CONTENT="såsom"/>
						</TextLine>
						<TextLine ID="line_6" HPOS="140" VPOS="435" WIDTH="1507" HEIGHT="38">
							<String ID="string_48" HPOS="140" VPOS="435" WIDTH="51" HEIGHT="30" WC="0.96" CONTENT="sin"/><SP WIDTH="36" VPOS="435" HPOS="191"/>
							<String ID="string_49" HPOS="227" VPOS="437" WIDTH="89" HEIGHT="30" WC="0.96" CONTENT="åsikt"/><SP WIDTH="24" VPOS="437" HPOS="316"/>
							<String ID="string_50" HPOS="340" VPOS="438" WIDTH="119" HEIGHT="34" WC="0.96" CONTENT="uttala,"/><SP WIDTH="29" VPOS="438" HPOS="459"/>
							<String ID="string_51" HPOS="488" VPOS="439" WIDTH="50" HEIGHT="28" WC="0.93" CONTENT="att"/><SP WIDTH="24" VPOS="439" HPOS="538"/>
							<String ID="string_52" HPOS="562" VPOS="438" WIDTH="343" HEIGHT="35" WC="0.91" CONTENT="kammarkollegium"/><SP WIDTH="25" VPOS="438" HPOS="905"/>
							<String ID="string_53" HPOS="930" VPOS="439" WIDTH="7" HEIGHT="29" WC="0.96" CONTENT="i"/><SP WIDTH="28" VPOS="439" HPOS="937"/>
							<String ID="string_54" HPOS="965" VPOS="439" WIDTH="60" HEIGHT="30" WC="0.96" CONTENT="sitt"/><SP WIDTH="23" VPOS="439" HPOS="1025"/>
							<String ID="string_55" HPOS="1048" VPOS="439" WIDTH="141" HEIGHT="31" WC="0.96" CONTENT="berörda"/><SP WIDTH="24" VPOS="439" HPOS="1189"/>
							<String ID="string_56" HPOS="1213" VPOS="440" WIDTH="176" HEIGHT="30" WC="0.96" CONTENT="utlåtande"/><SP WIDTH="25" VPOS="440" HPOS="1389"/>
							<String ID="string_57" HPOS="1414" VPOS="442" WIDTH="159" HEIGHT="29" WC="0.92" CONTENT="framfört"/><SP WIDTH="24" VPOS="442" HPOS="1573"/>
							<String ID="string_58" HPOS="1597" VPOS="442" WIDTH="50" HEIGHT="30" WC="0.92" CONTENT="be-"/>
						</TextLine>
						<TextLine ID="line_7" HPOS="138" VPOS="479" WIDTH="1508" HEIGHT="39">
							<String ID="string_59" HPOS="138" VPOS="479" WIDTH="228" HEIGHT="31" WC="0.91" CONTENT="aktansvärda"/><SP WIDTH="24" VPOS="479" HPOS="366"/>
							<String ID="string_60" HPOS="390" VPOS="481" WIDTH="211" HEIGHT="34" WC="0.96" CONTENT="synpunkter"/><SP WIDTH="25" VPOS="481" HPOS="601"/>
							<String ID="string_61" HPOS="626" VPOS="482" WIDTH="7" HEIGHT="28" WC="0.96" CONTENT="i"/><SP WIDTH="28" VPOS="482" HPOS="633"/>
							<String ID="string_62" HPOS="661" VPOS="481" WIDTH="98" HEIGHT="35" WC="0.96" CONTENT="fråga"/><SP WIDTH="23" VPOS="481" HPOS="759"/>
							<String ID="string_63" HPOS="782" VPOS="491" WIDTH="54" HEIGHT="20" WC="0.96" CONTENT="om"/><SP WIDTH="24" VPOS="491" HPOS="836"/>
							<String ID="string_64" HPOS="860" VPOS="492" WIDTH="41" HEIGHT="20" WC="0.96" CONTENT="en"/><SP WIDTH="25" VPOS="492" HPOS="901"/>
							<String ID="string_65" HPOS="926" VPOS="492" WIDTH="91" HEIGHT="20" WC="0.96" CONTENT="mera"/><SP WIDTH="24" VPOS="492" HPOS="1017"/>
							<String ID="string_66" HPOS="1041" VPOS="483" WIDTH="157" HEIGHT="29" WC="0.96" CONTENT="rationell"/><SP WIDTH="24" VPOS="483" HPOS="1198"/>
							<String ID="string_67" HPOS="1222" VPOS="484" WIDTH="134" HEIGHT="34" WC="0.96" CONTENT="rättslig"/><SP WIDTH="24" VPOS="484" HPOS="1356"/>
							<String ID="string_68" HPOS="1380" VPOS="485" WIDTH="209" HEIGHT="30" WC="0.96" CONTENT="omvårdnad"/><SP WIDTH="13" VPOS="485" HPOS="1589"/>
							<String ID="string_69" HPOS="1602" VPOS="496" WIDTH="44" HEIGHT="19" WC="0.96" CONTENT="av"/>
						</TextLine>
						<TextLine ID="line_8" HPOS="139" VPOS="523" WIDTH="1508" HEIGHT="41">
							<String ID="string_70" HPOS="139" VPOS="523" WIDTH="148" HEIGHT="30" WC="0.96" CONTENT="kronans"/><SP WIDTH="35" VPOS="523" HPOS="287"/>
							<String ID="string_71" HPOS="322" VPOS="524" WIDTH="89" HEIGHT="29" WC="0.95" CONTENT="fasta"/><SP WIDTH="32" VPOS="524" HPOS="411"/>
							<String ID="string_72" HPOS="443" VPOS="523" WIDTH="172" HEIGHT="35" WC="0.96" CONTENT="egendom."/><SP WIDTH="48" VPOS="523" HPOS="615"/>
							<String ID="string_73" HPOS="663" VPOS="525" WIDTH="148" HEIGHT="29" WC="0.86" CONTENT="Särskilt"/><SP WIDTH="34" VPOS="525" HPOS="811"/>
							<String ID="string_74" HPOS="845" VPOS="534" WIDTH="98" HEIGHT="26" WC="0.96" CONTENT="synes"/><SP WIDTH="36" VPOS="534" HPOS="943"/>
							<String ID="string_75" HPOS="979" VPOS="526" WIDTH="163" HEIGHT="29" WC="0.93" CONTENT="utskottet"/><SP WIDTH="35" VPOS="526" HPOS="1142"/>
							<String ID="string_76" HPOS="1177" VPOS="526" WIDTH="137" HEIGHT="35" WC="0.92" CONTENT="kollegii"/><SP WIDTH="25" VPOS="526" HPOS="1314"/>
							<String ID="string_77" HPOS="1339" VPOS="527" WIDTH="125" HEIGHT="34" WC="0.96" CONTENT="förslag"/><SP WIDTH="23" VPOS="527" HPOS="1464"/>
							<String ID="string_78" HPOS="1487" VPOS="538" WIDTH="55" HEIGHT="19" WC="0.93" CONTENT="om"/><SP WIDTH="24" VPOS="538" HPOS="1542"/>
							<String ID="string_79" HPOS="1566" VPOS="539" WIDTH="81" HEIGHT="25" WC="0.92" CONTENT="upp-"/>
						</TextLine>
						<TextLine ID="line_9" HPOS="140" VPOS="566" WIDTH="1507" HEIGHT="38">
							<String ID="string_80" HPOS="140" VPOS="566" WIDTH="171" HEIGHT="31" WC="0.92" CONTENT="rättandet"/><SP WIDTH="35" VPOS="566" HPOS="311"/>
							<String ID="string_81" HPOS="346" VPOS="576" WIDTH="43" HEIGHT="20" WC="0.96" CONTENT="av"/><SP WIDTH="36" VPOS="576" HPOS="389"/>
							<String ID="string_82" HPOS="425" VPOS="576" WIDTH="40" HEIGHT="20" WC="0.91" CONTENT="en"/><SP WIDTH="36" VPOS="576" HPOS="465"/>
							<String ID="string_83" HPOS="501" VPOS="567" WIDTH="129" HEIGHT="35" WC="0.91" CONTENT="liggare"/><SP WIDTH="24" VPOS="567" HPOS="630"/>
							<String ID="string_84" HPOS="654" VPOS="569" WIDTH="78" HEIGHT="28" WC="0.96" CONTENT="över"/><SP WIDTH="23" VPOS="569" HPOS="732"/>
							<String ID="string_85" HPOS="755" VPOS="568" WIDTH="47" HEIGHT="29" WC="0.96" CONTENT="all"/><SP WIDTH="24" VPOS="568" HPOS="802"/>
							<String ID="string_86" HPOS="826" VPOS="568" WIDTH="104" HEIGHT="30" WC="0.96" CONTENT="sådan"/><SP WIDTH="25" VPOS="568" HPOS="930"/>
							<String ID="string_87" HPOS="955" VPOS="568" WIDTH="133" HEIGHT="30" WC="0.96" CONTENT="kronan"/><SP WIDTH="24" VPOS="568" HPOS="1088"/>
							<String ID="string_88" HPOS="1112" VPOS="569" WIDTH="153" HEIGHT="35" WC="0.96" CONTENT="tillhörig"/><SP WIDTH="24" VPOS="569" HPOS="1265"/>
							<String ID="string_89" HPOS="1289" VPOS="569" WIDTH="160" HEIGHT="35" WC="0.96" CONTENT="egendom"/><SP WIDTH="25" VPOS="569" HPOS="1449"/>
							<String ID="string_90" HPOS="1474" VPOS="581" WIDTH="84" HEIGHT="20" WC="0.92" CONTENT="vara"/><SP WIDTH="24" VPOS="581" HPOS="1558"/>
							<String ID="string_91" HPOS="1582" VPOS="573" WIDTH="65" HEIGHT="29" WC="0.92" CONTENT="för-"/>
						</TextLine>
						<TextLine ID="line_10" HPOS="139" VPOS="610" WIDTH="1507" HEIGHT="37">
							<String ID="string_92" HPOS="139" VPOS="610" WIDTH="90" HEIGHT="35" WC="0.91" CONTENT="tjänt"/><SP WIDTH="31" VPOS="610" HPOS="229"/>
							<String ID="string_93" HPOS="260" VPOS="620" WIDTH="43" HEIGHT="19" WC="0.96" CONTENT="av"/><SP WIDTH="37" VPOS="620" HPOS="303"/>
							<String ID="string_94" HPOS="340" VPOS="610" WIDTH="312" HEIGHT="34" WC="0.95" CONTENT="uppmärksamhet,"/><SP WIDTH="33" VPOS="610" HPOS="652"/>
							<String ID="string_95" HPOS="685" VPOS="610" WIDTH="61" HEIGHT="30" WC="0.96" CONTENT="och"/><SP WIDTH="32" VPOS="610" HPOS="746"/>
							<String ID="string_96" HPOS="778" VPOS="621" WIDTH="100" HEIGHT="19" WC="0.96" CONTENT="anser"/><SP WIDTH="34" VPOS="621" HPOS="878"/>
							<String ID="string_97" HPOS="912" VPOS="611" WIDTH="161" HEIGHT="30" WC="0.96" CONTENT="utskottet"/><SP WIDTH="32" VPOS="611" HPOS="1073"/>
							<String ID="string_98" HPOS="1105" VPOS="611" WIDTH="91" HEIGHT="31" WC="0.96" CONTENT="detta"/><SP WIDTH="32" VPOS="611" HPOS="1196"/>
							<String ID="string_99" HPOS="1228" VPOS="613" WIDTH="162" HEIGHT="34" WC="0.96" CONTENT="spörsmål"/><SP WIDTH="31" VPOS="613" HPOS="1390"/>
							<String ID="string_100" HPOS="1421" VPOS="613" WIDTH="80" HEIGHT="31" WC="0.93" CONTENT="böra"/><SP WIDTH="24" VPOS="613" HPOS="1501"/>
							<String ID="string_101" HPOS="1525" VPOS="615" WIDTH="121" HEIGHT="30" WC="0.91" CONTENT="under-"/>
						</TextLine>
						<TextLine ID="line_11" HPOS="138" VPOS="653" WIDTH="1012" HEIGHT="37">
							<String ID="string_102" HPOS="138" VPOS="653" WIDTH="97" HEIGHT="30" WC="0.96" CONTENT="sökas"/><SP WIDTH="25" VPOS="653" HPOS="235"/>
							<String ID="string_103" HPOS="260" VPOS="653" WIDTH="10" HEIGHT="29" WC="0.93" CONTENT="i"/><SP WIDTH="24" VPOS="653" HPOS="270"/>
							<String ID="string_104" HPOS="294" VPOS="653" WIDTH="163" HEIGHT="30" WC="0.96" CONTENT="samband"/><SP WIDTH="25" VPOS="653" HPOS="457"/>
							<String ID="string_105" HPOS="482" VPOS="653" WIDTH="74" HEIGHT="31" WC="0.96" CONTENT="med"/><SP WIDTH="24" VPOS="653" HPOS="556"/>
							<String ID="string_106" HPOS="580" VPOS="653" WIDTH="60" HEIGHT="31" WC="0.96" CONTENT="den"/><SP WIDTH="27" VPOS="653" HPOS="640"/>
							<String ID="string_107" HPOS="667" VPOS="654" WIDTH="203" HEIGHT="35" WC="0.96" CONTENT="ifrågasatta"/><SP WIDTH="23" VPOS="654" HPOS="870"/>
							<String ID="string_108" HPOS="893" VPOS="654" WIDTH="257" HEIGHT="36" WC="0.96" CONTENT="utredningen.»"/>
						</TextLine>
					</TextBlock>
					<TextBlock ID="block_3" HPOS="136" VPOS="696" WIDTH="1511" HEIGHT="124">
						<TextLine ID="line_12" HPOS="181" VPOS="696" WIDTH="1466" HEIGHT="41">
							<String ID="string_109" HPOS="181" VPOS="696" WIDTH="69" HEIGHT="31" WC="0.96" CONTENT="Vid"/><SP WIDTH="25" VPOS="696" HPOS="250"/>
							<String ID="string_110" HPOS="275" VPOS="696" WIDTH="138" HEIGHT="36" WC="0.96" CONTENT="frågans"/><SP WIDTH="23" VPOS="696" HPOS="413"/>
							<String ID="string_111" HPOS="436" VPOS="697" WIDTH="208" HEIGHT="35" WC="0.96" CONTENT="behandling"/><SP WIDTH="24" VPOS="697" HPOS="644"/>
							<String ID="string_112" HPOS="668" VPOS="698" WIDTH="11" HEIGHT="29" WC="0.96" CONTENT="i"/><SP WIDTH="24" VPOS="698" HPOS="679"/>
							<String ID="string_113" HPOS="703" VPOS="698" WIDTH="185" HEIGHT="30" WC="0.96" CONTENT="kamrarna"/><SP WIDTH="15" VPOS="698" HPOS="888"/>
							<String ID="string_114" HPOS="903" VPOS="699" WIDTH="39" HEIGHT="29" WC="0.96" CONTENT="år"/><SP WIDTH="16" VPOS="699" HPOS="942"/>
							<String ID="string_115" HPOS="958" VPOS="699" WIDTH="84" HEIGHT="30" WC="0.96" CONTENT="1916"/><SP WIDTH="17" VPOS="699" HPOS="1042"/>
							<String ID="string_116" HPOS="1059" VPOS="697" WIDTH="86" HEIGHT="31" WC="0.96" CONTENT="hade"/><SP WIDTH="18" VPOS="697" HPOS="1145"/>
							<String ID="string_117" HPOS="1163" VPOS="700" WIDTH="105" HEIGHT="29" WC="0.96" CONTENT="första"/><SP WIDTH="17" VPOS="700" HPOS="1268"/>
							<String ID="string_118" HPOS="1285" VPOS="700" WIDTH="195" HEIGHT="32" WC="0.93" CONTENT="kammaren"/><SP WIDTH="16" VPOS="700" HPOS="1480"/>
							<String ID="string_119" HPOS="1496" VPOS="702" WIDTH="151" HEIGHT="35" WC="0.92" CONTENT="avslagit"/>
						</TextLine>
						<TextLine ID="line_13" HPOS="137" VPOS="739" WIDTH="1508" HEIGHT="41">
							<String ID="string_120" HPOS="137" VPOS="739" WIDTH="178" HEIGHT="31" WC="0.96" CONTENT="utskottets"/><SP WIDTH="24" VPOS="739" HPOS="315"/>
							<String ID="string_121" HPOS="339" VPOS="740" WIDTH="206" HEIGHT="31" WC="0.96" CONTENT="hemställan"/><SP WIDTH="23" VPOS="740" HPOS="545"/>
							<String ID="string_122" HPOS="568" VPOS="740" WIDTH="121" HEIGHT="31" WC="0.96" CONTENT="medan"/><SP WIDTH="24" VPOS="740" HPOS="689"/>
							<String ID="string_123" HPOS="713" VPOS="741" WIDTH="106" HEIGHT="31" WC="0.95" CONTENT="andra"/><SP WIDTH="24" VPOS="741" HPOS="819"/>
							<String ID="string_124" HPOS="843" VPOS="742" WIDTH="200" HEIGHT="30" WC="0.93" CONTENT="kammaren"/><SP WIDTH="24" VPOS="742" HPOS="1043"/>
							<String ID="string_125" HPOS="1067" VPOS="742" WIDTH="129" HEIGHT="31" WC="0.88" CONTENT="bifallit"/><SP WIDTH="23" VPOS="742" HPOS="1196"/>
							<String ID="string_126" HPOS="1219" VPOS="742" WIDTH="205" HEIGHT="31" WC="0.96" CONTENT="densamma."/><SP WIDTH="35" VPOS="742" HPOS="1424"/>
							<String ID="string_127" HPOS="1459" VPOS="745" WIDTH="49" HEIGHT="30" WC="0.96" CONTENT="På"/><SP WIDTH="24" VPOS="745" HPOS="1508"/>
							<String ID="string_128" HPOS="1532" VPOS="745" WIDTH="113" HEIGHT="35" WC="0.96" CONTENT="grund"/>
						</TextLine>
						<TextLine ID="line_14" HPOS="136" VPOS="783" WIDTH="1234" HEIGHT="37">
							<String ID="string_129" HPOS="136" VPOS="793" WIDTH="45" HEIGHT="19" WC="0.91" CONTENT="av"/><SP WIDTH="25" VPOS="793" HPOS="181"/>
							<String ID="string_130" HPOS="206" VPOS="783" WIDTH="201" HEIGHT="31" WC="0.90" CONTENT="kamrarnas"/><SP WIDTH="24" VPOS="783" HPOS="407"/>
							<String ID="string_131" HPOS="431" VPOS="784" WIDTH="202" HEIGHT="36" WC="0.96" CONTENT="skiljaktiga"/><SP WIDTH="24" VPOS="784" HPOS="633"/>
							<String ID="string_132" HPOS="657" VPOS="785" WIDTH="109" HEIGHT="30" WC="0.96" CONTENT="beslut"/><SP WIDTH="24" VPOS="785" HPOS="766"/>
							<String ID="string_133" HPOS="790" VPOS="785" WIDTH="84" HEIGHT="30" WC="0.96" CONTENT="hade"/><SP WIDTH="25" VPOS="785" HPOS="874"/>
							<String ID="string_134" HPOS="899" VPOS="786" WIDTH="123" HEIGHT="34" WC="0.95" CONTENT="frågan"/><SP WIDTH="25" VPOS="786" HPOS="1022"/>
							<String ID="string_135" HPOS="1047" VPOS="786" WIDTH="146" HEIGHT="31" WC="0.95" CONTENT="sålunda"/><SP WIDTH="24" VPOS="786" HPOS="1193"/>
							<String ID="string_136" HPOS="1217" VPOS="787" WIDTH="153" HEIGHT="30" WC="0.96" CONTENT="förfallit."/>
						</TextLine>
					</TextBlock>
					<TextBlock ID="block_4" HPOS="134" VPOS="826" WIDTH="1511" HEIGHT="387">
						<TextLine ID="line_15" HPOS="181" VPOS="826" WIDTH="1464" HEIGHT="38">
							<String ID="string_137" HPOS="181" VPOS="826" WIDTH="16" HEIGHT="30" WC="0.95" CONTENT="I"/><SP WIDTH="23" VPOS="826" HPOS="197"/>
							<String ID="string_138" HPOS="220" VPOS="827" WIDTH="185" HEIGHT="35" WC="0.95" CONTENT="anledning"/><SP WIDTH="24" VPOS="827" HPOS="405"/>
							<String ID="string_139" HPOS="429" VPOS="838" WIDTH="43" HEIGHT="19" WC="0.95" CONTENT="av"/><SP WIDTH="24" VPOS="838" HPOS="472"/>
							<String ID="string_140" HPOS="496" VPOS="828" WIDTH="40" HEIGHT="30" WC="0.96" CONTENT="de"/><SP WIDTH="24" VPOS="828" HPOS="536"/>
							<String ID="string_141" HPOS="560" VPOS="828" WIDTH="59" HEIGHT="30" WC="0.96" CONTENT="vid"/><SP WIDTH="26" VPOS="828" HPOS="619"/>
							<String ID="string_142" HPOS="645" VPOS="828" WIDTH="83" HEIGHT="31" WC="0.96" CONTENT="1917"/><SP WIDTH="24" VPOS="828" HPOS="728"/>
							<String ID="string_143" HPOS="752" VPOS="830" WIDTH="55" HEIGHT="29" WC="0.96" CONTENT="års"/><SP WIDTH="24" VPOS="830" HPOS="807"/>
							<String ID="string_144" HPOS="831" VPOS="829" WIDTH="138" HEIGHT="35" WC="0.96" CONTENT="riksdag"/><SP WIDTH="24" VPOS="829" HPOS="969"/>
							<String ID="string_145" HPOS="993" VPOS="829" WIDTH="124" HEIGHT="30" WC="0.95" CONTENT="väckta"/><SP WIDTH="24" VPOS="829" HPOS="1117"/>
							<String ID="string_146" HPOS="1141" VPOS="830" WIDTH="165" HEIGHT="30" WC="0.96" CONTENT="motioner"/><SP WIDTH="24" VPOS="830" HPOS="1306"/>
							<String ID="string_147" HPOS="1330" VPOS="830" WIDTH="84" HEIGHT="31" WC="0.96" CONTENT="hade"/><SP WIDTH="25" VPOS="830" HPOS="1414"/>
							<String ID="string_148" HPOS="1439" VPOS="842" WIDTH="131" HEIGHT="20" WC="0.96" CONTENT="samma"/><SP WIDTH="19" VPOS="842" HPOS="1570"/>
							<String ID="string_149" HPOS="1589" VPOS="834" WIDTH="56" HEIGHT="28" WC="0.96" CONTENT="års"/>
						</TextLine>
						<TextLine ID="line_16" HPOS="136" VPOS="870" WIDTH="1509" HEIGHT="40">
							<String ID="string_150" HPOS="136" VPOS="870" WIDTH="312" HEIGHT="35" WC="0.57" CONTENT="Jordbruksutskott"/><SP WIDTH="24" VPOS="870" HPOS="448"/>
							<String ID="string_151" HPOS="472" VPOS="871" WIDTH="183" HEIGHT="35" WC="0.90" CONTENT="hemställt,"/><SP WIDTH="24" VPOS="871" HPOS="655"/>
							<String ID="string_152" HPOS="679" VPOS="873" WIDTH="50" HEIGHT="29" WC="0.96" CONTENT="att"/><SP WIDTH="23" VPOS="873" HPOS="729"/>
							<String ID="string_153" HPOS="752" VPOS="872" WIDTH="214" HEIGHT="30" WC="0.96" CONTENT="motionerna"/><SP WIDTH="23" VPOS="872" HPOS="966"/>
							<String ID="string_154" HPOS="989" VPOS="873" WIDTH="31" HEIGHT="35" WC="0.96" CONTENT="ej"/><SP WIDTH="25" VPOS="873" HPOS="1020"/>
							<String ID="string_155" HPOS="1045" VPOS="874" WIDTH="104" HEIGHT="29" WC="0.96" CONTENT="måtte"/><SP WIDTH="17" VPOS="874" HPOS="1149"/>
							<String ID="string_156" HPOS="1166" VPOS="873" WIDTH="54" HEIGHT="30" WC="0.95" CONTENT="till"/><SP WIDTH="24" VPOS="873" HPOS="1220"/>
							<String ID="string_157" HPOS="1244" VPOS="875" WIDTH="112" HEIGHT="34" WC="0.95" CONTENT="någon"/><SP WIDTH="25" VPOS="875" HPOS="1356"/>
							<String ID="string_158" HPOS="1381" VPOS="875" WIDTH="196" HEIGHT="35" WC="0.93" CONTENT="riksdagens"/><SP WIDTH="20" VPOS="875" HPOS="1577"/>
							<String ID="string_159" HPOS="1597" VPOS="877" WIDTH="48" HEIGHT="29" WC="0.92" CONTENT="åt-"/>
						</TextLine>
						<TextLine ID="line_17" HPOS="136" VPOS="913" WIDTH="1509" HEIGHT="38">
							<String ID="string_160" HPOS="136" VPOS="914" WIDTH="85" HEIGHT="35" WC="0.92" CONTENT="gärd"/><SP WIDTH="25" VPOS="914" HPOS="221"/>
							<String ID="string_161" HPOS="246" VPOS="913" WIDTH="184" HEIGHT="31" WC="0.96" CONTENT="föranleda."/><SP WIDTH="46" VPOS="913" HPOS="430"/>
							<String ID="string_162" HPOS="476" VPOS="914" WIDTH="17" HEIGHT="30" WC="0.95" CONTENT="I"/><SP WIDTH="29" VPOS="914" HPOS="493"/>
							<String ID="string_163" HPOS="522" VPOS="924" WIDTH="41" HEIGHT="20" WC="0.96" CONTENT="en"/><SP WIDTH="25" VPOS="924" HPOS="563"/>
							<String ID="string_164" HPOS="588" VPOS="915" WIDTH="59" HEIGHT="29" WC="0.92" CONTENT="vid"/><SP WIDTH="25" VPOS="915" HPOS="647"/>
							<String ID="string_165" HPOS="672" VPOS="915" WIDTH="191" HEIGHT="31" WC="0.92" CONTENT="utlåtandet"/><SP WIDTH="23" VPOS="915" HPOS="863"/>
							<String ID="string_166" HPOS="886" VPOS="915" WIDTH="101" HEIGHT="36" WC="0.92" CONTENT="fogad"/><SP WIDTH="25" VPOS="915" HPOS="987"/>
							<String ID="string_167" HPOS="1012" VPOS="917" WIDTH="205" HEIGHT="29" WC="0.93" CONTENT="reservation"/><SP WIDTH="25" VPOS="917" HPOS="1217"/>
							<String ID="string_168" HPOS="1242" VPOS="917" WIDTH="215" HEIGHT="31" WC="0.91" CONTENT="hemställdes"/><SP WIDTH="23" VPOS="917" HPOS="1457"/>
							<String ID="string_169" HPOS="1480" VPOS="929" WIDTH="55" HEIGHT="20" WC="0.93" CONTENT="om"/><SP WIDTH="24" VPOS="929" HPOS="1535"/>
							<String ID="string_170" HPOS="1559" VPOS="920" WIDTH="86" HEIGHT="29" WC="0.90" CONTENT="skri-"/>
						</TextLine>
						<TextLine ID="line_18" HPOS="135" VPOS="958" WIDTH="1510" HEIGHT="37">
							<String ID="string_171" HPOS="135" VPOS="958" WIDTH="90" HEIGHT="30" WC="0.92" CONTENT="velse"/><SP WIDTH="34" VPOS="958" HPOS="225"/>
							<String ID="string_172" HPOS="259" VPOS="958" WIDTH="54" HEIGHT="29" WC="0.93" CONTENT="till"/><SP WIDTH="24" VPOS="958" HPOS="313"/>
							<String ID="string_173" HPOS="337" VPOS="958" WIDTH="107" HEIGHT="30" WC="0.92" CONTENT="Eders"/><SP WIDTH="23" VPOS="958" HPOS="444"/>
							<String ID="string_174" HPOS="467" VPOS="958" WIDTH="131" HEIGHT="35" WC="0.91" CONTENT="Kungl."/><SP WIDTH="26" VPOS="958" HPOS="598"/>
							<String ID="string_175" HPOS="624" VPOS="958" WIDTH="100" HEIGHT="36" WC="0.95" CONTENT="Maj:t"/><SP WIDTH="24" VPOS="958" HPOS="724"/>
							<String ID="string_176" HPOS="748" VPOS="959" WIDTH="11" HEIGHT="29" WC="0.96" CONTENT="i"/><SP WIDTH="24" VPOS="959" HPOS="759"/>
							<String ID="string_177" HPOS="783" VPOS="959" WIDTH="149" HEIGHT="35" WC="0.96" CONTENT="enlighet"/><SP WIDTH="23" VPOS="959" HPOS="932"/>
							<String ID="string_178" HPOS="955" VPOS="959" WIDTH="75" HEIGHT="30" WC="0.96" CONTENT="med"/><SP WIDTH="25" VPOS="959" HPOS="1030"/>
							<String ID="string_179" HPOS="1055" VPOS="959" WIDTH="66" HEIGHT="30" WC="0.96" CONTENT="vad"/><SP WIDTH="25" VPOS="959" HPOS="1121"/>
							<String ID="string_180" HPOS="1146" VPOS="960" WIDTH="82" HEIGHT="30" WC="0.96" CONTENT="1916"/><SP WIDTH="25" VPOS="960" HPOS="1228"/>
							<String ID="string_181" HPOS="1253" VPOS="961" WIDTH="56" HEIGHT="29" WC="0.91" CONTENT="års"/><SP WIDTH="23" VPOS="961" HPOS="1309"/>
							<String ID="string_182" HPOS="1332" VPOS="960" WIDTH="313" HEIGHT="35" WC="0.89" CONTENT="jordbruksutskott"/>
						</TextLine>
						<TextLine ID="line_19" HPOS="136" VPOS="1001" WIDTH="1507" HEIGHT="41">
							<String ID="string_183" HPOS="136" VPOS="1001" WIDTH="182" HEIGHT="35" WC="0.93" CONTENT="föreslagit."/><SP WIDTH="47" VPOS="1001" HPOS="318"/>
							<String ID="string_184" HPOS="365" VPOS="1002" WIDTH="198" HEIGHT="30" WC="0.92" CONTENT="Kamrarna"/><SP WIDTH="34" VPOS="1002" HPOS="563"/>
							<String ID="string_185" HPOS="597" VPOS="1001" WIDTH="86" HEIGHT="31" WC="0.96" CONTENT="hade"/><SP WIDTH="38" VPOS="1001" HPOS="683"/>
							<String ID="string_186" HPOS="721" VPOS="1003" WIDTH="37" HEIGHT="29" WC="0.95" CONTENT="år"/><SP WIDTH="37" VPOS="1003" HPOS="758"/>
							<String ID="string_187" HPOS="795" VPOS="1003" WIDTH="83" HEIGHT="29" WC="0.96" CONTENT="1918"/><SP WIDTH="30" VPOS="1003" HPOS="878"/>
							<String ID="string_188" HPOS="908" VPOS="1003" WIDTH="125" HEIGHT="35" WC="0.96" CONTENT="intagit"/><SP WIDTH="23" VPOS="1003" HPOS="1033"/>
							<String ID="string_189" HPOS="1056" VPOS="1013" WIDTH="131" HEIGHT="20" WC="0.95" CONTENT="samma"/><SP WIDTH="23" VPOS="1013" HPOS="1187"/>
							<String ID="string_190" HPOS="1210" VPOS="1004" WIDTH="210" HEIGHT="35" WC="0.95" CONTENT="ståndpunkt"/><SP WIDTH="23" VPOS="1004" HPOS="1420"/>
							<String ID="string_191" HPOS="1443" VPOS="1006" WIDTH="53" HEIGHT="30" WC="0.96" CONTENT="till"/><SP WIDTH="24" VPOS="1006" HPOS="1496"/>
							<String ID="string_192" HPOS="1520" VPOS="1007" WIDTH="123" HEIGHT="35" WC="0.95" CONTENT="frågan"/>
						</TextLine>
						<TextLine ID="line_20" HPOS="134" VPOS="1045" WIDTH="1510" HEIGHT="36">
							<String ID="string_193" HPOS="134" VPOS="1054" WIDTH="72" HEIGHT="21" WC="0.96" CONTENT="som"/><SP WIDTH="35" VPOS="1054" HPOS="206"/>
							<String ID="string_194" HPOS="241" VPOS="1046" WIDTH="39" HEIGHT="29" WC="0.95" CONTENT="år"/><SP WIDTH="36" VPOS="1046" HPOS="280"/>
							<String ID="string_195" HPOS="316" VPOS="1045" WIDTH="94" HEIGHT="35" WC="0.95" CONTENT="1916,"/><SP WIDTH="37" VPOS="1045" HPOS="410"/>
							<String ID="string_196" HPOS="447" VPOS="1045" WIDTH="116" HEIGHT="30" WC="0.96" CONTENT="varför"/><SP WIDTH="36" VPOS="1045" HPOS="563"/>
							<String ID="string_197" HPOS="599" VPOS="1045" WIDTH="198" HEIGHT="31" WC="0.94" CONTENT="densamma"/><SP WIDTH="23" VPOS="1045" HPOS="797"/>
							<String ID="string_198" HPOS="820" VPOS="1048" WIDTH="89" HEIGHT="28" WC="0.96" CONTENT="även"/><SP WIDTH="24" VPOS="1048" HPOS="909"/>
							<String ID="string_199" HPOS="933" VPOS="1046" WIDTH="42" HEIGHT="31" WC="0.96" CONTENT="då"/><SP WIDTH="24" VPOS="1046" HPOS="975"/>
							<String ID="string_200" HPOS="999" VPOS="1047" WIDTH="86" HEIGHT="30" WC="0.96" CONTENT="hade"/><SP WIDTH="24" VPOS="1047" HPOS="1085"/>
							<String ID="string_201" HPOS="1109" VPOS="1047" WIDTH="155" HEIGHT="30" WC="0.91" CONTENT="förfallit."/><SP WIDTH="47" VPOS="1047" HPOS="1264"/>
							<String ID="string_202" HPOS="1311" VPOS="1048" WIDTH="141" HEIGHT="31" WC="0.91" CONTENT="Jämväl"/><SP WIDTH="24" VPOS="1048" HPOS="1452"/>
							<String ID="string_203" HPOS="1476" VPOS="1051" WIDTH="79" HEIGHT="29" WC="0.96" CONTENT="över"/><SP WIDTH="23" VPOS="1051" HPOS="1555"/>
							<String ID="string_204" HPOS="1578" VPOS="1050" WIDTH="66" HEIGHT="31" WC="0.96" CONTENT="den"/>
						</TextLine>
						<TextLine ID="line_21" HPOS="135" VPOS="1089" WIDTH="1510" HEIGHT="37">
							<String ID="string_205" HPOS="135" VPOS="1098" WIDTH="47" HEIGHT="20" WC="0.96" CONTENT="nu"/><SP WIDTH="35" VPOS="1098" HPOS="182"/>
							<String ID="string_206" HPOS="217" VPOS="1089" WIDTH="122" HEIGHT="30" WC="0.96" CONTENT="väckta"/><SP WIDTH="33" VPOS="1089" HPOS="339"/>
							<String ID="string_207" HPOS="372" VPOS="1090" WIDTH="173" HEIGHT="29" WC="0.96" CONTENT="motionen"/><SP WIDTH="36" VPOS="1090" HPOS="545"/>
							<String ID="string_208" HPOS="581" VPOS="1089" WIDTH="86" HEIGHT="30" WC="0.96" CONTENT="hade"/><SP WIDTH="36" VPOS="1089" HPOS="667"/>
							<String ID="string_209" HPOS="703" VPOS="1090" WIDTH="7" HEIGHT="29" WC="0.95" CONTENT="i"/><SP WIDTH="36" VPOS="1090" HPOS="710"/>
							<String ID="string_210" HPOS="746" VPOS="1089" WIDTH="214" HEIGHT="36" WC="0.95" CONTENT="vederbörlig"/><SP WIDTH="34" VPOS="1089" HPOS="960"/>
							<String ID="string_211" HPOS="994" VPOS="1090" WIDTH="148" HEIGHT="36" WC="0.96" CONTENT="ordning"/><SP WIDTH="36" VPOS="1090" HPOS="1142"/>
							<String ID="string_212" HPOS="1178" VPOS="1091" WIDTH="175" HEIGHT="30" WC="0.94" CONTENT="utlåtande"/><SP WIDTH="36" VPOS="1091" HPOS="1353"/>
							<String ID="string_213" HPOS="1389" VPOS="1092" WIDTH="187" HEIGHT="32" WC="0.96" CONTENT="inhämtats"/><SP WIDTH="23" VPOS="1092" HPOS="1576"/>
							<String ID="string_214" HPOS="1599" VPOS="1104" WIDTH="46" HEIGHT="20" WC="0.95" CONTENT="av"/>
						</TextLine>
						<TextLine ID="line_22" HPOS="135" VPOS="1132" WIDTH="1509" HEIGHT="36">
							<String ID="string_215" HPOS="135" VPOS="1132" WIDTH="352" HEIGHT="36" WC="0.91" CONTENT="kammarkollegium,"/><SP WIDTH="25" VPOS="1132" HPOS="487"/>
							<String ID="string_216" HPOS="512" VPOS="1142" WIDTH="70" HEIGHT="21" WC="0.96" CONTENT="som"/><SP WIDTH="39" VPOS="1142" HPOS="582"/>
							<String ID="string_217" HPOS="621" VPOS="1133" WIDTH="123" HEIGHT="31" WC="0.94" CONTENT="därvid"/><SP WIDTH="34" VPOS="1133" HPOS="744"/>
							<String ID="string_218" HPOS="778" VPOS="1134" WIDTH="7" HEIGHT="29" WC="0.95" CONTENT="i"/><SP WIDTH="39" VPOS="1134" HPOS="785"/>
							<String ID="string_219" HPOS="824" VPOS="1134" WIDTH="180" HEIGHT="30" WC="0.96" CONTENT="huvudsak"/><SP WIDTH="36" VPOS="1134" HPOS="1004"/>
							<String ID="string_220" HPOS="1040" VPOS="1134" WIDTH="160" HEIGHT="30" WC="0.96" CONTENT="hänvisat"/><SP WIDTH="32" VPOS="1134" HPOS="1200"/>
							<String ID="string_221" HPOS="1232" VPOS="1134" WIDTH="54" HEIGHT="30" WC="0.96" CONTENT="till"/><SP WIDTH="35" VPOS="1134" HPOS="1286"/>
							<String ID="string_222" HPOS="1321" VPOS="1135" WIDTH="60" HEIGHT="30" WC="0.93" CONTENT="sitt"/><SP WIDTH="34" VPOS="1135" HPOS="1381"/>
							<String ID="string_223" HPOS="1415" VPOS="1137" WIDTH="229" HEIGHT="30" WC="0.91" CONTENT="förberörda"/><SP WIDTH="-21" VPOS="1137" HPOS="1644"/>
							<String ID="string_224" HPOS="1623" VPOS="1128" WIDTH="24" HEIGHT="46" WC="0.96" CONTENT="i"/>
						</TextLine>
						<TextLine ID="line_23" HPOS="134" VPOS="1176" WIDTH="485" HEIGHT="37">
							<String ID="string_225" HPOS="134" VPOS="1177" WIDTH="117" HEIGHT="28" WC="0.96" CONTENT="ämnet"/><SP WIDTH="22" VPOS="1177" HPOS="251"/>
							<String ID="string_226" HPOS="273" VPOS="1176" WIDTH="154" HEIGHT="35" WC="0.95" CONTENT="avgivna"/><SP WIDTH="23" VPOS="1176" HPOS="427"/>
							<String ID="string_227" HPOS="450" VPOS="1176" WIDTH="169" HEIGHT="37" WC="0.95" CONTENT="yttrande."/>
						</TextLine>
					</TextBlock>
					<TextBlock ID="block_5" HPOS="130" VPOS="1219" WIDTH="1514" HEIGHT="387">
						<TextLine ID="line_24" HPOS="176" VPOS="1219" WIDTH="1466" HEIGHT="40">
							<String ID="string_228" HPOS="176" VPOS="1219" WIDTH="207" HEIGHT="36" WC="0.95" CONTENT="Riksdagen,"/><SP WIDTH="36" VPOS="1219" HPOS="383"/>
							<String ID="string_229" HPOS="419" VPOS="1230" WIDTH="70" HEIGHT="20" WC="0.96" CONTENT="som"/><SP WIDTH="23" VPOS="1230" HPOS="489"/>
							<String ID="string_230" HPOS="512" VPOS="1220" WIDTH="65" HEIGHT="31" WC="0.96" CONTENT="allt"/><SP WIDTH="23" VPOS="1220" HPOS="577"/>
							<String ID="string_231" HPOS="600" VPOS="1220" WIDTH="212" HEIGHT="31" WC="0.96" CONTENT="fortfarande"/><SP WIDTH="24" VPOS="1220" HPOS="812"/>
							<String ID="string_232" HPOS="836" VPOS="1221" WIDTH="71" HEIGHT="30" WC="0.96" CONTENT="icke"/><SP WIDTH="24" VPOS="1221" HPOS="907"/>
							<String ID="string_233" HPOS="931" VPOS="1221" WIDTH="114" HEIGHT="30" WC="0.96" CONTENT="kunde"/><SP WIDTH="24" VPOS="1221" HPOS="1045"/>
							<String ID="string_234" HPOS="1069" VPOS="1220" WIDTH="136" HEIGHT="32" WC="0.95" CONTENT="biträda"/><SP WIDTH="23" VPOS="1220" HPOS="1205"/>
							<String ID="string_235" HPOS="1228" VPOS="1223" WIDTH="158" HEIGHT="36" WC="0.96" CONTENT="förslaget"/><SP WIDTH="24" VPOS="1223" HPOS="1386"/>
							<String ID="string_236" HPOS="1410" VPOS="1227" WIDTH="49" HEIGHT="28" WC="0.96" CONTENT="att"/><SP WIDTH="24" VPOS="1227" HPOS="1459"/>
							<String ID="string_237" HPOS="1483" VPOS="1225" WIDTH="53" HEIGHT="30" WC="0.96" CONTENT="för"/><SP WIDTH="24" VPOS="1225" HPOS="1536"/>
							<String ID="string_238" HPOS="1560" VPOS="1225" WIDTH="11" HEIGHT="29" WC="0.96" CONTENT="i"/><SP WIDTH="25" VPOS="1225" HPOS="1571"/>
							<String ID="string_239" HPOS="1596" VPOS="1235" WIDTH="46" HEIGHT="20" WC="0.96" CONTENT="nu"/>
						</TextLine>
						<TextLine ID="line_25" HPOS="133" VPOS="1263" WIDTH="1510" HEIGHT="41">
							<String ID="string_240" HPOS="133" VPOS="1263" WIDTH="262" HEIGHT="36" WC="0.96" CONTENT="ifrågavarande"/><SP WIDTH="34" VPOS="1263" HPOS="395"/>
							<String ID="string_241" HPOS="429" VPOS="1264" WIDTH="128" HEIGHT="30" WC="0.96" CONTENT="motion"/><SP WIDTH="33" VPOS="1264" HPOS="557"/>
							<String ID="string_242" HPOS="590" VPOS="1264" WIDTH="153" HEIGHT="35" WC="0.95" CONTENT="angivna"/><SP WIDTH="34" VPOS="1264" HPOS="743"/>
							<String ID="string_243" HPOS="777" VPOS="1264" WIDTH="162" HEIGHT="31" WC="0.92" CONTENT="ändamål"/><SP WIDTH="24" VPOS="1264" HPOS="939"/>
							<String ID="string_244" HPOS="963" VPOS="1265" WIDTH="162" HEIGHT="35" WC="0.91" CONTENT="tillskapa"/><SP WIDTH="23" VPOS="1265" HPOS="1125"/>
							<String ID="string_245" HPOS="1148" VPOS="1266" WIDTH="47" HEIGHT="29" WC="0.96" CONTENT="ett"/><SP WIDTH="22" VPOS="1266" HPOS="1195"/>
							<String ID="string_246" HPOS="1217" VPOS="1268" WIDTH="137" HEIGHT="30" WC="0.96" CONTENT="särskilt"/><SP WIDTH="23" VPOS="1268" HPOS="1354"/>
							<String ID="string_247" HPOS="1377" VPOS="1278" WIDTH="117" HEIGHT="26" WC="0.93" CONTENT="organ,"/><SP WIDTH="24" VPOS="1278" HPOS="1494"/>
							<String ID="string_248" HPOS="1518" VPOS="1269" WIDTH="125" HEIGHT="35" WC="0.89" CONTENT="ansåge"/>
						</TextLine>
						<TextLine ID="line_26" HPOS="132" VPOS="1307" WIDTH="1511" HEIGHT="41">
							<String ID="string_249" HPOS="132" VPOS="1307" WIDTH="52" HEIGHT="35" WC="0.96" CONTENT="sig"/><SP WIDTH="35" VPOS="1307" HPOS="184"/>
							<String ID="string_250" HPOS="219" VPOS="1307" WIDTH="82" HEIGHT="30" WC="0.96" CONTENT="böra"/><SP WIDTH="35" VPOS="1307" HPOS="301"/>
							<String ID="string_251" HPOS="336" VPOS="1307" WIDTH="185" HEIGHT="31" WC="0.94" CONTENT="framhålla"/><SP WIDTH="34" VPOS="1307" HPOS="521"/>
							<String ID="string_252" HPOS="555" VPOS="1309" WIDTH="50" HEIGHT="29" WC="0.96" CONTENT="att"/><SP WIDTH="34" VPOS="1309" HPOS="605"/>
							<String ID="string_253" HPOS="639" VPOS="1308" WIDTH="146" HEIGHT="30" WC="0.96" CONTENT="fördelar"/><SP WIDTH="34" VPOS="1308" HPOS="785"/>
							<String ID="string_254" HPOS="819" VPOS="1310" WIDTH="85" HEIGHT="28" WC="0.96" CONTENT="utan"/><SP WIDTH="35" VPOS="1310" HPOS="904"/>
							<String ID="string_255" HPOS="939" VPOS="1308" WIDTH="108" HEIGHT="30" WC="0.95" CONTENT="tvivel"/><SP WIDTH="33" VPOS="1308" HPOS="1047"/>
							<String ID="string_256" HPOS="1080" VPOS="1318" WIDTH="80" HEIGHT="20" WC="0.96" CONTENT="vore"/><SP WIDTH="23" VPOS="1318" HPOS="1160"/>
							<String ID="string_257" HPOS="1183" VPOS="1311" WIDTH="51" HEIGHT="29" WC="0.96" CONTENT="att"/><SP WIDTH="24" VPOS="1311" HPOS="1234"/>
							<String ID="string_258" HPOS="1258" VPOS="1312" WIDTH="116" HEIGHT="36" WC="0.96" CONTENT="vinna,"/><SP WIDTH="24" VPOS="1312" HPOS="1374"/>
							<String ID="string_259" HPOS="1398" VPOS="1312" WIDTH="113" HEIGHT="31" WC="0.96" CONTENT="därest"/><SP WIDTH="23" VPOS="1312" HPOS="1511"/>
							<String ID="string_260" HPOS="1534" VPOS="1313" WIDTH="109" HEIGHT="29" WC="0.96" CONTENT="såsom"/>
						</TextLine>
						<TextLine ID="line_27" HPOS="132" VPOS="1350" WIDTH="1512" HEIGHT="41">
							<String ID="string_261" HPOS="132" VPOS="1350" WIDTH="345" HEIGHT="35" WC="0.92" CONTENT="kammarkollegium"/><SP WIDTH="33" VPOS="1350" HPOS="477"/>
							<String ID="string_262" HPOS="510" VPOS="1352" WIDTH="12" HEIGHT="29" WC="0.95" CONTENT="i"/><SP WIDTH="34" VPOS="1352" HPOS="522"/>
							<String ID="string_263" HPOS="556" VPOS="1351" WIDTH="60" HEIGHT="30" WC="0.96" CONTENT="sitt"/><SP WIDTH="34" VPOS="1351" HPOS="616"/>
							<String ID="string_264" HPOS="650" VPOS="1353" WIDTH="111" HEIGHT="29" WC="0.96" CONTENT="senast"/><SP WIDTH="30" VPOS="1353" HPOS="761"/>
							<String ID="string_265" HPOS="791" VPOS="1352" WIDTH="152" HEIGHT="35" WC="0.96" CONTENT="avgivna"/><SP WIDTH="27" VPOS="1352" HPOS="943"/>
							<String ID="string_266" HPOS="970" VPOS="1352" WIDTH="178" HEIGHT="30" WC="0.96" CONTENT="utlåtande"/><SP WIDTH="23" VPOS="1352" HPOS="1148"/>
							<String ID="string_267" HPOS="1171" VPOS="1355" WIDTH="122" HEIGHT="35" WC="0.96" CONTENT="antytt,"/><SP WIDTH="25" VPOS="1355" HPOS="1293"/>
							<String ID="string_268" HPOS="1318" VPOS="1355" WIDTH="222" HEIGHT="36" WC="0.93" CONTENT="tillförlitliga"/><SP WIDTH="23" VPOS="1355" HPOS="1540"/>
							<String ID="string_269" HPOS="1563" VPOS="1366" WIDTH="81" HEIGHT="25" WC="0.91" CONTENT="upp-"/>
						</TextLine>
						<TextLine ID="line_28" HPOS="131" VPOS="1394" WIDTH="1513" HEIGHT="42">
							<String ID="string_270" HPOS="131" VPOS="1394" WIDTH="180" HEIGHT="35" WC="0.92" CONTENT="lysningar"/><SP WIDTH="23" VPOS="1394" HPOS="311"/>
							<String ID="string_271" HPOS="334" VPOS="1404" WIDTH="55" HEIGHT="20" WC="0.96" CONTENT="om"/><SP WIDTH="23" VPOS="1404" HPOS="389"/>
							<String ID="string_272" HPOS="412" VPOS="1395" WIDTH="67" HEIGHT="29" WC="0.91" CONTENT="alla"/><SP WIDTH="24" VPOS="1395" HPOS="479"/>
							<String ID="string_273" HPOS="503" VPOS="1395" WIDTH="151" HEIGHT="30" WC="0.66" CONTENT="kronass"/><SP WIDTH="25" VPOS="1395" HPOS="654"/>
							<String ID="string_274" HPOS="679" VPOS="1395" WIDTH="199" HEIGHT="35" WC="0.96" CONTENT="fastigheter"/><SP WIDTH="23" VPOS="1395" HPOS="878"/>
							<String ID="string_275" HPOS="901" VPOS="1396" WIDTH="123" HEIGHT="29" WC="0.96" CONTENT="funnes"/><SP WIDTH="24" VPOS="1396" HPOS="1024"/>
							<String ID="string_276" HPOS="1048" VPOS="1397" WIDTH="50" HEIGHT="29" WC="0.96" CONTENT="att"/><SP WIDTH="24" VPOS="1397" HPOS="1098"/>
							<String ID="string_277" HPOS="1122" VPOS="1397" WIDTH="41" HEIGHT="34" WC="0.96" CONTENT="på"/><SP WIDTH="23" VPOS="1397" HPOS="1163"/>
							<String ID="string_278" HPOS="1186" VPOS="1399" WIDTH="48" HEIGHT="28" WC="0.96" CONTENT="ett"/><SP WIDTH="23" VPOS="1399" HPOS="1234"/>
							<String ID="string_279" HPOS="1257" VPOS="1399" WIDTH="64" HEIGHT="30" WC="0.96" CONTENT="lätt"/><SP WIDTH="23" VPOS="1399" HPOS="1321"/>
							<String ID="string_280" HPOS="1344" VPOS="1399" WIDTH="216" HEIGHT="37" WC="0.95" CONTENT="tillgängligt"/><SP WIDTH="16" VPOS="1399" HPOS="1560"/>
							<String ID="string_281" HPOS="1576" VPOS="1401" WIDTH="68" HEIGHT="29" WC="0.96" CONTENT="sätt"/>
						</TextLine>
						<TextLine ID="line_29" HPOS="131" VPOS="1437" WIDTH="1513" HEIGHT="38">
							<String ID="string_282" HPOS="131" VPOS="1437" WIDTH="156" HEIGHT="30" WC="0.95" CONTENT="inhämta"/><SP WIDTH="23" VPOS="1437" HPOS="287"/>
							<String ID="string_283" HPOS="310" VPOS="1438" WIDTH="60" HEIGHT="30" WC="0.96" CONTENT="hos"/><SP WIDTH="29" VPOS="1438" HPOS="370"/>
							<String ID="string_284" HPOS="399" VPOS="1447" WIDTH="41" HEIGHT="21" WC="0.96" CONTENT="en"/><SP WIDTH="24" VPOS="1447" HPOS="440"/>
							<String ID="string_285" HPOS="464" VPOS="1438" WIDTH="62" HEIGHT="30" WC="0.93" CONTENT="och"/><SP WIDTH="24" VPOS="1438" HPOS="526"/>
							<String ID="string_286" HPOS="550" VPOS="1448" WIDTH="132" HEIGHT="20" WC="0.22" CONTENT="samna"/><SP WIDTH="24" VPOS="1448" HPOS="682"/>
							<String ID="string_287" HPOS="706" VPOS="1438" WIDTH="209" HEIGHT="36" WC="0.90" CONTENT="myndighet."/><SP WIDTH="47" VPOS="1438" HPOS="915"/>
							<String ID="string_288" HPOS="962" VPOS="1439" WIDTH="208" HEIGHT="36" WC="0.89" CONTENT="Spörsmålet"/><SP WIDTH="24" VPOS="1439" HPOS="1170"/>
							<String ID="string_289" HPOS="1194" VPOS="1451" WIDTH="54" HEIGHT="20" WC="0.93" CONTENT="om"/><SP WIDTH="24" VPOS="1451" HPOS="1248"/>
							<String ID="string_290" HPOS="1272" VPOS="1443" WIDTH="298" HEIGHT="31" WC="0.91" CONTENT="sammanförande"/><SP WIDTH="18" VPOS="1443" HPOS="1570"/>
							<String ID="string_291" HPOS="1588" VPOS="1443" WIDTH="56" HEIGHT="31" WC="0.96" CONTENT="till"/>
						</TextLine>
						<TextLine ID="line_30" HPOS="130" VPOS="1481" WIDTH="1513" HEIGHT="40">
							<String ID="string_292" HPOS="130" VPOS="1481" WIDTH="189" HEIGHT="36" WC="0.96" CONTENT="kollegium"/><SP WIDTH="34" VPOS="1481" HPOS="319"/>
							<String ID="string_293" HPOS="353" VPOS="1491" WIDTH="44" HEIGHT="20" WC="0.96" CONTENT="av"/><SP WIDTH="34" VPOS="1491" HPOS="397"/>
							<String ID="string_294" HPOS="431" VPOS="1481" WIDTH="66" HEIGHT="31" WC="0.94" CONTENT="den"/><SP WIDTH="35" VPOS="1481" HPOS="497"/>
							<String ID="string_295" HPOS="532" VPOS="1482" WIDTH="157" HEIGHT="35" WC="0.94" CONTENT="rättsliga"/><SP WIDTH="34" VPOS="1482" HPOS="689"/>
							<String ID="string_296" HPOS="723" VPOS="1482" WIDTH="128" HEIGHT="31" WC="0.96" CONTENT="vården"/><SP WIDTH="24" VPOS="1482" HPOS="851"/>
							<String ID="string_297" HPOS="875" VPOS="1493" WIDTH="43" HEIGHT="20" WC="0.96" CONTENT="av"/><SP WIDTH="25" VPOS="1493" HPOS="918"/>
							<String ID="string_298" HPOS="943" VPOS="1482" WIDTH="47" HEIGHT="31" WC="0.96" CONTENT="all"/><SP WIDTH="24" VPOS="1482" HPOS="990"/>
							<String ID="string_299" HPOS="1014" VPOS="1484" WIDTH="127" HEIGHT="29" WC="0.93" CONTENT="statens"/><SP WIDTH="23" VPOS="1484" HPOS="1141"/>
							<String ID="string_300" HPOS="1164" VPOS="1484" WIDTH="239" HEIGHT="37" WC="0.91" CONTENT="jordegendom"/><SP WIDTH="25" VPOS="1484" HPOS="1403"/>
							<String ID="string_301" HPOS="1428" VPOS="1488" WIDTH="106" HEIGHT="30" WC="0.90" CONTENT="funne"/><SP WIDTH="25" VPOS="1488" HPOS="1534"/>
							<String ID="string_302" HPOS="1559" VPOS="1488" WIDTH="84" HEIGHT="29" WC="0.90" CONTENT="riks-"/>
						</TextLine>
						<TextLine ID="line_31" HPOS="130" VPOS="1525" WIDTH="1511" HEIGHT="40">
							<String ID="string_303" HPOS="130" VPOS="1525" WIDTH="107" HEIGHT="35" WC="0.96" CONTENT="dagen"/><SP WIDTH="24" VPOS="1525" HPOS="237"/>
							<String ID="string_304" HPOS="261" VPOS="1526" WIDTH="12" HEIGHT="29" WC="0.96" CONTENT="i"/><SP WIDTH="24" VPOS="1526" HPOS="273"/>
							<String ID="string_305" HPOS="297" VPOS="1525" WIDTH="109" HEIGHT="31" WC="0.96" CONTENT="likhet"/><SP WIDTH="23" VPOS="1525" HPOS="406"/>
							<String ID="string_306" HPOS="429" VPOS="1525" WIDTH="77" HEIGHT="31" WC="0.93" CONTENT="med"/><SP WIDTH="24" VPOS="1525" HPOS="506"/>
							<String ID="string_307" HPOS="530" VPOS="1526" WIDTH="345" HEIGHT="36" WC="0.89" CONTENT="kammarkollegium"/><SP WIDTH="24" VPOS="1526" HPOS="875"/>
							<String ID="string_308" HPOS="899" VPOS="1536" WIDTH="82" HEIGHT="20" WC="0.96" CONTENT="vara"/><SP WIDTH="24" VPOS="1536" HPOS="981"/>
							<String ID="string_309" HPOS="1005" VPOS="1537" WIDTH="43" HEIGHT="20" WC="0.96" CONTENT="av"/><SP WIDTH="24" VPOS="1537" HPOS="1048"/>
							<String ID="string_310" HPOS="1072" VPOS="1527" WIDTH="65" HEIGHT="30" WC="0.96" CONTENT="den"/><SP WIDTH="24" VPOS="1527" HPOS="1137"/>
							<String ID="string_311" HPOS="1161" VPOS="1528" WIDTH="177" HEIGHT="37" WC="0.96" CONTENT="betydelse,"/><SP WIDTH="24" VPOS="1528" HPOS="1338"/>
							<String ID="string_312" HPOS="1362" VPOS="1532" WIDTH="49" HEIGHT="29" WC="0.96" CONTENT="att"/><SP WIDTH="22" VPOS="1532" HPOS="1411"/>
							<String ID="string_313" HPOS="1433" VPOS="1541" WIDTH="42" HEIGHT="21" WC="0.96" CONTENT="en"/><SP WIDTH="20" VPOS="1541" HPOS="1475"/>
							<String ID="string_314" HPOS="1495" VPOS="1530" WIDTH="146" HEIGHT="31" WC="0.96" CONTENT="särskild"/>
						</TextLine>
						<TextLine ID="line_32" HPOS="130" VPOS="1569" WIDTH="1131" HEIGHT="37">
							<String ID="string_315" HPOS="130" VPOS="1569" WIDTH="184" HEIGHT="36" WC="0.95" CONTENT="utredning"/><SP WIDTH="24" VPOS="1569" HPOS="314"/>
							<String ID="string_316" HPOS="338" VPOS="1579" WIDTH="45" HEIGHT="20" WC="0.95" CONTENT="av"/><SP WIDTH="23" VPOS="1579" HPOS="383"/>
							<String ID="string_317" HPOS="406" VPOS="1569" WIDTH="197" HEIGHT="31" WC="0.96" CONTENT="densamma"/><SP WIDTH="24" VPOS="1569" HPOS="603"/>
							<String ID="string_318" HPOS="627" VPOS="1570" WIDTH="89" HEIGHT="35" WC="0.96" CONTENT="finge"/><SP WIDTH="24" VPOS="1570" HPOS="716"/>
							<String ID="string_319" HPOS="740" VPOS="1580" WIDTH="96" HEIGHT="20" WC="0.96" CONTENT="anses"/><SP WIDTH="23" VPOS="1580" HPOS="836"/>
							<String ID="string_320" HPOS="859" VPOS="1580" WIDTH="44" HEIGHT="20" WC="0.96" CONTENT="av"/><SP WIDTH="24" VPOS="1580" HPOS="903"/>
							<String ID="string_321" HPOS="927" VPOS="1570" WIDTH="144" HEIGHT="31" WC="0.96" CONTENT="behovet"/><SP WIDTH="23" VPOS="1570" HPOS="1071"/>
							<String ID="string_322" HPOS="1094" VPOS="1572" WIDTH="167" HEIGHT="34" WC="0.96" CONTENT="påkallad."/>
						</TextLine>
					</TextBlock>
					<TextBlock ID="block_6" HPOS="128" VPOS="1612" WIDTH="1513" HEIGHT="173">
						<TextLine ID="line_33" HPOS="173" VPOS="1612" WIDTH="1467" HEIGHT="42">
							<String ID="string_323" HPOS="173" VPOS="1612" WIDTH="50" HEIGHT="30" WC="0.95" CONTENT="På"/><SP WIDTH="23" VPOS="1612" HPOS="223"/>
							<String ID="string_324" HPOS="246" VPOS="1613" WIDTH="113" HEIGHT="35" WC="0.96" CONTENT="grund"/><SP WIDTH="23" VPOS="1613" HPOS="359"/>
							<String ID="string_325" HPOS="382" VPOS="1622" WIDTH="43" HEIGHT="21" WC="0.96" CONTENT="av"/><SP WIDTH="25" VPOS="1622" HPOS="425"/>
							<String ID="string_326" HPOS="450" VPOS="1613" WIDTH="55" HEIGHT="30" WC="0.96" CONTENT="det"/><SP WIDTH="22" VPOS="1613" HPOS="505"/>
							<String ID="string_327" HPOS="527" VPOS="1613" WIDTH="148" HEIGHT="31" WC="0.96" CONTENT="anförda"/><SP WIDTH="22" VPOS="1613" HPOS="675"/>
							<String ID="string_328" HPOS="697" VPOS="1614" WIDTH="118" HEIGHT="30" WC="0.95" CONTENT="anhöll"/><SP WIDTH="25" VPOS="1614" HPOS="815"/>
							<String ID="string_329" HPOS="840" VPOS="1614" WIDTH="189" HEIGHT="36" WC="0.96" CONTENT="riksdagen,"/><SP WIDTH="18" VPOS="1614" HPOS="1029"/>
							<String ID="string_330" HPOS="1047" VPOS="1616" WIDTH="51" HEIGHT="29" WC="0.93" CONTENT="att"/><SP WIDTH="22" VPOS="1616" HPOS="1098"/>
							<String ID="string_331" HPOS="1120" VPOS="1615" WIDTH="104" HEIGHT="31" WC="0.91" CONTENT="Eders"/><SP WIDTH="24" VPOS="1615" HPOS="1224"/>
							<String ID="string_332" HPOS="1248" VPOS="1617" WIDTH="132" HEIGHT="36" WC="0.95" CONTENT="Kungl."/><SP WIDTH="18" VPOS="1617" HPOS="1380"/>
							<String ID="string_333" HPOS="1398" VPOS="1618" WIDTH="98" HEIGHT="36" WC="0.96" CONTENT="Maj:t"/><SP WIDTH="17" VPOS="1618" HPOS="1496"/>
							<String ID="string_334" HPOS="1513" VPOS="1619" WIDTH="127" HEIGHT="30" WC="0.96" CONTENT="täcktes"/>
						</TextLine>
						<TextLine ID="line_34" HPOS="130" VPOS="1656" WIDTH="1511" HEIGHT="40">
							<String ID="string_335" HPOS="130" VPOS="1656" WIDTH="72" HEIGHT="30" WC="0.96" CONTENT="låta"/><SP WIDTH="35" VPOS="1656" HPOS="202"/>
							<String ID="string_336" HPOS="237" VPOS="1656" WIDTH="185" HEIGHT="31" WC="0.96" CONTENT="verkställa"/><SP WIDTH="24" VPOS="1656" HPOS="422"/>
							<String ID="string_337" HPOS="446" VPOS="1656" WIDTH="185" HEIGHT="36" WC="0.96" CONTENT="utredning"/><SP WIDTH="23" VPOS="1656" HPOS="631"/>
							<String ID="string_338" HPOS="654" VPOS="1667" WIDTH="55" HEIGHT="20" WC="0.95" CONTENT="om"/><SP WIDTH="23" VPOS="1667" HPOS="709"/>
							<String ID="string_339" HPOS="732" VPOS="1658" WIDTH="61" HEIGHT="30" WC="0.95" CONTENT="och"/><SP WIDTH="25" VPOS="1658" HPOS="793"/>
							<String ID="string_340" HPOS="818" VPOS="1658" WIDTH="11" HEIGHT="29" WC="0.96" CONTENT="i"/><SP WIDTH="25" VPOS="1658" HPOS="829"/>
							<String ID="string_341" HPOS="854" VPOS="1657" WIDTH="64" HEIGHT="31" WC="0.96" CONTENT="vad"/><SP WIDTH="25" VPOS="1657" HPOS="918"/>
							<String ID="string_342" HPOS="943" VPOS="1660" WIDTH="81" HEIGHT="28" WC="0.35" CONTENT="män"/><SP WIDTH="25" VPOS="1660" HPOS="1024"/>
							<String ID="string_343" HPOS="1049" VPOS="1658" WIDTH="64" HEIGHT="30" WC="0.96" CONTENT="den"/><SP WIDTH="25" VPOS="1658" HPOS="1113"/>
							<String ID="string_344" HPOS="1138" VPOS="1660" WIDTH="154" HEIGHT="36" WC="0.96" CONTENT="rättsliga"/><SP WIDTH="26" VPOS="1660" HPOS="1292"/>
							<String ID="string_345" HPOS="1318" VPOS="1662" WIDTH="254" HEIGHT="31" WC="0.96" CONTENT="omvårdnaden"/><SP WIDTH="24" VPOS="1662" HPOS="1572"/>
							<String ID="string_346" HPOS="1596" VPOS="1672" WIDTH="45" HEIGHT="20" WC="0.96" CONTENT="av"/>
						</TextLine>
						<TextLine ID="line_35" HPOS="128" VPOS="1700" WIDTH="1511" HEIGHT="41">
							<String ID="string_347" HPOS="128" VPOS="1700" WIDTH="150" HEIGHT="30" WC="0.96" CONTENT="kronans"/><SP WIDTH="31" VPOS="1700" HPOS="278"/>
							<String ID="string_348" HPOS="309" VPOS="1701" WIDTH="90" HEIGHT="29" WC="0.96" CONTENT="fasta"/><SP WIDTH="34" VPOS="1701" HPOS="399"/>
							<String ID="string_349" HPOS="433" VPOS="1700" WIDTH="164" HEIGHT="36" WC="0.96" CONTENT="egendom"/><SP WIDTH="35" VPOS="1700" HPOS="597"/>
							<String ID="string_350" HPOS="632" VPOS="1702" WIDTH="105" HEIGHT="29" WC="0.96" CONTENT="måtte"/><SP WIDTH="24" VPOS="1702" HPOS="737"/>
							<String ID="string_351" HPOS="761" VPOS="1702" WIDTH="117" HEIGHT="29" WC="0.91" CONTENT="kunna"/><SP WIDTH="23" VPOS="1702" HPOS="878"/>
							<String ID="string_352" HPOS="901" VPOS="1701" WIDTH="192" HEIGHT="36" WC="0.91" CONTENT="uppdragas"/><SP WIDTH="24" VPOS="1701" HPOS="1093"/>
							<String ID="string_353" HPOS="1117" VPOS="1704" WIDTH="35" HEIGHT="29" WC="0.93" CONTENT="åt"/><SP WIDTH="23" VPOS="1704" HPOS="1152"/>
							<String ID="string_354" HPOS="1175" VPOS="1704" WIDTH="342" HEIGHT="37" WC="0.91" CONTENT="kammarkollegium"/><SP WIDTH="25" VPOS="1704" HPOS="1517"/>
							<String ID="string_355" HPOS="1542" VPOS="1707" WIDTH="97" HEIGHT="34" WC="0.96" CONTENT="samt,"/>
						</TextLine>
						<TextLine ID="line_36" HPOS="128" VPOS="1744" WIDTH="1509" HEIGHT="41">
							<String ID="string_356" HPOS="128" VPOS="1753" WIDTH="56" HEIGHT="20" WC="0.96" CONTENT="om"/><SP WIDTH="23" VPOS="1753" HPOS="184"/>
							<String ID="string_357" HPOS="207" VPOS="1744" WIDTH="229" HEIGHT="35" WC="0.96" CONTENT="utredningen"/><SP WIDTH="23" VPOS="1744" HPOS="436"/>
							<String ID="string_358" HPOS="459" VPOS="1744" WIDTH="118" HEIGHT="30" WC="0.96" CONTENT="därtill"/><SP WIDTH="25" VPOS="1744" HPOS="577"/>
							<String ID="string_359" HPOS="602" VPOS="1744" WIDTH="205" HEIGHT="36" WC="0.96" CONTENT="föranledde,"/><SP WIDTH="25" VPOS="1744" HPOS="807"/>
							<String ID="string_360" HPOS="832" VPOS="1745" WIDTH="54" HEIGHT="30" WC="0.96" CONTENT="för"/><SP WIDTH="24" VPOS="1745" HPOS="886"/>
							<String ID="string_361" HPOS="910" VPOS="1745" WIDTH="183" HEIGHT="36" WC="0.96" CONTENT="riksdagen"/><SP WIDTH="25" VPOS="1745" HPOS="1093"/>
							<String ID="string_362" HPOS="1118" VPOS="1747" WIDTH="194" HEIGHT="37" WC="0.96" CONTENT="framlägga"/><SP WIDTH="24" VPOS="1747" HPOS="1312"/>
							<String ID="string_363" HPOS="1336" VPOS="1749" WIDTH="123" HEIGHT="36" WC="0.96" CONTENT="förslag"/><SP WIDTH="26" VPOS="1749" HPOS="1459"/>
							<String ID="string_364" HPOS="1485" VPOS="1749" WIDTH="11" HEIGHT="30" WC="0.96" CONTENT="i"/><SP WIDTH="17" VPOS="1749" HPOS="1496"/>
							<String ID="string_365" HPOS="1513" VPOS="1751" WIDTH="124" HEIGHT="29" WC="0.96" CONTENT="ämnet."/>
						</TextLine>
					</TextBlock>
					<TextBlock ID="block_7" HPOS="128" VPOS="1787" WIDTH="1510" HEIGHT="129">
						<TextLine ID="line_37" HPOS="171" VPOS="1787" WIDTH="1467" HEIGHT="42">
							<String ID="string_366" HPOS="171" VPOS="1787" WIDTH="128" HEIGHT="31" WC="0.95" CONTENT="Genom"/><SP WIDTH="35" VPOS="1787" HPOS="299"/>
							<String ID="string_367" HPOS="334" VPOS="1787" WIDTH="104" HEIGHT="36" WC="0.96" CONTENT="nådig"/><SP WIDTH="36" VPOS="1787" HPOS="438"/>
							<String ID="string_368" HPOS="474" VPOS="1788" WIDTH="118" HEIGHT="30" WC="0.96" CONTENT="remiss"/><SP WIDTH="23" VPOS="1788" HPOS="592"/>
							<String ID="string_369" HPOS="615" VPOS="1787" WIDTH="64" HEIGHT="31" WC="0.96" CONTENT="den"/><SP WIDTH="26" VPOS="1787" HPOS="679"/>
							<String ID="string_370" HPOS="705" VPOS="1789" WIDTH="39" HEIGHT="29" WC="0.96" CONTENT="20"/><SP WIDTH="24" VPOS="1789" HPOS="744"/>
							<String ID="string_371" HPOS="768" VPOS="1789" WIDTH="77" HEIGHT="35" WC="0.95" CONTENT="juni"/><SP WIDTH="25" VPOS="1789" HPOS="845"/>
							<String ID="string_372" HPOS="870" VPOS="1789" WIDTH="84" HEIGHT="30" WC="0.96" CONTENT="1918"/><SP WIDTH="25" VPOS="1789" HPOS="954"/>
							<String ID="string_373" HPOS="979" VPOS="1789" WIDTH="63" HEIGHT="30" WC="0.93" CONTENT="har"/><SP WIDTH="24" VPOS="1789" HPOS="1042"/>
							<String ID="string_374" HPOS="1066" VPOS="1789" WIDTH="105" HEIGHT="31" WC="0.92" CONTENT="Eders"/><SP WIDTH="24" VPOS="1789" HPOS="1171"/>
							<String ID="string_375" HPOS="1195" VPOS="1791" WIDTH="130" HEIGHT="36" WC="0.94" CONTENT="Kungl."/><SP WIDTH="26" VPOS="1791" HPOS="1325"/>
							<String ID="string_376" HPOS="1351" VPOS="1792" WIDTH="98" HEIGHT="37" WC="0.93" CONTENT="Maj:t"/><SP WIDTH="23" VPOS="1792" HPOS="1449"/>
							<String ID="string_377" HPOS="1472" VPOS="1793" WIDTH="166" HEIGHT="31" WC="0.91" CONTENT="anbefallt"/>
						</TextLine>
						<TextLine ID="line_38" HPOS="128" VPOS="1831" WIDTH="1508" HEIGHT="39">
							<String ID="string_378" HPOS="128" VPOS="1831" WIDTH="186" HEIGHT="35" WC="0.94" CONTENT="kollegium"/><SP WIDTH="39" VPOS="1831" HPOS="314"/>
							<String ID="string_379" HPOS="353" VPOS="1832" WIDTH="49" HEIGHT="29" WC="0.94" CONTENT="att"/><SP WIDTH="35" VPOS="1832" HPOS="402"/>
							<String ID="string_380" HPOS="437" VPOS="1832" WIDTH="185" HEIGHT="30" WC="0.95" CONTENT="verkställa"/><SP WIDTH="34" VPOS="1832" HPOS="622"/>
							<String ID="string_381" HPOS="656" VPOS="1832" WIDTH="61" HEIGHT="30" WC="0.96" CONTENT="och"/><SP WIDTH="29" VPOS="1832" HPOS="717"/>
							<String ID="string_382" HPOS="746" VPOS="1832" WIDTH="55" HEIGHT="31" WC="0.92" CONTENT="till"/><SP WIDTH="24" VPOS="1832" HPOS="801"/>
							<String ID="string_383" HPOS="825" VPOS="1832" WIDTH="105" HEIGHT="31" WC="0.91" CONTENT="Eders"/><SP WIDTH="23" VPOS="1832" HPOS="930"/>
							<String ID="string_384" HPOS="953" VPOS="1832" WIDTH="132" HEIGHT="36" WC="0.95" CONTENT="Kungl."/><SP WIDTH="26" VPOS="1832" HPOS="1085"/>
							<String ID="string_385" HPOS="1111" VPOS="1833" WIDTH="100" HEIGHT="37" WC="0.96" CONTENT="Maj:t"/><SP WIDTH="24" VPOS="1833" HPOS="1211"/>
							<String ID="string_386" HPOS="1235" VPOS="1836" WIDTH="175" HEIGHT="31" WC="0.96" CONTENT="inkomma"/><SP WIDTH="23" VPOS="1836" HPOS="1410"/>
							<String ID="string_387" HPOS="1433" VPOS="1836" WIDTH="74" HEIGHT="31" WC="0.95" CONTENT="med"/><SP WIDTH="24" VPOS="1836" HPOS="1507"/>
							<String ID="string_388" HPOS="1531" VPOS="1837" WIDTH="105" HEIGHT="30" WC="0.95" CONTENT="sådan"/>
						</TextLine>
						<TextLine ID="line_39" HPOS="128" VPOS="1874" WIDTH="1269" HEIGHT="42">
							<String ID="string_389" HPOS="128" VPOS="1874" WIDTH="196" HEIGHT="36" WC="0.96" CONTENT="utredning,"/><SP WIDTH="25" VPOS="1874" HPOS="324"/>
							<String ID="string_390" HPOS="349" VPOS="1885" WIDTH="70" HEIGHT="20" WC="0.96" CONTENT="som"/><SP WIDTH="27" VPOS="1885" HPOS="419"/>
							<String ID="string_391" HPOS="446" VPOS="1876" WIDTH="10" HEIGHT="29" WC="0.96" CONTENT="i"/><SP WIDTH="24" VPOS="1876" HPOS="456"/>
							<String ID="string_392" HPOS="480" VPOS="1875" WIDTH="65" HEIGHT="30" WC="0.96" CONTENT="den"/><SP WIDTH="24" VPOS="1875" HPOS="545"/>
							<String ID="string_393" HPOS="569" VPOS="1885" WIDTH="89" HEIGHT="21" WC="0.96" CONTENT="ovan"/><SP WIDTH="23" VPOS="1885" HPOS="658"/>
							<String ID="string_394" HPOS="681" VPOS="1876" WIDTH="180" HEIGHT="36" WC="0.93" CONTENT="återgivna"/><SP WIDTH="25" VPOS="1876" HPOS="861"/>
							<String ID="string_395" HPOS="886" VPOS="1876" WIDTH="341" HEIGHT="35" WC="0.90" CONTENT="riksdagsskrivelsen"/><SP WIDTH="29" VPOS="1876" HPOS="1227"/>
							<String ID="string_396" HPOS="1256" VPOS="1879" WIDTH="141" HEIGHT="37" WC="0.95" CONTENT="begärts."/>
						</TextLine>
					</TextBlock>
				</ComposedBlock>
				<ComposedBlock ID="cblock_3" HPOS="120" VPOS="2056" WIDTH="1515" HEIGHT="477">
					<TextBlock ID="block_8" HPOS="120" VPOS="2056" WIDTH="1515" HEIGHT="477">
						<TextLine ID="line_40" HPOS="168" VPOS="2056" WIDTH="1467" HEIGHT="44">
							<String ID="string_397" HPOS="168" VPOS="2056" WIDTH="72" HEIGHT="31" WC="0.96" CONTENT="När"/><SP WIDTH="25" VPOS="2056" HPOS="240"/>
							<String ID="string_398" HPOS="265" VPOS="2057" WIDTH="186" HEIGHT="35" WC="0.96" CONTENT="kollegium"/><SP WIDTH="25" VPOS="2057" HPOS="451"/>
							<String ID="string_399" HPOS="476" VPOS="2058" WIDTH="12" HEIGHT="29" WC="0.96" CONTENT="i"/><SP WIDTH="24" VPOS="2058" HPOS="488"/>
							<String ID="string_400" HPOS="512" VPOS="2058" WIDTH="59" HEIGHT="30" WC="0.96" CONTENT="sitt"/><SP WIDTH="23" VPOS="2058" HPOS="571"/>
							<String ID="string_401" HPOS="594" VPOS="2058" WIDTH="178" HEIGHT="31" WC="0.96" CONTENT="utlåtande"/><SP WIDTH="24" VPOS="2058" HPOS="772"/>
							<String ID="string_402" HPOS="796" VPOS="2059" WIDTH="64" HEIGHT="30" WC="0.96" CONTENT="den"/><SP WIDTH="24" VPOS="2059" HPOS="860"/>
							<String ID="string_403" HPOS="884" VPOS="2061" WIDTH="40" HEIGHT="29" WC="0.96" CONTENT="24"/><SP WIDTH="24" VPOS="2061" HPOS="924"/>
							<String ID="string_404" HPOS="948" VPOS="2061" WIDTH="185" HEIGHT="30" WC="0.96" CONTENT="november"/><SP WIDTH="23" VPOS="2061" HPOS="1133"/>
							<String ID="string_405" HPOS="1156" VPOS="2062" WIDTH="83" HEIGHT="30" WC="0.96" CONTENT="1913"/><SP WIDTH="21" VPOS="2062" HPOS="1239"/>
							<String ID="string_406" HPOS="1260" VPOS="2063" WIDTH="106" HEIGHT="30" WC="0.96" CONTENT="första"/><SP WIDTH="16" VPOS="2063" HPOS="1366"/>
							<String ID="string_407" HPOS="1382" VPOS="2065" WIDTH="133" HEIGHT="35" WC="0.93" CONTENT="gången"/><SP WIDTH="17" VPOS="2065" HPOS="1515"/>
							<String ID="string_408" HPOS="1532" VPOS="2065" WIDTH="103" HEIGHT="30" WC="0.92" CONTENT="fram-"/>
						</TextLine>
						<TextLine ID="line_41" HPOS="124" VPOS="2100" WIDTH="1510" HEIGHT="42">
							<String ID="string_409" HPOS="124" VPOS="2100" WIDTH="95" HEIGHT="31" WC="0.96" CONTENT="förde"/><SP WIDTH="27" VPOS="2100" HPOS="219"/>
							<String ID="string_410" HPOS="246" VPOS="2101" WIDTH="127" HEIGHT="30" WC="0.96" CONTENT="tanken"/><SP WIDTH="23" VPOS="2101" HPOS="373"/>
							<String ID="string_411" HPOS="396" VPOS="2102" WIDTH="43" HEIGHT="34" WC="0.96" CONTENT="på"/><SP WIDTH="23" VPOS="2102" HPOS="439"/>
							<String ID="string_412" HPOS="462" VPOS="2111" WIDTH="42" HEIGHT="20" WC="0.96" CONTENT="en"/><SP WIDTH="23" VPOS="2111" HPOS="504"/>
							<String ID="string_413" HPOS="527" VPOS="2102" WIDTH="259" HEIGHT="31" WC="0.88" CONTENT="koncentration"/><SP WIDTH="23" VPOS="2102" HPOS="786"/>
							<String ID="string_414" HPOS="809" VPOS="2113" WIDTH="44" HEIGHT="20" WC="0.93" CONTENT="av"/><SP WIDTH="26" VPOS="2113" HPOS="853"/>
							<String ID="string_415" HPOS="879" VPOS="2104" WIDTH="216" HEIGHT="30" WC="0.92" CONTENT="rättsvården"/><SP WIDTH="24" VPOS="2104" HPOS="1095"/>
							<String ID="string_416" HPOS="1119" VPOS="2115" WIDTH="43" HEIGHT="20" WC="0.95" CONTENT="av"/><SP WIDTH="24" VPOS="2115" HPOS="1162"/>
							<String ID="string_417" HPOS="1186" VPOS="2106" WIDTH="149" HEIGHT="31" WC="0.96" CONTENT="kronans"/><SP WIDTH="25" VPOS="2106" HPOS="1335"/>
							<String ID="string_418" HPOS="1360" VPOS="2107" WIDTH="87" HEIGHT="31" WC="0.95" CONTENT="fasta"/><SP WIDTH="23" VPOS="2107" HPOS="1447"/>
							<String ID="string_419" HPOS="1470" VPOS="2108" WIDTH="164" HEIGHT="34" WC="0.95" CONTENT="egendom"/>
						</TextLine>
						<TextLine ID="line_42" HPOS="123" VPOS="2144" WIDTH="1510" HEIGHT="39">
							<String ID="string_420" HPOS="123" VPOS="2144" WIDTH="56" HEIGHT="30" WC="0.95" CONTENT="till"/><SP WIDTH="23" VPOS="2144" HPOS="179"/>
							<String ID="string_421" HPOS="202" VPOS="2154" WIDTH="42" HEIGHT="20" WC="0.96" CONTENT="en"/><SP WIDTH="24" VPOS="2154" HPOS="244"/>
							<String ID="string_422" HPOS="268" VPOS="2144" WIDTH="86" HEIGHT="31" WC="0.96" CONTENT="enda"/><SP WIDTH="23" VPOS="2144" HPOS="354"/>
							<String ID="string_423" HPOS="377" VPOS="2144" WIDTH="213" HEIGHT="37" WC="0.96" CONTENT="myndighet,"/><SP WIDTH="25" VPOS="2144" HPOS="590"/>
							<String ID="string_424" HPOS="615" VPOS="2146" WIDTH="176" HEIGHT="36" WC="0.96" CONTENT="nämligen"/><SP WIDTH="25" VPOS="2146" HPOS="791"/>
							<String ID="string_425" HPOS="816" VPOS="2147" WIDTH="197" HEIGHT="36" WC="0.96" CONTENT="kollegium,"/><SP WIDTH="26" VPOS="2147" HPOS="1013"/>
							<String ID="string_426" HPOS="1039" VPOS="2148" WIDTH="120" HEIGHT="31" WC="0.96" CONTENT="skedde"/><SP WIDTH="24" VPOS="2148" HPOS="1159"/>
							<String ID="string_427" HPOS="1183" VPOS="2148" WIDTH="90" HEIGHT="32" WC="0.96" CONTENT="detta"/><SP WIDTH="24" VPOS="2148" HPOS="1273"/>
							<String ID="string_428" HPOS="1297" VPOS="2150" WIDTH="108" HEIGHT="31" WC="0.96" CONTENT="under"/><SP WIDTH="24" VPOS="2150" HPOS="1405"/>
							<String ID="string_429" HPOS="1429" VPOS="2152" WIDTH="11" HEIGHT="29" WC="0.96" CONTENT="i"/><SP WIDTH="24" VPOS="2152" HPOS="1440"/>
							<String ID="string_430" HPOS="1464" VPOS="2152" WIDTH="71" HEIGHT="30" WC="0.96" CONTENT="viss"/><SP WIDTH="16" VPOS="2152" HPOS="1535"/>
							<String ID="string_431" HPOS="1551" VPOS="2153" WIDTH="82" HEIGHT="30" WC="0.96" CONTENT="mån"/>
						</TextLine>
						<TextLine ID="line_43" HPOS="122" VPOS="2187" WIDTH="1510" HEIGHT="39">
							<String ID="string_432" HPOS="122" VPOS="2187" WIDTH="108" HEIGHT="31" WC="0.96" CONTENT="andra"/><SP WIDTH="34" VPOS="2187" HPOS="230"/>
							<String ID="string_433" HPOS="264" VPOS="2188" WIDTH="290" HEIGHT="36" WC="0.96" CONTENT="förutsättningar"/><SP WIDTH="35" VPOS="2188" HPOS="554"/>
							<String ID="string_434" HPOS="589" VPOS="2191" WIDTH="44" HEIGHT="28" WC="0.96" CONTENT="än"/><SP WIDTH="35" VPOS="2191" HPOS="633"/>
							<String ID="string_435" HPOS="668" VPOS="2189" WIDTH="75" HEIGHT="31" WC="0.95" CONTENT="dem"/><SP WIDTH="36" VPOS="2189" HPOS="743"/>
							<String ID="string_436" HPOS="779" VPOS="2200" WIDTH="71" HEIGHT="20" WC="0.96" CONTENT="som"/><SP WIDTH="25" VPOS="2200" HPOS="850"/>
							<String ID="string_437" HPOS="875" VPOS="2201" WIDTH="46" HEIGHT="20" WC="0.94" CONTENT="nu"/><SP WIDTH="25" VPOS="2201" HPOS="921"/>
							<String ID="string_438" HPOS="946" VPOS="2193" WIDTH="59" HEIGHT="29" WC="0.96" CONTENT="äro"/><SP WIDTH="24" VPOS="2193" HPOS="1005"/>
							<String ID="string_439" HPOS="1029" VPOS="2192" WIDTH="54" HEIGHT="30" WC="0.96" CONTENT="för"/><SP WIDTH="23" VPOS="2192" HPOS="1083"/>
							<String ID="string_440" HPOS="1106" VPOS="2192" WIDTH="143" HEIGHT="31" WC="0.94" CONTENT="handen."/><SP WIDTH="48" VPOS="2192" HPOS="1249"/>
							<String ID="string_441" HPOS="1297" VPOS="2194" WIDTH="137" HEIGHT="31" WC="0.56" CONTENT="Tanken"/><SP WIDTH="26" VPOS="2194" HPOS="1434"/>
							<String ID="string_442" HPOS="1460" VPOS="2195" WIDTH="172" HEIGHT="31" WC="0.96" CONTENT="framkom"/>
						</TextLine>
						<TextLine ID="line_44" HPOS="123" VPOS="2231" WIDTH="1510" HEIGHT="44">
							<String ID="string_443" HPOS="123" VPOS="2241" WIDTH="72" HEIGHT="21" WC="0.96" CONTENT="som"/><SP WIDTH="34" VPOS="2241" HPOS="195"/>
							<String ID="string_444" HPOS="229" VPOS="2241" WIDTH="41" HEIGHT="20" WC="0.96" CONTENT="en"/><SP WIDTH="34" VPOS="2241" HPOS="270"/>
							<String ID="string_445" HPOS="304" VPOS="2231" WIDTH="72" HEIGHT="31" WC="0.95" CONTENT="helt"/><SP WIDTH="32" VPOS="2231" HPOS="376"/>
							<String ID="string_446" HPOS="408" VPOS="2232" WIDTH="154" HEIGHT="36" WC="0.96" CONTENT="naturlig"/><SP WIDTH="25" VPOS="2232" HPOS="562"/>
							<String ID="string_447" HPOS="587" VPOS="2233" WIDTH="154" HEIGHT="31" WC="0.96" CONTENT="reaktion"/><SP WIDTH="24" VPOS="2233" HPOS="741"/>
							<String ID="string_448" HPOS="765" VPOS="2236" WIDTH="71" HEIGHT="28" WC="0.93" CONTENT="mot"/><SP WIDTH="24" VPOS="2236" HPOS="836"/>
							<String ID="string_449" HPOS="860" VPOS="2234" WIDTH="547" HEIGHT="36" WC="0.91" CONTENT="departementalkommitterades"/><SP WIDTH="24" VPOS="2234" HPOS="1407"/>
							<String ID="string_450" HPOS="1431" VPOS="2239" WIDTH="127" HEIGHT="36" WC="0.95" CONTENT="förslag"/><SP WIDTH="24" VPOS="2239" HPOS="1558"/>
							<String ID="string_451" HPOS="1582" VPOS="2241" WIDTH="51" HEIGHT="29" WC="0.96" CONTENT="att"/>
						</TextLine>
						<TextLine ID="line_45" HPOS="122" VPOS="2275" WIDTH="1511" HEIGHT="39">
							<String ID="string_452" HPOS="122" VPOS="2275" WIDTH="200" HEIGHT="31" WC="0.95" CONTENT="överlämna"/><SP WIDTH="34" VPOS="2275" HPOS="322"/>
							<String ID="string_453" HPOS="356" VPOS="2275" WIDTH="48" HEIGHT="31" WC="0.95" CONTENT="all"/><SP WIDTH="34" VPOS="2275" HPOS="404"/>
							<String ID="string_454" HPOS="438" VPOS="2276" WIDTH="216" HEIGHT="36" WC="0.96" CONTENT="förvaltning"/><SP WIDTH="35" VPOS="2276" HPOS="654"/>
							<String ID="string_455" HPOS="689" VPOS="2288" WIDTH="43" HEIGHT="19" WC="0.96" CONTENT="av"/><SP WIDTH="24" VPOS="2288" HPOS="732"/>
							<String ID="string_456" HPOS="756" VPOS="2278" WIDTH="96" HEIGHT="30" WC="0.96" CONTENT="såväl"/><SP WIDTH="26" VPOS="2278" HPOS="852"/>
							<String ID="string_457" HPOS="878" VPOS="2279" WIDTH="149" HEIGHT="31" WC="0.96" CONTENT="kronans"/><SP WIDTH="24" VPOS="2279" HPOS="1027"/>
							<String ID="string_458" HPOS="1051" VPOS="2279" WIDTH="163" HEIGHT="31" WC="0.96" CONTENT="domäner"/><SP WIDTH="22" VPOS="2279" HPOS="1214"/>
							<String ID="string_459" HPOS="1236" VPOS="2291" WIDTH="72" HEIGHT="21" WC="0.96" CONTENT="som"/><SP WIDTH="25" VPOS="2291" HPOS="1308"/>
							<String ID="string_460" HPOS="1333" VPOS="2281" WIDTH="40" HEIGHT="31" WC="0.92" CONTENT="de"/><SP WIDTH="23" VPOS="2281" HPOS="1373"/>
							<String ID="string_461" HPOS="1396" VPOS="2283" WIDTH="237" HEIGHT="31" WC="0.91" CONTENT="ecklesiastika"/>
						</TextLine>
						<TextLine ID="line_46" HPOS="122" VPOS="2319" WIDTH="1509" HEIGHT="43">
							<String ID="string_462" HPOS="122" VPOS="2319" WIDTH="188" HEIGHT="30" WC="0.92" CONTENT="boställena"/><SP WIDTH="32" VPOS="2319" HPOS="310"/>
							<String ID="string_463" HPOS="342" VPOS="2320" WIDTH="36" HEIGHT="30" WC="0.96" CONTENT="åt"/><SP WIDTH="34" VPOS="2320" HPOS="378"/>
							<String ID="string_464" HPOS="412" VPOS="2329" WIDTH="42" HEIGHT="21" WC="0.96" CONTENT="en"/><SP WIDTH="34" VPOS="2329" HPOS="454"/>
							<String ID="string_465" HPOS="488" VPOS="2321" WIDTH="217" HEIGHT="30" WC="0.96" CONTENT="uteslutande"/><SP WIDTH="33" VPOS="2321" HPOS="705"/>
							<String ID="string_466" HPOS="738" VPOS="2321" WIDTH="78" HEIGHT="31" WC="0.93" CONTENT="med"/><SP WIDTH="35" VPOS="2321" HPOS="816"/>
							<String ID="string_467" HPOS="851" VPOS="2322" WIDTH="349" HEIGHT="32" WC="0.89" CONTENT="teknisk-ekonomisk"/><SP WIDTH="31" VPOS="2322" HPOS="1200"/>
							<String ID="string_468" HPOS="1231" VPOS="2325" WIDTH="218" HEIGHT="37" WC="0.96" CONTENT="sakkunskap"/><SP WIDTH="23" VPOS="2325" HPOS="1449"/>
							<String ID="string_469" HPOS="1472" VPOS="2327" WIDTH="159" HEIGHT="31" WC="0.96" CONTENT="utrustad"/>
						</TextLine>
						<TextLine ID="line_47" HPOS="121" VPOS="2363" WIDTH="1510" HEIGHT="42">
							<String ID="string_470" HPOS="121" VPOS="2363" WIDTH="213" HEIGHT="36" WC="0.94" CONTENT="myndighet,"/><SP WIDTH="35" VPOS="2363" HPOS="334"/>
							<String ID="string_471" HPOS="369" VPOS="2364" WIDTH="175" HEIGHT="35" WC="0.90" CONTENT="nämligen"/><SP WIDTH="35" VPOS="2364" HPOS="544"/>
							<String ID="string_472" HPOS="579" VPOS="2364" WIDTH="359" HEIGHT="38" WC="0.90" CONTENT="lantbruksstyrelsen,"/><SP WIDTH="36" VPOS="2364" HPOS="938"/>
							<String ID="string_473" HPOS="974" VPOS="2367" WIDTH="76" HEIGHT="30" WC="0.96" CONTENT="med"/><SP WIDTH="36" VPOS="2367" HPOS="1050"/>
							<String ID="string_474" HPOS="1086" VPOS="2368" WIDTH="118" HEIGHT="30" WC="0.96" CONTENT="vilken"/><SP WIDTH="34" VPOS="2368" HPOS="1204"/>
							<String ID="string_475" HPOS="1238" VPOS="2369" WIDTH="205" HEIGHT="36" WC="0.81" CONTENT="myndighet"/><SP WIDTH="30" VPOS="2369" HPOS="1443"/>
							<String ID="string_476" HPOS="1473" VPOS="2370" WIDTH="55" HEIGHT="31" WC="0.96" CONTENT="det"/><SP WIDTH="24" VPOS="2370" HPOS="1528"/>
							<String ID="string_477" HPOS="1552" VPOS="2371" WIDTH="79" HEIGHT="30" WC="0.96" CONTENT="från"/>
						</TextLine>
						<TextLine ID="line_48" HPOS="122" VPOS="2407" WIDTH="1509" HEIGHT="43">
							<String ID="string_478" HPOS="122" VPOS="2407" WIDTH="347" HEIGHT="35" WC="0.85" CONTENT="kammarkollegium"/><SP WIDTH="46" VPOS="2407" HPOS="469"/>
							<String ID="string_479" HPOS="515" VPOS="2408" WIDTH="165" HEIGHT="31" WC="0.85" CONTENT="utbrutna"/><SP WIDTH="44" VPOS="2408" HPOS="680"/>
							<String ID="string_480" HPOS="724" VPOS="2409" WIDTH="417" HEIGHT="33" WC="0.91" CONTENT="advokatfiskalsämbetet"/><SP WIDTH="36" VPOS="2409" HPOS="1141"/>
							<String ID="string_481" HPOS="1177" VPOS="2412" WIDTH="109" HEIGHT="37" WC="0.95" CONTENT="enligt"/><SP WIDTH="38" VPOS="2412" HPOS="1286"/>
							<String ID="string_482" HPOS="1324" VPOS="2413" WIDTH="159" HEIGHT="37" WC="0.95" CONTENT="förslaget"/><SP WIDTH="37" VPOS="2413" HPOS="1483"/>
							<String ID="string_483" HPOS="1520" VPOS="2415" WIDTH="111" HEIGHT="30" WC="0.96" CONTENT="skulle"/>
						</TextLine>
						<TextLine ID="line_49" HPOS="122" VPOS="2450" WIDTH="1508" HEIGHT="43">
							<String ID="string_484" HPOS="122" VPOS="2450" WIDTH="243" HEIGHT="36" WC="0.87" CONTENT="inkorporeras."/><SP WIDTH="47" VPOS="2450" HPOS="365"/>
							<String ID="string_485" HPOS="412" VPOS="2451" WIDTH="100" HEIGHT="31" WC="0.93" CONTENT="Detta"/><SP WIDTH="35" VPOS="2451" HPOS="512"/>
							<String ID="string_486" HPOS="547" VPOS="2451" WIDTH="547" HEIGHT="37" WC="0.90" CONTENT="departementalkommitterades"/><SP WIDTH="34" VPOS="2451" HPOS="1094"/>
							<String ID="string_487" HPOS="1128" VPOS="2455" WIDTH="127" HEIGHT="37" WC="0.96" CONTENT="förslag"/><SP WIDTH="36" VPOS="2455" HPOS="1255"/>
							<String ID="string_488" HPOS="1291" VPOS="2457" WIDTH="155" HEIGHT="36" WC="0.84" CONTENT="utgjorde"/><SP WIDTH="23" VPOS="2457" HPOS="1446"/>
							<String ID="string_489" HPOS="1469" VPOS="2459" WIDTH="48" HEIGHT="30" WC="0.96" CONTENT="ett"/><SP WIDTH="24" VPOS="2459" HPOS="1517"/>
							<String ID="string_490" HPOS="1541" VPOS="2459" WIDTH="52" HEIGHT="30" WC="0.96" CONTENT="led"/><SP WIDTH="25" VPOS="2459" HPOS="1593"/>
							<String ID="string_491" HPOS="1618" VPOS="2459" WIDTH="12" HEIGHT="30" WC="0.96" CONTENT="i"/>
						</TextLine>
						<TextLine ID="line_50" HPOS="120" VPOS="2493" WIDTH="1510" HEIGHT="40">
							<String ID="string_492" HPOS="120" VPOS="2503" WIDTH="42" HEIGHT="21" WC="0.96" CONTENT="en"/><SP WIDTH="36" VPOS="2503" HPOS="162"/>
							<String ID="string_493" HPOS="198" VPOS="2493" WIDTH="220" HEIGHT="36" WC="0.96" CONTENT="fullständigt"/><SP WIDTH="29" VPOS="2493" HPOS="418"/>
							<String ID="string_494" HPOS="447" VPOS="2496" WIDTH="289" HEIGHT="35" WC="0.96" CONTENT="genomgripande"/><SP WIDTH="23" VPOS="2496" HPOS="736"/>
							<String ID="string_495" HPOS="759" VPOS="2498" WIDTH="291" HEIGHT="34" WC="0.96" CONTENT="omorganisation"/><SP WIDTH="24" VPOS="2498" HPOS="1050"/>
							<String ID="string_496" HPOS="1074" VPOS="2509" WIDTH="44" HEIGHT="20" WC="0.96" CONTENT="av"/><SP WIDTH="25" VPOS="2509" HPOS="1118"/>
							<String ID="string_497" HPOS="1143" VPOS="2499" WIDTH="64" HEIGHT="31" WC="0.96" CONTENT="den"/><SP WIDTH="24" VPOS="2499" HPOS="1207"/>
							<String ID="string_498" HPOS="1231" VPOS="2501" WIDTH="148" HEIGHT="30" WC="0.93" CONTENT="centrala"/><SP WIDTH="25" VPOS="2501" HPOS="1379"/>
							<String ID="string_499" HPOS="1404" VPOS="2502" WIDTH="226" HEIGHT="31" WC="0.91" CONTENT="statsförvalt-"/>
						</TextLine>
					</TextBlock>
				</ComposedBlock>
				<ComposedBlock ID="cblock_4" HPOS="1686" VPOS="2066" WIDTH="137" HEIGHT="104">
					<TextBlock ID="block_9" HPOS="1686" VPOS="2066" WIDTH="137" HEIGHT="104">
						<TextLine ID="line_51" HPOS="1689" VPOS="2066" WIDTH="134" HEIGHT="26">
							<String ID="string_500" HPOS="1689" VPOS="2066" WIDTH="134" HEIGHT="26" WC="0.91" CONTENT="Kammar-"/>
						</TextLine>
						<TextLine ID="line_52" HPOS="1700" VPOS="2100" WIDTH="110" HEIGHT="34">
							<String ID="string_501" HPOS="1700" VPOS="2100" WIDTH="110" HEIGHT="34" WC="0.91" CONTENT="kollegii"/>
						</TextLine>
						<TextLine ID="line_53" HPOS="1686" VPOS="2135" WIDTH="134" HEIGHT="35">
							<String ID="string_502" HPOS="1686" VPOS="2135" WIDTH="134" HEIGHT="35" WC="0.95" CONTENT="yttrande."/>
						</TextLine>
					</TextBlock>
				</ComposedBlock>
			</PrintSpace>
		</Page>
	</Layout>
</alto>
