<?xml version="1.0" encoding="UTF-8"?>
<alto xmlns="http://www.loc.gov/standards/alto/ns-v3#" xmlns:xlink="http://www.w3.org/1999/xlink" xmlns:xsi="http://www.w3.org/2001/XMLSchema-instance" xsi:schemaLocation="http://www.loc.gov/standards/alto/ns-v3# http://www.loc.gov/alto/v3/alto-3-0.xsd">
	<Description>
		<MeasurementUnit>pixel</MeasurementUnit>
		<sourceImageInformation>
			<fileName>/tmp/tess_uwjzmad6_input.PNG</fileName>
		</sourceImageInformation>
		<OCRProcessing ID="OCR_0">
			<ocrProcessingStep>
				<processingSoftware>
					<softwareName>tesseract 5.3.0</softwareName>
				</processingSoftware>
			</ocrProcessingStep>
		</OCRProcessing>
	</Description>
	<Layout>
		<Page WIDTH="1901" HEIGHT="2836" PHYSICAL_IMG_NR="0" ID="page_0">
			<PrintSpace HPOS="0" VPOS="0" WIDTH="1901" HEIGHT="2836">
				<ComposedBlock ID="cblock_0" HPOS="271" VPOS="164" WIDTH="1158" HEIGHT="40">
					<TextBlock ID="block_0" HPOS="271" VPOS="164" WIDTH="1158" HEIGHT="40">
						<TextLine ID="line_0" HPOS="271" VPOS="164" WIDTH="1158" HEIGHT="40">
							<String ID="string_0" HPOS="271" VPOS="165" WIDTH="40" HEIGHT="31" WC="0.96" CONTENT="10"/><SP WIDTH="285" VPOS="165" HPOS="311"/>
							<String ID="string_1" HPOS="596" VPOS="164" WIDTH="125" HEIGHT="30" WC="0.93" CONTENT="Första"/><SP WIDTH="16" VPOS="164" HPOS="721"/>
							<String ID="string_2" HPOS="737" VPOS="164" WIDTH="246" HEIGHT="40" WC="0.91" CONTENT="lagutskottets"/><SP WIDTH="18" VPOS="164" HPOS="983"/>
							<String ID="string_3" HPOS="1001" VPOS="164" WIDTH="179" HEIGHT="31" WC="0.96" CONTENT="utlåtande"/><SP WIDTH="15" VPOS="164" HPOS="1180"/>
							<String ID="string_4" HPOS="1195" VPOS="174" WIDTH="43" HEIGHT="20" WC="0.96" CONTENT="nr"/><SP WIDTH="15" VPOS="174" HPOS="1238"/>
							<String ID="string_5" HPOS="1253" VPOS="165" WIDTH="20" HEIGHT="30" WC="0.96" CONTENT="3"/><SP WIDTH="15" VPOS="165" HPOS="1273"/>
							<String ID="string_6" HPOS="1288" VPOS="164" WIDTH="40" HEIGHT="31" WC="0.96" CONTENT="år"/><SP WIDTH="17" VPOS="164" HPOS="1328"/>
							<String ID="string_7" HPOS="1345" VPOS="164" WIDTH="84" HEIGHT="31" WC="0.96" CONTENT="1969"/>
						</TextLine>
					</TextBlock>
				</ComposedBlock>
				<ComposedBlock ID="cblock_1" HPOS="269" VPOS="244" WIDTH="1494" HEIGHT="1474">
					<TextBlock ID="block_1" HPOS="270" VPOS="244" WIDTH="1488" HEIGHT="212">
						<TextLine ID="line_1" HPOS="270" VPOS="244" WIDTH="1487" HEIGHT="40">
							<String ID="string_8" HPOS="270" VPOS="244" WIDTH="45" HEIGHT="30" WC="0.96" CONTENT="rit"/><SP WIDTH="16" VPOS="244" HPOS="315"/>
							<String ID="string_9" HPOS="331" VPOS="244" WIDTH="65" HEIGHT="40" WC="0.96" CONTENT="gift"/><SP WIDTH="15" VPOS="244" HPOS="396"/>
							<String ID="string_10" HPOS="411" VPOS="245" WIDTH="79" HEIGHT="30" WC="0.96" CONTENT="med"/><SP WIDTH="16" VPOS="245" HPOS="490"/>
							<String ID="string_11" HPOS="506" VPOS="255" WIDTH="81" HEIGHT="20" WC="0.96" CONTENT="men"/><SP WIDTH="16" VPOS="255" HPOS="587"/>
							<String ID="string_12" HPOS="603" VPOS="246" WIDTH="38" HEIGHT="29" WC="0.95" CONTENT="är"/><SP WIDTH="18" VPOS="246" HPOS="641"/>
							<String ID="string_13" HPOS="659" VPOS="246" WIDTH="91" HEIGHT="30" WC="0.96" CONTENT="skild"/><SP WIDTH="17" VPOS="246" HPOS="750"/>
							<String ID="string_14" HPOS="767" VPOS="246" WIDTH="80" HEIGHT="30" WC="0.96" CONTENT="från"/><SP WIDTH="16" VPOS="246" HPOS="847"/>
							<String ID="string_15" HPOS="863" VPOS="256" WIDTH="41" HEIGHT="20" WC="0.96" CONTENT="en"/><SP WIDTH="17" VPOS="256" HPOS="904"/>
							<String ID="string_16" HPOS="921" VPOS="246" WIDTH="168" HEIGHT="31" WC="0.96" CONTENT="utländsk"/><SP WIDTH="15" VPOS="246" HPOS="1089"/>
							<String ID="string_17" HPOS="1104" VPOS="256" WIDTH="93" HEIGHT="25" WC="0.96" CONTENT="man,"/><SP WIDTH="17" VPOS="256" HPOS="1197"/>
							<String ID="string_18" HPOS="1214" VPOS="246" WIDTH="65" HEIGHT="31" WC="0.96" CONTENT="har"/><SP WIDTH="15" VPOS="246" HPOS="1279"/>
							<String ID="string_19" HPOS="1294" VPOS="246" WIDTH="80" HEIGHT="30" WC="0.96" CONTENT="med"/><SP WIDTH="16" VPOS="246" HPOS="1374"/>
							<String ID="string_20" HPOS="1390" VPOS="246" WIDTH="189" HEIGHT="30" WC="0.96" CONTENT="makarnas"/><SP WIDTH="17" VPOS="246" HPOS="1579"/>
							<String ID="string_21" HPOS="1596" VPOS="246" WIDTH="87" HEIGHT="30" WC="0.93" CONTENT="barn"/><SP WIDTH="16" VPOS="246" HPOS="1683"/>
							<String ID="string_22" HPOS="1699" VPOS="246" WIDTH="58" HEIGHT="30" WC="0.91" CONTENT="bo-"/>
						</TextLine>
						<TextLine ID="line_2" HPOS="272" VPOS="290" WIDTH="1484" HEIGHT="42">
							<String ID="string_23" HPOS="272" VPOS="291" WIDTH="68" HEIGHT="29" WC="0.95" CONTENT="satt"/><SP WIDTH="16" VPOS="291" HPOS="340"/>
							<String ID="string_24" HPOS="356" VPOS="290" WIDTH="51" HEIGHT="41" WC="0.96" CONTENT="sig"/><SP WIDTH="16" VPOS="290" HPOS="407"/>
							<String ID="string_25" HPOS="423" VPOS="291" WIDTH="10" HEIGHT="30" WC="0.96" CONTENT="i"/><SP WIDTH="17" VPOS="291" HPOS="433"/>
							<String ID="string_26" HPOS="450" VPOS="290" WIDTH="147" HEIGHT="41" WC="0.96" CONTENT="Sverige."/><SP WIDTH="17" VPOS="290" HPOS="597"/>
							<String ID="string_27" HPOS="614" VPOS="290" WIDTH="94" HEIGHT="31" WC="0.96" CONTENT="även"/><SP WIDTH="16" VPOS="290" HPOS="708"/>
							<String ID="string_28" HPOS="724" VPOS="300" WIDTH="57" HEIGHT="21" WC="0.96" CONTENT="om"/><SP WIDTH="15" VPOS="300" HPOS="781"/>
							<String ID="string_29" HPOS="796" VPOS="291" WIDTH="145" HEIGHT="31" WC="0.96" CONTENT="modern"/><SP WIDTH="15" VPOS="291" HPOS="941"/>
							<String ID="string_30" HPOS="956" VPOS="292" WIDTH="72" HEIGHT="30" WC="0.95" CONTENT="inte"/><SP WIDTH="17" VPOS="292" HPOS="1028"/>
							<String ID="string_31" HPOS="1045" VPOS="291" WIDTH="145" HEIGHT="31" WC="0.96" CONTENT="förlorat"/><SP WIDTH="18" VPOS="291" HPOS="1190"/>
							<String ID="string_32" HPOS="1208" VPOS="291" WIDTH="58" HEIGHT="31" WC="0.96" CONTENT="sitt"/><SP WIDTH="18" VPOS="291" HPOS="1266"/>
							<String ID="string_33" HPOS="1284" VPOS="292" WIDTH="150" HEIGHT="30" WC="0.96" CONTENT="svenska"/><SP WIDTH="15" VPOS="292" HPOS="1434"/>
							<String ID="string_34" HPOS="1449" VPOS="291" WIDTH="307" HEIGHT="41" WC="0.96" CONTENT="medborgarskap,"/>
						</TextLine>
						<TextLine ID="line_3" HPOS="270" VPOS="335" WIDTH="1487" HEIGHT="42">
							<String ID="string_35" HPOS="270" VPOS="335" WIDTH="70" HEIGHT="30" WC="0.96" CONTENT="kan"/><SP WIDTH="18" VPOS="335" HPOS="340"/>
							<String ID="string_36" HPOS="358" VPOS="335" WIDTH="56" HEIGHT="30" WC="0.95" CONTENT="det"/><SP WIDTH="18" VPOS="335" HPOS="414"/>
							<String ID="string_37" HPOS="432" VPOS="336" WIDTH="11" HEIGHT="30" WC="0.96" CONTENT="i"/><SP WIDTH="17" VPOS="336" HPOS="443"/>
							<String ID="string_38" HPOS="460" VPOS="336" WIDTH="65" HEIGHT="30" WC="0.96" CONTENT="och"/><SP WIDTH="17" VPOS="336" HPOS="525"/>
							<String ID="string_39" HPOS="542" VPOS="336" WIDTH="55" HEIGHT="30" WC="0.97" CONTENT="för"/><SP WIDTH="18" VPOS="336" HPOS="597"/>
							<String ID="string_40" HPOS="615" VPOS="337" WIDTH="51" HEIGHT="39" WC="0.96" CONTENT="sig"/><SP WIDTH="16" VPOS="337" HPOS="666"/>
							<String ID="string_41" HPOS="682" VPOS="337" WIDTH="176" HEIGHT="40" WC="0.96" CONTENT="knappast"/><SP WIDTH="17" VPOS="337" HPOS="858"/>
							<String ID="string_42" HPOS="875" VPOS="337" WIDTH="172" HEIGHT="30" WC="0.96" CONTENT="bestridas"/><SP WIDTH="19" VPOS="337" HPOS="1047"/>
							<String ID="string_43" HPOS="1066" VPOS="338" WIDTH="59" HEIGHT="34" WC="0.96" CONTENT="att,"/><SP WIDTH="19" VPOS="338" HPOS="1125"/>
							<String ID="string_44" HPOS="1144" VPOS="346" WIDTH="56" HEIGHT="21" WC="0.96" CONTENT="om"/><SP WIDTH="17" VPOS="346" HPOS="1200"/>
							<String ID="string_45" HPOS="1217" VPOS="337" WIDTH="123" HEIGHT="30" WC="0.96" CONTENT="barnet"/><SP WIDTH="18" VPOS="337" HPOS="1340"/>
							<String ID="string_46" HPOS="1358" VPOS="337" WIDTH="38" HEIGHT="29" WC="0.96" CONTENT="är"/><SP WIDTH="18" VPOS="337" HPOS="1396"/>
							<String ID="string_47" HPOS="1414" VPOS="336" WIDTH="167" HEIGHT="31" WC="0.93" CONTENT="utländsk"/><SP WIDTH="17" VPOS="336" HPOS="1581"/>
							<String ID="string_48" HPOS="1598" VPOS="336" WIDTH="159" HEIGHT="30" WC="0.92" CONTENT="medbor-"/>
						</TextLine>
						<TextLine ID="line_4" HPOS="271" VPOS="381" WIDTH="1487" HEIGHT="41">
							<String ID="string_49" HPOS="271" VPOS="388" WIDTH="89" HEIGHT="33" WC="0.95" CONTENT="gare,"/><SP WIDTH="18" VPOS="388" HPOS="360"/>
							<String ID="string_50" HPOS="378" VPOS="381" WIDTH="95" HEIGHT="30" WC="0.96" CONTENT="detta"/><SP WIDTH="15" VPOS="381" HPOS="473"/>
							<String ID="string_51" HPOS="488" VPOS="381" WIDTH="71" HEIGHT="30" WC="0.96" CONTENT="kan"/><SP WIDTH="16" VPOS="381" HPOS="559"/>
							<String ID="string_52" HPOS="575" VPOS="381" WIDTH="201" HEIGHT="31" WC="0.96" CONTENT="underlätta"/><SP WIDTH="15" VPOS="381" HPOS="776"/>
							<String ID="string_53" HPOS="791" VPOS="384" WIDTH="48" HEIGHT="28" WC="0.96" CONTENT="ett"/><SP WIDTH="18" VPOS="384" HPOS="839"/>
							<String ID="string_54" HPOS="857" VPOS="382" WIDTH="123" HEIGHT="30" WC="0.93" CONTENT="sådant"/><SP WIDTH="17" VPOS="382" HPOS="980"/>
							<String ID="string_55" HPOS="997" VPOS="382" WIDTH="126" HEIGHT="40" WC="0.91" CONTENT="illojalt"/><SP WIDTH="16" VPOS="382" HPOS="1123"/>
							<String ID="string_56" HPOS="1139" VPOS="382" WIDTH="204" HEIGHT="30" WC="0.96" CONTENT="förfarande"/><SP WIDTH="18" VPOS="382" HPOS="1343"/>
							<String ID="string_57" HPOS="1361" VPOS="391" WIDTH="74" HEIGHT="21" WC="0.96" CONTENT="som"/><SP WIDTH="17" VPOS="391" HPOS="1435"/>
							<String ID="string_58" HPOS="1452" VPOS="382" WIDTH="141" HEIGHT="30" WC="0.95" CONTENT="nämnts"/><SP WIDTH="16" VPOS="382" HPOS="1593"/>
							<String ID="string_59" HPOS="1609" VPOS="382" WIDTH="11" HEIGHT="30" WC="0.92" CONTENT="i"/><SP WIDTH="15" VPOS="382" HPOS="1620"/>
							<String ID="string_60" HPOS="1635" VPOS="381" WIDTH="123" HEIGHT="30" WC="0.92" CONTENT="motio-"/>
						</TextLine>
						<TextLine ID="line_5" HPOS="271" VPOS="435" WIDTH="119" HEIGHT="21">
							<String ID="string_61" HPOS="271" VPOS="435" WIDTH="119" HEIGHT="21" WC="0.95" CONTENT="nerna."/>
						</TextLine>
					</TextBlock>
					<TextBlock ID="block_2" HPOS="269" VPOS="471" WIDTH="1492" HEIGHT="527">
						<TextLine ID="line_6" HPOS="315" VPOS="471" WIDTH="1443" HEIGHT="40">
							<String ID="string_62" HPOS="315" VPOS="471" WIDTH="68" HEIGHT="31" WC="0.95" CONTENT="Vill"/><SP WIDTH="15" VPOS="471" HPOS="383"/>
							<String ID="string_63" HPOS="398" VPOS="481" WIDTH="82" HEIGHT="20" WC="0.96" CONTENT="man"/><SP WIDTH="18" VPOS="481" HPOS="480"/>
							<String ID="string_64" HPOS="498" VPOS="471" WIDTH="38" HEIGHT="30" WC="0.96" CONTENT="så"/><SP WIDTH="14" VPOS="471" HPOS="536"/>
							<String ID="string_65" HPOS="550" VPOS="472" WIDTH="97" HEIGHT="39" WC="0.96" CONTENT="långt"/><SP WIDTH="16" VPOS="472" HPOS="647"/>
							<String ID="string_66" HPOS="663" VPOS="481" WIDTH="74" HEIGHT="21" WC="0.96" CONTENT="som"/><SP WIDTH="15" VPOS="481" HPOS="737"/>
							<String ID="string_67" HPOS="752" VPOS="472" WIDTH="137" HEIGHT="39" WC="0.96" CONTENT="möjligt"/><SP WIDTH="17" VPOS="472" HPOS="889"/>
							<String ID="string_68" HPOS="906" VPOS="472" WIDTH="85" HEIGHT="30" WC="0.96" CONTENT="söka"/><SP WIDTH="14" VPOS="472" HPOS="991"/>
							<String ID="string_69" HPOS="1005" VPOS="472" WIDTH="129" HEIGHT="30" WC="0.96" CONTENT="hindra"/><SP WIDTH="15" VPOS="472" HPOS="1134"/>
							<String ID="string_70" HPOS="1149" VPOS="474" WIDTH="48" HEIGHT="28" WC="0.96" CONTENT="ett"/><SP WIDTH="17" VPOS="474" HPOS="1197"/>
							<String ID="string_71" HPOS="1214" VPOS="472" WIDTH="124" HEIGHT="30" WC="0.93" CONTENT="sådant"/><SP WIDTH="15" VPOS="472" HPOS="1338"/>
							<String ID="string_72" HPOS="1353" VPOS="471" WIDTH="333" HEIGHT="40" WC="0.91" CONTENT="tillvägagångssätt,"/><SP WIDTH="19" VPOS="471" HPOS="1686"/>
							<String ID="string_73" HPOS="1705" VPOS="481" WIDTH="53" HEIGHT="30" WC="0.91" CONTENT="sy-"/>
						</TextLine>
						<TextLine ID="line_7" HPOS="270" VPOS="516" WIDTH="1487" HEIGHT="41">
							<String ID="string_74" HPOS="270" VPOS="525" WIDTH="62" HEIGHT="21" WC="0.96" CONTENT="nes"/><SP WIDTH="22" VPOS="525" HPOS="332"/>
							<String ID="string_75" HPOS="354" VPOS="516" WIDTH="56" HEIGHT="31" WC="0.96" CONTENT="det"/><SP WIDTH="23" VPOS="516" HPOS="410"/>
							<String ID="string_76" HPOS="433" VPOS="516" WIDTH="193" HEIGHT="31" WC="0.95" CONTENT="emellertid"/><SP WIDTH="22" VPOS="516" HPOS="626"/>
							<String ID="string_77" HPOS="648" VPOS="517" WIDTH="72" HEIGHT="30" WC="0.95" CONTENT="inte"/><SP WIDTH="20" VPOS="517" HPOS="720"/>
							<String ID="string_78" HPOS="740" VPOS="517" WIDTH="204" HEIGHT="40" WC="0.96" CONTENT="tillräckligt"/><SP WIDTH="22" VPOS="517" HPOS="944"/>
							<String ID="string_79" HPOS="966" VPOS="516" WIDTH="80" HEIGHT="31" WC="0.96" CONTENT="med"/><SP WIDTH="22" VPOS="516" HPOS="1046"/>
							<String ID="string_80" HPOS="1068" VPOS="526" WIDTH="42" HEIGHT="20" WC="0.96" CONTENT="en"/><SP WIDTH="22" VPOS="526" HPOS="1110"/>
							<String ID="string_81" HPOS="1132" VPOS="516" WIDTH="207" HEIGHT="41" WC="0.96" CONTENT="lagändring"/><SP WIDTH="23" VPOS="516" HPOS="1339"/>
							<String ID="string_82" HPOS="1362" VPOS="526" WIDTH="42" HEIGHT="21" WC="0.96" CONTENT="av"/><SP WIDTH="22" VPOS="526" HPOS="1404"/>
							<String ID="string_83" HPOS="1426" VPOS="516" WIDTH="56" HEIGHT="31" WC="0.96" CONTENT="det"/><SP WIDTH="23" VPOS="516" HPOS="1482"/>
							<String ID="string_84" HPOS="1505" VPOS="516" WIDTH="155" HEIGHT="31" WC="0.96" CONTENT="innehåll"/><SP WIDTH="23" VPOS="516" HPOS="1660"/>
							<String ID="string_85" HPOS="1683" VPOS="525" WIDTH="74" HEIGHT="21" WC="0.96" CONTENT="som"/>
						</TextLine>
						<TextLine ID="line_8" HPOS="269" VPOS="561" WIDTH="1489" HEIGHT="41">
							<String ID="string_86" HPOS="269" VPOS="561" WIDTH="262" HEIGHT="30" WC="0.93" CONTENT="motionärerna"/><SP WIDTH="20" VPOS="561" HPOS="531"/>
							<String ID="string_87" HPOS="551" VPOS="562" WIDTH="178" HEIGHT="30" WC="0.88" CONTENT="skisserat."/><SP WIDTH="21" VPOS="562" HPOS="729"/>
							<String ID="string_88" HPOS="750" VPOS="562" WIDTH="150" HEIGHT="30" WC="0.96" CONTENT="Behovet"/><SP WIDTH="22" VPOS="562" HPOS="900"/>
							<String ID="string_89" HPOS="922" VPOS="571" WIDTH="42" HEIGHT="21" WC="0.96" CONTENT="av"/><SP WIDTH="20" VPOS="571" HPOS="964"/>
							<String ID="string_90" HPOS="984" VPOS="562" WIDTH="112" HEIGHT="40" WC="0.96" CONTENT="skydd"/><SP WIDTH="21" VPOS="562" HPOS="1096"/>
							<String ID="string_91" HPOS="1117" VPOS="562" WIDTH="54" HEIGHT="30" WC="0.96" CONTENT="för"/><SP WIDTH="20" VPOS="562" HPOS="1171"/>
							<String ID="string_92" HPOS="1191" VPOS="562" WIDTH="146" HEIGHT="30" WC="0.96" CONTENT="modern"/><SP WIDTH="21" VPOS="562" HPOS="1337"/>
							<String ID="string_93" HPOS="1358" VPOS="562" WIDTH="65" HEIGHT="30" WC="0.96" CONTENT="och"/><SP WIDTH="18" VPOS="562" HPOS="1423"/>
							<String ID="string_94" HPOS="1441" VPOS="561" WIDTH="124" HEIGHT="30" WC="0.96" CONTENT="barnet"/><SP WIDTH="20" VPOS="561" HPOS="1565"/>
							<String ID="string_95" HPOS="1585" VPOS="562" WIDTH="71" HEIGHT="29" WC="0.96" CONTENT="kan"/><SP WIDTH="19" VPOS="562" HPOS="1656"/>
							<String ID="string_96" HPOS="1675" VPOS="571" WIDTH="83" HEIGHT="20" WC="0.96" CONTENT="vara"/>
						</TextLine>
						<TextLine ID="line_9" HPOS="271" VPOS="607" WIDTH="1486" HEIGHT="40">
							<String ID="string_97" HPOS="271" VPOS="607" WIDTH="72" HEIGHT="30" WC="0.94" CONTENT="lika"/><SP WIDTH="17" VPOS="607" HPOS="343"/>
							<String ID="string_98" HPOS="360" VPOS="608" WIDTH="111" HEIGHT="29" WC="0.96" CONTENT="starkt"/><SP WIDTH="16" VPOS="608" HPOS="471"/>
							<String ID="string_99" HPOS="487" VPOS="608" WIDTH="87" HEIGHT="29" WC="0.96" CONTENT="även"/><SP WIDTH="16" VPOS="608" HPOS="574"/>
							<String ID="string_100" HPOS="590" VPOS="617" WIDTH="56" HEIGHT="20" WC="0.96" CONTENT="om"/><SP WIDTH="15" VPOS="617" HPOS="646"/>
							<String ID="string_101" HPOS="661" VPOS="608" WIDTH="123" HEIGHT="29" WC="0.96" CONTENT="barnet"/><SP WIDTH="14" VPOS="608" HPOS="784"/>
							<String ID="string_102" HPOS="798" VPOS="608" WIDTH="73" HEIGHT="30" WC="0.96" CONTENT="inte"/><SP WIDTH="16" VPOS="608" HPOS="871"/>
							<String ID="string_103" HPOS="887" VPOS="608" WIDTH="85" HEIGHT="29" WC="0.96" CONTENT="fötts"/><SP WIDTH="17" VPOS="608" HPOS="972"/>
							<String ID="string_104" HPOS="989" VPOS="608" WIDTH="11" HEIGHT="29" WC="0.96" CONTENT="i"/><SP WIDTH="16" VPOS="608" HPOS="1000"/>
							<String ID="string_105" HPOS="1016" VPOS="607" WIDTH="147" HEIGHT="40" WC="0.96" CONTENT="Sverige."/><SP WIDTH="16" VPOS="607" HPOS="1163"/>
							<String ID="string_106" HPOS="1179" VPOS="607" WIDTH="59" HEIGHT="30" WC="0.96" CONTENT="Att"/><SP WIDTH="16" VPOS="607" HPOS="1238"/>
							<String ID="string_107" HPOS="1254" VPOS="608" WIDTH="12" HEIGHT="29" WC="0.96" CONTENT="i"/><SP WIDTH="17" VPOS="608" HPOS="1266"/>
							<String ID="string_108" HPOS="1283" VPOS="608" WIDTH="127" HEIGHT="29" WC="0.96" CONTENT="svensk"/><SP WIDTH="14" VPOS="608" HPOS="1410"/>
							<String ID="string_109" HPOS="1424" VPOS="607" WIDTH="56" HEIGHT="40" WC="0.96" CONTENT="lag"/><SP WIDTH="16" VPOS="607" HPOS="1480"/>
							<String ID="string_110" HPOS="1496" VPOS="607" WIDTH="196" HEIGHT="30" WC="0.96" CONTENT="föreskriva"/><SP WIDTH="16" VPOS="607" HPOS="1692"/>
							<String ID="string_111" HPOS="1708" VPOS="608" WIDTH="49" HEIGHT="28" WC="0.96" CONTENT="att"/>
						</TextLine>
						<TextLine ID="line_10" HPOS="272" VPOS="651" WIDTH="1487" HEIGHT="41">
							<String ID="string_112" HPOS="272" VPOS="652" WIDTH="69" HEIGHT="30" WC="0.96" CONTENT="alla"/><SP WIDTH="19" VPOS="652" HPOS="341"/>
							<String ID="string_113" HPOS="360" VPOS="661" WIDTH="42" HEIGHT="21" WC="0.96" CONTENT="av"/><SP WIDTH="19" VPOS="661" HPOS="402"/>
							<String ID="string_114" HPOS="421" VPOS="653" WIDTH="150" HEIGHT="30" WC="0.96" CONTENT="svenska"/><SP WIDTH="18" VPOS="653" HPOS="571"/>
							<String ID="string_115" HPOS="589" VPOS="652" WIDTH="152" HEIGHT="31" WC="0.96" CONTENT="kvinnor"/><SP WIDTH="18" VPOS="652" HPOS="741"/>
							<String ID="string_116" HPOS="759" VPOS="652" WIDTH="108" HEIGHT="31" WC="0.95" CONTENT="födda"/><SP WIDTH="18" VPOS="652" HPOS="867"/>
							<String ID="string_117" HPOS="885" VPOS="652" WIDTH="89" HEIGHT="30" WC="0.96" CONTENT="barn"/><SP WIDTH="19" VPOS="652" HPOS="974"/>
							<String ID="string_118" HPOS="993" VPOS="653" WIDTH="38" HEIGHT="29" WC="0.96" CONTENT="är"/><SP WIDTH="21" VPOS="653" HPOS="1031"/>
							<String ID="string_119" HPOS="1052" VPOS="652" WIDTH="150" HEIGHT="31" WC="0.96" CONTENT="svenska"/><SP WIDTH="18" VPOS="652" HPOS="1202"/>
							<String ID="string_120" HPOS="1220" VPOS="652" WIDTH="228" HEIGHT="40" WC="0.96" CONTENT="medborgare"/><SP WIDTH="18" VPOS="652" HPOS="1448"/>
							<String ID="string_121" HPOS="1466" VPOS="661" WIDTH="81" HEIGHT="21" WC="0.96" CONTENT="vore"/><SP WIDTH="20" VPOS="661" HPOS="1547"/>
							<String ID="string_122" HPOS="1567" VPOS="651" WIDTH="192" HEIGHT="31" WC="0.96" CONTENT="emellertid"/>
						</TextLine>
						<TextLine ID="line_11" HPOS="271" VPOS="696" WIDTH="1488" HEIGHT="42">
							<String ID="string_123" HPOS="271" VPOS="697" WIDTH="153" HEIGHT="40" WC="0.96" CONTENT="orimligt"/><SP WIDTH="17" VPOS="697" HPOS="424"/>
							<String ID="string_124" HPOS="441" VPOS="697" WIDTH="64" HEIGHT="30" WC="0.97" CONTENT="och"/><SP WIDTH="18" VPOS="697" HPOS="505"/>
							<String ID="string_125" HPOS="523" VPOS="698" WIDTH="113" HEIGHT="30" WC="0.96" CONTENT="skulle"/><SP WIDTH="16" VPOS="698" HPOS="636"/>
							<String ID="string_126" HPOS="652" VPOS="697" WIDTH="78" HEIGHT="31" WC="0.96" CONTENT="leda"/><SP WIDTH="16" VPOS="697" HPOS="730"/>
							<String ID="string_127" HPOS="746" VPOS="698" WIDTH="52" HEIGHT="29" WC="0.96" CONTENT="till"/><SP WIDTH="18" VPOS="698" HPOS="798"/>
							<String ID="string_128" HPOS="816" VPOS="697" WIDTH="141" HEIGHT="30" WC="0.96" CONTENT="dubbelt"/><SP WIDTH="17" VPOS="697" HPOS="957"/>
							<String ID="string_129" HPOS="974" VPOS="697" WIDTH="297" HEIGHT="41" WC="0.96" CONTENT="medborgarskap"/><SP WIDTH="17" VPOS="697" HPOS="1271"/>
							<String ID="string_130" HPOS="1288" VPOS="698" WIDTH="12" HEIGHT="29" WC="0.96" CONTENT="i"/><SP WIDTH="16" VPOS="698" HPOS="1300"/>
							<String ID="string_131" HPOS="1316" VPOS="697" WIDTH="163" HEIGHT="40" WC="0.96" CONTENT="ofantligt"/><SP WIDTH="18" VPOS="697" HPOS="1479"/>
							<String ID="string_132" HPOS="1497" VPOS="699" WIDTH="72" HEIGHT="28" WC="0.92" CONTENT="stor"/><SP WIDTH="16" VPOS="699" HPOS="1569"/>
							<String ID="string_133" HPOS="1585" VPOS="696" WIDTH="174" HEIGHT="31" WC="0.92" CONTENT="utsträck-"/>
						</TextLine>
						<TextLine ID="line_12" HPOS="272" VPOS="742" WIDTH="1487" HEIGHT="41">
							<String ID="string_134" HPOS="272" VPOS="743" WIDTH="95" HEIGHT="40" WC="0.94" CONTENT="ning."/><SP WIDTH="28" VPOS="743" HPOS="367"/>
							<String ID="string_135" HPOS="395" VPOS="744" WIDTH="68" HEIGHT="29" WC="0.96" CONTENT="För"/><SP WIDTH="29" VPOS="744" HPOS="463"/>
							<String ID="string_136" HPOS="492" VPOS="743" WIDTH="111" HEIGHT="40" WC="0.96" CONTENT="övrigt"/><SP WIDTH="29" VPOS="743" HPOS="603"/>
							<String ID="string_137" HPOS="632" VPOS="743" WIDTH="72" HEIGHT="30" WC="0.95" CONTENT="kan"/><SP WIDTH="27" VPOS="743" HPOS="704"/>
							<String ID="string_138" HPOS="731" VPOS="744" WIDTH="33" HEIGHT="29" WC="0.95" CONTENT="vi"/><SP WIDTH="30" VPOS="744" HPOS="764"/>
							<String ID="string_139" HPOS="794" VPOS="743" WIDTH="111" HEIGHT="40" WC="0.96" CONTENT="aldrig"/><SP WIDTH="29" VPOS="743" HPOS="905"/>
							<String ID="string_140" HPOS="934" VPOS="751" WIDTH="123" HEIGHT="32" WC="0.94" CONTENT="genom"/><SP WIDTH="31" VPOS="751" HPOS="1057"/>
							<String ID="string_141" HPOS="1088" VPOS="743" WIDTH="127" HEIGHT="30" WC="0.94" CONTENT="svensk"/><SP WIDTH="28" VPOS="743" HPOS="1215"/>
							<String ID="string_142" HPOS="1243" VPOS="743" WIDTH="222" HEIGHT="40" WC="0.95" CONTENT="lagstiftning"/><SP WIDTH="29" VPOS="743" HPOS="1465"/>
							<String ID="string_143" HPOS="1494" VPOS="742" WIDTH="187" HEIGHT="31" WC="0.96" CONTENT="förhindra"/><SP WIDTH="29" VPOS="742" HPOS="1681"/>
							<String ID="string_144" HPOS="1710" VPOS="743" WIDTH="49" HEIGHT="29" WC="0.95" CONTENT="att"/>
						</TextLine>
						<TextLine ID="line_13" HPOS="273" VPOS="786" WIDTH="1486" HEIGHT="42">
							<String ID="string_145" HPOS="273" VPOS="788" WIDTH="149" HEIGHT="30" WC="0.96" CONTENT="svenska"/><SP WIDTH="15" VPOS="788" HPOS="422"/>
							<String ID="string_146" HPOS="437" VPOS="788" WIDTH="169" HEIGHT="30" WC="0.96" CONTENT="kvinnors"/><SP WIDTH="15" VPOS="788" HPOS="606"/>
							<String ID="string_147" HPOS="621" VPOS="788" WIDTH="89" HEIGHT="30" WC="0.96" CONTENT="barn"/><SP WIDTH="16" VPOS="788" HPOS="710"/>
							<String ID="string_148" HPOS="726" VPOS="788" WIDTH="10" HEIGHT="30" WC="0.96" CONTENT="i"/><SP WIDTH="15" VPOS="788" HPOS="736"/>
							<String ID="string_149" HPOS="751" VPOS="788" WIDTH="196" HEIGHT="40" WC="0.96" CONTENT="äktenskap"/><SP WIDTH="16" VPOS="788" HPOS="947"/>
							<String ID="string_150" HPOS="963" VPOS="788" WIDTH="80" HEIGHT="30" WC="0.96" CONTENT="med"/><SP WIDTH="15" VPOS="788" HPOS="1043"/>
							<String ID="string_151" HPOS="1058" VPOS="787" WIDTH="191" HEIGHT="31" WC="0.96" CONTENT="utländska"/><SP WIDTH="15" VPOS="787" HPOS="1249"/>
							<String ID="string_152" HPOS="1264" VPOS="788" WIDTH="83" HEIGHT="30" WC="0.96" CONTENT="män"/><SP WIDTH="15" VPOS="788" HPOS="1347"/>
							<String ID="string_153" HPOS="1362" VPOS="787" WIDTH="45" HEIGHT="41" WC="0.96" CONTENT="på"/><SP WIDTH="16" VPOS="787" HPOS="1407"/>
							<String ID="string_154" HPOS="1423" VPOS="787" WIDTH="114" HEIGHT="41" WC="0.95" CONTENT="grund"/><SP WIDTH="17" VPOS="787" HPOS="1537"/>
							<String ID="string_155" HPOS="1554" VPOS="797" WIDTH="42" HEIGHT="20" WC="0.93" CONTENT="av"/><SP WIDTH="14" VPOS="797" HPOS="1596"/>
							<String ID="string_156" HPOS="1610" VPOS="786" WIDTH="149" HEIGHT="41" WC="0.92" CONTENT="lagstift-"/>
						</TextLine>
						<TextLine ID="line_14" HPOS="272" VPOS="832" WIDTH="1488" HEIGHT="41">
							<String ID="string_157" HPOS="272" VPOS="833" WIDTH="129" HEIGHT="40" WC="0.96" CONTENT="ningen"/><SP WIDTH="15" VPOS="833" HPOS="401"/>
							<String ID="string_158" HPOS="416" VPOS="834" WIDTH="12" HEIGHT="30" WC="0.95" CONTENT="i"/><SP WIDTH="17" VPOS="834" HPOS="428"/>
							<String ID="string_159" HPOS="445" VPOS="843" WIDTH="172" HEIGHT="21" WC="0.96" CONTENT="mannens"/><SP WIDTH="17" VPOS="843" HPOS="617"/>
							<String ID="string_160" HPOS="634" VPOS="833" WIDTH="167" HEIGHT="31" WC="0.95" CONTENT="hemland"/><SP WIDTH="17" VPOS="833" HPOS="801"/>
							<String ID="string_161" HPOS="818" VPOS="834" WIDTH="105" HEIGHT="30" WC="0.96" CONTENT="också"/><SP WIDTH="16" VPOS="834" HPOS="923"/>
							<String ID="string_162" HPOS="939" VPOS="834" WIDTH="67" HEIGHT="29" WC="0.96" CONTENT="blir"/><SP WIDTH="16" VPOS="834" HPOS="1006"/>
							<String ID="string_163" HPOS="1022" VPOS="833" WIDTH="227" HEIGHT="40" WC="0.96" CONTENT="medborgare"/><SP WIDTH="16" VPOS="833" HPOS="1249"/>
							<String ID="string_164" HPOS="1265" VPOS="834" WIDTH="12" HEIGHT="29" WC="0.96" CONTENT="i"/><SP WIDTH="17" VPOS="834" HPOS="1277"/>
							<String ID="string_165" HPOS="1294" VPOS="833" WIDTH="95" HEIGHT="30" WC="0.96" CONTENT="detta"/><SP WIDTH="16" VPOS="833" HPOS="1389"/>
							<String ID="string_166" HPOS="1405" VPOS="832" WIDTH="93" HEIGHT="31" WC="0.95" CONTENT="land."/><SP WIDTH="19" VPOS="832" HPOS="1498"/>
							<String ID="string_167" HPOS="1517" VPOS="832" WIDTH="52" HEIGHT="30" WC="0.96" CONTENT="Då"/><SP WIDTH="18" VPOS="832" HPOS="1569"/>
							<String ID="string_168" HPOS="1587" VPOS="832" WIDTH="37" HEIGHT="30" WC="0.96" CONTENT="så"/><SP WIDTH="17" VPOS="832" HPOS="1624"/>
							<String ID="string_169" HPOS="1641" VPOS="833" WIDTH="38" HEIGHT="29" WC="0.93" CONTENT="är"/><SP WIDTH="17" VPOS="833" HPOS="1679"/>
							<String ID="string_170" HPOS="1696" VPOS="832" WIDTH="64" HEIGHT="30" WC="0.91" CONTENT="fal-"/>
						</TextLine>
						<TextLine ID="line_15" HPOS="271" VPOS="877" WIDTH="1490" HEIGHT="40">
							<String ID="string_171" HPOS="271" VPOS="879" WIDTH="56" HEIGHT="33" WC="0.96" CONTENT="let,"/><SP WIDTH="20" VPOS="879" HPOS="327"/>
							<String ID="string_172" HPOS="347" VPOS="879" WIDTH="70" HEIGHT="28" WC="0.96" CONTENT="kan"/><SP WIDTH="19" VPOS="879" HPOS="417"/>
							<String ID="string_173" HPOS="436" VPOS="878" WIDTH="56" HEIGHT="30" WC="0.96" CONTENT="det"/><SP WIDTH="19" VPOS="878" HPOS="492"/>
							<String ID="string_174" HPOS="511" VPOS="879" WIDTH="113" HEIGHT="29" WC="0.96" CONTENT="starkt"/><SP WIDTH="16" VPOS="879" HPOS="624"/>
							<String ID="string_175" HPOS="640" VPOS="878" WIDTH="226" HEIGHT="39" WC="0.96" CONTENT="ifrågasättas"/><SP WIDTH="18" VPOS="878" HPOS="866"/>
							<String ID="string_176" HPOS="884" VPOS="887" WIDTH="56" HEIGHT="20" WC="0.96" CONTENT="om"/><SP WIDTH="20" VPOS="887" HPOS="940"/>
							<String ID="string_177" HPOS="960" VPOS="880" WIDTH="46" HEIGHT="27" WC="0.96" CONTENT="ett"/><SP WIDTH="18" VPOS="880" HPOS="1006"/>
							<String ID="string_178" HPOS="1024" VPOS="877" WIDTH="243" HEIGHT="30" WC="0.96" CONTENT="bibehållande"/><SP WIDTH="19" VPOS="877" HPOS="1267"/>
							<String ID="string_179" HPOS="1286" VPOS="878" WIDTH="87" HEIGHT="29" WC="0.96" CONTENT="även"/><SP WIDTH="18" VPOS="878" HPOS="1373"/>
							<String ID="string_180" HPOS="1391" VPOS="887" WIDTH="42" HEIGHT="20" WC="0.96" CONTENT="av"/><SP WIDTH="17" VPOS="887" HPOS="1433"/>
							<String ID="string_181" HPOS="1450" VPOS="878" WIDTH="141" HEIGHT="29" WC="0.96" CONTENT="barnets"/><SP WIDTH="20" VPOS="878" HPOS="1591"/>
							<String ID="string_182" HPOS="1611" VPOS="877" WIDTH="150" HEIGHT="29" WC="0.96" CONTENT="svenska"/>
						</TextLine>
						<TextLine ID="line_16" HPOS="271" VPOS="920" WIDTH="1489" HEIGHT="43">
							<String ID="string_183" HPOS="271" VPOS="922" WIDTH="298" HEIGHT="41" WC="0.96" CONTENT="medborgarskap"/><SP WIDTH="17" VPOS="922" HPOS="569"/>
							<String ID="string_184" HPOS="586" VPOS="922" WIDTH="71" HEIGHT="30" WC="0.96" CONTENT="kan"/><SP WIDTH="17" VPOS="922" HPOS="657"/>
							<String ID="string_185" HPOS="674" VPOS="922" WIDTH="169" HEIGHT="30" WC="0.96" CONTENT="innebära"/><SP WIDTH="17" VPOS="922" HPOS="843"/>
							<String ID="string_186" HPOS="860" VPOS="922" WIDTH="114" HEIGHT="40" WC="0.96" CONTENT="någon"/><SP WIDTH="17" VPOS="922" HPOS="974"/>
							<String ID="string_187" HPOS="991" VPOS="921" WIDTH="195" HEIGHT="31" WC="0.96" CONTENT="nämnvärd"/><SP WIDTH="17" VPOS="921" HPOS="1186"/>
							<String ID="string_188" HPOS="1203" VPOS="921" WIDTH="243" HEIGHT="40" WC="0.96" CONTENT="förstärkning"/><SP WIDTH="17" VPOS="921" HPOS="1446"/>
							<String ID="string_189" HPOS="1463" VPOS="930" WIDTH="42" HEIGHT="21" WC="0.96" CONTENT="av"/><SP WIDTH="17" VPOS="930" HPOS="1505"/>
							<String ID="string_190" HPOS="1522" VPOS="920" WIDTH="148" HEIGHT="41" WC="0.96" CONTENT="skyddet"/><SP WIDTH="18" VPOS="920" HPOS="1670"/>
							<String ID="string_191" HPOS="1688" VPOS="922" WIDTH="72" HEIGHT="29" WC="0.96" CONTENT="mot"/>
						</TextLine>
						<TextLine ID="line_17" HPOS="272" VPOS="967" WIDTH="907" HEIGHT="31">
							<String ID="string_192" HPOS="272" VPOS="967" WIDTH="134" HEIGHT="31" WC="0.95" CONTENT="sådana"/><SP WIDTH="18" VPOS="967" HPOS="406"/>
							<String ID="string_193" HPOS="424" VPOS="968" WIDTH="230" HEIGHT="30" WC="0.96" CONTENT="förfaranden"/><SP WIDTH="20" VPOS="968" HPOS="654"/>
							<String ID="string_194" HPOS="674" VPOS="977" WIDTH="74" HEIGHT="21" WC="0.96" CONTENT="som"/><SP WIDTH="18" VPOS="977" HPOS="748"/>
							<String ID="string_195" HPOS="766" VPOS="968" WIDTH="262" HEIGHT="29" WC="0.96" CONTENT="motionärerna"/><SP WIDTH="17" VPOS="968" HPOS="1028"/>
							<String ID="string_196" HPOS="1045" VPOS="968" WIDTH="134" HEIGHT="29" WC="0.96" CONTENT="nämnt."/>
						</TextLine>
					</TextBlock>
					<TextBlock ID="block_3" HPOS="271" VPOS="1012" WIDTH="1491" HEIGHT="626">
						<TextLine ID="line_18" HPOS="317" VPOS="1012" WIDTH="1443" HEIGHT="40">
							<String ID="string_197" HPOS="317" VPOS="1013" WIDTH="13" HEIGHT="29" WC="0.96" CONTENT="I"/><SP WIDTH="19" VPOS="1013" HPOS="330"/>
							<String ID="string_198" HPOS="349" VPOS="1013" WIDTH="228" HEIGHT="30" WC="0.96" CONTENT="förevarande"/><SP WIDTH="19" VPOS="1013" HPOS="577"/>
							<String ID="string_199" HPOS="596" VPOS="1013" WIDTH="256" HEIGHT="39" WC="0.95" CONTENT="sammanhang"/><SP WIDTH="16" VPOS="1013" HPOS="852"/>
							<String ID="string_200" HPOS="868" VPOS="1013" WIDTH="71" HEIGHT="29" WC="0.96" CONTENT="kan"/><SP WIDTH="18" VPOS="1013" HPOS="939"/>
							<String ID="string_201" HPOS="957" VPOS="1012" WIDTH="56" HEIGHT="30" WC="0.96" CONTENT="det"/><SP WIDTH="17" VPOS="1012" HPOS="1013"/>
							<String ID="string_202" HPOS="1030" VPOS="1022" WIDTH="83" HEIGHT="20" WC="0.96" CONTENT="vara"/><SP WIDTH="18" VPOS="1022" HPOS="1113"/>
							<String ID="string_203" HPOS="1131" VPOS="1022" WIDTH="42" HEIGHT="20" WC="0.96" CONTENT="av"/><SP WIDTH="15" VPOS="1022" HPOS="1173"/>
							<String ID="string_204" HPOS="1188" VPOS="1012" WIDTH="149" HEIGHT="30" WC="0.96" CONTENT="intresse"/><SP WIDTH="18" VPOS="1012" HPOS="1337"/>
							<String ID="string_205" HPOS="1355" VPOS="1013" WIDTH="49" HEIGHT="29" WC="0.96" CONTENT="att"/><SP WIDTH="19" VPOS="1013" HPOS="1404"/>
							<String ID="string_206" HPOS="1423" VPOS="1012" WIDTH="116" HEIGHT="29" WC="0.95" CONTENT="erinra"/><SP WIDTH="17" VPOS="1012" HPOS="1539"/>
							<String ID="string_207" HPOS="1556" VPOS="1020" WIDTH="56" HEIGHT="21" WC="0.96" CONTENT="om"/><SP WIDTH="18" VPOS="1020" HPOS="1612"/>
							<String ID="string_208" HPOS="1630" VPOS="1013" WIDTH="50" HEIGHT="28" WC="0.92" CONTENT="att"/><SP WIDTH="18" VPOS="1013" HPOS="1680"/>
							<String ID="string_209" HPOS="1698" VPOS="1020" WIDTH="62" HEIGHT="20" WC="0.92" CONTENT="un-"/>
						</TextLine>
						<TextLine ID="line_19" HPOS="272" VPOS="1055" WIDTH="1489" HEIGHT="43">
							<String ID="string_210" HPOS="272" VPOS="1057" WIDTH="61" HEIGHT="31" WC="0.92" CONTENT="der"/><SP WIDTH="20" VPOS="1057" HPOS="333"/>
							<String ID="string_211" HPOS="353" VPOS="1057" WIDTH="385" HEIGHT="41" WC="0.92" CONTENT="remissbehandlingen"/><SP WIDTH="20" VPOS="1057" HPOS="738"/>
							<String ID="string_212" HPOS="758" VPOS="1067" WIDTH="42" HEIGHT="20" WC="0.96" CONTENT="av"/><SP WIDTH="20" VPOS="1067" HPOS="800"/>
							<String ID="string_213" HPOS="820" VPOS="1057" WIDTH="41" HEIGHT="30" WC="0.93" CONTENT="de"/><SP WIDTH="22" VPOS="1057" HPOS="861"/>
							<String ID="string_214" HPOS="883" VPOS="1057" WIDTH="219" HEIGHT="40" WC="0.92" CONTENT="delegerades"/><SP WIDTH="20" VPOS="1057" HPOS="1102"/>
							<String ID="string_215" HPOS="1122" VPOS="1057" WIDTH="221" HEIGHT="30" WC="0.96" CONTENT="betänkande"/><SP WIDTH="22" VPOS="1057" HPOS="1343"/>
							<String ID="string_216" HPOS="1365" VPOS="1056" WIDTH="67" HEIGHT="30" WC="0.96" CONTENT="den"/><SP WIDTH="21" VPOS="1056" HPOS="1432"/>
							<String ID="string_217" HPOS="1453" VPOS="1056" WIDTH="41" HEIGHT="31" WC="0.96" CONTENT="29"/><SP WIDTH="21" VPOS="1056" HPOS="1494"/>
							<String ID="string_218" HPOS="1515" VPOS="1057" WIDTH="140" HEIGHT="39" WC="0.96" CONTENT="augusti"/><SP WIDTH="23" VPOS="1057" HPOS="1655"/>
							<String ID="string_219" HPOS="1678" VPOS="1055" WIDTH="83" HEIGHT="30" WC="0.96" CONTENT="1949"/>
						</TextLine>
						<TextLine ID="line_20" HPOS="271" VPOS="1101" WIDTH="1490" HEIGHT="42">
							<String ID="string_220" HPOS="271" VPOS="1103" WIDTH="80" HEIGHT="31" WC="0.96" CONTENT="med"/><SP WIDTH="21" VPOS="1103" HPOS="351"/>
							<String ID="string_221" HPOS="372" VPOS="1103" WIDTH="131" HEIGHT="40" WC="0.96" CONTENT="förslag"/><SP WIDTH="19" VPOS="1103" HPOS="503"/>
							<String ID="string_222" HPOS="522" VPOS="1103" WIDTH="53" HEIGHT="30" WC="0.95" CONTENT="till"/><SP WIDTH="21" VPOS="1103" HPOS="575"/>
							<String ID="string_223" HPOS="596" VPOS="1112" WIDTH="70" HEIGHT="31" WC="0.93" CONTENT="nya"/><SP WIDTH="18" VPOS="1112" HPOS="666"/>
							<String ID="string_224" HPOS="684" VPOS="1103" WIDTH="415" HEIGHT="39" WC="0.91" CONTENT="medborgarskapslagar"/><SP WIDTH="21" VPOS="1103" HPOS="1099"/>
							<String ID="string_225" HPOS="1120" VPOS="1102" WIDTH="54" HEIGHT="30" WC="0.96" CONTENT="för"/><SP WIDTH="21" VPOS="1102" HPOS="1174"/>
							<String ID="string_226" HPOS="1195" VPOS="1102" WIDTH="190" HEIGHT="35" WC="0.95" CONTENT="Danmark,"/><SP WIDTH="22" VPOS="1102" HPOS="1385"/>
							<String ID="string_227" HPOS="1407" VPOS="1102" WIDTH="111" HEIGHT="39" WC="0.96" CONTENT="Norge"/><SP WIDTH="20" VPOS="1102" HPOS="1518"/>
							<String ID="string_228" HPOS="1538" VPOS="1101" WIDTH="65" HEIGHT="30" WC="0.96" CONTENT="och"/><SP WIDTH="21" VPOS="1101" HPOS="1603"/>
							<String ID="string_229" HPOS="1624" VPOS="1101" WIDTH="137" HEIGHT="39" WC="0.96" CONTENT="Sverige"/>
						</TextLine>
						<TextLine ID="line_21" HPOS="272" VPOS="1146" WIDTH="1489" HEIGHT="42">
							<String ID="string_230" HPOS="272" VPOS="1148" WIDTH="94" HEIGHT="30" WC="0.91" CONTENT="vissa"/><SP WIDTH="14" VPOS="1148" HPOS="366"/>
							<String ID="string_231" HPOS="380" VPOS="1148" WIDTH="411" HEIGHT="40" WC="0.91" CONTENT="kvinnoorganisationer"/><SP WIDTH="15" VPOS="1148" HPOS="791"/>
							<String ID="string_232" HPOS="806" VPOS="1147" WIDTH="178" HEIGHT="41" WC="0.91" CONTENT="påyrkade"/><SP WIDTH="16" VPOS="1147" HPOS="984"/>
							<String ID="string_233" HPOS="1000" VPOS="1149" WIDTH="51" HEIGHT="28" WC="0.97" CONTENT="att"/><SP WIDTH="13" VPOS="1149" HPOS="1051"/>
							<String ID="string_234" HPOS="1064" VPOS="1147" WIDTH="98" HEIGHT="39" WC="0.96" CONTENT="varje"/><SP WIDTH="16" VPOS="1147" HPOS="1162"/>
							<String ID="string_235" HPOS="1178" VPOS="1156" WIDTH="42" HEIGHT="21" WC="0.96" CONTENT="av"/><SP WIDTH="16" VPOS="1156" HPOS="1220"/>
							<String ID="string_236" HPOS="1236" VPOS="1147" WIDTH="127" HEIGHT="30" WC="0.96" CONTENT="svensk"/><SP WIDTH="14" VPOS="1147" HPOS="1363"/>
							<String ID="string_237" HPOS="1377" VPOS="1146" WIDTH="121" HEIGHT="30" WC="0.96" CONTENT="moder"/><SP WIDTH="15" VPOS="1146" HPOS="1498"/>
							<String ID="string_238" HPOS="1513" VPOS="1146" WIDTH="94" HEIGHT="30" WC="0.96" CONTENT="inom"/><SP WIDTH="17" VPOS="1146" HPOS="1607"/>
							<String ID="string_239" HPOS="1624" VPOS="1146" WIDTH="137" HEIGHT="39" WC="0.95" CONTENT="Sverige"/>
						</TextLine>
						<TextLine ID="line_22" HPOS="273" VPOS="1190" WIDTH="1489" HEIGHT="43">
							<String ID="string_240" HPOS="273" VPOS="1193" WIDTH="67" HEIGHT="30" WC="0.96" CONTENT="fött"/><SP WIDTH="16" VPOS="1193" HPOS="340"/>
							<String ID="string_241" HPOS="356" VPOS="1194" WIDTH="88" HEIGHT="29" WC="0.96" CONTENT="barn"/><SP WIDTH="15" VPOS="1194" HPOS="444"/>
							<String ID="string_242" HPOS="459" VPOS="1194" WIDTH="12" HEIGHT="29" WC="0.96" CONTENT="i"/><SP WIDTH="16" VPOS="1194" HPOS="471"/>
							<String ID="string_243" HPOS="487" VPOS="1193" WIDTH="197" HEIGHT="40" WC="0.96" CONTENT="äktenskap"/><SP WIDTH="16" VPOS="1193" HPOS="684"/>
							<String ID="string_244" HPOS="700" VPOS="1193" WIDTH="80" HEIGHT="30" WC="0.96" CONTENT="med"/><SP WIDTH="17" VPOS="1193" HPOS="780"/>
							<String ID="string_245" HPOS="797" VPOS="1192" WIDTH="169" HEIGHT="30" WC="0.96" CONTENT="utländsk"/><SP WIDTH="15" VPOS="1192" HPOS="966"/>
							<String ID="string_246" HPOS="981" VPOS="1201" WIDTH="83" HEIGHT="21" WC="0.96" CONTENT="man"/><SP WIDTH="17" VPOS="1201" HPOS="1064"/>
							<String ID="string_247" HPOS="1081" VPOS="1191" WIDTH="231" HEIGHT="31" WC="0.96" CONTENT="automatiskt"/><SP WIDTH="18" VPOS="1191" HPOS="1312"/>
							<String ID="string_248" HPOS="1330" VPOS="1191" WIDTH="112" HEIGHT="30" WC="0.95" CONTENT="skulle"/><SP WIDTH="16" VPOS="1191" HPOS="1442"/>
							<String ID="string_249" HPOS="1458" VPOS="1191" WIDTH="48" HEIGHT="30" WC="0.96" CONTENT="bli"/><SP WIDTH="18" VPOS="1191" HPOS="1506"/>
							<String ID="string_250" HPOS="1524" VPOS="1191" WIDTH="128" HEIGHT="30" WC="0.92" CONTENT="svensk"/><SP WIDTH="15" VPOS="1191" HPOS="1652"/>
							<String ID="string_251" HPOS="1667" VPOS="1190" WIDTH="95" HEIGHT="30" WC="0.90" CONTENT="med-"/>
						</TextLine>
						<TextLine ID="line_23" HPOS="271" VPOS="1235" WIDTH="1491" HEIGHT="43">
							<String ID="string_252" HPOS="271" VPOS="1238" WIDTH="146" HEIGHT="40" WC="0.95" CONTENT="borgare"/><SP WIDTH="18" VPOS="1238" HPOS="417"/>
							<String ID="string_253" HPOS="435" VPOS="1238" WIDTH="59" HEIGHT="30" WC="0.96" CONTENT="vid"/><SP WIDTH="19" VPOS="1238" HPOS="494"/>
							<String ID="string_254" HPOS="513" VPOS="1238" WIDTH="168" HEIGHT="30" WC="0.93" CONTENT="födelsen."/><SP WIDTH="19" VPOS="1238" HPOS="681"/>
							<String ID="string_255" HPOS="700" VPOS="1237" WIDTH="180" HEIGHT="31" WC="0.92" CONTENT="Yrkandet"/><SP WIDTH="21" VPOS="1237" HPOS="880"/>
							<String ID="string_256" HPOS="901" VPOS="1237" WIDTH="179" HEIGHT="30" WC="0.96" CONTENT="avvisades"/><SP WIDTH="21" VPOS="1237" HPOS="1080"/>
							<String ID="string_257" HPOS="1101" VPOS="1236" WIDTH="192" HEIGHT="30" WC="0.95" CONTENT="emellertid"/><SP WIDTH="21" VPOS="1236" HPOS="1293"/>
							<String ID="string_258" HPOS="1314" VPOS="1246" WIDTH="42" HEIGHT="20" WC="0.93" CONTENT="av"/><SP WIDTH="19" VPOS="1246" HPOS="1356"/>
							<String ID="string_259" HPOS="1375" VPOS="1235" WIDTH="387" HEIGHT="41" WC="0.90" CONTENT="departementschefen"/>
						</TextLine>
						<TextLine ID="line_24" HPOS="272" VPOS="1280" WIDTH="1489" HEIGHT="44">
							<String ID="string_260" HPOS="272" VPOS="1283" WIDTH="45" HEIGHT="41" WC="0.96" CONTENT="på"/><SP WIDTH="22" VPOS="1283" HPOS="317"/>
							<String ID="string_261" HPOS="339" VPOS="1283" WIDTH="76" HEIGHT="31" WC="0.96" CONTENT="skäl"/><SP WIDTH="21" VPOS="1283" HPOS="415"/>
							<String ID="string_262" HPOS="436" VPOS="1292" WIDTH="75" HEIGHT="21" WC="0.96" CONTENT="som"/><SP WIDTH="19" VPOS="1292" HPOS="511"/>
							<String ID="string_263" HPOS="530" VPOS="1283" WIDTH="112" HEIGHT="30" WC="0.96" CONTENT="måste"/><SP WIDTH="21" VPOS="1283" HPOS="642"/>
							<String ID="string_264" HPOS="663" VPOS="1283" WIDTH="188" HEIGHT="30" WC="0.96" CONTENT="betecknas"/><SP WIDTH="22" VPOS="1283" HPOS="851"/>
							<String ID="string_265" HPOS="873" VPOS="1291" WIDTH="73" HEIGHT="21" WC="0.96" CONTENT="som"/><SP WIDTH="21" VPOS="1291" HPOS="946"/>
							<String ID="string_266" HPOS="967" VPOS="1283" WIDTH="101" HEIGHT="38" WC="0.96" CONTENT="tungt"/><SP WIDTH="21" VPOS="1283" HPOS="1068"/>
							<String ID="string_267" HPOS="1089" VPOS="1281" WIDTH="156" HEIGHT="40" WC="0.96" CONTENT="vägande"/><SP WIDTH="27" VPOS="1281" HPOS="1245"/>
							<String ID="string_268" HPOS="1272" VPOS="1281" WIDTH="52" HEIGHT="34" WC="0.96" CONTENT="(se"/><SP WIDTH="22" VPOS="1281" HPOS="1324"/>
							<String ID="string_269" HPOS="1346" VPOS="1280" WIDTH="121" HEIGHT="31" WC="0.96" CONTENT="därom"/><SP WIDTH="21" VPOS="1280" HPOS="1467"/>
							<String ID="string_270" HPOS="1488" VPOS="1280" WIDTH="127" HEIGHT="40" WC="0.94" CONTENT="Kungl."/><SP WIDTH="21" VPOS="1280" HPOS="1615"/>
							<String ID="string_271" HPOS="1636" VPOS="1280" WIDTH="125" HEIGHT="40" WC="0.96" CONTENT="Maj:ts"/>
						</TextLine>
						<TextLine ID="line_25" HPOS="273" VPOS="1325" WIDTH="1489" HEIGHT="43">
							<String ID="string_272" HPOS="273" VPOS="1329" WIDTH="218" HEIGHT="39" WC="0.95" CONTENT="proposition"/><SP WIDTH="15" VPOS="1329" HPOS="491"/>
							<String ID="string_273" HPOS="506" VPOS="1338" WIDTH="42" HEIGHT="20" WC="0.95" CONTENT="nr"/><SP WIDTH="15" VPOS="1338" HPOS="548"/>
							<String ID="string_274" HPOS="563" VPOS="1328" WIDTH="62" HEIGHT="30" WC="0.96" CONTENT="217"/><SP WIDTH="17" VPOS="1328" HPOS="625"/>
							<String ID="string_275" HPOS="642" VPOS="1328" WIDTH="53" HEIGHT="29" WC="0.96" CONTENT="till"/><SP WIDTH="18" VPOS="1328" HPOS="695"/>
							<String ID="string_276" HPOS="713" VPOS="1327" WIDTH="83" HEIGHT="30" WC="0.96" CONTENT="1950"/><SP WIDTH="16" VPOS="1327" HPOS="796"/>
							<String ID="string_277" HPOS="812" VPOS="1328" WIDTH="57" HEIGHT="29" WC="0.96" CONTENT="års"/><SP WIDTH="15" VPOS="1328" HPOS="869"/>
							<String ID="string_278" HPOS="884" VPOS="1327" WIDTH="143" HEIGHT="39" WC="0.96" CONTENT="riksdag"/><SP WIDTH="17" VPOS="1327" HPOS="1027"/>
							<String ID="string_279" HPOS="1044" VPOS="1326" WIDTH="62" HEIGHT="30" WC="0.91" CONTENT="sid."/><SP WIDTH="17" VPOS="1326" HPOS="1106"/>
							<String ID="string_280" HPOS="1123" VPOS="1326" WIDTH="163" HEIGHT="34" WC="0.81" CONTENT="28—29)."/><SP WIDTH="16" VPOS="1326" HPOS="1286"/>
							<String ID="string_281" HPOS="1302" VPOS="1326" WIDTH="49" HEIGHT="29" WC="0.95" CONTENT="Bl."/><SP WIDTH="16" VPOS="1326" HPOS="1351"/>
							<String ID="string_282" HPOS="1367" VPOS="1336" WIDTH="29" HEIGHT="19" WC="0.96" CONTENT="a."/><SP WIDTH="16" VPOS="1336" HPOS="1396"/>
							<String ID="string_283" HPOS="1412" VPOS="1326" WIDTH="213" HEIGHT="29" WC="0.93" CONTENT="underströk"/><SP WIDTH="16" VPOS="1326" HPOS="1625"/>
							<String ID="string_284" HPOS="1641" VPOS="1325" WIDTH="121" HEIGHT="40" WC="0.91" CONTENT="depar-"/>
						</TextLine>
						<TextLine ID="line_26" HPOS="272" VPOS="1370" WIDTH="1490" HEIGHT="42">
							<String ID="string_285" HPOS="272" VPOS="1372" WIDTH="279" HEIGHT="31" WC="0.91" CONTENT="tementschefen"/><SP WIDTH="16" VPOS="1372" HPOS="551"/>
							<String ID="string_286" HPOS="567" VPOS="1372" WIDTH="271" HEIGHT="40" WC="0.96" CONTENT="möjligheterna"/><SP WIDTH="17" VPOS="1372" HPOS="838"/>
							<String ID="string_287" HPOS="855" VPOS="1373" WIDTH="50" HEIGHT="28" WC="0.95" CONTENT="att"/><SP WIDTH="18" VPOS="1373" HPOS="905"/>
							<String ID="string_288" HPOS="923" VPOS="1379" WIDTH="123" HEIGHT="32" WC="0.93" CONTENT="genom"/><SP WIDTH="18" VPOS="1379" HPOS="1046"/>
							<String ID="string_289" HPOS="1064" VPOS="1370" WIDTH="270" HEIGHT="30" WC="0.92" CONTENT="naturalisation"/><SP WIDTH="17" VPOS="1370" HPOS="1334"/>
							<String ID="string_290" HPOS="1351" VPOS="1372" WIDTH="154" HEIGHT="38" WC="0.92" CONTENT="upptaga"/><SP WIDTH="17" VPOS="1372" HPOS="1505"/>
							<String ID="string_291" HPOS="1522" VPOS="1370" WIDTH="10" HEIGHT="30" WC="0.96" CONTENT="i"/><SP WIDTH="19" VPOS="1370" HPOS="1532"/>
							<String ID="string_292" HPOS="1551" VPOS="1370" WIDTH="136" HEIGHT="39" WC="0.91" CONTENT="Sverige"/><SP WIDTH="17" VPOS="1370" HPOS="1687"/>
							<String ID="string_293" HPOS="1704" VPOS="1370" WIDTH="58" HEIGHT="29" WC="0.91" CONTENT="bo-"/>
						</TextLine>
						<TextLine ID="line_27" HPOS="274" VPOS="1414" WIDTH="1488" HEIGHT="40">
							<String ID="string_294" HPOS="274" VPOS="1420" WIDTH="92" HEIGHT="28" WC="0.96" CONTENT="satta"/><SP WIDTH="17" VPOS="1420" HPOS="366"/>
							<String ID="string_295" HPOS="383" VPOS="1418" WIDTH="87" HEIGHT="29" WC="0.95" CONTENT="barn"/><SP WIDTH="20" VPOS="1418" HPOS="470"/>
							<String ID="string_296" HPOS="490" VPOS="1427" WIDTH="42" HEIGHT="21" WC="0.96" CONTENT="av"/><SP WIDTH="20" VPOS="1427" HPOS="532"/>
							<String ID="string_297" HPOS="552" VPOS="1418" WIDTH="127" HEIGHT="29" WC="0.96" CONTENT="svensk"/><SP WIDTH="17" VPOS="1418" HPOS="679"/>
							<String ID="string_298" HPOS="696" VPOS="1417" WIDTH="121" HEIGHT="30" WC="0.96" CONTENT="moder"/><SP WIDTH="19" VPOS="1417" HPOS="817"/>
							<String ID="string_299" HPOS="836" VPOS="1417" WIDTH="65" HEIGHT="29" WC="0.96" CONTENT="och"/><SP WIDTH="19" VPOS="1417" HPOS="901"/>
							<String ID="string_300" HPOS="920" VPOS="1416" WIDTH="167" HEIGHT="30" WC="0.95" CONTENT="utländsk"/><SP WIDTH="20" VPOS="1416" HPOS="1087"/>
							<String ID="string_301" HPOS="1107" VPOS="1415" WIDTH="98" HEIGHT="30" WC="0.96" CONTENT="fader"/><SP WIDTH="18" VPOS="1415" HPOS="1205"/>
							<String ID="string_302" HPOS="1223" VPOS="1415" WIDTH="54" HEIGHT="30" WC="0.95" CONTENT="till"/><SP WIDTH="21" VPOS="1415" HPOS="1277"/>
							<String ID="string_303" HPOS="1298" VPOS="1415" WIDTH="149" HEIGHT="30" WC="0.96" CONTENT="svenska"/><SP WIDTH="18" VPOS="1415" HPOS="1447"/>
							<String ID="string_304" HPOS="1465" VPOS="1414" WIDTH="227" HEIGHT="40" WC="0.93" CONTENT="medborgare"/><SP WIDTH="19" VPOS="1414" HPOS="1692"/>
							<String ID="string_305" HPOS="1711" VPOS="1423" WIDTH="51" HEIGHT="21" WC="0.92" CONTENT="re-"/>
						</TextLine>
						<TextLine ID="line_28" HPOS="274" VPOS="1459" WIDTH="1488" HEIGHT="43">
							<String ID="string_306" HPOS="274" VPOS="1463" WIDTH="69" HEIGHT="30" WC="0.96" CONTENT="dan"/><SP WIDTH="20" VPOS="1463" HPOS="343"/>
							<String ID="string_307" HPOS="363" VPOS="1463" WIDTH="109" HEIGHT="30" WC="0.95" CONTENT="innan"/><SP WIDTH="21" VPOS="1463" HPOS="472"/>
							<String ID="string_308" HPOS="493" VPOS="1463" WIDTH="41" HEIGHT="29" WC="0.96" CONTENT="de"/><SP WIDTH="20" VPOS="1463" HPOS="534"/>
							<String ID="string_309" HPOS="554" VPOS="1462" WIDTH="151" HEIGHT="40" WC="0.96" CONTENT="uppnått"/><SP WIDTH="19" VPOS="1462" HPOS="705"/>
							<String ID="string_310" HPOS="724" VPOS="1471" WIDTH="114" HEIGHT="20" WC="0.96" CONTENT="vuxen"/><SP WIDTH="21" VPOS="1471" HPOS="838"/>
							<String ID="string_311" HPOS="859" VPOS="1461" WIDTH="105" HEIGHT="30" WC="0.95" CONTENT="ålder."/><SP WIDTH="21" VPOS="1461" HPOS="964"/>
							<String ID="string_312" HPOS="985" VPOS="1461" WIDTH="68" HEIGHT="30" WC="0.96" CONTENT="För"/><SP WIDTH="21" VPOS="1461" HPOS="1053"/>
							<String ID="string_313" HPOS="1074" VPOS="1461" WIDTH="56" HEIGHT="29" WC="0.96" CONTENT="det"/><SP WIDTH="21" VPOS="1461" HPOS="1130"/>
							<String ID="string_314" HPOS="1151" VPOS="1461" WIDTH="62" HEIGHT="29" WC="0.96" CONTENT="fall"/><SP WIDTH="21" VPOS="1461" HPOS="1213"/>
							<String ID="string_315" HPOS="1234" VPOS="1462" WIDTH="50" HEIGHT="28" WC="0.96" CONTENT="att"/><SP WIDTH="21" VPOS="1462" HPOS="1284"/>
							<String ID="string_316" HPOS="1305" VPOS="1460" WIDTH="240" HEIGHT="30" WC="0.96" CONTENT="föräldrarnas"/><SP WIDTH="21" VPOS="1460" HPOS="1545"/>
							<String ID="string_317" HPOS="1566" VPOS="1459" WIDTH="196" HEIGHT="39" WC="0.96" CONTENT="äktenskap"/>
						</TextLine>
						<TextLine ID="line_29" HPOS="273" VPOS="1504" WIDTH="1489" HEIGHT="45">
							<String ID="string_318" HPOS="273" VPOS="1509" WIDTH="160" HEIGHT="40" WC="0.96" CONTENT="upplösts"/><SP WIDTH="16" VPOS="1509" HPOS="433"/>
							<String ID="string_319" HPOS="449" VPOS="1508" WIDTH="65" HEIGHT="30" WC="0.96" CONTENT="och"/><SP WIDTH="15" VPOS="1508" HPOS="514"/>
							<String ID="string_320" HPOS="529" VPOS="1507" WIDTH="146" HEIGHT="31" WC="0.96" CONTENT="modern"/><SP WIDTH="16" VPOS="1507" HPOS="675"/>
							<String ID="string_321" HPOS="691" VPOS="1507" WIDTH="66" HEIGHT="30" WC="0.96" CONTENT="fått"/><SP WIDTH="16" VPOS="1507" HPOS="757"/>
							<String ID="string_322" HPOS="773" VPOS="1506" WIDTH="203" HEIGHT="30" WC="0.96" CONTENT="vårdnaden"/><SP WIDTH="16" VPOS="1506" HPOS="976"/>
							<String ID="string_323" HPOS="992" VPOS="1515" WIDTH="56" HEIGHT="21" WC="0.95" CONTENT="om"/><SP WIDTH="16" VPOS="1515" HPOS="1048"/>
							<String ID="string_324" HPOS="1064" VPOS="1506" WIDTH="123" HEIGHT="29" WC="0.95" CONTENT="barnet"/><SP WIDTH="17" VPOS="1506" HPOS="1187"/>
							<String ID="string_325" HPOS="1204" VPOS="1504" WIDTH="155" HEIGHT="31" WC="0.93" CONTENT="uttalade"/><SP WIDTH="17" VPOS="1504" HPOS="1359"/>
							<String ID="string_326" HPOS="1376" VPOS="1504" WIDTH="386" HEIGHT="41" WC="0.90" CONTENT="departementschefen"/>
						</TextLine>
						<TextLine ID="line_30" HPOS="272" VPOS="1549" WIDTH="1490" HEIGHT="42">
							<String ID="string_327" HPOS="272" VPOS="1571" WIDTH="45" HEIGHT="4" WC="0.92" CONTENT="—"/><SP WIDTH="16" VPOS="1571" HPOS="317"/>
							<String ID="string_328" HPOS="333" VPOS="1554" WIDTH="12" HEIGHT="29" WC="0.96" CONTENT="i"/><SP WIDTH="16" VPOS="1554" HPOS="345"/>
							<String ID="string_329" HPOS="361" VPOS="1553" WIDTH="112" HEIGHT="30" WC="0.96" CONTENT="likhet"/><SP WIDTH="16" VPOS="1553" HPOS="473"/>
							<String ID="string_330" HPOS="489" VPOS="1552" WIDTH="81" HEIGHT="30" WC="0.96" CONTENT="med"/><SP WIDTH="18" VPOS="1552" HPOS="570"/>
							<String ID="string_331" HPOS="588" VPOS="1552" WIDTH="41" HEIGHT="30" WC="0.96" CONTENT="de"/><SP WIDTH="19" VPOS="1552" HPOS="629"/>
							<String ID="string_332" HPOS="648" VPOS="1551" WIDTH="200" HEIGHT="40" WC="0.92" CONTENT="delegerade"/><SP WIDTH="17" VPOS="1551" HPOS="848"/>
							<String ID="string_333" HPOS="865" VPOS="1569" WIDTH="45" HEIGHT="3" WC="0.91" CONTENT="—"/><SP WIDTH="17" VPOS="1569" HPOS="910"/>
							<String ID="string_334" HPOS="927" VPOS="1551" WIDTH="66" HEIGHT="29" WC="0.96" CONTENT="den"/><SP WIDTH="18" VPOS="1551" HPOS="993"/>
							<String ID="string_335" HPOS="1011" VPOS="1550" WIDTH="272" HEIGHT="40" WC="0.96" CONTENT="uppfattningen"/><SP WIDTH="20" VPOS="1550" HPOS="1283"/>
							<String ID="string_336" HPOS="1303" VPOS="1551" WIDTH="49" HEIGHT="28" WC="0.96" CONTENT="att"/><SP WIDTH="19" VPOS="1551" HPOS="1352"/>
							<String ID="string_337" HPOS="1371" VPOS="1550" WIDTH="56" HEIGHT="29" WC="0.96" CONTENT="det"/><SP WIDTH="18" VPOS="1550" HPOS="1427"/>
							<String ID="string_338" HPOS="1445" VPOS="1549" WIDTH="107" HEIGHT="30" WC="0.96" CONTENT="borde"/><SP WIDTH="17" VPOS="1549" HPOS="1552"/>
							<String ID="string_339" HPOS="1569" VPOS="1559" WIDTH="84" HEIGHT="20" WC="0.96" CONTENT="vara"/><SP WIDTH="18" VPOS="1559" HPOS="1653"/>
							<String ID="string_340" HPOS="1671" VPOS="1549" WIDTH="91" HEIGHT="39" WC="0.96" CONTENT="regel"/>
						</TextLine>
						<TextLine ID="line_31" HPOS="274" VPOS="1595" WIDTH="1238" HEIGHT="43">
							<String ID="string_341" HPOS="274" VPOS="1600" WIDTH="50" HEIGHT="28" WC="0.96" CONTENT="att"/><SP WIDTH="20" VPOS="1600" HPOS="324"/>
							<String ID="string_342" HPOS="344" VPOS="1599" WIDTH="82" HEIGHT="39" WC="0.96" CONTENT="göra"/><SP WIDTH="19" VPOS="1599" HPOS="426"/>
							<String ID="string_343" HPOS="445" VPOS="1599" WIDTH="118" HEIGHT="38" WC="0.95" CONTENT="avsteg"/><SP WIDTH="18" VPOS="1599" HPOS="563"/>
							<String ID="string_344" HPOS="581" VPOS="1597" WIDTH="81" HEIGHT="30" WC="0.95" CONTENT="från"/><SP WIDTH="18" VPOS="1597" HPOS="662"/>
							<String ID="string_345" HPOS="680" VPOS="1597" WIDTH="42" HEIGHT="30" WC="0.96" CONTENT="de"/><SP WIDTH="19" VPOS="1597" HPOS="722"/>
							<String ID="string_346" HPOS="741" VPOS="1597" WIDTH="100" HEIGHT="38" WC="0.96" CONTENT="eljest"/><SP WIDTH="20" VPOS="1597" HPOS="841"/>
							<String ID="string_347" HPOS="861" VPOS="1595" WIDTH="159" HEIGHT="40" WC="0.93" CONTENT="gällande"/><SP WIDTH="19" VPOS="1595" HPOS="1020"/>
							<String ID="string_348" HPOS="1039" VPOS="1595" WIDTH="473" HEIGHT="30" WC="0.89" CONTENT="naturalisationsvillkoren."/>
						</TextLine>
					</TextBlock>
					<TextBlock ID="block_4" HPOS="274" VPOS="1638" WIDTH="1489" HEIGHT="80">
						<TextLine ID="line_32" HPOS="318" VPOS="1638" WIDTH="1445" HEIGHT="44">
							<String ID="string_349" HPOS="318" VPOS="1642" WIDTH="117" HEIGHT="31" WC="0.96" CONTENT="Under"/><SP WIDTH="19" VPOS="1642" HPOS="435"/>
							<String ID="string_350" HPOS="454" VPOS="1641" WIDTH="220" HEIGHT="41" WC="0.96" CONTENT="åberopande"/><SP WIDTH="19" VPOS="1641" HPOS="674"/>
							<String ID="string_351" HPOS="693" VPOS="1651" WIDTH="41" HEIGHT="20" WC="0.96" CONTENT="av"/><SP WIDTH="19" VPOS="1651" HPOS="734"/>
							<String ID="string_352" HPOS="753" VPOS="1641" WIDTH="56" HEIGHT="29" WC="0.96" CONTENT="det"/><SP WIDTH="19" VPOS="1641" HPOS="809"/>
							<String ID="string_353" HPOS="828" VPOS="1649" WIDTH="47" HEIGHT="21" WC="0.96" CONTENT="nu"/><SP WIDTH="20" VPOS="1649" HPOS="875"/>
							<String ID="string_354" HPOS="895" VPOS="1640" WIDTH="149" HEIGHT="30" WC="0.95" CONTENT="anförda"/><SP WIDTH="19" VPOS="1640" HPOS="1044"/>
							<String ID="string_355" HPOS="1063" VPOS="1639" WIDTH="181" HEIGHT="41" WC="0.96" CONTENT="avstyrker"/><SP WIDTH="20" VPOS="1639" HPOS="1244"/>
							<String ID="string_356" HPOS="1264" VPOS="1639" WIDTH="170" HEIGHT="40" WC="0.96" CONTENT="styrelsen"/><SP WIDTH="18" VPOS="1639" HPOS="1434"/>
							<String ID="string_357" HPOS="1452" VPOS="1639" WIDTH="99" HEIGHT="30" WC="0.95" CONTENT="bifall"/><SP WIDTH="18" VPOS="1639" HPOS="1551"/>
							<String ID="string_358" HPOS="1569" VPOS="1639" WIDTH="53" HEIGHT="29" WC="0.93" CONTENT="till"/><SP WIDTH="18" VPOS="1639" HPOS="1622"/>
							<String ID="string_359" HPOS="1640" VPOS="1638" WIDTH="123" HEIGHT="30" WC="0.91" CONTENT="motio-"/>
						</TextLine>
						<TextLine ID="line_33" HPOS="274" VPOS="1697" WIDTH="119" HEIGHT="21">
							<String ID="string_360" HPOS="274" VPOS="1697" WIDTH="119" HEIGHT="21" WC="0.96" CONTENT="nerna."/>
						</TextLine>
					</TextBlock>
				</ComposedBlock>
				<ComposedBlock ID="cblock_2" HPOS="272" VPOS="1756" WIDTH="1492" HEIGHT="741">
					<TextBlock ID="block_5" HPOS="319" VPOS="1756" WIDTH="1022" HEIGHT="39">
						<TextLine ID="line_34" HPOS="319" VPOS="1756" WIDTH="1022" HEIGHT="39">
							<String ID="string_361" HPOS="319" VPOS="1759" WIDTH="175" HEIGHT="29" WC="0.95" CONTENT="Utskottet"/><SP WIDTH="21" VPOS="1759" HPOS="494"/>
							<String ID="string_362" HPOS="515" VPOS="1758" WIDTH="146" HEIGHT="30" WC="0.95" CONTENT="anförde"/><SP WIDTH="20" VPOS="1758" HPOS="661"/>
							<String ID="string_363" HPOS="681" VPOS="1758" WIDTH="12" HEIGHT="29" WC="0.96" CONTENT="i"/><SP WIDTH="21" VPOS="1758" HPOS="693"/>
							<String ID="string_364" HPOS="714" VPOS="1758" WIDTH="58" HEIGHT="29" WC="0.96" CONTENT="sitt"/><SP WIDTH="20" VPOS="1758" HPOS="772"/>
							<String ID="string_365" HPOS="792" VPOS="1757" WIDTH="182" HEIGHT="30" WC="0.96" CONTENT="utlåtande"/><SP WIDTH="23" VPOS="1757" HPOS="974"/>
							<String ID="string_366" HPOS="997" VPOS="1756" WIDTH="97" HEIGHT="30" WC="0.93" CONTENT="1967:"/><SP WIDTH="17" VPOS="1756" HPOS="1094"/>
							<String ID="string_367" HPOS="1111" VPOS="1756" WIDTH="40" HEIGHT="30" WC="0.93" CONTENT="27"/><SP WIDTH="22" VPOS="1756" HPOS="1151"/>
							<String ID="string_368" HPOS="1173" VPOS="1756" WIDTH="168" HEIGHT="39" WC="0.96" CONTENT="följande."/>
						</TextLine>
					</TextBlock>
					<TextBlock ID="block_6" HPOS="272" VPOS="1863" WIDTH="1492" HEIGHT="634">
						<TextLine ID="line_35" HPOS="317" VPOS="1863" WIDTH="1446" HEIGHT="40">
							<String ID="string_369" HPOS="317" VPOS="1867" WIDTH="76" HEIGHT="31" WC="0.96" CONTENT="Vad"/><SP WIDTH="19" VPOS="1867" HPOS="393"/>
							<String ID="string_370" HPOS="412" VPOS="1867" WIDTH="89" HEIGHT="30" WC="0.96" CONTENT="först"/><SP WIDTH="16" VPOS="1867" HPOS="501"/>
							<String ID="string_371" HPOS="517" VPOS="1866" WIDTH="173" HEIGHT="31" WC="0.96" CONTENT="beträffar"/><SP WIDTH="19" VPOS="1866" HPOS="690"/>
							<String ID="string_372" HPOS="709" VPOS="1865" WIDTH="40" HEIGHT="31" WC="0.97" CONTENT="de"/><SP WIDTH="20" VPOS="1865" HPOS="749"/>
							<String ID="string_373" HPOS="769" VPOS="1865" WIDTH="128" HEIGHT="31" WC="0.96" CONTENT="sociala"/><SP WIDTH="18" VPOS="1865" HPOS="897"/>
							<String ID="string_374" HPOS="915" VPOS="1864" WIDTH="227" HEIGHT="31" WC="0.96" CONTENT="förmånerna"/><SP WIDTH="17" VPOS="1864" HPOS="1142"/>
							<String ID="string_375" HPOS="1159" VPOS="1863" WIDTH="58" HEIGHT="31" WC="0.96" CONTENT="må"/><SP WIDTH="18" VPOS="1863" HPOS="1217"/>
							<String ID="string_376" HPOS="1235" VPOS="1864" WIDTH="11" HEIGHT="29" WC="0.96" CONTENT="i"/><SP WIDTH="18" VPOS="1864" HPOS="1246"/>
							<String ID="string_377" HPOS="1264" VPOS="1863" WIDTH="152" HEIGHT="40" WC="0.96" CONTENT="enlighet"/><SP WIDTH="18" VPOS="1863" HPOS="1416"/>
							<String ID="string_378" HPOS="1434" VPOS="1863" WIDTH="80" HEIGHT="30" WC="0.93" CONTENT="med"/><SP WIDTH="20" VPOS="1863" HPOS="1514"/>
							<String ID="string_379" HPOS="1534" VPOS="1863" WIDTH="229" HEIGHT="40" WC="0.91" CONTENT="socialstyrel-"/>
						</TextLine>
						<TextLine ID="line_36" HPOS="275" VPOS="1916" WIDTH="1488" HEIGHT="45">
							<String ID="string_380" HPOS="275" VPOS="1930" WIDTH="80" HEIGHT="21" WC="0.96" CONTENT="sens"/><SP WIDTH="18" VPOS="1930" HPOS="355"/>
							<String ID="string_381" HPOS="373" VPOS="1920" WIDTH="164" HEIGHT="41" WC="0.96" CONTENT="yttrande"/><SP WIDTH="21" VPOS="1920" HPOS="537"/>
							<String ID="string_382" HPOS="558" VPOS="1921" WIDTH="80" HEIGHT="29" WC="0.96" CONTENT="över"/><SP WIDTH="20" VPOS="1921" HPOS="638"/>
							<String ID="string_383" HPOS="658" VPOS="1920" WIDTH="220" HEIGHT="30" WC="0.90" CONTENT="motionerna"/><SP WIDTH="21" VPOS="1920" HPOS="878"/>
							<String ID="string_384" HPOS="899" VPOS="1919" WIDTH="133" HEIGHT="30" WC="0.90" CONTENT="erinras"/><SP WIDTH="21" VPOS="1919" HPOS="1032"/>
							<String ID="string_385" HPOS="1053" VPOS="1927" WIDTH="57" HEIGHT="21" WC="0.96" CONTENT="om"/><SP WIDTH="21" VPOS="1927" HPOS="1110"/>
							<String ID="string_386" HPOS="1131" VPOS="1920" WIDTH="50" HEIGHT="28" WC="0.96" CONTENT="att"/><SP WIDTH="20" VPOS="1920" HPOS="1181"/>
							<String ID="string_387" HPOS="1201" VPOS="1917" WIDTH="271" HEIGHT="40" WC="0.96" CONTENT="möjligheterna"/><SP WIDTH="20" VPOS="1917" HPOS="1472"/>
							<String ID="string_388" HPOS="1492" VPOS="1917" WIDTH="54" HEIGHT="30" WC="0.96" CONTENT="för"/><SP WIDTH="21" VPOS="1917" HPOS="1546"/>
							<String ID="string_389" HPOS="1567" VPOS="1916" WIDTH="41" HEIGHT="30" WC="0.97" CONTENT="de"/><SP WIDTH="22" VPOS="1916" HPOS="1608"/>
							<String ID="string_390" HPOS="1630" VPOS="1926" WIDTH="42" HEIGHT="20" WC="0.93" CONTENT="av"/><SP WIDTH="19" VPOS="1926" HPOS="1672"/>
							<String ID="string_391" HPOS="1691" VPOS="1925" WIDTH="72" HEIGHT="21" WC="0.92" CONTENT="mo-"/>
						</TextLine>
						<TextLine ID="line_37" HPOS="272" VPOS="1970" WIDTH="1489" HEIGHT="44">
							<String ID="string_392" HPOS="272" VPOS="1975" WIDTH="204" HEIGHT="30" WC="0.91" CONTENT="tionärerna"/><SP WIDTH="18" VPOS="1975" HPOS="476"/>
							<String ID="string_393" HPOS="494" VPOS="1974" WIDTH="160" HEIGHT="40" WC="0.96" CONTENT="åsyftade"/><SP WIDTH="19" VPOS="1974" HPOS="654"/>
							<String ID="string_394" HPOS="673" VPOS="1975" WIDTH="133" HEIGHT="29" WC="0.96" CONTENT="barnen"/><SP WIDTH="21" VPOS="1975" HPOS="806"/>
							<String ID="string_395" HPOS="827" VPOS="1975" WIDTH="49" HEIGHT="28" WC="0.96" CONTENT="att"/><SP WIDTH="21" VPOS="1975" HPOS="876"/>
							<String ID="string_396" HPOS="897" VPOS="1973" WIDTH="133" HEIGHT="30" WC="0.96" CONTENT="erhålla"/><SP WIDTH="17" VPOS="1973" HPOS="1030"/>
							<String ID="string_397" HPOS="1047" VPOS="1972" WIDTH="306" HEIGHT="39" WC="0.96" CONTENT="bidragsförskott,"/><SP WIDTH="21" VPOS="1972" HPOS="1353"/>
							<String ID="string_398" HPOS="1374" VPOS="1972" WIDTH="146" HEIGHT="29" WC="0.96" CONTENT="allmänt"/><SP WIDTH="19" VPOS="1972" HPOS="1520"/>
							<String ID="string_399" HPOS="1539" VPOS="1970" WIDTH="222" HEIGHT="39" WC="0.96" CONTENT="barnbidrag,"/>
						</TextLine>
						<TextLine ID="line_38" HPOS="275" VPOS="2024" WIDTH="1487" HEIGHT="45">
							<String ID="string_400" HPOS="275" VPOS="2029" WIDTH="297" HEIGHT="40" WC="0.93" CONTENT="sjukförsäkring,"/><SP WIDTH="18" VPOS="2029" HPOS="572"/>
							<String ID="string_401" HPOS="590" VPOS="2028" WIDTH="207" HEIGHT="39" WC="0.91" CONTENT="socialhjälp"/><SP WIDTH="18" VPOS="2028" HPOS="797"/>
							<String ID="string_402" HPOS="815" VPOS="2027" WIDTH="64" HEIGHT="30" WC="0.96" CONTENT="och"/><SP WIDTH="17" VPOS="2027" HPOS="879"/>
							<String ID="string_403" HPOS="896" VPOS="2026" WIDTH="198" HEIGHT="40" WC="0.96" CONTENT="utbildning"/><SP WIDTH="16" VPOS="2026" HPOS="1094"/>
							<String ID="string_404" HPOS="1110" VPOS="2026" WIDTH="12" HEIGHT="30" WC="0.96" CONTENT="i"/><SP WIDTH="16" VPOS="2026" HPOS="1122"/>
							<String ID="string_405" HPOS="1138" VPOS="2025" WIDTH="216" HEIGHT="41" WC="0.96" CONTENT="grundskola"/><SP WIDTH="17" VPOS="2025" HPOS="1354"/>
							<String ID="string_406" HPOS="1371" VPOS="2025" WIDTH="64" HEIGHT="30" WC="0.96" CONTENT="och"/><SP WIDTH="17" VPOS="2025" HPOS="1435"/>
							<String ID="string_407" HPOS="1452" VPOS="2024" WIDTH="223" HEIGHT="41" WC="0.95" CONTENT="gymnasium"/><SP WIDTH="15" VPOS="2024" HPOS="1675"/>
							<String ID="string_408" HPOS="1690" VPOS="2025" WIDTH="72" HEIGHT="29" WC="0.96" CONTENT="inte"/>
						</TextLine>
						<TextLine ID="line_39" HPOS="274" VPOS="2078" WIDTH="1488" HEIGHT="44">
							<String ID="string_409" HPOS="274" VPOS="2084" WIDTH="39" HEIGHT="29" WC="0.96" CONTENT="är"/><SP WIDTH="17" VPOS="2084" HPOS="313"/>
							<String ID="string_410" HPOS="330" VPOS="2084" WIDTH="179" HEIGHT="29" WC="0.96" CONTENT="beskurna"/><SP WIDTH="19" VPOS="2084" HPOS="509"/>
							<String ID="string_411" HPOS="528" VPOS="2091" WIDTH="123" HEIGHT="31" WC="0.96" CONTENT="genom"/><SP WIDTH="19" VPOS="2091" HPOS="651"/>
							<String ID="string_412" HPOS="670" VPOS="2082" WIDTH="152" HEIGHT="30" WC="0.96" CONTENT="barnens"/><SP WIDTH="20" VPOS="2082" HPOS="822"/>
							<String ID="string_413" HPOS="842" VPOS="2081" WIDTH="180" HEIGHT="30" WC="0.96" CONTENT="avsaknad"/><SP WIDTH="20" VPOS="2081" HPOS="1022"/>
							<String ID="string_414" HPOS="1042" VPOS="2090" WIDTH="41" HEIGHT="20" WC="0.96" CONTENT="av"/><SP WIDTH="20" VPOS="2090" HPOS="1083"/>
							<String ID="string_415" HPOS="1103" VPOS="2080" WIDTH="142" HEIGHT="30" WC="0.96" CONTENT="svenskt"/><SP WIDTH="18" VPOS="2080" HPOS="1245"/>
							<String ID="string_416" HPOS="1263" VPOS="2079" WIDTH="308" HEIGHT="39" WC="0.96" CONTENT="medborgarskap."/><SP WIDTH="20" VPOS="2079" HPOS="1571"/>
							<String ID="string_417" HPOS="1591" VPOS="2078" WIDTH="41" HEIGHT="40" WC="0.96" CONTENT="Ej"/><SP WIDTH="22" VPOS="2078" HPOS="1632"/>
							<String ID="string_418" HPOS="1654" VPOS="2078" WIDTH="108" HEIGHT="30" WC="0.96" CONTENT="heller"/>
						</TextLine>
						<TextLine ID="line_40" HPOS="273" VPOS="2132" WIDTH="1490" HEIGHT="45">
							<String ID="string_419" HPOS="273" VPOS="2137" WIDTH="99" HEIGHT="30" WC="0.96" CONTENT="torde"/><SP WIDTH="19" VPOS="2137" HPOS="372"/>
							<String ID="string_420" HPOS="391" VPOS="2146" WIDTH="83" HEIGHT="21" WC="0.96" CONTENT="man"/><SP WIDTH="19" VPOS="2146" HPOS="474"/>
							<String ID="string_421" HPOS="493" VPOS="2144" WIDTH="124" HEIGHT="33" WC="0.96" CONTENT="genom"/><SP WIDTH="20" VPOS="2144" HPOS="617"/>
							<String ID="string_422" HPOS="637" VPOS="2136" WIDTH="67" HEIGHT="29" WC="0.93" CONTENT="den"/><SP WIDTH="19" VPOS="2136" HPOS="704"/>
							<String ID="string_423" HPOS="723" VPOS="2135" WIDTH="154" HEIGHT="40" WC="0.92" CONTENT="antydda"/><SP WIDTH="18" VPOS="2135" HPOS="877"/>
							<String ID="string_424" HPOS="895" VPOS="2134" WIDTH="252" HEIGHT="40" WC="0.96" CONTENT="lagändringen"/><SP WIDTH="19" VPOS="2134" HPOS="1147"/>
							<String ID="string_425" HPOS="1166" VPOS="2134" WIDTH="122" HEIGHT="29" WC="0.96" CONTENT="kunna"/><SP WIDTH="18" VPOS="2134" HPOS="1288"/>
							<String ID="string_426" HPOS="1306" VPOS="2133" WIDTH="128" HEIGHT="30" WC="0.96" CONTENT="hindra"/><SP WIDTH="19" VPOS="2133" HPOS="1434"/>
							<String ID="string_427" HPOS="1453" VPOS="2134" WIDTH="50" HEIGHT="28" WC="0.96" CONTENT="att"/><SP WIDTH="18" VPOS="2134" HPOS="1503"/>
							<String ID="string_428" HPOS="1521" VPOS="2133" WIDTH="88" HEIGHT="29" WC="0.96" CONTENT="barn"/><SP WIDTH="20" VPOS="2133" HPOS="1609"/>
							<String ID="string_429" HPOS="1629" VPOS="2132" WIDTH="73" HEIGHT="30" WC="0.96" CONTENT="förs"/><SP WIDTH="19" VPOS="2132" HPOS="1702"/>
							<String ID="string_430" HPOS="1721" VPOS="2141" WIDTH="42" HEIGHT="20" WC="0.95" CONTENT="ur"/>
						</TextLine>
						<TextLine ID="line_41" HPOS="274" VPOS="2186" WIDTH="1488" HEIGHT="44">
							<String ID="string_431" HPOS="274" VPOS="2192" WIDTH="101" HEIGHT="30" WC="0.95" CONTENT="riket."/><SP WIDTH="17" VPOS="2192" HPOS="375"/>
							<String ID="string_432" HPOS="392" VPOS="2191" WIDTH="67" HEIGHT="30" WC="0.95" CONTENT="Till"/><SP WIDTH="18" VPOS="2191" HPOS="459"/>
							<String ID="string_433" HPOS="477" VPOS="2191" WIDTH="91" HEIGHT="39" WC="0.96" CONTENT="följd"/><SP WIDTH="17" VPOS="2191" HPOS="568"/>
							<String ID="string_434" HPOS="585" VPOS="2200" WIDTH="42" HEIGHT="20" WC="0.93" CONTENT="av"/><SP WIDTH="17" VPOS="2200" HPOS="627"/>
							<String ID="string_435" HPOS="644" VPOS="2190" WIDTH="253" HEIGHT="30" WC="0.92" CONTENT="nationalitets-"/><SP WIDTH="18" VPOS="2190" HPOS="897"/>
							<String ID="string_436" HPOS="915" VPOS="2189" WIDTH="82" HEIGHT="29" WC="0.93" CONTENT="eller"/><SP WIDTH="17" VPOS="2189" HPOS="997"/>
							<String ID="string_437" HPOS="1014" VPOS="2187" WIDTH="458" HEIGHT="40" WC="0.91" CONTENT="härstamningsprincipen,"/><SP WIDTH="20" VPOS="2187" HPOS="1472"/>
							<String ID="string_438" HPOS="1492" VPOS="2195" WIDTH="74" HEIGHT="21" WC="0.95" CONTENT="som"/><SP WIDTH="18" VPOS="2195" HPOS="1566"/>
							<String ID="string_439" HPOS="1584" VPOS="2186" WIDTH="178" HEIGHT="40" WC="0.96" CONTENT="upptagits"/>
						</TextLine>
						<TextLine ID="line_42" HPOS="275" VPOS="2240" WIDTH="1488" HEIGHT="41">
							<String ID="string_440" HPOS="275" VPOS="2256" WIDTH="42" HEIGHT="20" WC="0.96" CONTENT="av"/><SP WIDTH="19" VPOS="2256" HPOS="317"/>
							<String ID="string_441" HPOS="336" VPOS="2246" WIDTH="152" HEIGHT="29" WC="0.96" CONTENT="flertalet"/><SP WIDTH="20" VPOS="2246" HPOS="488"/>
							<String ID="string_442" HPOS="508" VPOS="2244" WIDTH="244" HEIGHT="30" WC="0.96" CONTENT="kontinentala"/><SP WIDTH="21" VPOS="2244" HPOS="752"/>
							<String ID="string_443" HPOS="773" VPOS="2245" WIDTH="115" HEIGHT="32" WC="0.96" CONTENT="stater,"/><SP WIDTH="24" VPOS="2245" HPOS="888"/>
							<String ID="string_444" HPOS="912" VPOS="2243" WIDTH="112" HEIGHT="30" WC="0.96" CONTENT="skulle"/><SP WIDTH="21" VPOS="2243" HPOS="1024"/>
							<String ID="string_445" HPOS="1045" VPOS="2242" WIDTH="185" HEIGHT="39" WC="0.96" CONTENT="nämligen,"/><SP WIDTH="24" VPOS="2242" HPOS="1230"/>
							<String ID="string_446" HPOS="1254" VPOS="2242" WIDTH="114" HEIGHT="29" WC="0.96" CONTENT="såsom"/><SP WIDTH="23" VPOS="2242" HPOS="1368"/>
							<String ID="string_447" HPOS="1391" VPOS="2242" WIDTH="132" HEIGHT="29" WC="0.92" CONTENT="statens"/><SP WIDTH="21" VPOS="2242" HPOS="1523"/>
							<String ID="string_448" HPOS="1544" VPOS="2240" WIDTH="219" HEIGHT="39" WC="0.91" CONTENT="utlännings-"/>
						</TextLine>
						<TextLine ID="line_43" HPOS="275" VPOS="2293" WIDTH="1488" HEIGHT="43">
							<String ID="string_449" HPOS="275" VPOS="2300" WIDTH="231" HEIGHT="30" WC="0.96" CONTENT="kommission"/><SP WIDTH="16" VPOS="2300" HPOS="506"/>
							<String ID="string_450" HPOS="522" VPOS="2299" WIDTH="162" HEIGHT="29" WC="0.96" CONTENT="närmare"/><SP WIDTH="15" VPOS="2299" HPOS="684"/>
							<String ID="string_451" HPOS="699" VPOS="2298" WIDTH="176" HEIGHT="29" WC="0.95" CONTENT="utvecklat"/><SP WIDTH="15" VPOS="2298" HPOS="875"/>
							<String ID="string_452" HPOS="890" VPOS="2298" WIDTH="12" HEIGHT="29" WC="0.95" CONTENT="i"/><SP WIDTH="17" VPOS="2298" HPOS="902"/>
							<String ID="string_453" HPOS="919" VPOS="2297" WIDTH="59" HEIGHT="30" WC="0.96" CONTENT="sitt"/><SP WIDTH="14" VPOS="2297" HPOS="978"/>
							<String ID="string_454" HPOS="992" VPOS="2296" WIDTH="164" HEIGHT="40" WC="0.96" CONTENT="yttrande"/><SP WIDTH="16" VPOS="2296" HPOS="1156"/>
							<String ID="string_455" HPOS="1172" VPOS="2296" WIDTH="79" HEIGHT="30" WC="0.96" CONTENT="över"/><SP WIDTH="16" VPOS="2296" HPOS="1251"/>
							<String ID="string_456" HPOS="1267" VPOS="2295" WIDTH="230" HEIGHT="34" WC="0.96" CONTENT="motionerna,"/><SP WIDTH="15" VPOS="2295" HPOS="1497"/>
							<String ID="string_457" HPOS="1512" VPOS="2295" WIDTH="123" HEIGHT="29" WC="0.93" CONTENT="barnet"/><SP WIDTH="17" VPOS="2295" HPOS="1635"/>
							<String ID="string_458" HPOS="1652" VPOS="2293" WIDTH="111" HEIGHT="31" WC="0.91" CONTENT="erhål-"/>
						</TextLine>
						<TextLine ID="line_44" HPOS="275" VPOS="2348" WIDTH="1488" HEIGHT="44">
							<String ID="string_459" HPOS="275" VPOS="2354" WIDTH="33" HEIGHT="30" WC="0.86" CONTENT="la"/><SP WIDTH="24" VPOS="2354" HPOS="308"/>
							<String ID="string_460" HPOS="332" VPOS="2353" WIDTH="142" HEIGHT="30" WC="0.96" CONTENT="dubbelt"/><SP WIDTH="23" VPOS="2353" HPOS="474"/>
							<String ID="string_461" HPOS="497" VPOS="2352" WIDTH="297" HEIGHT="40" WC="0.96" CONTENT="medborgarskap"/><SP WIDTH="25" VPOS="2352" HPOS="794"/>
							<String ID="string_462" HPOS="819" VPOS="2351" WIDTH="65" HEIGHT="30" WC="0.96" CONTENT="och"/><SP WIDTH="24" VPOS="2351" HPOS="884"/>
							<String ID="string_463" HPOS="908" VPOS="2351" WIDTH="87" HEIGHT="29" WC="0.96" CONTENT="även"/><SP WIDTH="24" VPOS="2351" HPOS="995"/>
							<String ID="string_464" HPOS="1019" VPOS="2359" WIDTH="56" HEIGHT="21" WC="0.96" CONTENT="om"/><SP WIDTH="23" VPOS="2359" HPOS="1075"/>
							<String ID="string_465" HPOS="1098" VPOS="2350" WIDTH="123" HEIGHT="30" WC="0.96" CONTENT="barnet"/><SP WIDTH="25" VPOS="2350" HPOS="1221"/>
							<String ID="string_466" HPOS="1246" VPOS="2349" WIDTH="115" HEIGHT="30" WC="0.96" CONTENT="såsom"/><SP WIDTH="26" VPOS="2349" HPOS="1361"/>
							<String ID="string_467" HPOS="1387" VPOS="2349" WIDTH="126" HEIGHT="30" WC="0.96" CONTENT="svensk"/><SP WIDTH="24" VPOS="2349" HPOS="1513"/>
							<String ID="string_468" HPOS="1537" VPOS="2348" WIDTH="226" HEIGHT="39" WC="0.96" CONTENT="medborgare"/>
						</TextLine>
						<TextLine ID="line_45" HPOS="276" VPOS="2402" WIDTH="1486" HEIGHT="42">
							<String ID="string_469" HPOS="276" VPOS="2408" WIDTH="113" HEIGHT="30" WC="0.96" CONTENT="skulle"/><SP WIDTH="19" VPOS="2408" HPOS="389"/>
							<String ID="string_470" HPOS="408" VPOS="2407" WIDTH="134" HEIGHT="30" WC="0.96" CONTENT="införas"/><SP WIDTH="19" VPOS="2407" HPOS="542"/>
							<String ID="string_471" HPOS="561" VPOS="2407" WIDTH="12" HEIGHT="29" WC="0.96" CONTENT="i"/><SP WIDTH="18" VPOS="2407" HPOS="573"/>
							<String ID="string_472" HPOS="591" VPOS="2406" WIDTH="164" HEIGHT="30" WC="0.96" CONTENT="moderns"/><SP WIDTH="22" VPOS="2406" HPOS="755"/>
							<String ID="string_473" HPOS="777" VPOS="2405" WIDTH="149" HEIGHT="30" WC="0.96" CONTENT="svenska"/><SP WIDTH="19" VPOS="2405" HPOS="926"/>
							<String ID="string_474" HPOS="945" VPOS="2413" WIDTH="81" HEIGHT="31" WC="0.96" CONTENT="pass"/><SP WIDTH="19" VPOS="2413" HPOS="1026"/>
							<String ID="string_475" HPOS="1045" VPOS="2404" WIDTH="119" HEIGHT="29" WC="0.96" CONTENT="kunde"/><SP WIDTH="20" VPOS="2404" HPOS="1164"/>
							<String ID="string_476" HPOS="1184" VPOS="2403" WIDTH="56" HEIGHT="30" WC="0.96" CONTENT="det"/><SP WIDTH="20" VPOS="2403" HPOS="1240"/>
							<String ID="string_477" HPOS="1260" VPOS="2403" WIDTH="120" HEIGHT="29" WC="0.96" CONTENT="därför"/><SP WIDTH="20" VPOS="2403" HPOS="1380"/>
							<String ID="string_478" HPOS="1400" VPOS="2403" WIDTH="71" HEIGHT="29" WC="0.96" CONTENT="inte"/><SP WIDTH="19" VPOS="2403" HPOS="1471"/>
							<String ID="string_479" HPOS="1490" VPOS="2402" WIDTH="203" HEIGHT="29" WC="0.96" CONTENT="förhindras"/><SP WIDTH="20" VPOS="2402" HPOS="1693"/>
							<String ID="string_480" HPOS="1713" VPOS="2403" WIDTH="49" HEIGHT="28" WC="0.95" CONTENT="att"/>
						</TextLine>
						<TextLine ID="line_46" HPOS="274" VPOS="2455" WIDTH="1490" HEIGHT="42">
							<String ID="string_481" HPOS="274" VPOS="2462" WIDTH="123" HEIGHT="30" WC="0.96" CONTENT="barnet"/><SP WIDTH="20" VPOS="2462" HPOS="397"/>
							<String ID="string_482" HPOS="417" VPOS="2461" WIDTH="106" HEIGHT="30" WC="0.96" CONTENT="också"/><SP WIDTH="18" VPOS="2461" HPOS="523"/>
							<String ID="string_483" HPOS="541" VPOS="2460" WIDTH="157" HEIGHT="30" WC="0.96" CONTENT="infördes"/><SP WIDTH="18" VPOS="2460" HPOS="698"/>
							<String ID="string_484" HPOS="716" VPOS="2460" WIDTH="12" HEIGHT="29" WC="0.96" CONTENT="i"/><SP WIDTH="18" VPOS="2460" HPOS="728"/>
							<String ID="string_485" HPOS="746" VPOS="2459" WIDTH="143" HEIGHT="30" WC="0.92" CONTENT="faderns"/><SP WIDTH="18" VPOS="2459" HPOS="889"/>
							<String ID="string_486" HPOS="907" VPOS="2458" WIDTH="279" HEIGHT="39" WC="0.91" CONTENT="hemlandspass."/><SP WIDTH="20" VPOS="2458" HPOS="1186"/>
							<String ID="string_487" HPOS="1206" VPOS="2458" WIDTH="74" HEIGHT="28" WC="0.96" CONTENT="Den"/><SP WIDTH="21" VPOS="2458" HPOS="1280"/>
							<String ID="string_488" HPOS="1301" VPOS="2466" WIDTH="42" HEIGHT="20" WC="0.96" CONTENT="av"/><SP WIDTH="17" VPOS="2466" HPOS="1343"/>
							<String ID="string_489" HPOS="1360" VPOS="2456" WIDTH="261" HEIGHT="30" WC="0.96" CONTENT="motionärerna"/><SP WIDTH="19" VPOS="2456" HPOS="1621"/>
							<String ID="string_490" HPOS="1640" VPOS="2455" WIDTH="124" HEIGHT="40" WC="0.96" CONTENT="gjorda"/>
						</TextLine>
					</TextBlock>
				</ComposedBlock>
			</PrintSpace>
		</Page>
	</Layout>
</alto>
