1880 2798
294 169 19 29 4
734 168 100 27 Andra
854 168 199 34 lagutskottets
1073 168 148 27 utlåtande
1241 177 35 17 nr
1296 168 46 26 41.

295 248 122 39 Kungl.
442 248 101 39 Maj:t
565 248 77 30 ville
666 248 198 30 överlämna
887 247 175 31 motionen
1084 247 49 30 till
1158 247 40 30 de
1221 247 10 29 i
1254 246 175 30 motionen
1453 246 231 30 omförmälda
1709 246 75 29 sak-

295 301 163 39 kunniga,
479 301 54 31 för
550 305 49 27 att
616 305 95 35 tagas
729 301 110 30 under
856 301 239 39 övervägande
1112 300 57 30 vid
1187 300 232 39 fullgörandet
1437 310 43 20 av
1499 300 99 30 deras
1616 299 168 39 uppdrag.

342 356 159 31 Nämnda
529 356 227 38 sakkunniga,
786 355 426 39 stadsplaneutredningen
1242 355 94 37 1942,
1364 355 46 29 ha
1438 355 66 29 den
1534 355 39 28 22
1603 353 68 39 maj
1703 353 81 30 1945

296 409 163 39 framlagt
484 409 218 31 betänkande
728 410 80 29 med
833 409 128 39 förslag
989 409 49 30 till
1065 408 235 40 byggnadslag
1326 418 44 20 m.
1398 417 44 21 m.
1477 407 98 39 (SOU
1604 407 96 29 1945:
1719 405 65 39 15).

296 463 235 38 Utredningen
558 463 64 30 har
650 462 220 31 beträffande
898 462 126 39 frågan
1052 472 57 20 om
1136 462 325 38 byggnadsplanens
1492 459 294 39 rättsverkningar

296 526 43 20 m.
363 526 43 20 m.
431 516 117 30 anfört
568 516 107 30 bland
696 519 106 28 annat
823 516 153 39 följande
1006 515 37 38 (s.
1069 516 60 30 196
1153 525 29 20 o.
1206 514 55 39 f.):

340 578 458 39 Byggnadsplaneinstitutet
830 578 95 30 torde
958 578 86 30 böra
1077 576 154 39 undergå
1264 576 292 39 genomgripande
1589 575 195 38 ändringar.

296 623 166 30 Gällande
482 623 256 30 bestämmelser
758 623 10 29 i
788 624 113 30 ämnet
922 623 60 29 äro
1003 632 41 20 ur
1064 621 85 31 flera
1170 622 214 38 synpunkter
1405 620 134 30 mindre
1559 619 227 30 tillfredsstäl-

296 668 110 29 lande.
426 668 49 29 De
493 667 200 39 erinringar,
712 667 93 31 vilka
822 667 118 30 kunna
959 667 108 29 riktas
1085 670 71 26 mot
1174 665 201 30 nuvarande
1394 664 224 36 föreskrifter,
1637 663 150 31 hänföra

296 712 50 38 sig
367 712 276 38 huvudsakligen
665 712 71 30 dels
759 712 50 30 till
830 712 324 38 byggnadsplanens
1176 709 302 39 rättsverkningar,
1502 709 92 30 vilka
1617 710 59 28 äro
1700 708 86 30 otill-

296 757 153 38 räckliga
472 757 65 30 och
559 757 74 30 icke
655 756 204 39 möjliggöra
881 755 142 31 rättvisa
1045 756 126 29 mellan
1195 755 241 38 markägarna,
1460 754 71 30 dels
1555 753 65 30 ock
1643 753 49 29 till
1715 760 71 31 reg-

296 802 95 30 lerna
413 811 57 21 om
492 802 233 30 kostnaderna
747 801 55 30 för
822 802 143 38 planens
988 800 233 39 uppgörande.

342 847 62 29 Det
427 849 87 27 mest
535 846 164 30 effektiva
722 847 99 29 sättet
843 848 49 28 att
913 845 143 30 komma
1079 845 49 30 till
1151 845 88 29 rätta
1262 844 78 30 med
1363 843 40 30 de
1427 843 228 38 olägenheter,
1679 851 75 21 som
1777 841 10 29 i

296 891 147 30 berörda
471 891 220 29 hänseenden
719 891 60 29 äro
808 890 198 31 förbundna
1035 889 79 30 med
1140 888 317 39 byggnadsplanen,
1489 887 110 30 skulle
1627 896 83 21 vara
1739 888 49 28 att

296 935 228 39 komplettera
554 934 452 39 byggnadsplaneinstitutet
1037 933 38 31 så
1106 935 49 29 att
1186 933 56 30 det
1273 932 166 30 närmade
1472 932 50 38 sig
1555 931 231 38 stadsplanen.

297 980 181 38 Samtidigt
501 979 92 39 finge
617 979 44 30 då
683 979 112 30 bildas
818 982 45 28 ett
887 978 138 31 särskilt
1049 986 116 30 organ,
1191 987 42 20 en
1255 975 453 41 byggnadsplaneförening,
1733 974 55 30 för

296 1025 271 30 handhavandet
586 1034 43 20 av
649 1024 40 30 de
710 1023 127 39 frågor,
858 1033 74 21 som
953 1023 58 30 vid
1030 1023 143 39 planens
1196 1021 270 39 genomförande
1487 1020 219 39 uppkomme.
1729 1018 58 31 Så-

298 1078 73 21 som
389 1070 153 29 mönster
561 1068 53 30 för
632 1072 45 27 ett
697 1069 110 38 dylikt
825 1076 107 31 organ
951 1068 110 30 skulle
1079 1068 118 30 kunna
1215 1066 96 39 tjäna
1331 1065 108 31 sådan
1458 1064 234 39 vägförening,
1714 1073 74 21 som

298 1113 222 30 omförmäles
549 1113 11 30 i
590 1114 83 29 1939
702 1112 55 31 års
786 1114 55 37 lag
870 1122 57 20 om
954 1112 157 30 enskilda
1139 1112 114 37 vägar.
1295 1108 493 41 Byggnadsplaneföreningen

298 1158 92 38 finge
409 1168 102 20 svara
528 1157 55 30 för
601 1161 48 26 att
667 1158 41 29 de
727 1157 158 39 åtgärder
902 1157 80 30 med
999 1156 166 31 avseende
1185 1155 19 30 å
1223 1155 224 30 anordnande
1466 1164 43 20 av
1527 1154 135 38 avlopp,
1683 1153 106 38 vägar

297 1212 44 21 m.
364 1212 55 26 m.,
441 1202 94 30 vilka
557 1202 201 30 förutsättas
780 1202 11 29 i
812 1201 316 39 byggnadsplanen,
1149 1200 96 30 bleve
1267 1199 140 30 utförda
1427 1198 46 39 på
1494 1202 46 26 ett
1561 1198 226 30 tillfredsstäl-

297 1247 100 30 lande
422 1248 76 29 sätt.
536 1246 432 39 Stadsplaneutredningen
993 1246 65 29 har
1081 1244 76 31 haft
1182 1244 109 30 under
1316 1243 238 38 övervägande
1579 1246 49 27 att
1653 1240 136 39 framgå

298 1291 103 39 enligt
422 1301 47 20 nu
490 1291 148 39 angivna
659 1290 181 39 riktlinjer,
862 1290 104 30 vilket
987 1290 110 29 skulle
1119 1289 165 30 innebära
1306 1298 41 20 en
1369 1287 203 38 fullständig
1595 1287 192 38 omgestalt-

297 1336 82 39 ning
403 1346 44 20 av
469 1335 201 31 nuvarande
694 1334 428 40 byggnadsplaneinstitut.

342 1380 200 31 Emellertid
563 1380 64 30 har
648 1379 227 39 utredningen
895 1378 147 31 kommit
1064 1378 49 31 till
1135 1378 63 30 den
1221 1376 277 40 uppfattningen,
1523 1379 48 28 att
1593 1375 37 31 så
1652 1383 136 31 genom-

298 1425 166 39 gripande
484 1425 188 38 ändringar
691 1425 173 38 knappast
882 1423 85 31 böra
989 1423 165 38 vidtagas.
1176 1422 167 30 Fördelen
1363 1431 43 21 av
1426 1424 47 28 att
1493 1422 65 37 äga
1579 1419 140 39 tillgång
1739 1419 50 31 till

298 1474 46 26 ett
367 1470 219 39 planinstitut
610 1479 43 20 av
676 1468 270 31 förhållandevis
971 1468 100 29 enkel
1095 1466 249 36 beskaffenhet,
1370 1466 243 30 motsvarande
1638 1465 65 29 den
1727 1474 61 20 nu-

299 1515 150 30 varande
475 1514 318 39 byggnadsplanen,
822 1512 53 31 får
902 1512 29 39 ej
959 1511 252 31 underskattas.
1240 1511 116 30 Under
1382 1510 90 32 vissa
1499 1509 291 38 omständigheter

298 1559 71 30 kan
391 1560 55 30 det
468 1560 55 29 väl
546 1568 82 21 vara
649 1557 213 39 nödvändigt
883 1557 56 30 för
961 1566 42 21 en
1025 1555 272 39 ändamålsenlig
1320 1555 168 38 reglering
1511 1558 49 26 att
1582 1554 119 30 kunna
1725 1553 63 30 till-

299 1603 95 40 gripa
419 1613 96 21 mera
538 1602 227 39 långtgående
790 1601 157 39 åtgärder
972 1602 45 29 än
1041 1600 307 40 byggnadsplanen
1374 1599 55 30 för
1453 1598 217 31 närvarande
1697 1597 92 30 med-

299 1649 101 38 giver.
432 1648 57 30 Att
509 1647 119 31 därför
646 1647 212 39 komplicera
877 1645 449 40 byggnadsplaneinstitutet
1345 1643 46 40 på
1411 1645 66 29 sätt
1497 1653 75 20 som
1591 1642 107 31 måste
1720 1642 68 35 ske,

299 1703 57 20 om
378 1693 55 30 det
456 1693 111 30 skulle
588 1692 170 30 ombildas
781 1691 85 30 efter
888 1692 152 29 mönster
1061 1700 43 20 av
1127 1690 230 38 stadsplanen,
1381 1698 100 29 synes
1505 1687 187 30 emellertid
1715 1686 75 30 icke

299 1747 80 21 vare
399 1737 49 39 sig
469 1737 174 38 behövligt
662 1737 82 29 eller
763 1735 165 39 lämpligt.
960 1735 113 30 Bland
1092 1738 105 27 annat
1218 1734 95 30 torde
1334 1732 302 39 nödvändigheten
1656 1733 49 28 att
1725 1731 64 30 till-

300 1783 108 38 skapa
439 1791 42 21 en
510 1780 443 40 byggnadsplaneförening
984 1780 81 29 eller
1094 1778 104 39 något
1228 1778 163 30 liknande
1421 1785 108 30 organ
1561 1776 55 30 för
1645 1776 144 39 planens

300 1826 271 39 genomförande
589 1825 157 31 medföra
766 1825 169 38 åtskilliga
953 1823 167 31 svårlösta
1138 1823 166 39 problem.
1324 1818 67 34 Äro
1411 1821 265 31 förhållandena
1696 1821 94 29 inom

299 1875 46 27 ett
371 1869 347 41 bebyggelseområde
747 1869 139 36 sådana,
917 1873 48 26 att
993 1868 258 30 bestämmelser
1280 1866 243 30 motsvarande
1552 1865 238 39 stadsplanens

300 1916 62 30 där
387 1915 185 36 erfordras,
598 1915 97 30 torde
722 1914 56 30 det
803 1913 172 39 naturliga
1001 1922 93 26 vara,
1123 1916 48 26 att
1198 1911 178 38 stadsplan
1401 1911 164 37 utlägges.
1604 1909 115 30 Bättre
1745 1910 46 28 än

299 1964 49 27 att
369 1961 110 29 ändra
501 1970 57 20 om
578 1958 459 40 byggnadsplaneinstitutet,
1062 1956 38 31 så
1119 1960 48 27 att
1190 1957 54 29 det
1265 1955 115 31 liknar
1400 1955 231 38 stadsplanen,
1653 1954 65 29 har
1739 1956 50 27 ut-

299 2005 189 38 redningen
514 2004 119 30 därför
657 2003 116 30 funnit
798 2012 81 21 vara
905 2007 48 26 att
977 2001 174 31 bibehålla
1175 2000 308 39 byggnadsplanen
1507 1999 11 30 i
1543 1998 146 39 ungefär
1715 1998 75 30 dess

299 2050 202 30 nuvarande
527 2049 91 30 form
644 2058 78 20 men
747 2048 68 30 öka
840 2047 263 39 möjligheterna
1128 2048 49 28 att
1201 2046 95 29 inom
1319 2044 324 39 byggnadsplanens
1669 2052 84 26 ram,
1781 2041 7 29 i

300 2095 67 29 den
397 2093 83 31 mån
512 2093 337 38 omständigheterna
880 2092 182 30 föranleda
1094 2090 123 36 därtill,
1251 2089 196 39 ytterligare
1477 2089 131 38 reglera
1640 2087 40 30 de
1713 2086 78 31 med

298 2138 445 39 byggnadsverksamheten
767 2135 344 39 sammanhängande
1133 2134 265 31 förhållandena
1422 2133 96 30 inom
1539 2131 250 40 planområdet.

301 2183 131 30 Härvid
458 2182 109 31 måste
594 2182 114 35 tillses,
738 2185 49 27 att
813 2180 159 39 åtgärder
998 2180 155 38 vidtagas
1180 2179 55 30 för
1261 2178 232 39 avhjälpande
1521 2187 43 20 av
1591 2177 40 30 de
1657 2176 132 33 brister,

300 2228 102 34 vilka,
427 2227 106 38 enligt
555 2227 66 30 vad
645 2236 90 20 ovan
758 2227 147 34 nämnts,
929 2224 140 33 vidlåda
1090 2224 166 30 institutet
1279 2223 10 30 i
1314 2223 54 30 det
1391 2222 107 35 skick,
1524 2222 55 30 det
1601 2221 64 30 har
1687 2219 104 39 enligt

300 2272 159 39 gällande
480 2272 267 30 bestämmelser.

345 2362 72 29 Har
436 2361 101 30 mark
557 2361 10 29 i
587 2370 41 21 en
645 2359 264 40 byggnadsplan
929 2362 128 27 avsatts
1076 2357 55 30 för
1149 2358 64 37 väg
1233 2357 81 30 eller
1333 2365 116 21 annan
1469 2355 130 30 allmän
1617 2355 99 38 plats,
1737 2352 55 31 får

301 2405 114 31 såsom
433 2406 139 30 nämnts
592 2405 144 30 marken
757 2404 30 39 ej
808 2404 182 38 bebyggas.
1012 2402 121 39 Någon
1152 2401 187 38 ersättning
1360 2400 55 30 för
1433 2400 56 30 det
1508 2398 146 39 intrång,
1677 2398 113 30 mark-

300 2451 128 37 ägaren
450 2449 203 39 härigenom
675 2449 96 35 lider,
794 2448 100 39 utgår
916 2448 55 30 för
993 2447 217 30 närvarande
1233 2446 40 39 ej.
1310 2446 165 29 Häremot
1498 2444 112 30 finnes
1634 2443 30 38 ej
1687 2441 105 39 något

300 2498 48 28 att
368 2495 153 30 invända
545 2494 54 30 för
620 2494 65 30 den
708 2494 164 29 händelse
894 2492 308 40 byggnadsplanen
1224 2490 194 39 upprättats
1441 2489 79 30 med
1542 2488 249 37 markägarnas
