1866 2792
283 156 58 30 106
599 157 390 32 Jordbruksutskottets
1008 159 179 31 utlåtande
1204 169 43 21 nr
1263 161 42 29 29
1322 161 39 30 år
1379 162 84 29 1959

282 248 383 35 Departementschefen

328 314 414 32 »Jordbruksnämndens
760 316 11 29 i
789 316 123 30 härvid
930 317 124 40 fogade
1072 317 113 40 bilaga
1203 318 18 30 6
1240 318 196 41 framlagda
1456 320 177 40 uppgifter
1651 331 57 20 om
1726 322 57 29 be-

280 364 191 39 räkningar
503 374 42 21 av
573 365 155 31 influtna
757 367 65 29 och
851 367 198 39 inflytande
1077 368 297 40 införselavgifter
1403 370 45 39 på
1476 371 301 40 jordbruksregle-

279 414 141 39 ringens
466 415 142 30 område
652 416 114 30 under
815 418 420 40 regleringsåren
1285 420 492 38 1956/57-—1958/59

280 464 197 30 föranleder
496 466 103 39 ingen
617 466 144 30 erinran
779 467 81 30 från
878 468 73 29 min
970 468 85 30 sida.
1078 469 171 30 Summan
1266 479 42 20 av
1326 472 41 29 de
1384 471 112 29 under
1515 471 261 40 3-årsperioden

283 516 177 38 upptagna
477 516 344 40 införselavgifterna
839 518 71 29 kan
928 518 147 31 sålunda
1094 519 174 31 beräknas
1287 520 52 29 till
1357 521 61 29 307
1434 521 63 30 600
1512 522 62 30 000
1592 522 141 30 kronor.

326 565 12 29 I
365 566 136 39 princip
529 567 89 29 skall
644 568 108 39 enligt
782 568 81 30 1955
890 568 57 30 års
975 569 278 40 riksdagsbeslut
1282 570 40 30 de
1349 571 196 39 inflytande
1573 572 205 30 införselav-

279 615 224 39 giftsmedlen
525 617 179 30 användas
726 617 55 31 för
801 618 357 40 regleringsändamål
1178 620 45 39 på
1242 620 228 39 jordbrukets
1491 622 152 31 område.
1666 623 13 29 I
1700 632 75 30 pro-

279 666 198 38 positionen
504 667 176 31 1956:165
705 667 218 31 beräknades
947 669 112 31 under
1081 671 48 28 ett
1153 670 39 29 år
1218 673 80 29 med
1322 673 152 28 normalt
1498 672 242 39 importbehov
1766 674 11 28 i

279 715 296 40 införselavgifter
599 717 127 40 inflyta
755 718 39 30 72
809 719 62 29 000
886 719 64 31 000
974 720 130 29 kronor
1130 720 83 30 eller
1239 721 46 39 på
1308 721 78 30 hela
1412 721 261 41 3-årsperioden
1699 723 79 30 räk-

278 768 61 27 nat
375 767 61 29 216
452 767 62 30 000
530 768 61 29 000
626 768 142 30 kronor.
805 769 65 30 För
906 769 68 30 den
1009 770 166 30 händelse
1210 771 418 40 införselavgiftsmedlen
1664 773 113 30 skulle

278 817 186 30 nämnvärt
484 817 172 40 överstiga
677 818 68 30 den
765 819 239 36 totalsumma,
1026 829 75 21 som
1122 820 44 30 då
1186 821 120 30 kunde
1326 821 152 31 förutses
1497 823 11 28 i
1528 823 247 34 normalfallet,

278 866 105 31 borde
404 867 106 40 enligt
532 869 82 29 1956
635 868 57 31 års
712 869 278 40 riksdagsbeslut
1007 871 215 31 överskottet
1243 872 73 29 inte
1334 872 181 30 användas
1536 873 111 29 under
1668 873 109 31 3-års-

277 917 167 38 perioden
470 920 83 28 utan
580 918 202 31 balanseras
809 921 80 29 över
914 920 54 30 till
994 929 42 21 en
1062 921 212 30 kommande
1301 922 382 40 prissättningsperiod.
1711 924 65 29 Det

277 966 106 31 borde
405 968 188 30 ankomma
615 969 44 39 på
682 970 275 30 statsmakterna
982 973 50 28 att
1056 980 121 21 senare
1200 971 137 31 besluta
1362 982 57 20 om
1442 973 156 30 medlens
1622 974 155 29 använd-

278 1017 83 40 ning
384 1018 111 30 under
517 1019 221 31 sistnämnda
760 1020 131 39 period.

322 1067 169 30 Summan
527 1078 41 21 av
603 1070 41 29 de
680 1070 114 30 under
829 1070 262 41 3-årsperioden
1125 1072 198 40 inflytande
1358 1073 416 39 införselavgiftsmedlen

275 1118 189 39 överstiger
490 1120 69 29 rätt
585 1121 160 30 avsevärt
774 1121 253 30 totalsumman
1054 1122 106 39 enligt
1187 1122 248 30 normalfallet.
1466 1124 92 29 Från
1585 1123 67 30 den
1678 1124 96 30 förra

278 1176 162 22 summan
463 1169 62 30 bör
549 1170 192 30 emellertid
766 1180 44 21 av
833 1171 92 30 olika
951 1172 76 29 skäl
1051 1172 170 40 avdragas
1245 1173 93 29 vissa
1362 1173 134 40 belopp,
1522 1174 111 29 innan
1656 1183 44 20 en
1724 1174 51 29 di-

276 1219 76 29 rekt
380 1219 203 39 jämförelse
612 1221 110 39 göres.
753 1221 153 31 Sålunda
935 1222 89 30 skall
1053 1222 106 40 enligt
1189 1223 293 30 statsmakternas
1511 1224 114 30 beslut
1658 1225 114 39 (prop.

278 1269 98 29 1957:
395 1269 76 36 194;
498 1270 73 30 JoU
597 1270 56 36 40;
685 1272 91 30 rskr.
803 1271 80 35 402)
916 1275 117 27 senast
1062 1272 66 30 den
1156 1273 38 30 31
1225 1274 141 38 augusti
1395 1274 82 30 1959
1504 1276 49 28 ett
1580 1274 125 40 belopp
1732 1284 42 20 av

278 1319 37 29 15
331 1319 62 30 000
408 1320 62 30 000
495 1321 130 29 kronor
649 1330 42 20 ur
716 1322 418 39 införselavgiftsmedlen
1156 1323 153 30 tillföras
1336 1324 155 39 anslaget
1516 1325 53 28 till
1592 1325 182 39 prisregle-

274 1369 108 31 rande
404 1370 161 39 åtgärder
586 1371 44 40 på
652 1371 228 39 jordbrukets
904 1373 143 29 område
1074 1373 116 30 såsom
1213 1374 196 40 ersättning
1431 1374 55 30 för
1510 1374 161 37 förskott,
1698 1384 74 20 som

274 1428 42 21 ur
342 1420 155 40 anslaget
523 1421 187 31 utbetalats
738 1432 77 20 som
840 1422 122 41 bidrag
986 1424 54 29 till
1064 1423 235 40 jordbrukare
1324 1425 11 29 i
1362 1424 188 40 anledning
1576 1434 42 20 av
1644 1425 129 30 skador

274 1470 44 39 på
337 1471 81 30 1957
437 1471 56 30 års
512 1472 115 30 skörd.
646 1472 380 31 Jordbruksnämnden
1045 1474 147 30 föreslår
1209 1484 59 25 nu,
1288 1476 50 28 att
1355 1484 43 20 av
1414 1475 41 29 de
1472 1475 58 29 vid
1549 1475 223 40 upptagande

274 1530 42 19 av
342 1520 295 41 införselavgifter
664 1522 55 30 för
746 1522 224 37 fodermedel,
998 1525 204 38 matpotatis
1231 1526 91 28 samt
1349 1525 195 30 slaktvaror
1571 1526 64 29 och
1666 1526 107 29 slakt-

274 1571 82 38 djur
377 1571 155 31 influtna
553 1573 83 29 eller
659 1573 93 30 intill
775 1574 65 29 den
863 1574 38 29 31
926 1574 141 39 augusti
1091 1575 82 30 1959
1197 1575 198 39 inflytande
1417 1576 139 30 medlen
1576 1576 196 39 respektive

273 1621 18 29 3
306 1621 63 30 000
384 1622 72 34 000,
481 1622 18 30 2
515 1623 61 30 000
592 1623 61 30 000
677 1624 66 29 och
768 1624 38 29 10
821 1624 62 30 000
899 1624 62 31 000
984 1625 130 29 kronor
1137 1625 179 31 överföres
1338 1626 53 29 till
1414 1626 166 39 anslaget.
1605 1627 166 29 Häremot

271 1671 65 30 har
358 1672 59 40 jag
440 1672 71 30 inte
538 1673 104 39 något
666 1675 51 29 att
739 1674 128 30 erinra.
893 1674 127 31 Vidare
1045 1675 147 30 föreslår
1217 1676 188 34 nämnden,
1431 1676 118 30 såsom
1572 1676 95 30 förut
1693 1678 78 28 när-

272 1731 96 20 mare
389 1722 203 36 redovisats,
612 1726 52 28 att
685 1733 43 21 av
748 1724 42 30 de
811 1724 54 31 för
887 1725 267 40 regleringsåret
1177 1726 152 36 1958/59
1349 1726 197 40 inflytande
1566 1726 206 30 införselav-

272 1772 224 39 giftsmedlen
520 1774 54 30 för
598 1773 170 31 fettvaror
791 1775 123 31 endast
938 1777 48 29 ett
1009 1775 124 41 belopp
1158 1785 42 20 av
1223 1777 40 29 25
1279 1777 63 29 000
1357 1777 62 30 000
1443 1777 131 30 kronor
1599 1777 89 30 skall
1711 1786 61 21 an-

271 1822 133 31 vändas
430 1823 54 30 till
510 1824 171 30 täckande
708 1834 44 20 av
777 1824 214 32 förlusterna
1017 1826 11 29 i
1059 1826 170 30 samband
1256 1827 79 29 med
1361 1827 136 30 inlösen
1523 1836 43 21 av
1591 1828 180 29 inhemskt

272 1872 209 40 oljeväxtfrö
506 1877 90 27 samt
620 1877 50 27 att
694 1874 199 31 återstoden
915 1894 45 3 —
982 1876 180 30 beräknad
1184 1876 54 30 till
1264 1877 18 29 5
1298 1877 62 30 000
1375 1877 62 30 000
1462 1878 130 29 kronor
1614 1896 44 3 —
1682 1878 90 29 skall

270 1923 179 30 överföras
475 1925 52 29 till
553 1926 196 30 nämndens
774 1925 260 40 clearingkassa
1060 1926 55 30 för
1140 1926 170 30 fettvaror
1337 1927 115 30 såsom
1478 1928 222 39 avbetalning
1726 1928 45 39 på

271 1973 58 29 lån
351 1975 50 28 till
422 1974 324 40 regleringsfonden
767 1976 54 30 för
843 1976 131 32 socker.
996 1977 94 30 Enär
1110 1979 48 27 ett
1179 1977 160 31 häremot
1361 1977 170 30 svarande
1551 1977 125 41 belopp
1698 1978 72 29 inte

272 2033 102 29 synes
391 2024 221 40 erforderligt
630 2025 55 30 för
704 2026 161 40 utlåning
883 2026 54 31 till
955 2027 107 39 sagda
1081 2027 94 35 fond,
1195 2027 64 30 bör
1278 2027 160 41 beloppet
1457 2028 116 30 såsom
1592 2028 178 30 nämnden

271 2073 179 40 föreslagit
468 2074 210 32 inlevereras
696 2077 55 29 till
769 2077 218 30 statsverket.
1008 2078 13 29 I
1039 2077 153 40 enlighet
1208 2078 80 29 med
1306 2078 114 30 beslut
1439 2088 42 20 av
1501 2078 83 31 1958
1605 2078 57 30 års
1681 2078 89 29 riks-

270 2124 67 40 dag
364 2125 88 29 skall
479 2126 177 29 nämnden
683 2135 42 20 ur
752 2126 418 41 införselavgiftsmedlen
1196 2128 55 30 för
1279 2129 196 29 slaktvaror
1501 2129 64 29 och
1592 2128 178 40 slaktdjur

270 2174 55 30 för
347 2175 204 39 budgetåret
575 2176 150 36 1958/59
749 2177 103 30 ställa
871 2179 48 28 ett
941 2177 125 41 belopp
1089 2188 42 20 av
1152 2178 41 31 30
1209 2179 62 30 000
1294 2179 131 29 kronor
1447 2179 52 30 till
1523 2179 247 39 veterinärsty-

270 2225 131 30 relsens
429 2225 207 40 förfogande
664 2226 54 31 för
746 2228 173 29 täckande
945 2237 43 21 av
1014 2228 188 40 styrelsens
1233 2229 191 30 kostnader
1450 2230 57 31 vid
1534 2229 235 30 införselkon-

269 2276 80 29 troll
370 2285 42 20 av
431 2275 211 31 animaliska
662 2277 191 30 livsmedel.
874 2278 127 30 Vidare
1021 2279 65 29 har
1106 2279 60 39 jag
1184 2279 14 29 i
1217 2279 58 29 det
1296 2279 208 40 föregående
1527 2279 167 34 förordat,
1717 2281 50 28 att

269 2328 49 27 ett
337 2326 123 40 belopp
481 2336 42 20 av
542 2327 61 29 250
619 2327 64 31 000
701 2328 132 29 kronor
850 2337 42 21 av
910 2328 155 30 influtna
1085 2329 64 29 och
1167 2329 33 39 ej
1223 2329 55 30 för
1298 2332 107 28 annat
1425 2329 165 31 ändamål
1608 2329 161 40 dispone-

269 2376 82 30 rade
370 2376 296 40 införselavgifter
685 2377 57 31 för
761 2377 114 31 bruna
893 2378 120 38 bönor,
1035 2380 92 29 ärter
1149 2379 64 30 och
1234 2379 165 40 hampfrö
1420 2380 89 30 skall
1531 2379 34 30 få
1587 2380 180 30 användas

269 2426 54 30 för
342 2426 169 40 tillfälligt
532 2427 76 30 stöd
631 2427 34 30 åt
686 2427 294 41 linhanteringen.

312 2478 195 29 Härutöver
535 2477 61 30 bör
624 2478 107 40 enligt
762 2479 197 30 nämndens
987 2479 235 40 beräkningar
1251 2480 213 30 frånräknas
1493 2482 49 28 ett
1570 2480 125 40 belopp
1725 2489 42 21 av
