1872 2792
289 165 58 28 126
599 166 388 31 Jordbruksutskottets
1009 168 178 30 utlåtande
1209 179 41 20 nr
1270 170 42 29 29
1331 171 38 28 år
1391 172 84 28 1959

336 249 54 28 14)
421 259 41 19 av
488 250 80 28 herr
587 250 214 29 Lundmark.

290 358 182 28 Köttvaror
494 368 42 20 m.
560 368 42 19 m.

336 425 53 28 15)
420 434 42 19 av
487 425 81 29 herr
592 426 198 30 Pettersson
813 427 7 28 i
843 427 99 31 Dahl.

287 533 431 35 Införselavgiftsmedlens
737 536 128 29 storlek
886 537 62 29 och
970 538 266 36 användningen
1255 549 42 19 av
1317 541 130 28 sådana
1467 542 110 28 medel
1597 551 43 20 m.
1660 552 43 19 m.

334 600 53 28 16)
418 610 41 19 av
477 601 121 29 herrar
615 602 103 36 Nord,
735 602 73 29 Nils
826 603 174 37 Hansson,
1017 605 172 29 Svensson
1209 607 8 28 i
1238 606 205 39 Ljungskile
1462 608 64 29 och
1546 608 125 39 Antby,
1691 610 92 28 vilka

285 652 123 32 ansett,
431 652 50 27 att
505 651 217 30 inotionerna
746 653 27 28 I:
790 653 62 29 479
874 654 64 28 och
963 655 134 33 IH:607,
1121 655 103 30 såvitt
1247 665 45 20 nu
1316 658 39 28 är
1377 657 9 28 i
1410 657 109 39 fråga,
1544 658 75 29 bort
1644 659 141 30 bifallas

286 700 64 28 och
373 702 49 28 att
443 701 121 29 därför

330 749 73 30 dels
423 750 56 30 det
501 751 118 39 stycke
640 753 9 28 i
671 753 188 30 utskottets
880 754 181 30 utlåtande
1081 755 44 39 på
1145 765 24 20 s.
1193 757 71 33 110,
1286 766 74 20 som
1381 757 119 40 börjar
1521 759 78 28 med
1620 759 107 29 orden
1749 760 31 28 >»>1

286 799 220 31 motionerna
532 801 27 29 1:
577 801 62 31 479
665 803 65 28 och
758 803 44 29 II:
819 803 60 31 607
905 804 84 29 har»
1018 805 64 29 och
1108 806 109 29 slutar
1244 807 78 28 med
1349 807 108 29 orden
1485 808 216 30 »framförda
1728 819 57 30 yr-

285 849 161 35 kandet>,
469 851 77 29 bort
567 852 43 30 ha
632 852 157 39 följande
810 854 144 39 lydelse:

331 900 31 28 »I
387 900 220 31 motionerna
631 903 27 28 1:
675 902 63 31 479
762 904 64 28 och
850 904 44 30 I1:
911 905 62 30 607
998 906 64 29 har
1085 907 78 28 med
1186 907 211 40 hänvisning
1420 908 51 30 till
1496 910 250 39 motiveringen
1773 911 8 27 i

284 949 41 29 de
349 950 10 28 i
385 950 190 40 anledning
598 961 42 20 av
664 953 262 39 propositionen
956 955 178 31 1959:149
1160 957 125 30 väckta
1311 958 224 40 likalydande
1561 960 219 29 motionerna

284 999 29 28 1:
329 999 63 31 478
414 1001 65 29 och
502 1002 45 29 II:
564 1002 62 30 606
648 1003 132 39 yrkats,
803 1006 50 27 att
875 1005 40 30 50
938 1009 144 35 procent
1104 1016 42 19 av
1166 1007 345 40 införselavgifterna
1534 1009 55 30 för
1610 1010 173 30 foderme-

284 1048 53 30 del
361 1049 111 30 under
496 1050 67 30 den
586 1061 65 30 nya
676 1052 432 43 prisregleringsperioden
1133 1057 88 30 skall
1246 1057 95 31 föras
1366 1059 50 29 till
1441 1069 40 19 en
1509 1060 150 29 särskild
1684 1061 96 33 fond,

284 1107 75 21 som
388 1100 89 29 skall
506 1102 179 31 användas
713 1104 51 28 till
794 1106 49 27 att
872 1105 178 30 förstärka
1078 1107 317 40 leveransbidraget
1422 1109 54 30 för
1504 1110 112 39 mjölk
1644 1111 51 29 till
1723 1112 56 29 det

283 1149 136 31 mindre
433 1151 210 38 jordbruket
661 1153 111 29 under
790 1155 418 41 stallfodringsperioden.
1228 1159 186 34 Utskottet,
1434 1169 76 20 som
1527 1169 121 21 senare
1666 1161 112 30 denna

283 1199 65 39 dag
371 1200 139 39 avgiver
533 1202 180 31 utlåtande
736 1204 11 28 i
771 1204 188 41 anledning
982 1216 43 19 av
1048 1208 261 38 propositionen
1337 1210 97 29 1959:
1454 1211 71 33 149,
1551 1211 115 29 finner
1691 1212 54 29 det
1771 1212 8 28 i

285 1250 176 30 inotionen
482 1251 195 31 framförda
695 1253 165 40 förslaget
880 1256 259 31 beaktansvärt.

327 1299 176 32 Utskottet
523 1302 58 29 vill
602 1303 11 28 i
634 1303 94 30 detta
749 1306 255 40 sammanhang
1025 1307 115 30 erinra
1159 1318 57 20 om
1237 1312 50 26 att
1306 1310 56 29 det
1384 1311 9 28 i
1413 1312 218 39 proposition
1654 1322 39 19 nr
1718 1313 61 29 149

283 1349 196 40 framlagda
500 1351 165 40 förslaget
687 1362 57 21 om
766 1355 76 30 stöd
864 1356 34 29 åt
919 1356 57 30 det
998 1357 136 31 mindre
1153 1358 210 40 jordbruket
1383 1361 79 29 med
1483 1362 72 29 inte
1577 1362 135 30 mindre
1735 1365 42 28 än

282 1399 41 31 33
340 1400 164 39 miljoner
521 1402 130 30 kronor
668 1404 219 40 understiger
905 1407 442 41 småbruksutredningens
1367 1410 140 41 förslag.
1527 1413 103 28 Detta
1649 1413 132 38 förslag

281 1449 145 30 innebar
451 1451 105 31 bland
581 1455 117 33 annat,
723 1457 51 27 att
799 1455 38 30 14
852 1456 62 30 000
929 1457 64 30 000
1018 1458 129 29 kronor
1170 1469 42 19 av
1236 1460 57 30 det
1317 1461 179 30 allmänna
1521 1458 258 48 mjölkpristill-

281 1499 111 39 lägget
417 1502 113 30 skulle
557 1503 34 30 få
616 1505 178 30 användas
821 1506 52 29 för
898 1506 224 32 utbetalande
1146 1518 42 20 av
1212 1510 214 40 kalvbidrag.
1453 1512 49 29 På
1525 1514 153 37 grunder
1703 1524 73 19 som

281 1550 170 30 utskottet
472 1555 195 37 accepterat
687 1554 65 30 har
773 1556 123 39 Kungl.
919 1557 106 39 Maj:t
1046 1559 132 30 avvisat
1199 1560 114 30 denna
1335 1561 90 29 form
1445 1572 42 19 av
1508 1562 122 41 bidrag
1649 1564 50 29 till
1721 1565 57 29 det

281 1599 135 32 mindre
437 1601 220 39 jordbruket.
681 1605 117 30 Under
820 1606 101 31 dessa
943 1607 247 32 förhållanden
1212 1619 103 21 anser
1338 1612 169 30 utskottet
1531 1614 10 28 i
1565 1614 110 30 likhet
1699 1615 78 29 med

279 1650 271 37 motionärerna,
574 1656 49 27 att
646 1654 56 30 det
725 1654 115 31 finnes
864 1657 119 30 starka
1006 1659 76 30 skäl
1105 1659 54 30 för
1181 1662 50 28 att
1254 1670 82 21 man
1358 1662 96 29 inom
1476 1659 302 49 jordbruksregle-

280 1699 140 40 ringens
439 1711 76 20 ram
537 1704 100 29 söker
657 1705 196 40 uppbringa
873 1707 149 39 ungefär
1042 1711 245 29 motsvarande
1309 1721 137 21 summa
1469 1713 54 30 för
1544 1723 43 20 en
1608 1714 171 31 förstärk-

280 1750 82 40 ning
385 1760 42 20 av
448 1752 314 42 leveranstillägget
784 1756 45 39 på
850 1757 122 39 mjölk.
994 1758 130 30 Därvid
1144 1761 97 29 torde
1264 1761 329 41 importavgifterna
1612 1765 43 39 på
1678 1765 98 30 foder

279 1799 9 28 i
309 1800 110 30 första
437 1802 96 30 hand
552 1803 84 30 böra
655 1804 141 31 komma
817 1806 9 29 i
847 1806 107 40 fråga.
976 1809 117 39 Enligt
1111 1810 66 29 vad
1197 1811 171 31 utskottet
1387 1812 175 31 inhämtat
1582 1815 63 29 har
1665 1816 111 29 under

278 1849 95 30 tiden
398 1853 13 27 1
437 1853 195 38 september
655 1855 172 31 1956—30
848 1857 87 39 april
960 1859 84 30 1959
1064 1859 153 31 influtna
1240 1861 241 40 avgiftsmedel
1502 1864 174 31 inklusive
1698 1868 80 28 rän-

278 1901 60 28 tan
356 1901 146 39 uppgått
520 1903 51 29 till
589 1904 37 29 51
644 1904 61 30 045
721 1906 62 30 975
802 1906 138 31 kronor.
960 1909 117 29 Härav
1094 1909 64 30 har
1179 1911 38 29 18
1232 1911 62 30 663
1309 1912 63 30 488
1391 1913 131 30 kronor
1541 1915 83 29 eller
1641 1912 133 48 knappli

279 1950 39 28 $7
338 1955 144 34 procent
500 1953 144 30 tillförts
663 1955 154 39 Sveriges
836 1960 136 36 export-
991 1959 65 29 och
1075 1959 292 42 importförening
1386 1963 54 29 för
1459 1965 63 38 ägg
1542 1965 54 29 för
1615 1968 48 27 att
1684 1967 93 29 stöd-

276 1999 38 37 ja
331 2001 183 39 äggpriset.
535 2003 50 29 Av
602 2003 218 32 återstående
840 2007 111 30 medel
971 2008 65 29 har
1054 2010 48 28 ett
1122 2011 148 38 ungefär
1289 2012 70 29 lika
1379 2015 86 28 stort
1486 2015 125 40 belopp
1631 2017 144 29 tillförts

278 2049 131 31 Svensk
447 2051 216 37 kötthandel,
702 2055 111 30 under
851 2056 56 30 det
933 2060 51 27 att
1010 2059 155 30 Svenska
1190 2062 228 39 mejeriernas
1444 2064 237 41 riksförening
1709 2067 63 29 fåt!

276 2099 18 28 3
309 2099 63 30 800
387 2100 62 31 000
471 2103 64 28 och
560 2103 131 30 Svensk
714 2106 334 38 spannmålshandel
1073 2110 59 30 831
1149 2111 62 31 853
1235 2112 139 30 kronor.
1400 2115 78 29 Som
1502 2117 195 39 ersättning
1720 2117 55 30 för

276 2149 259 32 skördeskador
558 2162 97 21 avses
680 2154 18 29 3
714 2156 63 29 000
791 2156 62 31 000
878 2158 131 30 kronor
1033 2159 97 30 skola
1154 2163 180 29 användas
1359 2164 63 29 och
1448 2165 9 29 i
1481 2165 201 41 behållning
1707 2168 65 29 den

276 2199 40 30 30
344 2201 86 39 april
459 2203 84 30 1939
571 2203 103 30 fanns
700 2205 148 31 sålunda
874 2208 96 30 4305
986 2210 63 30 950
1076 2211 138 29 kronor.
1243 2213 109 30 Såvitt
1379 2216 168 29 utskottet
1577 2217 68 29 kan
1674 2218 99 29 finna

277 2249 111 31 skulle
409 2251 82 40 inga
513 2254 160 38 speciella
696 2256 212 39 svårigheter
930 2260 105 34 möta,
1059 2269 56 20 om
1137 2263 40 29 50
1200 2266 140 35 procent
1365 2274 41 20 av
1429 2265 345 43 fodermedelsavgif-

278 2301 95 29 terna
395 2302 202 31 överfördes
619 2305 49 29 till
690 2314 43 20 en
755 2307 149 30 särskild
927 2308 96 36 fond,
1046 2319 74 21 som
1141 2313 177 30 användes
1340 2314 54 30 för
1415 2318 49 27 att
1488 2316 177 31 förstärka
1687 2319 87 29 leve-

276 2350 242 41 ransbidraget
543 2354 111 29 under
679 2355 409 43 stallfodringsperioden
1115 2361 203 40 förslagsvis
1346 2366 12 28 1
1389 2366 271 32 november-—31
1688 2370 84 38 mai.

274 2399 128 31 Genom
425 2401 116 31 denna
559 2405 197 40 anordning
777 2407 111 30 skulle
910 2409 147 40 troligen
1078 2413 47 27 ett
1146 2412 194 41 pristillägg
1361 2424 41 19 av
1424 2417 347 41 storleksordningen

275 2449 18 28 3
312 2450 19 29 å
349 2451 18 29 4
386 2452 58 29 öre
463 2462 61 29 per
543 2453 168 39 kilogram
733 2456 120 30 kunna
873 2458 172 31 utbetalas
1067 2461 108 29 under
1194 2463 340 33 vintermånaderna.
1555 2469 63 29 Det
1639 2470 37 28 är
1697 2479 73 20 som
