1870 2794
397 169 390 30 Jordbruksutskottets
807 168 179 30 utlåtande
1003 178 43 20 nr
1062 168 42 29 29
1120 168 39 30 år
1179 168 84 29 1959
1539 166 39 30 67

118 254 377 30 Jordbruksnämnden
513 253 64 30 har
596 253 11 29 i
624 253 151 39 enlighet
792 253 80 29 med
891 252 66 29 den
976 251 153 31 träffade
1147 250 363 31 överenskommelsen
1531 250 52 30 fö-

74 305 152 39 reslagit,
256 307 50 27 att
335 304 147 40 skyddet
511 304 45 39 på
586 303 329 31 stärkelseområdet
944 302 112 30 under
1085 302 66 30 den
1180 301 211 30 kommande
1420 300 164 40 prissätt-

74 355 271 40 ningsperioden
363 355 176 29 anordnas
560 355 45 39 på
623 363 135 21 samma
776 355 69 29 sätt
865 363 74 20 som
958 353 54 30 för
1031 353 219 30 närvarande
1269 355 90 27 samt
1377 354 49 28 att
1445 360 47 20 nu
1510 351 73 40 gäl-

72 406 104 29 lande
203 405 294 39 införselavgifter
525 405 65 29 och
616 405 11 29 i
654 404 288 31 förekommande
969 404 62 29 fall
1059 402 440 41 kompensationsavgifter
1526 402 56 30 för

74 456 169 30 stärkelse
270 456 64 29 och
361 455 364 40 stärkelseprodukter
751 455 190 30 bibehålles
967 454 246 30 oförändrade.
1240 455 166 29 Häremot
1431 453 65 30 har
1520 453 60 39 jag

73 506 72 30 inte
170 507 104 39 något
299 509 49 27 att
372 507 127 29 erinra.
523 506 185 30 Nämnden
731 506 64 29 har
820 505 193 30 emellertid
1037 505 108 30 också
1167 505 189 33 hemställt,
1381 506 50 29 att
1455 504 125 39 glukos

78 558 208 33 (tulltaxenr
310 557 113 34 29.43)
452 560 90 27 samt
565 556 265 40 majsstärkelse
853 557 10 29 i
886 555 544 40 detaljhandelsförpackningar,
1452 556 129 38 vägan-

72 609 42 29 de
135 617 61 31 per
218 609 99 39 styck
337 609 102 38 högst
462 609 13 29 1
499 608 173 39 kilogram
693 610 96 28 netto
815 608 96 33 (stat.
933 617 41 20 nr
998 607 205 34 11.08.1011),
1226 606 88 31 skall
1337 606 95 30 föras
1454 606 36 29 in
1512 615 63 20 un-

75 658 61 30 der
152 658 421 39 jordbruksregleringen.
590 659 65 38 Jag
672 657 117 30 finner
805 657 192 30 emellertid
1015 659 50 28 att
1083 656 210 40 tillräckliga
1310 656 75 30 skäl
1402 656 72 29 inte
1491 655 89 31 före-

74 709 108 39 ligger
211 711 49 27 att
286 709 10 29 i
323 709 115 30 denna
463 708 53 30 del
544 708 177 39 tillstyrka
747 708 174 29 avvikelse
947 707 80 29 från
1054 707 66 30 den
1147 706 278 40 gränsdragning
1451 706 130 29 mellan

73 759 490 40 jordbruksregleringsvaror
585 759 65 29 och
674 758 109 30 andra
804 767 113 25 varor,
940 767 74 21 som
1037 757 80 30 med
1139 757 206 39 riksdagens
1367 756 214 30 medverkan

74 810 171 30 beslutats
273 810 37 30 så
336 812 76 27 sent
439 819 73 20 som
539 809 38 30 år
606 809 93 30 1958.
725 810 166 29 Däremot
918 808 116 30 finner
1058 808 60 39 jag
1144 808 71 39 mig
1241 808 84 30 böra
1352 807 150 37 förorda,
1531 809 50 27 att

75 861 178 30 nämnden
273 861 10 29 i
305 860 204 39 anslutning
529 860 53 29 till
602 860 65 29 vad
689 869 82 30 nyss
793 859 147 34 anförts,
964 859 110 29 under
1094 859 67 29 den
1183 868 68 30 nya
1271 857 311 40 prissättningspe-

74 911 122 30 rioden
221 911 226 39 bemyndigas
473 913 49 27 att
546 910 187 30 restituera
755 910 83 29 eller
861 909 112 30 befria
996 909 82 29 från
1100 908 161 30 införsel-
1284 908 65 30 och
1372 909 211 38 kompensa-

75 962 243 39 tionsavgifter
338 961 54 30 för
412 971 92 26 vara,
527 970 74 21 som
623 960 176 30 användes
820 960 82 30 eller
923 961 38 28 är
981 959 130 30 avsedd
1131 961 50 27 att
1201 959 179 30 användas
1400 958 54 30 för
1473 958 109 30 fram-

75 1012 167 39 ställning
264 1022 40 19 av
327 1011 272 30 farmacevtiska
621 1011 241 39 specialiteter.

120 1062 121 31 Såsom
265 1062 155 39 framgår
443 1071 40 20 av
505 1061 392 39 jordbruksnämndens
922 1061 166 29 skrivelse
1111 1060 64 29 har
1199 1059 176 31 nämnden
1398 1059 65 30 och
1485 1059 97 39 jord-

74 1114 145 29 brukets
256 1112 443 39 förhandlingsdelegation
736 1111 169 39 tillstyrkt
943 1121 43 20 en
1023 1120 41 20 av
1102 1110 377 39 stärkelseföreningen
1516 1110 64 29 hos

75 1164 178 29 nämnden
273 1163 100 39 gjord
395 1163 197 39 ansökning
612 1172 56 20 om
690 1165 49 27 att
759 1162 35 30 få
814 1162 186 39 disponera
1022 1163 14 28 1
1054 1161 62 30 000
1131 1161 62 30 000
1214 1162 129 29 kronor
1363 1170 41 21 av
1425 1160 156 30 influtna

74 1215 66 28 och
162 1214 196 39 inflytande
379 1212 298 40 införselavgifter
698 1213 54 30 för
775 1213 168 30 stärkelse
965 1212 65 30 och
1052 1211 364 40 stärkelseprodukter
1437 1211 55 30 för
1514 1211 66 29 den

75 1265 166 29 fortsatta
265 1264 329 40 rationaliseringen
620 1273 41 20 av
689 1263 379 31 stärkelseindustrien.
1096 1263 78 30 Med
1201 1263 138 39 hänsyn
1365 1263 52 29 till
1444 1262 137 39 angelä-

75 1316 172 38 genheten
269 1324 42 21 av
336 1317 49 27 att
408 1315 114 29 denna
543 1314 225 30 verksamhet
790 1314 72 30 inte
884 1314 185 39 fördröjes,
1093 1314 117 29 finner
1231 1314 59 39 jag
1312 1314 70 38 mig
1405 1313 85 30 böra
1511 1313 71 30 för-

74 1366 86 29 orda
181 1368 47 27 ett
248 1365 98 30 bifall
367 1365 52 30 till
440 1365 225 39 föreningens
686 1365 207 39 ansökning.
914 1365 126 39 Kungl.
1062 1364 105 39 Maj:t
1189 1364 62 30 bör
1271 1364 148 30 sålunda
1438 1363 144 40 bemyn-

76 1417 99 39 digas
199 1417 121 38 medge
343 1416 177 29 nämnden
545 1419 50 27 att
619 1426 42 19 av
683 1416 268 39 ifrågavarande
975 1415 391 39 införselavgiftsmedel
1392 1415 188 39 disponera

73 1467 103 39 högst
198 1467 13 29 1
229 1466 62 30 000
306 1466 63 30 000
389 1466 130 30 kronor
540 1466 55 30 för
614 1466 479 38 rationaliseringsändamål.

120 1518 13 28 i
154 1516 94 30 delta
267 1516 255 38 sammanhang
542 1516 65 29 har
624 1515 372 39 jordbruksnämnden
1017 1515 143 34 anmält,
1181 1518 50 27 att
1250 1515 124 30 hittills
1392 1524 120 20 vunna
1531 1523 51 21 er-

75 1567 199 29 farenheter
298 1576 41 20 av
362 1566 95 29 förut
479 1566 148 30 berörda
648 1565 263 30 bestämmelser
934 1575 56 20 om
1013 1565 244 30 utomstående
1280 1565 135 30 odlares
1438 1566 70 29 rätt
1531 1567 50 28 att

74 1618 154 29 leverera
253 1617 129 39 potatis
407 1617 51 29 till
484 1616 290 30 stärkelsefabrik
798 1616 45 40 på
866 1616 10 29 i
900 1616 188 30 huvudsak
1113 1626 135 20 samma
1271 1616 125 31 villkor
1422 1625 74 21 som
1522 1625 60 21 an-

76 1668 178 39 delsägare
275 1669 9 29 i
307 1667 96 39 dylik
425 1667 116 29 fabrik
562 1666 84 40 givit
667 1667 57 29 vid
744 1667 151 33 handen,
917 1669 49 28 att
988 1667 57 30 det
1067 1667 100 30 råder
1189 1676 42 20 en
1250 1667 70 30 viss
1342 1667 240 39 obenägenhet

75 1718 62 30 hos
159 1718 117 29 odlare
295 1720 49 27 att
364 1718 81 39 ingå
465 1726 74 21 som
560 1717 226 39 andelsägare
805 1718 11 29 i
836 1717 198 40 nyanlagda
1055 1717 165 30 fabriker.
1240 1717 342 40 Andelsägarskapet

75 1769 40 29 är
143 1768 175 39 nämligen
348 1768 137 30 förenat
514 1768 79 29 med
623 1777 42 20 en
696 1769 68 29 rätt
793 1768 196 39 betydande
1018 1768 257 39 kapitalinsats.
1304 1768 184 30 Nämnden
1517 1768 65 29 har

75 1819 194 29 emellertid
288 1820 124 32 ansett,
432 1821 48 28 att
498 1818 436 39 rationaliseringsarbetet
953 1819 72 29 inte
1042 1819 63 30 bör
1122 1819 200 30 motverkas
1340 1819 65 29 och
1422 1819 65 29 har
1505 1819 77 30 där-

76 1869 55 29 för
156 1869 171 29 förklarat
352 1869 51 38 sig
427 1869 10 29 i
460 1868 137 39 princip
622 1868 86 30 intet
733 1869 45 29 ha
802 1871 51 27 att
876 1869 114 29 erinra
1014 1872 74 26 mot
1112 1871 50 27 att
1184 1869 58 29 vid
1266 1869 248 39 överteckning
1541 1879 41 19 av

76 1920 329 39 potatisleveranser
427 1919 160 39 delägare
607 1920 11 28 i
641 1919 224 39 nyuppförda
887 1920 81 29 eller
990 1920 102 38 eljest
1112 1920 288 30 rationaliserade
1423 1920 157 29 fabriker

76 1970 90 29 skall
190 1970 135 29 lämnas
349 1969 70 29 viss
444 1969 266 30 företrädesrätt
734 1971 49 27 att
807 1969 151 29 leverera
982 1969 139 38 potatis.
1148 1970 12 28 I
1185 1969 188 39 anledning
1395 1970 109 29 härav
1528 1969 54 30 får

74 2020 60 39 jag
156 2019 116 30 erinra
292 2029 56 19 om
371 2021 49 28 att
443 2018 486 40 fabrikspotalisregleringen
952 2019 279 31 underkastades
1252 2029 42 20 en
1316 2020 267 39 genomgripan-

76 2070 41 29 de
137 2071 147 38 översyn
303 2070 57 28 vid
383 2070 83 29 1956
486 2069 58 30 års
562 2069 152 39 riksdag,
734 2069 121 30 varvid
875 2071 86 29 även
982 2070 240 39 nyssnämnda
1242 2070 263 30 bestämmelser
1525 2080 56 20 om

76 2120 244 30 utomstående
347 2120 136 29 odlares
510 2121 69 28 rätt
609 2122 49 27 att
684 2121 152 28 leverera
863 2120 128 39 potatis
1018 2120 167 30 infördes.
1214 2121 50 29 Då
1291 2121 56 29 det
1374 2121 107 39 enligt
1507 2122 75 29 min

77 2171 228 39 uppfattning
333 2171 37 29 är
399 2171 190 38 angeläget,
619 2173 50 27 att
696 2171 115 29 denna
839 2171 254 39 grundprincip
1121 2172 72 29 inte
1221 2172 139 34 rubbas,
1389 2182 103 20 anser
1520 2173 59 38 jag

76 2221 71 37 mig
163 2220 71 29 inte
251 2221 120 28 kunna
388 2220 136 29 biträda
542 2220 348 38 ändringsförslaget.
908 2220 186 38 Prineipen
1111 2230 56 19 om
1185 2221 243 30 utomstående
1445 2222 137 29 odlares

77 2271 69 28 rätt
173 2272 49 28 att
250 2271 152 28 leverera
428 2269 129 39 potatis
584 2269 51 29 till
664 2269 288 30 stärkelsefabrik
978 2270 45 39 på
1048 2270 10 28 i
1084 2270 186 30 huvudsak
1296 2280 136 20 samma
1455 2271 128 30 villkor

77 2329 75 20 som
169 2320 225 38 andelsägare
413 2319 10 28 i
439 2319 96 39 dylik
551 2318 117 30 fabrik
685 2328 102 31 synes
804 2319 192 30 emellertid
1012 2319 72 30 inte
1099 2320 84 29 böra
1199 2320 98 39 lägga
1314 2320 124 30 hinder
1449 2321 10 28 i
1472 2322 110 38 vägen

77 2370 54 30 för
157 2379 40 20 en
225 2369 366 39 prisdifferenticring.
618 2369 243 38 Prisavdraget
888 2369 53 29 för
966 2369 245 30 utomstående
1234 2370 129 34 odlare,
1388 2370 108 30 vilket
1521 2370 62 30 bör

76 2421 127 38 prövas
228 2429 42 21 av
294 2419 384 39 jordbruksnämnden,
705 2419 60 30 bör
792 2419 88 29 dock
905 2419 71 30 inte
1004 2428 83 20 vara
1113 2420 111 29 större
1249 2421 45 28 än
1318 2420 68 29 vad
1411 2429 74 21 som
1512 2421 71 29 kan

79 2479 103 21 anses
206 2470 157 39 skäligen
386 2471 176 27 motsvara
586 2469 121 30 värdet
730 2478 42 20 av
795 2469 168 30 medlems
988 2468 237 40 förpliktelser
1248 2470 52 29 till
1322 2470 259 30 vederbörande

79 2520 192 40 förening.>
