1870 2790
252 157 39 30 90
575 155 389 30 Jordbruksutskottets
984 156 179 30 utlåtande
1180 166 43 21 nr
1239 158 42 28 29
1297 158 39 29 år
1356 158 82 29 1959

259 239 145 30 skridits
425 240 54 30 för
500 242 48 28 ett
567 241 174 39 varuslag.
764 241 217 39 Föreningen
1004 241 131 30 Svensk
1157 241 206 30 kötthandel
1386 241 72 30 står
1479 243 113 38 öppen
1615 242 55 30 för
1691 243 68 29 alla

259 290 176 39 reguljära
459 290 262 39 partihandlare
746 291 43 38 på
814 291 91 29 kött-
927 291 66 30 och
1018 291 264 30 fläskområdet.
1309 293 76 28 Med
1413 292 136 39 hänsyn
1576 292 51 29 till
1652 292 106 30 bland

259 343 107 27 annat
391 341 280 29 önskvärdheten
698 343 49 27 att
774 341 125 30 bevara
923 341 42 31 de
990 342 149 29 svenska
1163 351 170 20 varornas
1359 343 171 29 anseende
1557 343 200 29 utomlands

257 391 62 28 bör
347 390 204 40 föreningen
579 391 126 30 liksom
734 391 125 31 hittills
887 392 63 39 äga
978 392 145 33 besluta,
1151 394 50 27 att
1229 392 245 40 exportbidrag
1502 393 88 29 skall
1619 394 137 29 lämnas

257 440 125 30 endast
400 441 51 29 till
471 441 224 39 föreningens
716 442 239 29 medlemmar.

300 492 115 39 Enligt
445 493 81 28 1955
555 492 56 30 års
639 492 277 39 riksdagsbeslut
945 493 89 30 skall
1063 492 231 31 kvantitativa
1323 494 335 39 exportregleringar
1684 494 72 29 inte

255 543 156 38 vidtagas
431 543 222 34 omedelbart,
675 543 44 29 då
742 543 66 29 den
827 544 80 29 övre
926 543 224 39 prisgränsen
1170 546 174 37 tangeras.
1365 545 12 29 I
1398 543 151 40 enlighet
1568 545 79 29 med
1668 544 88 30 före-

254 593 159 39 liggande
435 593 339 30 överenskommelse
797 594 61 29 bör
881 593 67 30 den
970 593 92 34 nivå,
1084 594 57 29 vid
1163 594 118 29 vilken
1306 594 130 30 sådana
1460 595 212 39 regleringar
1694 595 61 30 bör

254 644 141 29 komma
415 644 10 28 i
446 643 108 39 fråga,
576 643 192 31 fastställas
791 644 52 29 för
863 644 138 30 nötkött
1021 644 52 29 till
1104 646 6 29 5
1131 645 129 29 kronor
1282 645 39 30 50
1342 646 57 28 öre
1419 654 61 30 per
1499 646 171 38 kilogram
1690 646 65 29 och

255 694 53 29 för
329 694 92 30 fläsk
443 694 52 30 till
516 694 18 29 5
555 695 129 29 kronor
705 704 62 30 per
788 695 181 38 kilogram.

295 745 12 28 I
329 743 99 40 fråga
448 754 55 19 om
525 745 316 34 charkuterivaror,
863 745 275 35 köttkonserver,
1161 754 108 31 organ
1289 747 65 28 och
1374 746 134 30 inälvor
1529 749 90 28 samt
1641 747 114 39 styck-

253 794 253 40 ningsdetaljer
526 795 61 30 bör
607 795 372 39 jordbruksnämnden
1002 797 87 29 även
1110 796 10 29 i
1143 796 272 40 fortsättningen
1436 815 44 3 -—
1501 799 63 28 när
1586 798 66 29 den
1674 799 80 28 övre

252 845 83 29 eller
357 845 103 30 nedre
480 846 224 39 prisgränsen
726 847 96 28 över-
842 846 195 39 respektive
1058 847 249 30 underskrides
1329 848 53 29 för
1405 848 127 30 endera
1551 848 139 30 nötkött
1709 849 46 29 el-

252 896 49 29 ler
322 895 91 30 fläsk
433 896 82 29 eller
535 896 173 30 bådadera
727 915 45 3 —
791 897 35 29 få
846 897 139 40 vidtaga
1005 897 132 30 sådana
1157 898 237 39 anordningar
1414 898 222 31 beträffande
1657 908 97 31 nyss-

252 946 154 29 nämnda
426 946 201 39 produkter,
649 956 74 20 som
745 948 38 29 är
804 947 181 39 betingade
1004 957 43 20 av
1068 948 346 40 omständigheterna
1433 949 64 29 och
1517 949 237 30 önskvärdhe-

252 998 57 27 ten
331 998 48 27 att
403 996 134 40 skydda
557 998 195 38 respektive
773 998 188 39 prisgräns.
984 999 129 29 Därvid
1135 999 61 29 bör
1217 1000 193 29 emellertid
1431 1000 126 29 liksom
1579 1009 47 20 nu
1647 1001 107 28 kvan-

251 1046 137 30 titativa
411 1046 343 40 importregleringar
779 1048 70 30 inte
874 1048 175 39 företagas
1073 1049 11 29 i
1109 1049 99 39 fråga
1231 1059 57 20 om
1313 1050 132 29 sådana
1469 1050 159 40 speciella
1655 1053 99 37 typer

249 1107 43 20 av
313 1098 187 30 konserver
521 1099 64 29 och
605 1099 317 35 charkuterivaror,
945 1109 74 21 som
1040 1101 72 29 inte
1133 1101 181 30 tillverkas
1334 1102 95 28 inom
1451 1102 119 29 landet
1590 1111 81 21 men
1694 1102 53 29 för

251 1148 94 28 vilka
364 1148 217 38 köpintresse
603 1148 126 30 finnes.
751 1149 93 29 Dock
866 1149 61 29 bör
946 1149 129 40 import
1097 1159 40 20 av
1156 1150 188 30 konserver
1364 1151 65 29 och
1447 1151 306 30 charkuterivaror

252 1198 8 27 i
282 1198 148 38 angivna
451 1199 73 38 läge
546 1199 69 29 inte
636 1199 36 29 få
693 1200 65 38 äga
777 1209 88 24 rum,
886 1209 56 20 om
964 1200 56 31 det
1042 1200 230 35 konstateras,
1296 1204 48 27 att
1365 1211 81 20 man
1468 1202 202 39 därigenom
1692 1211 61 30 up-

251 1248 146 38 penbart
417 1249 100 30 söker
537 1249 146 39 kringgå
703 1250 295 39 importförbudet
1018 1251 54 29 för
1091 1251 54 29 hel
1165 1261 93 20 vara.

294 1299 64 29 Det
384 1298 62 30 bör
472 1299 189 30 ankomma
685 1300 46 39 på
755 1300 370 40 jordbruksnämnden
1154 1304 49 27 att
1228 1303 81 28 med
1335 1302 222 40 tillämpning
1583 1313 40 19 av
1649 1312 104 31 grun-

249 1348 108 30 derna
382 1349 10 29 i
418 1349 55 30 det
500 1349 198 40 föreslagna
722 1351 418 40 prissättningssystemet
1164 1353 160 30 meddela
1350 1353 226 40 erforderliga
1602 1354 151 30 direktiv

250 1398 54 30 för
325 1399 204 40 föreningen
551 1400 131 30 Svensk
705 1401 217 30 kötthandel.
941 1403 50 29 De
1012 1403 121 34 medel,
1156 1412 73 20 som
1251 1403 142 39 inflyter
1415 1412 122 31 genom
1559 1407 193 37 upptagan-

250 1449 40 29 de
308 1459 41 19 av
365 1450 220 39 slaktdjurs-,
602 1451 162 30 utförsel-
781 1452 64 29 och
862 1452 439 40 kompensationsavgifter
1318 1454 43 39 på
1378 1455 74 29 kött
1469 1455 64 29 och
1551 1455 92 30 fläsk
1660 1458 92 28 samt

248 1500 119 38 övriga
388 1500 51 29 till
462 1501 94 30 detta
573 1502 144 30 område
737 1502 156 30 hörande
912 1504 174 38 varuslag,
1106 1504 61 30 bör
1187 1504 180 30 överföras
1389 1505 49 29 till
1461 1506 205 39 föreningen
1687 1506 64 29 och

249 1550 179 30 användas
448 1551 54 30 för
521 1554 49 28 att
588 1552 103 30 täcka
711 1552 214 31 förlusterna
943 1554 11 29 i
974 1554 132 30 dennas
1126 1555 233 32 verksamhet.
1378 1556 66 29 Till
1464 1556 124 40 frågan
1607 1566 56 20 om
1684 1556 67 30 dis-

248 1600 196 38 positionen
466 1611 41 20 av
528 1601 296 41 införselavgifter
844 1603 235 31 återkommer
1098 1605 59 39 jag
1177 1605 11 29 i
1208 1608 47 27 ett
1278 1615 120 20 senare
1420 1607 139 29 avsnitt.

293 1685 115 39 Enligt
425 1685 65 30 den
508 1686 236 40 föreliggande
762 1688 364 31 överenskommelsen
1145 1690 88 29 skall
1251 1690 78 37 den,
1347 1700 74 20 som
1437 1691 206 30 verkställer
1659 1692 11 29 1
1685 1701 19 20 a
1717 1699 33 31 g-

248 1735 108 39 ring
382 1745 40 19 av
448 1736 74 29 kött
548 1737 64 29 och
639 1737 105 35 fläsk,
770 1747 74 20 som
870 1739 246 39 understödjes
1142 1740 79 29 med
1246 1741 303 39 regleringsmedel
1576 1741 79 30 från
1682 1741 68 31 för-

247 1786 149 38 eningen
419 1786 131 31 Svensk
573 1787 217 37 kötthandel,
812 1789 70 29 inte
903 1789 88 30 blott
1013 1799 73 21 som
1109 1799 46 20 nu
1178 1790 140 40 åtnjuta
1340 1791 121 39 bidrag
1483 1792 55 30 för
1556 1792 44 30 de
1622 1792 128 39 rörliga

248 1836 403 40 lagringskostnaderna,
683 1839 115 30 såsom
830 1841 119 29 räntor
979 1841 66 30 och
1074 1842 212 39 lagerhyror,
1318 1845 85 27 utan
1432 1843 11 29 i
1474 1842 273 41 fortsättningen

249 1887 86 30 även
359 1887 120 31 kunna
502 1888 132 31 erhålla
655 1889 123 40 bidrag
801 1890 55 29 för
878 1890 93 31 fasta
993 1892 357 39 lagringskostnader,
1375 1893 115 30 såsom
1513 1893 235 40 infrysnings-

248 1937 119 39 avgift,
388 1938 397 40 hanteringskostnader
805 1941 64 29 och
890 1940 112 30 svinn.
1023 1941 126 30 Vidare
1171 1942 89 30 skall
1280 1942 123 40 bidrag
1423 1952 43 21 av
1484 1944 264 39 regleringsme-

248 1988 54 29 del
320 1988 122 30 kunna
458 1988 36 30 få
511 1989 136 31 lämnas
666 1989 55 31 för
739 1992 50 28 att
806 1991 102 29 täcka
926 1991 176 35 förluster,
1122 2001 75 21 som
1215 1993 70 29 kan
1304 1993 127 39 uppstå
1450 1992 54 31 för
1522 1993 225 40 lagerhållar-

247 2046 54 25 na,
327 2037 201 40 därigenom
552 2041 50 28 att
626 2039 122 30 frusen
773 2049 84 21 vara
878 2040 113 30 måste
1015 2041 108 39 säljas
1147 2041 50 30 till
1222 2042 94 39 lägre
1339 2042 72 39 pris
1434 2044 44 28 än
1502 2044 246 29 motsvarande

248 2088 97 29 färsk
367 2097 91 21 vara.
481 2090 187 38 Förslaget,
691 2099 76 21 som
788 2090 145 31 innebär
954 2100 42 21 en
1017 2091 71 31 viss
1110 2092 166 40 återgång
1297 2093 52 29 till
1369 2093 66 29 vad
1456 2103 74 21 som
1552 2094 113 39 gällde
1685 2103 63 20 un-

245 2138 61 29 der
324 2138 93 30 tiden
437 2140 158 30 närmast
613 2140 73 30 före
705 2141 67 29 den
790 2151 46 20 nu
855 2142 148 38 löpande
1021 2142 369 40 regleringsperioden,
1409 2153 102 30 synes
1528 2144 122 30 kunna
1667 2145 81 40 god-

245 2190 108 37 tagas.
377 2189 142 30 Liksom
541 2190 124 30 hittills
687 2191 62 30 bör
772 2192 268 39 lagringsstödet
1061 2193 192 30 emellertid
1275 2194 123 31 endast
1419 2204 79 20 avse
1519 2195 150 30 svenska
1690 2205 57 20 va-

245 2248 67 25 ror,
338 2248 73 21 som
435 2240 114 39 lagras
573 2240 9 29 i
607 2242 110 29 större
741 2242 259 30 kommersiella
1024 2243 143 39 fryshus
1191 2254 42 20 av
1255 2245 229 30 medlemmar
1506 2246 11 29 i
1541 2245 206 41 föreningen

244 2290 134 29 Svensk
401 2290 215 36 kötthandel,
641 2292 65 29 och
729 2292 124 31 endast
877 2293 83 39 utgå
984 2294 111 29 under
1120 2294 169 39 perioder,
1314 2295 44 30 då
1383 2296 55 29 det
1462 2296 153 30 aktuella
1638 2297 108 39 priset

244 2339 55 30 för
318 2340 258 31 vederbörande
595 2343 163 39 varuslag
778 2343 106 39 ligger
903 2344 112 29 under
1033 2344 200 40 mittpriset.
1255 2346 66 29 Det
1340 2346 62 30 bör
1419 2346 118 31 vidare
1557 2347 188 30 ankomma

243 2390 44 38 på
305 2390 372 39 jordbruksnämnden
696 2395 50 27 att
765 2393 195 31 bestämma
975 2395 178 30 storleken
1172 2404 43 21 av
1233 2396 43 30 de
1294 2396 93 30 olika
1404 2396 177 40 bidragen.
1599 2399 49 29 De
1669 2399 77 29 när-

243 2449 96 21 mare
367 2442 199 38 grunderna
593 2442 54 31 för
674 2443 270 40 lagringsstödet
971 2445 108 35 torde,
1107 2445 87 31 efter
1221 2446 132 40 förslag
1380 2456 42 20 av
1447 2448 188 34 nämnden,
1662 2448 83 30 böra

244 2490 192 32 fastställas
460 2501 41 20 av
526 2493 124 38 Kungl.
674 2494 117 39 Maj:t.
