2198 2642
665 193 229 42 Lagutskottets
920 193 168 31 Utlåtande
1111 192 62 31 N:o
1196 193 55 31 23.
1700 191 19 31 5

155 283 132 36 handel
325 283 205 43 framlades,
571 282 200 47 föreslogos
804 281 184 47 nemligen
1015 281 120 35 tillika
1162 281 107 42 vissa,
1299 280 171 36 särskildt
1496 279 58 36 för
1581 278 181 49 gårdfari-

156 334 132 35 handel
329 333 149 36 afsedda
518 333 273 36 bestämmelser
819 351 58 25 —,
919 332 66 36 och
1019 337 54 30 att
1099 332 44 35 de
1171 335 135 43 ansågo
1333 345 44 22 en
1405 331 112 35 sådan
1543 330 220 46 förändring

155 397 76 23 som
272 384 70 36 den
382 397 49 23 nu
472 384 205 47 föreslagna
717 396 86 23 vara
842 384 153 47 lämplig
1025 383 67 35 och
1126 383 133 48 nyttig.
1314 382 111 36 Dessa
1453 381 311 47 omständigheter

156 435 93 35 hade
289 434 183 36 föranledt
512 436 227 34 motionären
777 439 54 30 att
871 433 106 36 äfven
1015 433 61 36 vid
1111 433 120 36 denna
1259 433 147 47 riksdag
1433 438 160 42 upptaga
1620 431 141 47 frågan.

289 486 95 35 Herr
411 485 196 47 Swartling
633 484 107 36 anför
767 484 139 36 vidare:

291 535 100 37 »Som
418 536 135 35 bekant
579 535 109 36 hafva
715 535 303 35 handelsidkarne
1045 535 106 45 länge
1178 535 124 47 klagat
1329 534 112 43 öfver,
1471 539 52 30 att
1549 533 44 36 de
1621 534 142 46 svårig-

156 588 112 43 heter,
298 600 79 23 som
404 587 45 35 de
475 587 100 35 inom
602 587 65 35 sitt
693 587 91 48 yrke
811 584 107 37 hafva
945 590 55 31 att
1027 585 132 47 kämpa
1186 591 108 37 emot,
1324 584 114 36 blifva
1465 587 40 32 år
1528 583 93 36 efter
1640 587 40 32 år
1699 585 66 34 allt

156 643 115 31 större
298 638 66 35 och
392 643 114 30 större
533 637 77 36 dels
636 637 58 35 till
721 636 90 47 följd
841 635 40 36 af
905 636 67 35 den
1003 636 131 47 skarpa
1161 637 241 42 konkurrens,
1430 648 78 23 som
1535 634 229 36 framkallats

156 688 114 44 deraf,
304 693 53 31 att
388 689 136 34 antalet
555 688 40 35 af
618 687 94 43 dem,
741 700 75 23 som
846 692 110 41 egnat
984 687 55 46 sig
1066 690 37 32 åt
1130 687 272 49 handelsyrket,
1431 686 173 36 oerhördt
1631 686 134 35 snabbt

156 741 115 40 ökats,
312 739 66 36 och
417 739 77 35 dels
533 739 56 35 till
628 738 91 47 följd
748 737 115 42 deraf,
892 737 67 36 och
987 737 101 36 detta
1115 745 39 27 är
1181 738 63 35 det
1273 743 130 36 värsta,
1432 743 54 29 att
1512 737 69 35 den
1610 736 155 36 sålunda

158 791 208 47 uppkomna
397 790 273 35 konkurrensen
703 788 123 36 blifvit
857 789 12 34 i
902 788 72 47 hög
999 788 91 46 grad
1119 788 127 43 osund,
1276 796 87 28 enär
1390 801 43 22 en
1462 793 76 30 stor
1566 787 133 47 mängd
1728 786 40 36 af

157 841 93 42 dem,
293 853 78 23 som
410 840 100 48 gifva
550 841 56 46 sig
646 840 36 35 in
724 843 45 44 på
811 839 342 46 köpmannabanan,
1186 846 89 39 göra
1307 839 100 35 detta
1435 844 86 30 utan
1550 844 54 29 att
1631 851 133 35 genom

157 891 219 47 föregående
416 891 143 48 praktik
600 889 109 36 hafva
747 888 203 37 förvärfvat
977 890 56 44 sig
1059 890 112 46 nödig
1200 890 111 47 insigt
1337 891 12 34 i
1377 889 65 35 och
1472 889 205 35 kännedom
1705 902 58 21 om

157 942 124 49 yrkets
321 942 137 48 rigtiga
498 940 251 43 bedrifvande,
782 939 147 36 hvarför
956 940 45 35 de
1028 941 116 41 också,
1173 940 76 35 ofta
1276 952 74 35 nog
1376 940 216 43 omedvetet,
1620 938 146 47 tillfoga

158 994 56 45 sig
254 992 129 47 sjelfva
422 992 66 35 och
529 991 114 36 andra
671 991 109 35 skada
807 1002 130 35 genom
967 989 228 48 oförståndig
1223 992 65 34 och
1317 992 138 47 planlös
1483 991 134 35 skötsel
1646 989 40 35 af
1709 991 56 34 sin

159 1043 101 36 affär.
315 1043 66 35 Att
420 1042 89 36 råda
547 1041 209 47 fullkomlig
788 1041 63 35 bot
879 1041 57 35 för
962 1041 101 36 detta
1089 1041 96 35 onda
1213 1043 116 46 ligger
1356 1042 75 35 helt
1459 1042 88 35 visst
1576 1047 101 29 utom
1704 1040 62 36 det

159 1094 168 47 möjligas
367 1093 158 43 område,
566 1106 82 23 men
681 1095 111 44 något
818 1092 69 35 bör
914 1092 91 35 dock
1034 1092 124 35 kunna
1185 1098 106 41 göras
1318 1093 57 35 till
1403 1092 212 36 minskande
1642 1091 40 35 af
1705 1091 61 36 det

157 1144 269 47 öfverklagade,
455 1144 66 35 och
549 1144 95 35 hvad
673 1156 76 23 som
777 1143 12 35 i
812 1143 130 35 sådant
961 1142 169 36 afseende
1150 1143 70 35 kan
1239 1150 105 40 göras
1362 1144 66 35 bör
1446 1143 78 35 icke
1544 1143 220 35 underlåtas.

292 1195 115 35 Bland
435 1194 128 42 medel,
592 1207 76 23 som
696 1194 12 35 i
736 1193 129 36 sådant
892 1192 96 50 syfte
1016 1193 123 36 blifvit
1167 1193 225 47 ifrågasatta,
1421 1201 40 28 är
1488 1193 103 35 äfven
1619 1194 63 34 det
1707 1207 58 21 om

159 1246 201 46 stadgande
400 1245 38 35 af
475 1244 211 49 skyldighet
725 1244 58 36 för
824 1244 82 43 den,
948 1256 78 23 som
1066 1245 63 34 vill
1170 1245 136 34 erhålla
1345 1249 72 30 rätt
1456 1245 56 34 till
1544 1244 159 35 idkande
1731 1243 39 36 af

159 1297 144 42 handel,
345 1301 52 30 att
437 1296 124 48 styrka
602 1296 56 46 sig
698 1307 66 34 ega
804 1294 216 46 erforderlig
1060 1295 166 46 kunskap
1258 1295 12 34 i
1302 1294 205 48 bokföring.
1563 1295 66 34 Väl
1663 1294 103 35 torde

159 1347 103 36 detta
302 1347 116 34 medel
457 1346 79 35 icke
572 1346 124 35 kunna
728 1351 150 40 antagas
906 1344 113 35 varda
1046 1350 52 30 ett
1125 1346 12 34 i
1165 1345 225 35 förbemälda
1417 1344 167 36 afseende
1612 1358 154 35 synner-

159 1399 97 45 ligen
297 1397 152 46 kraftigt
488 1396 191 42 verkande,
722 1409 82 22 men
847 1396 46 34 då
933 1396 61 34 det
1033 1398 17 32 å
1090 1395 114 35 andra
1232 1395 101 36 sidan
1363 1396 181 47 svårligen
1574 1396 67 34 kan
1672 1396 94 34 vålla

160 1452 119 43 någon
320 1447 121 43 skada,
475 1451 38 31 så
544 1447 112 35 borde
684 1446 61 36 det
773 1452 86 29 utan
889 1451 76 30 stor
994 1445 249 47 betänklighet
1270 1446 124 35 kunna
1420 1447 141 34 anlitas.
1616 1445 76 37 Och
1722 1446 45 35 då

159 1499 61 35 det
247 1498 176 47 derjemte
451 1497 39 36 af
514 1497 166 48 Sveriges
709 1498 182 34 allmänna
919 1496 323 47 handelsförening
1270 1497 61 35 vid
1359 1497 87 35 flera
1470 1496 169 36 tillfällen
1658 1496 109 45 Iifligt

159 1549 190 43 förordats,
392 1553 94 31 samt
525 1548 70 35 den
636 1548 327 46 omständigheten,
1006 1552 52 30 att
1097 1548 115 46 enligt
1243 1548 171 46 gällande
1446 1549 59 45 lag
1536 1547 61 35 det
1624 1547 142 47 åligger

159 1600 156 47 köpman
356 1604 54 30 att
448 1598 78 36 föra
566 1599 206 44 ordentliga
811 1598 286 35 handelsböcker
1132 1599 66 34 och
1232 1598 279 36 underlåtenhet
1542 1598 225 35 härutinnan

160 1658 40 27 är
241 1650 131 47 belagd
415 1649 80 35 med
534 1650 139 45 ganska
705 1654 143 41 strängt
879 1647 114 43 straff,
1023 1649 136 45 jemväl
1188 1662 108 35 synes
1323 1650 72 33 tala
1422 1649 57 35 för
1506 1649 260 47 lämpligheten

158 1700 40 36 af
234 1705 54 30 att
328 1700 156 35 sökande
523 1699 40 35 af
593 1699 338 47 handelsrättighet,
961 1699 110 35 innan
1101 1699 70 34 han
1200 1699 155 35 erhåller
1382 1699 130 41 denna,
1540 1706 105 39 göres
1675 1712 92 35 upp-

160 1751 180 35 märksam
369 1753 44 44 på
441 1750 98 34 detta
566 1750 147 47 lagbud,
743 1750 211 45 derigenom
982 1755 52 29 att
1062 1749 101 35 bevis
1191 1762 58 22 om
1279 1750 88 35 hans
1391 1748 165 47 förmåga
1574 1755 53 29 att
1644 1750 124 34 kunna

160 1802 157 46 fullgöra
343 1800 63 35 det
433 1800 175 35 affordras
637 1800 143 43 honom,
809 1803 38 32 så
873 1799 104 36 torde
1005 1800 220 46 tillräckliga
1244 1800 76 34 skäl
1340 1800 118 34 finnas
1477 1799 55 35 för
1550 1799 62 35 det
1631 1799 136 47 ifråga-

160 1857 92 30 satta
279 1850 247 47 stadgandet.»

295 1901 50 35 På
370 1901 120 47 grund
519 1901 38 35 af
583 1900 93 36 hvad
706 1901 70 34 han
805 1900 154 35 sålunda
986 1900 132 41 anfört,
1148 1901 210 35 hemställer
1386 1901 83 34 herr
1488 1900 205 46 Swartling,
1715 1906 51 30 att

162 1952 205 47 Riksdagen
395 1952 85 34 ville
508 1951 141 35 besluta
677 1956 53 30 att
757 1952 10 33 i
796 1950 188 36 skrifvelse
1011 1951 156 42 anhålla,
1196 1951 62 35 det
1286 1951 130 47 Kongl.
1446 1951 112 45 Maj:t,
1587 1964 58 22 om
1672 1951 95 46 möj-

160 2003 68 46 ligt
269 2002 110 35 redan
412 2003 55 33 till
502 2008 104 29 nästa
638 2002 160 45 riksdag,
827 2001 140 35 täcktes
995 2001 201 46 framlägga
1223 2001 138 46 förslag
1387 2002 54 34 till
1471 2001 110 35 sådan
1610 2001 158 45 ändring

160 2052 39 35 af
225 2053 121 46 kongl.
376 2052 263 45 förordningen
667 2052 70 34 den
770 2054 42 33 18
837 2052 83 45 juni
953 2053 94 33 1864
1075 2051 188 46 angående
1291 2051 177 46 utvidgad
1494 2051 272 46 näringsfrihet,

160 2108 63 36 att,
265 2102 58 35 för
362 2102 210 35 erhållande
613 2102 40 34 af
689 2107 73 29 rätt
794 2102 54 34 till
882 2101 157 35 idkande
1073 2101 40 34 af
1138 2101 130 35 handel
1297 2102 88 34 eller
1411 2114 119 22 annan
1559 2102 145 40 rörelse,
1733 2101 39 35 af

160 2153 68 34 den
271 2152 258 41 beskaffenhet,
572 2157 52 29 att
662 2151 131 35 böcker
825 2151 168 35 deröfver
1020 2151 115 45 enligt
1162 2152 61 45 lag
1250 2152 101 34 skola
1379 2151 108 41 föras,
1516 2155 117 31 såsom
1664 2151 102 35 kom-

161 2202 248 48 petensvilkor
437 2202 156 45 stadgas,
623 2208 51 29 att
702 2202 68 34 den
800 2201 158 35 sökande
987 2201 89 34 skall
1105 2201 126 47 styrka
1259 2202 56 46 sig
1342 2213 66 34 ega
1435 2201 217 47 erforderlig
1672 2202 94 34 kun-

160 2253 88 47 skap
276 2252 60 36 för
362 2252 267 36 verkställande
656 2252 40 35 af
720 2252 68 35 den
816 2252 11 35 i
856 2252 59 46 lag
942 2250 220 37 föreskrifna
1191 2251 204 47 bokföring.
