2186 2643
672 163 251 33 Statsutskottets
952 160 168 33 Utlåtande
1144 160 61 32 N:o
1230 161 74 30 111.
1706 155 41 33 35

194 248 118 49 öfrigt
340 244 337 40 bestämmelserna
705 244 92 36 böra
816 242 190 49 tillämpas
1026 240 85 37 med
1130 239 226 38 varsamhet.
1403 238 68 37 Att
1490 237 156 49 vidtaga
1664 239 127 46 någon

193 300 167 49 ändring
387 299 12 36 i
428 302 227 33 momentets
685 295 204 49 affattning
917 307 114 36 synes
1059 293 81 49 mig
1168 292 97 37 dock
1292 291 83 37 icke
1403 290 254 49 erforderligt.

322 351 68 39 Uti
431 364 111 24 mom.
587 352 21 34 9
651 349 69 37 har
743 349 71 49 jag
841 348 13 36 i
882 347 119 36 likhet
1030 346 85 37 med
1142 343 321 50 nästföregående
1491 346 41 34 år
1560 342 126 38 funnit
1713 341 81 49 mig

194 406 92 37 böra
326 404 226 48 ifrågasätta
593 402 208 47 ändringar
841 400 56 36 uti
937 399 90 36 flera
1068 397 255 37 hänseenden.
1378 396 57 36 Då
1478 396 74 36 den
1588 395 207 48 viktigaste

195 457 216 48 ändringen
452 455 254 36 förekommer
747 452 120 37 under
909 450 35 49 2)
988 455 97 32 samt
1112 454 116 44 utgör
1256 462 48 23 en
1331 447 277 48 förutsättning
1636 446 59 37 för
1723 446 73 36 den

197 509 178 48 ändring,
418 521 81 23 som
537 506 157 37 föreslås
730 505 119 36 under
885 505 47 47 1),
962 502 167 37 anhåller
1152 503 70 47 jag
1251 506 55 31 att
1333 501 96 36 först
1457 500 37 36 få
1522 500 188 47 redogöra
1737 498 59 36 för

197 562 133 37 skälen
370 560 59 37 till
470 559 214 49 ändringen
725 557 120 37 under
878 556 48 49 2).
981 555 142 37 Härom
1159 553 152 50 yttrade
1339 553 46 36 de
1415 552 42 37 af
1480 552 80 49 mig
1587 550 209 37 tillkallade

197 626 233 38 personerna
457 613 55 35 uti
541 611 66 37 sitt
635 608 277 39 ofvanberörda
930 607 194 37 utlåtande
1144 606 178 49 följande.
1373 604 260 49 »Stadgandet
1651 604 12 36 i
1682 616 113 23 mom.

200 669 21 34 9
263 666 120 37 under
426 663 48 50 2),
505 668 55 32 att
595 661 315 39 låneförmedlare
939 660 33 49 ej
1003 665 92 43 äger
1124 659 58 37 för
1210 656 312 51 egnahemslånet
1549 656 160 48 betinga
1737 654 61 49 sig

200 732 124 24 annan
352 717 178 37 säkerhet
558 720 49 32 än
635 715 120 37 första
782 713 227 48 inteckning
1036 712 11 36 i
1075 711 244 49 lägenheten,
1348 710 69 36 har
1444 709 100 37 visat
1572 709 61 48 sig
1660 712 138 44 utgöra

200 776 57 32 ett
297 771 41 36 af
374 770 46 36 de
463 772 169 34 svåraste
674 767 164 36 hindren
879 766 59 36 för
979 762 485 51 egnahemslånerörelsens
1492 760 234 37 utveckling.
1781 760 18 35 I

201 823 206 37 allmänhet
434 821 105 36 tolka
566 817 485 49 hushållningssällskapen
1080 816 103 36 detta
1203 814 211 49 stadgande
1435 816 52 44 så,
1509 818 55 31 att
1583 813 216 48 sällskapen

199 876 83 36 icke
310 879 65 32 äro
403 872 239 49 berättigade
670 870 169 38 utbetala
866 872 128 46 någon
1017 868 59 37 del
1096 867 41 37 af
1152 867 115 47 lånet,
1288 867 130 36 förrän
1438 866 118 36 första
1575 864 225 48 inteckning

200 929 12 35 i
239 927 231 49 lägenheten
499 926 40 35 af
564 925 226 47 låntagaren
818 926 200 46 presteras.
1073 920 58 36 Då
1163 920 65 36 det
1260 922 20 33 å
1312 917 279 50 landsbygden,
1622 915 179 39 särskildt

200 981 12 35 i
253 979 150 36 trakter
439 978 85 36 med
552 976 166 49 gammal
745 973 283 50 tingsordning,
1058 973 136 48 drager
1221 971 91 48 lång
1339 971 55 35 tid
1424 975 55 31 att
1507 971 38 35 få
1571 969 231 48 lägenheten

200 1032 176 47 lagfaren
418 1030 71 37 och
531 1028 337 37 stamhemmanets
909 1025 267 48 inteckningar
1211 1023 218 37 relaxerade
1462 1022 87 36 med
1578 1021 175 37 afseende
1783 1023 19 33 å

202 1084 244 48 lägenheten,
477 1081 75 37 kan
581 1094 47 23 en
658 1080 76 49 god
763 1079 60 36 del
852 1078 40 37 af
919 1076 322 51 byggnadstiden,
1262 1076 46 35 då
1327 1075 226 48 låntagaren
1574 1079 40 31 är
1634 1075 12 35 i
1666 1078 137 31 största

202 1136 119 37 behof
360 1136 40 35 af
437 1134 227 49 penningar,
708 1132 120 48 förgå,
870 1131 117 36 innan
1024 1130 117 35 första
1177 1127 264 52 inteckning
1427 1121 21 66 i
1469 1127 231 48 lägenheten
1728 1125 75 36 kan

204 1189 229 36 inlevereras
462 1186 71 37 och
562 1186 63 36 det
653 1184 188 49 beviljade
870 1182 311 49 egnahemslånet
1209 1180 127 49 lyftas.
1392 1179 126 36 Afven
1546 1192 60 23 om
1635 1183 55 32 ett
1713 1177 92 37 eller

207 1246 116 31 annat
342 1237 435 49 hushållningssällskap
797 1236 135 49 plägar
952 1235 40 35 af
1009 1247 99 35 egna
1123 1233 125 36 medel
1263 1233 126 35 lämna
1403 1232 165 36 förskott
1585 1234 20 33 å
1620 1230 185 49 beviljadt

207 1291 284 51 egnahemslån,
534 1290 57 36 till
628 1289 86 36 dess
751 1289 225 47 låntagaren
1003 1286 75 36 kan
1105 1290 172 44 prestera
1306 1284 117 37 första
1450 1283 227 48 inteckning
1704 1282 12 36 i
1745 1282 60 35 sin

207 1344 193 50 lägenhet,
442 1345 120 34 måste
604 1342 64 36 det
704 1341 109 45 dock,
848 1338 147 38 oafsedt
1024 1343 54 31 att
1107 1342 55 32 ett
1191 1337 135 36 sådant
1354 1336 366 48 tillvägagångssätt
1747 1333 59 37 för

208 1398 116 35 andra
352 1393 435 49 hushållningssällskap
816 1397 41 31 är
875 1391 184 37 uteslutet
1077 1390 58 36 till
1155 1389 96 49 följd
1272 1389 40 35 af
1329 1388 234 49 begränsade
1584 1387 221 48 tillgångar,

210 1462 110 24 anses
348 1446 230 51 principiellt
607 1445 170 48 oriktigt,
807 1449 56 31 att
890 1442 338 38 låneförmedlaren
1253 1444 48 46 på
1321 1441 108 36 dessa
1449 1444 75 32 sätt
1544 1439 97 37 skall
1660 1439 147 47 nödgas

210 1502 42 36 af
290 1514 98 35 egna
429 1499 123 36 medel
587 1498 127 36 lämna
745 1497 176 46 förskott,
952 1495 70 36 och
1051 1507 89 24 anse
1168 1494 38 35 vi
1235 1506 60 24 oss
1324 1493 128 36 därför
1479 1492 93 36 böra
1599 1490 209 46 hemställa,

210 1557 48 46 på
300 1553 65 35 det
400 1557 55 31 att
483 1552 223 47 låntagarna
734 1552 118 33 måtte
880 1547 158 37 beredas
1065 1546 171 48 lindring
1263 1545 56 36 uti
1348 1544 259 47 omförmälda,
1637 1544 59 36 för
1724 1543 86 36 dem

210 1604 275 47 obestridligen
513 1602 207 49 tryckande
748 1600 287 37 bestämmelser
1063 1598 13 36 i
1100 1598 109 48 fråga
1229 1610 61 24 om
1310 1596 174 37 säkerhet
1504 1596 58 35 för
1582 1595 227 48 egnahems-

210 1658 122 46 lånen,
376 1660 54 32 att
471 1655 56 35 uti
567 1653 293 49 ifrågavarande
902 1655 168 32 moment
1109 1653 119 33 måtte
1268 1648 261 50 uttryckligen
1570 1648 167 48 stadgas,
1774 1647 33 48 ej

211 1708 147 38 mindre
389 1712 55 31 att
472 1706 219 48 relaxering
721 1705 40 36 af
785 1703 336 48 stamfastigheten
1149 1702 238 49 graverande
1406 1700 315 49 nyttjanderätts-
1742 1698 70 37 och

213 1759 466 47 servitutsinteckningar,
713 1770 79 23 som
821 1756 84 36 icke
933 1755 115 36 hafva
1075 1754 173 49 praktisk
1275 1753 195 48 betydelse
1499 1752 60 36 för
1586 1752 225 48 egnahems-

213 1812 243 49 lägenheten,
489 1811 83 36 icke
599 1812 61 34 må
688 1809 147 36 fordras
864 1811 123 33 såsom
1015 1807 137 35 villkor
1179 1806 59 36 för
1266 1804 332 49 egnahemslånets
1626 1803 186 49 lyftande,

214 1870 50 31 än
292 1864 114 36 äfven
435 1868 55 31 att
517 1861 314 38 låneförmedlare
855 1863 59 33 må
934 1872 91 23 vara
1043 1857 215 49 berättigad
1279 1862 55 31 att
1354 1861 78 32 mot
1453 1870 136 34 annan,
1616 1856 41 36 af
1672 1856 140 35 honom

216 1916 184 50 godkänd
428 1915 177 37 säkerhet
633 1919 48 31 än
708 1914 120 36 första
856 1911 223 48 inteckning
1106 1911 12 36 i
1145 1909 228 50 lägenheten
1400 1909 168 36 utlämna
1588 1907 225 50 egnahems-

217 1971 104 35 lånet
349 1968 79 37 helt
456 1967 91 37 eller
575 1967 131 47 delvis,
736 1965 97 37 dock
859 1969 55 32 att
933 1964 119 36 första
1072 1961 398 52 penninginteckning
1487 1961 97 37 skall
1602 1961 60 36 för
1681 1960 134 48 utbyte

217 2026 79 32 mot
337 2021 74 36 den
452 2019 157 37 sålunda
644 2018 175 36 lämnade
848 2016 225 37 säkerheten
1101 2015 57 36 till
1186 2013 312 38 låneförmedlare
1529 2013 179 36 aflämnas
1736 2012 79 36 före

217 2076 199 46 utgången
447 2072 40 36 af
512 2072 63 36 det
603 2074 50 44 år,
684 2071 46 36 då
758 2067 524 49 amorteringsskyldigheten
1310 2065 203 37 inträder.»

347 2124 111 37 Hvad
487 2124 45 36 de
561 2122 208 38 tillkallade
798 2134 232 37 personerna
1058 2119 157 37 sålunda
1243 2117 198 49 föreslagit
1469 2118 105 36 såväl
1602 2117 11 36 i
1642 2130 70 24 ena
1736 2129 79 24 som

220 2178 117 36 andra
365 2176 235 37 hänseendet
627 2176 122 35 finner
773 2175 71 48 jag
872 2186 90 23 vara
992 2172 143 49 ägnadt
1163 2175 56 32 att
1248 2170 169 49 afhjälpa
1442 2169 200 48 allvarliga
1662 2169 154 48 olägen-

220 2231 118 45 heter,
372 2241 81 24 som
482 2228 99 36 visat
610 2227 60 48 sig
697 2229 137 46 uppstå
862 2225 63 36 vid
954 2223 478 50 egnahemslånerörelsen.
1488 2222 291 37 Bestämmelser
1805 2220 12 35 i

220 2281 125 49 dylikt
373 2280 101 50 syfte
502 2280 115 35 hafva
645 2278 127 36 därför
800 2277 138 36 införts
966 2276 13 36 i
1008 2276 64 36 det
1098 2274 216 51 uppgjorda
1334 2274 195 48 förslaget.
1572 2274 18 36 I
1610 2272 208 50 synnerhet

1857 346 80 27 Mom.
1959 347 24 25 9.
