2193 2656
437 140 19 32 8
881 142 252 35 Statsutskottets
1161 143 171 35 Utlåtande
1353 147 62 32 N:o
1439 149 73 31 111.

392 220 263 50 redogörelser
683 221 62 38 det
774 223 147 49 åligger
948 223 143 51 Kungl.
1115 218 133 57 Maj:ts
1277 225 421 52 befallningshafvande
1727 236 54 32 att
1800 230 102 38 inom
1926 235 66 46 på-

395 273 168 50 följande
591 274 73 50 maj
695 276 136 36 månad
860 277 55 36 till
944 277 415 52 landtbruksstyrelsen
1388 281 236 38 öfversända.

522 327 107 38 Mom.
666 329 59 36 14.
781 328 136 38 Därest
949 330 436 53 hushållningssällskap
1414 337 41 34 så
1485 335 139 37 önskar
1648 336 71 37 och
1746 337 70 37 hos
1845 337 143 51 Kungl.

389 379 128 49 Maj:ts
547 379 421 51 befallningshafvande
995 384 12 35 i
1035 384 100 36 länet
1154 385 12 36 i
1185 390 126 32 ämnet
1330 391 71 44 gör
1422 387 291 52 framställning,
1735 395 90 44 äger
1847 390 140 51 Kungl.

391 431 128 48 Maj:ts
553 433 422 50 befallningshafvande
1004 436 223 50 ombesörja,
1257 444 55 31 att
1339 444 130 33 räntor
1497 441 71 36 och
1596 442 279 50 afbetalningar
1903 447 21 33 å
1952 445 43 36 af

392 485 207 50 sällskapet
622 487 215 37 utlämnade
857 488 271 49 egnahemslån
1148 490 115 37 varda
1282 490 12 37 i
1313 491 183 38 samband
1516 494 85 37 med
1620 494 165 38 kronans
1805 497 184 37 arrenden

392 538 89 36 eller
523 552 124 23 annan
681 539 120 37 under
832 543 115 35 våren
974 541 206 38 infallande
1208 543 175 50 uppbörd
1412 559 139 35 genom
1579 547 303 39 vederbörandes
1913 550 75 37 för-

391 603 91 36 sorg
510 591 226 49 debiterade,
765 593 202 49 uppburna
995 595 70 36 och
1092 595 232 38 redovisade.

519 644 107 37 Mom.
657 646 59 37 15.
771 645 71 37 Till
880 647 267 37 förvärfvande
1184 649 43 36 af
1256 649 347 51 bostadslägenhet,
1634 653 58 36 för
1720 654 154 37 hvilken
1903 656 85 37 med

390 696 153 47 ständig
571 697 71 34 och
670 698 224 36 oinskränkt
921 698 305 49 besittningsrätt
1249 702 181 47 upplåtits
1459 704 118 46 mark,
1598 705 227 37 tillhörande
1848 703 138 57 Kungl.

390 747 71 36 och
506 747 259 38 Hvitfeldtska
810 750 461 51 stipendieinrättningen,
1320 756 61 34 må
1428 756 272 48 egnahemslån
1741 757 76 37 tills
1858 758 130 38 vidare

388 803 104 45 utgå,
534 806 92 30 utan
666 801 134 37 hinder
841 803 111 36 däraf
983 809 54 30 att
1065 804 222 49 låntagaren
1314 806 82 37 icke
1424 807 68 36 har
1520 809 224 48 äganderätt
1772 810 55 36 till
1856 812 131 48 lägen-

389 852 133 36 hetens
564 854 264 45 tomtområde;
872 855 148 49 ägande
1054 856 311 39 låneförmedlare
1389 865 54 31 att
1472 860 59 36 för
1559 861 129 49 dylika
1716 863 271 48 egnahemslån

390 910 139 44 antaga
558 905 70 37 den
659 906 187 49 säkerhet,
876 907 46 37 de
949 907 136 50 pröfva
1113 909 167 50 lämplig.

517 1062 120 37 Dessa
664 1064 137 36 villkor
829 1066 70 35 och
927 1065 283 38 bestämmelser
1239 1068 106 36 skola
1371 1070 103 47 gälla
1503 1071 104 36 såväl
1636 1071 58 36 för
1722 1073 73 47 lån,
1826 1086 81 24 som
1922 1074 64 37 be-

388 1114 110 49 viljas
529 1115 82 37 från
635 1115 45 37 de
709 1117 120 36 medel
857 1118 57 36 till
943 1117 136 51 belopp
1109 1119 42 36 af
1173 1119 116 50 högst
1313 1122 163 47 800,000
1497 1122 150 49 kronor,
1673 1137 70 24 som
1757 1125 229 50 Riksdagen

388 1166 249 50 bemyndigat
682 1168 136 49 Kungl.
862 1169 108 49 Maj:t
1003 1176 54 30 att
1091 1171 57 35 för
1185 1174 40 33 år
1257 1174 95 34 1908
1381 1176 221 47 ytterligare
1631 1176 202 50 disponera
1861 1181 124 33 såsom

389 1219 159 36 statslån
575 1233 45 22 ur
648 1221 447 48 egnahemslånefonden,
1130 1236 80 23 som
1239 1224 70 37 ock
1337 1225 59 36 för
1424 1227 72 36 alla
1523 1228 74 47 lån,
1627 1241 82 23 som
1738 1228 158 50 beviljas
1927 1230 59 36 för

388 1273 39 34 år
459 1273 95 35 1909
585 1273 90 36 eller
704 1286 131 24 senare
864 1276 51 46 år,
946 1280 97 31 samt
1072 1275 106 37 skola
1207 1276 81 37 från
1315 1278 71 36 och
1409 1279 86 37 med
1521 1283 39 33 år
1587 1282 109 46 1909,
1723 1282 124 36 såvidt
1866 1285 120 46 angår

389 1323 252 37 förhållandet
669 1326 138 36 mellan
836 1332 123 31 staten
988 1327 70 36 och
1086 1328 351 49 låneförmedlarna,
1457 1332 102 48 gälla
1578 1333 112 36 äfven
1710 1334 143 37 sådana
1872 1340 111 32 stats-

388 1376 72 47 lån,
503 1389 82 23 som
626 1376 176 50 beviljats
845 1379 80 36 före
967 1379 73 36 den
1080 1382 17 33 1
1137 1394 99 23 mars
1282 1384 108 46 1908,
1427 1384 95 37 dock
1555 1390 54 31 att
1637 1385 141 38 hvad
1765 1372 26 67 i
1806 1400 111 23 mom.
1948 1389 34 46 5,

388 1427 114 38 femte
535 1429 159 49 stycket,
725 1430 155 49 stadgas
915 1431 141 47 därom,
1087 1437 54 31 att
1169 1435 20 33 å
1217 1435 364 49 amorteringsdelen
1609 1438 64 35 vid
1703 1439 170 47 statslån,
1902 1452 81 24 som

387 1481 203 37 utlämnats
624 1482 56 36 till
713 1482 212 38 beredande
962 1484 42 35 af
1034 1484 270 49 egnahemslån
1334 1486 58 37 för
1415 1488 442 51 jordbrukslägenheter,
1887 1492 95 36 skall

387 1533 176 48 erläggas
592 1547 46 23 en
667 1535 169 37 annuitet
865 1536 42 35 af
931 1536 157 37 allenast
1116 1537 75 36 fem
1219 1544 167 43 procent,
1416 1540 83 38 icke
1527 1542 100 36 afser
1656 1542 126 49 dylika
1809 1544 71 35 lån.

1149 1623 73 50 6:0)

515 1690 204 49 medgifva,
763 1696 55 32 att
856 1691 141 50 Kungl.
1031 1692 107 49 Maj:t
1172 1697 61 33 må
1260 1700 73 44 äga
1361 1696 172 39 meddela
1561 1696 45 37 de
1633 1699 221 48 ytterligare
1881 1699 101 37 före-

386 1741 164 48 skrifter,
593 1756 82 23 som
711 1743 12 36 i
756 1743 178 37 afseende
967 1747 20 33 å
1023 1744 289 49 ifrågavarande
1349 1749 226 36 lånerörelse
1608 1749 127 39 kunna
1752 1751 138 36 finnas
1923 1764 57 24 er-

386 1794 217 49 forderliga;

1146 1884 71 50 7:0)

513 1950 204 48 medgifva,
760 1957 55 31 att
853 1952 139 50 Kungl.
1026 1953 108 49 Maj:t
1166 1958 60 32 må
1254 1956 119 37 under
1402 1959 39 33 år
1472 1958 96 36 1909
1603 1958 41 36 af
1669 1959 310 43 egnahemslåne-

385 2001 160 37 fondens
588 2003 121 36 medel
750 2004 132 36 anvisa
915 2008 126 33 såsom
1074 2005 137 50 bidrag
1239 2008 56 36 till
1322 2009 313 37 låneförmedlare
1660 2010 58 36 för
1746 2011 233 38 betäckande

385 2053 42 36 af
464 2053 59 37 för
564 2054 84 36 dem
688 2069 139 35 genom
869 2057 252 39 lånerörelsen
1156 2060 306 48 uppkommande
1490 2062 204 37 kostnader
1722 2064 70 36 och
1821 2064 159 49 möjliga

385 2105 175 38 förluster
601 2112 54 31 ett
695 2107 149 50 belopp,
887 2111 265 36 motsvarande
1195 2112 57 36 för
1293 2113 130 49 hvarje
1463 2114 313 38 låneförmedlare
1817 2129 46 23 en
1899 2116 83 37 half

382 2163 158 43 procent
581 2159 42 35 af
660 2159 72 37 den
773 2161 32 48 ej
849 2161 56 36 till
947 2161 197 51 betalning
1177 2163 176 37 förfallna
1385 2166 267 49 kapitalskuld,
1683 2168 106 36 hvari
1816 2168 162 37 låneför-

383 2210 192 36 medlaren
616 2214 47 46 på
695 2213 124 47 grund
853 2213 43 36 af
926 2213 83 37 från
1038 2214 141 37 fonden
1206 2217 231 37 utbekomna
1465 2219 159 36 statslån
1651 2220 64 36 vid
1744 2234 145 22 samma
1917 2224 61 33 års

382 2261 134 50 början
544 2262 122 38 häftat
694 2263 56 37 till
778 2270 134 32 staten.
