1896 2844
98 418 136 34 Proposi-

117 454 105 25 tionen.

93 1327 153 27 Utskottet.

278 169 18 30 2
697 170 110 28 Andra
828 170 223 34 lagutskottets
1073 171 163 29 utlåtande
1259 172 49 28 Nr
1334 176 50 26 30.

328 255 223 33 Beträffande
571 256 37 32 de
628 255 85 39 skäl,
735 268 68 21 som
823 257 94 38 ligga
937 257 55 32 till
1011 258 108 37 grund
1141 258 53 31 för
1215 258 261 38 ifrågavarande
1498 259 139 39 förslag,
1661 260 56 32 får
1735 265 51 28 ut-

284 306 123 32 skottet
427 306 140 34 hänvisa
588 306 54 32 till
662 307 259 39 propositionen.

329 406 125 33 Genom
480 407 244 39 propositionen
751 408 150 38 föreslås,
928 412 52 29 att
1002 421 53 20 om
1080 409 294 39 legosängsavgift
1398 410 56 32 vid
1480 411 125 33 sådana
1632 411 150 39 sjukhus,

284 457 214 33 beträffande
520 457 94 34 vilka
638 459 85 33 1928
747 459 54 33 års
825 459 200 39 sjukhuslag
1049 464 37 27 är
1108 459 196 40 tillämplig,
1327 472 42 20 av
1392 460 394 40 sjukhusförvaltningen

284 511 102 30 sättes
410 508 55 32 till
491 508 91 38 lägre
607 508 120 40 belopp
755 509 54 32 för
834 509 99 38 sjuka
958 510 77 32 från
1063 510 54 32 det
1141 521 85 27 egna
1252 510 339 39 landstingsområdet
1617 511 81 34 eller
1724 512 62 32 den

283 570 84 27 egna
385 558 197 33 kommunen
600 563 41 28 än
661 559 54 32 för
733 559 105 34 andra
856 559 107 39 sjuka,
983 560 55 32 till
1057 560 208 33 sistnämnda
1283 573 109 27 grupp
1411 561 30 39 ej
1461 562 53 32 må
1533 562 161 33 hänföras
1714 563 71 38 den,

284 621 68 20 som
372 609 57 33 vid
449 609 218 39 intagningen
689 614 38 28 är
746 610 111 32 bosatt
876 611 88 31 inom
985 610 342 40 landstingsområdet
1347 611 80 33 eller
1447 612 208 33 kommunen.
1698 612 87 33 Den-

282 672 44 20 na
348 660 91 38 regel
462 659 88 33 skall
574 660 84 32 dock
681 660 74 33 ieke
779 661 101 38 gälla,
906 661 61 32 där
991 661 152 39 avgiften
1168 662 155 38 erlägges
1347 674 43 21 av
1414 662 372 39 fattigvårdssamhälle

282 710 80 32 eller
380 710 157 33 kommun
557 710 136 39 jämlikt
713 711 306 39 fattigvårdslagen
1040 711 81 33 eller
1139 712 319 39 barnavårdslagen.

326 760 119 39 Enligt
468 760 164 39 förslaget
654 761 98 38 skall,
776 762 44 38 på
842 765 68 30 sätt
932 762 154 38 framgår
1107 774 42 21 av
1172 763 56 32 det
1250 763 152 39 anförda,
1427 763 70 39 den,
1522 776 68 20 som
1614 769 38 27 är
1674 764 112 33 bosatt

282 811 86 32 inom
391 815 48 29 ett
461 811 324 39 sjukvårdsområde,
809 812 185 39 berättigas
1017 816 52 29 att
1089 813 128 33 erhålla
1240 813 84 33 vård
1346 814 87 32 efter
1456 817 100 29 taxan
1580 815 55 32 för
1656 815 127 39 patien-

282 866 50 28 ter
349 862 78 32 från
445 862 91 33 detta
554 862 143 33 område.
727 862 68 33 För
813 862 182 39 styrkande
1013 876 42 20 av
1073 863 423 39 bosättningsförhållande
1514 865 58 32 bör
1591 865 64 38 det,
1676 865 108 33 såsom

282 912 243 39 föredragande
554 912 360 40 departementschefen
943 917 119 35 yttrat,
1091 914 154 38 tydligen
1275 914 111 40 räcka,
1415 919 52 29 att
1495 915 89 34 bevis
1613 928 52 20 om
1694 927 90 21 man-

282 962 243 40 talsskrivning
550 964 133 32 företes.
729 963 73 33 Vill
826 976 38 20 en
891 964 355 39 sjukhusförvaltning
1270 970 83 33 göra
1378 965 165 39 gällande,
1570 969 51 30 att
1647 978 39 20 en
1712 978 72 27 per-

282 1025 58 22 son
360 1013 73 33 icke
455 1018 39 28 är
514 1014 110 33 bosatt
644 1014 89 33 inom
756 1014 55 33 det
832 1014 142 40 område,
996 1015 88 31 inom
1105 1015 108 33 vilket
1233 1015 66 33 han
1323 1020 38 28 är
1382 1016 290 39 mantalsskriven,
1697 1017 88 32 lärer

283 1064 54 32 det
362 1064 37 32 få
424 1064 176 34 ankomma
624 1065 45 38 på
693 1064 249 39 förvaltningen
969 1069 52 29 att
1044 1065 194 39 förebringa
1264 1066 181 39 utredning
1469 1066 127 33 härom.
1645 1067 76 32 Har
1746 1079 37 20 en

281 1114 77 38 sjuk
374 1114 73 33 icke
466 1114 120 34 hunnit
603 1114 92 33 bliva
713 1114 280 33 mantalsskriven
1013 1115 89 32 inom
1120 1116 55 32 det
1193 1127 70 26 nya
1281 1116 339 39 sjukvårdsområdet,
1641 1117 57 32 får
1717 1117 66 32 han

281 1166 44 38 på
343 1169 103 29 annat
465 1168 69 30 sätt
552 1165 128 39 styrka,
701 1169 52 29 att
771 1166 65 32 han
855 1166 111 32 bosatt
986 1166 53 38 sig
1059 1166 69 32 där.
1173 1165 116 34 Såsom
1309 1167 107 32 medel
1434 1167 118 33 härför
1570 1168 56 32 må
1644 1172 139 30 nämnas

281 1216 89 32 bevis
395 1228 51 21 om
471 1215 298 40 kvrkoskrivning,
794 1216 262 39 hyreskontrakt
1078 1229 43 20 m.
1145 1229 43 20 m.

325 1316 67 33 Vid
412 1317 180 38 förslagets
612 1316 209 39 granskning
839 1317 61 32 har
918 1317 163 32 utskottet
1101 1317 114 33 funnit
1234 1318 53 38 sig
1305 1318 79 33 böra
1404 1317 176 40 tillstyrka
1600 1319 184 32 detsamma

282 1367 59 32 och
363 1367 55 32 får
440 1367 208 33 fördenskull
669 1367 188 39 hemställa,

630 1456 52 28 att
705 1452 217 32 förevarande
945 1452 205 38 proposition
1174 1453 103 32 måtte
1300 1452 138 34 bifallas
1462 1465 41 20 av
1526 1453 191 39 riksdagen.

326 1551 192 34 Stockholm
540 1552 59 33 den
623 1553 40 31 22
687 1552 88 39 april
800 1553 94 32 1932.

724 1668 48 33 På
797 1670 102 32 andra
925 1669 238 39 lagutskottets
1188 1675 145 33 vägnar:

842 1745 44 32 K.
907 1745 39 32 G.
965 1745 243 33 WESTMAN.

360 2079 63 29 Vid
442 2078 144 30 ärendets
604 2079 195 34 behandling
817 2079 80 28 hava
914 2079 157 29 närvarit:

315 2137 73 28 från
419 2137 150 29 första
599 2138 195 28 kammaren:
816 2138 110 28 herrar
948 2138 166 33 Westman,
1135 2136 146 37 Linder",
1303 2138 126 35 Sigfrid
1450 2139 158 32 Hansson,
1630 2149 60 19 von
1712 2139 69 29 Gei-

274 2179 75 34 ser",
368 2180 159 33 Frändén,
547 2179 151 34 Norman,
717 2181 35 27 P.
773 2179 184 29 Sandström
977 2180 57 28 och
1056 2179 144 35 Gottfrid
1221 2180 168 34 Karlsson;

314 2232 74 28 från
414 2232 137 28 andra
576 2232 193 27 kammaren:
799 2230 108 30 herrar
922 2230 194 34 Magnusson
1133 2231 10 27 i
1161 2230 141 34 Kalmar,
1322 2230 135 29 Olovson
1474 2232 10 27 i
1502 2232 158 34 Västerås,
1678 2230 99 30 Sand-

274 2275 96 27 ström
387 2275 10 27 i
414 2274 139 34 Nyland,
571 2273 127 29 Gardell
718 2274 4 28 i
740 2273 94 35 Gans,
851 2273 117 34 Ljung,
984 2273 172 32 Molander,
1173 2271 165 35 Skoglund
1353 2274 56 28 och
1428 2273 124 35 Osberg.

315 2362 13 14 +
347 2362 30 31 Ej
397 2361 157 24 närvarande
571 2361 45 24 vid
634 2360 159 24 utlåtandets
807 2360 134 32 justering.
