1902 2864
246 176 124 30 Första
394 176 222 30 kammarens
641 178 116 28 första
784 174 183 36 tillfälliga
991 174 153 30 utskotts
1169 174 180 30 utlåtande
1374 174 51 30 Nr
1449 177 29 27 8.
1527 175 38 29 15

106 262 46 20 av
179 252 316 35 hemuppgifterna
522 251 85 31 eller
636 251 101 35 giver
764 252 125 30 barnet
918 253 50 29 ett
996 251 145 31 tillfälle
1167 253 54 29 att
1248 252 193 35 undskylla
1468 252 57 34 sig
1551 252 58 30 för

108 296 181 31 bristande
314 296 69 36 flit,
404 295 128 30 medan
553 295 231 30 skolbesöken
806 298 85 32 göra
914 295 234 35 oupphörliga
1171 295 142 32 avbrott
1335 296 12 30 i
1370 295 239 31 hemarbetets

107 339 258 36 sammanhang
392 339 66 30 och
485 339 146 30 därmed
661 339 127 30 beröva
817 338 196 31 detsamma
1043 338 76 31 dess
1148 338 148 31 intresse
1324 339 64 29 och
1417 338 79 31 dess
1523 347 83 25 upp-

110 382 181 32 fostrande
314 382 210 36 inflytelse.»

146 426 169 30 Filosofie
341 425 147 30 doktorn
516 428 41 27 A.
582 425 178 35 Belfrage,
786 435 72 19 som
885 425 11 29 1
921 426 38 29 40
984 427 40 28 år
1051 435 64 20 var
1143 425 339 35 folkskolinspektör
1509 426 95 29 inom

106 469 223 35 Skaraborgs
355 469 62 30 län
439 468 68 31 och
536 468 245 31 föreståndare
809 470 54 28 för
892 469 116 29 liinets
1036 468 255 35 folkhögskola,
1319 469 288 34 sammanfattar,

107 511 111 31 sedan
248 511 73 30 han
354 512 177 34 beklagat,
563 514 52 27 att
648 510 350 35 halvtidslisningen
1030 511 105 30 blivit
1167 512 128 29 nästan
1327 510 279 31 allenarådande

108 555 96 30 inom
229 555 89 30 hans
340 554 155 35 område,
520 553 152 31 sålunda
697 554 79 30 sina
800 553 258 31 erfarenheter:
1090 554 85 35 »Jag
1199 556 112 28 maste
1337 553 45 30 då
1407 554 110 34 ärligt
1541 553 66 31 och

106 598 81 30 med
209 606 78 26 sorg
311 597 173 36 bekänna,
507 599 53 29 att
583 596 42 32 de
646 597 195 36 ynglingar
863 597 64 30 och
948 599 161 33 ungmör,
1128 606 77 21 som
1227 596 59 36 jag
1308 599 135 33 mottog
1469 596 25 34 (i
1517 597 88 30 folk-

107 640 208 37 högskolan)
342 644 46 33 på
411 641 90 30 1870-
525 640 66 30 och
615 640 191 36 1880-talet,
829 650 87 20 voro
938 648 179 27 mognare,
1141 649 74 21 mer
1240 639 367 36 kunskapstörstande

108 685 64 30 och
195 684 165 32 bildbara
380 687 47 28 än
450 684 51 36 de,
525 694 73 20 som
621 684 78 31 sökt
722 682 141 32 inträde
885 683 114 31 under
1022 683 41 31 de
1085 684 139 29 senaste
1247 682 90 31 båda
1361 682 245 31 decennierna.

108 728 69 36 Jag
207 728 64 30 har
300 727 44 31 då
373 728 121 35 frågat
521 728 84 35 mig,
633 728 125 30 varför
786 727 77 31 icke
891 746 39 3 —
957 745 43 3 —
1027 745 39 3 —
1095 726 345 32 folkskoleväsendet
1469 727 136 30 lämnat

108 771 117 31 bättre
248 771 110 34 frukt,
380 771 64 30 och
465 771 60 36 jag
547 770 66 31 har
634 771 31 35 ej
687 770 141 36 lyckats
850 771 103 30 finna
975 769 247 36 förklaringen
1242 772 110 29 annat
1374 772 46 28 än
1442 769 89 36 däri,
1553 771 53 28 att

108 814 358 36 halvtidsläsningen,
496 815 12 29 i
539 814 164 35 förening
733 813 80 32 med
842 813 66 31 den
938 814 154 35 myckna
1120 813 362 36 minneskunskapen,
1511 813 95 36 gjort

108 858 145 30 lärarna
277 858 56 30 till
357 857 281 36 läxförhörings-
661 857 66 30 och
751 858 136 30 barnen
910 857 57 30 till
992 857 414 35 läxläsningsmaskiner.
1450 857 67 30 Det
1541 857 69 29 har

109 901 78 31 icke
213 901 111 36 givits
349 902 119 34 någon
495 900 53 31 tid
574 901 102 34 övrig
705 902 55 29 för
790 900 218 30 förståndets
1034 899 138 31 övande
1200 900 64 29 och
1291 899 212 36 skärpande.
1552 900 55 30 En

108 945 57 30 hel
194 945 55 31 del
277 944 152 36 detaljer
457 944 95 30 hava
578 944 261 35 magasineratis
869 944 11 30 i
907 943 139 31 minnet
1074 943 65 30 och
1167 943 90 30 efter
1284 943 122 31 slutad
1434 943 173 36 skolgång

109 990 100 29 snart
233 988 181 30 utkastats
439 997 76 21 som
542 997 42 20 en
611 987 140 36 onyttig
779 986 146 31 barlast.
972 986 54 30 Då
1054 985 56 31 det
1137 985 308 37 överansträngda
1469 987 138 30 minnet

108 1031 66 31 har
199 1031 129 31 behövt
353 1030 84 37 vila,
462 1031 65 30 har
552 1031 90 31 blott
670 1032 86 30 stått
782 1030 91 31 kvar
899 1029 58 31 det
984 1030 81 35 föga
1092 1029 197 37 uppodlade
1316 1029 201 32 förståndet
1541 1029 66 31 och

110 1075 93 31 olust
228 1075 55 30 för
306 1073 88 33 både
418 1073 139 36 andligt
580 1074 63 30 och
667 1073 200 36 kroppsligt
889 1073 151 31 arbete.»

148 1118 72 31 Vid
248 1117 41 31 de
317 1120 119 29 möten
464 1117 81 31 med
573 1117 439 36 folkskolinspektörerna,
1039 1126 76 21 som
1144 1116 261 37 överstyrelsen
1434 1116 54 32 tid
1516 1117 91 30 efter

106 1170 121 22 annan
252 1161 187 36 anordnat,
464 1161 67 30 har
557 1161 67 31 den
648 1171 87 26 nyss
759 1160 160 35 angivna
944 1160 281 36 uppfattningen
1252 1160 208 31 bekräftats.
1504 1159 102 31 Utta-

109 1205 130 31 landen
265 1206 12 30 i
300 1215 137 21 samma
461 1202 162 38 riktning
648 1204 94 31 hava
768 1204 74 30 ofta
867 1204 114 36 gjorts
1007 1214 45 20 av
1078 1204 127 36 lärare,
1229 1213 73 21 som
1329 1204 71 31 fått
1426 1204 56 30 sin
1506 1203 101 31 verk-

108 1249 138 31 samhet
274 1249 195 37 förflyttad
498 1249 83 30 från
607 1248 307 31 halvtidsläsande
943 1248 58 31 till
1028 1247 277 31 heltidsläsande
1332 1247 112 31 skola.
1495 1246 73 31 Och
1597 1247 11 30 i

108 1294 131 34 många
265 1293 65 30 fall
354 1292 93 31 hava
472 1292 104 30 också
602 1293 82 29 från
709 1292 274 35 befolkningens
1008 1290 78 31 sida
1109 1291 245 30 framkommit
1378 1290 147 37 uttryck
1552 1291 56 30 för

107 1337 54 29 att
179 1345 84 21 man
280 1335 72 31 lärt
371 1335 56 35 sig
440 1335 194 35 uppskatta
647 1335 68 30 den
728 1334 90 31 fulla
831 1334 398 35 undervisningstidens
1244 1334 215 30 företräden.
1496 1333 47 31 Så
1561 1334 46 30 ha

108 1382 25 28 t.
162 1389 53 21 ex.
244 1378 198 37 flerstädes,
471 1377 107 32 sedan
607 1388 42 20 en
679 1377 279 32 heltidsläsande
987 1377 100 31 skola
1112 1379 118 33 någon
1260 1377 53 31 tid
1339 1377 99 31 varit
1467 1377 12 30 i
1506 1377 100 30 verk-

109 1423 138 31 samhet
268 1423 96 30 inom
387 1432 44 21 en
452 1421 55 32 del
527 1431 48 21 av
596 1431 45 21 en
663 1421 222 36 församling,
909 1422 85 30 från
1015 1421 124 35 övriga
1162 1420 98 31 delar
1280 1430 46 21 av
1350 1420 258 36 församlingen

109 1467 220 34 önskningar
356 1465 214 32 framställts
593 1475 58 20 om
677 1467 54 30 att
759 1465 36 31 få
823 1463 226 32 därvarande
1072 1464 121 30 skolor
1218 1462 155 32 ordnade
1399 1465 47 34 på
1473 1473 134 21 samma

110 1511 82 30 sätt.

149 1554 67 31 Det
236 1553 66 31 har
324 1553 76 31 ofta
420 1552 220 31 framhållits
657 1552 68 31 och
744 1552 113 36 ligger
877 1552 12 30 i
907 1551 131 31 sakens
1056 1553 119 34 natur,
1194 1552 54 30 att
1268 1549 340 37 heltidsläsningens

109 1597 205 30 företräden
331 1597 12 29 i
360 1595 481 36 undervisningshänseende
859 1595 154 31 framför
1031 1594 65 32 allt
1113 1597 88 33 göra
1216 1594 56 36 sig
1288 1594 169 36 gällande
1472 1594 12 30 i
1503 1594 106 35 fråga

111 1651 55 20 om
196 1640 78 41 dem
303 1650 46 21 av
378 1640 144 31 skolans
550 1642 139 33 ämnen,
719 1649 73 21 som
820 1639 115 31 kräva
964 1637 176 32 metodisk
1166 1638 67 31 och
1262 1638 172 36 oavlåtlig
1464 1637 144 36 övning,

110 1684 106 31 alltså
246 1685 13 30 i
289 1684 114 30 första
434 1686 152 28 rummet
618 1682 266 37 grundpelarna
916 1683 56 30 för
1003 1681 65 32 allt
1098 1681 412 36 undervisningsarbete,
1541 1681 67 30 läs-

110 1728 98 36 ning,
234 1727 192 36 skrivning
456 1727 64 30 och
549 1727 165 35 räkning.
773 1726 287 36 Hemuppgifter,
1090 1725 41 31 de
1159 1726 59 29 må
1247 1735 89 20 vara
1364 1727 46 28 än
1439 1726 41 29 så
1510 1725 97 35 plan-

109 1772 149 35 mässigt
281 1769 210 33 förberedda
513 1770 64 31 och
598 1769 214 36 anordnade,
833 1769 123 31 kunna
978 1772 90 28 även
1091 1769 12 30 i
1125 1768 40 31 de
1188 1777 236 28 gynnsamma
1446 1768 75 36 fall,
1545 1767 64 31 där

110 1815 162 30 hemmen
298 1814 45 31 ha
368 1813 54 33 tid
445 1814 66 31 och
537 1814 163 35 förmåga
726 1815 54 29 att
804 1813 183 30 övervaka
1011 1812 102 31 deras
1137 1811 272 37 genomgående,
1436 1811 90 32 blott
1551 1811 57 31 till

110 1869 44 20 en
172 1859 74 30 viss
264 1857 90 37 grad
372 1860 136 29 ersätta
526 1858 136 30 arbetet
681 1858 13 30 i
712 1857 124 31 skolan
855 1856 115 31 under
989 1856 161 31 lärarens
1168 1855 155 37 ledning,
1343 1855 64 31 och
1427 1855 42 31 de
1488 1855 120 31 lämna

109 1902 107 35 ingen
236 1901 203 35 ersättning
461 1901 56 30 för
540 1901 68 30 den
628 1900 201 36 stimulans,
851 1910 74 21 som
948 1900 214 30 samarbetet
1184 1900 80 30 med
1283 1900 232 30 kamraterna
1538 1908 70 26 ger.

111 1946 61 36 De,
197 1955 73 21 som
296 1945 80 32 haft
402 1945 146 32 tillfälle
573 1945 56 30 till
655 1954 98 20 mera
779 1943 174 36 ingående
981 1943 230 36 iakttagelser
1238 1943 11 30 i
1276 1942 98 32 detta
1398 1941 210 34 hänseende,

110 1989 101 32 torde
236 1999 88 21 vara
348 1989 105 36 eniga
474 1998 69 26 om,
567 1990 53 29 att
645 1987 284 36 lästärdigheten
953 1987 70 31 blir
1046 1989 125 34 större,
1197 1987 188 36 förmågan
1409 1988 53 30 att
1485 1986 123 31 skrift-

111 2033 97 36 ligen
237 2032 169 37 uttrycka
434 2032 53 36 sig
513 2041 100 21 mera
639 2031 191 31 utvecklad
860 2031 64 31 och
952 2030 342 36 räknefärdigheten
1323 2030 146 30 säkrare
1499 2030 12 30 i
1538 2029 70 31 hel-

110 2075 191 32 tidsskolor
322 2078 48 29 än
393 2076 11 30 i
426 2074 289 37 halvtidsskolor,
736 2075 155 36 givetvis
912 2073 113 31 under
1048 2073 259 37 förutsättning
1329 2075 53 29 att
1406 2072 202 35 personliga

113 2120 63 31 och
202 2119 113 31 andra
339 2120 67 30 här
432 2118 333 42 ifrågakommande
792 2118 216 35 betingelser
1034 2118 55 30 för
1117 2119 50 31 ett
1194 2118 75 35 gott
1297 2116 272 32 arbetsresultat
1598 2117 12 29 i

109 2163 93 31 båda
230 2163 111 31 fallen
369 2165 62 28 äro
458 2162 226 35 någorlunda
712 2162 188 30 likartade.
948 2161 66 30 Att
1041 2160 397 36 undervisningstidens
1465 2160 144 30 omfatt-

111 2207 88 36 ning
222 2207 65 30 har
308 2205 181 38 betydelse
512 2209 90 28 även
626 2206 55 30 för
706 2205 142 31 skolans
872 2205 126 35 övriga
1021 2207 128 28 ämnen
1171 2207 42 28 är
1237 2204 73 30 lika
1332 2203 189 36 naturligt,
1545 2203 64 31 och

113 2251 100 31 torde
235 2251 12 30 i
270 2251 117 36 själva
409 2250 124 31 verket
554 2250 179 30 erkännas
754 2252 90 28 även
868 2259 47 20 av
938 2247 88 37 dem,
1049 2258 73 21 som
1144 2251 89 28 mest
1255 2248 79 30 ivra
1359 2247 55 31 för
1437 2246 172 32 halvtids-

113 2294 205 36 läsningens
340 2293 260 32 bibehållande.
645 2293 86 31 Ofta
756 2292 168 32 förbinda
945 2292 56 36 sig
1026 2292 39 35 ju
1088 2291 181 36 nämligen
1293 2290 80 31 med
1397 2290 101 31 dessa
1521 2292 88 29 strä-

113 2337 140 31 vanden
274 2338 125 31 starka
420 2337 92 31 krav
534 2338 44 35 på
603 2339 52 29 att
678 2335 360 32 kristendomsämnet
1059 2335 94 31 skall
1177 2336 12 30 i
1213 2334 66 31 den
1303 2333 305 32 halvtidsläsande

111 2382 126 30 skolan
258 2381 239 31 tillerkännas
519 2381 74 30 lika
615 2380 84 36 lång
723 2378 333 37 undervisningstid
1079 2389 73 20 som
1173 2388 105 21 anses
1299 2379 87 30 böra
1409 2378 201 31 tillkomma

114 2425 97 31 detta
234 2428 103 28 ämne
360 2425 12 30 i
395 2424 267 31 heltidsskolan.
705 2424 66 31 Det
794 2433 106 26 synes
925 2423 77 31 icke
1024 2422 143 36 möjligt
1191 2424 52 29 att
1266 2421 131 37 logiskt
1422 2422 123 30 förena
1569 2420 40 31 de

112 2478 48 21 nu
199 2469 155 31 nämnda
395 2469 146 35 kraven,
580 2478 57 20 om
675 2477 83 21 man
797 2467 77 30 icke
913 2467 58 30 får
1011 2467 143 35 antaga,
1193 2467 53 29 att
1287 2466 102 31 deras
1429 2464 180 32 framstäl-
