1902 2864
244 181 122 31 Första
391 184 222 32 kammarens
637 189 115 29 första
778 190 182 36 tillfälliga
987 193 150 30 utskotts
1163 196 181 31 utlåtande
1370 198 49 30 Nr
1443 203 27 26 8
1524 201 34 29 19

104 258 234 35 naturligtvis
360 261 123 31 därför
503 264 53 29 att
577 264 63 30 den
667 266 73 30 icke
762 267 156 32 kommer
940 270 8 29 i
971 271 89 30 strid
1083 273 76 30 med
1181 273 269 38 önskningarna
1472 280 53 30 att
1546 279 53 30 hbe-

105 311 84 20 vara
210 303 359 38 halvtidsläsningen.

141 387 115 31 Måste
277 389 58 31 det
357 390 106 32 alltså
483 403 46 19 av
550 393 76 31 skäl
648 405 74 21 som
743 406 48 20 nu
811 397 106 32 blivit
937 401 163 35 antydda
1119 402 152 32 bestimt
1292 406 147 37 hävdas,
1458 409 54 31 att
1534 409 66 31 den

102 430 279 33 heltidslisande
398 434 215 33 skolformen
632 440 40 27 är
691 439 11 29 i
723 439 57 31 det
799 441 80 31 hela
898 443 207 34 överlägsen
1125 446 65 30 den
1209 447 309 35 halvtidslisande
1536 453 64 30 och

101 473 124 31 därför
242 477 41 27 är
298 478 55 28 att
370 475 191 37 föredraga
577 480 199 38 allestädes,
793 483 65 31 där
876 485 305 37 förutsättningar
1198 490 56 30 för
1272 492 77 30 dess
1366 493 233 36 tillimpande

100 516 210 38 förefinnas,
333 520 39 29 så
393 522 41 27 är
456 521 145 32 därmed
625 523 199 34 ingalunda
846 529 89 34 sagt,
957 530 53 29 att
1034 530 100 31 dessa
1157 532 306 38 förutsättningar
1486 537 113 32 skulle

101 559 151 31 överallt
271 571 89 20 vara
379 562 259 34 tillfinnandes.
677 566 118 36 Något
814 570 128 31 sådant
960 572 67 31 har
1045 574 110 30 heller
1172 576 121 35 aldrig
1311 578 82 31 från
1411 582 188 34 ansvarigt

99 602 74 30 håll
194 604 166 34 påståtts.
402 606 16 29 I
441 607 166 34 gillande
627 610 384 39 undervisningsplans
1034 618 158 31 översikt
1212 629 47 20 av
1280 621 211 32 skolformer
1512 635 84 25 upp-

100 645 102 34 tagas
224 647 17 29 3
263 646 309 35 halvtidsläsande
593 652 133 32 former
746 664 46 21 av
815 656 175 32 folkskola
1013 659 64 31 och
1099 661 18 29 2
1137 661 307 35 halvtidsläsande
1467 667 131 31 former

98 696 47 21 av
164 689 140 32 mindre
326 691 185 34 folkskola.
549 694 124 32 Såsom
695 697 110 31 redan
827 702 143 30 nämnts
991 703 148 35 angives
1161 705 67 36 det,
1250 707 54 30 att
1326 708 41 30 de
1388 709 209 33 halvtidslä-

99 732 109 31 sande
232 734 181 32 formerna
438 736 37 31 få
501 738 227 38 förekomma,
756 742 85 30 »där
865 744 277 38 heltidsläsning
1163 750 46 34 på
1234 752 118 32 grund
1377 763 45 19 av
1445 753 73 35 gles
1543 756 54 30 be-

99 774 167 37 folkning
284 778 65 30 och
368 778 108 37 långa
496 781 192 37 skolvägar
708 784 77 31 icke
805 786 71 30 kan
896 789 210 32 anordnas».
1146 791 143 33 Liksom
1309 794 227 34 beträffande
1556 799 41 30 de

98 818 281 34 heltidsläsande
396 823 180 33 formerna
592 825 140 33 lämnas
748 831 92 29 även
857 830 11 30 i
886 831 104 35 fråga
1007 843 56 20 om
1080 834 41 30 de
1137 834 309 36 halvtidsläsande
1462 842 39 29 så
1515 840 82 32 full-

98 862 168 35 ständiga
284 865 238 36 anvisningar
541 878 73 21 som
633 870 143 36 möjligt
796 882 56 21 om
869 873 94 32 huru
982 876 307 38 undervisningen
1308 881 207 37 lämpligast
1535 885 61 30 bör

97 906 180 31 anordnas
299 908 64 30 och
387 909 174 33 bedrivas.
605 911 348 40 Skolöverstyrelsen
976 918 66 31 har
1066 920 56 30 för
1146 921 54 31 sin
1225 923 55 30 del
1304 924 104 32 alltid
1432 927 97 31 varit
1550 938 47 20 av

98 948 66 30 den
183 950 201 37 meningen,
402 954 54 29 att
474 953 96 32 inom
588 965 48 21 nu
657 958 230 36 överskådlig
905 960 52 31 tid
977 962 57 30 det
1054 964 45 34 på
1118 973 42 22 en
1179 965 56 30 hel
1256 966 55 31 del
1329 968 134 35 platser
1483 971 12 29 i
1513 973 82 29 vårt

96 991 86 31 land
204 993 77 31 icke
304 994 71 31 kan
397 995 74 32 låta
495 997 57 36 sig
574 1000 87 33 göra
683 1002 54 29 att
761 999 120 34 införa
904 1004 250 34 heltidsskolor
1177 1010 90 30 utan
1289 1012 55 29 att
1366 1012 229 34 halvtidsläs-

96 1035 89 36 ning
207 1036 65 31 där
294 1038 114 31 måste
431 1039 205 34 bibehållas.
680 1043 82 31 Men
787 1046 58 30 det
868 1049 40 28 är
930 1048 106 32 också
1060 1051 281 37 överstyrelsens
1363 1056 155 37 mening,
1541 1058 54 31 att

96 1079 147 31 särskilt
260 1080 12 30 i
289 1081 42 31 de
348 1082 98 31 förut
461 1085 157 31 nämnda
636 1086 100 32 delar
751 1098 46 21 av
815 1089 130 38 landet,
963 1092 66 30 där
1045 1093 308 40 halvtidsläsning
1370 1099 225 34 fortfarande

97 1121 236 34 förekommer
352 1125 12 30 i
383 1127 230 36 synnerligen
633 1131 73 30 stor
725 1133 262 39 utsträckning,
1007 1137 179 37 åtskilligt
1206 1141 98 30 ännu
1323 1140 71 33 kan
1414 1145 104 33 göras
1539 1146 55 30 för

95 1165 266 34 skolväsendets
384 1169 221 39 förbättring
626 1173 11 30 i
660 1183 48 21 nu
730 1175 150 33 berörda
903 1180 182 32 avseende.
1127 1181 71 32 Vid
1219 1193 43 21 en
1285 1184 204 36 jämförelse
1511 1189 81 30 mel-

94 1208 61 31 lan
177 1210 101 32 dessa
300 1211 146 38 bygder,
467 1214 288 39 huvudsakligen
778 1219 220 38 landskapen
1021 1221 260 43 Östergötland,
1304 1228 180 38 Småland,
1506 1231 86 32 Väs-

95 1253 213 37 tergötland,
330 1255 183 33 Bohuslän
535 1260 64 29 och
620 1259 184 40 Dalsland,
825 1265 79 30 med
926 1265 122 32 landet
1069 1267 12 30 i
1101 1269 120 35 övrigt
1243 1270 96 32 lärer
1359 1283 84 21 man
1463 1277 128 34 näppe-

93 1294 97 35 ligen
231 1297 124 32 kunna
397 1300 12 29 i
442 1301 106 35 fråga
569 1312 57 21 om
648 1313 86 22 vare
756 1306 56 35 sig
833 1309 369 40 naturbeskaffenhet,
1225 1313 221 40 bebyggelse,
1468 1319 122 31 ekono-

93 1339 115 31 miska
228 1349 160 24 resurser
408 1343 85 31 eller
514 1346 114 31 andra
649 1347 12 30 i
684 1348 237 34 förevarande
942 1352 199 34 hänseende
1163 1356 273 37 betydelsefulla
1459 1361 131 32 förhål-

93 1381 130 33 landen
240 1384 128 35 påvisa
386 1388 118 34 någon
521 1389 112 31 sådan
651 1392 237 37 särställning
905 1395 56 30 för
978 1398 156 31 nämnda
1152 1398 216 41 landsdelar,
1386 1413 74 21 som
1478 1405 115 32 skulle

92 1425 122 32 kunna
237 1428 176 32 motivera
437 1439 43 22 en
503 1432 237 38 särställning
761 1435 229 35 beträffande
1015 1437 258 45 skolväsendet.

132 1469 55 31 Då
207 1470 287 35 halvtidsskolan
515 1475 152 34 sålunda
688 1477 159 38 alltjämt
868 1481 157 33 kommer
1046 1485 54 30 att
1121 1486 131 37 finnas,
1275 1488 62 31 bör
1357 1490 58 31 det
1433 1511 40 2 —
1494 1482 105 41 över-

93 1513 174 35 styrelsen
284 1525 106 21 anser
406 1517 57 36 sig
479 1518 12 30 i
510 1519 96 31 detta
624 1523 263 36 sammanhang
901 1525 86 32 böra
1007 1528 241 38 understryka
1266 1532 98 32 detta
1381 1553 39 3 —
1436 1545 88 21 vara
1541 1538 50 30 ett

92 1555 133 37 viktigt
251 1559 182 32 önskemål
456 1563 56 29 att
536 1564 109 30 verka
671 1565 57 31 för
752 1568 54 29 att
831 1568 308 35 arbetsresultatet
1162 1573 138 36 jämväl
1323 1576 12 30 i
1360 1577 115 32 denna
1500 1580 90 31 skol-

93 1599 92 32 form
203 1603 58 29 må
279 1601 50 32 bli
348 1605 39 29 så
406 1604 336 36 tillfredsställande
760 1620 75 21 som
851 1612 153 36 möjligt.
1041 1614 62 32 Dit
1121 1616 74 37 hör,
1214 1619 54 30 att
1287 1619 176 33 kurserna
1480 1624 109 34 ytter-

91 1642 113 36 ligare
225 1646 192 32 metodiskt
439 1648 184 34 bearbetas
644 1652 64 30 och
730 1653 284 39 tillrättaläggas
1037 1659 153 32 framför
1210 1661 67 31 allt
1298 1673 43 20 ur
1361 1666 228 35 synpunkten

92 1695 45 21 av
157 1689 53 30 att
231 1689 237 37 tillgodogöra
489 1692 40 31 de
552 1693 161 38 insikter,
735 1707 73 21 som
831 1698 134 32 barnen
984 1702 181 34 praktiskt
1185 1705 164 32 inhämta
1370 1708 111 32 under
1502 1710 87 31 livet

91 1729 12 30 i
122 1729 162 34 hemmen
303 1734 64 30 och
387 1734 228 37 deltagandet
635 1738 12 30 i
667 1739 103 32 deras
789 1742 155 32 arbeten.
984 1744 83 31 Men
1087 1747 52 30 dit
1157 1748 65 31 hör
1241 1750 65 30 ock
1325 1752 53 29 att
1398 1751 111 37 skapa
1529 1764 59 25 ga-

91 1774 137 31 rantier
245 1778 74 29 mot
338 1778 54 30 att
410 1778 96 32 detta
525 1781 121 31 arbete
665 1782 67 37 får,
750 1785 116 31 såsom
884 1796 48 21 nu
950 1789 39 30 så
1008 1789 78 31 ofta
1103 1790 89 37 sker,
1212 1792 57 30 till
1289 1794 66 30 den
1373 1796 89 34 grad
1480 1796 108 37 lägga

91 1817 121 36 beslag
228 1820 47 34 på
293 1820 153 32 barnens
464 1822 63 37 tid,
543 1825 54 30 att
616 1825 83 36 föga
718 1827 86 31 eller
822 1828 90 32 intet
929 1830 71 31 blir
1019 1833 120 35 övrigt
1157 1835 56 30 för
1231 1836 143 33 skolans
1393 1840 194 35 uppgifter.

92 1859 72 32 Och
185 1862 55 30 dit
258 1863 66 31 hör
346 1864 171 37 slutligen
538 1868 54 31 att
613 1869 96 36 sörja
733 1871 56 30 för
810 1873 54 30 att
885 1873 297 41 halvtidsskolan,
1202 1889 74 21 som
1300 1881 12 30 i
1334 1881 106 37 fråga
1461 1894 55 21 om
1538 1885 47 31 1l1o-

88 1903 100 32 kaler
209 1906 64 30 och
295 1908 394 38 undervisningsmedel
710 1914 111 32 oftast
842 1916 128 36 plägar
991 1929 89 21 vara
1101 1923 116 30 sämre
1238 1923 115 33 lottad
1375 1928 46 28 än
1441 1927 144 32 heltids.

89 1947 123 32 skolan
233 1968 40 3 —
293 1960 43 21 en
358 1953 163 36 naturlig
542 1954 91 37 följd
656 1967 45 20 av
724 1958 58 31 det
804 1960 139 31 mindre
965 1964 212 32 utvecklade
1197 1966 151 33 intresse
1371 1969 56 31 för
1448 1971 137 32 skolvä-

88 1992 150 35 seendet,
263 2003 74 22 som
362 1995 133 32 brukar
518 1998 130 37 åtfölja
672 2010 42 20 en
738 2012 97 21 mera
858 2004 152 33 utbredd
1034 2007 308 40 halvtidsläsning
1362 2032 38 3 —
1424 2014 160 32 härutin-

90 2044 71 21 nan
183 2036 155 32 erhåller
362 2039 138 36 fullgod
524 2043 218 36 utrustning.

127 2120 143 34 Liksom
294 2125 116 32 andra
432 2128 96 34 yttre
552 2128 307 40 förutsättningar
884 2134 54 31 för
963 2136 225 39 skolarbetet,
1213 2142 116 30 såsom
1354 2143 145 38 lokaler,
1523 2157 61 19 un-

88 2164 405 38 dervisningsmateriell
512 2181 44 21 m.
575 2182 55 27 m.,
650 2173 57 31 får
725 2175 321 40 heltidsläsningen
1066 2181 63 32 sitt
1148 2184 111 31 värde
1277 2183 90 33 blott
1392 2187 5 30 i
1417 2188 66 31 den
1501 2191 83 30 mån

87 2208 65 31 den
174 2208 71 32 kan
268 2211 135 37 främja
425 2213 142 33 skolans
590 2217 265 34 undervisande
876 2222 63 30 och
961 2224 260 35 uppfostrande
1244 2229 236 39 verksamhet,
1501 2243 83 21 vars

87 2251 193 38 framgång
299 2256 131 34 ytterst
451 2257 101 32 beror
573 2269 46 21 av
639 2260 165 34 lärarnas
826 2264 163 37 förmåga
1010 2268 64 30 och
1094 2269 220 35 plikttrohet.
1357 2273 81 32 Men
1458 2275 33 37 ej
1512 2276 70 31 hel-

87 2295 52 31 ler
162 2296 116 33 denna
298 2301 196 36 synpunkt,
518 2301 66 32 den
607 2304 249 40 pedagogiska,
879 2309 71 31 kan
974 2311 36 30 få
1035 2322 88 21 vara
1147 2319 137 28 ensamt
1309 2312 283 49 bestämmande,.

86 2339 45 31 då
155 2340 57 31 det
235 2341 114 34 gäller
372 2343 265 35 skolväsendets
660 2349 192 33 ordnande.
895 2350 102 34 Även
1021 2355 112 32 andra
1155 2357 142 38 hänsyn
1319 2362 113 31 måste
1454 2363 128 33 därvid

86 2383 38 30 få
143 2385 66 30 öva
226 2384 64 32 sitt
309 2385 214 38 inflytande.

124 2426 17 30 I
164 2427 97 32 detta
285 2432 173 30 avseende
481 2433 46 30 ha
549 2444 46 20 av
618 2434 341 40 heltidsläsningens
980 2444 243 32 motståndare
1247 2447 188 37 åberopats
1459 2451 121 31 åtskil-

83 2469 72 36 liga
178 2473 315 39 omständigheter,
514 2487 73 21 som
608 2478 113 37 enligt
743 2481 102 32 deras
867 2484 146 36 mening
1033 2486 74 32 tala
1129 2488 57 31 för
1206 2490 54 30 att
1284 2491 65 31 den
1371 2493 210 33 halvtidslä-

1653 412 140 29 Berätltigad

1633 447 136 22 förekomst
1789 455 27 15 av

1623 481 203 24 halvlidsskolor.

1608 2164 159 31 Granskning
1783 2173 28 16 av

1639 2200 86 23 skälen
1744 2202 39 22 för

1624 2235 170 24 halvtidssko-

1605 2270 54 23 lans
1687 2271 125 24 allmänna

1623 2306 137 23 förekomst
1780 2306 13 23 å

1621 2341 177 29 landsbygden.
