1898 2826
333 168 18 30 2
692 174 436 32 Konstitutionsutskottets
1145 177 182 31 memorial
1344 177 48 31 Nr
1407 179 50 30 10.

320 256 108 38 därpå
453 260 49 28 att
524 257 68 37 jag,
621 258 104 30 sedan
752 261 46 28 ett
825 259 94 30 inom
946 260 166 30 utskottet
1137 259 186 32 framställt
1348 261 130 38 förslag
1503 272 57 20 om
1588 264 230 37 anmärkning

319 306 103 36 enligt
445 308 308 36 regeringsformen
779 309 18 37 8
827 310 58 29 107
914 309 98 36 fallit,
1036 313 82 28 trott
1142 311 69 36 mig
1236 311 76 31 icke
1338 312 84 31 böra
1445 312 182 32 underlåta
1650 317 50 27 att
1722 315 93 30 med-

317 358 104 30 verka
444 358 49 30 till
517 368 43 20 en
587 358 263 31 ”omförmälan”.
887 360 73 30 Vad
987 360 107 36 angår
1118 361 40 30 de
1182 362 110 29 under
1316 361 24 31 C
1364 363 196 36 punkterna
1586 365 56 29 2:o
1667 365 65 30 och
1758 365 57 30 3:0

317 410 175 34 upptagna
518 408 352 38 framställningarna,
893 411 50 29 till
966 411 93 30 vilka
1082 410 56 37 jag
1163 412 163 31 likaledes
1350 413 140 30 anslutit
1516 414 79 37 mig,
1622 415 63 36 äga
1709 415 41 30 de
1773 424 42 21 en

316 458 70 31 helt
402 467 116 22 annan
536 460 173 30 karaktär.
730 460 64 36 Jag
810 461 178 36 uppfattar
1009 462 77 29 dem
1108 461 44 36 så,
1174 465 47 27 att
1240 464 165 29 utskottet
1423 464 65 29 här
1505 465 81 29 över
1603 465 119 30 huvud
1739 465 75 30 icke

318 507 114 33 funnit
457 510 49 35 sig
533 511 65 34 äga
622 510 319 37 tillfyllestgörande
965 512 112 36 grund
1103 512 54 30 för
1180 513 147 32 kritiska
1352 514 197 37 omdömen,
1579 515 144 31 emedan
1748 515 67 31 den

317 559 191 37 utredning,
531 569 75 21 som
626 561 132 30 kunnat
779 560 271 38 åstadkommas,
1071 562 43 38 på
1137 563 89 31 vissa
1250 564 148 37 punkter
1419 564 75 31 icke
1516 568 128 28 ansetts
1664 565 151 32 tillräck-

316 608 60 36 ligt
396 609 238 37 klargörande.
670 611 117 30 Redan
811 612 10 30 i
843 612 72 30 min
937 622 89 21 ovan
1049 612 193 38 åberopade
1265 614 209 31 reservation
1498 615 165 31 framhöll
1684 615 58 38 jag
1765 619 50 29 att

317 659 340 39 tillkännagivanden
693 672 41 21 av
768 662 109 31 sådan
910 663 168 30 innebörd
1111 664 30 37 ej
1175 665 119 32 kunna
1319 674 98 21 anses
1441 665 190 37 oförenliga
1653 667 79 30 med
1755 666 62 32 vår

315 710 296 32 konstitutionella
631 713 93 29 rätt.»

495 2434 180 28 Stockholm
699 2437 83 27 1942.
806 2437 109 36 Kungl.
937 2439 233 35 Boktryckeriet
1192 2441 31 26 P.
1246 2441 33 26 A.
1302 2441 144 28 Norstedt
1469 2443 22 26 &
1514 2442 105 28 Söner.

1009 2491 99 21 421788
