1904 2760
240 194 18 30 2
555 191 389 31 Jordbruksutskottets
965 189 179 31 utlåtande
1163 199 43 20 nr
1224 190 42 30 26
1284 189 40 31 år
1344 190 83 29 1962

290 275 394 40 Departementschefen
704 276 64 29 har
787 274 118 31 anfört
925 274 167 40 följande.

290 325 349 40 >Köttbesiktningen
659 326 65 30 och
745 326 66 29 den
829 325 196 31 veterinära
1045 325 154 29 kontroll
1218 325 11 29 i
1249 324 121 39 övrigt,
1392 333 74 21 som
1487 324 109 30 åvilar
1615 323 129 31 besikt-

245 377 372 39 ningsveterinärerna,
642 378 102 37 utgör
765 378 48 28 ett
832 376 126 39 viktigt
981 376 54 29 led
1058 376 10 29 i
1092 376 67 29 den
1183 375 220 39 fortlöpande
1424 375 318 39 livsmedelshygie-

245 428 102 29 niska
365 427 292 39 övervakningen.
681 427 59 29 Att
762 425 498 40 besiktningsveterinärernas
1284 425 115 30 arbete
1422 425 71 29 kan
1515 424 116 40 fortgå
1655 426 87 28 stör-

245 477 182 40 ningsfritt
449 479 38 28 är
508 477 120 30 därför
649 479 49 27 ett
719 476 194 40 betydande
937 476 232 39 samhälleligt
1191 476 157 29 intresse.
1371 476 65 29 Det
1459 476 38 29 är
1519 474 106 30 också
1647 474 95 40 bety-

245 527 187 36 delsefullt,
456 529 49 28 att
526 527 267 39 ifrågavarande
815 526 346 39 befattningshavare
1183 526 71 29 inte
1276 526 159 29 kommer
1457 525 11 30 i
1490 527 49 28 ett
1563 525 55 30 för
1638 525 103 29 deras

244 578 223 29 verksamhet
490 577 247 39 ofördelaktigt
759 577 171 29 beroende
953 586 42 20 av
1018 577 76 29 sina
1118 576 233 39 arbetsgivare
1374 576 95 29 inom
1493 575 249 30 slakteribran-

245 628 116 30 schen.
384 627 123 30 Denna
524 627 181 40 synpunkt
727 627 183 30 framhölls
933 626 141 30 särskilt
1096 636 42 20 av
1162 627 83 29 1959
1267 625 57 30 års
1346 626 141 38 riksdag
1508 626 58 29 vid
1588 625 154 29 behand-

245 678 116 39 lingen
384 687 43 20 av
448 677 122 40 frågan
591 686 57 21 om
672 687 47 30 ny
740 677 53 39 lag
816 686 56 20 om
894 677 279 38 köttbesiktning
1193 685 45 20 m.
1262 685 45 21 m.
1331 676 197 38 Riksdagen
1552 675 115 30 anslöt
1689 675 52 39 sig

246 728 51 29 till
322 728 113 39 tredje
460 728 246 39 lagutskottets
732 727 189 34 uttalande,
948 727 106 39 enligt
1079 727 108 29 vilket
1212 727 57 29 det
1295 726 214 34 förutsattes,
1537 728 50 27 att
1613 725 129 30 besikt-

245 778 363 39 ningsveterinärerna
626 796 45 3 —
689 778 67 29 hur
775 778 100 29 deras
896 776 479 40 anställningsförhållanden
1394 776 11 30 i
1421 776 111 39 övrigt
1552 778 45 28 än
1616 776 126 29 ordna-

245 828 60 29 des
319 846 44 3 —
377 828 113 29 skulle
505 828 133 29 erhålla
651 837 43 20 en
710 827 108 30 sådan
834 828 176 38 ställning,
1027 829 50 28 att
1093 827 42 29 de
1149 827 12 29 i
1178 827 59 30 sitt
1254 826 115 30 arbete
1384 835 77 21 som
1477 826 264 39 kontrollorgan

245 878 117 29 kunde
379 878 75 29 inta
471 887 41 20 en
530 878 80 30 fullt
627 878 48 29 fri
691 878 65 29 och
774 877 231 40 självständig
1021 877 168 39 hållning.

289 929 71 28 Mot
380 928 115 29 denna
513 928 185 39 bakgrund
718 928 155 29 ansluter
892 927 60 40 jag
970 927 71 39 mig
1060 927 11 30 i
1089 927 111 30 likhet
1220 927 79 29 med
1319 926 351 30 remissinstanserna
1688 926 54 30 till

246 978 250 39 utredningens
524 978 132 39 förslag
684 980 50 27 att
762 977 480 39 besiktningsveterinärerna
1269 977 58 29 vid
1355 976 388 30 kontrollslakterierna

246 1028 87 30 skall
352 1028 47 29 ha
418 1028 116 39 statlig
553 1028 223 39 anställning.
793 1028 146 38 Statliga
958 1028 148 39 tjänster
1125 1027 56 30 för
1200 1027 266 30 verksamheten
1490 1026 252 39 (besiktnings-

246 1078 476 39 veterinärorganisationen)
746 1078 61 30 bör
826 1078 149 30 inrättas
995 1077 80 30 från
1095 1077 65 30 och
1180 1077 79 30 med
1280 1077 66 29 den
1368 1078 14 29 1
1405 1077 66 39 juli
1492 1077 94 30 1962.
1608 1076 134 30 Besikt-

246 1128 561 39 ningsveterinärorganisationen
827 1127 62 31 bör
909 1130 133 27 sortera
1060 1127 114 30 direkt
1194 1127 111 30 under
1323 1127 356 39 veterinärstyrelsen.

289 1178 187 39 Angående
499 1178 409 40 avlöningsförmånerna
930 1178 54 30 för
1003 1178 212 29 innehavare
1238 1187 42 20 av
1301 1178 41 29 de
1364 1187 68 30 nya
1454 1177 287 39 statstjänsterna

245 1228 63 30 har
330 1229 288 39 överläggningar
637 1230 58 37 ägt
718 1237 77 21 rum
818 1228 129 30 mellan
971 1228 215 30 företrädare
1210 1228 55 30 för
1286 1227 205 40 jordbruks-
1514 1228 65 29 och
1603 1227 139 30 civilde-

245 1280 241 37 partementen
508 1281 90 27 samt
619 1278 257 30 vederbörande
899 1278 450 39 personalorganisationer.
1373 1278 73 29 Vad
1468 1278 58 38 jag
1549 1277 193 29 beträffan-

244 1327 42 31 de
304 1328 102 30 dessa
424 1328 177 30 förmåner
619 1328 149 31 föreslår
785 1329 10 29 i
814 1329 58 29 det
890 1328 156 40 följande
1064 1329 65 29 har
1147 1329 67 29 den
1232 1328 41 30 23
1292 1337 93 21 mars
1406 1328 82 30 1962
1508 1328 172 39 godtagits
1702 1335 42 22 av

245 1378 333 40 organisationerna.

288 1430 64 38 Jag
371 1429 170 37 förordar,
560 1432 50 27 att
629 1430 55 30 för
703 1429 204 40 budgetåret
928 1430 148 35 1962/63
1096 1430 149 29 inrättas
1265 1430 40 30 56
1326 1430 149 39 tjänster
1494 1429 19 30 å
1533 1431 99 28 extra
1650 1429 92 29 ordi-

245 1480 96 29 narie
359 1481 79 34 stat,
456 1489 104 20 varav
576 1480 41 30 42
635 1480 80 29 med
733 1479 388 40 tjänstebenämningen
1139 1480 108 29 förste
1265 1479 393 39 besiktningsveterinär
1677 1479 65 30 och

247 1529 39 30 14
303 1530 79 29 med
402 1530 389 39 tjänstebenämningen
809 1530 404 39 besiktningsveterinär.
1232 1530 212 39 Tjänsterna
1462 1529 61 30 bör
1542 1529 200 39 lönegrads-

245 1580 156 38 placeras
423 1580 161 30 sålunda:

241 1643 83 40 Antal
427 1644 286 40 Tjänstebenämning
1250 1649 142 30 Lönegrad
1494 1648 116 27 Särskilt
1629 1647 55 25 års-

1496 1682 110 28 arvode,
1626 1682 40 24 kr.

266 1722 18 29 6
310 1721 109 30 förste
440 1722 392 39 besiktningsveterinär
859 1746 383 6 ...............o--
1295 1721 28 30 A
1336 1722 40 30 26
1555 1721 19 30 4
1589 1721 63 30 800

266 1772 17 29 3
310 1772 109 30 förste
438 1772 392 39 besiktningsveterinälj
858 1796 50 7 ;:.
928 1796 25 6 a
970 1796 71 6 sees
1058 1796 26 6 se
1102 1796 27 6 ss
1146 1796 50 6 ses
1212 1796 29 6 ss
1294 1772 28 29 A
1336 1772 40 30 26
1555 1772 18 30 2
1588 1771 64 31 400

266 1823 17 29 5
310 1822 109 30 förste
439 1822 392 39 besiktningsveterinär
858 1846 383 6 ...............«.+.
1294 1822 28 29 A
1336 1823 40 29 26

245 1871 41 29 26
310 1871 111 31 förste
451 1872 393 39 besiktningsveterinär
877 1896 365 7 .................
1296 1872 23 29 A
1338 1873 40 29 25

247 1922 38 29 14
309 1922 395 40 besiktningsveterinär
729 1918 20 49 =
769 1947 470 6 ossssssssseeserers
1189 1918 53 49 res
1293 1923 27 29 A
1335 1923 40 30 23

287 2023 195 30 Härutöver
498 2023 62 30 bör
577 2024 126 38 Kungl.
721 2024 105 39 Maj:t
842 2024 93 35 eller,
954 2024 87 30 efter
1058 2024 126 39 Kungl.
1204 2024 123 39 Maj:ts
1344 2023 287 40 bemyndigande,
1650 2024 90 28 vete-

243 2073 267 39 rinärstyrelsen
531 2075 63 37 äga
613 2074 132 29 inrätta
764 2074 219 39 erforderligt
1000 2074 94 30 antal
1115 2074 249 39 extratjänster
1383 2074 11 29 i
1415 2074 149 39 angivna
1584 2074 156 38 lönegra-

243 2123 60 29 der
323 2123 83 29 eller
427 2123 10 29 i
456 2123 163 39 lönegrad
641 2124 28 29 A
691 2124 37 29 21
754 2126 89 27 samt
864 2124 150 29 anställa
1035 2124 441 39 besiktningsveterinärer,
1499 2124 43 39 på
1564 2124 71 29 hel-
1657 2124 83 29 eller

243 2173 116 34 deltid,
380 2173 80 30 med
482 2174 124 29 arvode
627 2174 245 29 motsvarande
894 2175 103 29 lönen
1018 2175 10 29 i
1049 2174 176 30 löneklass
1247 2174 27 29 A
1295 2175 51 29 21.
1369 2175 80 29 Som
1469 2174 270 39 kompensation

243 2223 50 29 till
311 2223 70 30 viss
399 2223 55 30 del
472 2223 53 30 för
538 2224 487 39 kontantlöneminskningar,
1045 2233 74 21 som
1138 2224 202 29 nuvarande
1359 2224 210 30 innehavare
1589 2234 42 19 av
1649 2224 91 29 icke-

243 2273 139 39 statliga
411 2273 632 40 besiktningsveterinärbefattningar
1072 2275 70 29 kan
1172 2274 142 30 komma
1343 2276 49 28 att
1422 2274 163 30 åsamkas
1615 2282 123 31 genom

242 2322 266 40 ifrågavarande
528 2324 233 39 omläggning,
784 2324 62 30 bör
867 2324 119 30 vidare
1008 2324 199 39 personliga
1229 2324 198 39 lönetillägg
1450 2324 36 30 få
1508 2324 231 30 tillerkännas

241 2372 161 30 blivande
424 2373 211 30 innehavare
657 2383 42 20 av
721 2374 41 29 de
785 2374 140 39 statliga
947 2374 208 39 tjänsterna.
1178 2375 65 38 Jag
1265 2373 182 37 beräknar,
1472 2376 50 28 att
1545 2374 55 30 för
1620 2374 117 39 dylika

242 2423 199 39 lönetillägg
468 2441 44 4 —
536 2424 152 29 avsedda
717 2424 55 30 för
801 2425 39 29 25
870 2424 347 39 befattningshavare
1245 2442 44 3 —
1318 2424 87 30 skall
1435 2424 177 30 erfordras
1641 2424 97 30 cirka

244 2473 59 30 100
318 2473 63 30 000
400 2473 52 31 kr.
472 2473 54 31 för
544 2474 205 39 budgetåret
770 2474 160 36 1962/63.
950 2474 178 39 Tilläggen
1147 2474 63 30 bör
1229 2474 157 30 minskas
1405 2475 11 29 i
1433 2475 67 29 den
1519 2474 82 30 mån
1620 2475 115 29 veder-

241 2522 152 31 börande
421 2523 44 40 på
492 2524 111 39 grund
632 2533 43 20 av
699 2524 188 30 befordran
916 2524 82 30 eller
1025 2524 101 40 eljest
1154 2532 124 32 genom
1304 2524 355 40 löneklassplacering
1687 2533 51 20 er-
