1888 2834
104 1669 126 26 Utskottet.

275 142 37 30 10
706 148 274 33 Statsutskottets
1007 150 175 32 utlåtande
1205 152 50 30 Nr
1281 154 70 29 125.

274 230 121 38 lingar,
419 240 74 21 som
513 240 144 23 numera
678 242 79 21 vore
778 234 164 36 ordnade,
959 234 90 31 hade
1065 236 188 31 anstaltens
1269 237 186 31 arkivalier
1476 238 125 31 beretts
1621 239 164 38 tillfälligt

273 272 120 31 förvar
416 272 44 38 på
482 274 188 31 anstaltens
694 275 93 31 vind.
834 275 266 33 Vederbörande
1120 277 94 31 inom
1236 279 348 37 byggnadsstyrelsen
1607 281 65 31 och
1697 282 87 31 riks-

278 314 132 32 arkivet
431 315 89 31 hade
538 316 188 31 emellertid
745 318 80 30 med
845 319 88 29 rätta
952 320 172 35 anmärkt,
1145 323 48 27 att
1212 321 99 30 dessa
1331 320 183 32 arkivalier
1534 322 75 31 icke
1629 323 55 31 för
1703 325 78 29 när-

273 357 153 31 varande
443 367 80 22 vore
539 359 232 38 betryggande
791 360 183 32 förvarade
993 361 105 38 enligt
1115 363 157 37 gällande
1288 364 268 37 bestämmelser,
1570 368 85 28 utan
1671 368 49 29 att
1736 369 49 28 ett

277 399 140 31 särskilt
435 399 228 33 brandsäkert
681 411 79 20 rum
780 402 55 31 för
855 403 178 31 desamma
1052 404 107 31 borde
1179 404 147 32 inredas.

317 441 114 31 Sedan
451 442 229 32 förenämnda
706 444 113 31 behov
844 444 235 39 tillgodosetts,
1100 445 170 33 återstode
1295 448 10 30 i
1331 448 113 31 denna
1472 448 127 38 våning
1625 449 57 32 två
1706 460 79 21 rum

273 482 116 32 såsom
405 494 122 21 reserv.

317 525 172 38 Styrelsen
507 527 108 32 tilläte
634 528 49 37 sig
698 528 198 38 framhålla,
916 533 48 28 att
985 530 346 38 iordningställandet
1347 542 42 21 av
1411 532 170 38 våningen
1603 535 18 29 2
1642 537 142 34 trappor

272 577 83 28 upp,
374 578 74 21 som
465 579 47 21 nu
529 569 214 38 uppskjutits
757 571 10 30 i
784 572 37 30 17
837 571 48 36 år,
906 582 79 21 vore
1002 576 47 27 ett
1066 574 138 36 mycket
1220 575 145 30 aktuellt
1382 575 112 31 behov
1512 576 66 30 och
1597 576 186 37 lämpligen

276 610 107 32 borde
401 610 35 32 få
453 612 133 31 utföras
603 612 11 31 i
632 615 45 29 ett
695 614 262 37 sammanhang.
999 611 188 35 Ävenledes
1206 616 92 37 finge
1318 616 214 37 framhållas,
1551 620 58 32 att,
1629 627 58 21 om
1706 619 74 30 des-

272 662 38 21 sa
327 654 141 30 arbeten
485 655 165 37 utfördes,
669 656 92 30 detta
780 656 75 31 icke
874 657 180 31 medförde
1068 658 165 31 framtida
1247 659 131 37 ökning
1392 669 42 21 av
1452 661 220 30 statsverkets
1691 661 92 31 kost-

272 696 108 30 nader
400 696 55 30 för
476 698 188 30 anstaltens
685 699 231 30 verksamhet.

317 737 94 32 Enär
427 738 345 38 iordningställandet
785 750 43 21 av
841 742 98 30 dessa
957 742 132 31 lokaler
1106 743 75 31 icke
1192 742 178 39 utgjordes
1386 753 42 22 av
1444 745 182 37 byggande
1643 745 9 30 i
1670 748 112 34 egent-

271 779 46 38 lig
337 780 148 38 mening,
510 782 90 31 hade
624 782 56 31 det
697 783 75 31 icke
793 784 175 37 upptagits
991 785 9 30 i
1018 787 128 29 statens
1167 786 404 37 organisationsnämnds
1592 788 189 30 betänkan-

271 822 42 31 de
336 832 42 21 av
402 824 65 30 den
489 825 41 30 25
553 825 144 31 oktober
720 826 83 30 1932
826 827 79 29 med
926 827 82 36 plan
1031 827 55 31 för
1110 830 127 28 statens
1254 828 401 38 byggnadsverksamhet
1672 830 111 30 under

271 865 156 31 närmast
442 866 210 32 kommande
671 867 239 38 tioårsperiod.

315 906 199 33 Kostnaden
542 909 55 30 för
630 910 56 30 det
716 909 148 32 sålunda
895 910 196 38 föreslagna
1122 912 345 37 iordningställandet
1498 922 42 21 av
1571 912 171 39 våningen
1763 914 19 30 2

275 951 143 35 trappor
436 959 70 28 upp
530 950 10 31 i
559 951 328 37 huvudbyggnaden
909 953 215 31 beräknades
1146 954 50 30 till
1216 954 120 36 30,000
1358 955 138 30 kronor.

316 1017 14 30 I
353 1018 80 30 över
455 1017 300 39 framställningen
785 1020 172 31 infordrat
985 1020 179 32 utlåtande
1190 1021 64 31 har
1277 1021 345 38 byggnadsstyrelsen
1649 1023 134 36 uttalat,

271 1070 50 28 att
344 1069 163 35 styrelsen
531 1069 75 31 icke
627 1070 89 31 hade
737 1069 105 38 något
862 1074 49 28 att
931 1071 114 31 erinra
1065 1072 222 31 beträffande
1308 1072 266 38 ifrågavarande
1590 1074 193 37 byggnads-

270 1119 127 36 arbete,
421 1127 74 23 som
516 1119 125 32 funnes
662 1123 165 35 upptaget
845 1122 10 30 i
877 1121 363 38 byggnadsstyrelsens
1263 1124 83 36 plan
1369 1123 55 31 för
1441 1126 128 29 statens
1590 1125 192 37 byggnads-

271 1169 220 32 verksamhet
516 1171 111 30 under
653 1171 93 31 tiden
768 1173 15 29 1
804 1171 64 37 juli
891 1173 170 31 1937—30
1085 1172 75 38 juni
1188 1174 92 36 1942,
1306 1175 65 30 och
1395 1174 109 32 funne
1527 1176 165 37 styrelsen
1717 1176 66 31 den

271 1220 150 37 angivna
443 1220 193 32 kostnaden
657 1222 120 37 skälig.

317 1311 388 40 Departementschefen
727 1315 66 30 har
815 1315 55 30 för
892 1322 83 30 egen
997 1316 56 30 del
1074 1316 117 31 anfört
1214 1317 166 37 följande.

319 1371 51 30 Av
395 1372 67 30 vad
484 1372 10 30 i
519 1373 142 30 ärendet
685 1373 135 31 anförts
843 1375 97 30 torde
965 1375 145 37 framgå,
1137 1379 49 27 att
1209 1377 112 30 behov
1343 1386 44 22 av
1413 1377 298 38 färdigställandet
1735 1387 41 22 av

276 1414 111 30 andra
413 1413 170 39 våningen
608 1415 11 30 i
646 1418 128 28 statens
801 1417 334 37 provningsanstalts
1163 1419 285 37 huvudbyggnad
1474 1420 190 38 föreligger.
1715 1421 64 36 Jag

275 1455 189 39 tillstyrker
485 1457 225 37 fördenskull,
733 1461 49 28 att
804 1460 111 29 medel
938 1460 54 30 för
1013 1460 198 31 ändamålet
1233 1462 118 30 ställas
1372 1462 52 30 till
1446 1462 216 38 förfogande.
1706 1463 72 31 Mot

275 1498 66 31 den
361 1500 208 30 verkställda
588 1501 236 36 beräkningen
840 1511 43 20 av
900 1502 234 31 kostnaderna
1153 1503 64 30 har
1233 1503 60 38 jag
1309 1504 84 31 intet
1412 1507 49 28 att
1480 1505 123 30 erinra.
1644 1506 64 30 Det
1727 1515 50 21 er-

275 1541 187 37 forderliga
481 1543 309 36 anslagsbeloppet,
812 1544 119 35 30,000
954 1544 139 36 kronor,
1114 1546 97 30 torde
1231 1546 86 30 böra
1338 1547 137 31 anvisas
1497 1547 114 31 såsom
1631 1548 145 37 kapital-

274 1584 132 37 ökning
424 1584 50 30 till
494 1587 128 28 statens
641 1586 177 36 allmänna
839 1586 277 36 fastighetsfond.

321 1668 180 36 Utskottet,
522 1678 74 21 som
614 1669 75 31 icke
705 1670 117 31 funnit
839 1671 187 38 anledning
1043 1672 52 30 till
1111 1672 138 31 erinran
1266 1676 72 28 mot
1359 1674 122 38 Kungl.
1500 1674 119 38 Maj:ts
1636 1676 139 37 förslag,

273 1717 55 31 får
346 1718 192 37 hemställa,

627 1782 48 27 att
698 1780 186 37 riksdagen
907 1780 56 32 må
986 1781 50 31 till
1061 1782 286 37 färdigställande
1370 1793 42 21 av
1435 1785 110 30 andra
1571 1785 171 38 våningen
1764 1787 12 29 i

584 1832 128 28 statens
729 1832 334 35 provningsanstalts
1083 1833 284 37 huvudbyggnad
1385 1835 55 31 för
1457 1836 201 37 budgetåret
1680 1833 98 36 1937/

583 1881 81 30 1938
688 1881 111 31 under
822 1882 145 36 Utgifter
990 1882 54 31 för
1068 1883 272 39 kapitalökning,
1366 1886 132 30 Statens
1524 1887 177 31 allmänna
1725 1888 48 30 fa-

584 1931 239 37 stighetsfond,
846 1933 119 30 anvisa
987 1936 46 28 ett
1057 1935 352 39 reservationsanslag
1429 1946 43 21 av
1495 1938 119 35 30,000
1636 1939 137 30 kronor.

312 2013 14 30 I
343 2012 99 38 fråga
462 2024 56 21 om
536 2016 100 29 sättet
655 2015 54 31 för
726 2017 198 31 beredande
942 2027 41 21 av
1001 2018 165 37 täckning
1185 2020 222 31 beträffande
1427 2022 92 30 detta
1539 2023 119 36 anslag
1676 2024 96 30 kom-

273 2073 74 21 mer
366 2065 165 30 utskottet
552 2068 48 28 att
619 2065 185 32 framdeles
824 2067 121 37 avgiva
965 2068 188 32 utlåtande.

316 2139 201 32 Stockholm
538 2141 66 31 den
626 2142 41 30 30
688 2142 90 37 april
801 2143 93 30 1937.

764 2226 49 32 På
837 2229 268 30 statsutskottets
1127 2230 142 35 vägnar:

825 2313 172 31 PETRUS
1021 2313 198 32 NILSSON.

301 2458 196 26 Närvarande:
519 2467 29 17 se
572 2460 89 25 under
683 2460 158 26 utlåtandet
865 2469 33 16 nr
922 2463 55 24 122.
