2214 2646
719 178 248 33 Statsutskottets
997 175 166 33 Utlåtande
1189 174 60 31 N:o
1276 174 47 30 12.
1748 167 18 29 3

218 263 138 49 tillägg
387 262 101 47 finge
517 262 92 46 utgå
638 258 133 36 endast
800 256 56 37 för
885 268 43 23 en
960 255 40 35 af
1025 254 120 46 dessa,
1176 251 192 49 nämligen
1399 249 56 37 för
1485 248 84 47 den,
1599 259 78 24 som
1708 243 101 39 med-

219 315 105 37 förde
365 314 139 47 högsta
547 310 228 48 aflöningen,
805 308 101 46 eller,
937 307 125 36 därest
1091 305 123 36 denna
1244 306 45 46 på
1320 314 79 24 mer
1427 306 47 31 än
1504 304 53 32 ett
1586 298 107 37 ställe
1724 308 88 25 vore

218 367 88 47 lika,
337 367 58 51 för
424 365 73 36 den
526 364 39 36 af
590 363 98 46 dem,
718 361 55 36 till
802 359 156 37 hvilken
985 359 76 36 han
1090 357 93 35 först
1211 355 125 37 blifvit
1364 351 212 38 befordrad.

348 417 126 37 Äfven
514 416 57 36 för
613 417 87 33 åren
745 412 251 37 1902—1904
1024 407 210 50 beviljades
1262 404 288 52 dyrtidstillägg
1578 401 120 48 enligt
1726 413 87 23 ena-

221 470 123 37 handa
384 467 169 50 grunder
595 479 78 23 som
717 464 57 36 för
803 466 40 33 år
874 463 108 46 1901,
1013 461 155 37 allenast
1197 458 85 37 med
1312 458 46 36 de
1388 454 314 45 modifikationer,
1732 463 81 25 som

221 520 238 39 föranleddes
501 518 119 46 däraf,
663 521 54 31 att
758 515 55 36 tid
854 515 94 35 efter
990 526 123 23 annan
1152 510 239 49 regleringar
1420 507 40 36 af
1483 506 99 37 vissa
1610 506 204 35 lönestater

223 571 227 49 föreslagits.
509 570 13 35 I
564 568 132 37 sådant
738 566 175 37 afseende
956 564 205 36 föreskrefs
1197 561 204 48 nämligen,
1432 563 56 32 att
1517 557 44 37 de
1589 555 225 50 tjänstinne-

222 625 168 45 hafvare,
432 621 149 37 hvilkas
619 618 381 48 aflöningsförmåner
1029 615 62 36 vid
1123 615 94 35 1901
1250 615 59 33 års
1340 610 169 47 Riksdag
1537 608 89 37 eller
1654 606 162 37 därefter

223 691 68 35 ny-
334 675 89 36 eller
464 672 249 49 omreglerats
755 670 95 37 efter
893 668 115 36 andra
1036 666 168 50 grunder
1233 669 48 31 än
1309 663 99 46 dem,
1437 674 80 24 som
1546 660 104 48 följts
1681 657 61 37 vid
1771 657 45 35 de

224 728 104 37 äldre
370 731 185 32 staternas
595 721 273 47 fastställande,
911 719 122 38 skulle
1074 719 83 35 från
1200 714 223 50 åtnjutande
1465 712 42 37 af
1531 710 287 51 dyrtidstillägg

223 779 251 48 undantagas,
517 776 210 50 hvarjämte
768 772 183 50 vidtagits
993 771 109 36 äfven
1147 769 73 37 den
1244 766 206 52 jämkning
1477 765 13 36 i
1518 764 116 49 öfrigt
1662 761 12 38 i
1702 773 115 37 grun-

225 832 114 37 derna
380 831 59 35 för
480 827 343 51 dyrtidstilläggets
864 822 255 47 beräknande,
1149 833 80 25 som
1259 820 39 37 af
1323 816 231 39 verkställda
1582 814 237 49 regleringar

226 883 127 37 blifvit
366 896 63 39 en
458 880 104 50 följd.

355 933 127 38 Äfven
518 931 57 37 till
614 931 96 36 1905
741 931 59 34 års
827 926 172 49 Riksdag
1028 926 88 37 aflät
1144 923 140 49 Kungl.
1315 921 108 48 Maj:t
1451 917 280 48 framställning
1759 929 60 23 om

226 985 216 51 beviljande
484 984 41 36 af
563 981 288 50 dyrtidstillägg
892 978 121 49 enligt
1054 975 197 39 enahanda
1291 972 181 51 grunder,
1506 983 80 24 som
1615 969 205 48 tillämpats

228 1039 120 37 under
376 1040 168 34 närmast
572 1032 230 50 föregående
831 1034 51 34 år.
937 1029 219 49 Riksdagen
1184 1025 189 50 beviljade
1398 1022 227 50 visserligen
1645 1020 111 37 äfven
1776 1018 46 37 då

229 1089 300 52 dyrtidstillägg,
560 1100 86 23 men
675 1084 134 38 ställde
837 1083 61 49 sig
927 1081 133 38 därvid
1088 1083 47 46 på
1163 1093 47 24 en
1230 1080 41 35 så
1289 1077 57 37 till
1367 1076 87 37 vida
1472 1072 203 40 förändrad
1696 1070 126 39 stånd-

229 1142 134 51 punkt,
405 1145 56 33 att
502 1140 85 37 från
628 1136 288 51 dyrtidstillägg
956 1134 253 47 undantogos,
1255 1137 105 30 utom
1394 1128 95 47 dem,
1520 1139 80 25 som
1628 1124 42 38 af
1694 1123 128 48 andra,

230 1196 102 37 förut
374 1192 159 50 angifna
574 1190 249 48 anledningar
865 1186 195 47 uteslötos,
1102 1184 114 37 äfven
1245 1182 45 37 de
1319 1181 242 50 tjänstemän,
1591 1177 147 37 hvilkas
1769 1175 53 37 af-

230 1246 347 50 löningsförmåner
606 1242 40 37 af
669 1241 216 49 statstjänst
913 1239 59 36 för
1000 1250 145 25 samma
1173 1239 40 33 år
1240 1233 199 51 uppginge
1467 1231 57 37 till
1549 1231 119 47 högre
1687 1227 136 50 belopp

232 1304 48 32 än
309 1299 112 47 5,000
450 1297 152 46 kronor,
632 1294 195 36 äfvensom
857 1291 46 36 de
927 1290 231 49 tjänstemän
1178 1287 71 37 och
1268 1286 181 48 betjänte,
1470 1281 150 38 hvilkas
1640 1292 185 25 samman-

231 1351 115 50 lagda
381 1349 209 37 inkomster
628 1345 40 38 af
694 1345 138 46 arbete,
862 1341 329 50 dyrtidstillägget
1219 1336 247 47 oberäknadt,
1495 1334 119 37 under
1642 1332 183 37 nästföre-

232 1402 148 51 gående
409 1404 81 34 året
518 1399 40 37 af
582 1396 282 40 vederbörande
883 1390 467 52 taxeringsmyndigheter
1369 1387 243 51 uppskattats
1631 1384 58 37 till
1708 1384 120 49 högre

233 1455 138 50 belopp
400 1457 49 33 än
479 1453 111 47 5,000
618 1450 149 36 kronor.

362 1504 136 50 Enligt
527 1501 197 40 enahanda
756 1499 179 51 grunder,
965 1511 81 24 som
1075 1495 158 39 sålunda
1260 1491 217 40 bestämdes
1507 1493 39 34 år
1576 1490 110 46 1905,
1714 1487 116 37 hafva

235 1559 213 38 sedermera
476 1554 288 52 dyrtidstillägg
790 1554 127 47 utgått
946 1550 114 37 äfven
1087 1548 59 37 för
1175 1550 90 34 åren
1296 1546 96 36 1906
1423 1542 71 39 och
1523 1543 109 36 1907.

365 1609 195 50 Därjämte
587 1607 68 36 har
688 1604 181 39 nästlidet
898 1606 60 34 års
987 1601 182 48 Riksdag,
1200 1600 96 36 efter
1325 1597 131 37 därom
1485 1594 41 37 af
1549 1592 143 50 Kungl.
1721 1591 109 50 Maj:t

236 1663 114 50 gjord
377 1659 295 48 framställning,
702 1656 151 38 utöfver
885 1655 65 37 det
977 1657 41 35 så
1045 1652 148 38 kallade
1222 1648 339 52 dyrtidstillägget,
1590 1644 158 49 beviljat
1776 1648 54 33 ett

237 1720 107 33 extra
384 1712 226 49 lönetillägg
653 1712 38 34 åt
731 1709 46 37 de
819 1707 64 37 vid
925 1711 144 33 statens
1111 1704 95 37 verk
1249 1702 71 37 och
1347 1698 272 52 myndigheter
1647 1695 185 38 anställda

237 1768 259 37 vaktmästare
525 1763 70 38 och
623 1762 86 37 med
738 1761 86 37 dem
851 1758 191 38 likställda
1069 1756 182 50 betjänte,
1280 1752 152 39 hvilkas
1451 1750 280 38 löneförmåner
1748 1747 84 37 icke

237 1819 122 38 under
402 1818 97 37 1901
543 1818 59 34 års
644 1814 90 37 eller
775 1812 163 37 därefter
976 1809 168 51 följande
1173 1810 108 35 årens
1308 1804 201 49 riksdagar
1537 1816 68 35 ny-
1635 1800 90 37 eller
1753 1812 79 24 om-

238 1872 185 50 reglerats
466 1869 97 37 efter
607 1866 118 38 andra
764 1863 169 51 grunder
966 1867 47 33 än
1042 1862 97 47 dem,
1170 1873 79 24 som
1279 1858 105 50 följts
1413 1856 62 37 vid
1505 1852 261 40 fastställande
1797 1851 41 37 af

240 1924 46 37 de
314 1923 103 37 äldre
447 1921 58 38 för
533 1920 84 37 dem
645 1917 175 50 gällande
848 1916 265 37 lönestaterna.
1170 1909 243 40 HBistnämnda
1439 1907 140 49 tillägg
1606 1903 228 48 bestämdes,

239 1976 138 37 liksom
419 1971 340 52 dyrtidstillägget,
802 1974 53 32 att
887 1970 93 47 utgå
1009 1965 84 38 med
1125 1966 44 36 10
1198 1966 158 48 procent
1384 1964 20 34 å
1433 1960 73 38 den
1534 1959 182 37 kontanta
1743 1955 89 38 aflö-

240 2028 146 49 ningen
428 2026 198 37 äfvensom
653 2024 13 36 i
694 2022 117 49 öfrigt
853 2020 121 49 enligt
1002 2016 197 40 enahanda
1227 2014 169 50 grunder
1423 2013 13 36 i
1464 2010 226 51 tillämpliga
1718 2008 114 47 delar,

242 2094 93 34 som,
369 2078 122 49 enligt
522 2075 102 38 hvad
652 2075 102 37 förut
772 2077 166 42 nämnts,
959 2069 255 39 föreskrifvits
1233 2065 235 39 beträffande
1497 2061 337 52 dyrtidstillägget,

243 2132 97 37 dock
367 2131 87 37 med
482 2130 73 36 den
584 2127 193 47 afvikelse,
808 2129 55 32 att
891 2124 63 37 det
974 2127 107 33 extra
1099 2119 265 50 lönetillägget
1383 2117 122 38 skulle
1524 2113 312 51 tillgodokomma

244 2184 112 37 äfven
385 2184 85 36 dem
498 2180 115 38 bland
640 2176 293 52 ifrågavarande
961 2172 379 53 tjänstinnehafvare,
1369 2170 13 37 i
1409 2168 149 39 hvilkas
1586 2166 166 49 aflöning
1779 2164 57 37 in-

244 2236 119 51 ginge
390 2232 174 40 bostads-
594 2231 90 39 eller
711 2229 306 40 boställsförmån
1045 2226 40 38 in
1113 2230 146 34 natura.
