2162 2640
363 178 241 33 Sammansatta
630 175 210 43 Bevillnings-
867 176 55 32 och
946 152 232 70 Lagutskottets
1203 174 211 33 Betänkande
1436 175 62 32 N:o
1521 176 31 31 1.
1699 174 18 32 7

162 259 247 50 nödvändigt,
451 263 56 32 att
538 258 13 36 i
582 256 273 50 förordningen
883 256 210 50 uttrycklig
1121 254 147 38 skilnad
1295 260 114 44 göres
1437 254 163 38 emellan
1628 254 134 50 yrkes-

163 312 145 49 messig
336 311 70 37 och
433 310 81 37 icke
542 309 262 50 yrkesmessig
833 308 130 50 oloflig
990 307 411 50 bränvinsförsäljning
1430 312 98 32 samt
1556 311 57 33 att
1641 307 45 37 de
1706 307 59 37 för

164 366 64 36 det
271 378 71 23 ena
384 363 70 37 och
487 363 63 37 det
588 362 118 37 andra
734 361 126 49 slaget
888 361 42 36 af
953 360 248 50 förbrytelser
1228 360 229 49 tillämpliga
1485 359 278 37 straffbestäm-

165 417 138 37 melser
343 420 191 45 upptagas
575 414 95 37 hvar
711 414 58 36 för
810 413 69 49 sig.
936 413 147 36 Endast
1123 415 50 47 på
1215 412 104 37 detta
1347 417 77 31 sätt
1457 425 115 36 synes
1605 425 48 24 en
1680 411 83 49 lag-

165 468 223 49 förändring
427 467 129 36 kunna
598 466 174 48 vidtagas
812 470 93 31 utan
939 470 56 32 att
1027 464 169 38 medföra
1228 464 242 49 verkningar,
1499 477 82 24 som
1611 463 154 38 dermed

164 521 84 38 icke
277 521 145 36 afsetts.

293 572 73 37 Till
396 572 69 36 sist
492 569 66 37 vill
585 569 191 37 utskottet
805 572 125 33 såsom
960 568 58 37 sin
1047 568 100 49 åsigt
1166 567 212 47 framhålla,
1399 571 56 33 att
1474 567 65 37 det
1556 567 209 49 ingalunda

166 625 108 37 torde
302 625 37 36 få
368 636 112 24 anses
507 622 136 48 gifvet,
674 626 54 32 att
756 621 64 37 det
848 620 174 50 åsyftade
1051 620 217 37 ändamålet
1297 619 120 38 skulle
1447 619 152 37 säkrare
1628 620 137 36 vinnas

165 691 141 35 genom
336 675 209 38 ådömande
574 674 41 37 af
638 674 137 37 urbota
801 672 255 49 bestraffning
1083 672 12 37 1
1122 672 276 37 vidsträcktare
1427 674 99 45 mån,
1557 677 49 31 än
1635 672 130 37 derom

165 729 119 37 redan
324 728 122 37 finnes
489 726 188 49 stadgadt.
734 725 180 37 Tvärtom
949 738 114 36 synes
1093 724 64 37 det
1188 724 199 48 utskottet,
1418 737 81 23 som
1529 737 61 23 om
1618 723 12 37 i
1657 724 109 48 fråga

167 795 61 23 om
269 778 228 50 lönkrögeri,
540 778 66 37 der
646 778 160 36 motivet
840 782 41 31 är
914 776 120 50 begär
1066 777 98 36 efter
1191 776 307 49 penningevinst,
1528 775 103 49 höga
1658 776 109 36 böter

162 834 120 48 jemte
315 831 188 38 utsträckt
534 835 77 32 rätt
644 830 59 36 till
730 829 134 49 beslag
893 828 120 37 skulle
1041 841 92 24 vara
1160 828 74 37 den
1262 828 242 49 lämpligaste
1533 828 231 37 straffarten.

296 936 52 37 På
375 934 124 51 grund
520 934 42 37 af
577 933 101 37 hvad
697 932 153 38 anfördt
869 932 125 37 blifvit
1013 932 122 37 finner
1155 932 59 49 sig
1232 932 189 37 utskottet
1439 932 93 37 böra
1550 932 215 48 hemställa,

696 1042 56 32 att
780 1036 218 50 Riksdagen
1027 1036 86 37 med
1141 1035 207 50 anledning
1376 1037 42 37 af
1437 1037 87 37 herr
1542 1036 223 38 Kronlunds

567 1089 292 50 ifrågavarande
901 1088 144 37 motion
1086 1090 118 35 måtte
1245 1088 12 36 i
1299 1088 197 37 skrifvelse
1528 1089 62 36 till
1622 1088 142 49 Kongl.

567 1142 109 50 Maj:t
709 1141 162 48 anhålla,
906 1140 64 37 det
997 1139 148 37 täcktes
1173 1140 141 49 Kongl.
1345 1141 108 49 Maj:t
1480 1146 92 44 taga
1599 1140 12 37 i
1640 1141 125 36 öfver-

566 1193 188 50 vägande,
789 1206 60 23 om
885 1193 11 36 i
924 1192 129 48 kongl.
1084 1192 274 48 förordningen
1387 1193 198 48 angående
1614 1192 151 50 försälj-

565 1246 94 47 ning
700 1246 42 35 af
780 1244 161 37 bränvin
974 1258 47 22 m.
1057 1257 47 22 m.
1141 1243 73 37 den
1249 1246 48 34 24
1325 1246 74 48 maj
1432 1246 97 35 1895
1560 1244 207 49 ändringar

565 1300 61 34 må
658 1297 130 36 kunna
821 1296 175 47 vidtagas
1030 1295 12 36 i
1072 1296 101 48 syfte
1203 1301 56 31 att
1286 1309 139 35 genom
1455 1296 156 49 skärpta
1640 1296 125 36 straff-

564 1348 290 38 bestämmelser
894 1350 49 47 på
985 1352 56 31 ett
1082 1360 103 24 mera
1217 1348 194 37 verksamt
1443 1352 77 32 sätt
1553 1352 50 32 än
1630 1347 135 37 hittills

566 1400 195 37 förhindra
789 1399 118 37 sådan
927 1399 130 48 oloflig
1074 1399 332 49 bränvinshandel,
1428 1413 93 35 som,
1541 1399 225 37 framkallad

566 1453 42 36 af
645 1452 233 48 vinstbegär,
920 1454 50 46 på
1002 1456 56 31 ett
1090 1464 81 23 mer
1198 1451 93 38 eller
1318 1452 143 36 mindre
1489 1451 278 50 yrkesmessigt

567 1510 76 31 sätt
670 1505 12 36 i
710 1505 98 36 form
837 1504 41 36 af
902 1503 219 48 lönkrögeri
1148 1504 167 46 utöfvas;
1345 1509 98 32 samt
1470 1504 57 36 till
1547 1503 217 49 Riksdagen

565 1557 194 36 inkomma
791 1556 85 36 med
909 1555 64 36 det
1006 1555 338 50 ändringsförslag,
1379 1570 81 23 som
1488 1556 140 48 Kongl.
1660 1556 107 48 Maj:t

565 1609 12 36 i
607 1609 136 36 sådant
771 1608 99 49 syfte
898 1607 76 37 kan
1003 1607 102 36 finna
1134 1608 207 49 anledning
1368 1608 78 37 låta
1473 1608 186 36 utarbeta.

304 1712 218 38 Stockholm
553 1711 72 36 den
655 1713 47 34 22
733 1723 99 23 mars
864 1711 108 35 1897.

359 1819 50 35 På
438 1823 273 31 sammansatta
738 1816 247 47 bevillnings-
1016 1816 69 36 och
1113 1815 274 48 lagutskottets
1417 1819 160 44 vägnar:

747 1922 42 35 A.
821 1921 45 35 G.
898 1918 291 38 SVEDELIUS.
