<?xml version="1.0" encoding="UTF-8"?>
<alto xmlns="http://www.loc.gov/standards/alto/ns-v3#" xmlns:xlink="http://www.w3.org/1999/xlink" xmlns:xsi="http://www.w3.org/2001/XMLSchema-instance" xsi:schemaLocation="http://www.loc.gov/standards/alto/ns-v3# http://www.loc.gov/alto/v3/alto-3-0.xsd">
	<Description>
		<MeasurementUnit>pixel</MeasurementUnit>
		<sourceImageInformation>
			<fileName>/tmp/tess_fm18551h_input.PNG</fileName>
		</sourceImageInformation>
		<OCRProcessing ID="OCR_0">
			<ocrProcessingStep>
				<processingSoftware>
					<softwareName>tesseract 5.3.0</softwareName>
				</processingSoftware>
			</ocrProcessingStep>
		</OCRProcessing>
	</Description>
	<Layout>
		<Page WIDTH="1894" HEIGHT="2850" PHYSICAL_IMG_NR="0" ID="page_0">
			<PrintSpace HPOS="0" VPOS="0" WIDTH="1894" HEIGHT="2850">
				<ComposedBlock ID="cblock_0" HPOS="541" VPOS="178" WIDTH="1083" HEIGHT="44">
					<TextBlock ID="block_0" HPOS="541" VPOS="178" WIDTH="1083" HEIGHT="44">
						<TextLine ID="line_0" HPOS="541" VPOS="178" WIDTH="1083" HEIGHT="44">
							<String ID="string_0" HPOS="541" VPOS="187" WIDTH="102" HEIGHT="27" WC="0.93" CONTENT="Andra"/><SP WIDTH="23" VPOS="187" HPOS="643"/>
							<String ID="string_1" HPOS="666" VPOS="186" WIDTH="195" HEIGHT="36" WC="0.91" CONTENT="lagutskottets"/><SP WIDTH="24" VPOS="186" HPOS="861"/>
							<String ID="string_2" HPOS="885" VPOS="185" WIDTH="148" HEIGHT="27" WC="0.95" CONTENT="utlåtande"/><SP WIDTH="22" VPOS="185" HPOS="1033"/>
							<String ID="string_3" HPOS="1055" VPOS="185" WIDTH="49" HEIGHT="27" WC="0.95" CONTENT="Nr"/><SP WIDTH="24" VPOS="185" HPOS="1104"/>
							<String ID="string_4" HPOS="1128" VPOS="184" WIDTH="49" HEIGHT="28" WC="0.90" CONTENT="15."/><SP WIDTH="427" VPOS="184" HPOS="1177"/>
							<String ID="string_5" HPOS="1604" VPOS="178" WIDTH="20" HEIGHT="31" WC="0.96" CONTENT="5"/>
						</TextLine>
					</TextBlock>
				</ComposedBlock>
				<ComposedBlock ID="cblock_1" HPOS="118" VPOS="255" WIDTH="1511" HEIGHT="757">
					<TextBlock ID="block_1" HPOS="118" VPOS="255" WIDTH="1508" HEIGHT="405">
						<TextLine ID="line_1" HPOS="118" VPOS="255" WIDTH="1506" HEIGHT="50">
							<String ID="string_6" HPOS="118" VPOS="275" WIDTH="40" HEIGHT="20" WC="0.96" CONTENT="av"/><SP WIDTH="23" VPOS="275" HPOS="158"/>
							<String ID="string_7" HPOS="181" VPOS="264" WIDTH="230" HEIGHT="41" WC="0.96" CONTENT="kungörelsen"/><SP WIDTH="27" VPOS="264" HPOS="411"/>
							<String ID="string_8" HPOS="438" VPOS="262" WIDTH="65" HEIGHT="31" WC="0.97" CONTENT="den"/><SP WIDTH="25" VPOS="262" HPOS="503"/>
							<String ID="string_9" HPOS="528" VPOS="263" WIDTH="18" HEIGHT="30" WC="0.96" CONTENT="8"/><SP WIDTH="21" VPOS="263" HPOS="546"/>
							<String ID="string_10" HPOS="567" VPOS="261" WIDTH="76" HEIGHT="42" WC="0.96" CONTENT="juni"/><SP WIDTH="25" VPOS="261" HPOS="643"/>
							<String ID="string_11" HPOS="668" VPOS="261" WIDTH="80" HEIGHT="31" WC="0.96" CONTENT="1928"/><SP WIDTH="21" VPOS="261" HPOS="748"/>
							<String ID="string_12" HPOS="769" VPOS="260" WIDTH="53" HEIGHT="41" WC="0.96" CONTENT="(nr"/><SP WIDTH="23" VPOS="260" HPOS="822"/>
							<String ID="string_13" HPOS="845" VPOS="259" WIDTH="73" HEIGHT="41" WC="0.96" CONTENT="217)"/><SP WIDTH="23" VPOS="259" HPOS="918"/>
							<String ID="string_14" HPOS="941" VPOS="258" WIDTH="175" HEIGHT="41" WC="0.96" CONTENT="angående"/><SP WIDTH="24" VPOS="258" HPOS="1116"/>
							<String ID="string_15" HPOS="1140" VPOS="258" WIDTH="171" HEIGHT="31" WC="0.96" CONTENT="allmänna"/><SP WIDTH="14" VPOS="258" HPOS="1311"/>
							<String ID="string_16" HPOS="1325" VPOS="255" WIDTH="151" HEIGHT="43" WC="0.96" CONTENT="grunder"/><SP WIDTH="15" VPOS="255" HPOS="1476"/>
							<String ID="string_17" HPOS="1491" VPOS="255" WIDTH="52" HEIGHT="31" WC="0.96" CONTENT="för"/><SP WIDTH="15" VPOS="255" HPOS="1543"/>
							<String ID="string_18" HPOS="1558" VPOS="255" WIDTH="66" HEIGHT="31" WC="0.96" CONTENT="den"/>
						</TextLine>
						<TextLine ID="line_2" HPOS="118" VPOS="305" WIDTH="1506" HEIGHT="49">
							<String ID="string_19" HPOS="118" VPOS="313" WIDTH="325" HEIGHT="33" WC="0.91" CONTENT="statsunderstödda"/><SP WIDTH="33" VPOS="313" HPOS="443"/>
							<String ID="string_20" HPOS="476" VPOS="311" WIDTH="457" HEIGHT="43" WC="0.91" CONTENT="egnahemsverksamheten."/><SP WIDTH="46" VPOS="311" HPOS="933"/>
							<String ID="string_21" HPOS="979" VPOS="309" WIDTH="120" HEIGHT="41" WC="0.87" CONTENT="Enligt"/><SP WIDTH="35" VPOS="309" HPOS="1099"/>
							<String ID="string_22" HPOS="1134" VPOS="309" WIDTH="39" HEIGHT="31" WC="0.92" CONTENT="10"/><SP WIDTH="31" VPOS="309" HPOS="1173"/>
							<String ID="string_23" HPOS="1204" VPOS="307" WIDTH="21" HEIGHT="42" WC="0.60" CONTENT="&amp;"/><SP WIDTH="33" VPOS="307" HPOS="1225"/>
							<String ID="string_24" HPOS="1258" VPOS="307" WIDTH="106" HEIGHT="31" WC="0.96" CONTENT="andra"/><SP WIDTH="35" VPOS="307" HPOS="1364"/>
							<String ID="string_25" HPOS="1399" VPOS="306" WIDTH="132" HEIGHT="42" WC="0.96" CONTENT="stycket"/><SP WIDTH="21" VPOS="306" HPOS="1531"/>
							<String ID="string_26" HPOS="1552" VPOS="305" WIDTH="72" HEIGHT="37" WC="0.96" CONTENT="bör,"/>
						</TextLine>
						<TextLine ID="line_3" HPOS="119" VPOS="355" WIDTH="1506" HEIGHT="47">
							<String ID="string_27" HPOS="119" VPOS="366" WIDTH="115" HEIGHT="31" WC="0.96" CONTENT="därest"/><SP WIDTH="32" VPOS="366" HPOS="234"/>
							<String ID="string_28" HPOS="266" VPOS="365" WIDTH="112" HEIGHT="32" WC="0.96" CONTENT="behov"/><SP WIDTH="35" VPOS="365" HPOS="378"/>
							<String ID="string_29" HPOS="413" VPOS="366" WIDTH="50" HEIGHT="29" WC="0.96" CONTENT="att"/><SP WIDTH="32" VPOS="366" HPOS="463"/>
							<String ID="string_30" HPOS="495" VPOS="363" WIDTH="156" HEIGHT="32" WC="0.96" CONTENT="utveckla"/><SP WIDTH="34" VPOS="363" HPOS="651"/>
							<String ID="string_31" HPOS="685" VPOS="361" WIDTH="242" HEIGHT="41" WC="0.96" CONTENT="ofullständigt"/><SP WIDTH="25" VPOS="361" HPOS="927"/>
							<String ID="string_32" HPOS="952" VPOS="359" WIDTH="166" HEIGHT="42" WC="0.93" CONTENT="jordbruk"/><SP WIDTH="22" VPOS="359" HPOS="1118"/>
							<String ID="string_33" HPOS="1140" VPOS="369" WIDTH="120" HEIGHT="32" WC="0.92" CONTENT="yppas,"/><SP WIDTH="24" VPOS="369" HPOS="1260"/>
							<String ID="string_34" HPOS="1284" VPOS="369" WIDTH="79" HEIGHT="20" WC="0.96" CONTENT="men"/><SP WIDTH="23" VPOS="369" HPOS="1363"/>
							<String ID="string_35" HPOS="1386" VPOS="356" WIDTH="141" HEIGHT="42" WC="0.95" CONTENT="lämplig"/><SP WIDTH="20" VPOS="356" HPOS="1527"/>
							<String ID="string_36" HPOS="1547" VPOS="355" WIDTH="78" HEIGHT="42" WC="0.96" CONTENT="jord"/>
						</TextLine>
						<TextLine ID="line_4" HPOS="118" VPOS="408" WIDTH="1508" HEIGHT="48">
							<String ID="string_37" HPOS="118" VPOS="417" WIDTH="75" HEIGHT="32" WC="0.91" CONTENT="icke"/><SP WIDTH="15" VPOS="417" HPOS="193"/>
							<String ID="string_38" HPOS="208" VPOS="439" WIDTH="3" HEIGHT="5" WC="0.91" CONTENT="."/><SP WIDTH="15" VPOS="439" HPOS="211"/>
							<String ID="string_39" HPOS="226" VPOS="416" WIDTH="64" HEIGHT="31" WC="0.96" CONTENT="kan"/><SP WIDTH="36" VPOS="416" HPOS="290"/>
							<String ID="string_40" HPOS="326" VPOS="415" WIDTH="147" HEIGHT="32" WC="0.96" CONTENT="erhållas"/><SP WIDTH="34" VPOS="415" HPOS="473"/>
							<String ID="string_41" HPOS="507" VPOS="416" WIDTH="40" HEIGHT="40" WC="0.96" CONTENT="på"/><SP WIDTH="34" VPOS="416" HPOS="547"/>
							<String ID="string_42" HPOS="581" VPOS="413" WIDTH="130" HEIGHT="41" WC="0.96" CONTENT="skäliga"/><SP WIDTH="21" VPOS="413" HPOS="711"/>
							<String ID="string_43" HPOS="732" VPOS="412" WIDTH="132" HEIGHT="37" WC="0.96" CONTENT="villkor,"/><SP WIDTH="27" VPOS="412" HPOS="864"/>
							<String ID="string_44" HPOS="891" VPOS="411" WIDTH="165" HEIGHT="40" WC="0.96" CONTENT="skriftligt"/><SP WIDTH="22" VPOS="411" HPOS="1056"/>
							<String ID="string_45" HPOS="1078" VPOS="408" WIDTH="224" HEIGHT="33" WC="0.96" CONTENT="meddelande"/><SP WIDTH="24" VPOS="408" HPOS="1302"/>
							<String ID="string_46" HPOS="1326" VPOS="408" WIDTH="118" HEIGHT="31" WC="0.96" CONTENT="därom"/><SP WIDTH="24" VPOS="408" HPOS="1444"/>
							<String ID="string_47" HPOS="1468" VPOS="418" WIDTH="39" HEIGHT="20" WC="0.93" CONTENT="av"/><SP WIDTH="24" VPOS="418" HPOS="1507"/>
							<String ID="string_48" HPOS="1531" VPOS="417" WIDTH="95" HEIGHT="31" WC="0.92" CONTENT="egna-"/>
						</TextLine>
						<TextLine ID="line_5" HPOS="118" VPOS="457" WIDTH="1507" HEIGHT="50">
							<String ID="string_49" HPOS="118" VPOS="466" WIDTH="238" HEIGHT="38" WC="0.92" CONTENT="hemsombud,"/><SP WIDTH="18" VPOS="466" HPOS="356"/>
							<String ID="string_50" HPOS="374" VPOS="463" WIDTH="366" HEIGHT="44" WC="0.90" CONTENT="egnahemskommitté"/><SP WIDTH="27" VPOS="463" HPOS="740"/>
							<String ID="string_51" HPOS="767" VPOS="463" WIDTH="83" HEIGHT="31" WC="0.96" CONTENT="eller"/><SP WIDTH="23" VPOS="463" HPOS="850"/>
							<String ID="string_52" HPOS="873" VPOS="461" WIDTH="137" HEIGHT="39" WC="0.96" CONTENT="nämnd,"/><SP WIDTH="25" VPOS="461" HPOS="1010"/>
							<String ID="string_53" HPOS="1035" VPOS="471" WIDTH="74" HEIGHT="21" WC="0.93" CONTENT="som"/><SP WIDTH="24" VPOS="471" HPOS="1109"/>
							<String ID="string_54" HPOS="1133" VPOS="459" WIDTH="218" HEIGHT="32" WC="0.91" CONTENT="omförmäles"/><SP WIDTH="22" VPOS="459" HPOS="1351"/>
							<String ID="string_55" HPOS="1373" VPOS="458" WIDTH="12" HEIGHT="31" WC="0.95" CONTENT="i"/><SP WIDTH="24" VPOS="458" HPOS="1385"/>
							<String ID="string_56" HPOS="1409" VPOS="459" WIDTH="19" HEIGHT="30" WC="0.72" CONTENT="9"/><SP WIDTH="15" VPOS="459" HPOS="1428"/>
							<String ID="string_57" HPOS="1443" VPOS="457" WIDTH="21" HEIGHT="43" WC="0.72" CONTENT="$"/><SP WIDTH="15" VPOS="457" HPOS="1464"/>
							<String ID="string_58" HPOS="1479" VPOS="458" WIDTH="19" HEIGHT="31" WC="0.92" CONTENT="3"/><SP WIDTH="16" VPOS="458" HPOS="1498"/>
							<String ID="string_59" HPOS="1514" VPOS="468" WIDTH="111" HEIGHT="27" WC="0.90" CONTENT="mom.,"/>
						</TextLine>
						<TextLine ID="line_6" HPOS="118" VPOS="509" WIDTH="1508" HEIGHT="49">
							<String ID="string_60" HPOS="118" VPOS="518" WIDTH="165" HEIGHT="32" WC="0.95" CONTENT="insändas"/><SP WIDTH="34" VPOS="518" HPOS="283"/>
							<String ID="string_61" HPOS="317" VPOS="517" WIDTH="53" HEIGHT="31" WC="0.92" CONTENT="till"/><SP WIDTH="34" VPOS="517" HPOS="370"/>
							<String ID="string_62" HPOS="404" VPOS="514" WIDTH="368" HEIGHT="44" WC="0.91" CONTENT="egnahemsnämnden,"/><SP WIDTH="23" VPOS="514" HPOS="772"/>
							<String ID="string_63" HPOS="795" VPOS="513" WIDTH="116" HEIGHT="31" WC="0.96" CONTENT="vilken"/><SP WIDTH="26" VPOS="513" HPOS="911"/>
							<String ID="string_64" HPOS="937" VPOS="513" WIDTH="62" HEIGHT="30" WC="0.96" CONTENT="har"/><SP WIDTH="22" VPOS="513" HPOS="999"/>
							<String ID="string_65" HPOS="1021" VPOS="514" WIDTH="50" HEIGHT="29" WC="0.96" CONTENT="att"/><SP WIDTH="23" VPOS="514" HPOS="1071"/>
							<String ID="string_66" HPOS="1094" VPOS="511" WIDTH="194" HEIGHT="32" WC="0.95" CONTENT="överlämna"/><SP WIDTH="23" VPOS="511" HPOS="1288"/>
							<String ID="string_67" HPOS="1311" VPOS="510" WIDTH="191" HEIGHT="31" WC="0.96" CONTENT="detsamma"/><SP WIDTH="20" VPOS="510" HPOS="1502"/>
							<String ID="string_68" HPOS="1522" VPOS="509" WIDTH="104" HEIGHT="40" WC="0.94" CONTENT="jämte"/>
						</TextLine>
						<TextLine ID="line_7" HPOS="119" VPOS="558" WIDTH="1505" HEIGHT="52">
							<String ID="string_69" HPOS="119" VPOS="571" WIDTH="78" HEIGHT="39" WC="0.96" CONTENT="eget"/><SP WIDTH="21" VPOS="571" HPOS="197"/>
							<String ID="string_70" HPOS="218" VPOS="568" WIDTH="159" HEIGHT="42" WC="0.96" CONTENT="yttrande"/><SP WIDTH="25" VPOS="568" HPOS="377"/>
							<String ID="string_71" HPOS="402" VPOS="567" WIDTH="52" HEIGHT="31" WC="0.93" CONTENT="till"/><SP WIDTH="23" VPOS="567" HPOS="454"/>
							<String ID="string_72" HPOS="477" VPOS="565" WIDTH="366" HEIGHT="43" WC="0.89" CONTENT="egnahemsstyrelsen."/><SP WIDTH="16" VPOS="565" HPOS="843"/>
							<String ID="string_73" HPOS="859" VPOS="582" WIDTH="37" HEIGHT="4" WC="0.93" CONTENT="—"/><SP WIDTH="14" VPOS="582" HPOS="896"/>
							<String ID="string_74" HPOS="910" VPOS="562" WIDTH="243" HEIGHT="42" WC="0.92" CONTENT="Kungörelsen"/><SP WIDTH="24" VPOS="562" HPOS="1153"/>
							<String ID="string_75" HPOS="1177" VPOS="562" WIDTH="66" HEIGHT="31" WC="0.96" CONTENT="den"/><SP WIDTH="22" VPOS="562" HPOS="1243"/>
							<String ID="string_76" HPOS="1265" VPOS="563" WIDTH="21" HEIGHT="29" WC="0.95" CONTENT="4"/><SP WIDTH="23" VPOS="563" HPOS="1286"/>
							<String ID="string_77" HPOS="1309" VPOS="560" WIDTH="65" HEIGHT="41" WC="0.95" CONTENT="maj"/><SP WIDTH="29" VPOS="560" HPOS="1374"/>
							<String ID="string_78" HPOS="1403" VPOS="560" WIDTH="81" HEIGHT="31" WC="0.96" CONTENT="1934"/><SP WIDTH="21" VPOS="560" HPOS="1484"/>
							<String ID="string_79" HPOS="1505" VPOS="558" WIDTH="119" HEIGHT="32" WC="0.96" CONTENT="trädde"/>
						</TextLine>
						<TextLine ID="line_8" HPOS="120" VPOS="618" WIDTH="560" HEIGHT="42">
							<String ID="string_80" HPOS="120" VPOS="621" WIDTH="11" HEIGHT="30" WC="0.96" CONTENT="i"/><SP WIDTH="23" VPOS="621" HPOS="131"/>
							<String ID="string_81" HPOS="154" VPOS="620" WIDTH="89" HEIGHT="31" WC="0.96" CONTENT="kraft"/><SP WIDTH="22" VPOS="620" HPOS="243"/>
							<String ID="string_82" HPOS="265" VPOS="619" WIDTH="66" HEIGHT="31" WC="0.96" CONTENT="den"/><SP WIDTH="26" VPOS="619" HPOS="331"/>
							<String ID="string_83" HPOS="357" VPOS="620" WIDTH="15" HEIGHT="30" WC="0.96" CONTENT="1"/><SP WIDTH="23" VPOS="620" HPOS="372"/>
							<String ID="string_84" HPOS="395" VPOS="618" WIDTH="65" HEIGHT="42" WC="0.96" CONTENT="juli"/><SP WIDTH="23" VPOS="618" HPOS="460"/>
							<String ID="string_85" HPOS="483" VPOS="628" WIDTH="129" HEIGHT="20" WC="0.95" CONTENT="samma"/><SP WIDTH="23" VPOS="628" HPOS="612"/>
							<String ID="string_86" HPOS="635" VPOS="619" WIDTH="45" HEIGHT="28" WC="0.89" CONTENT="år."/>
						</TextLine>
					</TextBlock>
					<TextBlock ID="block_2" HPOS="119" VPOS="660" WIDTH="1509" HEIGHT="255">
						<TextLine ID="line_9" HPOS="173" VPOS="660" WIDTH="1455" HEIGHT="51">
							<String ID="string_87" HPOS="173" VPOS="670" WIDTH="118" HEIGHT="41" WC="0.95" CONTENT="Enligt"/><SP WIDTH="34" VPOS="670" HPOS="291"/>
							<String ID="string_88" HPOS="325" VPOS="669" WIDTH="127" HEIGHT="32" WC="0.92" CONTENT="sociala"/><SP WIDTH="31" VPOS="669" HPOS="452"/>
							<String ID="string_89" HPOS="483" VPOS="667" WIDTH="327" HEIGHT="42" WC="0.91" CONTENT="jordutredningens"/><SP WIDTH="28" VPOS="667" HPOS="810"/>
							<String ID="string_90" HPOS="838" VPOS="665" WIDTH="92" HEIGHT="31" WC="0.96" CONTENT="åsikt"/><SP WIDTH="24" VPOS="665" HPOS="930"/>
							<String ID="string_91" HPOS="954" VPOS="665" WIDTH="110" HEIGHT="31" WC="0.96" CONTENT="skulle"/><SP WIDTH="23" VPOS="665" HPOS="1064"/>
							<String ID="string_92" HPOS="1087" VPOS="663" WIDTH="113" HEIGHT="32" WC="0.96" CONTENT="denna"/><SP WIDTH="22" VPOS="663" HPOS="1200"/>
							<String ID="string_93" HPOS="1222" VPOS="662" WIDTH="194" HEIGHT="41" WC="0.96" CONTENT="anordning"/><SP WIDTH="22" VPOS="662" HPOS="1416"/>
							<String ID="string_94" HPOS="1438" VPOS="660" WIDTH="78" HEIGHT="32" WC="0.93" CONTENT="med"/><SP WIDTH="23" VPOS="660" HPOS="1516"/>
							<String ID="string_95" HPOS="1539" VPOS="660" WIDTH="89" HEIGHT="31" WC="0.91" CONTENT="med-"/>
						</TextLine>
						<TextLine ID="line_10" HPOS="121" VPOS="711" WIDTH="1507" HEIGHT="50">
							<String ID="string_96" HPOS="121" VPOS="721" WIDTH="170" HEIGHT="32" WC="0.91" CONTENT="delanden"/><SP WIDTH="23" VPOS="721" HPOS="291"/>
							<String ID="string_97" HPOS="314" VPOS="720" WIDTH="53" HEIGHT="31" WC="0.93" CONTENT="till"/><SP WIDTH="24" VPOS="720" HPOS="367"/>
							<String ID="string_98" HPOS="391" VPOS="718" WIDTH="356" HEIGHT="43" WC="0.90" CONTENT="egnahemsstyrelsen"/><SP WIDTH="23" VPOS="718" HPOS="747"/>
							<String ID="string_99" HPOS="770" VPOS="718" WIDTH="53" HEIGHT="30" WC="0.96" CONTENT="för"/><SP WIDTH="15" VPOS="718" HPOS="823"/>
							<String ID="string_100" HPOS="838" VPOS="715" WIDTH="184" HEIGHT="32" WC="0.96" CONTENT="framtiden"/><SP WIDTH="16" VPOS="715" HPOS="1022"/>
							<String ID="string_101" HPOS="1038" VPOS="714" WIDTH="237" HEIGHT="32" WC="0.95" CONTENT="åstadkomma"/><SP WIDTH="16" VPOS="714" HPOS="1275"/>
							<String ID="string_102" HPOS="1291" VPOS="715" WIDTH="49" HEIGHT="29" WC="0.96" CONTENT="ett"/><SP WIDTH="17" VPOS="715" HPOS="1340"/>
							<String ID="string_103" HPOS="1357" VPOS="712" WIDTH="135" HEIGHT="31" WC="0.93" CONTENT="säkrare"/><SP WIDTH="16" VPOS="712" HPOS="1492"/>
							<String ID="string_104" HPOS="1508" VPOS="711" WIDTH="120" HEIGHT="31" WC="0.92" CONTENT="under-"/>
						</TextLine>
						<TextLine ID="line_11" HPOS="120" VPOS="758" WIDTH="1507" HEIGHT="56">
							<String ID="string_105" HPOS="120" VPOS="773" WIDTH="56" HEIGHT="41" WC="0.96" CONTENT="lag"/><SP WIDTH="21" VPOS="773" HPOS="176"/>
							<String ID="string_106" HPOS="197" VPOS="772" WIDTH="53" HEIGHT="31" WC="0.93" CONTENT="för"/><SP WIDTH="22" VPOS="772" HPOS="250"/>
							<String ID="string_107" HPOS="272" VPOS="770" WIDTH="233" HEIGHT="33" WC="0.92" CONTENT="bedömandet"/><SP WIDTH="22" VPOS="770" HPOS="505"/>
							<String ID="string_108" HPOS="527" VPOS="780" WIDTH="40" HEIGHT="20" WC="0.96" CONTENT="av"/><SP WIDTH="22" VPOS="780" HPOS="567"/>
							<String ID="string_109" HPOS="589" VPOS="769" WIDTH="127" HEIGHT="40" WC="0.95" CONTENT="frågan,"/><SP WIDTH="17" VPOS="769" HPOS="716"/>
							<String ID="string_110" HPOS="733" VPOS="766" WIDTH="170" HEIGHT="32" WC="0.96" CONTENT="huruvida"/><SP WIDTH="24" VPOS="766" HPOS="903"/>
							<String ID="string_111" HPOS="927" VPOS="777" WIDTH="41" HEIGHT="20" WC="0.96" CONTENT="en"/><SP WIDTH="25" VPOS="777" HPOS="968"/>
							<String ID="string_112" HPOS="993" VPOS="765" WIDTH="105" HEIGHT="32" WC="0.96" CONTENT="sådan"/><SP WIDTH="18" VPOS="765" HPOS="1098"/>
							<String ID="string_113" HPOS="1116" VPOS="764" WIDTH="118" HEIGHT="42" WC="0.95" CONTENT="åtgärd"/><SP WIDTH="16" VPOS="764" HPOS="1234"/>
							<String ID="string_114" HPOS="1250" VPOS="774" WIDTH="74" HEIGHT="21" WC="0.96" CONTENT="som"/><SP WIDTH="18" VPOS="774" HPOS="1324"/>
							<String ID="string_115" HPOS="1342" VPOS="758" WIDTH="285" HEIGHT="50" WC="0.91" CONTENT="expropriations-"/>
						</TextLine>
						<TextLine ID="line_12" HPOS="119" VPOS="808" WIDTH="1509" HEIGHT="56">
							<String ID="string_116" HPOS="119" VPOS="822" WIDTH="217" HEIGHT="42" WC="0.95" CONTENT="lagstiftning"/><SP WIDTH="32" VPOS="822" HPOS="336"/>
							<String ID="string_117" HPOS="368" VPOS="820" WIDTH="157" HEIGHT="32" WC="0.92" CONTENT="behövde"/><SP WIDTH="34" VPOS="820" HPOS="525"/>
							<String ID="string_118" HPOS="559" VPOS="819" WIDTH="170" HEIGHT="41" WC="0.88" CONTENT="tillgripas"/><SP WIDTH="33" VPOS="819" HPOS="729"/>
							<String ID="string_119" HPOS="762" VPOS="818" WIDTH="52" HEIGHT="31" WC="0.96" CONTENT="för"/><SP WIDTH="32" VPOS="818" HPOS="814"/>
							<String ID="string_120" HPOS="846" VPOS="819" WIDTH="51" HEIGHT="29" WC="0.96" CONTENT="att"/><SP WIDTH="23" VPOS="819" HPOS="897"/>
							<String ID="string_121" HPOS="920" VPOS="817" WIDTH="106" HEIGHT="41" WC="0.96" CONTENT="skapa"/><SP WIDTH="21" VPOS="817" HPOS="1026"/>
							<String ID="string_122" HPOS="1047" VPOS="815" WIDTH="286" HEIGHT="40" WC="0.96" CONTENT="förutsättningar"/><SP WIDTH="22" VPOS="815" HPOS="1333"/>
							<String ID="string_123" HPOS="1355" VPOS="814" WIDTH="53" HEIGHT="31" WC="0.97" CONTENT="för"/><SP WIDTH="21" VPOS="814" HPOS="1408"/>
							<String ID="string_124" HPOS="1429" VPOS="808" WIDTH="199" HEIGHT="50" WC="0.87" CONTENT="komplette-"/>
						</TextLine>
						<TextLine ID="line_13" HPOS="122" VPOS="872" WIDTH="367" HEIGHT="43">
							<String ID="string_125" HPOS="122" VPOS="872" WIDTH="367" HEIGHT="43" WC="0.91" CONTENT="ringsverksamheten."/>
						</TextLine>
					</TextBlock>
					<TextBlock ID="block_3" HPOS="121" VPOS="914" WIDTH="1508" HEIGHT="98">
						<TextLine ID="line_14" HPOS="175" VPOS="914" WIDTH="1454" HEIGHT="50">
							<String ID="string_126" HPOS="175" VPOS="924" WIDTH="118" HEIGHT="40" WC="0.96" CONTENT="Enligt"/><SP WIDTH="22" VPOS="924" HPOS="293"/>
							<String ID="string_127" HPOS="315" VPOS="922" WIDTH="64" HEIGHT="32" WC="0.96" CONTENT="vad"/><SP WIDTH="23" VPOS="922" HPOS="379"/>
							<String ID="string_128" HPOS="402" VPOS="922" WIDTH="169" HEIGHT="31" WC="0.96" CONTENT="utskottet"/><SP WIDTH="22" VPOS="922" HPOS="571"/>
							<String ID="string_129" HPOS="593" VPOS="920" WIDTH="170" HEIGHT="32" WC="0.96" CONTENT="inhämtat"/><SP WIDTH="25" VPOS="920" HPOS="763"/>
							<String ID="string_130" HPOS="788" VPOS="919" WIDTH="63" HEIGHT="32" WC="0.96" CONTENT="har"/><SP WIDTH="22" VPOS="919" HPOS="851"/>
							<String ID="string_131" HPOS="873" VPOS="920" WIDTH="105" HEIGHT="39" WC="0.96" CONTENT="något"/><SP WIDTH="23" VPOS="920" HPOS="978"/>
							<String ID="string_132" HPOS="1001" VPOS="916" WIDTH="225" HEIGHT="33" WC="0.96" CONTENT="meddelande"/><SP WIDTH="23" VPOS="916" HPOS="1226"/>
							<String ID="string_133" HPOS="1249" VPOS="927" WIDTH="40" HEIGHT="20" WC="0.96" CONTENT="av"/><SP WIDTH="24" VPOS="927" HPOS="1289"/>
							<String ID="string_134" HPOS="1313" VPOS="915" WIDTH="136" HEIGHT="41" WC="0.96" CONTENT="angivet"/><SP WIDTH="23" VPOS="915" HPOS="1449"/>
							<String ID="string_135" HPOS="1472" VPOS="914" WIDTH="72" HEIGHT="41" WC="0.93" CONTENT="slag"/><SP WIDTH="22" VPOS="914" HPOS="1544"/>
							<String ID="string_136" HPOS="1566" VPOS="914" WIDTH="63" HEIGHT="31" WC="0.93" CONTENT="hit-"/>
						</TextLine>
						<TextLine ID="line_15" HPOS="121" VPOS="970" WIDTH="878" HEIGHT="42">
							<String ID="string_137" HPOS="121" VPOS="975" WIDTH="112" HEIGHT="31" WC="0.91" CONTENT="intills"/><SP WIDTH="21" VPOS="975" HPOS="233"/>
							<String ID="string_138" HPOS="254" VPOS="974" WIDTH="74" HEIGHT="31" WC="0.96" CONTENT="icke"/><SP WIDTH="23" VPOS="974" HPOS="328"/>
							<String ID="string_139" HPOS="351" VPOS="972" WIDTH="182" HEIGHT="32" WC="0.96" CONTENT="inkommit"/><SP WIDTH="22" VPOS="972" HPOS="533"/>
							<String ID="string_140" HPOS="555" VPOS="972" WIDTH="53" HEIGHT="31" WC="0.93" CONTENT="till"/><SP WIDTH="24" VPOS="972" HPOS="608"/>
							<String ID="string_141" HPOS="632" VPOS="970" WIDTH="367" HEIGHT="42" WC="0.91" CONTENT="egnahemsstyrelsen."/>
						</TextLine>
					</TextBlock>
				</ComposedBlock>
				<ComposedBlock ID="cblock_2" HPOS="122" VPOS="1067" WIDTH="1516" HEIGHT="1461">
					<TextBlock ID="block_4" HPOS="122" VPOS="1067" WIDTH="1513" HEIGHT="961">
						<TextLine ID="line_16" HPOS="177" VPOS="1067" WIDTH="1453" HEIGHT="49">
							<String ID="string_142" HPOS="177" VPOS="1078" WIDTH="81" HEIGHT="31" WC="0.91" CONTENT="1934"/><SP WIDTH="32" VPOS="1078" HPOS="258"/>
							<String ID="string_143" HPOS="290" VPOS="1078" WIDTH="55" HEIGHT="30" WC="0.96" CONTENT="års"/><SP WIDTH="33" VPOS="1078" HPOS="345"/>
							<String ID="string_144" HPOS="378" VPOS="1075" WIDTH="139" HEIGHT="41" WC="0.96" CONTENT="riksdag"/><SP WIDTH="32" VPOS="1075" HPOS="517"/>
							<String ID="string_145" HPOS="549" VPOS="1074" WIDTH="114" HEIGHT="32" WC="0.96" CONTENT="beslöt"/><SP WIDTH="33" VPOS="1074" HPOS="663"/>
							<String ID="string_146" HPOS="696" VPOS="1073" WIDTH="22" HEIGHT="41" WC="0.96" CONTENT="(i"/><SP WIDTH="30" VPOS="1073" HPOS="718"/>
							<String ID="string_147" HPOS="748" VPOS="1072" WIDTH="187" HEIGHT="41" WC="0.96" CONTENT="anledning"/><SP WIDTH="23" VPOS="1072" HPOS="935"/>
							<String ID="string_148" HPOS="958" VPOS="1082" WIDTH="40" HEIGHT="20" WC="0.96" CONTENT="av"/><SP WIDTH="22" VPOS="1082" HPOS="998"/>
							<String ID="string_149" HPOS="1020" VPOS="1069" WIDTH="218" HEIGHT="44" WC="0.96" CONTENT="proposition"/><SP WIDTH="23" VPOS="1069" HPOS="1238"/>
							<String ID="string_150" HPOS="1261" VPOS="1080" WIDTH="41" HEIGHT="20" WC="0.94" CONTENT="nr"/><SP WIDTH="23" VPOS="1080" HPOS="1302"/>
							<String ID="string_151" HPOS="1325" VPOS="1068" WIDTH="76" HEIGHT="37" WC="0.93" CONTENT="268;"/><SP WIDTH="33" VPOS="1068" HPOS="1401"/>
							<String ID="string_152" HPOS="1434" VPOS="1067" WIDTH="196" HEIGHT="42" WC="0.92" CONTENT="jordbruks-"/>
						</TextLine>
						<TextLine ID="line_17" HPOS="122" VPOS="1118" WIDTH="1507" HEIGHT="48">
							<String ID="string_153" HPOS="122" VPOS="1128" WIDTH="188" HEIGHT="32" WC="0.95" CONTENT="utskottets"/><SP WIDTH="33" VPOS="1128" HPOS="310"/>
							<String ID="string_154" HPOS="343" VPOS="1126" WIDTH="178" HEIGHT="32" WC="0.96" CONTENT="utlåtande"/><SP WIDTH="33" VPOS="1126" HPOS="521"/>
							<String ID="string_155" HPOS="554" VPOS="1136" WIDTH="41" HEIGHT="20" WC="0.95" CONTENT="nr"/><SP WIDTH="33" VPOS="1136" HPOS="595"/>
							<String ID="string_156" HPOS="628" VPOS="1124" WIDTH="51" HEIGHT="42" WC="0.95" CONTENT="93)"/><SP WIDTH="22" VPOS="1124" HPOS="679"/>
							<String ID="string_157" HPOS="701" VPOS="1123" WIDTH="196" HEIGHT="32" WC="0.96" CONTENT="inrättande"/><SP WIDTH="23" VPOS="1123" HPOS="897"/>
							<String ID="string_158" HPOS="920" VPOS="1134" WIDTH="41" HEIGHT="20" WC="0.93" CONTENT="av"/><SP WIDTH="22" VPOS="1134" HPOS="961"/>
							<String ID="string_159" HPOS="983" VPOS="1119" WIDTH="433" HEIGHT="42" WC="0.28" CONTENT="arrendeegnahemsfonden."/><SP WIDTH="45" VPOS="1119" HPOS="1416"/>
							<String ID="string_160" HPOS="1461" VPOS="1118" WIDTH="19" HEIGHT="31" WC="0.91" CONTENT="I"/><SP WIDTH="22" VPOS="1118" HPOS="1480"/>
							<String ID="string_161" HPOS="1502" VPOS="1118" WIDTH="127" HEIGHT="31" WC="0.95" CONTENT="fonden"/>
						</TextLine>
						<TextLine ID="line_18" HPOS="123" VPOS="1168" WIDTH="1507" HEIGHT="51">
							<String ID="string_162" HPOS="123" VPOS="1179" WIDTH="97" HEIGHT="31" WC="0.96" CONTENT="skola"/><SP WIDTH="21" VPOS="1179" HPOS="220"/>
							<String ID="string_163" HPOS="241" VPOS="1179" WIDTH="79" HEIGHT="40" WC="0.96" CONTENT="ingå"/><SP WIDTH="22" VPOS="1179" HPOS="320"/>
							<String ID="string_164" HPOS="342" VPOS="1177" WIDTH="211" HEIGHT="41" WC="0.96" CONTENT="fastigheter,"/><SP WIDTH="16" VPOS="1177" HPOS="553"/>
							<String ID="string_165" HPOS="569" VPOS="1174" WIDTH="150" HEIGHT="33" WC="0.96" CONTENT="avsedda"/><SP WIDTH="22" VPOS="1174" HPOS="719"/>
							<String ID="string_166" HPOS="741" VPOS="1177" WIDTH="50" HEIGHT="29" WC="0.96" CONTENT="att"/><SP WIDTH="22" VPOS="1177" HPOS="791"/>
							<String ID="string_167" HPOS="813" VPOS="1174" WIDTH="162" HEIGHT="41" WC="0.96" CONTENT="upplåtas"/><SP WIDTH="24" VPOS="1174" HPOS="975"/>
							<String ID="string_168" HPOS="999" VPOS="1173" WIDTH="53" HEIGHT="31" WC="0.93" CONTENT="till"/><SP WIDTH="23" VPOS="1173" HPOS="1052"/>
							<String ID="string_169" HPOS="1075" VPOS="1170" WIDTH="225" HEIGHT="33" WC="0.91" CONTENT="obemedlade"/><SP WIDTH="23" VPOS="1170" HPOS="1300"/>
							<String ID="string_170" HPOS="1323" VPOS="1170" WIDTH="83" HEIGHT="32" WC="0.95" CONTENT="eller"/><SP WIDTH="23" VPOS="1170" HPOS="1406"/>
							<String ID="string_171" HPOS="1429" VPOS="1168" WIDTH="131" HEIGHT="32" WC="0.91" CONTENT="mindre"/><SP WIDTH="16" VPOS="1168" HPOS="1560"/>
							<String ID="string_172" HPOS="1576" VPOS="1168" WIDTH="54" HEIGHT="32" WC="0.90" CONTENT="be-"/>
						</TextLine>
						<TextLine ID="line_19" HPOS="124" VPOS="1219" WIDTH="1504" HEIGHT="51">
							<String ID="string_173" HPOS="124" VPOS="1229" WIDTH="156" HEIGHT="33" WC="0.96" CONTENT="medlade"/><SP WIDTH="30" VPOS="1229" HPOS="280"/>
							<String ID="string_174" HPOS="310" VPOS="1229" WIDTH="11" HEIGHT="31" WC="0.96" CONTENT="i"/><SP WIDTH="30" VPOS="1229" HPOS="321"/>
							<String ID="string_175" HPOS="351" VPOS="1229" WIDTH="88" HEIGHT="41" WC="0.96" CONTENT="syfte"/><SP WIDTH="24" VPOS="1229" HPOS="439"/>
							<String ID="string_176" HPOS="463" VPOS="1229" WIDTH="49" HEIGHT="30" WC="0.96" CONTENT="att"/><SP WIDTH="23" VPOS="1229" HPOS="512"/>
							<String ID="string_177" HPOS="535" VPOS="1227" WIDTH="107" HEIGHT="41" WC="0.96" CONTENT="skapa"/><SP WIDTH="23" VPOS="1227" HPOS="642"/>
							<String ID="string_178" HPOS="665" VPOS="1225" WIDTH="262" HEIGHT="41" WC="0.96" CONTENT="stadigvarande"/><SP WIDTH="23" VPOS="1225" HPOS="927"/>
							<String ID="string_179" HPOS="950" VPOS="1222" WIDTH="275" HEIGHT="33" WC="0.96" CONTENT="arbetstillfällen"/><SP WIDTH="23" VPOS="1222" HPOS="1225"/>
							<String ID="string_180" HPOS="1248" VPOS="1222" WIDTH="53" HEIGHT="31" WC="0.93" CONTENT="för"/><SP WIDTH="23" VPOS="1222" HPOS="1301"/>
							<String ID="string_181" HPOS="1324" VPOS="1219" WIDTH="304" HEIGHT="43" WC="0.89" CONTENT="självförsörjning."/>
						</TextLine>
						<TextLine ID="line_20" HPOS="123" VPOS="1271" WIDTH="1507" HEIGHT="48">
							<String ID="string_182" HPOS="123" VPOS="1281" WIDTH="68" HEIGHT="31" WC="0.96" CONTENT="Till"/><SP WIDTH="32" VPOS="1281" HPOS="191"/>
							<String ID="string_183" HPOS="223" VPOS="1279" WIDTH="128" HEIGHT="32" WC="0.96" CONTENT="fonden"/><SP WIDTH="33" VPOS="1279" HPOS="351"/>
							<String ID="string_184" HPOS="384" VPOS="1279" WIDTH="51" HEIGHT="31" WC="0.96" CONTENT="får"/><SP WIDTH="33" VPOS="1279" HPOS="435"/>
							<String ID="string_185" HPOS="468" VPOS="1278" WIDTH="106" HEIGHT="41" WC="0.95" CONTENT="enligt"/><SP WIDTH="34" VPOS="1278" HPOS="574"/>
							<String ID="string_186" HPOS="608" VPOS="1277" WIDTH="126" HEIGHT="41" WC="0.91" CONTENT="Kungl."/><SP WIDTH="35" VPOS="1277" HPOS="734"/>
							<String ID="string_187" HPOS="769" VPOS="1276" WIDTH="117" HEIGHT="41" WC="0.96" CONTENT="Maj:ts"/><SP WIDTH="26" VPOS="1276" HPOS="886"/>
							<String ID="string_188" HPOS="912" VPOS="1273" WIDTH="260" HEIGHT="34" WC="0.95" CONTENT="bestämmande"/><SP WIDTH="22" VPOS="1273" HPOS="1172"/>
							<String ID="string_189" HPOS="1194" VPOS="1273" WIDTH="74" HEIGHT="31" WC="0.96" CONTENT="från"/><SP WIDTH="24" VPOS="1273" HPOS="1268"/>
							<String ID="string_190" HPOS="1292" VPOS="1274" WIDTH="133" HEIGHT="29" WC="0.93" CONTENT="statens"/><SP WIDTH="23" VPOS="1274" HPOS="1425"/>
							<String ID="string_191" HPOS="1448" VPOS="1271" WIDTH="182" HEIGHT="31" WC="0.90" CONTENT="domäners"/>
						</TextLine>
						<TextLine ID="line_21" HPOS="123" VPOS="1321" WIDTH="1507" HEIGHT="49">
							<String ID="string_192" HPOS="123" VPOS="1331" WIDTH="85" HEIGHT="32" WC="0.96" CONTENT="fond"/><SP WIDTH="36" VPOS="1331" HPOS="208"/>
							<String ID="string_193" HPOS="244" VPOS="1330" WIDTH="174" HEIGHT="32" WC="0.91" CONTENT="överföras"/><SP WIDTH="36" VPOS="1330" HPOS="418"/>
							<String ID="string_194" HPOS="454" VPOS="1326" WIDTH="403" HEIGHT="44" WC="0.91" CONTENT="jordbruksegendomar,"/><SP WIDTH="24" VPOS="1326" HPOS="857"/>
							<String ID="string_195" HPOS="881" VPOS="1325" WIDTH="164" HEIGHT="42" WC="0.96" CONTENT="lämpliga"/><SP WIDTH="37" VPOS="1325" HPOS="1045"/>
							<String ID="string_196" HPOS="1082" VPOS="1326" WIDTH="50" HEIGHT="29" WC="0.96" CONTENT="att"/><SP WIDTH="33" VPOS="1326" HPOS="1132"/>
							<String ID="string_197" HPOS="1165" VPOS="1323" WIDTH="174" HEIGHT="32" WC="0.96" CONTENT="användas"/><SP WIDTH="36" VPOS="1323" HPOS="1339"/>
							<String ID="string_198" HPOS="1375" VPOS="1322" WIDTH="54" HEIGHT="31" WC="0.96" CONTENT="för"/><SP WIDTH="33" VPOS="1322" HPOS="1429"/>
							<String ID="string_199" HPOS="1462" VPOS="1321" WIDTH="58" HEIGHT="32" WC="0.96" CONTENT="det"/><SP WIDTH="31" VPOS="1321" HPOS="1520"/>
							<String ID="string_200" HPOS="1551" VPOS="1321" WIDTH="79" HEIGHT="31" WC="0.96" CONTENT="med"/>
						</TextLine>
						<TextLine ID="line_22" HPOS="125" VPOS="1372" WIDTH="1506" HEIGHT="50">
							<String ID="string_201" HPOS="125" VPOS="1379" WIDTH="458" HEIGHT="43" WC="0.90" CONTENT="arrendeegnahemsfonden"/><SP WIDTH="34" VPOS="1379" HPOS="583"/>
							<String ID="string_202" HPOS="617" VPOS="1378" WIDTH="149" HEIGHT="32" WC="0.93" CONTENT="avsedda"/><SP WIDTH="33" VPOS="1378" HPOS="766"/>
							<String ID="string_203" HPOS="799" VPOS="1376" WIDTH="203" HEIGHT="32" WC="0.87" CONTENT="ändamålet."/><SP WIDTH="45" VPOS="1376" HPOS="1002"/>
							<String ID="string_204" HPOS="1047" VPOS="1374" WIDTH="176" HEIGHT="42" WC="0.95" CONTENT="Därjämte"/><SP WIDTH="33" VPOS="1374" HPOS="1223"/>
							<String ID="string_205" HPOS="1256" VPOS="1374" WIDTH="76" HEIGHT="38" WC="0.95" CONTENT="kan,"/><SP WIDTH="24" VPOS="1374" HPOS="1332"/>
							<String ID="string_206" HPOS="1356" VPOS="1372" WIDTH="167" HEIGHT="32" WC="0.96" CONTENT="likaledes"/><SP WIDTH="23" VPOS="1372" HPOS="1523"/>
							<String ID="string_207" HPOS="1546" VPOS="1372" WIDTH="85" HEIGHT="31" WC="0.95" CONTENT="efter"/>
						</TextLine>
						<TextLine ID="line_23" HPOS="124" VPOS="1423" WIDTH="1508" HEIGHT="49">
							<String ID="string_208" HPOS="124" VPOS="1433" WIDTH="116" HEIGHT="32" WC="0.96" CONTENT="beslut"/><SP WIDTH="32" VPOS="1433" HPOS="240"/>
							<String ID="string_209" HPOS="272" VPOS="1443" WIDTH="40" HEIGHT="20" WC="0.96" CONTENT="av"/><SP WIDTH="33" VPOS="1443" HPOS="312"/>
							<String ID="string_210" HPOS="345" VPOS="1431" WIDTH="128" HEIGHT="41" WC="0.95" CONTENT="Kungl."/><SP WIDTH="30" VPOS="1431" HPOS="473"/>
							<String ID="string_211" HPOS="503" VPOS="1430" WIDTH="107" HEIGHT="41" WC="0.95" CONTENT="Maj:t,"/><SP WIDTH="22" VPOS="1430" HPOS="610"/>
							<String ID="string_212" HPOS="632" VPOS="1429" WIDTH="78" HEIGHT="42" WC="0.96" CONTENT="jord"/><SP WIDTH="22" VPOS="1429" HPOS="710"/>
							<String ID="string_213" HPOS="732" VPOS="1428" WIDTH="11" HEIGHT="31" WC="0.96" CONTENT="i"/><SP WIDTH="24" VPOS="1428" HPOS="743"/>
							<String ID="string_214" HPOS="767" VPOS="1428" WIDTH="136" HEIGHT="31" WC="0.96" CONTENT="enskild"/><SP WIDTH="24" VPOS="1428" HPOS="903"/>
							<String ID="string_215" HPOS="927" VPOS="1429" WIDTH="63" HEIGHT="39" WC="0.93" CONTENT="ägo"/><SP WIDTH="23" VPOS="1429" HPOS="990"/>
							<String ID="string_216" HPOS="1013" VPOS="1426" WIDTH="147" HEIGHT="41" WC="0.93" CONTENT="inköpas"/><SP WIDTH="23" VPOS="1426" HPOS="1160"/>
							<String ID="string_217" HPOS="1183" VPOS="1436" WIDTH="40" HEIGHT="20" WC="0.96" CONTENT="av"/><SP WIDTH="22" VPOS="1436" HPOS="1223"/>
							<String ID="string_218" HPOS="1245" VPOS="1425" WIDTH="132" HEIGHT="30" WC="0.96" CONTENT="kronan"/><SP WIDTH="24" VPOS="1425" HPOS="1377"/>
							<String ID="string_219" HPOS="1401" VPOS="1425" WIDTH="51" HEIGHT="30" WC="0.96" CONTENT="att"/><SP WIDTH="22" VPOS="1425" HPOS="1452"/>
							<String ID="string_220" HPOS="1474" VPOS="1423" WIDTH="158" HEIGHT="41" WC="0.96" CONTENT="tilläggas"/>
						</TextLine>
						<TextLine ID="line_24" HPOS="124" VPOS="1473" WIDTH="1509" HEIGHT="48">
							<String ID="string_221" HPOS="124" VPOS="1483" WIDTH="138" HEIGHT="32" WC="0.95" CONTENT="fonden."/><SP WIDTH="45" VPOS="1483" HPOS="262"/>
							<String ID="string_222" HPOS="307" VPOS="1482" WIDTH="53" HEIGHT="31" WC="0.96" CONTENT="De"/><SP WIDTH="33" VPOS="1482" HPOS="360"/>
							<String ID="string_223" HPOS="393" VPOS="1481" WIDTH="12" HEIGHT="31" WC="0.95" CONTENT="i"/><SP WIDTH="33" VPOS="1481" HPOS="405"/>
							<String ID="string_224" HPOS="438" VPOS="1480" WIDTH="127" HEIGHT="32" WC="0.96" CONTENT="fonden"/><SP WIDTH="34" VPOS="1480" HPOS="565"/>
							<String ID="string_225" HPOS="599" VPOS="1479" WIDTH="168" HEIGHT="42" WC="0.96" CONTENT="ingående"/><SP WIDTH="34" VPOS="1479" HPOS="767"/>
							<String ID="string_226" HPOS="801" VPOS="1477" WIDTH="247" HEIGHT="42" WC="0.96" CONTENT="fastigheterna"/><SP WIDTH="34" VPOS="1477" HPOS="1048"/>
							<String ID="string_227" HPOS="1082" VPOS="1476" WIDTH="97" HEIGHT="31" WC="0.96" CONTENT="skola"/><SP WIDTH="30" VPOS="1476" HPOS="1179"/>
							<String ID="string_228" HPOS="1209" VPOS="1475" WIDTH="169" HEIGHT="41" WC="0.96" CONTENT="uppdelas"/><SP WIDTH="23" VPOS="1475" HPOS="1378"/>
							<String ID="string_229" HPOS="1401" VPOS="1474" WIDTH="11" HEIGHT="31" WC="0.96" CONTENT="i"/><SP WIDTH="24" VPOS="1474" HPOS="1412"/>
							<String ID="string_230" HPOS="1436" VPOS="1473" WIDTH="197" HEIGHT="41" WC="0.95" CONTENT="lägenheter"/>
						</TextLine>
						<TextLine ID="line_25" HPOS="126" VPOS="1523" WIDTH="1506" HEIGHT="47">
							<String ID="string_231" HPOS="126" VPOS="1534" WIDTH="79" HEIGHT="32" WC="0.93" CONTENT="med"/><SP WIDTH="33" VPOS="1534" HPOS="205"/>
							<String ID="string_232" HPOS="238" VPOS="1533" WIDTH="102" HEIGHT="32" WC="0.92" CONTENT="8—12"/><SP WIDTH="34" VPOS="1533" HPOS="340"/>
							<String ID="string_233" HPOS="374" VPOS="1532" WIDTH="121" HEIGHT="31" WC="0.96" CONTENT="hektar"/><SP WIDTH="33" VPOS="1532" HPOS="495"/>
							<String ID="string_234" HPOS="528" VPOS="1531" WIDTH="88" HEIGHT="37" WC="0.96" CONTENT="åker,"/><SP WIDTH="24" VPOS="1531" HPOS="616"/>
							<String ID="string_235" HPOS="640" VPOS="1530" WIDTH="89" HEIGHT="31" WC="0.96" CONTENT="vilka"/><SP WIDTH="32" VPOS="1530" HPOS="729"/>
							<String ID="string_236" HPOS="761" VPOS="1539" WIDTH="124" HEIGHT="31" WC="0.96" CONTENT="genom"/><SP WIDTH="36" VPOS="1539" HPOS="885"/>
							<String ID="string_237" HPOS="921" VPOS="1529" WIDTH="132" HEIGHT="30" WC="0.96" CONTENT="statens"/><SP WIDTH="33" VPOS="1529" HPOS="1053"/>
							<String ID="string_238" HPOS="1086" VPOS="1527" WIDTH="134" HEIGHT="39" WC="0.96" CONTENT="försorg"/><SP WIDTH="31" VPOS="1527" HPOS="1220"/>
							<String ID="string_239" HPOS="1251" VPOS="1525" WIDTH="96" HEIGHT="31" WC="0.96" CONTENT="skola"/><SP WIDTH="22" VPOS="1525" HPOS="1347"/>
							<String ID="string_240" HPOS="1369" VPOS="1524" WIDTH="175" HEIGHT="42" WC="0.96" CONTENT="bebyggas"/><SP WIDTH="24" VPOS="1524" HPOS="1544"/>
							<String ID="string_241" HPOS="1568" VPOS="1523" WIDTH="64" HEIGHT="31" WC="0.96" CONTENT="och"/>
						</TextLine>
						<TextLine ID="line_26" HPOS="125" VPOS="1574" WIDTH="1507" HEIGHT="51">
							<String ID="string_242" HPOS="125" VPOS="1583" WIDTH="291" HEIGHT="42" WC="0.90" CONTENT="iordningställas."/><SP WIDTH="46" VPOS="1583" HPOS="416"/>
							<String ID="string_243" HPOS="462" VPOS="1582" WIDTH="111" HEIGHT="31" WC="0.95" CONTENT="Dessa"/><SP WIDTH="23" VPOS="1582" HPOS="573"/>
							<String ID="string_244" HPOS="596" VPOS="1580" WIDTH="205" HEIGHT="42" WC="0.96" CONTENT="lägenheter,"/><SP WIDTH="17" VPOS="1580" HPOS="801"/>
							<String ID="string_245" HPOS="818" VPOS="1579" WIDTH="91" HEIGHT="31" WC="0.96" CONTENT="vilka"/><SP WIDTH="19" VPOS="1579" HPOS="909"/>
							<String ID="string_246" HPOS="928" VPOS="1579" WIDTH="189" HEIGHT="31" WC="0.93" CONTENT="benämnas"/><SP WIDTH="16" VPOS="1579" HPOS="1117"/>
							<String ID="string_247" HPOS="1133" VPOS="1575" WIDTH="322" HEIGHT="42" WC="0.92" CONTENT="arrendeegnahem,"/><SP WIDTH="17" VPOS="1575" HPOS="1455"/>
							<String ID="string_248" HPOS="1472" VPOS="1574" WIDTH="160" HEIGHT="41" WC="0.96" CONTENT="upplåtas"/>
						</TextLine>
						<TextLine ID="line_27" HPOS="126" VPOS="1626" WIDTH="1507" HEIGHT="51">
							<String ID="string_249" HPOS="126" VPOS="1638" WIDTH="44" HEIGHT="39" WC="0.96" CONTENT="på"/><SP WIDTH="23" VPOS="1638" HPOS="170"/>
							<String ID="string_250" HPOS="193" VPOS="1634" WIDTH="142" HEIGHT="32" WC="0.96" CONTENT="arrende"/><SP WIDTH="24" VPOS="1634" HPOS="335"/>
							<String ID="string_251" HPOS="359" VPOS="1634" WIDTH="79" HEIGHT="31" WC="0.95" CONTENT="med"/><SP WIDTH="22" VPOS="1634" HPOS="438"/>
							<String ID="string_252" HPOS="460" VPOS="1635" WIDTH="68" HEIGHT="29" WC="0.96" CONTENT="rätt"/><SP WIDTH="21" VPOS="1635" HPOS="528"/>
							<String ID="string_253" HPOS="549" VPOS="1633" WIDTH="53" HEIGHT="30" WC="0.96" CONTENT="för"/><SP WIDTH="23" VPOS="1633" HPOS="602"/>
							<String ID="string_254" HPOS="625" VPOS="1630" WIDTH="223" HEIGHT="32" WC="0.96" CONTENT="arrendatorn"/><SP WIDTH="23" VPOS="1630" HPOS="848"/>
							<String ID="string_255" HPOS="871" VPOS="1631" WIDTH="51" HEIGHT="30" WC="0.95" CONTENT="att"/><SP WIDTH="22" VPOS="1631" HPOS="922"/>
							<String ID="string_256" HPOS="944" VPOS="1629" WIDTH="12" HEIGHT="31" WC="0.95" CONTENT="i"/><SP WIDTH="24" VPOS="1629" HPOS="956"/>
							<String ID="string_257" HPOS="980" VPOS="1628" WIDTH="111" HEIGHT="32" WC="0.96" CONTENT="sinom"/><SP WIDTH="23" VPOS="1628" HPOS="1091"/>
							<String ID="string_258" HPOS="1114" VPOS="1627" WIDTH="52" HEIGHT="31" WC="0.91" CONTENT="tid"/><SP WIDTH="22" VPOS="1627" HPOS="1166"/>
							<String ID="string_259" HPOS="1188" VPOS="1627" WIDTH="112" HEIGHT="31" WC="0.91" CONTENT="inlösa"/><SP WIDTH="24" VPOS="1627" HPOS="1300"/>
							<String ID="string_260" HPOS="1324" VPOS="1626" WIDTH="53" HEIGHT="31" WC="0.96" CONTENT="till"/><SP WIDTH="23" VPOS="1626" HPOS="1377"/>
							<String ID="string_261" HPOS="1400" VPOS="1626" WIDTH="127" HEIGHT="30" WC="0.90" CONTENT="honom"/><SP WIDTH="23" VPOS="1626" HPOS="1527"/>
							<String ID="string_262" HPOS="1550" VPOS="1636" WIDTH="83" HEIGHT="30" WC="0.90" CONTENT="upp-"/>
						</TextLine>
						<TextLine ID="line_28" HPOS="126" VPOS="1675" WIDTH="1507" HEIGHT="52">
							<String ID="string_263" HPOS="126" VPOS="1687" WIDTH="92" HEIGHT="31" WC="0.96" CONTENT="låten"/><SP WIDTH="23" VPOS="1687" HPOS="218"/>
							<String ID="string_264" HPOS="241" VPOS="1685" WIDTH="168" HEIGHT="42" WC="0.96" CONTENT="lägenhet."/><SP WIDTH="38" VPOS="1685" HPOS="409"/>
							<String ID="string_265" HPOS="447" VPOS="1682" WIDTH="271" HEIGHT="33" WC="0.0" CONTENT="Verksamheten"/><SP WIDTH="23" VPOS="1682" HPOS="718"/>
							<String ID="string_266" HPOS="741" VPOS="1680" WIDTH="200" HEIGHT="32" WC="0.92" CONTENT="handhaves"/><SP WIDTH="24" VPOS="1680" HPOS="941"/>
							<String ID="string_267" HPOS="965" VPOS="1690" WIDTH="39" HEIGHT="20" WC="0.96" CONTENT="av"/><SP WIDTH="18" VPOS="1690" HPOS="1004"/>
							<String ID="string_268" HPOS="1022" VPOS="1690" WIDTH="40" HEIGHT="20" WC="0.96" CONTENT="en"/><SP WIDTH="18" VPOS="1690" HPOS="1062"/>
							<String ID="string_269" HPOS="1080" VPOS="1677" WIDTH="147" HEIGHT="33" WC="0.96" CONTENT="särskild"/><SP WIDTH="16" VPOS="1677" HPOS="1227"/>
							<String ID="string_270" HPOS="1243" VPOS="1677" WIDTH="138" HEIGHT="38" WC="0.96" CONTENT="nämnd,"/><SP WIDTH="18" VPOS="1677" HPOS="1381"/>
							<String ID="string_271" HPOS="1399" VPOS="1678" WIDTH="132" HEIGHT="30" WC="0.93" CONTENT="statens"/><SP WIDTH="14" VPOS="1678" HPOS="1531"/>
							<String ID="string_272" HPOS="1545" VPOS="1675" WIDTH="88" HEIGHT="41" WC="0.91" CONTENT="jord-"/>
						</TextLine>
						<TextLine ID="line_29" HPOS="127" VPOS="1726" WIDTH="1506" HEIGHT="50">
							<String ID="string_273" HPOS="127" VPOS="1736" WIDTH="136" HEIGHT="32" WC="0.96" CONTENT="nämnd."/><SP WIDTH="47" VPOS="1736" HPOS="263"/>
							<String ID="string_274" HPOS="310" VPOS="1734" WIDTH="185" HEIGHT="42" WC="0.95" CONTENT="Samtidigt"/><SP WIDTH="32" VPOS="1734" HPOS="495"/>
							<String ID="string_275" HPOS="527" VPOS="1733" WIDTH="142" HEIGHT="32" WC="0.95" CONTENT="härmed"/><SP WIDTH="32" VPOS="1733" HPOS="669"/>
							<String ID="string_276" HPOS="701" VPOS="1732" WIDTH="114" HEIGHT="31" WC="0.96" CONTENT="beslöt"/><SP WIDTH="25" VPOS="1732" HPOS="815"/>
							<String ID="string_277" HPOS="840" VPOS="1731" WIDTH="185" HEIGHT="41" WC="0.95" CONTENT="riksdagen"/><SP WIDTH="23" VPOS="1731" HPOS="1025"/>
							<String ID="string_278" HPOS="1048" VPOS="1730" WIDTH="127" HEIGHT="31" WC="0.93" CONTENT="inrätta"/><SP WIDTH="21" VPOS="1730" HPOS="1175"/>
							<String ID="string_279" HPOS="1196" VPOS="1726" WIDTH="339" HEIGHT="42" WC="0.88" CONTENT="arrendelånefonden,"/><SP WIDTH="23" VPOS="1726" HPOS="1535"/>
							<String ID="string_280" HPOS="1558" VPOS="1726" WIDTH="75" HEIGHT="32" WC="0.96" CONTENT="från"/>
						</TextLine>
						<TextLine ID="line_30" HPOS="127" VPOS="1777" WIDTH="1506" HEIGHT="51">
							<String ID="string_281" HPOS="127" VPOS="1788" WIDTH="113" HEIGHT="31" WC="0.96" CONTENT="vilken"/><SP WIDTH="34" VPOS="1788" HPOS="240"/>
							<String ID="string_282" HPOS="274" VPOS="1797" WIDTH="174" HEIGHT="31" WC="0.96" CONTENT="personer,"/><SP WIDTH="25" VPOS="1797" HPOS="448"/>
							<String ID="string_283" HPOS="473" VPOS="1796" WIDTH="73" HEIGHT="20" WC="0.90" CONTENT="som"/><SP WIDTH="28" VPOS="1796" HPOS="546"/>
							<String ID="string_284" HPOS="574" VPOS="1786" WIDTH="141" HEIGHT="38" WC="0.90" CONTENT="antagas"/><SP WIDTH="23" VPOS="1786" HPOS="715"/>
							<String ID="string_285" HPOS="738" VPOS="1783" WIDTH="53" HEIGHT="31" WC="0.96" CONTENT="till"/><SP WIDTH="23" VPOS="1783" HPOS="791"/>
							<String ID="string_286" HPOS="814" VPOS="1782" WIDTH="239" HEIGHT="31" WC="0.95" CONTENT="arrendatorer"/><SP WIDTH="23" VPOS="1782" HPOS="1053"/>
							<String ID="string_287" HPOS="1076" VPOS="1791" WIDTH="39" HEIGHT="20" WC="0.96" CONTENT="av"/><SP WIDTH="24" VPOS="1791" HPOS="1115"/>
							<String ID="string_288" HPOS="1139" VPOS="1778" WIDTH="321" HEIGHT="42" WC="0.90" CONTENT="arrendeegnahem,"/><SP WIDTH="24" VPOS="1778" HPOS="1460"/>
							<String ID="string_289" HPOS="1484" VPOS="1777" WIDTH="115" HEIGHT="31" WC="0.95" CONTENT="kunna"/><SP WIDTH="22" VPOS="1777" HPOS="1599"/>
							<String ID="string_290" HPOS="1621" VPOS="1777" WIDTH="12" HEIGHT="30" WC="0.95" CONTENT="i"/>
						</TextLine>
						<TextLine ID="line_31" HPOS="128" VPOS="1827" WIDTH="1503" HEIGHT="50">
							<String ID="string_291" HPOS="128" VPOS="1837" WIDTH="166" HEIGHT="33" WC="0.96" CONTENT="samband"/><SP WIDTH="22" VPOS="1837" HPOS="294"/>
							<String ID="string_292" HPOS="316" VPOS="1836" WIDTH="80" HEIGHT="32" WC="0.95" CONTENT="med"/><SP WIDTH="22" VPOS="1836" HPOS="396"/>
							<String ID="string_293" HPOS="418" VPOS="1836" WIDTH="219" HEIGHT="41" WC="0.95" CONTENT="upplåtelsen"/><SP WIDTH="24" VPOS="1836" HPOS="637"/>
							<String ID="string_294" HPOS="661" VPOS="1834" WIDTH="127" HEIGHT="31" WC="0.93" CONTENT="erhålla"/><SP WIDTH="23" VPOS="1834" HPOS="788"/>
							<String ID="string_295" HPOS="811" VPOS="1844" WIDTH="26" HEIGHT="20" WC="0.92" CONTENT="s."/><SP WIDTH="24" VPOS="1844" HPOS="837"/>
							<String ID="string_296" HPOS="861" VPOS="1833" WIDTH="31" HEIGHT="30" WC="0.92" CONTENT="k."/><SP WIDTH="25" VPOS="1833" HPOS="892"/>
							<String ID="string_297" HPOS="917" VPOS="1831" WIDTH="201" HEIGHT="32" WC="0.91" CONTENT="arrendelån"/><SP WIDTH="24" VPOS="1831" HPOS="1118"/>
							<String ID="string_298" HPOS="1142" VPOS="1842" WIDTH="40" HEIGHT="19" WC="0.93" CONTENT="av"/><SP WIDTH="23" VPOS="1842" HPOS="1182"/>
							<String ID="string_299" HPOS="1205" VPOS="1829" WIDTH="201" HEIGHT="33" WC="0.92" CONTENT="statsmedel"/><SP WIDTH="24" VPOS="1829" HPOS="1406"/>
							<String ID="string_300" HPOS="1430" VPOS="1829" WIDTH="52" HEIGHT="30" WC="0.93" CONTENT="för"/><SP WIDTH="22" VPOS="1829" HPOS="1482"/>
							<String ID="string_301" HPOS="1504" VPOS="1827" WIDTH="127" HEIGHT="32" WC="0.65" CONTENT="anskaf"/>
						</TextLine>
						<TextLine ID="line_32" HPOS="127" VPOS="1878" WIDTH="1508" HEIGHT="50">
							<String ID="string_302" HPOS="127" VPOS="1889" WIDTH="102" HEIGHT="31" WC="0.90" CONTENT="fande"/><SP WIDTH="33" VPOS="1889" HPOS="229"/>
							<String ID="string_303" HPOS="262" VPOS="1899" WIDTH="40" HEIGHT="20" WC="0.92" CONTENT="av"/><SP WIDTH="32" VPOS="1899" HPOS="302"/>
							<String ID="string_304" HPOS="334" VPOS="1885" WIDTH="395" HEIGHT="43" WC="0.90" CONTENT="jordbruksinventarier"/><SP WIDTH="33" VPOS="1885" HPOS="729"/>
							<String ID="string_305" HPOS="762" VPOS="1895" WIDTH="42" HEIGHT="20" WC="0.90" CONTENT="m."/><SP WIDTH="25" VPOS="1895" HPOS="804"/>
							<String ID="string_306" HPOS="829" VPOS="1895" WIDTH="42" HEIGHT="19" WC="0.86" CONTENT="m."/><SP WIDTH="25" VPOS="1895" HPOS="871"/>
							<String ID="string_307" HPOS="896" VPOS="1901" WIDTH="40" HEIGHT="4" WC="0.90" CONTENT="—"/><SP WIDTH="26" VPOS="1901" HPOS="936"/>
							<String ID="string_308" HPOS="962" VPOS="1882" WIDTH="122" HEIGHT="31" WC="0.93" CONTENT="Såsom"/><SP WIDTH="33" VPOS="1882" HPOS="1084"/>
							<String ID="string_309" HPOS="1117" VPOS="1880" WIDTH="260" HEIGHT="42" WC="0.85" CONTENT="kapitalökning"/><SP WIDTH="29" VPOS="1880" HPOS="1377"/>
							<String ID="string_310" HPOS="1406" VPOS="1879" WIDTH="53" HEIGHT="31" WC="0.93" CONTENT="för"/><SP WIDTH="22" VPOS="1879" HPOS="1459"/>
							<String ID="string_311" HPOS="1481" VPOS="1878" WIDTH="154" HEIGHT="31" WC="0.91" CONTENT="arrende-"/>
						</TextLine>
						<TextLine ID="line_33" HPOS="129" VPOS="1929" WIDTH="1506" HEIGHT="52">
							<String ID="string_312" HPOS="129" VPOS="1937" WIDTH="314" HEIGHT="44" WC="0.90" CONTENT="egnahemsfonden"/><SP WIDTH="22" VPOS="1937" HPOS="443"/>
							<String ID="string_313" HPOS="465" VPOS="1937" WIDTH="53" HEIGHT="30" WC="0.95" CONTENT="för"/><SP WIDTH="15" VPOS="1937" HPOS="518"/>
							<String ID="string_314" HPOS="533" VPOS="1935" WIDTH="203" HEIGHT="41" WC="0.93" CONTENT="budgetåret"/><SP WIDTH="17" VPOS="1935" HPOS="736"/>
							<String ID="string_315" HPOS="753" VPOS="1934" WIDTH="181" HEIGHT="38" WC="0.92" CONTENT="1934/1935"/><SP WIDTH="16" VPOS="1934" HPOS="934"/>
							<String ID="string_316" HPOS="950" VPOS="1931" WIDTH="162" HEIGHT="32" WC="0.96" CONTENT="anvisade"/><SP WIDTH="16" VPOS="1931" HPOS="1112"/>
							<String ID="string_317" HPOS="1128" VPOS="1931" WIDTH="181" HEIGHT="40" WC="0.96" CONTENT="riksdagen"/><SP WIDTH="20" VPOS="1931" HPOS="1309"/>
							<String ID="string_318" HPOS="1329" VPOS="1929" WIDTH="166" HEIGHT="38" WC="0.64" CONTENT="1,200,000"/><SP WIDTH="14" VPOS="1929" HPOS="1495"/>
							<String ID="string_319" HPOS="1509" VPOS="1929" WIDTH="126" HEIGHT="30" WC="0.96" CONTENT="kronor"/>
						</TextLine>
						<TextLine ID="line_34" HPOS="129" VPOS="1979" WIDTH="1504" HEIGHT="49">
							<String ID="string_320" HPOS="129" VPOS="1991" WIDTH="89" HEIGHT="30" WC="0.96" CONTENT="samt"/><SP WIDTH="23" VPOS="1991" HPOS="218"/>
							<String ID="string_321" HPOS="241" VPOS="1991" WIDTH="112" HEIGHT="29" WC="0.96" CONTENT="såsom"/><SP WIDTH="17" VPOS="1991" HPOS="353"/>
							<String ID="string_322" HPOS="370" VPOS="1987" WIDTH="130" HEIGHT="41" WC="0.96" CONTENT="kapital"/><SP WIDTH="16" VPOS="1987" HPOS="500"/>
							<String ID="string_323" HPOS="516" VPOS="1987" WIDTH="51" HEIGHT="30" WC="0.93" CONTENT="för"/><SP WIDTH="16" VPOS="1987" HPOS="567"/>
							<String ID="string_324" HPOS="583" VPOS="1983" WIDTH="351" HEIGHT="34" WC="0.91" CONTENT="arrendelånefonden"/><SP WIDTH="16" VPOS="1983" HPOS="934"/>
							<String ID="string_325" HPOS="950" VPOS="1983" WIDTH="52" HEIGHT="31" WC="0.96" CONTENT="för"/><SP WIDTH="19" VPOS="1983" HPOS="1002"/>
							<String ID="string_326" HPOS="1021" VPOS="1992" WIDTH="128" HEIGHT="21" WC="0.95" CONTENT="samma"/><SP WIDTH="16" VPOS="1992" HPOS="1149"/>
							<String ID="string_327" HPOS="1165" VPOS="1980" WIDTH="167" HEIGHT="41" WC="0.93" CONTENT="budgetår"/><SP WIDTH="15" VPOS="1980" HPOS="1332"/>
							<String ID="string_328" HPOS="1347" VPOS="1980" WIDTH="137" HEIGHT="37" WC="0.91" CONTENT="300,000"/><SP WIDTH="15" VPOS="1980" HPOS="1484"/>
							<String ID="string_329" HPOS="1499" VPOS="1979" WIDTH="134" HEIGHT="31" WC="0.96" CONTENT="kronor."/>
						</TextLine>
					</TextBlock>
					<TextBlock ID="block_5" HPOS="129" VPOS="2028" WIDTH="1507" HEIGHT="194">
						<TextLine ID="line_35" HPOS="181" VPOS="2028" WIDTH="1455" HEIGHT="51">
							<String ID="string_330" HPOS="181" VPOS="2040" WIDTH="77" HEIGHT="30" WC="0.96" CONTENT="Den"/><SP WIDTH="31" VPOS="2040" HPOS="258"/>
							<String ID="string_331" HPOS="289" VPOS="2038" WIDTH="38" HEIGHT="31" WC="0.96" CONTENT="15"/><SP WIDTH="22" VPOS="2038" HPOS="327"/>
							<String ID="string_332" HPOS="349" VPOS="2038" WIDTH="75" HEIGHT="41" WC="0.96" CONTENT="juni"/><SP WIDTH="25" VPOS="2038" HPOS="424"/>
							<String ID="string_333" HPOS="449" VPOS="2038" WIDTH="81" HEIGHT="30" WC="0.96" CONTENT="1934"/><SP WIDTH="22" VPOS="2038" HPOS="530"/>
							<String ID="string_334" HPOS="552" VPOS="2036" WIDTH="198" HEIGHT="31" WC="0.96" CONTENT="utfärdades"/><SP WIDTH="23" VPOS="2036" HPOS="750"/>
							<String ID="string_335" HPOS="773" VPOS="2035" WIDTH="150" HEIGHT="31" WC="0.96" CONTENT="därefter"/><SP WIDTH="21" VPOS="2035" HPOS="923"/>
							<String ID="string_336" HPOS="944" VPOS="2032" WIDTH="206" HEIGHT="42" WC="0.96" CONTENT="kungörelse"/><SP WIDTH="24" VPOS="2032" HPOS="1150"/>
							<String ID="string_337" HPOS="1174" VPOS="2042" WIDTH="54" HEIGHT="20" WC="0.92" CONTENT="om"/><SP WIDTH="24" VPOS="2042" HPOS="1228"/>
							<String ID="string_338" HPOS="1252" VPOS="2029" WIDTH="309" HEIGHT="41" WC="0.91" CONTENT="arrendeegnahem"/><SP WIDTH="24" VPOS="2029" HPOS="1561"/>
							<String ID="string_339" HPOS="1585" VPOS="2028" WIDTH="51" HEIGHT="41" WC="0.95" CONTENT="(nr"/>
						</TextLine>
						<TextLine ID="line_36" HPOS="129" VPOS="2079" WIDTH="1506" HEIGHT="52">
							<String ID="string_340" HPOS="129" VPOS="2090" WIDTH="81" HEIGHT="41" WC="0.90" CONTENT="279)."/><SP WIDTH="45" VPOS="2090" HPOS="210"/>
							<String ID="string_341" HPOS="255" VPOS="2090" WIDTH="18" HEIGHT="30" WC="0.93" CONTENT="I"/><SP WIDTH="34" VPOS="2090" HPOS="273"/>
							<String ID="string_342" HPOS="307" VPOS="2089" WIDTH="113" HEIGHT="31" WC="0.96" CONTENT="denna"/><SP WIDTH="26" VPOS="2089" HPOS="420"/>
							<String ID="string_343" HPOS="446" VPOS="2090" WIDTH="58" HEIGHT="29" WC="0.96" CONTENT="äro"/><SP WIDTH="23" VPOS="2090" HPOS="504"/>
							<String ID="string_344" HPOS="527" VPOS="2087" WIDTH="139" HEIGHT="41" WC="0.96" CONTENT="intagna"/><SP WIDTH="22" VPOS="2087" HPOS="666"/>
							<String ID="string_345" HPOS="688" VPOS="2086" WIDTH="171" HEIGHT="30" WC="0.96" CONTENT="allmänna"/><SP WIDTH="22" VPOS="2086" HPOS="859"/>
							<String ID="string_346" HPOS="881" VPOS="2083" WIDTH="262" HEIGHT="32" WC="0.96" CONTENT="bestämmelser"/><SP WIDTH="22" VPOS="2083" HPOS="1143"/>
							<String ID="string_347" HPOS="1165" VPOS="2082" WIDTH="52" HEIGHT="31" WC="0.96" CONTENT="för"/><SP WIDTH="22" VPOS="2082" HPOS="1217"/>
							<String ID="string_348" HPOS="1239" VPOS="2080" WIDTH="207" HEIGHT="32" WC="0.93" CONTENT="hithörande"/><SP WIDTH="23" VPOS="2080" HPOS="1446"/>
							<String ID="string_349" HPOS="1469" VPOS="2079" WIDTH="166" HEIGHT="32" WC="0.90" CONTENT="verksam-"/>
						</TextLine>
						<TextLine ID="line_37" HPOS="130" VPOS="2130" WIDTH="1505" HEIGHT="43">
							<String ID="string_350" HPOS="130" VPOS="2142" WIDTH="59" HEIGHT="30" WC="0.96" CONTENT="het"/><SP WIDTH="23" VPOS="2142" HPOS="189"/>
							<String ID="string_351" HPOS="212" VPOS="2142" WIDTH="88" HEIGHT="30" WC="0.96" CONTENT="samt"/><SP WIDTH="24" VPOS="2142" HPOS="300"/>
							<String ID="string_352" HPOS="324" VPOS="2138" WIDTH="212" HEIGHT="33" WC="0.96" CONTENT="föreskrifter"/><SP WIDTH="22" VPOS="2138" HPOS="536"/>
							<String ID="string_353" HPOS="558" VPOS="2149" WIDTH="55" HEIGHT="20" WC="0.93" CONTENT="om"/><SP WIDTH="24" VPOS="2149" HPOS="613"/>
							<String ID="string_354" HPOS="637" VPOS="2136" WIDTH="277" HEIGHT="37" WC="0.91" CONTENT="arrendevillkor,"/><SP WIDTH="18" VPOS="2136" HPOS="914"/>
							<String ID="string_355" HPOS="932" VPOS="2134" WIDTH="136" HEIGHT="31" WC="0.96" CONTENT="inlösen"/><SP WIDTH="21" VPOS="2134" HPOS="1068"/>
							<String ID="string_356" HPOS="1089" VPOS="2144" WIDTH="39" HEIGHT="20" WC="0.93" CONTENT="av"/><SP WIDTH="17" VPOS="2144" HPOS="1128"/>
							<String ID="string_357" HPOS="1145" VPOS="2131" WIDTH="320" HEIGHT="41" WC="0.91" CONTENT="arrendeegnahem,"/><SP WIDTH="17" VPOS="2131" HPOS="1465"/>
							<String ID="string_358" HPOS="1482" VPOS="2130" WIDTH="153" HEIGHT="31" WC="0.91" CONTENT="arrende-"/>
						</TextLine>
						<TextLine ID="line_38" HPOS="129" VPOS="2192" WIDTH="188" HEIGHT="30">
							<String ID="string_359" HPOS="129" VPOS="2192" WIDTH="56" HEIGHT="30" WC="0.92" CONTENT="lån"/><SP WIDTH="24" VPOS="2192" HPOS="185"/>
							<String ID="string_360" HPOS="209" VPOS="2202" WIDTH="42" HEIGHT="19" WC="0.88" CONTENT="m."/><SP WIDTH="25" VPOS="2202" HPOS="251"/>
							<String ID="string_361" HPOS="276" VPOS="2202" WIDTH="41" HEIGHT="19" WC="0.88" CONTENT="m."/>
						</TextLine>
					</TextBlock>
					<TextBlock ID="block_6" HPOS="131" VPOS="2230" WIDTH="1507" HEIGHT="298">
						<TextLine ID="line_39" HPOS="182" VPOS="2230" WIDTH="1452" HEIGHT="49">
							<String ID="string_362" HPOS="182" VPOS="2242" WIDTH="19" HEIGHT="30" WC="0.95" CONTENT="I"/><SP WIDTH="23" VPOS="2242" HPOS="201"/>
							<String ID="string_363" HPOS="224" VPOS="2243" WIDTH="89" HEIGHT="29" WC="0.93" CONTENT="årets"/><SP WIDTH="28" VPOS="2243" HPOS="313"/>
							<String ID="string_364" HPOS="341" VPOS="2237" WIDTH="417" HEIGHT="42" WC="0.90" CONTENT="statsverksproposition,"/><SP WIDTH="25" VPOS="2237" HPOS="758"/>
							<String ID="string_365" HPOS="783" VPOS="2236" WIDTH="184" HEIGHT="40" WC="0.94" CONTENT="avdelning"/><SP WIDTH="23" VPOS="2236" HPOS="967"/>
							<String ID="string_366" HPOS="990" VPOS="2234" WIDTH="151" HEIGHT="41" WC="0.96" CONTENT="Utgifter"/><SP WIDTH="23" VPOS="2234" HPOS="1141"/>
							<String ID="string_367" HPOS="1164" VPOS="2234" WIDTH="52" HEIGHT="30" WC="0.93" CONTENT="för"/><SP WIDTH="22" VPOS="2234" HPOS="1216"/>
							<String ID="string_368" HPOS="1238" VPOS="2232" WIDTH="268" HEIGHT="41" WC="0.90" CONTENT="kapitalökning,"/><SP WIDTH="17" VPOS="2232" HPOS="1506"/>
							<String ID="string_369" HPOS="1523" VPOS="2230" WIDTH="57" HEIGHT="32" WC="0.91" CONTENT="bil."/><SP WIDTH="26" VPOS="2230" HPOS="1580"/>
							<String ID="string_370" HPOS="1606" VPOS="2233" WIDTH="28" HEIGHT="34" WC="0.93" CONTENT="6,"/>
						</TextLine>
						<TextLine ID="line_40" HPOS="131" VPOS="2281" WIDTH="1504" HEIGHT="52">
							<String ID="string_371" HPOS="131" VPOS="2292" WIDTH="153" HEIGHT="41" WC="0.96" CONTENT="punkten"/><SP WIDTH="25" VPOS="2292" HPOS="284"/>
							<String ID="string_372" HPOS="309" VPOS="2292" WIDTH="48" HEIGHT="35" WC="0.96" CONTENT="11,"/><SP WIDTH="17" VPOS="2292" HPOS="357"/>
							<String ID="string_373" HPOS="374" VPOS="2290" WIDTH="62" HEIGHT="30" WC="0.96" CONTENT="har"/><SP WIDTH="23" VPOS="2290" HPOS="436"/>
							<String ID="string_374" HPOS="459" VPOS="2290" WIDTH="138" HEIGHT="36" WC="0.96" CONTENT="anförts,"/><SP WIDTH="17" VPOS="2290" HPOS="597"/>
							<String ID="string_375" HPOS="614" VPOS="2287" WIDTH="106" HEIGHT="32" WC="0.96" CONTENT="bland"/><SP WIDTH="16" VPOS="2287" HPOS="720"/>
							<String ID="string_376" HPOS="736" VPOS="2288" WIDTH="116" HEIGHT="30" WC="0.96" CONTENT="annat:"/><SP WIDTH="29" VPOS="2288" HPOS="852"/>
							<String ID="string_377" HPOS="881" VPOS="2286" WIDTH="78" HEIGHT="30" WC="0.96" CONTENT="Den"/><SP WIDTH="16" VPOS="2286" HPOS="959"/>
							<String ID="string_378" HPOS="975" VPOS="2285" WIDTH="90" HEIGHT="31" WC="0.96" CONTENT="förra"/><SP WIDTH="16" VPOS="2285" HPOS="1065"/>
							<String ID="string_379" HPOS="1081" VPOS="2286" WIDTH="73" HEIGHT="29" WC="0.93" CONTENT="året"/><SP WIDTH="15" VPOS="2286" HPOS="1154"/>
							<String ID="string_380" HPOS="1169" VPOS="2284" WIDTH="192" HEIGHT="40" WC="0.90" CONTENT="igångsatta"/><SP WIDTH="15" VPOS="2284" HPOS="1361"/>
							<String ID="string_381" HPOS="1376" VPOS="2281" WIDTH="259" HEIGHT="31" WC="0.96" CONTENT="verksamheten"/>
						</TextLine>
						<TextLine ID="line_41" HPOS="132" VPOS="2331" WIDTH="1505" HEIGHT="51">
							<String ID="string_382" HPOS="132" VPOS="2341" WIDTH="77" HEIGHT="31" WC="0.96" CONTENT="med"/><SP WIDTH="23" VPOS="2341" HPOS="209"/>
							<String ID="string_383" HPOS="232" VPOS="2340" WIDTH="211" HEIGHT="42" WC="0.91" CONTENT="upplåtande"/><SP WIDTH="17" VPOS="2340" HPOS="443"/>
							<String ID="string_384" HPOS="460" VPOS="2350" WIDTH="39" HEIGHT="19" WC="0.93" CONTENT="av"/><SP WIDTH="16" VPOS="2350" HPOS="499"/>
							<String ID="string_385" HPOS="515" VPOS="2337" WIDTH="309" HEIGHT="41" WC="0.90" CONTENT="arrendeegnahem"/><SP WIDTH="18" VPOS="2337" HPOS="824"/>
							<String ID="string_386" HPOS="842" VPOS="2336" WIDTH="99" HEIGHT="30" WC="0.96" CONTENT="torde"/><SP WIDTH="17" VPOS="2336" HPOS="941"/>
							<String ID="string_387" HPOS="958" VPOS="2335" WIDTH="83" HEIGHT="30" WC="0.96" CONTENT="böra"/><SP WIDTH="16" VPOS="2335" HPOS="1041"/>
							<String ID="string_388" HPOS="1057" VPOS="2335" WIDTH="159" HEIGHT="30" WC="0.96" CONTENT="fortsätta"/><SP WIDTH="17" VPOS="2335" HPOS="1216"/>
							<String ID="string_389" HPOS="1233" VPOS="2332" WIDTH="107" HEIGHT="31" WC="0.96" CONTENT="under"/><SP WIDTH="17" VPOS="2332" HPOS="1340"/>
							<String ID="string_390" HPOS="1357" VPOS="2333" WIDTH="99" HEIGHT="29" WC="0.96" CONTENT="nästa"/><SP WIDTH="15" VPOS="2333" HPOS="1456"/>
							<String ID="string_391" HPOS="1471" VPOS="2331" WIDTH="166" HEIGHT="40" WC="0.96" CONTENT="budgetår"/>
						</TextLine>
						<TextLine ID="line_42" HPOS="132" VPOS="2380" WIDTH="1505" HEIGHT="49">
							<String ID="string_392" HPOS="132" VPOS="2392" WIDTH="85" HEIGHT="32" WC="0.96" CONTENT="efter"/><SP WIDTH="34" VPOS="2392" HPOS="217"/>
							<String ID="string_393" HPOS="251" VPOS="2401" WIDTH="128" HEIGHT="21" WC="0.95" CONTENT="samma"/><SP WIDTH="29" VPOS="2401" HPOS="379"/>
							<String ID="string_394" HPOS="408" VPOS="2388" WIDTH="150" HEIGHT="41" WC="0.95" CONTENT="grunder"/><SP WIDTH="23" VPOS="2388" HPOS="558"/>
							<String ID="string_395" HPOS="581" VPOS="2398" WIDTH="73" HEIGHT="20" WC="0.96" CONTENT="som"/><SP WIDTH="25" VPOS="2398" HPOS="654"/>
							<String ID="string_396" HPOS="679" VPOS="2387" WIDTH="41" HEIGHT="31" WC="0.96" CONTENT="de"/><SP WIDTH="23" VPOS="2387" HPOS="720"/>
							<String ID="string_397" HPOS="743" VPOS="2386" WIDTH="126" HEIGHT="31" WC="0.96" CONTENT="hittills"/><SP WIDTH="23" VPOS="2386" HPOS="869"/>
							<String ID="string_398" HPOS="892" VPOS="2384" WIDTH="209" HEIGHT="42" WC="0.96" CONTENT="tillämpade."/><SP WIDTH="47" VPOS="2384" HPOS="1101"/>
							<String ID="string_399" HPOS="1148" VPOS="2383" WIDTH="68" HEIGHT="31" WC="0.96" CONTENT="För"/><SP WIDTH="23" VPOS="2383" HPOS="1216"/>
							<String ID="string_400" HPOS="1239" VPOS="2384" WIDTH="49" HEIGHT="29" WC="0.96" CONTENT="att"/><SP WIDTH="22" VPOS="2384" HPOS="1288"/>
							<String ID="string_401" HPOS="1310" VPOS="2381" WIDTH="201" HEIGHT="41" WC="0.93" CONTENT="möjliggöra"/><SP WIDTH="23" VPOS="2381" HPOS="1511"/>
							<String ID="string_402" HPOS="1534" VPOS="2380" WIDTH="103" HEIGHT="40" WC="0.27" CONTENT="utlög-"/>
						</TextLine>
						<TextLine ID="line_43" HPOS="131" VPOS="2430" WIDTH="1507" HEIGHT="53">
							<String ID="string_403" HPOS="131" VPOS="2441" WIDTH="111" HEIGHT="42" WC="0.95" CONTENT="gande"/><SP WIDTH="23" VPOS="2441" HPOS="242"/>
							<String ID="string_404" HPOS="265" VPOS="2451" WIDTH="39" HEIGHT="20" WC="0.96" CONTENT="av"/><SP WIDTH="23" VPOS="2451" HPOS="304"/>
							<String ID="string_405" HPOS="327" VPOS="2438" WIDTH="197" HEIGHT="43" WC="0.95" CONTENT="ytterligare"/><SP WIDTH="24" VPOS="2438" HPOS="524"/>
							<String ID="string_406" HPOS="548" VPOS="2440" WIDTH="48" HEIGHT="29" WC="0.97" CONTENT="ett"/><SP WIDTH="24" VPOS="2440" HPOS="596"/>
							<String ID="string_407" HPOS="620" VPOS="2437" WIDTH="91" HEIGHT="31" WC="0.93" CONTENT="antal"/><SP WIDTH="23" VPOS="2437" HPOS="711"/>
							<String ID="string_408" HPOS="734" VPOS="2435" WIDTH="312" HEIGHT="41" WC="0.88" CONTENT="arrendeegnahem"/><SP WIDTH="25" VPOS="2435" HPOS="1046"/>
							<String ID="string_409" HPOS="1071" VPOS="2433" WIDTH="215" HEIGHT="32" WC="0.88" CONTENT="erfordrades"/><SP WIDTH="23" VPOS="2433" HPOS="1286"/>
							<String ID="string_410" HPOS="1309" VPOS="2434" WIDTH="77" HEIGHT="39" WC="0.96" CONTENT="nytt"/><SP WIDTH="22" VPOS="2434" HPOS="1386"/>
							<String ID="string_411" HPOS="1408" VPOS="2431" WIDTH="137" HEIGHT="41" WC="0.96" CONTENT="kapital."/><SP WIDTH="39" VPOS="2431" HPOS="1545"/>
							<String ID="string_412" HPOS="1584" VPOS="2430" WIDTH="54" HEIGHT="30" WC="0.96" CONTENT="Då"/>
						</TextLine>
						<TextLine ID="line_44" HPOS="132" VPOS="2480" WIDTH="1506" HEIGHT="48">
							<String ID="string_413" HPOS="132" VPOS="2490" WIDTH="259" HEIGHT="32" WC="0.93" CONTENT="verksamheten"/><SP WIDTH="29" VPOS="2490" HPOS="391"/>
							<String ID="string_414" HPOS="420" VPOS="2491" WIDTH="90" HEIGHT="28" WC="0.54" CONTENT="iännu"/><SP WIDTH="24" VPOS="2491" HPOS="510"/>
							<String ID="string_415" HPOS="534" VPOS="2488" WIDTH="149" HEIGHT="31" WC="0.89" CONTENT="befunne"/><SP WIDTH="17" VPOS="2488" HPOS="683"/>
							<String ID="string_416" HPOS="700" VPOS="2487" WIDTH="52" HEIGHT="40" WC="0.96" CONTENT="sig"/><SP WIDTH="15" VPOS="2487" HPOS="752"/>
							<String ID="string_417" HPOS="767" VPOS="2488" WIDTH="44" HEIGHT="40" WC="0.93" CONTENT="på"/><SP WIDTH="16" VPOS="2488" HPOS="811"/>
							<String ID="string_418" HPOS="827" VPOS="2484" WIDTH="275" HEIGHT="38" WC="0.90" CONTENT="försöksstadiet,"/><SP WIDTH="19" VPOS="2484" HPOS="1102"/>
							<String ID="string_419" HPOS="1121" VPOS="2485" WIDTH="117" HEIGHT="40" WC="0.96" CONTENT="syntes"/><SP WIDTH="17" VPOS="2485" HPOS="1238"/>
							<String ID="string_420" HPOS="1255" VPOS="2483" WIDTH="58" HEIGHT="30" WC="0.96" CONTENT="det"/><SP WIDTH="16" VPOS="2483" HPOS="1313"/>
							<String ID="string_421" HPOS="1329" VPOS="2481" WIDTH="191" HEIGHT="32" WC="0.93" CONTENT="emellertid"/><SP WIDTH="15" VPOS="2481" HPOS="1520"/>
							<String ID="string_422" HPOS="1535" VPOS="2480" WIDTH="103" HEIGHT="41" WC="0.91" CONTENT="lämp-"/>
						</TextLine>
					</TextBlock>
				</ComposedBlock>
			</PrintSpace>
		</Page>
	</Layout>
</alto>
