2196 2646
694 169 343 33 Jordbruksutskottets
1060 169 163 33 utlåtande
1246 170 53 32 Nr
1322 173 29 30 1.
1739 173 39 31 57

224 246 165 46 stående,
419 251 56 31 att
503 246 72 36 den
604 247 158 36 sålunda
792 247 222 49 ifrågasatta
1042 248 251 49 utredningen
1322 249 119 37 skulle
1470 249 99 36 bliva
1597 250 151 37 bunden
1776 265 46 22 av

223 297 103 36 vissa
352 297 199 50 riktlinjer.
608 298 180 37 Tvärtom
820 312 111 35 synes
951 299 145 48 härvid,
1116 305 54 31 att
1190 300 111 36 döma
1321 314 45 23 av
1387 301 435 49 departementschefens

222 348 295 49 framställning,
560 349 63 37 det
663 363 92 23 vara
797 356 54 30 att
880 351 182 48 förvänta,
1092 356 56 31 att
1174 351 63 37 vid
1266 352 72 36 den
1368 352 174 37 blivande
1570 353 252 49 utredningen

222 399 149 50 hänsyn
399 401 172 35 kommer
599 406 54 31 att
681 402 64 35 vid
774 402 282 37 bestämmande
1086 416 45 23 av
1159 404 77 35 viss
1265 404 296 49 bokföringstyp
1590 411 108 42 tagas
1718 406 103 35 såväl

222 451 55 36 till
306 451 45 36 de
381 465 46 22 av
456 452 414 48 departementschefen
901 454 223 36 framhållna
1152 455 287 49 synpunkterna
1468 469 79 22 som
1573 460 97 32 även
1691 457 131 35 motio-

222 507 136 31 närens
399 503 71 36 och
512 503 115 36 andra
663 503 157 49 förslag,
850 504 12 35 i
890 504 71 37 den
991 508 87 33 mån
1106 505 46 36 de
1180 505 172 37 befinnas
1380 507 334 48 ändamålsenliga.
1771 508 52 35 På

221 553 126 47 grund
376 567 46 23 av
450 554 74 36 vad
553 554 158 36 sålunda
739 556 157 47 anförts,
925 556 72 35 kan
1025 556 183 36 utskottet
1236 556 82 37 icke
1347 557 189 49 tillstyrka
1563 558 258 37 motionärens

222 604 143 49 förslag
407 605 71 36 och
519 604 48 37 då
606 605 184 37 utskottet
831 606 82 37 icke
941 606 67 36 har
1036 610 117 45 något
1181 613 55 31 att
1264 609 122 35 erinra
1414 614 79 31 mot
1521 609 141 48 Kungl.
1692 609 129 49 Maj:ts

221 656 244 36 förevarande
494 656 292 50 framställning,
815 657 217 37 hemställer
1059 658 195 48 utskottet,

752 750 54 30 att
849 744 206 49 riksdagen
1087 748 72 44 må,
1189 745 85 37 med
1303 746 101 36 bifall
1435 747 58 36 till
1520 746 145 49 Kungl.
1694 747 127 49 Maj:ts

621 795 290 48 ifrågavarande
953 796 279 49 framställning
1272 798 70 36 och
1384 798 84 36 med
1511 799 131 48 avslag
1679 801 20 33 å
1735 799 86 36 herr

621 846 141 37 Molins
792 847 245 37 förevarande
1065 849 156 46 motion,
1252 851 122 34 såsom
1403 849 136 49 bidrag
1566 850 57 35 till
1643 850 178 48 åtgärder

620 898 56 35 för
696 898 211 48 främjande
932 912 46 22 av
998 899 142 36 ordnad
1162 899 205 49 bokföring
1386 900 63 36 vid
1470 901 146 36 mindre
1631 901 187 49 jordbruk

619 951 21 33 å
670 955 106 30 extra
814 955 74 30 stat
916 950 58 35 för
1003 953 39 33 år
1072 952 97 35 1916
1199 952 135 36 anvisa
1362 958 52 30 ett
1443 952 302 49 förslagsanslag
1774 966 45 23 av

622 1002 137 45 15,000
787 1001 140 36 kronor
955 1005 176 33 ävensom
1161 1003 190 48 medgiva,
1381 1009 55 30 att
1464 1004 140 48 Kungl.
1631 1004 108 49 Maj:t
1758 1007 61 33 må

618 1051 117 37 härav
782 1053 172 36 använda
995 1053 115 50 högst
1145 1056 112 46 5,000
1287 1054 139 37 kronor
1462 1056 57 35 till
1552 1056 176 48 åtgärder
1761 1056 58 36 för

619 1104 335 37 åstadkommande
996 1119 45 22 av
1082 1106 509 50 räntabilitetsberäkningar
1621 1108 196 48 angående

613 1155 198 49 jordbruk.

347 1257 99 48 42:0)
476 1258 17 36 I
521 1259 93 48 följd
644 1272 46 23 av
718 1260 142 48 Kungl.
889 1260 125 49 Maj:ts
1044 1261 128 36 därom
1202 1262 118 36 under
1338 1263 121 48 punkt
1478 1264 47 34 42
1546 1262 137 49 gjorda
1703 1263 113 35 fram-

218 1308 183 49 ställning
429 1310 216 37 hemställer
672 1311 198 47 utskottet,

749 1402 54 31 att
829 1397 203 49 riksdagen
1061 1401 72 43 må,
1162 1399 12 35 i
1202 1399 118 36 likhet
1348 1400 86 36 med
1452 1400 72 36 vad
1544 1400 122 37 under
1686 1414 129 24 senare

620 1451 88 34 åren
738 1449 111 47 skett,
879 1452 20 33 å
927 1455 104 31 extra
1059 1455 75 31 stat
1163 1450 58 37 för
1250 1453 41 33 år
1322 1453 95 35 1916
1448 1453 131 35 anvisa

748 1501 35 48 a)
811 1501 56 36 till
895 1502 89 36 ökat
1012 1501 232 50 statsbidrag
1271 1502 57 37 till
1361 1503 222 50 fortgående
1603 1510 212 44 smörprov-

617 1552 138 49 ningar
782 1559 54 30 ett
863 1553 134 50 anslag
1026 1567 46 23 av
1102 1555 137 46 10,000
1267 1554 139 38 kronor
1433 1561 99 31 samt

747 1604 38 46 b)
814 1605 57 36 till
898 1605 242 37 bestridande
1168 1619 47 23 av
1243 1606 254 38 kostnaderna
1525 1608 57 36 för
1602 1608 213 37 kontrollen

617 1661 89 31 över
745 1657 260 37 vattenhalten
1033 1658 11 35 i
1074 1658 158 35 svenskt
1260 1665 236 42 exportsmör
1524 1666 53 31 ett
1606 1661 135 48 anslag
1769 1674 46 23 av

618 1709 112 46 6,000
760 1708 141 36 kronor

746 1760 89 36 eller
863 1760 156 37 sålunda
1047 1761 157 48 tillhopa
1234 1763 136 46 16,000
1403 1762 151 38 kronor.

345 1844 101 49 43:0)
474 1845 129 37 Under
643 1846 171 49 punkten
856 1848 48 35 43
948 1860 45 23 av
1033 1847 240 37 huvudtiteln
1314 1849 68 36 har
1410 1849 141 48 Kungl.
1581 1851 109 48 Maj:t
1718 1851 97 36 före-

215 1897 113 47 slagit
367 1896 206 50 riksdagen
614 1903 56 31 att
699 1900 20 34 å
747 1904 106 30 extra
893 1903 74 32 stat
1008 1899 57 36 för
1093 1902 40 34 år
1163 1901 98 36 1916
1291 1901 111 36 ställa
1429 1901 57 36 till
1514 1901 141 49 Kungl.
1686 1903 128 49 Maj:ts

214 1948 237 49 förfogande,
481 1949 120 36 under
629 1949 234 49 benämning
891 1951 249 36 norrländska
1168 1952 417 50 avdikningsanslaget,
1606 1954 56 36 till
1682 1954 133 37 under-

214 2000 199 50 stödjande
454 2000 158 37 medelst
653 2002 234 49 statsbidrag
927 2008 89 31 utan
1045 2003 522 51 återbetalningsskyldighet
1595 2019 47 23 av
1669 2012 145 43 myrut-

214 2052 203 48 dikningar
445 2052 71 37 och
543 2054 416 49 vattenavtappningar
986 2054 101 36 inom
1116 2055 190 37 Norrland
1335 2057 70 36 och
1432 2057 173 48 Dalarne,
1635 2071 89 23 vare
1753 2058 60 50 sig

213 2103 213 38 ändamålet
454 2104 86 37 med
569 2105 315 49 arbetsföretaget
908 2111 41 31 är
967 2106 212 50 uppodling
1198 2120 47 23 av
1265 2107 58 36 till
1343 2108 88 36 åker
1450 2108 90 37 eller
1559 2114 78 44 äng
1655 2110 158 49 lämplig

207 2155 89 49 jord
321 2155 91 37 eller
440 2156 223 49 minskning
692 2170 47 23 av
767 2157 295 49 frostländighet
1090 2158 59 36 för
1176 2159 253 49 närliggande
1456 2160 116 49 bygd,
1602 2167 54 30 ett
1675 2161 137 50 belopp

213 2220 48 23 av
292 2208 202 47 1,500,000
521 2208 142 37 kronor
691 2209 85 36 med
807 2209 278 37 företrädesrätt
1113 2210 59 36 för
1199 2211 167 37 sökande
1387 2211 82 37 från
1490 2211 240 51 Gävleborgs
1749 2213 62 36 län

212 2259 70 37 och
310 2259 163 37 Dalarne
502 2265 56 31 att
584 2260 118 37 härav
730 2260 144 37 erhålla
901 2261 136 49 bidrag
1064 2262 56 36 till
1148 2262 117 49 högst
1296 2265 162 46 100,000
1487 2264 150 37 kronor.

300 2319 129 43 Bihang
452 2320 50 32 till
524 2320 188 43 riksdagens
728 2321 159 41 protokoll
911 2322 93 32 1915.
1052 2322 43 32 10
1117 2323 90 32 saml.
1263 2324 19 30 1
1306 2323 80 42 häft.
1430 2324 68 40 (Nr
1521 2324 46 40 1)
1749 2326 19 31 8

1862 1274 148 31 Smörprov-

1836 1309 96 31 ningar
1954 1318 32 15 m.
2006 1319 32 15 m.

1836 1361 81 30 (extra
1935 1363 105 30 anslag.)

1931 1421 32 11 kal
1958 1413 10 28 +

1844 1866 183 25 Norrländska

1857 1902 163 31 avdiknings-

1868 1937 126 32 anslaget.

1832 1991 81 29 (extra
1935 1990 103 31 anslag.)

1899 2026 78 46 43.]
