2184 2591
494 201 242 32 Sammansatta
759 201 104 32 Stats-
889 202 55 30 och
970 201 278 31 Bankoutskottets
1281 201 175 31 Utlåtande
1480 202 63 30 N:o
1567 202 29 29 3.
1772 201 37 32 11

238 287 56 32 att
325 285 37 33 åt
394 281 46 36 de
474 281 245 49 Riksdagens
750 280 326 48 förtroendemän,
1108 294 78 23 som
1220 281 114 36 hafva
1367 282 142 35 vården
1539 294 61 23 om
1633 281 221 37 nuvarande

238 333 258 48 riksdagshus
528 334 70 36 och
630 333 283 37 riksbankshus
944 336 38 33 åt
1012 332 61 48 sig
1101 332 242 49 uppdragen,
1374 333 149 36 lemnas
1550 332 151 37 tillfälle
1718 337 57 32 att
1790 333 65 37 vid

238 387 46 35 de
314 385 196 37 blifvande
541 385 244 48 ritningarna
816 385 72 35 och
917 383 408 49 kostnadsförslagens
1355 384 263 49 upprättande
1647 384 128 37 höras.

365 438 67 36 Att
474 451 49 22 nu
560 437 57 36 till
646 437 164 48 ledning
838 437 60 35 för
927 436 113 36 dessa
1069 436 191 49 ritningar
1290 437 71 35 och
1391 435 340 50 kostnadsförslag
1758 441 98 44 göra

239 492 121 46 några
403 489 217 48 erinringar
665 489 93 36 eller
800 488 220 48 framlägga
1062 491 122 44 några
1227 488 265 48 beräkningar
1522 501 112 23 anser
1663 488 192 36 utskottet

238 542 64 36 vid
347 541 138 36 sådant
520 541 241 36 förhållande
791 540 85 36 icke
906 540 190 58 lämpligt.
1154 540 105 36 Dock
1290 540 65 35 vill
1387 540 191 36 utskottet
1607 540 88 36 med
1725 540 131 36 anled-

238 593 98 49 ning
365 593 42 37 af
431 592 405 49 byggnadskomiténs
865 592 193 48 ritningar
1088 591 71 36 och
1181 592 338 49 kostnadsförslag
1535 592 119 36 redan
1673 606 52 22 nu
1740 592 117 36 hafva

238 618 175 80 uttaladt,
455 650 66 41 att,
561 645 49 36 då
651 644 248 48 Riksdagens
943 618 306 78 hufvuduppgift
1283 644 9 35 1
1324 644 127 36 denna
1481 644 69 36 sak
1581 648 40 31 är
1651 649 56 31 att
1736 644 121 36 skaffa

238 696 63 50 sig
345 674 72 59 och
447 673 83 59 sina
559 673 269 59 institutioner
857 696 202 48 beqväma,
1091 695 221 48 tidsenliga,
1343 695 122 36 sunda
1496 695 72 36 och
1601 695 61 36 väl
1690 695 167 50 belägna

238 748 159 48 lokaler,
428 748 144 36 sådana
602 748 162 48 utgifter
793 747 87 36 icke
908 748 109 35 torde
1048 747 92 36 böra
1170 747 290 49 ifrågakomma,
1483 761 83 22 som
1583 747 85 36 icke
1684 751 173 32 närmast

239 800 82 37 afse
365 805 55 31 att
458 800 96 48 fylla
583 800 105 35 detta
718 799 128 47 behof,
878 799 199 36 äfvensom
1110 799 184 35 särskildt
1323 804 68 42 att,
1422 799 88 35 med
1541 798 249 37 undvikande
1819 798 38 37 af

239 852 49 36 all
319 851 150 49 prakt
459 846 23 58 i
499 851 343 48 byggnadssättet,
873 851 73 35 den
978 850 158 36 afsedda
1167 850 241 49 byggnaden
1439 854 49 45 på
1518 850 58 36 sin
1594 850 262 36 framstående

237 904 102 48 plats
383 903 70 36 bör
495 903 119 36 verka
655 916 140 35 genom
841 902 168 36 måttfull
1044 902 156 46 storlek,
1231 915 141 35 genom
1404 902 138 36 stilens
1573 901 184 37 enkelhet
1783 902 73 36 och

238 955 218 49 värdighet.
512 955 83 35 Den
639 959 178 31 närmare
859 953 297 49 granskningen
1201 954 13 35 i
1257 954 118 48 öfrigt
1404 954 43 35 af
1470 954 102 35 hvad
1603 967 81 22 som
1715 953 13 36 1
1756 953 99 37 afse-

238 1007 98 35 ende
373 1009 20 33 å
422 1006 173 48 platsens
626 1006 197 36 ordnande
854 1005 72 37 och
956 1005 260 48 byggnadens
1245 1005 242 49 uppförande
1518 1006 70 35 bör
1615 1010 118 44 göras
1763 1005 94 37 eller

238 1059 109 46 låtas,
388 1058 69 36 bör
500 1057 225 49 lämpligast
755 1057 207 48 företagas,
993 1057 47 35 då
1068 1057 46 35 de
1146 1057 197 36 blifvande
1373 1057 246 47 ritningarna
1648 1056 73 37 och
1750 1057 106 36 kost-

238 1109 299 48 nadsförslagen
568 1109 127 36 blifvit
726 1109 217 48 framlagda
972 1108 58 36 till
1057 1108 249 46 Riksdagens
1322 1108 196 49 pröfning.
1564 1110 82 34 Den
1662 1109 194 35 utsträck-

239 1161 106 49 ning,
390 1137 108 60 hvari
541 1160 136 49 frågan
720 1160 59 37 för
821 1138 242 58 närvarande
1096 1137 188 59 behöfver
1314 1160 71 36 och
1414 1160 70 36 bör
1510 1166 123 42 tagas,
1660 1164 41 32 är
1730 1159 124 48 alltså,

238 1213 124 48 enligt
397 1213 210 35 utskottets
651 1212 265 57 förmenande,
956 1217 56 30 att
1053 1211 150 37 besluta
1234 1212 82 35 dels
1345 1217 56 30 att
1430 1211 59 35 för
1518 1211 270 49 inrymmande
1818 1211 43 36 af

238 1264 223 48 Riksdagen
504 1264 71 36 och
618 1264 89 36 dess
750 1263 267 36 institutioner
1058 1263 134 37 afsedd
1236 1263 187 49 byggnad
1465 1263 98 36 skall
1606 1263 185 49 uppföras
1834 1265 21 33 å

241 1322 125 30 vestra
398 1315 108 36 delen
540 1315 41 36 af
605 1314 390 49 Helgeandsholmen
1025 1314 68 36 och
1125 1315 81 35 dels
1237 1321 56 29 att
1323 1315 45 35 de
1398 1314 346 49 kostnadsbelopp,
1771 1328 82 22 som

239 1368 84 35 med
369 1367 293 48 nödvändighet
707 1367 191 35 erfordras
944 1366 57 35 för
1044 1371 54 30 att
1146 1366 383 49 Helgeandsholmen
1576 1366 99 35 skall
1723 1366 131 36 kunna

238 1419 198 36 användas
484 1419 57 35 till
585 1419 328 48 byggnadsplats,
959 1417 106 36 skola
1109 1422 93 44 utgå
1249 1432 44 22 ur
1337 1418 140 35 fonden
1525 1417 57 36 för
1624 1423 90 42 nytt
1754 1417 101 36 riks-

239 1471 187 48 dagshus.

368 1522 68 36 Att
461 1522 117 35 också
600 1523 79 46 just
708 1535 60 33 nu,
800 1521 97 36 efter
926 1524 42 32 så
998 1523 139 45 många
1164 1523 39 32 år
1233 1520 42 36 af
1290 1521 184 36 fruktlöst
1490 1520 237 47 sträfvande,
1744 1521 107 35 ändt-

239 1574 105 48 ligen
373 1573 95 36 fatta
496 1573 129 36 beslut
655 1586 60 22 om
748 1586 46 22 en
824 1586 53 34 ny
906 1572 207 48 byggnads
1144 1572 238 48 uppförande
1406 1572 57 36 för
1480 1572 373 48 representationen,

239 1625 129 36 derför
409 1625 192 48 föreligga
635 1624 155 36 talande
820 1623 96 37 skäl.
960 1600 52 59 T
1019 1624 112 35 dessa
1160 1626 152 45 trånga,
1343 1624 149 36 osunda
1521 1623 148 36 lokaler
1698 1623 70 36 har
1797 1624 58 35 för

239 1677 135 47 hvarje
418 1679 39 33 år
492 1676 183 36 behofvet
704 1675 42 36 af
770 1675 245 49 nybyggnad
1046 1675 202 36 framträdt
1278 1676 68 34 allt
1376 1689 80 22 mer
1484 1675 270 49 påträngande
1784 1675 72 36 och

240 1728 99 35 skall
380 1732 95 43 göra
519 1728 65 36 det
626 1732 48 31 än
717 1727 229 49 ytterligare
991 1727 122 35 under
1141 1726 72 36 den
1245 1727 94 47 följd
1370 1728 41 34 af
1435 1730 52 41 år,
1519 1740 80 22 som
1631 1726 224 49 naturligen

239 1780 175 35 kommer
456 1784 55 31 att
553 1779 169 48 förflyta,
765 1779 118 35 innan
913 1778 403 49 byggnadsföretaget
1346 1778 74 36 blir
1449 1779 115 46 bragt
1593 1778 57 36 till
1679 1778 60 36 sin
1768 1778 87 36 full-

239 1831 159 47 bordan,
430 1830 69 37 och
530 1831 227 47 Riksdagen
784 1831 71 35 och
885 1830 88 36 dess
1004 1830 264 35 institutioner
1298 1830 131 36 kunna
1459 1830 150 48 inflytta
1642 1830 11 35 i
1684 1829 72 36 den
1779 1843 76 35 nya

237 1882 251 49 byggnaden.
545 1883 68 35 Nu
656 1882 161 36 beredes
860 1895 140 35 genom
1042 1882 108 35 Hans
1192 1882 108 48 Maj:t
1342 1882 244 48 Konungens
1616 1881 238 49 erbjudande

237 1934 150 36 tillfälle
429 1935 58 35 för
528 1933 227 48 Riksdagen
799 1939 56 30 att
892 1934 59 35 för
980 1934 124 35 denna
1135 1933 187 48 byggnad
1353 1933 144 36 erhålla
1527 1933 87 47 dep,
1645 1933 123 48 enligt
1797 1939 58 30 ut-

240 1986 166 36 skottets
433 1986 168 48 mening,
630 1998 161 23 numera
822 1986 97 35 enda
950 1985 253 47 återstående,
1220 1984 87 36 fullt
1323 1985 185 48 lämpliga
1527 1984 324 49 byggnadsplats.

240 2038 68 35 Nu
335 2037 211 37 förefinnas
576 2037 45 36 de
652 2038 58 35 för
739 2043 55 29 ett
825 2036 364 49 byggnadsföretag
1218 2036 323 48 fördelaktigaste
1572 2036 282 48 konjunkturer

238 2112 48 3 —
317 2090 85 48 låga
432 2089 211 49 arbetspris
674 2089 71 36 och
774 2088 136 49 billiga
941 2066 245 58 materialier
1200 2110 51 4 —
1281 2101 79 23 som
1390 2088 111 37 skola
1529 2088 116 36 hafva
1673 2088 59 36 till
1760 2088 95 48 följd

239 2146 56 31 att
329 2141 264 36 kostnaderna
630 2140 119 36 blifva
779 2117 197 72 betydligt
1006 2139 161 47 mindre,
1194 2145 46 31 än
1267 2153 88 22 man
1384 2140 123 36 under
1536 2140 118 35 andra
1685 2145 170 31 omstän-

238 2192 179 49 digheter
459 2193 149 36 kunnat
638 2192 163 49 hoppas.
858 2193 68 35 Nu
955 2193 69 35 har
1053 2191 183 48 slutligen
1267 2192 73 35 den
1366 2191 59 36 för
1455 2197 54 30 ett
1539 2198 87 42 nytt
1655 2191 200 48 riksdags-

237 2245 73 35 hus
336 2244 152 37 bildade
517 2243 146 37 fonden
693 2244 110 48 stigit
831 2243 58 37 till
918 2249 54 30 ett
1001 2243 154 49 belopp,
1186 2256 94 35 som,
1309 2243 258 37 tillsammans
1598 2243 88 36 med
1717 2243 65 36 det
1799 2242 54 37 bi-

238 2296 96 48 drag
374 2309 85 23 man
504 2296 82 35 från
620 2295 238 37 riksbanken
887 2295 70 36 har
986 2301 56 30 att
1071 2295 189 47 förvänta,
1291 2295 209 49 möjliggör
1530 2294 258 38 betäckandet
1817 2294 42 36 af

239 2348 73 36 den
357 2353 141 31 största
544 2347 113 36 delen
700 2348 43 35 af
779 2347 264 36 kostnaderna
1073 2347 57 35 för
1159 2360 47 23 en
1236 2347 96 36 efter
1360 2347 152 37 landets
1541 2347 211 48 tillgångar
1781 2346 72 36 och
