2197 2576
378 192 40 30 14
589 194 246 32 Sammansatta
859 194 103 31 Stats-
987 195 54 31 och
1072 194 278 32 Bankoutskottets
1381 195 175 32 Utlåtande
1579 196 63 32 N:o
1665 198 29 29 3.

333 274 41 33 så
416 272 157 48 önskar,
617 276 20 33 å
679 273 385 49 Helgeandsholmen
1094 274 127 36 utföra
1251 273 46 37 de
1327 274 172 47 arbeten,
1531 287 81 24 som
1643 275 74 35 den
1747 275 76 36 kan
1852 276 103 36 finna

333 323 58 36 för
434 324 84 37 sina
561 325 177 36 ändamål
767 325 263 48 nödvändiga,
1067 328 125 34 såsom
1223 325 224 36 erhållande
1476 326 42 35 af
1544 331 129 44 öppna
1702 327 159 48 platser,
1892 327 64 37 be-

332 375 171 37 redande
533 377 43 36 af
599 390 53 35 ny
682 377 178 36 trafikled
889 377 143 36 mellan
1060 377 156 37 stadens
1247 390 113 23 norra
1391 377 71 36 och
1489 378 115 36 södra
1624 378 107 36 delar
1751 385 100 30 samt
1872 379 83 37 ord-

333 427 128 36 nande
505 429 42 35 af
584 428 408 49 Helgeandsholmens
1036 442 113 24 norra
1192 430 144 46 strand,
1373 429 71 36 och
1478 432 50 46 på
1557 429 128 37 denna
1713 430 128 48 grund
1870 431 85 36 icke

334 478 77 37 kan
441 479 99 48 inse,
571 486 56 31 att
652 480 186 37 basarens
868 481 258 49 borttagande
1156 480 69 36 alls
1256 480 57 36 för
1342 494 76 35 nya
1448 480 302 49 riksdagshuset
1778 482 174 46 kräfves;

465 532 50 35 då
557 531 86 37 icke
690 545 103 23 mera
839 532 42 36 af
912 533 128 36 denna
1073 533 115 36 basar
1217 532 75 36 kan
1321 532 58 36 för
1409 532 121 48 sagda
1561 533 178 36 ändamål
1768 532 187 38 behöfvas

330 587 49 31 än
410 588 57 30 att
496 582 166 50 beqväm
693 584 325 49 genomfartsväg
1053 584 83 36 från
1170 583 172 37 Norrbro
1383 584 160 36 beredes
1573 584 56 36 till
1659 584 297 49 riksdagshuset

330 646 92 24 vare
466 634 63 49 sig
572 636 129 36 denna
741 641 112 44 tages
888 639 21 33 å
943 636 185 36 basarens
1164 636 129 47 begge
1323 635 104 37 sidor
1457 636 93 36 eller
1579 639 21 33 å
1630 636 88 36 dess
1748 637 107 47 midt,
1885 637 71 36 och

331 685 126 50 enligt
498 687 133 48 kongl.
677 687 155 37 brefvet
870 687 42 37 af
951 688 73 36 den
1072 691 43 32 17
1155 688 162 36 oktober
1348 689 98 35 1837
1477 688 165 36 rörande
1672 688 218 49 upplåtelse
1920 688 42 36 af

329 738 104 49 plats
463 737 59 36 till
548 739 166 36 basaren
743 744 42 31 är
815 740 196 47 stadgadt,
1043 745 55 30 att
1128 739 163 36 basaren
1327 739 101 36 skall
1455 739 235 37 inskränkas
1720 740 160 47 derhän,
1901 745 56 31 att

331 789 13 36 1
372 789 413 38 öfverensstämmelse
815 791 86 36 med
932 791 74 36 den
1037 791 211 36 Tessinska
1281 791 305 49 generalplanen
1616 804 48 23 en
1692 797 92 43 gata
1813 791 42 36 af
1878 805 79 22 om-

328 840 122 48 kring
496 843 44 35 12
585 842 130 37 alnars
753 843 121 36 bredd
918 843 131 35 kunde
1087 846 19 33 å
1134 842 128 49 begge
1293 842 104 37 sidor
1426 856 61 23 om
1518 842 126 37 denna
1673 843 189 49 byggnad
1890 856 66 23 an-

328 892 152 49 läggas,
526 893 71 37 och
640 900 58 30 att
741 908 60 22 om
833 894 239 49 byggnaden
1116 896 38 33 åt
1182 897 130 46 någon
1343 894 84 36 sida
1454 895 156 36 komme
1640 899 56 31 att
1725 895 229 48 utsträckas,

328 944 48 36 fri
420 949 259 45 genomgång
715 946 82 36 från
838 946 179 48 bolagets
1047 946 210 48 byggnads
1287 946 180 49 portique
1496 946 59 36 till
1585 960 46 23 en
1661 960 181 35 passage,
1873 960 82 23 som

330 996 187 49 möjligen
545 997 131 37 kunde
702 997 119 37 blifva
851 1004 202 43 upptagen
1084 1011 141 34 genom
1257 997 201 37 hofstallet
1487 1000 48 46 på
1564 997 113 37 södra
1709 997 111 37 sidan
1835 998 119 37 borde

329 1048 256 47 förbehållas;

464 1101 51 34 då
537 1080 73 69 jag
634 1101 119 48 hyser
782 1101 149 48 tvifvel,
963 1115 60 22 om
1055 1107 56 30 att
1143 1102 126 36 denna
1299 1102 126 47 basar,
1455 1115 82 23 som
1568 1116 51 22 nu
1649 1103 12 35 i
1691 1103 122 49 årliga
1838 1103 118 48 hyror

329 1150 130 49 gifver
504 1154 142 45 30,000
690 1152 153 48 kronor,
888 1131 75 58 kan
1007 1153 105 37 lösas
1155 1153 59 37 till
1258 1154 64 36 det
1365 1132 172 71 antagna
1572 1154 121 49 priset
1723 1132 63 58 af
1790 1156 165 46 250,000

329 1176 158 77 kronor,
519 1181 72 59 och

462 1256 51 34 då
554 1255 145 48 Kongl.
739 1256 108 47 Maj:t
890 1256 56 36 uti
983 1256 205 37 skrifvelse
1219 1257 42 35 af
1285 1257 74 36 den
1390 1260 20 33 3
1443 1257 205 36 december
1680 1259 98 34 1880
1807 1257 11 35 i
1847 1257 109 48 fråga

328 1319 63 23 om
435 1307 239 48 upplåtande
718 1307 38 35 af
787 1308 104 48 plats
921 1308 57 35 till
1011 1308 235 37 riksbanken
1278 1312 20 32 å
1330 1308 384 48 Helgeandsholmen
1745 1309 104 35 delat
1879 1309 76 35 min

329 1357 257 49 uppfattning
615 1372 141 34 genom
779 1359 260 45 förklarande,
1066 1366 56 30 att
1138 1360 191 37 förbehåll
1346 1360 125 36 skulle
1488 1365 129 42 göras,
1638 1366 56 30 att
1710 1360 246 36 Stockholms

328 1409 187 36 kommun
559 1410 129 36 blefve
725 1410 221 47 berättigad
991 1417 54 30 att
1086 1412 96 35 efter
1217 1412 275 36 förvärfvande
1523 1412 71 36 och
1630 1412 255 36 nedrifvande
1920 1412 41 36 af

328 1460 360 50 basarbyggnaden
733 1462 65 36 vid
842 1462 172 36 Norrbro
1056 1463 57 35 till
1145 1468 126 44 öppen
1302 1463 101 49 plats
1433 1464 207 48 disponera
1670 1467 42 33 så
1741 1463 62 36 väl
1832 1464 126 36 denna

328 1512 316 48 byggnadstomt
683 1527 81 22 som
808 1514 74 35 den
918 1514 128 48 öfriga
1081 1515 74 45 del,
1191 1528 82 23 som
1304 1515 129 48 ligger
1461 1520 107 31 öster
1597 1529 59 22 om
1688 1528 45 23 en
1765 1520 59 31 rät
1852 1515 104 47 linie,

328 1564 152 48 dragen
522 1565 85 36 från
652 1565 146 37 Gustaf
837 1566 137 36 Adolfs
1012 1572 104 42 staty
1146 1566 59 36 till
1235 1572 167 42 yttersta
1432 1567 139 36 hörnet
1600 1567 42 36 af
1666 1575 130 28 vestra
1827 1566 130 37 slotts-

329 1616 147 48 flygeln
507 1616 68 36 allt
605 1622 81 31 mot
711 1617 229 48 skyldighet
970 1623 56 30 att
1056 1621 116 46 åtaga
1197 1618 62 48 sig
1283 1618 263 36 kostnaderna
1567 1619 58 35 för
1644 1618 313 37 iståndsättande

330 1668 72 35 och
444 1668 205 36 underhåll
687 1669 40 35 af
752 1668 176 37 holmens
964 1674 130 44 öppna
1124 1669 147 49 platser
1300 1670 70 36 och
1400 1677 114 41 gator
1544 1676 101 30 samt
1671 1671 191 47 stränder,
1891 1671 67 36 der

329 1719 46 36 de
405 1719 43 35 af
473 1724 127 59 öppen
630 1720 103 58 plats
763 1720 95 37 eller
886 1727 92 41 gata
1008 1726 138 43 mötas,

461 1773 42 34 så
545 1772 72 36 har
653 1772 71 49 jag
765 1772 85 36 icke
895 1773 149 35 kunnat
1087 1772 153 37 biträda
1284 1773 216 36 utskottets
1545 1773 173 48 mening,
1757 1778 56 31 att
1842 1773 117 49 högst

330 1824 168 46 250,000
527 1823 146 37 kronor
701 1823 163 49 beviljas
893 1824 60 36 för
983 1825 108 35 detta
1122 1825 188 48 ändamål,
1341 1838 89 23 men
1463 1828 20 33 å
1512 1825 121 36 andra
1663 1825 123 47 sidan,
1817 1825 47 36 då
1893 1839 64 22 an-

325 1851 139 71 tingen
501 1874 62 37 för
606 1875 153 37 ökande
804 1876 42 35 af
882 1882 188 57 gatornas
1105 1876 121 37 bredd
1260 1854 65 58 vid
1359 1876 179 37 holmens
1569 1876 180 37 stränder
1777 1854 94 58 eller
1900 1877 59 36 för

326 1925 224 37 beredande
580 1927 42 36 af
646 1926 325 49 genomfartsväg
1001 1930 20 34 å
1049 1928 190 36 basarens
1280 1927 107 49 midt,
1420 1931 128 46 någon
1583 1927 122 49 utgift
1734 1928 75 36 kan
1840 1928 119 37 blifva

325 1976 240 50 nödvändig,
612 1979 111 36 torde
764 1992 47 23 en
855 1979 133 36 härför
1029 1979 175 49 behöflig
1248 1957 148 59 mindre
1431 1993 151 23 summa
1611 1980 92 36 böra
1733 1980 128 36 anslås
1900 1980 59 37 för

326 2029 108 36 detta
464 2030 180 36 ändamål
673 2030 96 36 eller
799 2032 144 46 50,000
976 2032 155 46 kronor,
1162 2010 259 69 hvarigenora
1450 2031 13 36 i
1492 2031 75 37 alla
1587 2031 66 36 fall
1670 2045 45 22 en
1734 2031 226 50 minskning

326 2080 12 36 i
367 2080 78 36 den
475 2081 224 37 beräknade
729 2060 225 59 kostnaden
983 2086 164 45 uppstår
1176 2083 44 36 af
1244 2085 166 45 200,000
1440 2084 153 35 kronor.

457 2132 54 36 På
548 2134 130 47 grund
709 2134 114 36 häraf
846 2135 57 35 får
926 2135 73 48 jag
1029 2135 215 47 hemställa,
1278 2113 58 58 att
1367 2135 142 48 Kongl.
1547 2135 128 49 Maj:ts
1704 2135 255 37 förevarande

325 2161 292 72 framställning
659 2188 61 33 må
759 2189 49 46 på
851 2186 66 37 det
951 2191 78 31 sätt
1063 2186 71 37 och
1165 2189 43 34 så
1237 2164 57 58 till
1328 2186 89 37 vida
1449 2187 166 47 bifallas,
1647 2193 57 31 att
1732 2187 227 49 Riksdagen

328 2238 61 34 må
419 2235 176 37 besluta:

862 2288 75 50 1:0)
968 2295 55 30 att
1054 2302 48 23 en
1131 2288 59 36 för
1219 2289 278 49 inrymmande
1528 2289 42 37 af
1592 2289 240 50 Riksdagen,
1861 2290 99 36 riks-

730 2340 172 48 banken,
960 2340 385 48 riksgäldskontoret
1394 2342 71 36 och
1507 2340 452 50 justitieombudsmans-
