2198 2576
392 200 18 30 6
612 198 239 32 Sammansatta
874 198 105 30 Stats-
1003 195 55 32 och
1084 193 283 32 Bankoutskottets
1396 190 174 32 Utlåtande
1593 190 64 33 N:o
1680 192 30 29 3.

347 278 224 50 granskade
601 278 73 36 och
702 275 221 51 godkända,
954 274 123 37 skulle
1107 275 218 48 deponeras
1355 271 70 35 hos
1456 269 176 47 offentlig
1663 268 231 49 myndighet
1911 268 57 35 för

348 337 57 30 att
434 331 106 48 tjena
568 329 58 37 till
671 327 259 38 efterrättelse
970 327 61 36 vid
1064 340 47 22 en
1142 325 121 37 sådan
1298 322 185 49 möjligen
1519 321 171 35 skeende
1720 319 133 48 liqvid,
1884 333 81 22 som

348 383 127 36 skulle
517 381 232 36 verkställas
791 380 13 35 i
848 379 145 37 svensk
1041 375 264 50 silfverspecie
1348 375 98 34 efter
1492 374 96 35 1664
1631 374 61 33 års
1734 371 186 49 myntfot;
1955 371 12 36 i

349 432 410 39 öfverensstämmelse
803 431 181 36 hvarmed
1015 429 266 47 räkningarna
1307 426 117 36 också
1453 423 265 50 deponerades
1747 423 70 35 hos
1843 423 125 36 öfver-

349 484 400 39 ståthållareembetet
778 483 72 36 och
880 482 179 36 utvisade
1088 495 47 22 en
1166 478 166 38 kostnad
1364 477 42 36 af
1445 478 160 45 101,521
1640 475 143 35 kronor
1812 476 46 33 95
1890 479 77 31 öre.

481 536 228 37 Lemnande
739 535 147 48 frågan,
905 534 191 36 huruvida
1113 545 141 36 genom
1276 527 408 51 Helgoandsholmens
1705 525 197 37 ordnande
1923 529 48 45 på

351 595 89 41 sätt,
472 602 83 23 som
588 602 51 22 nu
670 587 114 47 afses,
814 585 332 48 förutsättningen
1176 584 59 35 för
1264 582 170 36 kronans
1464 585 77 30 rätt
1570 584 57 30 att
1649 583 78 31 mot
1746 577 225 49 byggnads-

352 642 72 36 och
469 638 536 50 anläggningskostnaderna
1047 636 125 36 inlösa
1215 631 359 49 basarbyggnaden
1616 630 77 36 kan
1736 642 113 23 anses
1879 642 91 22 vara

352 694 58 35 för
440 692 168 47 handen,
640 696 129 43 öppen
798 690 58 36 för
887 688 180 37 framtida
1096 686 197 50 pröfning,
1338 686 146 45 ansåge
1521 681 208 37 statsrådet
1758 680 212 36 emellertid

351 744 221 37 kostnaden
618 743 58 36 för
717 743 187 36 basarens
947 740 152 36 inlösen
1143 739 92 36 böra
1280 742 192 43 upptagas
1517 734 54 35 till
1611 734 66 35 det
1712 733 41 35 af
1783 735 94 33 1883
1909 735 61 32 års

350 795 362 49 byggnadskomité
754 792 224 38 beräknade
1027 791 152 48 belopp,
1220 789 166 46 250,000
1430 788 153 34 kronor.
1642 785 225 35 Kostnaden
1910 783 61 36 för

350 848 154 36 inlösen
526 847 42 35 af
588 845 374 47 tvättinrättningen
980 843 64 36 vid
1074 843 245 35 Norrströms
1348 853 114 22 norra
1486 851 94 35 gren
1614 837 117 35 borde
1762 836 116 35 också
1910 835 62 35 be-

350 900 145 36 räknas
524 899 61 35 till
615 898 66 36 det
710 897 42 36 af
777 896 168 36 nämnda
974 894 145 37 komité
1150 892 223 47 föreslagna
1401 890 154 48 belopp,
1587 890 139 46 30,000
1755 888 154 35 kronor.

483 950 229 37 Sedermera
741 948 169 48 redogör
954 947 209 35 statsrådet
1205 943 112 47 (sidd.
1351 945 46 33 22
1429 942 72 36 och
1531 940 61 49 23)
1623 940 59 36 för
1712 939 259 36 kostnaderna

350 1003 59 35 för
438 1001 326 49 grundläggning
794 1000 71 36 och
896 998 198 37 ordnande
1124 998 41 34 af
1189 994 366 50 byggnadsplatsen
1584 992 60 35 för
1673 991 198 47 riksdags-
1902 990 69 36 och

351 1053 343 45 riksbankshuset,
712 1051 121 37 sådan
863 1048 385 51 byggnadskomitén
1272 1046 188 37 beräknat
1481 1045 98 35 dem.
1629 1044 81 35 Den
1733 1042 240 45 slutsumma,

352 1107 208 45 2,038,000
600 1105 155 45 kronor,
801 1102 159 37 hvartill
1000 1101 172 36 komitén
1215 1098 135 37 dervid
1395 1096 173 47 kommit,
1609 1095 219 35 förmenade
1858 1099 116 30 stats-

354 1158 111 35 rådet
495 1155 218 38 emellertid
744 1156 132 35 kunna
902 1153 122 36 under
1067 1152 103 36 vissa
1199 1148 341 48 förutsättningar,
1575 1147 131 35 hvilka
1731 1146 126 35 finnas
1887 1150 86 30 när-

354 1222 104 23 mare
488 1208 162 48 angifna
680 1210 20 33 å
728 1206 101 37 sidd.
861 1208 45 33 23
938 1205 72 36 och
1040 1206 59 45 24,
1130 1204 155 35 komma
1315 1207 56 30 att
1400 1203 121 44 något
1551 1198 247 48 nedbringas.

485 1260 137 47 Enligt
664 1259 42 36 af
730 1257 225 48 sakkunnig
984 1269 142 35 person
1161 1253 198 37 verkstäld
1390 1251 229 47 beräkning,
1649 1250 58 35 till
1737 1251 150 45 utgång
1916 1248 58 35 för

352 1312 160 36 hvilken
558 1312 104 47 lagts
704 1316 55 30 ett
802 1310 42 35 af
869 1307 363 37 öfverintendenten
1263 1303 210 37 Zettervall
1507 1302 87 36 med
1624 1301 211 47 anledning
1860 1299 41 36 af
1925 1313 47 21 en

353 1364 87 36 utaf
477 1363 248 48 fullmägtige
767 1361 11 36 i
822 1359 383 49 riksgäldskontoret
1248 1360 40 32 år
1333 1358 96 34 1873
1474 1353 255 37 föranstaltad
1774 1351 197 49 pristäflan

353 1416 239 48 upprättadt,
634 1414 42 36 af
701 1413 70 36 den
806 1413 57 35 för
892 1411 218 37 ändamålet
1152 1409 164 36 tillsatta
1346 1407 194 36 nämnden
1575 1405 217 48 prisbelönt
1828 1402 144 47 förslag

352 1467 59 36 till
440 1471 246 44 gemensamt
715 1464 200 48 riksdags-
945 1463 72 35 och
1045 1461 298 44 riksbankshus,
1375 1458 126 36 skulle
1529 1456 217 37 kostnaden
1766 1455 59 36 för
1847 1455 126 47 bygg-

354 1519 127 36 naden
511 1518 116 36 ofvan
658 1516 129 49 grund
816 1516 139 47 belöpa
985 1515 61 47 sig
1076 1513 56 36 till
1162 1513 206 46 2,922,500
1389 1511 154 45 kronor,
1572 1513 100 31 samt
1691 1506 282 48 totalbeloppet

355 1572 41 35 af
421 1570 221 37 kostnaden
671 1569 58 35 för
758 1568 76 36 den
862 1567 230 48 ifrågasatta
1121 1564 262 48 byggnadens
1413 1560 241 50 uppförande
1685 1562 20 33 å
1733 1558 241 47 Helgeands-

354 1623 159 35 holmen
554 1623 133 46 uppgå
725 1619 59 36 till
822 1620 205 46 6,340,500
1058 1617 152 35 kronor.
1267 1615 76 36 För
1384 1613 216 36 utrönande
1631 1612 41 35 af
1698 1612 75 35 den
1798 1609 176 48 verkliga

358 1673 178 47 kostnad,
577 1673 65 36 det
686 1671 296 49 ifrågavarande
1023 1667 406 50 byggnadsföretaget
1464 1665 153 35 komme
1647 1668 56 30 att
1732 1661 98 37 vålla
1860 1666 115 31 stats-

357 1726 147 46 verket,
536 1725 119 35 borde
698 1722 228 47 emellertid,
966 1721 199 36 fortsätter
1194 1719 210 36 statsrådet
1438 1716 35 50 (å
1503 1716 70 36 sid.
1604 1714 75 49 25),
1710 1712 264 50 nyssnämnda

356 1791 151 22 summa
538 1776 174 36 minskas
758 1774 84 36 med
886 1773 87 36 icke
1017 1771 225 49 obetydliga
1285 1770 154 47 belopp.
1496 1768 102 36 Från
1630 1766 167 36 nämnda
1827 1778 147 22 summa

356 1829 121 37 borde
520 1828 200 47 nemligen
763 1826 60 36 för
853 1825 137 36 sådant
1019 1824 176 36 ändamål
1228 1822 99 36 först
1361 1821 72 36 och
1462 1819 136 36 främst
1629 1818 182 47 afdragas
1840 1815 136 37 värdet

357 1881 42 36 af
420 1880 250 49 Riksdagens
714 1878 70 36 och
814 1876 402 49 riksgäldskontorets
1260 1871 225 38 nuvarande
1528 1871 72 36 hus
1628 1870 85 36 med
1743 1867 232 37 tillhörande

355 1938 154 42 tomter,
543 1931 148 36 hvilket
720 1929 119 37 värde
869 1941 46 23 en
942 1932 40 32 år
1019 1928 98 36 1880
1144 1926 41 36 af
1200 1922 447 51 riksgäldsfullmägtige
1675 1921 137 36 tillsatt
1831 1919 145 37 komité

356 1984 233 49 uppskattat
631 1983 59 35 för
732 1980 303 48 riksdagshuset
1072 1978 59 36 till
1177 1979 164 45 800,000
1387 1976 141 35 kronor
1567 1974 70 36 och
1672 1973 58 36 för
1763 1971 213 48 riksgälds-

359 2037 202 35 kontorets
590 2035 74 36 hus
694 2033 58 36 till
783 2033 165 47 245,000
978 2031 153 36 kronor.
1189 2029 143 36 Vidare
1366 2028 120 36 borde
1516 2026 182 36 afräknas
1728 2024 84 36 dels
1840 2022 137 37 värdet

358 2088 41 36 af
423 2087 262 36 riksbankens
728 2084 225 37 nuvarande
983 2083 72 36 hus
1085 2082 84 36 med
1201 2087 154 40 tomter,
1399 2079 41 36 af
1465 2076 386 51 byggnadskomitén
1880 2088 97 35 upp-

360 2139 175 37 skattadt
562 2138 59 36 till
653 2138 166 46 5300,000
850 2136 153 46 kronor,
1043 2134 82 36 dels
1169 2133 113 36 äfven
1313 2132 65 35 det
1401 2131 155 48 belopp,
1590 2129 202 47 1,200,000
1821 2128 154 45 kronor,

360 2205 80 22 som
473 2193 48 46 på
550 2190 43 35 af
619 2188 212 37 statsrådet
873 2190 36 42 (å
939 2187 69 36 sid.
1041 2188 64 45 25)
1136 2184 153 37 anfördt
1319 2183 84 37 skäl
1432 2182 240 36 riksbanken
1702 2180 117 37 borde
1849 2178 129 37 betala

360 2244 59 36 för
459 2248 149 31 tomten
651 2243 21 33 å
713 2239 400 50 Helgeandsholmen.
1171 2237 68 35 Att
1281 2235 42 37 af
1361 2234 226 37 statsmedel
1628 2233 113 48 fyllas
1785 2230 192 37 återstode

361 2295 130 37 derför
521 2295 206 46 3,5935,500
756 2292 156 35 kronor.

493 2345 53 37 Af
570 2345 47 36 de
649 2344 59 35 för
736 2343 249 36 bestridande
1015 2341 41 35 af
1079 2341 126 35 denna
1235 2337 167 37 kostnad
1423 2336 251 48 erforderliga
1697 2335 125 36 medel
1840 2335 137 35 funnes
