2210 2650
702 191 227 55 Lagutskottets
963 194 167 46 Utlåtande
1155 204 66 35 N:o
1248 208 30 31 7.
1762 207 18 35 7

915 730 77 43 N:o
1022 730 36 43 7.

708 893 73 27 Ank.
802 892 49 27 till
871 892 101 27 Riksd.
994 894 92 26 kansli
1106 894 56 26 den
1185 895 32 25 16
1238 894 126 27 februari
1385 895 77 33 1909,
1481 896 38 26 kl.
1556 896 16 26 3
1592 905 23 18 e.
1636 905 36 19 m.

404 1036 196 46 Utlåtande,
643 1038 14 34 i
699 1037 187 46 anledning
925 1037 48 44 af
994 1039 101 35 väckt
1121 1039 127 36 motion
1277 1051 53 24 om
1358 1039 183 45 skrifvelse
1568 1041 53 36 till
1648 1042 131 45 Kungl.

607 1100 113 44 Maj:t
760 1102 179 44 angående
980 1101 157 43 befrielse
1170 1102 65 43 för
1272 1102 53 36 till
1359 1102 141 46 Sverige
1529 1105 254 45 återinflyttade

607 1164 209 45 emigranter
849 1163 95 44 från
977 1164 228 46 fullgörande
1247 1165 49 44 af
1322 1167 223 44 vapentjänst
1579 1167 13 34 i
1613 1166 168 44 fredstid.

288 1323 63 36 Uti
380 1336 45 23 en
453 1323 95 37 inom
579 1324 127 36 Andra
725 1325 220 36 Kammaren
966 1325 118 46 väckt,
1106 1325 57 36 till
1182 1325 239 48 lagutskottet
1439 1325 176 38 hänvisad
1633 1327 145 47 motion,

181 1389 60 23 n:o
272 1380 59 42 56,
362 1378 67 35 har
457 1378 84 35 herr
571 1378 83 35 Carl
681 1378 43 39 F.
757 1378 143 46 Sjöberg
927 1379 121 36 anfört
1075 1379 176 48 följande:

295 1476 147 36 >Under
471 1488 126 24 senare
624 1476 55 36 tid
707 1477 67 35 har
801 1477 142 36 alltmer
970 1477 371 48 uppmärksamheten
1368 1477 123 37 blifvit
1520 1478 72 36 fäst
1619 1478 62 37 vid
1710 1480 70 35 den

182 1533 94 33 stora
306 1529 130 38 förlust
465 1530 147 48 Sverige
640 1530 92 36 lider
759 1543 128 35 genom
917 1532 269 47 utvandringen
1213 1531 58 36 till
1298 1532 284 36 Nordamerikas
1611 1533 169 37 förenade

182 1587 121 42 stater,
345 1584 67 36 och
454 1587 46 45 på
528 1584 201 48 ferfaldiga
757 1588 73 33 sätt
857 1585 66 35 har
952 1597 83 24 man
1064 1585 139 36 försökt
1231 1585 190 36 förhindra
1449 1586 88 35 eller
1564 1587 216 36 åtminstone

182 1637 200 36 förminska
411 1639 118 35 denna
557 1638 263 48 folkflyttning.
877 1639 70 36 För
965 1639 224 36 närvarande
1210 1645 39 29 är
1268 1639 215 47 visserligen
1500 1639 280 48 emigrationens

182 1691 120 36 siffror
329 1691 13 36 i
369 1693 222 46 nedgående,
622 1704 81 24 men
732 1693 99 36 detta
859 1693 105 35 beror
992 1693 229 36 nteslutande
1243 1693 41 35 af
1299 1684 481 58 konjunkturförhållanden

181 1744 14 36 i
237 1745 186 46 Amerika,
468 1746 68 36 och
563 1758 83 23 man
674 1746 73 36 kan
776 1759 86 24 vara
890 1746 179 37 förvissad
1097 1759 55 24 om
1182 1750 54 33 att
1263 1750 52 33 ett
1343 1746 184 48 uppsving
1555 1748 183 36 därstädes
1767 1748 13 36 i

181 1799 133 35 handel
348 1800 68 35 och
443 1799 159 36 industri
630 1800 161 36 kommer
819 1803 53 33 att
900 1800 111 47 draga
1039 1800 56 36 till
1124 1801 98 36 detta
1249 1801 86 35 land
1364 1801 116 35 ökade
1509 1801 126 36 skaror
1662 1802 40 36 af
1726 1805 54 34 ut-

182 1853 186 45 vandrare,
399 1853 58 36 till
484 1853 145 37 hvilkas
657 1853 261 48 rekryterande
947 1866 71 35 nog
1046 1857 79 33 vårt
1152 1854 87 36 land
1267 1854 57 36 får
1351 1854 150 47 bidraga
1530 1854 13 36 i
1564 1855 121 37 alltför
1706 1859 75 33 stor

184 1906 220 48 proportion.
462 1907 68 37 Att
557 1907 131 36 hindra
716 1908 88 35 eller
831 1907 201 36 förminska
1060 1909 118 35 denna
1205 1908 224 48 utvandring
1450 1908 41 35 af
1507 1908 166 48 Sveriges
1691 1922 88 36 ung-

184 1960 81 36 dom
287 1961 102 35 torde
418 1961 70 36 alla
516 1961 44 36 de
588 1961 133 45 försök,
752 1974 74 23 som
856 1961 68 36 här
951 1967 104 42 göras
1083 1961 14 36 i
1124 1961 91 36 form
1245 1962 40 36 af
1310 1962 209 48 föreningar
1545 1962 58 36 till
1631 1963 147 48 emigra-

180 2014 142 36 tionens
350 2014 261 48 bekämpande,
641 2015 79 36 visa
748 2015 55 48 sig
831 2015 166 48 skäligen
1025 2016 188 35 maktlösa.

287 2068 127 36 Andra
456 2069 154 47 uppslag
644 2068 13 36 i
686 2069 95 48 syfte
809 2072 53 33 att
890 2069 56 36 för
974 2081 57 24 oss
1059 2069 201 37 förminska
1288 2070 280 48 olägenheterna
1596 2071 40 35 af
1661 2071 118 36 denna

180 2122 222 49 utvandring
443 2124 101 35 torde
586 2122 121 37 därför
748 2123 87 36 böra
876 2123 150 36 beaktas
1069 2124 66 35 och
1173 2126 39 34 så
1240 2123 92 37 efter
1361 2123 83 37 mitt
1472 2124 232 36 förmenande
1733 2138 46 23 en

181 2176 162 36 sträfvan
384 2176 115 37 riktas
541 2180 36 33 åt
610 2179 53 34 att
690 2177 163 36 alltmera
880 2177 240 49 underhjälpa
1149 2178 67 35 och
1243 2177 169 37 befordra
1440 2178 338 48 återinflyttningen

180 2230 58 36 till
266 2230 148 48 Sverige
442 2231 41 36 af
506 2231 45 36 de
579 2230 256 37 förutvarande
863 2231 158 36 svenska
1048 2231 223 46 undersåtar,
1295 2232 128 36 hvilka
1442 2231 13 37 i
1474 2232 62 37 det
1555 2231 223 39 främmande

180 2284 125 38 landet
331 2285 208 51 tillkämpat
565 2284 57 50 sig
649 2285 201 37 oberoende
878 2286 67 36 och
972 2285 231 51 själfständig
1230 2285 185 50 ställning.
