2178 2626
637 230 413 33 Konstitutionsutskottets
1073 233 172 31 utlåtande
1268 227 51 37 Nr
1342 236 49 28 38.
1766 238 9 27 1

941 632 59 40 Nr
1027 633 66 40 38.

929 784 103 25 Ankom
1051 786 41 23 till
1112 786 152 30 riksdagens
1283 788 85 23 kansli
1389 787 48 24 den
1456 788 29 23 31
1507 789 48 31 maj
1578 788 64 24 1919
1661 789 34 23 kl.
1717 789 8 23 1
1749 798 19 15 e.
1789 798 32 15 m.

414 919 429 35 Konstitutionsutskottets
883 922 190 43 utlåtande,
1115 924 11 32 i
1165 924 193 44 anledning
1391 935 44 22 av
1467 926 104 32 väckt
1597 926 133 33 motion
1758 938 63 22 an-

613 986 137 44 gående
773 988 136 43 förslag
938 989 50 32 till
1015 989 264 35 bestämmelser
1305 991 12 33 i
1334 991 486 46 tryckfrihetsförordningen

615 1064 58 22 om
702 1055 69 32 rält
797 1054 50 33 till
872 1055 166 43 genmäle
1065 1059 74 30 mot
1165 1066 161 35 angrepp
1355 1057 66 34 och
1450 1058 152 44 oriktiga
1627 1059 195 43 framställ-

616 1120 131 44 ningar
774 1121 11 33 i
811 1121 192 45 tidningar,
1031 1123 192 45 tidskrifter
1241 1124 66 33 och
1327 1125 116 33 andra
1463 1125 121 45 dylika
1604 1128 216 43 tryckalster.

313 1265 238 32 Närvarande:
575 1268 117 29 Herrar
715 1268 133 31 Larsson
872 1271 9 27 i
898 1270 152 35 Västerås,
1069 1271 122 35 Clason,
1210 1272 159 39 Hellberg,
1387 1273 169 36 Bellinder,
1576 1274 74 30 Olof
1666 1276 153 37 Olsson),

580 1319 58 20 von
677 1310 143 39 Geijer"),
858 1321 62 20 von
959 1312 148 37 Mentzer,
1131 1323 61 20 von
1217 1314 211 38 Zweigbergk,
1455 1316 144 38 Hulting,
1625 1317 193 39 Gullberg),

578 1351 181 40 Schyller"),
793 1353 69 36 Räf,
895 1354 189 37 Henrikson,
1108 1355 156 39 Engberg,
1298 1356 152 37 Leander,
1486 1358 148 30 Hansson
1669 1360 9 28 i
1703 1360 116 36 Gårda,

577 1393 182 39 Norman”),
784 1395 129 30 Persson
937 1396 10 29 i
969 1396 102 37 Tofta,
1096 1397 227 31 Vennerström
1348 1400 58 29 och
1432 1399 163 31 Runefors.

314 1474 24 33 ”)
357 1475 30 33 Ej
407 1476 161 26 närvarande
586 1477 46 25 vid
650 1478 161 25 utlåtandets
826 1479 139 32 justering.

345 1613 20 34 I
405 1626 44 22 en
488 1614 99 35 inom
627 1614 111 36 första
764 1615 208 37 kammaren
1011 1617 118 45 väckt,
1170 1618 57 35 till
1266 1618 442 39 konstitutionsutskottet
1735 1623 85 35 hän-

210 1662 100 35 visad
348 1664 150 44 motion,
535 1678 43 21 nr
606 1666 83 44 144,
730 1679 43 22 av
813 1667 82 35 herr
933 1669 212 45 Lindhagen
1174 1669 64 35 har
1264 1671 224 35 motionären
1515 1672 195 46 hemställt,
1746 1677 74 32 »att

210 1712 191 48 riksdagen
440 1714 83 35 ville
564 1715 65 35 hos
669 1716 138 47 Kungl.
836 1717 110 47 Maj:t
972 1718 130 47 begära
1129 1719 134 48 förslag
1289 1720 53 35 till
1368 1722 267 36 bestämmelser
1662 1724 11 34 i
1700 1724 119 47 tryck-

209 1763 389 49 frihetsförordningen
638 1778 58 23 om
736 1769 69 33 rätt
843 1767 57 35 till
939 1769 164 46 genmäle
1143 1770 11 34 i
1195 1770 115 47 skälig
1350 1772 221 47 omfattning
1603 1776 89 44 gent
1719 1778 100 33 emot

210 1826 159 36 angrepp
409 1815 67 35 och
511 1816 155 47 oriktiga
706 1818 304 47 framställningar
1037 1820 12 34 i
1076 1820 195 47 tidningar,
1296 1822 201 36 tidskrifter
1524 1824 66 35 och
1618 1825 110 35 andra
1756 1826 63 46 dy-

210 1864 73 36 lika
309 1865 244 47 tryckalster.»>

344 1916 229 37 Beträffande
601 1918 43 35 de
671 1918 86 46 skäl,
786 1920 224 35 motionären
1039 1921 121 35 anfört
1186 1922 57 35 till
1271 1923 79 35 stöd
1379 1923 55 35 för
1461 1925 54 34 sin
1539 1925 279 49 framställning,

209 1966 56 36 får
290 1966 180 37 utskottet
495 1968 149 36 hänvisa
668 1969 55 35 till
750 1971 197 35 motionen.

345 2068 72 36 Vid
456 2069 269 48 behandlingen
764 2084 43 23 av
834 2072 232 36 förevarande
1104 2075 136 34 motion
1276 2074 91 36 hava
1394 2076 79 35 från
1497 2077 95 35 olika
1619 2078 73 35 håll
1720 2080 98 34 inom

209 2118 180 36 utskottet
429 2121 195 46 sympatier
662 2124 131 45 yppats
833 2123 57 34 för
923 2136 45 22 en
999 2123 233 48 lagstiftning
1258 2126 11 34 i
1292 2138 44 23 av
1363 2127 225 36 motionären
1616 2129 202 47 föreslagen

209 2168 173 48 riktning.
436 2170 58 36 Då
532 2171 181 36 utskottet
751 2172 110 36 likväl
900 2176 119 33 ansett
1058 2175 55 46 sig
1152 2175 78 36 icke
1265 2175 122 37 kunna
1414 2177 180 48 tillstyrka
1634 2179 101 36 bifall
1761 2181 57 34 till

210 2220 196 45 motionen,
447 2221 65 35 har
550 2222 100 36 detta
676 2224 225 46 väsentligen
927 2225 55 35 sin
1008 2225 119 46 grund
1154 2226 11 34 i
1193 2226 159 47 följande
1379 2229 318 47 omständigheter.

343 2271 21 35 I
403 2271 61 36 det
503 2272 226 37 betänkande
764 2275 81 35 med
876 2275 134 47 förslag
1036 2276 56 35 till
1119 2276 400 50 tryckfrihetsordning,
1548 2292 77 24 som
1653 2283 38 33 år
1722 2283 93 34 1912

295 2326 135 43 Bihang
455 2328 51 32 till
528 2329 196 42 riksdagens
741 2331 164 40 protokoll
926 2333 93 31 1919.
1065 2336 19 28 5
1106 2332 85 32 saml.
1224 2337 41 28 33
1289 2332 72 42 häft
1394 2335 68 39 (Nr
1484 2339 42 29 38
1541 2337 97 38 —40.)
1762 2341 14 28 1

1847 2084 168 27 Utskottets

1858 2118 150 33 yttrande.
