1912 2822
287 164 18 29 2
714 168 275 30 Statsutskottets
1015 167 175 31 utlåtande
1216 168 47 30 Nr
1288 169 69 29 229.

295 252 192 36 beräkning
513 252 108 30 skulle
645 252 187 36 anledning
856 251 167 37 föreligga
1048 255 48 27 att
1120 251 84 36 höja
1230 252 153 35 anslaget
1408 251 51 30 till
1485 252 137 30 arméns
1649 252 150 36 löpande

294 302 140 37 utgifter
456 302 80 31 från
558 303 62 30 400
644 303 163 36 miljoner
828 304 130 29 kronor
979 304 51 29 till
1053 303 62 29 425
1139 303 161 36 miljoner
1322 303 139 35 kronor,
1487 303 110 30 under
1619 302 177 31 förutsätt-

294 354 80 37 ning
395 357 51 27 att
466 353 418 36 beredskapsåtgärderna
905 354 112 30 under
1036 353 202 37 budgetåret
1262 350 141 34 1942/43
1425 354 48 29 bli
1496 363 41 21 av
1559 353 238 36 ungefärligen

295 413 132 21 samma
449 404 294 36 storleksordning
766 413 73 21 som
862 404 235 30 innevarande
1117 403 177 37 budgetår.
1320 404 78 30 Med
1421 405 135 35 hänsyn
1579 403 51 30 till
1653 404 43 29 de
1719 404 78 30 eko-

294 454 159 31 nomiska
474 455 301 30 konsekvenserna
795 464 41 20 av
857 455 56 29 det
932 454 130 37 förslag
1081 455 51 29 till
1154 464 47 27 ny
1222 454 575 37 krigsfamiljebidragsförordning

295 514 73 21 som
391 513 127 28 genom
542 504 214 37 proposition
781 505 163 36 förelagts
970 505 183 35 riksdagen
1178 505 64 30 bör
1267 505 118 30 vidare
1409 504 56 30 det
1491 504 56 30 för
1571 504 226 36 försvarsgre-

297 564 108 21 narna
431 563 257 28 gemensamma
714 555 154 36 anslaget
892 554 52 30 till
970 555 147 35 löpande
1142 554 141 36 utgifter
1307 554 101 36 höjas
1434 553 79 31 från
1540 554 56 31 det
1621 554 96 30 förut
1742 554 55 30 be-

294 606 155 30 räknade
470 606 169 36 beloppet,
665 606 62 30 170
749 605 161 37 miljoner
933 606 138 36 kronor,
1094 606 50 30 till
1166 605 199 37 förslagsvis
1388 606 64 29 250
1475 605 162 36 miljoner
1659 606 138 30 kronor.

295 656 194 30 Anmärkas
506 655 66 37 må,
592 659 48 28 att
657 656 59 30 vid
732 656 99 30 bifall
848 656 50 30 till
914 657 155 30 nämnda
1086 656 130 37 förslag
1233 656 55 30 det
1305 657 121 35 anslag
1442 655 22 31 å
1481 656 41 30 20
1541 655 163 37 miljoner
1720 656 77 30 kro-

295 716 62 21 nor
379 706 50 31 till
453 707 221 30 semesterlön
696 716 45 20 m.
765 716 45 21 m.
833 706 56 31 för
910 707 69 30 viss
1002 707 128 30 militär
1151 706 307 37 tjänstgöringstid,
1484 716 73 21 som
1579 706 57 30 för
1658 705 139 32 inneva-

294 757 107 30 rande
423 756 168 37 budgetår
615 758 39 29 är
677 757 145 36 uppfört
846 757 113 30 under
981 757 200 30 riksstatens
1207 756 105 31 femte
1335 756 205 35 huvudtitel,
1566 756 30 37 ej
1623 756 175 31 erfordras

297 807 53 30 för
373 807 203 36 budgetåret
602 804 143 34 1942/43
772 810 89 27 samt
884 807 120 31 vidare
1028 810 48 28 att
1100 807 67 30 den
1191 807 67 30 rätt
1281 806 50 31 till
1355 807 252 36 skatteavdrag,
1634 816 75 21 som
1734 806 62 31 till.

296 858 147 30 kommit
466 858 91 31 vissa
577 858 232 37 värnpliktiga
829 858 94 30 vilka
944 857 156 37 fullgjort
1121 858 229 37 tjänstgöring
1369 858 113 30 under
1504 857 39 31 år
1567 857 93 37 1940,
1682 857 11 30 i
1715 857 83 30 fort-

294 909 195 36 sättningen
508 909 75 31 icke
602 908 280 37 ifrågakommer.
903 909 67 31 Vid
989 909 237 37 beräkningen
1245 919 42 20 av
1306 909 278 30 medelsbehovet
1603 908 57 31 för
1679 909 118 35 löpan-

294 959 42 31 de
359 959 143 36 utgifter
523 960 110 30 under
656 959 117 37 fjärde
795 959 219 31 huvudtiteln
1037 960 11 30 i
1071 960 323 36 beredskapsstaten
1417 960 66 30 har
1506 959 137 37 hänsyn
1666 958 131 38 jämväl

293 1009 100 37 tagits
413 1010 52 30 till
487 1013 50 28 att
558 1010 42 31 de
620 1010 51 30 till
694 1010 92 31 vissa
807 1010 232 37 värnpliktiga
1060 1020 47 20 nu
1130 1009 171 37 utgående
1321 1009 312 38 långtidstilläggen
1656 1010 143 30 komma

294 1063 47 28 att
357 1060 58 31 vid
429 1060 275 37 genomförande
720 1070 42 21 av
779 1061 66 30 den
861 1070 69 27 nya
948 1060 629 37 krigsfamiljebidragslagstiftningen
1594 1060 144 30 ersättas
1756 1069 42 21 av

293 1111 223 30 hemortslön.

340 1160 67 31 För
434 1160 294 37 engångsutgifter
754 1161 218 30 beräknades
1000 1161 108 30 under
1135 1160 115 37 fjärde
1278 1160 219 31 huvudtiteln
1525 1160 11 30 i
1564 1160 56 31 det
1647 1159 152 37 prelimi-

296 1212 84 30 nära
400 1211 232 37 statförslaget
652 1214 47 28 ett
719 1212 119 36 anslag
858 1210 21 32 å
899 1212 64 30 500
984 1211 159 36 miljoner
1164 1212 138 29 kronor.
1322 1211 51 29 Av
1394 1211 94 30 detta
1507 1211 125 35 belopp
1654 1209 145 37 avsågos

294 1262 63 30 200
376 1261 165 37 miljoner
560 1263 129 29 kronor
707 1263 98 29 skola
824 1261 52 32 stå
896 1262 51 31 till
967 1262 122 36 Kungl.
1110 1261 120 37 Maj:ts
1250 1262 66 30 fria
1336 1261 217 37 förfogande,
1574 1261 128 31 medan
1721 1261 76 30 där-

295 1315 90 28 emot
409 1312 337 36 dispositionsrätten
770 1311 50 31 till
844 1311 197 31 återstoden
1068 1311 110 31 skulle
1202 1321 83 21 vara
1308 1312 11 29 i
1343 1311 69 30 viss
1437 1310 83 31 mån
1543 1310 204 38 begränsad.
1784 1311 14 29 I

296 1372 41 21 en
359 1362 152 31 särskild
533 1365 65 27 stat
620 1362 55 30 för
698 1363 154 35 anslaget
874 1362 192 36 uppfördes
1089 1361 147 31 sålunda
1263 1362 59 30 150
1346 1361 163 37 miljoner
1531 1362 129 30 kronor
1684 1360 115 32 såsom

296 1414 143 30 bundna
458 1413 58 30 vid
534 1413 55 30 för
606 1413 185 36 riksdagen
810 1413 165 30 anmälda
993 1413 111 30 beslut
1122 1422 46 20 m.
1190 1422 45 20 m.
1255 1412 65 31 och
1339 1415 47 28 ett
1404 1412 73 31 lika
1499 1415 83 28 stort
1600 1412 126 36 belopp
1748 1410 51 32 så-

297 1474 72 21 som
388 1465 133 30 bundet
542 1464 56 31 vid
619 1464 55 30 för
693 1464 185 36 riksdagen
897 1464 165 30 anmälda
1080 1464 180 30 äskanden
1278 1473 45 22 m,
1343 1473 45 22 m.
1410 1462 390 37 Departementschefen

296 1516 64 30 har
378 1514 118 31 funnit
515 1515 50 36 sig
584 1524 46 21 nu
650 1515 87 30 böra
756 1514 136 36 föreslå,
914 1517 50 28 att
985 1517 119 34 posten
1124 1514 56 30 för
1199 1514 221 30 bestridande
1441 1523 43 21 av
1506 1512 294 38 engångsutgifter

297 1565 10 30 i
331 1565 187 36 anledning
541 1574 42 21 av
604 1565 56 30 för
682 1565 184 36 riksdagen
890 1565 164 30 anmälda
1076 1564 113 31 beslut
1211 1574 45 22 m,
1280 1574 45 20 m.
1350 1564 99 36 höjes
1472 1564 80 30 med
1574 1565 41 30 25
1637 1563 162 37 miljoner

296 1616 130 30 kronor
445 1615 52 31 till
521 1616 60 29 175
601 1615 163 36 miljoner
786 1616 138 29 kronor.
949 1614 124 31 Posten
1094 1614 51 31 till
1165 1614 220 31 bestridande
1409 1624 43 20 av
1473 1614 295 37 engångsutgifter
1788 1613 11 30 i

297 1666 187 36 anledning
508 1675 43 21 av
576 1666 55 30 för
654 1665 185 37 riksdagen
864 1666 165 30 anmälda
1053 1666 178 30 äskanden
1256 1675 44 21 m.
1328 1675 44 21 m.
1401 1675 101 26 synes
1530 1665 267 36 departements-

297 1716 122 31 chefen
445 1717 87 29 böra
556 1715 192 32 bibehållas
775 1716 224 35 oförändrad,
1026 1718 154 28 varemot
1205 1718 120 34 posten
1353 1716 52 29 till
1432 1716 122 36 Kungl.
1582 1715 120 36 Maj:ts
1729 1715 68 30 för-

299 1767 146 36 fogande
466 1767 65 30 bör
552 1767 119 30 kunna
695 1766 155 31 minskas
873 1767 80 29 med
977 1767 40 29 25
1039 1766 161 36 miljoner
1223 1766 128 30 kronor
1374 1766 52 30 till
1452 1767 60 29 175
1536 1766 163 36 miljoner
1721 1766 76 30 kro-

296 1827 72 23 nor.
393 1818 52 30 De
466 1817 143 31 bundna
631 1818 302 35 anslagsposterna
956 1817 47 30 ha
1026 1817 165 30 bestämts
1215 1825 123 28 genom
1362 1826 42 21 en
1429 1816 192 39 beräkning
1645 1826 43 21 av
1714 1819 83 28 stor-

297 1868 98 30 ieken
415 1877 44 21 av
479 1868 42 30 de
540 1867 256 37 utbetalningar
814 1868 109 30 under
944 1868 101 30 nästa
1062 1866 177 38 budgetår,
1261 1877 74 21 som
1356 1867 198 31 föranledas
1574 1876 44 21 av
1638 1867 75 30 före
1733 1867 64 30 den

299 1919 14 29 1
335 1918 63 36 juli
423 1918 83 30 1942
526 1918 177 30 beslutade
722 1916 302 38 bemyndiganden
1044 1920 48 28 att
1112 1918 184 30 verkställa
1315 1917 247 36 beställningar
1581 1926 43 21 av
1643 1916 154 32 materiel

297 1979 43 20 m.
365 1978 57 26 m.,
449 1968 190 36 respektive
663 1977 124 27 genom
811 1977 40 21 en
875 1968 186 36 utredning
1083 1968 149 30 rörande
1255 1968 41 30 de
1320 1967 235 37 utgiftsbesttut
1578 1977 75 21 som
1678 1968 121 30 kunna

296 2019 157 36 påkallas
478 2019 12 30 i
515 2018 185 37 anledning
724 2028 43 21 av
791 2018 50 30 till
866 2018 125 37 Kungl.
1017 2018 100 36 Maj:t
1141 2018 140 36 ingivna
1305 2017 319 37 anslagsäskanden
1649 2018 81 30 eller
1756 2027 42 21 av

296 2068 210 31 kommande
547 2066 295 39 framställningar
883 2078 58 21 om
981 2068 313 37 medelsanvisning
1332 2068 57 31 för
1418 2067 381 38 engångsanskaffning

296 2120 91 30 vilka
406 2120 113 30 under
536 2119 94 30 hand
647 2119 149 31 anmälts
815 2119 50 31 till
882 2119 436 36 försvarsdepartementet.
1336 2118 14 31 I
1367 2119 151 36 enlighet
1535 2119 78 30 med
1631 2120 44 29 de
1691 2119 11 29 i
1721 2128 76 27 pro-

296 2170 194 36 positionen
519 2180 41 20 nr
586 2171 19 29 3
632 2169 189 31 förordade
846 2169 220 37 principerna
1093 2169 55 30 för
1177 2169 335 36 dispositionsrätten
1540 2169 50 30 till
1618 2169 44 30 de
1687 2169 112 30 under

296 2220 300 37 anslagsposterna
618 2219 113 37 ifråga
753 2220 176 36 uppförda
952 2220 170 36 beloppen
1144 2220 99 30 skola
1266 2220 42 30 de
1329 2220 113 30 beslut
1465 2220 65 30 och
1552 2220 180 30 äskanden
1754 2219 45 37 på

296 2270 91 31 vilka
409 2270 236 36 beräkningen
668 2279 44 21 av
735 2270 97 30 dessa
855 2270 155 36 grundar
1033 2270 50 36 sig
1104 2269 140 37 bringas
1268 2270 50 30 till
1344 2270 258 30 vederbörande
1624 2270 173 35 riksdags-

295 2322 148 30 utskotts
468 2321 207 30 kännedom.
702 2320 241 37 Beräkningen
968 2321 73 35 bör,
1067 2320 204 31 framhåller
1294 2319 391 37 departementschefen,
1711 2319 87 31 efter

296 2372 112 30 denna
438 2372 164 30 anmälan
630 2371 94 30 bliva
750 2371 176 30 bindande
956 2371 56 30 för
1039 2370 122 37 Kungl.
1192 2370 118 36 Maj:ts
1341 2370 205 37 disposition
1574 2379 42 21 av
1646 2369 151 36 anslags-

295 2425 163 33 posterna
480 2421 47 37 på
550 2421 38 31 så
609 2422 77 35 sätt,
712 2424 50 28 att
785 2422 42 30 de
848 2420 56 31 för
925 2421 185 36 riksdagen
1133 2421 164 30 anmälda
1318 2421 202 30 äskandena
1541 2429 44 21 m.
1609 2429 46 21 m.
1679 2420 86 30 böra
1788 2419 9 30 i

296 2472 107 30 första
427 2472 96 30 hand
546 2472 206 36 tillgodoses.
779 2471 65 30 Om
867 2471 105 37 något
996 2481 43 20 av
1061 2472 98 29 dessa
1185 2471 177 30 äskanden
1386 2471 159 30 befinnes
1569 2479 120 21 senare
1713 2470 84 29 böra
