1894 2856
440 161 422 39 Bevillningsutskottets
888 158 225 35 betänkande
1140 158 53 33 Nr
1218 158 51 30 42.
1537 155 18 31 7

97 243 122 32 vilken
239 243 117 31 metod
376 252 74 21 som
470 241 184 32 användes
674 240 56 32 för
750 240 126 35 denna,
895 238 106 32 alltid
1021 240 41 29 är
1081 237 184 32 allmänna
1284 234 219 35 saluvärdet,
1523 242 75 22 som

97 294 92 32 skall
214 305 88 21 vara
327 293 205 37 avgörande
558 293 56 31 för
641 292 223 35 taxeringen.
911 291 56 30 En
992 289 113 36 riktig
1132 287 232 37 tillämpning
1390 296 45 21 av
1463 286 41 31 de
1532 285 65 30 här

97 347 173 36 stadgade
291 346 166 36 reglerna
480 345 62 31 bör
565 344 136 32 således
724 343 33 36 ej
782 343 123 30 kunna
928 341 163 32 medföra
1114 342 51 29 ett
1187 339 129 32 sådant
1339 338 161 34 resultat,
1524 345 74 23 som

97 400 54 30 att
174 408 43 22 en
241 399 89 30 tomt
352 397 81 32 med
454 396 218 32 tillhörande
694 394 203 38 åbyggnad,
921 393 151 32 taxerad
1096 401 75 22 som
1195 400 120 22 annan
1340 389 183 36 fastighet,
1547 397 51 22 er-

98 450 114 32 håller
234 450 109 37 högre
364 448 299 37 taxeringsvärde
685 450 47 28 än
753 448 51 30 ett
825 446 112 31 annat
958 445 13 31 i
991 444 175 32 närheten
1187 442 169 37 liggande
1378 441 75 31 lika
1475 440 124 31 värde-

99 502 85 31 fullt
212 502 143 31 område
383 501 80 31 med
491 500 171 31 liknande
690 498 202 37 åbyggnad,
921 497 111 31 vilket
1061 496 161 31 taxerats
1249 496 117 30 såsom
1393 492 206 38 jordbruks-

99 554 185 36 fastighet,
310 553 152 31 allenast
488 553 46 36 på
562 552 68 31 den
656 550 119 37 grund
798 550 55 31 att
878 548 230 32 beträffande
1136 548 67 31 den
1228 555 125 23 senare
1380 544 220 37 fastigheten

100 605 320 36 värdesättningen
440 604 94 31 skett
555 605 46 35 på
623 601 181 39 grundval
822 612 46 21 av
890 601 42 32 de
952 600 12 31 i
986 600 115 37 punkt
1124 600 17 30 1
1162 599 66 31 här
1249 608 94 21 ovan
1363 597 159 36 angivna
1543 605 57 22 en-

99 658 224 31 hetsvärden.

139 709 27 31 3.
199 708 179 37 Taxering
402 718 46 21 av
471 706 194 37 vattenfall
688 706 80 31 med
791 705 217 31 tillhörande
1033 703 207 37 byggnader
1266 702 99 31 torde
1389 701 127 31 endast
1540 709 61 21 un-

100 761 210 36 dantagsvis
333 760 123 31 kunna
479 759 61 31 ske
564 759 79 31 med
665 758 146 36 ledning
836 767 46 21 av
906 755 152 33 faktiskt
1082 754 147 36 erlagda
1249 752 292 38 köpeskillingar.

141 812 185 38 Outbyggt
354 811 194 36 vattenfall
576 810 214 38 uppskattas
817 808 58 32 till
904 808 126 31 värdet
1057 808 47 36 på
1132 806 139 32 normal
1298 803 304 38 lågvatteneffekt

100 865 113 36 enligt
239 865 56 31 för
322 866 102 29 orten
450 863 168 37 gällande
643 862 76 37 pris
745 861 46 37 på
818 859 236 36 vattenkraft,
1081 858 112 32 under
1220 856 298 38 hänsyntagande
1544 854 58 32 till

101 917 68 32 den
190 916 63 37 tid,
277 926 75 22 som
373 915 176 32 beräknas
573 914 162 36 förflyta,
759 912 75 33 tills
858 912 102 32 fallet
983 911 69 32 blir
1076 911 163 35 utbyggt,
1262 907 337 39 regleringsmöjlig-

100 969 99 31 heter
222 968 63 32 vid
308 968 112 36 fallet,
445 966 251 32 förhållanden
720 975 74 22 som
818 964 150 31 inverka
992 965 46 35 på
1062 962 241 32 kostnaderna
1328 961 55 31 för
1405 960 120 31 fallets
1550 960 52 30 ut-

101 1020 190 37 byggande
320 1020 117 31 såsom
466 1018 164 36 fallhöjd,
661 1018 120 30 fallets
812 1015 286 37 långsträckthet
1128 1014 64 31 och
1222 1007 380 47 grundförhållanden,

100 1072 154 32 avstånd
281 1071 84 32 från
390 1069 309 38 järnvägsstation
727 1069 64 31 och
818 1066 243 37 huvudsaklig
1088 1064 396 37 kraftavsättningsort,
1511 1063 92 31 kost-

102 1124 111 31 nader
236 1124 56 31 för
315 1122 105 32 andel
441 1122 13 31 i
474 1121 324 37 regleringsdamm
821 1129 44 21 m.
889 1128 44 22 m.

142 1175 147 32 Normal
308 1174 302 37 lågvatteneffekt
629 1173 175 32 beräknas
823 1171 91 32 efter
933 1169 324 36 bruttofallhöjden
1274 1168 63 32 vid
1357 1167 154 32 normalt
1530 1167 73 36 låg-

103 1227 232 32 vattenstånd
361 1226 65 32 och
452 1225 141 32 normal
618 1223 331 38 lågvattenmängd.
996 1220 280 37 Vattenmängd,
1303 1230 74 21 som
1403 1219 114 31 måste
1544 1228 60 22 av-

102 1280 74 31 stås
200 1279 57 31 till
280 1277 215 33 samfärdsel
518 1277 66 31 och
608 1276 114 32 andra
746 1275 124 36 behov,
892 1274 216 32 medräknas
1132 1272 44 37 ej.

143 1330 185 37 Outbyggt
352 1329 204 36 vattenfall,
582 1339 76 21 som
683 1328 33 37 ej
743 1328 72 31 kan
841 1327 256 36 tillgodogöras
1124 1325 236 31 tillsammans
1386 1323 81 31 med
1493 1323 111 31 annat

102 1382 203 37 vattenfall,
323 1382 73 32 kan
414 1391 102 22 anses
536 1381 112 31 sakna
667 1378 258 38 självständigt
942 1378 121 36 värde,
1083 1387 56 21 om
1161 1377 76 31 dess
1256 1375 154 37 fallhöjd
1429 1373 175 33 understi-

104 1443 61 28 ger
186 1444 44 22 en
251 1436 120 30 meter.
412 1432 213 37 Vattenfall,
646 1442 74 21 som
742 1431 32 36 ej
794 1431 71 31 kan
888 1430 186 31 förväntas
1097 1428 97 32 bliva
1216 1428 154 36 utbyggt
1390 1427 97 31 inom
1508 1428 97 29 över-

103 1486 142 37 skådlig
267 1485 159 36 framtid,
449 1485 71 31 kan
542 1484 137 36 jämväl
700 1492 102 22 anses
824 1482 113 32 sakna
958 1480 147 33 särskilt
1127 1480 120 31 värde.

144 1538 137 32 Värdet
298 1548 47 21 av
362 1536 189 36 kraftverk
568 1535 72 32 kan
657 1534 212 37 uppskattas
888 1533 81 32 med
986 1531 273 37 utgångspunkt
1278 1531 84 30 från
1377 1530 68 32 den
1464 1529 141 31 avkast-

105 1590 97 36 ning,
228 1599 75 22 som
326 1588 80 32 med
432 1588 142 36 hänsyn
600 1587 57 31 till
683 1586 67 32 den
776 1586 55 30 för
857 1584 270 36 anläggningen
1153 1582 185 37 naturliga
1364 1581 243 32 kundkretsen

106 1642 61 32 bör
186 1640 155 32 normalt
360 1640 122 31 kunna
501 1639 181 37 påräknas
703 1638 83 31 från
806 1646 44 22 en
871 1636 101 37 dylik
992 1634 233 37 anläggning,
1243 1635 92 31 samt
1355 1633 163 32 normala
1537 1642 69 22 om-

104 1693 192 33 kostnader
320 1692 55 32 för
395 1691 143 32 verkets
560 1690 117 37 årliga
701 1689 89 32 drift
813 1688 112 32 under
948 1687 200 32 beaktande
1171 1696 45 21 av
1239 1685 287 37 anläggningens
1548 1685 58 35 på-

105 1744 189 38 räkneliga
313 1742 316 38 varaktighetstid.

145 1797 74 31 Där
244 1794 336 33 tillfredsställande
605 1793 185 37 uppgifter
816 1792 55 31 för
897 1791 218 32 bedömande
1137 1801 45 21 av
1208 1790 41 31 de
1274 1790 12 30 i
1312 1789 58 32 det
1394 1787 214 38 föregående

106 1848 160 37 angivna
291 1847 275 32 förhållandena
591 1846 33 36 ej
650 1846 57 31 stå
731 1844 56 31 till
814 1843 223 36 förfogande,
1062 1843 58 30 må
1144 1842 63 31 vid
1232 1841 166 36 taxering
1425 1850 46 22 av
1495 1839 113 32 kraft-

106 1901 88 30 verk
217 1899 160 37 följande
399 1897 335 36 värderingsmetod
755 1896 142 30 komma
920 1895 57 31 till
999 1893 245 36 användning.

147 1951 239 32 Vattenfallet
405 1950 117 31 såsom
544 1949 129 31 sådant
696 1947 221 36 uppskattas,
941 1947 114 30 såsom
1079 1955 56 21 om
1159 1945 58 31 det
1239 1954 84 21 vore
1346 1944 175 36 outbyggt
1545 1942 64 32 och

109 2004 114 32 skulle
247 2001 218 33 omedelbart
488 2000 191 37 utbyggas.

148 2055 77 31 Den
241 2054 103 32 mark
362 2055 20 29 å
400 2053 94 35 land,
512 2062 74 21 som
604 2052 100 35 tages
722 2051 12 30 i
752 2049 158 36 anspråk
929 2049 55 30 för
1004 2048 269 36 anläggningen
1291 2047 79 31 med
1389 2046 220 35 bostadshus,

110 2108 174 35 upptages
309 2105 57 32 till
391 2104 134 36 skäligt
546 2103 121 32 värde.

149 2158 136 32 Värdet
305 2158 21 30 å
346 2157 12 30 i
380 2155 190 32 kraftverk
590 2154 176 37 ingående
788 2152 218 38 byggnader,
1029 2152 79 31 däri
1131 2151 213 36 inbegripna
1366 2151 95 31 fasta
1481 2149 129 32 maski-

111 2220 73 26 ner,
217 2209 212 37 uppskattas
462 2206 148 33 särskilt
644 2207 55 30 för
733 2204 346 37 byggnadsarbeten,
1113 2203 135 36 jämväl
1283 2202 221 35 bostadshus,
1539 2204 72 29 sär-

110 2262 87 31 skilt
223 2262 55 30 för
305 2258 338 36 turbinutrustning
670 2258 64 30 och
761 2255 148 32 särskilt
936 2255 55 31 för
1017 2254 172 32 elektrisk
1216 2254 209 35 utrustning
1452 2253 80 31 med
1559 2254 52 29 ut-

111 2312 230 37 gångspunkt
358 2312 82 29 från
457 2310 66 31 den
543 2308 158 32 faktiska
718 2306 463 36 anskaffningskostnaden,
1199 2305 196 31 omräknad
1413 2304 56 31 till
1484 2305 128 30 värdet

113 2364 60 31 vid
220 2364 67 31 den
323 2361 171 37 tidpunkt
532 2359 213 36 taxeringen
771 2367 104 22 avser
903 2357 112 31 under
1041 2356 299 36 hänsyntagande
1365 2355 57 31 till
1450 2355 163 36 prisänd-

112 2416 135 35 ringar,
266 2424 74 21 som
360 2415 63 33 ägt
443 2421 80 21 rum
545 2411 111 31 sedan
676 2410 41 31 de
737 2409 221 36 tidpunkter,
979 2408 45 31 då
1046 2407 285 36 anskaffningen
1351 2407 104 35 skett,
1476 2407 65 30 och
1562 2416 52 21 er-

113 2466 172 35 forderlig
329 2463 247 35 avskrivning.
630 2462 71 31 Vid
743 2460 261 36 uppskattning
1049 2469 46 20 av
1138 2459 300 35 avskrivningens
1482 2457 132 32 storlek
