1896 2848
327 182 41 31 16
636 181 419 37 Bevillningsutskottets
1081 181 225 32 betänkande
1333 181 52 32 Nr
1411 181 51 31 42.

323 259 74 32 Vid
416 259 126 36 övriga
560 259 126 32 besvär
707 260 66 31 har
792 260 258 36 länsstyrelsen
1069 260 56 30 att
1144 259 84 37 foga
1248 258 102 32 såväl
1367 258 133 37 utdrag
1520 268 45 21 av
1585 258 198 36 taxerings-

284 310 112 37 längd
413 311 65 31 och
497 311 490 37 beskattningsnämndernas
1005 310 188 38 protokoll,
1212 310 112 32 såvitt
1345 310 68 32 den
1431 310 239 36 överklagade
1687 311 97 30 taxe-

284 362 237 37 ringsfrågan
541 364 124 35 angår,
688 372 75 22 som
784 363 66 31 ock
871 363 42 31 de
936 362 57 33 till
1014 362 224 32 nämnderna
1258 362 14 31 i
1294 362 133 36 frågan
1447 361 152 37 ingivna
1620 361 165 32 handlin-

285 422 116 28 garna
424 416 177 35 ävensom,
626 414 65 32 där
713 414 107 37 fråga
844 416 41 29 är
909 424 57 21 om
990 413 167 37 taxering
1181 424 47 21 av
1253 413 185 37 fastighet,
1461 413 132 36 utdrag
1618 423 46 21 av
1688 414 97 30 taxe-

285 466 214 36 ringslängd
516 465 229 33 beträffande
764 468 162 30 närmast
945 465 214 37 föregående
1178 465 168 37 taxering
1365 475 46 22 av
1430 464 229 37 fastigheten.
1677 464 108 31 Läns-

285 517 177 37 styrelsen
483 518 66 30 har
569 536 41 4 —
629 536 41 5 —
688 536 41 5 —
750 517 92 32 efter
864 518 277 36 taxeringsåret.

984 610 65 41 145
1062 609 30 37 $.

324 673 18 29 5
365 680 103 22 mom.
509 671 70 31 'Till
600 671 177 37 gäldande
798 690 41 5 —
857 690 42 5 —
918 690 40 4 —
979 671 226 32 annorlunda
1226 671 157 36 stadgas.
1425 670 19 32 I
1467 669 135 38 förslag
1625 680 46 21 av
1692 669 93 32 läns-

285 723 187 36 styrelsen,
494 733 74 21 som
590 733 51 21 nu
664 724 107 35 sagts,
792 723 102 32 skola
917 723 54 31 för
996 732 44 22 en
1061 733 67 21 var
1154 722 79 32 däri
1257 722 135 32 avsedd
1415 731 128 28 person
1566 721 152 37 angivas
1743 721 42 32 de

285 774 168 37 grunder,
469 784 74 21 som
559 785 45 21 av
621 774 257 37 länsstyrelsen
893 774 198 37 tillämpats
1106 774 64 32 vid
1185 773 246 37 beräkningen
1448 784 45 21 av
1509 773 202 37 ersättning
1728 772 57 32 till

285 826 123 31 denne.
448 825 135 37 Kungl.
604 825 111 37 Maj:t
735 828 85 34 äger
842 826 148 31 utfärda
1013 825 179 33 särskilda
1213 825 227 32 föreskrifter
1462 825 152 31 rörande
1639 824 146 37 disposi-

285 877 123 32 tionen
429 887 47 22 av
497 878 114 31 medel
633 878 56 31 för
708 877 180 37 ändamål,
910 887 75 22 som
1006 887 50 22 nu
1076 878 109 36 sagts.

324 931 18 29 6
360 939 103 22 mom.
500 929 196 37 Angående
714 929 41 32 de
771 948 41 4 —
828 948 41 4 —
883 948 42 4 —
941 929 153 36 ordning
1113 928 187 32 utbetalas.
1339 928 142 37 Utdrag
1499 939 46 21 av
1563 927 222 37 protokollet,

284 980 114 32 såvitt
416 982 113 35 angår
548 980 244 37 ersättningar
813 980 113 37 enligt
946 981 18 30 5
984 990 111 27 mom.,
1116 980 120 31 tillika
1253 980 81 32 med
1354 980 274 36 länsstyrelsens
1650 980 135 36 förslag

285 1031 56 32 till
364 1032 125 37 dylika
511 1032 245 36 ersättningar
779 1032 94 31 skall
898 1032 158 31 därefter
1081 1032 76 31 före
1180 1032 189 31 november
1393 1031 149 32 månads
1566 1032 138 35 utgång
1730 1039 55 28 ge-

284 1093 82 22 nom
392 1083 275 37 länsstyrelsens
693 1084 140 36 försorg
861 1083 169 32 insändas
1059 1083 57 32 till
1143 1083 414 36 finansdepartementet.

324 1137 17 30 7
360 1145 103 22 mom.
496 1135 212 37 Sakkunnig
727 1135 156 31 erhåller
901 1135 56 31 för
976 1145 45 21 av
1040 1135 130 31 honom
1188 1134 198 32 verkställd
1405 1134 194 37 utredning
1618 1134 86 32 eller
1723 1143 62 22 un-

285 1187 217 36 dersökning
522 1187 224 36 gottgörelse,
765 1196 77 22 som
858 1205 41 5 —
917 1187 81 31 med
1017 1186 234 37 iakttagande
1272 1196 46 22 av
1339 1186 43 32 de
1401 1186 180 32 särskilda
1601 1186 185 31 föreskrif-

285 1241 54 29 ter
363 1238 152 32 rörande
538 1238 213 38 disposition
774 1248 47 22 av
845 1238 116 32 medel
984 1238 55 32 för
1063 1237 216 38 ändamålet,
1304 1237 135 38 Kungl.
1464 1237 110 37 Maj:t
1599 1239 58 30 må
1682 1237 105 32 finna

284 1290 128 36 nödigt
435 1290 163 32 meddela
620 1309 42 4 —
684 1290 213 32 bestämmes
922 1300 45 21 av
992 1289 258 37 länsstyrelsen
1275 1289 96 37 eller,
1398 1290 45 31 då
1469 1289 68 32 den
1561 1289 225 36 sakkunnige

285 1342 131 31 biträtt
443 1342 68 31 den
537 1341 366 32 mellankommunala
930 1341 380 37 prövningsnämnden
1338 1341 86 31 eller
1454 1341 183 31 allmänna
1667 1341 119 31 ombu-

284 1394 58 31 det
361 1393 64 31 hos
444 1403 136 21 samma
597 1393 143 36 nämnd,
760 1403 45 21 av
823 1392 135 37 Kungl.
977 1392 119 37 Maj:t.
1116 1391 157 38 Uppgift
1290 1393 156 31 rörande
1463 1393 42 31 de
1524 1392 145 37 jämlikt
1688 1393 97 31 detta

283 1446 157 30 moment
465 1446 36 30 åt
526 1444 98 32 olika
648 1453 167 28 personer
841 1443 186 32 utbetalda
1053 1443 405 38 ersättningsbeloppen,
1485 1444 174 31 avseende
1685 1444 100 32 tiden

286 1497 85 31 från
389 1497 69 31 den
475 1497 18 30 1
511 1496 190 31 november
720 1496 215 36 föregående
954 1497 41 30 år
1014 1495 57 32 till
1089 1495 146 32 oktober
1251 1495 152 32 månads
1421 1496 148 36 utgång,
1587 1495 93 32 skall
1696 1505 90 22 sam-

284 1548 112 37 tidigt
417 1548 81 32 med
520 1547 185 38 uppgifter
727 1547 113 37 enligt
863 1548 19 31 6
902 1557 103 22 mom.
1027 1557 46 21 av
1095 1547 259 37 länsstyrelsen
1376 1547 171 32 insändas
1569 1547 56 32 till
1650 1548 135 31 finanrs-

284 1600 292 36 departementet.

324 1653 19 30 8
363 1661 105 21 mom.
499 1652 51 31 De
570 1660 168 28 personer
756 1669 42 5 —
814 1669 41 5 —
872 1669 41 5 —
931 1651 81 31 med
1030 1650 189 37 nämnden,

324 1706 70 33 äga
415 1705 54 29 att
490 1703 55 31 för
566 1702 223 32 inställelsen
807 1702 145 37 åtnjuta
973 1702 262 32 resekostnads-
1255 1702 66 31 och
1343 1702 442 37 traktamentsersättning

283 1755 115 36 enligt
422 1764 89 22 rese-
535 1755 66 31 och
626 1753 337 33 traktamentsklass
987 1753 39 32 II
1049 1754 32 31 D
1105 1753 14 32 i
1142 1753 185 32 allmänna
1351 1755 320 36 resereglementet,
1697 1755 88 31 dock

284 1808 65 34 att,
367 1807 91 30 utan
476 1806 127 31 hinder
623 1816 46 21 av
688 1806 69 31 vad
775 1806 13 31 i
808 1806 310 35 resereglementet
1137 1806 59 30 må
1216 1805 122 31 finnas
1358 1806 146 36 stadgat
1524 1806 159 32 däremot
1704 1806 80 31 stri-

285 1858 126 36 dande,
435 1856 443 38 traktamentsersättning
902 1857 56 31 för
982 1857 107 37 dygn,
1114 1857 181 31 varunder
1319 1857 267 32 sammanträde
1608 1859 63 35 ägt
1695 1867 89 28 rum,

284 1909 93 32 skall
398 1910 88 36 utgå
505 1909 81 32 med
605 1910 125 30 sexton
749 1908 132 32 kronor
902 1908 56 32 för
979 1908 77 37 den,
1077 1918 76 22 som
1172 1911 41 29 är
1233 1908 118 33 bosatt
1370 1909 22 31 å
1411 1918 121 22 annan
1551 1911 57 30 ort
1628 1912 47 29 än
1694 1919 90 22 sam-

284 1961 320 36 manträdesorten,
628 1960 65 31 och
717 1960 80 32 med
820 1960 75 32 tolv
919 1960 130 31 kronor
1075 1960 57 31 för
1157 1960 77 36 den,
1258 1970 76 21 som
1356 1963 41 28 är
1422 1960 118 32 bosatt
1563 1961 21 31 å
1608 1970 176 22 zamman-

284 2012 234 37 trädesorten,
536 2013 140 30 oavsett
692 2012 95 31 huru
806 2013 74 31 stor
897 2012 57 31 del
972 2021 46 22 av
1037 2012 133 36 dygnet
1189 2011 113 37 tagits
1320 2012 13 31 i
1351 2012 158 37 anspråk
1527 2012 56 32 för
1600 2022 81 22 resa
1698 2012 86 32 eller

285 2063 233 38 förrättning.

323 2116 215 36 Ersättning
558 2115 92 31 efter
668 2134 40 4 —
724 2134 41 4 —
782 2134 41 4 —
841 2115 13 31 i
874 2115 323 37 taxeringsfrågor.

324 2278 128 32 Denna
471 2278 210 37 förordning
703 2278 120 32 träder
843 2278 13 31 i
875 2278 109 36 kraft,
1004 2277 111 32 såvitt
1136 2279 113 35 angår
1269 2279 38 30 17
1329 2277 18 37 $
1366 2279 19 30 1
1403 2288 113 27 mom.,
1536 2279 38 30 59
1595 2277 18 36 $
1634 2280 18 29 1
1671 2289 112 26 mom.,

285 2330 59 31 122
363 2329 18 36 $
398 2331 19 30 2
430 2340 102 22 mom.
548 2330 65 32 och
629 2330 59 31 145
704 2328 18 37 $
737 2330 28 36 5,
783 2330 27 36 6,
839 2330 7 31 7
863 2329 65 32 och
953 2330 9 31 8
979 2339 113 27 mom.,
1110 2330 67 31 den
1195 2329 18 30 1
1229 2329 69 37 juli
1316 2329 87 37 1932,
1421 2331 101 36 samt,
1540 2330 111 32 såvitt
1670 2332 113 36 angår

285 2382 37 31 33
344 2380 17 37 $
381 2383 67 30 och
467 2382 37 31 35
525 2381 18 36 $
562 2382 19 31 1
599 2391 114 27 mom.,
733 2381 67 32 den
819 2381 18 31 1
856 2381 145 37 januari
1020 2381 88 31 1933.
