1904 2856
441 174 420 38 Bevillningsutskottets
888 173 225 33 betänkande
1140 173 52 32 Nr
1215 173 53 31 42.
1540 171 18 31 1

780 665 59 40 Nr
867 665 64 40 42.

626 794 111 24 Ankom
756 794 44 24 till
818 793 164 31 riksdagens
1001 793 92 24 kansli
1112 792 54 24 den
1187 793 32 23 13
1239 792 56 31 maj
1314 792 67 24 1932
1401 792 37 24 kl.
1459 792 14 23 5
1493 799 21 16 e.
1534 798 39 18 m.

203 897 418 39 Bevillningsutskottets
644 897 233 35 betänkande,
899 899 14 30 i
935 895 195 38 anledning
1154 905 44 22 av
1222 895 134 37 Kungl.
1378 894 128 37 Maj:ts
1529 903 77 27 pro-

404 950 155 39 position
582 951 80 31 med
686 950 137 38 förslag
848 949 58 33 till
929 950 61 37 lag
1014 958 57 22 om
1095 949 157 37 ändring
1275 949 15 31 i
1313 947 96 32 vissa
1436 947 99 32 delar
1560 956 45 22 av

405 1001 433 39 kommaunalskattelagen
866 1002 68 32 den
961 1003 39 30 28
1028 1001 196 37 september
1253 1001 79 31 1928
1358 1011 44 21 m.
1430 1010 45 21 m.
1502 1001 104 30 även-

403 1066 76 22 som
500 1058 14 31 i
539 1058 121 30 ämnet
682 1054 131 33 väckta
836 1055 183 32 motioner.

144 1169 18 31 I
189 1178 43 22 en
257 1169 70 31 den
354 1169 38 30 16
419 1177 97 23 mars
545 1167 78 31 19382
649 1166 237 38 dagtecknad,
915 1167 57 31 till
1009 1165 394 37 bevillningsutskottet
1429 1163 177 33 hänvisad

104 1219 230 37 proposition,
354 1230 44 21 nr
417 1220 68 35 220,
507 1219 66 32 har
594 1218 135 38 Kungl.
749 1218 122 37 Maj:t,
891 1218 114 32 under
1029 1217 222 36 åberopande
1272 1227 47 21 av
1341 1216 264 37 propositionen

103 1271 114 36 bilagt
240 1272 134 36 utdrag
396 1282 45 21 av
462 1270 394 38 statsrådsprotokollet
879 1272 83 29 över
986 1269 281 32 finansärenden
1289 1269 56 30 för
1367 1278 138 22 samma
1524 1268 81 34 dag,

108 1322 185 38 föreslagit
330 1322 193 37 riksdagen
559 1323 53 31 att
652 1324 134 35 antaga
812 1322 169 37 följande,
1006 1320 64 33 vid
1095 1320 265 37 propositionen
1385 1319 127 36 fogade
1539 1319 69 31 för-

107 1375 78 37 slag
205 1375 57 32 till

147 1427 75 33 dels
243 1427 62 37 lag
326 1437 56 21 om
408 1425 156 37 ändring
585 1427 13 31 i
619 1425 100 33 vissa
740 1425 98 32 delar
860 1435 47 21 av
928 1424 432 36 kommunalskattelagen
1385 1424 66 31 den
1474 1424 38 30 28
1535 1432 72 27 sep-

109 1479 132 31 tember
268 1479 78 31 1928
375 1475 57 37 (nr
457 1476 83 38 370),

147 1531 75 32 dels
243 1529 212 37 förordning
475 1539 58 21 om
554 1529 154 37 ändring
734 1529 12 31 i
766 1529 100 31 vissa
885 1527 100 32 delar
1008 1538 45 21 av
1075 1526 442 37 taxeringsförordningen
1541 1526 67 31 den

109 1583 39 31 28
171 1581 195 36 september
390 1582 77 30 1928
493 1579 56 36 (nr
571 1579 85 38 379),

149 1633 74 33 dels
251 1635 66 31 ock
343 1632 212 37 förordning
580 1633 81 31 med
686 1632 221 32 instruktion
934 1632 55 30 för
1018 1630 192 36 värdering
1236 1640 45 22 av
1308 1630 209 36 skogsmark
1545 1628 63 32 och

109 1685 165 32 växande
301 1686 87 35 skog
412 1685 63 32 vid
501 1684 167 36 taxering
694 1694 45 21 av
766 1683 182 36 fastighet.

117 2553 109 29 Bihang
252 2553 41 24 till
322 2551 165 31 riksdagens
513 2550 146 31 protokoll
688 2551 74 24 1932.
796 2552 13 23 7
830 2550 80 24 saml.
950 2548 33 24 35
1004 2548 69 31 häft.
1111 2548 52 24 (Nr
1182 2545 55 28 42.)
1567 2546 12 24 1
