<?xml version="1.0" encoding="UTF-8"?>
<alto xmlns="http://www.loc.gov/standards/alto/ns-v3#" xmlns:xlink="http://www.w3.org/1999/xlink" xmlns:xsi="http://www.w3.org/2001/XMLSchema-instance" xsi:schemaLocation="http://www.loc.gov/standards/alto/ns-v3# http://www.loc.gov/alto/v3/alto-3-0.xsd">
	<Description>
		<MeasurementUnit>pixel</MeasurementUnit>
		<sourceImageInformation>
			<fileName>/tmp/tess_e1emu2ob_input.PNG</fileName>
		</sourceImageInformation>
		<OCRProcessing ID="OCR_0">
			<ocrProcessingStep>
				<processingSoftware>
					<softwareName>tesseract 5.3.0</softwareName>
				</processingSoftware>
			</ocrProcessingStep>
		</OCRProcessing>
	</Description>
	<Layout>
		<Page WIDTH="2203" HEIGHT="2686" PHYSICAL_IMG_NR="0" ID="page_0">
			<PrintSpace HPOS="0" VPOS="0" WIDTH="2203" HEIGHT="2686">
				<ComposedBlock ID="cblock_0" HPOS="463" VPOS="150" WIDTH="1096" HEIGHT="47">
					<TextBlock ID="block_0" HPOS="463" VPOS="150" WIDTH="1096" HEIGHT="47">
						<TextLine ID="line_0" HPOS="463" VPOS="150" WIDTH="1096" HEIGHT="47">
							<String ID="string_0" HPOS="463" VPOS="158" WIDTH="18" HEIGHT="32" WC="0.96" CONTENT="2"/><SP WIDTH="385" VPOS="158" HPOS="481"/>
							<String ID="string_1" HPOS="866" VPOS="153" WIDTH="360" HEIGHT="44" WC="0.90" CONTENT="Bevillningsutskottets"/><SP WIDTH="22" VPOS="153" HPOS="1226"/>
							<String ID="string_2" HPOS="1248" VPOS="152" WIDTH="162" HEIGHT="33" WC="0.95" CONTENT="memorial"/><SP WIDTH="22" VPOS="152" HPOS="1410"/>
							<String ID="string_3" HPOS="1432" VPOS="150" WIDTH="53" HEIGHT="35" WC="0.95" CONTENT="Nr"/><SP WIDTH="22" VPOS="150" HPOS="1485"/>
							<String ID="string_4" HPOS="1507" VPOS="152" WIDTH="52" HEIGHT="32" WC="0.95" CONTENT="44."/>
						</TextLine>
					</TextBlock>
				</ComposedBlock>
				<ComposedBlock ID="cblock_1" HPOS="410" VPOS="230" WIDTH="1607" HEIGHT="2108">
					<TextBlock ID="block_1" HPOS="418" VPOS="230" WIDTH="1591" HEIGHT="111">
						<TextLine ID="line_1" HPOS="418" VPOS="230" WIDTH="1591" HEIGHT="55">
							<String ID="string_5" HPOS="418" VPOS="237" WIDTH="283" HEIGHT="38" WC="0.96" CONTENT="bestämmelser"/><SP WIDTH="28" VPOS="237" HPOS="701"/>
							<String ID="string_6" HPOS="729" VPOS="237" WIDTH="12" HEIGHT="36" WC="0.96" CONTENT="i"/><SP WIDTH="28" VPOS="237" HPOS="741"/>
							<String ID="string_7" HPOS="769" VPOS="236" WIDTH="137" HEIGHT="49" WC="0.96" CONTENT="övrigt,"/><SP WIDTH="32" VPOS="236" HPOS="906"/>
							<String ID="string_8" HPOS="938" VPOS="249" WIDTH="78" HEIGHT="23" WC="0.96" CONTENT="som"/><SP WIDTH="29" VPOS="249" HPOS="1016"/>
							<String ID="string_9" HPOS="1045" VPOS="235" WIDTH="125" HEIGHT="36" WC="0.96" CONTENT="kunde"/><SP WIDTH="29" VPOS="235" HPOS="1170"/>
							<String ID="string_10" HPOS="1199" VPOS="234" WIDTH="120" HEIGHT="37" WC="0.96" CONTENT="finnas"/><SP WIDTH="29" VPOS="234" HPOS="1319"/>
							<String ID="string_11" HPOS="1348" VPOS="232" WIDTH="196" HEIGHT="51" WC="0.96" CONTENT="påkallade"/><SP WIDTH="30" VPOS="232" HPOS="1544"/>
							<String ID="string_12" HPOS="1574" VPOS="246" WIDTH="45" HEIGHT="22" WC="0.96" CONTENT="av"/><SP WIDTH="27" VPOS="246" HPOS="1619"/>
							<String ID="string_13" HPOS="1646" VPOS="230" WIDTH="156" HEIGHT="38" WC="0.93" CONTENT="berörda"/><SP WIDTH="26" VPOS="230" HPOS="1802"/>
							<String ID="string_14" HPOS="1828" VPOS="230" WIDTH="181" HEIGHT="49" WC="0.91" CONTENT="ändrings"/>
						</TextLine>
						<TextLine ID="line_2" HPOS="418" VPOS="290" WIDTH="307" HEIGHT="51">
							<String ID="string_15" HPOS="418" VPOS="290" WIDTH="307" HEIGHT="51" WC="0.94" CONTENT="genomförande."/>
						</TextLine>
					</TextBlock>
					<TextBlock ID="block_2" HPOS="416" VPOS="336" WIDTH="1593" HEIGHT="165">
						<TextLine ID="line_3" HPOS="546" VPOS="336" WIDTH="1463" HEIGHT="54">
							<String ID="string_16" HPOS="546" VPOS="344" WIDTH="87" HEIGHT="37" WC="0.96" CONTENT="Med"/><SP WIDTH="41" VPOS="344" HPOS="633"/>
							<String ID="string_17" HPOS="674" VPOS="341" WIDTH="291" HEIGHT="39" WC="0.96" CONTENT="överlämnande"/><SP WIDTH="42" VPOS="341" HPOS="965"/>
							<String ID="string_18" HPOS="1007" VPOS="355" WIDTH="46" HEIGHT="23" WC="0.96" CONTENT="av"/><SP WIDTH="41" VPOS="355" HPOS="1053"/>
							<String ID="string_19" HPOS="1094" VPOS="340" WIDTH="216" HEIGHT="38" WC="0.96" CONTENT="inhämtade"/><SP WIDTH="40" VPOS="340" HPOS="1310"/>
							<String ID="string_20" HPOS="1350" VPOS="338" WIDTH="202" HEIGHT="52" WC="0.94" CONTENT="yttranden"/><SP WIDTH="38" VPOS="338" HPOS="1552"/>
							<String ID="string_21" HPOS="1590" VPOS="338" WIDTH="83" HEIGHT="37" WC="0.93" CONTENT="från"/><SP WIDTH="28" VPOS="338" HPOS="1673"/>
							<String ID="string_22" HPOS="1701" VPOS="336" WIDTH="308" HEIGHT="39" WC="0.92" CONTENT="tullkamrarna"/><SP WIDTH="-22" VPOS="336" HPOS="2009"/>
							<String ID="string_23" HPOS="1987" VPOS="332" WIDTH="24" HEIGHT="62" WC="0.96" CONTENT="i"/>
						</TextLine>
						<TextLine ID="line_4" HPOS="416" VPOS="389" WIDTH="1593" HEIGHT="56">
							<String ID="string_24" HPOS="416" VPOS="389" WIDTH="107" HEIGHT="47" WC="0.93" CONTENT="Åhus"/><SP WIDTH="42" VPOS="389" HPOS="523"/>
							<String ID="string_25" HPOS="565" VPOS="397" WIDTH="69" HEIGHT="37" WC="0.92" CONTENT="och"/><SP WIDTH="33" VPOS="397" HPOS="634"/>
							<String ID="string_26" HPOS="667" VPOS="396" WIDTH="220" HEIGHT="49" WC="0.92" CONTENT="Trälleborg"/><SP WIDTH="28" VPOS="396" HPOS="887"/>
							<String ID="string_27" HPOS="915" VPOS="400" WIDTH="97" HEIGHT="32" WC="0.96" CONTENT="samt"/><SP WIDTH="29" VPOS="400" HPOS="1012"/>
							<String ID="string_28" HPOS="1041" VPOS="394" WIDTH="81" HEIGHT="37" WC="0.90" CONTENT="från"/><SP WIDTH="28" VPOS="394" HPOS="1122"/>
							<String ID="string_29" HPOS="1150" VPOS="391" WIDTH="573" HEIGHT="51" WC="0.90" CONTENT="tullbevakningsinspektionen"/><SP WIDTH="27" VPOS="391" HPOS="1723"/>
							<String ID="string_30" HPOS="1750" VPOS="391" WIDTH="12" HEIGHT="36" WC="0.96" CONTENT="i"/><SP WIDTH="30" VPOS="391" HPOS="1762"/>
							<String ID="string_31" HPOS="1792" VPOS="389" WIDTH="217" HEIGHT="38" WC="0.96" CONTENT="Stockholm"/>
						</TextLine>
						<TextLine ID="line_5" HPOS="416" VPOS="443" WIDTH="1483" HEIGHT="58">
							<String ID="string_32" HPOS="416" VPOS="452" WIDTH="68" HEIGHT="36" WC="0.92" CONTENT="har"/><SP WIDTH="28" VPOS="452" HPOS="484"/>
							<String ID="string_33" HPOS="512" VPOS="448" WIDTH="413" HEIGHT="53" WC="0.91" CONTENT="generaltullstyrelsen"/><SP WIDTH="29" VPOS="448" HPOS="925"/>
							<String ID="string_34" HPOS="954" VPOS="462" WIDTH="50" HEIGHT="22" WC="0.95" CONTENT="nu"/><SP WIDTH="30" VPOS="462" HPOS="1004"/>
							<String ID="string_35" HPOS="1034" VPOS="447" WIDTH="144" HEIGHT="49" WC="0.96" CONTENT="avgivit"/><SP WIDTH="27" VPOS="447" HPOS="1178"/>
							<String ID="string_36" HPOS="1205" VPOS="446" WIDTH="194" HEIGHT="37" WC="0.96" CONTENT="utlåtande"/><SP WIDTH="29" VPOS="446" HPOS="1399"/>
							<String ID="string_37" HPOS="1428" VPOS="445" WIDTH="70" HEIGHT="37" WC="0.96" CONTENT="och"/><SP WIDTH="29" VPOS="445" HPOS="1498"/>
							<String ID="string_38" HPOS="1527" VPOS="444" WIDTH="142" HEIGHT="48" WC="0.95" CONTENT="förslag"/><SP WIDTH="27" VPOS="444" HPOS="1669"/>
							<String ID="string_39" HPOS="1696" VPOS="443" WIDTH="12" HEIGHT="37" WC="0.96" CONTENT="i"/><SP WIDTH="29" VPOS="443" HPOS="1708"/>
							<String ID="string_40" HPOS="1737" VPOS="443" WIDTH="162" HEIGHT="37" WC="0.96" CONTENT="ärendet."/>
						</TextLine>
					</TextBlock>
					<TextBlock ID="block_3" HPOS="416" VPOS="496" WIDTH="1595" HEIGHT="423">
						<TextLine ID="line_6" HPOS="547" VPOS="496" WIDTH="1461" HEIGHT="56">
							<String ID="string_41" HPOS="547" VPOS="502" WIDTH="419" HEIGHT="50" WC="0.90" CONTENT="Generaltullstyrelsen"/><SP WIDTH="28" VPOS="502" HPOS="966"/>
							<String ID="string_42" HPOS="994" VPOS="501" WIDTH="145" HEIGHT="36" WC="0.96" CONTENT="erinrar"/><SP WIDTH="30" VPOS="501" HPOS="1139"/>
							<String ID="string_43" HPOS="1169" VPOS="499" WIDTH="130" HEIGHT="37" WC="0.96" CONTENT="härvid"/><SP WIDTH="29" VPOS="499" HPOS="1299"/>
							<String ID="string_44" HPOS="1328" VPOS="499" WIDTH="56" HEIGHT="37" WC="0.96" CONTENT="till"/><SP WIDTH="28" VPOS="499" HPOS="1384"/>
							<String ID="string_45" HPOS="1412" VPOS="512" WIDTH="47" HEIGHT="23" WC="0.96" CONTENT="en"/><SP WIDTH="20" VPOS="512" HPOS="1459"/>
							<String ID="string_46" HPOS="1479" VPOS="497" WIDTH="144" HEIGHT="50" WC="0.93" CONTENT="början,"/><SP WIDTH="24" VPOS="497" HPOS="1623"/>
							<String ID="string_47" HPOS="1647" VPOS="497" WIDTH="178" HEIGHT="37" WC="0.92" CONTENT="hurusom"/><SP WIDTH="21" VPOS="497" HPOS="1825"/>
							<String ID="string_48" HPOS="1846" VPOS="496" WIDTH="162" HEIGHT="37" WC="0.91" CONTENT="bestäm-"/>
						</TextLine>
						<TextLine ID="line_7" HPOS="418" VPOS="548" WIDTH="1593" HEIGHT="51">
							<String ID="string_49" HPOS="418" VPOS="558" WIDTH="184" HEIGHT="37" WC="0.91" CONTENT="melserna"/><SP WIDTH="42" VPOS="558" HPOS="602"/>
							<String ID="string_50" HPOS="644" VPOS="569" WIDTH="60" HEIGHT="24" WC="0.91" CONTENT="om"/><SP WIDTH="43" VPOS="569" HPOS="704"/>
							<String ID="string_51" HPOS="747" VPOS="554" WIDTH="283" HEIGHT="38" WC="0.43" CONTENT=" tullrestitution"/><SP WIDTH="41" VPOS="554" HPOS="1030"/>
							<String ID="string_52" HPOS="1071" VPOS="552" WIDTH="63" HEIGHT="38" WC="0.96" CONTENT="vid"/><SP WIDTH="28" VPOS="552" HPOS="1134"/>
							<String ID="string_53" HPOS="1162" VPOS="552" WIDTH="159" HEIGHT="37" WC="0.94" CONTENT="utförsel"/><SP WIDTH="29" VPOS="552" HPOS="1321"/>
							<String ID="string_54" HPOS="1350" VPOS="565" WIDTH="46" HEIGHT="24" WC="0.95" CONTENT="av"/><SP WIDTH="27" VPOS="565" HPOS="1396"/>
							<String ID="string_55" HPOS="1423" VPOS="552" WIDTH="102" HEIGHT="36" WC="0.93" CONTENT="vissa"/><SP WIDTH="28" VPOS="552" HPOS="1525"/>
							<String ID="string_56" HPOS="1553" VPOS="548" WIDTH="458" HEIGHT="51" WC="0.89" CONTENT="förmalningsprodukter"/>
						</TextLine>
						<TextLine ID="line_8" HPOS="419" VPOS="603" WIDTH="1591" HEIGHT="57">
							<String ID="string_57" HPOS="419" VPOS="625" WIDTH="46" HEIGHT="23" WC="0.96" CONTENT="av"/><SP WIDTH="28" VPOS="625" HPOS="465"/>
							<String ID="string_58" HPOS="493" VPOS="609" WIDTH="198" HEIGHT="51" WC="0.95" CONTENT="spannmål"/><SP WIDTH="30" VPOS="609" HPOS="691"/>
							<String ID="string_59" HPOS="721" VPOS="608" WIDTH="218" HEIGHT="37" WC="0.96" CONTENT="tillkommit"/><SP WIDTH="27" VPOS="608" HPOS="939"/>
							<String ID="string_60" HPOS="966" VPOS="609" WIDTH="48" HEIGHT="48" WC="0.96" CONTENT="på"/><SP WIDTH="28" VPOS="609" HPOS="1014"/>
							<String ID="string_61" HPOS="1042" VPOS="606" WIDTH="145" HEIGHT="49" WC="0.96" CONTENT="förslag"/><SP WIDTH="28" VPOS="606" HPOS="1187"/>
							<String ID="string_62" HPOS="1215" VPOS="619" WIDTH="46" HEIGHT="23" WC="0.93" CONTENT="av"/><SP WIDTH="29" VPOS="619" HPOS="1261"/>
							<String ID="string_63" HPOS="1290" VPOS="603" WIDTH="419" HEIGHT="49" WC="0.92" CONTENT="bevillningsutskottet"/><SP WIDTH="28" VPOS="603" HPOS="1709"/>
							<String ID="string_64" HPOS="1737" VPOS="603" WIDTH="63" HEIGHT="36" WC="0.96" CONTENT="vid"/><SP WIDTH="32" VPOS="603" HPOS="1800"/>
							<String ID="string_65" HPOS="1832" VPOS="603" WIDTH="97" HEIGHT="36" WC="0.96" CONTENT="1888"/><SP WIDTH="21" VPOS="603" HPOS="1929"/>
							<String ID="string_66" HPOS="1950" VPOS="604" WIDTH="60" HEIGHT="35" WC="0.95" CONTENT="års"/>
						</TextLine>
						<TextLine ID="line_9" HPOS="416" VPOS="655" WIDTH="1594" HEIGHT="57">
							<String ID="string_67" HPOS="416" VPOS="664" WIDTH="158" HEIGHT="48" WC="0.96" CONTENT="riksdag"/><SP WIDTH="27" VPOS="664" HPOS="574"/>
							<String ID="string_68" HPOS="601" VPOS="662" WIDTH="70" HEIGHT="37" WC="0.96" CONTENT="och"/><SP WIDTH="27" VPOS="662" HPOS="671"/>
							<String ID="string_69" HPOS="698" VPOS="661" WIDTH="99" HEIGHT="37" WC="0.96" CONTENT="varit"/><SP WIDTH="29" VPOS="661" HPOS="797"/>
							<String ID="string_70" HPOS="826" VPOS="660" WIDTH="220" HEIGHT="37" WC="0.96" CONTENT="föranledda"/><SP WIDTH="29" VPOS="660" HPOS="1046"/>
							<String ID="string_71" HPOS="1075" VPOS="673" WIDTH="46" HEIGHT="22" WC="0.96" CONTENT="av"/><SP WIDTH="33" VPOS="673" HPOS="1121"/>
							<String ID="string_72" HPOS="1154" VPOS="659" WIDTH="44" HEIGHT="36" WC="0.94" CONTENT="de"/><SP WIDTH="19" VPOS="659" HPOS="1198"/>
							<String ID="string_73" HPOS="1217" VPOS="658" WIDTH="63" HEIGHT="37" WC="0.94" CONTENT="vid"/><SP WIDTH="19" VPOS="658" HPOS="1280"/>
							<String ID="string_74" HPOS="1299" VPOS="657" WIDTH="164" HEIGHT="37" WC="0.95" CONTENT="nämnda"/><SP WIDTH="18" VPOS="657" HPOS="1463"/>
							<String ID="string_75" HPOS="1481" VPOS="656" WIDTH="157" HEIGHT="50" WC="0.96" CONTENT="riksdag"/><SP WIDTH="18" VPOS="656" HPOS="1638"/>
							<String ID="string_76" HPOS="1656" VPOS="655" WIDTH="196" HEIGHT="38" WC="0.93" CONTENT="beslutade"/><SP WIDTH="19" VPOS="655" HPOS="1852"/>
							<String ID="string_77" HPOS="1871" VPOS="668" WIDTH="139" HEIGHT="37" WC="0.91" CONTENT="spann-"/>
						</TextLine>
						<TextLine ID="line_10" HPOS="417" VPOS="707" WIDTH="1593" HEIGHT="51">
							<String ID="string_78" HPOS="417" VPOS="716" WIDTH="270" HEIGHT="36" WC="0.90" CONTENT="målstullarna."/><SP WIDTH="57" VPOS="716" HPOS="687"/>
							<String ID="string_79" HPOS="744" VPOS="713" WIDTH="119" HEIGHT="37" WC="0.96" CONTENT="Dessa"/><SP WIDTH="28" VPOS="713" HPOS="863"/>
							<String ID="string_80" HPOS="891" VPOS="712" WIDTH="283" HEIGHT="37" WC="0.96" CONTENT="bestämmelser"/><SP WIDTH="27" VPOS="712" HPOS="1174"/>
							<String ID="string_81" HPOS="1201" VPOS="711" WIDTH="96" HEIGHT="36" WC="0.91" CONTENT="hade"/><SP WIDTH="27" VPOS="711" HPOS="1297"/>
							<String ID="string_82" HPOS="1324" VPOS="709" WIDTH="141" HEIGHT="37" WC="0.91" CONTENT="influtit"/><SP WIDTH="34" VPOS="709" HPOS="1465"/>
							<String ID="string_83" HPOS="1499" VPOS="710" WIDTH="5" HEIGHT="35" WC="0.91" CONTENT="i"/><SP WIDTH="41" VPOS="710" HPOS="1504"/>
							<String ID="string_84" HPOS="1545" VPOS="708" WIDTH="7" HEIGHT="50" WC="0.87" CONTENT="$"/><SP WIDTH="31" VPOS="708" HPOS="1552"/>
							<String ID="string_85" HPOS="1583" VPOS="711" WIDTH="20" HEIGHT="34" WC="0.96" CONTENT="9"/><SP WIDTH="30" VPOS="711" HPOS="1603"/>
							<String ID="string_86" HPOS="1633" VPOS="721" WIDTH="112" HEIGHT="24" WC="0.96" CONTENT="mom."/><SP WIDTH="22" VPOS="721" HPOS="1745"/>
							<String ID="string_87" HPOS="1767" VPOS="711" WIDTH="21" HEIGHT="33" WC="0.96" CONTENT="3"/><SP WIDTH="22" VPOS="711" HPOS="1788"/>
							<String ID="string_88" HPOS="1810" VPOS="722" WIDTH="46" HEIGHT="22" WC="0.93" CONTENT="av"/><SP WIDTH="19" VPOS="722" HPOS="1856"/>
							<String ID="string_89" HPOS="1875" VPOS="707" WIDTH="135" HEIGHT="37" WC="0.92" CONTENT="under-"/>
						</TextLine>
						<TextLine ID="line_11" HPOS="417" VPOS="759" WIDTH="1594" HEIGHT="54">
							<String ID="string_90" HPOS="417" VPOS="767" WIDTH="221" HEIGHT="38" WC="0.96" CONTENT="rättelserna"/><SP WIDTH="29" VPOS="767" HPOS="638"/>
							<String ID="string_91" HPOS="667" VPOS="765" WIDTH="55" HEIGHT="38" WC="0.93" CONTENT="till"/><SP WIDTH="28" VPOS="765" HPOS="722"/>
							<String ID="string_92" HPOS="750" VPOS="766" WIDTH="184" HEIGHT="36" WC="0.89" CONTENT="tulltaxan"/><SP WIDTH="30" VPOS="766" HPOS="934"/>
							<String ID="string_93" HPOS="964" VPOS="764" WIDTH="71" HEIGHT="37" WC="0.95" CONTENT="den"/><SP WIDTH="32" VPOS="764" HPOS="1035"/>
							<String ID="string_94" HPOS="1067" VPOS="765" WIDTH="44" HEIGHT="35" WC="0.95" CONTENT="18"/><SP WIDTH="26" VPOS="765" HPOS="1111"/>
							<String ID="string_95" HPOS="1137" VPOS="762" WIDTH="83" HEIGHT="51" WC="0.96" CONTENT="juni"/><SP WIDTH="30" VPOS="762" HPOS="1220"/>
							<String ID="string_96" HPOS="1250" VPOS="763" WIDTH="97" HEIGHT="36" WC="0.96" CONTENT="1888"/><SP WIDTH="30" VPOS="763" HPOS="1347"/>
							<String ID="string_97" HPOS="1377" VPOS="761" WIDTH="71" HEIGHT="37" WC="0.96" CONTENT="och"/><SP WIDTH="19" VPOS="761" HPOS="1448"/>
							<String ID="string_98" HPOS="1467" VPOS="761" WIDTH="96" HEIGHT="37" WC="0.96" CONTENT="hade"/><SP WIDTH="20" VPOS="761" HPOS="1563"/>
							<String ID="string_99" HPOS="1583" VPOS="760" WIDTH="84" HEIGHT="37" WC="0.96" CONTENT="med"/><SP WIDTH="19" VPOS="760" HPOS="1667"/>
							<String ID="string_100" HPOS="1686" VPOS="760" WIDTH="102" HEIGHT="37" WC="0.96" CONTENT="vissa"/><SP WIDTH="19" VPOS="760" HPOS="1788"/>
							<String ID="string_101" HPOS="1807" VPOS="759" WIDTH="204" HEIGHT="49" WC="0.95" CONTENT="ändringar"/>
						</TextLine>
						<TextLine ID="line_12" HPOS="417" VPOS="811" WIDTH="1594" HEIGHT="57">
							<String ID="string_102" HPOS="417" VPOS="820" WIDTH="182" HEIGHT="38" WC="0.96" CONTENT="överförts"/><SP WIDTH="29" VPOS="820" HPOS="599"/>
							<String ID="string_103" HPOS="628" VPOS="819" WIDTH="57" HEIGHT="37" WC="0.92" CONTENT="till"/><SP WIDTH="40" VPOS="819" HPOS="685"/>
							<String ID="string_104" HPOS="725" VPOS="818" WIDTH="7" HEIGHT="50" WC="0.50" CONTENT="&amp;"/><SP WIDTH="32" VPOS="818" HPOS="732"/>
							<String ID="string_105" HPOS="764" VPOS="820" WIDTH="44" HEIGHT="35" WC="0.95" CONTENT="13"/><SP WIDTH="30" VPOS="820" HPOS="808"/>
							<String ID="string_106" HPOS="838" VPOS="831" WIDTH="111" HEIGHT="23" WC="0.96" CONTENT="mom."/><SP WIDTH="32" VPOS="831" HPOS="949"/>
							<String ID="string_107" HPOS="981" VPOS="819" WIDTH="20" HEIGHT="34" WC="0.92" CONTENT="3"/><SP WIDTH="30" VPOS="819" HPOS="1001"/>
							<String ID="string_108" HPOS="1031" VPOS="815" WIDTH="46" HEIGHT="50" WC="0.90" CONTENT="A)"/><SP WIDTH="29" VPOS="815" HPOS="1077"/>
							<String ID="string_109" HPOS="1106" VPOS="816" WIDTH="12" HEIGHT="36" WC="0.96" CONTENT="i"/><SP WIDTH="28" VPOS="816" HPOS="1118"/>
							<String ID="string_110" HPOS="1146" VPOS="830" WIDTH="50" HEIGHT="22" WC="0.96" CONTENT="nu"/><SP WIDTH="29" VPOS="830" HPOS="1196"/>
							<String ID="string_111" HPOS="1225" VPOS="814" WIDTH="176" HEIGHT="51" WC="0.96" CONTENT="gällande"/><SP WIDTH="27" VPOS="814" HPOS="1401"/>
							<String ID="string_112" HPOS="1428" VPOS="814" WIDTH="225" HEIGHT="49" WC="0.96" CONTENT="förordning"/><SP WIDTH="23" VPOS="814" HPOS="1653"/>
							<String ID="string_113" HPOS="1676" VPOS="812" WIDTH="85" HEIGHT="38" WC="0.92" CONTENT="med"/><SP WIDTH="19" VPOS="812" HPOS="1761"/>
							<String ID="string_114" HPOS="1780" VPOS="812" WIDTH="156" HEIGHT="37" WC="0.46" CONTENT="tulltaxza"/><SP WIDTH="18" VPOS="812" HPOS="1936"/>
							<String ID="string_115" HPOS="1954" VPOS="811" WIDTH="57" HEIGHT="37" WC="0.96" CONTENT="för"/>
						</TextLine>
						<TextLine ID="line_13" HPOS="417" VPOS="869" WIDTH="809" HEIGHT="50">
							<String ID="string_116" HPOS="417" VPOS="872" WIDTH="269" HEIGHT="38" WC="0.96" CONTENT="inkommande"/><SP WIDTH="29" VPOS="872" HPOS="686"/>
							<String ID="string_117" HPOS="715" VPOS="884" WIDTH="113" HEIGHT="24" WC="0.96" CONTENT="varor"/><SP WIDTH="28" VPOS="884" HPOS="828"/>
							<String ID="string_118" HPOS="856" VPOS="870" WIDTH="71" HEIGHT="37" WC="0.96" CONTENT="den"/><SP WIDTH="31" VPOS="870" HPOS="927"/>
							<String ID="string_119" HPOS="958" VPOS="871" WIDTH="19" HEIGHT="35" WC="0.96" CONTENT="9"/><SP WIDTH="26" VPOS="871" HPOS="977"/>
							<String ID="string_120" HPOS="1003" VPOS="869" WIDTH="83" HEIGHT="50" WC="0.96" CONTENT="juni"/><SP WIDTH="33" VPOS="869" HPOS="1086"/>
							<String ID="string_121" HPOS="1119" VPOS="870" WIDTH="107" HEIGHT="35" WC="0.96" CONTENT="1911."/>
						</TextLine>
					</TextBlock>
					<TextBlock ID="block_4" HPOS="414" VPOS="916" WIDTH="1597" HEIGHT="577">
						<TextLine ID="line_14" HPOS="546" VPOS="916" WIDTH="1463" HEIGHT="56">
							<String ID="string_122" HPOS="546" VPOS="925" WIDTH="17" HEIGHT="37" WC="0.96" CONTENT="I"/><SP WIDTH="42" VPOS="925" HPOS="563"/>
							<String ID="string_123" HPOS="605" VPOS="925" WIDTH="70" HEIGHT="36" WC="0.96" CONTENT="den"/><SP WIDTH="43" VPOS="925" HPOS="675"/>
							<String ID="string_124" HPOS="718" VPOS="924" WIDTH="70" HEIGHT="48" WC="0.95" CONTENT="del,"/><SP WIDTH="42" VPOS="924" HPOS="788"/>
							<String ID="string_125" HPOS="830" VPOS="937" WIDTH="51" HEIGHT="23" WC="0.96" CONTENT="nu"/><SP WIDTH="41" VPOS="937" HPOS="881"/>
							<String ID="string_126" HPOS="922" VPOS="921" WIDTH="291" HEIGHT="50" WC="0.95" CONTENT="ifrågavarande"/><SP WIDTH="41" VPOS="921" HPOS="1213"/>
							<String ID="string_127" HPOS="1254" VPOS="919" WIDTH="281" HEIGHT="49" WC="0.93" CONTENT="framställning"/><SP WIDTH="42" VPOS="919" HPOS="1535"/>
							<String ID="string_128" HPOS="1577" VPOS="921" WIDTH="149" HEIGHT="47" WC="0.88" CONTENT="avsåge,"/><SP WIDTH="38" VPOS="921" HPOS="1726"/>
							<String ID="string_129" HPOS="1764" VPOS="917" WIDTH="97" HEIGHT="37" WC="0.96" CONTENT="hade"/><SP WIDTH="41" VPOS="917" HPOS="1861"/>
							<String ID="string_130" HPOS="1902" VPOS="916" WIDTH="107" HEIGHT="49" WC="0.96" CONTENT="dock,"/>
						</TextLine>
						<TextLine ID="line_15" HPOS="417" VPOS="970" WIDTH="1593" HEIGHT="58">
							<String ID="string_131" HPOS="417" VPOS="979" WIDTH="108" HEIGHT="37" WC="0.93" CONTENT="anför"/><SP WIDTH="29" VPOS="979" HPOS="525"/>
							<String ID="string_132" HPOS="554" VPOS="976" WIDTH="411" HEIGHT="52" WC="0.92" CONTENT="generaltullstyrelsen"/><SP WIDTH="28" VPOS="976" HPOS="965"/>
							<String ID="string_133" HPOS="993" VPOS="975" WIDTH="139" HEIGHT="48" WC="0.96" CONTENT="vidare,"/><SP WIDTH="29" VPOS="975" HPOS="1132"/>
							<String ID="string_134" HPOS="1161" VPOS="973" WIDTH="285" HEIGHT="38" WC="0.96" CONTENT="föreskrifterna"/><SP WIDTH="29" VPOS="973" HPOS="1446"/>
							<String ID="string_135" HPOS="1475" VPOS="972" WIDTH="64" HEIGHT="36" WC="0.96" CONTENT="allt"/><SP WIDTH="27" VPOS="972" HPOS="1539"/>
							<String ID="string_136" HPOS="1566" VPOS="971" WIDTH="98" HEIGHT="36" WC="0.96" CONTENT="ifrån"/><SP WIDTH="29" VPOS="971" HPOS="1664"/>
							<String ID="string_137" HPOS="1693" VPOS="971" WIDTH="106" HEIGHT="36" WC="0.96" CONTENT="deras"/><SP WIDTH="27" VPOS="971" HPOS="1799"/>
							<String ID="string_138" HPOS="1826" VPOS="970" WIDTH="184" HEIGHT="37" WC="0.96" CONTENT="tillkomst"/>
						</TextLine>
						<TextLine ID="line_16" HPOS="416" VPOS="1022" WIDTH="1595" HEIGHT="51">
							<String ID="string_139" HPOS="416" VPOS="1031" WIDTH="214" HEIGHT="38" WC="0.96" CONTENT="bibehållits"/><SP WIDTH="28" VPOS="1031" HPOS="630"/>
							<String ID="string_140" HPOS="658" VPOS="1030" WIDTH="12" HEIGHT="37" WC="0.96" CONTENT="i"/><SP WIDTH="28" VPOS="1030" HPOS="670"/>
							<String ID="string_141" HPOS="698" VPOS="1029" WIDTH="198" HEIGHT="38" WC="0.96" CONTENT="huvudsak"/><SP WIDTH="28" VPOS="1029" HPOS="896"/>
							<String ID="string_142" HPOS="924" VPOS="1026" WIDTH="258" HEIGHT="39" WC="0.95" CONTENT="oförändrade."/><SP WIDTH="46" VPOS="1026" HPOS="1182"/>
							<String ID="string_143" HPOS="1228" VPOS="1025" WIDTH="165" HEIGHT="38" WC="0.88" CONTENT="Sålunda"/><SP WIDTH="20" VPOS="1025" HPOS="1393"/>
							<String ID="string_144" HPOS="1413" VPOS="1024" WIDTH="203" HEIGHT="49" WC="0.91" CONTENT="medgåves"/><SP WIDTH="21" VPOS="1024" HPOS="1616"/>
							<String ID="string_145" HPOS="1637" VPOS="1024" WIDTH="120" HEIGHT="49" WC="0.97" CONTENT="enligt"/><SP WIDTH="19" VPOS="1024" HPOS="1757"/>
							<String ID="string_146" HPOS="1776" VPOS="1022" WIDTH="235" HEIGHT="38" WC="0.96" CONTENT="sistnämnda"/>
						</TextLine>
						<TextLine ID="line_17" HPOS="417" VPOS="1075" WIDTH="1593" HEIGHT="57">
							<String ID="string_147" HPOS="417" VPOS="1084" WIDTH="332" HEIGHT="48" WC="0.90" CONTENT="författningsrum"/><SP WIDTH="30" VPOS="1084" HPOS="749"/>
							<String ID="string_148" HPOS="779" VPOS="1085" WIDTH="37" HEIGHT="34" WC="0.93" CONTENT="åt"/><SP WIDTH="27" VPOS="1085" HPOS="816"/>
							<String ID="string_149" HPOS="843" VPOS="1082" WIDTH="130" HEIGHT="36" WC="0.92" CONTENT="idkare"/><SP WIDTH="29" VPOS="1082" HPOS="973"/>
							<String ID="string_150" HPOS="1002" VPOS="1094" WIDTH="46" HEIGHT="23" WC="0.93" CONTENT="av"/><SP WIDTH="27" VPOS="1094" HPOS="1048"/>
							<String ID="string_151" HPOS="1075" VPOS="1079" WIDTH="261" HEIGHT="38" WC="0.92" CONTENT="kvarnrörelse"/><SP WIDTH="29" VPOS="1079" HPOS="1336"/>
							<String ID="string_152" HPOS="1365" VPOS="1077" WIDTH="63" HEIGHT="38" WC="0.96" CONTENT="vid"/><SP WIDTH="27" VPOS="1077" HPOS="1428"/>
							<String ID="string_153" HPOS="1455" VPOS="1077" WIDTH="160" HEIGHT="37" WC="0.93" CONTENT="utförsel"/><SP WIDTH="28" VPOS="1077" HPOS="1615"/>
							<String ID="string_154" HPOS="1643" VPOS="1076" WIDTH="161" HEIGHT="51" WC="0.92" CONTENT="sjöledes"/><SP WIDTH="20" VPOS="1076" HPOS="1804"/>
							<String ID="string_155" HPOS="1824" VPOS="1076" WIDTH="81" HEIGHT="37" WC="0.93" CONTENT="från"/><SP WIDTH="20" VPOS="1076" HPOS="1905"/>
							<String ID="string_156" HPOS="1925" VPOS="1075" WIDTH="85" HEIGHT="37" WC="0.92" CONTENT="tull-"/>
						</TextLine>
						<TextLine ID="line_18" HPOS="416" VPOS="1128" WIDTH="1595" HEIGHT="59">
							<String ID="string_157" HPOS="416" VPOS="1137" WIDTH="98" HEIGHT="50" WC="0.96" CONTENT="plats"/><SP WIDTH="30" VPOS="1137" HPOS="514"/>
							<String ID="string_158" HPOS="544" VPOS="1150" WIDTH="45" HEIGHT="23" WC="0.96" CONTENT="av"/><SP WIDTH="28" VPOS="1150" HPOS="589"/>
							<String ID="string_159" HPOS="617" VPOS="1135" WIDTH="64" HEIGHT="37" WC="0.96" CONTENT="vid"/><SP WIDTH="29" VPOS="1135" HPOS="681"/>
							<String ID="string_160" HPOS="710" VPOS="1135" WIDTH="167" HEIGHT="37" WC="0.96" CONTENT="kvarnen"/><SP WIDTH="29" VPOS="1135" HPOS="877"/>
							<String ID="string_161" HPOS="906" VPOS="1132" WIDTH="202" HEIGHT="38" WC="0.95" CONTENT="framställt"/><SP WIDTH="28" VPOS="1132" HPOS="1108"/>
							<String ID="string_162" HPOS="1136" VPOS="1132" WIDTH="91" HEIGHT="50" WC="0.96" CONTENT="mjöl"/><SP WIDTH="29" VPOS="1132" HPOS="1227"/>
							<String ID="string_163" HPOS="1256" VPOS="1145" WIDTH="44" HEIGHT="24" WC="0.96" CONTENT="av"/><SP WIDTH="28" VPOS="1145" HPOS="1300"/>
							<String ID="string_164" HPOS="1328" VPOS="1134" WIDTH="70" HEIGHT="46" WC="0.96" CONTENT="råg"/><SP WIDTH="29" VPOS="1134" HPOS="1398"/>
							<String ID="string_165" HPOS="1427" VPOS="1131" WIDTH="89" HEIGHT="36" WC="0.95" CONTENT="eller"/><SP WIDTH="19" VPOS="1131" HPOS="1516"/>
							<String ID="string_166" HPOS="1535" VPOS="1135" WIDTH="85" HEIGHT="31" WC="0.92" CONTENT="vete"/><SP WIDTH="18" VPOS="1135" HPOS="1620"/>
							<String ID="string_167" HPOS="1638" VPOS="1129" WIDTH="214" HEIGHT="37" WC="0.92" CONTENT="restitution"/><SP WIDTH="20" VPOS="1129" HPOS="1852"/>
							<String ID="string_168" HPOS="1872" VPOS="1141" WIDTH="46" HEIGHT="23" WC="0.96" CONTENT="av"/><SP WIDTH="20" VPOS="1141" HPOS="1918"/>
							<String ID="string_169" HPOS="1938" VPOS="1128" WIDTH="73" HEIGHT="36" WC="0.96" CONTENT="den"/>
						</TextLine>
						<TextLine ID="line_19" HPOS="417" VPOS="1180" WIDTH="1594" HEIGHT="56">
							<String ID="string_170" HPOS="417" VPOS="1190" WIDTH="79" HEIGHT="46" WC="0.96" CONTENT="tull,"/><SP WIDTH="44" VPOS="1190" HPOS="496"/>
							<String ID="string_171" HPOS="540" VPOS="1202" WIDTH="78" HEIGHT="23" WC="0.62" CONTENT="gom"/><SP WIDTH="45" VPOS="1202" HPOS="618"/>
							<String ID="string_172" HPOS="663" VPOS="1202" WIDTH="45" HEIGHT="22" WC="0.96" CONTENT="av"/><SP WIDTH="28" VPOS="1202" HPOS="708"/>
							<String ID="string_173" HPOS="736" VPOS="1188" WIDTH="139" HEIGHT="36" WC="0.96" CONTENT="honom"/><SP WIDTH="29" VPOS="1188" HPOS="875"/>
							<String ID="string_174" HPOS="904" VPOS="1186" WIDTH="107" HEIGHT="36" WC="0.96" CONTENT="blivit"/><SP WIDTH="29" VPOS="1186" HPOS="1011"/>
							<String ID="string_175" HPOS="1040" VPOS="1185" WIDTH="129" HEIGHT="48" WC="0.96" CONTENT="erlagd"/><SP WIDTH="28" VPOS="1185" HPOS="1169"/>
							<String ID="string_176" HPOS="1197" VPOS="1185" WIDTH="59" HEIGHT="35" WC="0.96" CONTENT="för"/><SP WIDTH="29" VPOS="1185" HPOS="1256"/>
							<String ID="string_177" HPOS="1285" VPOS="1198" WIDTH="45" HEIGHT="22" WC="0.96" CONTENT="en"/><SP WIDTH="29" VPOS="1198" HPOS="1330"/>
							<String ID="string_178" HPOS="1359" VPOS="1182" WIDTH="266" HEIGHT="38" WC="0.96" CONTENT="motsvarande"/><SP WIDTH="28" VPOS="1182" HPOS="1625"/>
							<String ID="string_179" HPOS="1653" VPOS="1182" WIDTH="185" HEIGHT="36" WC="0.96" CONTENT="kvantitet"/><SP WIDTH="29" VPOS="1182" HPOS="1838"/>
							<String ID="string_180" HPOS="1867" VPOS="1180" WIDTH="144" HEIGHT="37" WC="0.96" CONTENT="direkte"/>
						</TextLine>
						<TextLine ID="line_20" HPOS="417" VPOS="1232" WIDTH="1594" HEIGHT="54">
							<String ID="string_181" HPOS="417" VPOS="1241" WIDTH="84" HEIGHT="37" WC="0.96" CONTENT="från"/><SP WIDTH="40" VPOS="1241" HPOS="501"/>
							<String ID="string_182" HPOS="541" VPOS="1240" WIDTH="169" HEIGHT="37" WC="0.95" CONTENT="utlandet"/><SP WIDTH="40" VPOS="1240" HPOS="710"/>
							<String ID="string_183" HPOS="750" VPOS="1238" WIDTH="125" HEIGHT="37" WC="0.93" CONTENT="införd"/><SP WIDTH="42" VPOS="1238" HPOS="875"/>
							<String ID="string_184" HPOS="917" VPOS="1237" WIDTH="147" HEIGHT="38" WC="0.91" CONTENT="omalen"/><SP WIDTH="43" VPOS="1237" HPOS="1064"/>
							<String ID="string_185" HPOS="1107" VPOS="1236" WIDTH="198" HEIGHT="50" WC="0.96" CONTENT="spannmål"/><SP WIDTH="42" VPOS="1236" HPOS="1305"/>
							<String ID="string_186" HPOS="1347" VPOS="1249" WIDTH="46" HEIGHT="22" WC="0.96" CONTENT="av"/><SP WIDTH="42" VPOS="1249" HPOS="1393"/>
							<String ID="string_187" HPOS="1435" VPOS="1248" WIDTH="142" HEIGHT="23" WC="0.96" CONTENT="samma"/><SP WIDTH="37" VPOS="1248" HPOS="1577"/>
							<String ID="string_188" HPOS="1614" VPOS="1234" WIDTH="94" HEIGHT="48" WC="0.96" CONTENT="slag,"/><SP WIDTH="29" VPOS="1234" HPOS="1708"/>
							<String ID="string_189" HPOS="1737" VPOS="1233" WIDTH="130" HEIGHT="47" WC="0.96" CONTENT="under,"/><SP WIDTH="31" VPOS="1233" HPOS="1867"/>
							<String ID="string_190" HPOS="1898" VPOS="1232" WIDTH="113" HEIGHT="37" WC="0.96" CONTENT="bland"/>
						</TextLine>
						<TextLine ID="line_21" HPOS="417" VPOS="1285" WIDTH="1592" HEIGHT="57">
							<String ID="string_191" HPOS="417" VPOS="1294" WIDTH="127" HEIGHT="43" WC="0.96" CONTENT="andra,"/><SP WIDTH="42" VPOS="1294" HPOS="544"/>
							<String ID="string_192" HPOS="586" VPOS="1292" WIDTH="163" HEIGHT="50" WC="0.96" CONTENT="följande"/><SP WIDTH="41" VPOS="1292" HPOS="749"/>
							<String ID="string_193" HPOS="790" VPOS="1291" WIDTH="119" HEIGHT="37" WC="0.93" CONTENT="under"/><SP WIDTH="29" VPOS="1291" HPOS="909"/>
							<String ID="string_194" HPOS="938" VPOS="1290" WIDTH="32" HEIGHT="50" WC="0.91" CONTENT="c)"/><SP WIDTH="30" VPOS="1290" HPOS="970"/>
							<String ID="string_195" HPOS="1000" VPOS="1290" WIDTH="166" HEIGHT="48" WC="0.96" CONTENT="angivna"/><SP WIDTH="26" VPOS="1290" HPOS="1166"/>
							<String ID="string_196" HPOS="1192" VPOS="1289" WIDTH="148" HEIGHT="46" WC="0.96" CONTENT="villkor,"/><SP WIDTH="30" VPOS="1289" HPOS="1340"/>
							<String ID="string_197" HPOS="1370" VPOS="1287" WIDTH="113" HEIGHT="48" WC="0.96" CONTENT="vilka,"/><SP WIDTH="30" VPOS="1287" HPOS="1483"/>
							<String ID="string_198" HPOS="1513" VPOS="1287" WIDTH="164" HEIGHT="36" WC="0.96" CONTENT="förutom"/><SP WIDTH="29" VPOS="1287" HPOS="1677"/>
							<String ID="string_199" HPOS="1706" VPOS="1285" WIDTH="72" HEIGHT="38" WC="0.95" CONTENT="den"/><SP WIDTH="30" VPOS="1285" HPOS="1778"/>
							<String ID="string_200" HPOS="1808" VPOS="1285" WIDTH="201" HEIGHT="47" WC="0.96" CONTENT="avvikelse,"/>
						</TextLine>
						<TextLine ID="line_22" HPOS="417" VPOS="1337" WIDTH="1593" HEIGHT="56">
							<String ID="string_201" HPOS="417" VPOS="1360" WIDTH="81" HEIGHT="23" WC="0.91" CONTENT="som"/><SP WIDTH="41" VPOS="1360" HPOS="498"/>
							<String ID="string_202" HPOS="539" VPOS="1345" WIDTH="193" HEIGHT="48" WC="0.91" CONTENT="betingats"/><SP WIDTH="29" VPOS="1345" HPOS="732"/>
							<String ID="string_203" HPOS="761" VPOS="1344" WIDTH="114" HEIGHT="36" WC="0.96" CONTENT="därav"/><SP WIDTH="30" VPOS="1344" HPOS="875"/>
							<String ID="string_204" HPOS="905" VPOS="1349" WIDTH="53" HEIGHT="31" WC="0.92" CONTENT="att"/><SP WIDTH="27" VPOS="1349" HPOS="958"/>
							<String ID="string_205" HPOS="985" VPOS="1342" WIDTH="310" HEIGHT="38" WC="0.90" CONTENT="restitutionsrätt"/><SP WIDTH="28" VPOS="1342" HPOS="1295"/>
							<String ID="string_206" HPOS="1323" VPOS="1341" WIDTH="57" HEIGHT="36" WC="0.96" CONTENT="för"/><SP WIDTH="28" VPOS="1341" HPOS="1380"/>
							<String ID="string_207" HPOS="1408" VPOS="1354" WIDTH="98" HEIGHT="35" WC="0.95" CONTENT="gryn"/><SP WIDTH="29" VPOS="1354" HPOS="1506"/>
							<String ID="string_208" HPOS="1535" VPOS="1352" WIDTH="157" HEIGHT="24" WC="0.93" CONTENT="numera"/><SP WIDTH="27" VPOS="1352" HPOS="1692"/>
							<String ID="string_209" HPOS="1719" VPOS="1338" WIDTH="194" HEIGHT="47" WC="0.92" CONTENT="bortfallit,"/><SP WIDTH="31" VPOS="1338" HPOS="1913"/>
							<String ID="string_210" HPOS="1944" VPOS="1337" WIDTH="66" HEIGHT="37" WC="0.96" CONTENT="ord"/>
						</TextLine>
						<TextLine ID="line_23" HPOS="417" VPOS="1388" WIDTH="1593" HEIGHT="52">
							<String ID="string_211" HPOS="417" VPOS="1398" WIDTH="57" HEIGHT="37" WC="0.96" CONTENT="för"/><SP WIDTH="41" VPOS="1398" HPOS="474"/>
							<String ID="string_212" HPOS="515" VPOS="1397" WIDTH="66" HEIGHT="38" WC="0.96" CONTENT="ord"/><SP WIDTH="42" VPOS="1397" HPOS="581"/>
							<String ID="string_213" HPOS="623" VPOS="1396" WIDTH="306" HEIGHT="37" WC="0.81" CONTENT="överensstämde"/><SP WIDTH="35" VPOS="1396" HPOS="929"/>
							<String ID="string_214" HPOS="964" VPOS="1395" WIDTH="84" HEIGHT="36" WC="0.96" CONTENT="med"/><SP WIDTH="30" VPOS="1395" HPOS="1048"/>
							<String ID="string_215" HPOS="1078" VPOS="1393" WIDTH="261" HEIGHT="38" WC="0.96" CONTENT="motsvarande"/><SP WIDTH="28" VPOS="1393" HPOS="1339"/>
							<String ID="string_216" HPOS="1367" VPOS="1393" WIDTH="139" HEIGHT="36" WC="0.95" CONTENT="villkor"/><SP WIDTH="27" VPOS="1393" HPOS="1506"/>
							<String ID="string_217" HPOS="1533" VPOS="1391" WIDTH="119" HEIGHT="37" WC="0.93" CONTENT="under"/><SP WIDTH="28" VPOS="1391" HPOS="1652"/>
							<String ID="string_218" HPOS="1680" VPOS="1390" WIDTH="20" HEIGHT="50" WC="0.93" CONTENT="$"/><SP WIDTH="30" VPOS="1390" HPOS="1700"/>
							<String ID="string_219" HPOS="1730" VPOS="1393" WIDTH="20" HEIGHT="34" WC="0.96" CONTENT="9"/><SP WIDTH="32" VPOS="1393" HPOS="1750"/>
							<String ID="string_220" HPOS="1782" VPOS="1404" WIDTH="112" HEIGHT="23" WC="0.96" CONTENT="mom."/><SP WIDTH="30" VPOS="1404" HPOS="1894"/>
							<String ID="string_221" HPOS="1924" VPOS="1392" WIDTH="21" HEIGHT="34" WC="0.95" CONTENT="3"/><SP WIDTH="32" VPOS="1392" HPOS="1945"/>
							<String ID="string_222" HPOS="1977" VPOS="1388" WIDTH="33" HEIGHT="50" WC="0.95" CONTENT="a)"/>
						</TextLine>
						<TextLine ID="line_24" HPOS="414" VPOS="1445" WIDTH="1121" HEIGHT="48">
							<String ID="string_223" HPOS="414" VPOS="1452" WIDTH="13" HEIGHT="36" WC="0.93" CONTENT="i"/><SP WIDTH="28" VPOS="1452" HPOS="427"/>
							<String ID="string_224" HPOS="455" VPOS="1450" WIDTH="344" HEIGHT="38" WC="0.92" CONTENT="underrättelserna"/><SP WIDTH="29" VPOS="1450" HPOS="799"/>
							<String ID="string_225" HPOS="828" VPOS="1448" WIDTH="56" HEIGHT="37" WC="0.95" CONTENT="till"/><SP WIDTH="32" VPOS="1448" HPOS="884"/>
							<String ID="string_226" HPOS="916" VPOS="1450" WIDTH="96" HEIGHT="35" WC="0.95" CONTENT="1888"/><SP WIDTH="30" VPOS="1450" HPOS="1012"/>
							<String ID="string_227" HPOS="1042" VPOS="1450" WIDTH="57" HEIGHT="34" WC="0.93" CONTENT="års"/><SP WIDTH="29" VPOS="1450" HPOS="1099"/>
							<String ID="string_228" HPOS="1128" VPOS="1447" WIDTH="168" HEIGHT="46" WC="0.91" CONTENT="tulltaxa,"/><SP WIDTH="30" VPOS="1447" HPOS="1296"/>
							<String ID="string_229" HPOS="1326" VPOS="1445" WIDTH="209" HEIGHT="48" WC="0.96" CONTENT="nämligen:"/>
						</TextLine>
					</TextBlock>
					<TextBlock ID="block_5" HPOS="410" VPOS="1495" WIDTH="1603" HEIGHT="422">
						<TextLine ID="line_25" HPOS="546" VPOS="1495" WIDTH="1466" HEIGHT="52">
							<String ID="string_230" HPOS="546" VPOS="1508" WIDTH="78" HEIGHT="31" WC="0.86" CONTENT="»att"/><SP WIDTH="42" VPOS="1508" HPOS="624"/>
							<String ID="string_231" HPOS="666" VPOS="1501" WIDTH="170" HEIGHT="38" WC="0.96" CONTENT="avsikten"/><SP WIDTH="42" VPOS="1501" HPOS="836"/>
							<String ID="string_232" HPOS="878" VPOS="1506" WIDTH="55" HEIGHT="31" WC="0.96" CONTENT="att"/><SP WIDTH="42" VPOS="1506" HPOS="933"/>
							<String ID="string_233" HPOS="975" VPOS="1514" WIDTH="45" HEIGHT="23" WC="0.96" CONTENT="av"/><SP WIDTH="42" VPOS="1514" HPOS="1020"/>
							<String ID="string_234" HPOS="1062" VPOS="1500" WIDTH="71" HEIGHT="36" WC="0.96" CONTENT="den"/><SP WIDTH="42" VPOS="1500" HPOS="1133"/>
							<String ID="string_235" HPOS="1175" VPOS="1498" WIDTH="148" HEIGHT="38" WC="0.93" CONTENT="införda"/><SP WIDTH="42" VPOS="1498" HPOS="1323"/>
							<String ID="string_236" HPOS="1365" VPOS="1497" WIDTH="246" HEIGHT="50" WC="0.89" CONTENT="spannmålen"/><SP WIDTH="37" VPOS="1497" HPOS="1611"/>
							<String ID="string_237" HPOS="1648" VPOS="1495" WIDTH="159" HEIGHT="37" WC="0.92" CONTENT="förmala"/><SP WIDTH="30" VPOS="1495" HPOS="1807"/>
							<String ID="string_238" HPOS="1837" VPOS="1495" WIDTH="90" HEIGHT="50" WC="0.96" CONTENT="mjöl"/><SP WIDTH="28" VPOS="1495" HPOS="1927"/>
							<String ID="string_239" HPOS="1955" VPOS="1495" WIDTH="57" HEIGHT="36" WC="0.96" CONTENT="för"/>
						</TextLine>
						<TextLine ID="line_26" HPOS="416" VPOS="1548" WIDTH="1595" HEIGHT="58">
							<String ID="string_240" HPOS="416" VPOS="1561" WIDTH="133" HEIGHT="45" WC="0.96" CONTENT="export"/><SP WIDTH="29" VPOS="1561" HPOS="549"/>
							<String ID="string_241" HPOS="578" VPOS="1560" WIDTH="101" HEIGHT="31" WC="0.96" CONTENT="emot"/><SP WIDTH="28" VPOS="1560" HPOS="679"/>
							<String ID="string_242" HPOS="707" VPOS="1553" WIDTH="220" HEIGHT="50" WC="0.96" CONTENT="åtnjutande"/><SP WIDTH="29" VPOS="1553" HPOS="927"/>
							<String ID="string_243" HPOS="956" VPOS="1566" WIDTH="46" HEIGHT="23" WC="0.92" CONTENT="av"/><SP WIDTH="27" VPOS="1566" HPOS="1002"/>
							<String ID="string_244" HPOS="1029" VPOS="1552" WIDTH="214" HEIGHT="37" WC="0.91" CONTENT="restitution"/><SP WIDTH="29" VPOS="1552" HPOS="1243"/>
							<String ID="string_245" HPOS="1272" VPOS="1551" WIDTH="118" HEIGHT="36" WC="0.96" CONTENT="redan"/><SP WIDTH="27" VPOS="1551" HPOS="1390"/>
							<String ID="string_246" HPOS="1417" VPOS="1550" WIDTH="12" HEIGHT="36" WC="0.96" CONTENT="i"/><SP WIDTH="28" VPOS="1550" HPOS="1429"/>
							<String ID="string_247" HPOS="1457" VPOS="1549" WIDTH="275" HEIGHT="47" WC="0.95" CONTENT="sammanhang"/><SP WIDTH="29" VPOS="1549" HPOS="1732"/>
							<String ID="string_248" HPOS="1761" VPOS="1548" WIDTH="84" HEIGHT="37" WC="0.92" CONTENT="med"/><SP WIDTH="28" VPOS="1548" HPOS="1845"/>
							<String ID="string_249" HPOS="1873" VPOS="1561" WIDTH="138" HEIGHT="36" WC="0.92" CONTENT="spann-"/>
						</TextLine>
						<TextLine ID="line_27" HPOS="415" VPOS="1600" WIDTH="1597" HEIGHT="56">
							<String ID="string_250" HPOS="415" VPOS="1609" WIDTH="143" HEIGHT="37" WC="0.90" CONTENT="målens"/><SP WIDTH="29" VPOS="1609" HPOS="558"/>
							<String ID="string_251" HPOS="587" VPOS="1607" WIDTH="213" HEIGHT="49" WC="0.91" CONTENT="angivning"/><SP WIDTH="28" VPOS="1607" HPOS="800"/>
							<String ID="string_252" HPOS="828" VPOS="1606" WIDTH="56" HEIGHT="36" WC="0.96" CONTENT="till"/><SP WIDTH="29" VPOS="1606" HPOS="884"/>
							<String ID="string_253" HPOS="913" VPOS="1604" WIDTH="225" HEIGHT="49" WC="0.95" CONTENT="förtullning"/><SP WIDTH="28" VPOS="1604" HPOS="1138"/>
							<String ID="string_254" HPOS="1166" VPOS="1618" WIDTH="46" HEIGHT="22" WC="0.96" CONTENT="av"/><SP WIDTH="21" VPOS="1618" HPOS="1212"/>
							<String ID="string_255" HPOS="1233" VPOS="1602" WIDTH="282" HEIGHT="37" WC="0.93" CONTENT="vederbörande"/><SP WIDTH="20" VPOS="1602" HPOS="1515"/>
							<String ID="string_256" HPOS="1535" VPOS="1601" WIDTH="129" HEIGHT="37" WC="0.91" CONTENT="idkare"/><SP WIDTH="20" VPOS="1601" HPOS="1664"/>
							<String ID="string_257" HPOS="1684" VPOS="1614" WIDTH="46" HEIGHT="23" WC="0.93" CONTENT="av"/><SP WIDTH="20" VPOS="1614" HPOS="1730"/>
							<String ID="string_258" HPOS="1750" VPOS="1600" WIDTH="262" HEIGHT="37" WC="0.92" CONTENT="kvarnrörelse"/>
						</TextLine>
						<TextLine ID="line_28" HPOS="415" VPOS="1652" WIDTH="1596" HEIGHT="52">
							<String ID="string_259" HPOS="415" VPOS="1661" WIDTH="181" HEIGHT="43" WC="0.90" CONTENT="anmäles:"/><SP WIDTH="44" VPOS="1661" HPOS="596"/>
							<String ID="string_260" HPOS="640" VPOS="1659" WIDTH="182" HEIGHT="37" WC="0.90" CONTENT="skolande"/><SP WIDTH="40" VPOS="1659" HPOS="822"/>
							<String ID="string_261" HPOS="862" VPOS="1658" WIDTH="183" HEIGHT="37" WC="0.90" CONTENT="införgeln"/><SP WIDTH="41" VPOS="1658" HPOS="1045"/>
							<String ID="string_262" HPOS="1086" VPOS="1670" WIDTH="45" HEIGHT="23" WC="0.96" CONTENT="av"/><SP WIDTH="39" VPOS="1670" HPOS="1131"/>
							<String ID="string_263" HPOS="1170" VPOS="1656" WIDTH="72" HEIGHT="37" WC="0.93" CONTENT="den"/><SP WIDTH="29" VPOS="1656" HPOS="1242"/>
							<String ID="string_264" HPOS="1271" VPOS="1656" WIDTH="149" HEIGHT="36" WC="0.91" CONTENT="omalna"/><SP WIDTH="28" VPOS="1656" HPOS="1420"/>
							<String ID="string_265" HPOS="1448" VPOS="1655" WIDTH="70" HEIGHT="36" WC="0.93" CONTENT="och"/><SP WIDTH="27" VPOS="1655" HPOS="1518"/>
							<String ID="string_266" HPOS="1545" VPOS="1653" WIDTH="187" HEIGHT="37" WC="0.91" CONTENT="utförseln"/><SP WIDTH="28" VPOS="1653" HPOS="1732"/>
							<String ID="string_267" HPOS="1760" VPOS="1667" WIDTH="46" HEIGHT="23" WC="0.96" CONTENT="av"/><SP WIDTH="29" VPOS="1667" HPOS="1806"/>
							<String ID="string_268" HPOS="1835" VPOS="1652" WIDTH="72" HEIGHT="38" WC="0.92" CONTENT="den"/><SP WIDTH="30" VPOS="1652" HPOS="1907"/>
							<String ID="string_269" HPOS="1937" VPOS="1652" WIDTH="74" HEIGHT="37" WC="0.92" CONTENT="för-"/>
						</TextLine>
						<TextLine ID="line_29" HPOS="415" VPOS="1705" WIDTH="1595" HEIGHT="56">
							<String ID="string_270" HPOS="415" VPOS="1713" WIDTH="125" HEIGHT="37" WC="0.90" CONTENT="malna"/><SP WIDTH="42" VPOS="1713" HPOS="540"/>
							<String ID="string_271" HPOS="582" VPOS="1711" WIDTH="247" HEIGHT="50" WC="0.91" CONTENT="spannmålen"/><SP WIDTH="43" VPOS="1711" HPOS="829"/>
							<String ID="string_272" HPOS="872" VPOS="1715" WIDTH="73" HEIGHT="44" WC="0.96" CONTENT="äga"/><SP WIDTH="39" VPOS="1715" HPOS="945"/>
							<String ID="string_273" HPOS="984" VPOS="1723" WIDTH="82" HEIGHT="23" WC="0.96" CONTENT="rum"/><SP WIDTH="43" VPOS="1723" HPOS="1066"/>
							<String ID="string_274" HPOS="1109" VPOS="1709" WIDTH="63" HEIGHT="36" WC="0.95" CONTENT="vid"/><SP WIDTH="29" VPOS="1709" HPOS="1172"/>
							<String ID="string_275" HPOS="1201" VPOS="1722" WIDTH="45" HEIGHT="23" WC="0.95" CONTENT="en"/><SP WIDTH="29" VPOS="1722" HPOS="1246"/>
							<String ID="string_276" HPOS="1275" VPOS="1708" WIDTH="71" HEIGHT="36" WC="0.96" CONTENT="och"/><SP WIDTH="29" VPOS="1708" HPOS="1346"/>
							<String ID="string_277" HPOS="1375" VPOS="1720" WIDTH="143" HEIGHT="24" WC="0.93" CONTENT="samma"/><SP WIDTH="29" VPOS="1720" HPOS="1518"/>
							<String ID="string_278" HPOS="1547" VPOS="1706" WIDTH="182" HEIGHT="50" WC="0.92" CONTENT="tullplats,"/><SP WIDTH="29" VPOS="1706" HPOS="1729"/>
							<String ID="string_279" HPOS="1758" VPOS="1705" WIDTH="84" HEIGHT="37" WC="0.96" CONTENT="från"/><SP WIDTH="27" VPOS="1705" HPOS="1842"/>
							<String ID="string_280" HPOS="1869" VPOS="1705" WIDTH="141" HEIGHT="48" WC="0.96" CONTENT="vilken,"/>
						</TextLine>
						<TextLine ID="line_30" HPOS="415" VPOS="1758" WIDTH="1598" HEIGHT="54">
							<String ID="string_281" HPOS="415" VPOS="1766" WIDTH="125" HEIGHT="36" WC="0.96" CONTENT="därest"/><SP WIDTH="28" VPOS="1766" HPOS="540"/>
							<String ID="string_282" HPOS="568" VPOS="1764" WIDTH="71" HEIGHT="37" WC="0.96" CONTENT="den"/><SP WIDTH="29" VPOS="1764" HPOS="639"/>
							<String ID="string_283" HPOS="668" VPOS="1764" WIDTH="83" HEIGHT="37" WC="0.96" CONTENT="icke"/><SP WIDTH="28" VPOS="1764" HPOS="751"/>
							<String ID="string_284" HPOS="779" VPOS="1768" WIDTH="40" HEIGHT="31" WC="0.93" CONTENT="är"/><SP WIDTH="28" VPOS="1768" HPOS="819"/>
							<String ID="string_285" HPOS="847" VPOS="1761" WIDTH="218" HEIGHT="51" WC="0.90" CONTENT="stapelstad,"/><SP WIDTH="30" VPOS="1761" HPOS="1065"/>
							<String ID="string_286" HPOS="1095" VPOS="1760" WIDTH="433" HEIGHT="50" WC="0.91" CONTENT="angivningsinlagorna"/><SP WIDTH="25" VPOS="1760" HPOS="1528"/>
							<String ID="string_287" HPOS="1553" VPOS="1764" WIDTH="89" HEIGHT="31" WC="0.93" CONTENT="över"/><SP WIDTH="18" VPOS="1764" HPOS="1642"/>
							<String ID="string_288" HPOS="1660" VPOS="1759" WIDTH="57" HEIGHT="36" WC="0.92" CONTENT="in-"/><SP WIDTH="21" VPOS="1759" HPOS="1717"/>
							<String ID="string_289" HPOS="1738" VPOS="1758" WIDTH="70" HEIGHT="37" WC="0.93" CONTENT="och"/><SP WIDTH="19" VPOS="1758" HPOS="1808"/>
							<String ID="string_290" HPOS="1827" VPOS="1758" WIDTH="186" HEIGHT="37" WC="0.92" CONTENT="utförseln"/>
						</TextLine>
						<TextLine ID="line_31" HPOS="410" VPOS="1810" WIDTH="1602" HEIGHT="57">
							<String ID="string_291" HPOS="410" VPOS="1819" WIDTH="119" HEIGHT="48" WC="0.96" CONTENT="jämte"/><SP WIDTH="41" VPOS="1819" HPOS="529"/>
							<String ID="string_292" HPOS="570" VPOS="1817" WIDTH="67" HEIGHT="36" WC="0.96" CONTENT="här"/><SP WIDTH="41" VPOS="1817" HPOS="637"/>
							<String ID="string_293" HPOS="678" VPOS="1816" WIDTH="124" HEIGHT="37" WC="0.93" CONTENT="nedan"/><SP WIDTH="41" VPOS="1816" HPOS="802"/>
							<String ID="string_294" HPOS="843" VPOS="1814" WIDTH="250" HEIGHT="37" WC="0.92" CONTENT="omförmälda"/><SP WIDTH="36" VPOS="1814" HPOS="1093"/>
							<String ID="string_295" HPOS="1129" VPOS="1815" WIDTH="111" HEIGHT="48" WC="0.96" CONTENT="intyg"/><SP WIDTH="28" VPOS="1815" HPOS="1240"/>
							<String ID="string_296" HPOS="1268" VPOS="1813" WIDTH="106" HEIGHT="36" WC="0.96" CONTENT="skola"/><SP WIDTH="28" VPOS="1813" HPOS="1374"/>
							<String ID="string_297" HPOS="1402" VPOS="1811" WIDTH="178" HEIGHT="38" WC="0.96" CONTENT="insändas"/><SP WIDTH="28" VPOS="1811" HPOS="1580"/>
							<String ID="string_298" HPOS="1608" VPOS="1811" WIDTH="57" HEIGHT="37" WC="0.96" CONTENT="till"/><SP WIDTH="30" VPOS="1811" HPOS="1665"/>
							<String ID="string_299" HPOS="1695" VPOS="1811" WIDTH="71" HEIGHT="37" WC="0.93" CONTENT="den"/><SP WIDTH="29" VPOS="1811" HPOS="1766"/>
							<String ID="string_300" HPOS="1795" VPOS="1810" WIDTH="217" HEIGHT="37" WC="0.92" CONTENT="huvudtull-"/>
						</TextLine>
						<TextLine ID="line_32" HPOS="414" VPOS="1866" WIDTH="919" HEIGHT="51">
							<String ID="string_301" HPOS="414" VPOS="1870" WIDTH="206" HEIGHT="47" WC="0.95" CONTENT="kammare,"/><SP WIDTH="28" VPOS="1870" HPOS="620"/>
							<String ID="string_302" HPOS="648" VPOS="1868" WIDTH="120" HEIGHT="37" WC="0.95" CONTENT="under"/><SP WIDTH="26" VPOS="1868" HPOS="768"/>
							<String ID="string_303" HPOS="794" VPOS="1867" WIDTH="127" HEIGHT="38" WC="0.92" CONTENT="vilken"/><SP WIDTH="29" VPOS="1867" HPOS="921"/>
							<String ID="string_304" HPOS="950" VPOS="1866" WIDTH="216" HEIGHT="50" WC="0.92" CONTENT="tullplatsen"/><SP WIDTH="29" VPOS="1866" HPOS="1166"/>
							<String ID="string_305" HPOS="1195" VPOS="1866" WIDTH="138" HEIGHT="50" WC="0.95" CONTENT="lyder»."/>
						</TextLine>
					</TextBlock>
					<TextBlock ID="block_6" HPOS="413" VPOS="1916" WIDTH="1604" HEIGHT="422">
						<TextLine ID="line_33" HPOS="544" VPOS="1916" WIDTH="1466" HEIGHT="53">
							<String ID="string_306" HPOS="544" VPOS="1922" WIDTH="121" HEIGHT="37" WC="0.95" CONTENT="Dessa"/><SP WIDTH="27" VPOS="1922" HPOS="665"/>
							<String ID="string_307" HPOS="692" VPOS="1935" WIDTH="50" HEIGHT="22" WC="0.95" CONTENT="nu"/><SP WIDTH="30" VPOS="1935" HPOS="742"/>
							<String ID="string_308" HPOS="772" VPOS="1921" WIDTH="197" HEIGHT="48" WC="0.96" CONTENT="återgivna"/><SP WIDTH="28" VPOS="1921" HPOS="969"/>
							<String ID="string_309" HPOS="997" VPOS="1920" WIDTH="148" HEIGHT="46" WC="0.96" CONTENT="villkor,"/><SP WIDTH="30" VPOS="1920" HPOS="1145"/>
							<String ID="string_310" HPOS="1175" VPOS="1919" WIDTH="195" HEIGHT="36" WC="0.96" CONTENT="fortsätter"/><SP WIDTH="28" VPOS="1919" HPOS="1370"/>
							<String ID="string_311" HPOS="1398" VPOS="1917" WIDTH="164" HEIGHT="37" WC="0.93" CONTENT="härefter"/><SP WIDTH="24" VPOS="1917" HPOS="1562"/>
							<String ID="string_312" HPOS="1586" VPOS="1916" WIDTH="424" HEIGHT="50" WC="0.91" CONTENT="generaltullstyrelsen,"/>
						</TextLine>
						<TextLine ID="line_34" HPOS="415" VPOS="1967" WIDTH="1597" HEIGHT="55">
							<String ID="string_313" HPOS="415" VPOS="1975" WIDTH="94" HEIGHT="36" WC="0.95" CONTENT="hade"/><SP WIDTH="29" VPOS="1975" HPOS="509"/>
							<String ID="string_314" HPOS="538" VPOS="1973" WIDTH="207" HEIGHT="38" WC="0.95" CONTENT="emellertid"/><SP WIDTH="28" VPOS="1973" HPOS="745"/>
							<String ID="string_315" HPOS="773" VPOS="1972" WIDTH="299" HEIGHT="50" WC="0.96" CONTENT="ursprungligen"/><SP WIDTH="30" VPOS="1972" HPOS="1072"/>
							<String ID="string_316" HPOS="1102" VPOS="1971" WIDTH="139" HEIGHT="36" WC="0.96" CONTENT="varken"/><SP WIDTH="24" VPOS="1971" HPOS="1241"/>
							<String ID="string_317" HPOS="1265" VPOS="1970" WIDTH="240" HEIGHT="37" WC="0.96" CONTENT="formulerats"/><SP WIDTH="20" VPOS="1970" HPOS="1505"/>
							<String ID="string_318" HPOS="1525" VPOS="1969" WIDTH="87" HEIGHT="37" WC="0.96" CONTENT="eller"/><SP WIDTH="19" VPOS="1969" HPOS="1612"/>
							<String ID="string_319" HPOS="1631" VPOS="1982" WIDTH="66" HEIGHT="23" WC="0.96" CONTENT="ens"/><SP WIDTH="21" VPOS="1982" HPOS="1697"/>
							<String ID="string_320" HPOS="1718" VPOS="1968" WIDTH="57" HEIGHT="36" WC="0.96" CONTENT="till"/><SP WIDTH="20" VPOS="1968" HPOS="1775"/>
							<String ID="string_321" HPOS="1795" VPOS="1967" WIDTH="217" HEIGHT="50" WC="0.96" CONTENT="grunderna"/>
						</TextLine>
						<TextLine ID="line_35" HPOS="413" VPOS="2020" WIDTH="1598" HEIGHT="53">
							<String ID="string_322" HPOS="413" VPOS="2028" WIDTH="182" HEIGHT="36" WC="0.96" CONTENT="bestämts"/><SP WIDTH="42" VPOS="2028" HPOS="595"/>
							<String ID="string_323" HPOS="637" VPOS="2040" WIDTH="47" HEIGHT="22" WC="0.96" CONTENT="av"/><SP WIDTH="40" VPOS="2040" HPOS="684"/>
							<String ID="string_324" HPOS="724" VPOS="2025" WIDTH="221" HEIGHT="48" WC="0.96" CONTENT="Riksdagen"/><SP WIDTH="41" VPOS="2025" HPOS="945"/>
							<String ID="string_325" HPOS="986" VPOS="2030" WIDTH="93" HEIGHT="30" WC="0.89" CONTENT="utan"/><SP WIDTH="40" VPOS="2030" HPOS="1079"/>
							<String ID="string_326" HPOS="1119" VPOS="2023" WIDTH="96" HEIGHT="37" WC="0.96" CONTENT="hade"/><SP WIDTH="37" VPOS="2023" HPOS="1215"/>
							<String ID="string_327" HPOS="1252" VPOS="2037" WIDTH="46" HEIGHT="22" WC="0.96" CONTENT="av"/><SP WIDTH="29" VPOS="2037" HPOS="1298"/>
							<String ID="string_328" HPOS="1327" VPOS="2022" WIDTH="142" HEIGHT="49" WC="0.95" CONTENT="Kungl."/><SP WIDTH="30" VPOS="2022" HPOS="1469"/>
							<String ID="string_329" HPOS="1499" VPOS="2022" WIDTH="107" HEIGHT="49" WC="0.96" CONTENT="Maj:t"/><SP WIDTH="27" VPOS="2022" HPOS="1606"/>
							<String ID="string_330" HPOS="1633" VPOS="2020" WIDTH="136" HEIGHT="38" WC="0.96" CONTENT="införts"/><SP WIDTH="28" VPOS="2020" HPOS="1769"/>
							<String ID="string_331" HPOS="1797" VPOS="2021" WIDTH="13" HEIGHT="36" WC="0.93" CONTENT="i"/><SP WIDTH="28" VPOS="2021" HPOS="1810"/>
							<String ID="string_332" HPOS="1838" VPOS="2020" WIDTH="173" HEIGHT="37" WC="0.91" CONTENT="tulltaxe-"/>
						</TextLine>
						<TextLine ID="line_36" HPOS="413" VPOS="2072" WIDTH="1597" HEIGHT="54">
							<String ID="string_333" HPOS="413" VPOS="2078" WIDTH="348" HEIGHT="38" WC="0.91" CONTENT="underrättelserna"/><SP WIDTH="28" VPOS="2078" HPOS="761"/>
							<String ID="string_334" HPOS="789" VPOS="2077" WIDTH="12" HEIGHT="36" WC="0.96" CONTENT="i"/><SP WIDTH="29" VPOS="2077" HPOS="801"/>
							<String ID="string_335" HPOS="830" VPOS="2077" WIDTH="171" HEIGHT="49" WC="0.96" CONTENT="enlighet"/><SP WIDTH="27" VPOS="2077" HPOS="1001"/>
							<String ID="string_336" HPOS="1028" VPOS="2075" WIDTH="86" HEIGHT="38" WC="0.96" CONTENT="med"/><SP WIDTH="28" VPOS="2075" HPOS="1114"/>
							<String ID="string_337" HPOS="1142" VPOS="2075" WIDTH="238" HEIGHT="49" WC="0.96" CONTENT="Riksdagens"/><SP WIDTH="28" VPOS="2075" HPOS="1380"/>
							<String ID="string_338" HPOS="1408" VPOS="2074" WIDTH="12" HEIGHT="36" WC="0.96" CONTENT="i"/><SP WIDTH="29" VPOS="2074" HPOS="1420"/>
							<String ID="string_339" HPOS="1449" VPOS="2073" WIDTH="183" HEIGHT="38" WC="0.96" CONTENT="skrivelse"/><SP WIDTH="29" VPOS="2073" HPOS="1632"/>
							<String ID="string_340" HPOS="1661" VPOS="2073" WIDTH="72" HEIGHT="37" WC="0.96" CONTENT="den"/><SP WIDTH="29" VPOS="2073" HPOS="1733"/>
							<String ID="string_341" HPOS="1762" VPOS="2074" WIDTH="21" HEIGHT="35" WC="0.95" CONTENT="8"/><SP WIDTH="30" VPOS="2074" HPOS="1783"/>
							<String ID="string_342" HPOS="1813" VPOS="2072" WIDTH="73" HEIGHT="50" WC="0.95" CONTENT="maj"/><SP WIDTH="28" VPOS="2072" HPOS="1886"/>
							<String ID="string_343" HPOS="1914" VPOS="2074" WIDTH="96" HEIGHT="35" WC="0.96" CONTENT="1888"/>
						</TextLine>
						<TextLine ID="line_37" HPOS="414" VPOS="2125" WIDTH="1598" HEIGHT="54">
							<String ID="string_344" HPOS="414" VPOS="2146" WIDTH="46" HEIGHT="22" WC="0.95" CONTENT="nr"/><SP WIDTH="34" VPOS="2146" HPOS="460"/>
							<String ID="string_345" HPOS="494" VPOS="2133" WIDTH="45" HEIGHT="35" WC="0.95" CONTENT="56"/><SP WIDTH="33" VPOS="2133" HPOS="539"/>
							<String ID="string_346" HPOS="572" VPOS="2131" WIDTH="121" HEIGHT="48" WC="0.95" CONTENT="(sidan"/><SP WIDTH="33" VPOS="2131" HPOS="693"/>
							<String ID="string_347" HPOS="726" VPOS="2129" WIDTH="58" HEIGHT="50" WC="0.96" CONTENT="14)"/><SP WIDTH="30" VPOS="2129" HPOS="784"/>
							<String ID="string_348" HPOS="814" VPOS="2130" WIDTH="134" HEIGHT="49" WC="0.96" CONTENT="gjorda"/><SP WIDTH="30" VPOS="2130" HPOS="948"/>
							<String ID="string_349" HPOS="978" VPOS="2128" WIDTH="186" HEIGHT="46" WC="0.96" CONTENT="anhållan,"/><SP WIDTH="31" VPOS="2128" HPOS="1164"/>
							<String ID="string_350" HPOS="1195" VPOS="2132" WIDTH="55" HEIGHT="32" WC="0.93" CONTENT="att"/><SP WIDTH="27" VPOS="2132" HPOS="1250"/>
							<String ID="string_351" HPOS="1277" VPOS="2149" WIDTH="50" HEIGHT="4" WC="0.90" CONTENT="—"/><SP WIDTH="28" VPOS="2149" HPOS="1327"/>
							<String ID="string_352" HPOS="1355" VPOS="2132" WIDTH="133" HEIGHT="31" WC="0.95" CONTENT="utöver"/><SP WIDTH="27" VPOS="2132" HPOS="1488"/>
							<String ID="string_353" HPOS="1515" VPOS="2126" WIDTH="73" HEIGHT="37" WC="0.96" CONTENT="vad"/><SP WIDTH="29" VPOS="2126" HPOS="1588"/>
							<String ID="string_354" HPOS="1617" VPOS="2126" WIDTH="219" HEIGHT="48" WC="0.96" CONTENT="Riksdagen"/><SP WIDTH="27" VPOS="2126" HPOS="1836"/>
							<String ID="string_355" HPOS="1863" VPOS="2126" WIDTH="13" HEIGHT="35" WC="0.84" CONTENT="i"/><SP WIDTH="28" VPOS="2126" HPOS="1876"/>
							<String ID="string_356" HPOS="1904" VPOS="2125" WIDTH="108" HEIGHT="48" WC="0.96" CONTENT="fråga"/>
						</TextLine>
						<TextLine ID="line_38" HPOS="414" VPOS="2177" WIDTH="1603" HEIGHT="52">
							<String ID="string_357" HPOS="414" VPOS="2198" WIDTH="61" HEIGHT="23" WC="0.86" CONTENT="om"/><SP WIDTH="27" VPOS="2198" HPOS="475"/>
							<String ID="string_358" HPOS="502" VPOS="2183" WIDTH="359" HEIGHT="37" WC="0.86" CONTENT="restitutionsrätten"/><SP WIDTH="27" VPOS="2183" HPOS="861"/>
							<String ID="string_359" HPOS="888" VPOS="2182" WIDTH="156" HEIGHT="36" WC="0.90" CONTENT="beslutit"/><SP WIDTH="27" VPOS="2182" HPOS="1044"/>
							<String ID="string_360" HPOS="1071" VPOS="2202" WIDTH="51" HEIGHT="5" WC="0.92" CONTENT="—"/><SP WIDTH="27" VPOS="2202" HPOS="1122"/>
							<String ID="string_361" HPOS="1149" VPOS="2180" WIDTH="142" HEIGHT="49" WC="0.96" CONTENT="Kungl."/><SP WIDTH="30" VPOS="2180" HPOS="1291"/>
							<String ID="string_362" HPOS="1321" VPOS="2179" WIDTH="107" HEIGHT="49" WC="0.96" CONTENT="Maj:t"/><SP WIDTH="28" VPOS="2179" HPOS="1428"/>
							<String ID="string_363" HPOS="1456" VPOS="2179" WIDTH="144" HEIGHT="36" WC="0.96" CONTENT="täcktes"/><SP WIDTH="28" VPOS="2179" HPOS="1600"/>
							<String ID="string_364" HPOS="1628" VPOS="2178" WIDTH="152" HEIGHT="36" WC="0.96" CONTENT="utfärda"/><SP WIDTH="28" VPOS="2178" HPOS="1780"/>
							<String ID="string_365" HPOS="1808" VPOS="2178" WIDTH="45" HEIGHT="36" WC="0.96" CONTENT="de"/><SP WIDTH="30" VPOS="2178" HPOS="1853"/>
							<String ID="string_366" HPOS="1883" VPOS="2177" WIDTH="134" HEIGHT="36" WC="0.95" CONTENT="vidare"/>
						</TextLine>
						<TextLine ID="line_39" HPOS="415" VPOS="2229" WIDTH="1594" HEIGHT="52">
							<String ID="string_367" HPOS="415" VPOS="2236" WIDTH="246" HEIGHT="45" WC="0.96" CONTENT="föreskrifter,"/><SP WIDTH="44" VPOS="2236" HPOS="661"/>
							<String ID="string_368" HPOS="705" VPOS="2248" WIDTH="81" HEIGHT="24" WC="0.96" CONTENT="som"/><SP WIDTH="41" VPOS="2248" HPOS="786"/>
							<String ID="string_369" HPOS="827" VPOS="2234" WIDTH="12" HEIGHT="36" WC="0.96" CONTENT="i"/><SP WIDTH="41" VPOS="2234" HPOS="839"/>
							<String ID="string_370" HPOS="880" VPOS="2233" WIDTH="247" HEIGHT="38" WC="0.96" CONTENT="förevarande"/><SP WIDTH="41" VPOS="2233" HPOS="1127"/>
							<String ID="string_371" HPOS="1168" VPOS="2232" WIDTH="215" HEIGHT="37" WC="0.96" CONTENT="hänseende"/><SP WIDTH="42" VPOS="2232" HPOS="1383"/>
							<String ID="string_372" HPOS="1425" VPOS="2231" WIDTH="127" HEIGHT="37" WC="0.96" CONTENT="kunde"/><SP WIDTH="40" VPOS="2231" HPOS="1552"/>
							<String ID="string_373" HPOS="1592" VPOS="2231" WIDTH="123" HEIGHT="36" WC="0.95" CONTENT="finnas"/><SP WIDTH="39" VPOS="2231" HPOS="1715"/>
							<String ID="string_374" HPOS="1754" VPOS="2229" WIDTH="255" HEIGHT="49" WC="0.95" CONTENT="erforderliga."/>
						</TextLine>
						<TextLine ID="line_40" HPOS="415" VPOS="2282" WIDTH="1597" HEIGHT="56">
							<String ID="string_375" HPOS="415" VPOS="2288" WIDTH="107" HEIGHT="38" WC="0.90" CONTENT="Ovan"/><SP WIDTH="28" VPOS="2288" HPOS="522"/>
							<String ID="string_376" HPOS="550" VPOS="2288" WIDTH="158" HEIGHT="50" WC="0.96" CONTENT="intagna"/><SP WIDTH="28" VPOS="2288" HPOS="708"/>
							<String ID="string_377" HPOS="736" VPOS="2286" WIDTH="134" HEIGHT="38" WC="0.96" CONTENT="villkor"/><SP WIDTH="28" VPOS="2286" HPOS="870"/>
							<String ID="string_378" HPOS="898" VPOS="2286" WIDTH="95" HEIGHT="37" WC="0.91" CONTENT="hade"/><SP WIDTH="29" VPOS="2286" HPOS="993"/>
							<String ID="string_379" HPOS="1022" VPOS="2286" WIDTH="179" HEIGHT="37" WC="0.91" CONTENT="avfattats"/><SP WIDTH="28" VPOS="2286" HPOS="1201"/>
							<String ID="string_380" HPOS="1229" VPOS="2285" WIDTH="13" HEIGHT="36" WC="0.96" CONTENT="i"/><SP WIDTH="28" VPOS="2285" HPOS="1242"/>
							<String ID="string_381" HPOS="1270" VPOS="2284" WIDTH="170" HEIGHT="49" WC="0.96" CONTENT="enlighet"/><SP WIDTH="28" VPOS="2284" HPOS="1440"/>
							<String ID="string_382" HPOS="1468" VPOS="2283" WIDTH="85" HEIGHT="37" WC="0.95" CONTENT="med"/><SP WIDTH="20" VPOS="2283" HPOS="1553"/>
							<String ID="string_383" HPOS="1573" VPOS="2283" WIDTH="146" HEIGHT="49" WC="0.95" CONTENT="förslag"/><SP WIDTH="20" VPOS="2283" HPOS="1719"/>
							<String ID="string_384" HPOS="1739" VPOS="2296" WIDTH="46" HEIGHT="23" WC="0.93" CONTENT="av"/><SP WIDTH="20" VPOS="2296" HPOS="1785"/>
							<String ID="string_385" HPOS="1805" VPOS="2282" WIDTH="207" HEIGHT="37" WC="0.90" CONTENT="kommers-"/>
						</TextLine>
					</TextBlock>
				</ComposedBlock>
			</PrintSpace>
		</Page>
	</Layout>
</alto>
