2176 2612
781 178 361 42 Bevillningsutskottets
1164 178 199 32 betänkande
1385 179 51 31 Nr
1458 179 51 31 35.

874 262 52 32 att
954 258 71 36 den
1056 258 184 36 särskilda
1268 257 334 50 tilläggsavgiften
1628 258 57 36 för
1703 257 141 37 inrikes
1865 257 80 37 s.k.

743 309 143 50 ilpaket
913 310 96 35 skall
1037 315 138 43 utgöra
1206 312 18 34 1
1255 310 122 36 krona
1405 311 48 35 40
1482 315 64 31 öre
1575 310 59 36 för
1663 323 68 23 var
1756 310 82 36 vikt
1859 323 46 23 av
1925 310 21 35 5

740 361 189 49 kilogram
958 361 89 37 eller
1075 362 60 36 del
1163 362 132 45 därav;

872 418 53 31 att
953 413 73 36 den
1052 413 134 49 avgift,
1216 426 82 24 som
1327 412 285 48 vederbörande
1642 413 209 37 avsändare
1879 414 70 35 har

741 471 67 38 att,
849 469 133 33 utöver
1024 465 211 50 belöpande
1272 464 382 50 befordringsavgift,
1692 465 160 48 erlägga
1890 465 59 36 för

739 517 145 36 inrikes
900 517 250 37 försändelses
1166 516 364 47 rekommendation,
1547 516 97 37 skall
1659 521 137 44 utgöra
1808 517 48 35 20
1868 521 78 39 öre;

873 573 52 32 att
964 571 21 34 8
1029 569 71 37 och
1140 571 42 34 11
1218 568 44 50 8$
1290 569 12 36 i
1330 568 130 48 kungl.
1491 568 277 49 förordningen
1797 568 73 36 den
1903 571 43 33 17

736 620 87 49 juni
854 622 96 35 1916
981 620 198 49 angående
1207 621 187 35 villkoren
1421 620 57 36 för
1497 619 291 50 postbefordran
1808 634 48 22 av
1876 620 72 36 tid-

741 672 139 49 ningar
921 672 70 37 och
1033 673 118 36 andra
1192 672 217 49 periodiska
1445 672 155 36 skrifter
1626 693 51 5 —
1708 674 44 34 11
1782 671 21 49 $
1831 672 118 36 sådan

742 724 222 36 densamma
991 724 109 50 lyder
1129 725 120 48 enligt
1277 724 133 49 kungl.
1441 724 258 48 kungörelsen
1719 724 72 36 den
1808 725 48 35 30
1872 724 74 48 maj

745 777 98 35 1919
873 798 48 4 —
950 776 108 37 skola
1087 777 140 36 erhålla
1257 775 168 50 följande
1454 775 166 37 ändrade
1648 775 160 49 lydelse:

1292 898 44 35 »8
1366 898 30 47 &.

874 990 20 31 1
920 999 101 23 mom.
1076 984 268 49 Postavgiften
1392 1005 23 5 —
1446 1005 33 4 —
1511 1004 34 5 —
1569 1005 34 4 —
1631 1005 41 4 —
1691 983 260 48 befordrings-

744 1037 133 50 avgift.

874 1092 26 34 2
927 1102 101 24 mom.
1084 1087 473 50 Förskrivningsavgiften
1586 1089 114 47 utgår
1728 1086 103 37 med:

876 1141 34 49 a)
940 1143 48 34 20
1018 1146 64 31 öre
1110 1141 58 36 för
1192 1140 263 49 varje
1310 1135 20 59 i
1347 1140 104 49 taxan
1469 1139 159 48 intagen
1645 1139 307 49 abonnemangs-

744 1193 151 43 termin,
924 1206 81 23 som
1035 1193 310 48 abonnemanget
1374 1204 121 33 avser,
1524 1190 70 37 och

876 1244 37 49 b)
947 1247 22 34 4
1010 1250 160 43 procent
1211 1258 46 22 av
1306 1243 73 37 den
1421 1242 202 48 utgivaren
1664 1242 288 37 tillkommande

744 1296 468 50 prenumerationsavgift,
1242 1295 99 37 dock
1369 1295 33 47 ej
1424 1294 119 36 under
1565 1296 46 35 10
1632 1299 74 42 öre,
1728 1295 65 35 allt
1818 1294 135 37 räknat

748 1349 59 36 för
834 1349 79 36 helt
940 1351 42 33 år
1011 1349 71 36 och
1109 1349 12 35 i
1151 1347 235 37 förhållande
1415 1346 124 36 därtill
1569 1346 58 36 för
1654 1347 151 35 kortare
1835 1346 114 37 abon-

747 1400 297 49 nemangstider.

878 1455 23 34 3
937 1465 104 23 mom.
1111 1450 425 49 Befordringsavgiften
1579 1449 187 37 beräknas
1813 1450 59 36 för
1913 1453 41 33 år

746 1504 73 37 och
847 1504 12 36 i
887 1503 237 38 förhållande
1152 1503 126 37 därtill
1307 1504 59 35 för
1391 1503 151 36 kortare
1562 1501 392 49 abonnemangstider

747 1556 178 37 sålunda:

879 1607 33 50 a)
943 1610 49 34 24
1028 1613 64 32 öre
1126 1608 58 36 för
1219 1608 106 48 varje
1352 1620 173 24 nummer
1552 1607 13 36 i
1592 1606 158 47 veckan,
1781 1618 86 23 men
1895 1605 58 37 för

747 1659 164 50 tidning,
940 1673 81 23 som
1041 1660 217 36 utkommer
1277 1659 86 36 med
1379 1672 78 23 mer
1472 1663 47 32 än
1537 1661 18 33 7
1574 1657 200 37 nummer
1759 1653 19 60 i
1795 1657 157 47 veckan,

749 1714 48 34 24
826 1716 64 32 öre
919 1712 58 36 för
1003 1717 85 31 vart
1115 1711 70 37 och
1214 1716 53 32 ett
1297 1724 46 23 av
1373 1714 18 33 7
1423 1724 173 23 nummer
1623 1710 71 36 och
1725 1711 46 35 12
1801 1714 65 31 öre
1896 1709 57 36 för

746 1764 108 49 varje
882 1764 295 48 överskjutande
1205 1775 176 24 nummer
1408 1763 12 35 i
1447 1763 163 44 veckan;
1640 1761 314 37 skolande
1859 1757 27 60 —
1915 1757 42 60 —

747 1837 122 6 ——
914 1839 33 5 —
988 1837 40 5 —
1060 1812 42 57 —-
1134 1816 120 48 högre
1282 1815 87 36 hela
1397 1815 67 44 tal;
1494 1814 72 36 och

879 1867 37 49 b)
949 1869 44 34 12
1028 1872 64 32 öre
1120 1867 60 36 för
1208 1866 105 48 varje
1341 1867 79 36 helt
1447 1866 90 37 eller
1564 1865 174 50 påbörjat
1765 1865 188 48 kilogram

748 1932 47 23 av
824 1918 222 50 tidningens
1075 1918 289 49 sammanlagda
1392 1918 82 36 vikt
1494 1918 120 36 under
1633 1916 322 48 nästföregående

748 1970 269 50 helårsperiod,
1058 1971 137 36 räknat
1233 1971 83 35 från
1344 1970 70 37 och
1444 1970 83 36 med
1557 1970 73 36 den
1660 1972 18 34 1
1710 1968 160 37 oktober
1898 1968 56 36 till

749 2023 72 36 och
849 2022 84 37 med
962 2023 73 36 den
1064 2025 48 34 30
1142 2022 234 50 september;
1406 2021 180 37 skolande
1637 2043 27 4 —
1703 2043 34 4 —
1773 2042 38 5 —
1843 2042 38 3 —
1910 2041 45 6 —

749 2096 355 5 —————
1147 2097 34 4 —
1221 2071 35 56 —-
1294 2096 44 4 —
1366 2074 223 48 tidningens
1617 2073 93 36 vikt.

882 2130 23 33 4
933 2139 104 24 mom
1094 2125 70 38 Om
1226 2148 100 5 ——
1355 2146 440 7 —————>—
1824 2124 129 36 öretal.

883 2182 23 33 5
934 2191 103 24 mom.
1093 2178 76 37 För
1210 2178 104 49 varje
1350 2181 105 46 gång
1482 2177 360 49 postabonnemang
1870 2176 86 36 sker

750 2230 109 50 skall,
876 2230 92 38 evad
990 2230 311 50 abonnemanget
1320 2243 111 25 avser
1450 2230 132 50 längre
1608 2229 89 38 eller
1718 2228 151 38 kortare
1888 2228 66 48 tid,
