1880 2788
459 173 285 30 Statlsutskottets
771 172 180 30 utlåtande
974 180 43 20 nr
1041 171 41 30 23
1106 171 39 29 år
1171 170 83 29 1957
1592 169 13 29 1

792 435 58 40 NI
877 435 49 39 23

326 540 185 30 Utlåtande
532 539 10 29 i
559 538 190 39 anledning
768 547 41 20 av
829 536 126 39 Kungl.
974 535 125 39 Maj:ts
1120 534 11 29 i
1149 531 458 41 statsverkspropositionen

547 589 122 40 gjorda
696 587 264 41 framställning
987 585 179 40 angående
1196 584 220 30 bestridande
1444 592 42 19 av
1515 582 94 29 kost-

547 640 155 29 naderna
724 639 56 39 för
804 637 219 40 uppförande
1046 646 42 20 av
1110 645 41 20 en
1174 635 169 39 planerad
1366 632 244 31 endokrinolo-

547 691 78 39 gisk
653 687 409 43 forskningsinstitution
1094 686 56 30 vid
1179 684 203 31 karolinska
1412 683 198 41 sjukhuset.

1373 751 73 33 (3:e
1467 750 93 34 avd.)

148 862 126 39 Kungl.
297 861 105 39 Maj:t
424 861 65 28 har
511 860 10 29 i
543 859 262 40 propositionen
828 866 42 21 nr
894 858 14 28 1
933 856 111 30 under
1068 854 308 41 kapitalbudgeten
1406 853 130 39 (bilaga
1558 852 52 33 32,

106 915 114 40 punkt
238 915 29 33 5,
287 923 25 19 s.
331 913 18 29 8
367 913 65 29 och
451 912 18 29 9
488 921 41 20 av
546 911 107 39 bilagt
671 911 125 38 utdrag
815 919 41 20 av
876 906 384 41 statsrådsprotokollet
1279 906 80 29 över
1379 904 233 29 inrikesären-

106 965 66 29 den
197 964 55 29 för
275 964 67 29 den
366 962 18 30 3
410 961 143 40 januari
581 961 99 33 1957)
709 958 181 40 föreslagit
914 958 187 38 riksdagen
1127 958 50 28 att
1201 956 169 38 medgiva,
1395 956 50 28 att
1469 955 142 29 kostna-

105 1015 108 29 derna
235 1014 54 30 för
310 1013 222 39 uppförande
553 1020 41 21 av
616 1020 42 20 en
681 1010 168 40 planerad
871 1007 310 39 endokrinologisk
1203 1004 408 40 forskningsinstitution

105 1066 58 29 vid
180 1064 205 30 karolinska
403 1063 188 39 sjukhuset
610 1062 55 29 må
684 1061 90 29 intill
793 1062 48 28 ett
858 1060 126 39 belopp
1003 1068 42 20 av
1063 1059 101 38 högst
1182 1057 63 30 400
1261 1057 61 30 000
1341 1057 130 29 kronor
1489 1055 122 29 bestri-

106 1116 62 29 das
190 1124 41 20 av
252 1113 213 31 statsmedel.

151 1166 79 29 Med
251 1164 189 39 anledning
461 1172 43 22 av
526 1165 48 28 ett
595 1163 10 29 i
627 1162 218 40 proposition
868 1171 41 19 nr
934 1160 171 34 133/1955
1128 1159 165 38 framlagt
1315 1158 130 38 förslag
1468 1157 146 38 medgav

110 1209 82 30 1955
217 1208 57 30 års
299 1207 153 38 riksdag,
476 1208 50 27 att
550 1205 257 39 lärarkollegiet
831 1204 58 29 vid
913 1203 206 30 karolinska
1142 1202 176 29 institutet
1341 1200 272 39 bemyndigades

111 1253 154 37 mottaga
300 1259 43 20 en
377 1259 43 21 av
451 1249 96 29 Knut
579 1248 64 29 och
677 1248 94 29 Alice
802 1246 243 38 Wallenbergs
1079 1245 148 30 stiftelse
1261 1244 100 39 gjord
1395 1243 167 29 donation
1595 1242 19 29 å

110 1295 14 28 1
141 1293 62 31 000
219 1293 62 30 000
302 1293 131 29 kronor
455 1292 116 29 såsom
591 1291 121 39 bidrag
733 1290 52 29 till
807 1291 67 29 den
895 1288 333 38 endokrinologiska
1249 1286 231 38 forskningen
1501 1286 11 28 i
1537 1285 77 30 Sve-

107 1337 83 38 rige.
211 1337 64 28 Det
296 1335 175 30 donerade
492 1334 161 39 beloppet
673 1333 218 30 beräknades
913 1331 99 30 skola
1033 1331 102 29 täcka
1156 1330 237 29 kostnaderna
1414 1329 54 29 för
1490 1327 125 40 uppfö-

108 1379 119 37 rande,
244 1378 187 38 inredning
448 1377 66 29 och
532 1376 202 38 utrustning
753 1384 42 20 av
814 1384 42 20 en
877 1373 310 38 endokrinologisk
1206 1370 408 40 forskningsinstitution

108 1422 58 29 vid
198 1420 205 30 karolinska
434 1419 198 39 sjukhuset.
665 1418 245 29 Kostnaderna
944 1416 54 29 för
1031 1415 226 38 erforderliga
1290 1413 324 40 byggnadsarbeten

110 1463 253 41 uppskattades
386 1462 89 29 efter
497 1461 191 39 volympris
712 1460 52 29 till
790 1460 60 29 717
867 1459 62 30 000
954 1459 130 28 kronor
1110 1459 91 28 samt
1226 1457 237 29 kostnaderna
1487 1456 54 29 för
1564 1455 52 29 in-

109 1506 148 39 redning
277 1505 65 30 och
363 1504 204 38 utrustning
589 1512 42 21 av
651 1501 454 40 forskningsinstitutionen
1127 1500 50 30 till
1202 1499 62 30 246
1279 1499 62 29 000
1364 1499 140 29 kronor.

156 1549 113 30 Sedan
286 1547 126 40 Kungl.
431 1546 106 39 Maj:t
555 1553 123 32 genom
696 1545 114 29 beslut
826 1545 67 29 den
911 1544 18 30 3
948 1543 79 39 juni
1050 1543 81 29 1955
1151 1542 168 29 anbefallt
1336 1540 279 40 byggnadskom-

110 1591 125 30 mittén
255 1593 49 27 att
324 1590 159 40 uppgöra
503 1589 171 38 ritningar
695 1588 65 29 och
781 1587 117 29 utföra
919 1586 111 29 andra
1050 1584 253 31 förberedande
1324 1584 142 29 arbeten
1487 1582 128 31 beträf-

111 1634 106 29 fande
245 1631 463 40 forskningsinstitutionen,
738 1630 64 29 har
830 1628 210 30 kommittén
1068 1628 43 39 på
1139 1627 170 39 grundval
1337 1636 42 19 av
1406 1626 209 39 upprättade

110 1675 392 40 byggnadshandlingar
526 1673 174 30 infordrat
723 1672 118 30 anbud
865 1672 20 29 å
908 1670 358 40 byggnadsarbetena.
1293 1668 323 30 Anbudsförfaran-

110 1719 57 29 det
189 1718 64 29 har
272 1718 100 33 visat,
393 1718 51 28 att
465 1716 237 30 kostnaderna
724 1715 158 29 kommer
904 1716 50 28 att
977 1713 116 40 uppgå
1114 1713 51 29 till
1188 1711 234 39 sammanlagt
1445 1711 93 30 1253
1553 1710 62 30 000

109 1762 141 28 kronor.
275 1760 50 29 Av
348 1759 272 30 merkostnaden
643 1758 140 39 belöper
806 1756 163 39 omkring
995 1756 61 29 100
1071 1755 63 29 000
1158 1755 131 29 kronor
1312 1754 45 39 på
1380 1755 66 28 den
1470 1753 146 30 allmän-

112 1812 45 20 na
187 1801 371 39 kostnadsstegringen
589 1801 125 29 medan
748 1799 200 30 återstoden
980 1798 129 29 hänför
1139 1798 51 38 sig
1221 1797 51 30 till
1303 1796 195 39 betydande
1528 1795 89 29 risk-

112 1845 221 39 marginaler,
355 1844 79 29 med
455 1844 94 29 vilka
570 1852 81 19 man
672 1844 115 27 ansett
810 1842 51 38 sig
882 1841 84 29 böra
988 1840 111 29 räkna
1121 1839 43 39 på
1185 1839 112 39 grund
1319 1848 41 19 av
1382 1838 235 39 byggnadsar-

111 1888 143 28 betenas
273 1886 169 29 karaktär
461 1894 42 21 av
522 1885 58 39 på-
599 1885 64 29 och
682 1883 230 40 ombyggnad.
935 1884 12 28 I
968 1883 95 29 detta
1082 1883 75 37 läge
1177 1882 64 28 har
1262 1881 209 29 kommittén
1491 1880 126 29 under-

113 1930 78 29 sökt
213 1928 342 38 förutsättningarna
577 1928 54 28 för
654 1936 42 20 en
720 1925 236 40 begränsning
976 1925 11 28 i
1010 1924 198 39 möjligaste
1232 1923 81 29 mån
1335 1932 42 20 av
1398 1922 94 30 såväl
1515 1922 102 39 bygg-

113 1971 329 30 nadskostnaderna
469 1979 75 20 som
570 1969 238 29 kostnaderna
836 1968 54 29 för
917 1967 187 38 inredning
1130 1966 65 29 och
1222 1966 203 38 utrustning
1451 1974 42 20 av
1519 1965 98 28 insti-

113 2015 171 28 tutionen.
309 2013 64 29 Det
398 2012 65 29 har
487 2012 121 30 därvid
634 2012 89 29 visat
749 2011 50 39 sig
824 2010 138 39 möjligt
988 2011 50 28 att
1064 2009 78 29 med
1170 2009 224 37 iakttagande
1420 2017 42 19 av
1489 2008 128 28 största

113 2055 288 31 återhållsamhet
432 2055 170 38 begränsa
631 2053 421 40 byggnadskostnaderna
1081 2052 51 29 till
1166 2051 93 30 1225
1275 2051 61 29 000
1368 2051 129 28 kronor
1527 2050 91 29 samt

112 2098 220 39 inrednings-
349 2098 65 29 och
434 2097 461 38 utrustningskostnaderna
915 2095 51 29 till
989 2095 59 29 175
1064 2094 63 29 000
1146 2094 139 28 kronor.
1305 2094 74 28 Den
1400 2093 106 29 totala
1525 2092 94 30 kost-

113 2141 115 29 naden
250 2141 55 29 för
326 2139 334 40 byggnadsarbeten,
684 2138 184 38 inredning
893 2137 65 29 och
981 2136 203 38 utrustning
1208 2145 42 19 av
1273 2135 345 38 forskningsinstitu-

115 2184 119 29 tionen
260 2183 112 29 skulle
398 2182 149 29 sålunda
574 2182 121 37 utgöra
726 2180 112 30 (1225
854 2180 64 29 000
946 2180 36 36 +
1013 2179 60 29 175
1089 2178 80 31 000)
1203 2178 93 29 1400
1311 2178 62 28 000
1400 2177 140 29 kronor.
1568 2175 50 30 Då

115 2225 220 29 sistnämnda
359 2224 125 39 belopp
509 2224 76 28 med
610 2223 62 29 400
687 2223 62 28 000
775 2223 130 28 kronor
928 2221 190 38 överstiger
1142 2221 66 29 vad
1232 2229 74 20 som
1331 2220 107 37 enligt
1462 2219 157 29 donatio-

115 2276 68 20 nen
211 2267 72 29 står
309 2266 50 29 till
387 2266 207 38 förfogande
622 2266 54 28 för
703 2264 268 39 ifrågavarande
997 2262 176 33 ändamål,
1202 2262 63 29 har
1292 2261 208 29 kommittén
1530 2261 88 28 måst

116 2309 216 29 underställa
361 2308 126 38 Kungl.
518 2307 122 38 Maj:ts
670 2307 170 38 prövning
869 2306 125 37 frågan
1023 2314 56 19 om
1109 2304 166 37 täckning
1304 2313 43 19 av
1375 2304 66 28 den
1471 2303 147 29 sålunda

115 2351 224 29 framkomna
362 2350 272 29 merkostnaden
659 2349 54 29 för
734 2348 362 39 byggnadsföretaget.
1119 2347 48 29 De
1190 2345 333 38 underhandlingar,
1546 2354 72 19 som

115 2394 112 29 under
250 2393 92 29 hand
366 2393 92 29 skett
480 2392 77 29 med
580 2393 280 37 representanter
882 2390 55 29 för
959 2390 95 28 Knut
1078 2389 63 29 och
1165 2389 94 28 Alice
1280 2387 241 38 Wallenbergs
1545 2387 75 29 stif-

114 2438 94 33 telse,
227 2437 63 28 har
308 2435 82 39 givit
410 2435 55 29 vid
484 2434 149 34 handen,
653 2435 47 28 att
722 2433 171 29 stiftelsen
914 2432 75 29 icke
1008 2432 37 28 är
1064 2431 127 29 beredd
1211 2432 49 28 att
1280 2430 121 29 anvisa
1420 2429 199 39 ytterligare

116 2478 122 31 medel.

148 2537 9 25 1
201 2537 110 29 Bihang
324 2537 46 23 till
381 2535 170 31 riksdagens
562 2534 147 31 protokoll
721 2535 75 23 1957.
817 2535 15 23 6
844 2533 84 24 saml.
949 2533 39 24 Nr
1005 2534 32 23 23
