1886 2776
226 199 19 29 4
513 194 404 40 Bevillningsutskottets
936 192 217 31 betänkande
1169 202 43 19 nr
1227 193 26 28 B
1271 193 19 29 3
1307 192 40 29 år
1365 192 83 29 1958

1044 312 11 24 1
1191 311 15 24 2
1341 311 16 24 3
1493 309 15 24 4
1653 307 17 25 5

1017 347 67 23 Avd.
1164 346 70 23 Avd.
1316 345 71 23 Avd.
1468 344 70 23 Avd.
1627 343 72 23 Avd.

992 422 47 24 Kr.
1048 414 13 40 |
1081 423 23 22 ö.
1130 414 11 40 |
1143 421 47 23 Kr.
1203 414 10 40 |]
1232 422 22 22 ö
1273 414 18 40 |
1294 420 47 23 Kr.|
1383 421 23 22 ö.
1425 414 16 40 |
1446 420 46 23 Kr.
1505 414 8 40 |
1535 420 22 22 ö.
1580 414 13 40 I
1597 418 47 23 Kr.|
1687 419 23 22 ö.

228 503 75 24 Bevis
320 508 36 17 av
372 502 94 23 läkare
483 501 62 23 eller
563 501 311 29 karantänstjänsteman
902 515 59 6 ....J
983 513 301 5 OL
1205 492 46 42 —
1310 496 99 29 fritt

270 544 10 13 >
327 542 43 17 om
389 534 149 24 verkställd
560 535 132 28 ympning
711 535 59 22 mot
789 533 178 30 smittkoppor

324 569 64 24 eller
407 568 139 30 angående
564 568 123 30 uppskov
705 568 62 23 med
784 567 62 24 eller
864 566 104 23 undan-

321 602 116 30 tagande
464 602 62 23 eller
553 601 120 24 befrielse
700 600 60 24 från
789 600 81 24 sådan
888 606 80 23 ymp-

322 637 64 28 NING
410 650 552 8 ooscosereesarorresr
727 630 81 39 reser
817 650 145 8 era
984 647 300 6 I
1310 630 99 30 fritt

1434 643 304 7 FR
1580 630 15 28 OO
1608 630 17 28 I
1645 643 93 7 II

280 802 123 29 Denna
422 801 206 39 förordning
647 800 117 30 träder
782 801 11 28 i
811 799 96 30 kraft
927 800 66 28 den
1016 799 14 28 1
1051 798 140 39 januari
1213 797 93 29 1959.

278 894 67 29 Till
365 894 77 29 stöd
462 893 55 30 för
535 893 56 29 det
608 892 12 30 i
637 891 262 40 propositionen
918 890 196 39 framlagda
1132 889 165 39 förslaget
1315 889 64 28 har
1398 885 340 41 departementsche-

234 945 59 38 fen
315 944 118 30 anfört
454 943 168 40 följande.

281 995 13 28 I
314 994 263 40 propositionen
598 1003 42 19 nr
662 993 61 29 132
743 992 51 29 till
815 992 91 29 årets
927 991 95 30 förra
1042 991 141 38 riksdag
1203 989 172 30 framlade
1395 988 126 39 Kungl.
1542 986 106 40 Maj:t
1670 986 66 29 för-

238 1045 72 39 slag
328 1044 51 30 till
399 1044 206 38 förordning
624 1053 57 21 om
700 1043 132 29 ändrad
852 1042 129 39 lydelse
1000 1050 41 20 av
1060 1041 18 29 3
1099 1041 14 36 3
1135 1039 250 39 förordningen
1405 1039 65 29 den
1493 1037 39 30 19
1552 1036 185 30 november

240 1094 82 30 1914
346 1094 59 34 (nr
425 1094 79 34 383)
529 1093 178 39 angående
728 1092 314 40 stämpelavgiften.
1062 1092 122 28 Denna
1202 1089 218 41 proposition
1440 1088 75 30 blev
1534 1086 203 33 emellertid,

238 1145 103 30 såvitt
362 1145 127 39 angick
509 1144 198 39 föreslagna
729 1142 261 30 bestämmelser
1011 1141 177 39 angående
1211 1139 257 40 stämpelfrihet
1490 1139 54 29 för
1565 1137 95 29 bevis
1683 1145 55 21 om

237 1195 190 30 verkställd
449 1194 169 41 ympning
640 1195 72 28 mot
734 1193 234 39 smittkoppor
989 1192 81 29 eller
1092 1191 177 39 angående
1291 1190 160 39 uppskov
1472 1189 78 29 med
1572 1188 84 29 eller
1678 1196 63 19 un-

239 1245 221 40 dantagande
483 1245 82 29 eller
588 1244 161 30 befrielse
774 1243 78 30 från
879 1243 109 29 sådan
1011 1242 178 39 ympning,
1215 1241 76 29 icke
1317 1240 134 39 slutligt
1475 1238 198 30 behandlad
1698 1246 40 20 av

241 1296 189 39 riksdagen
451 1296 74 29 före
547 1295 78 29 dess
647 1294 222 40 upplösning.
891 1294 13 29 I
927 1302 47 20 nu
997 1292 153 30 nämnda
1173 1292 53 29 del
1250 1290 298 39 sammanhängde
1572 1288 166 39 förslaget

239 1346 78 30 med
333 1355 43 20 en
392 1346 11 29 i
420 1345 262 40 propositionen
700 1354 41 19 nr
760 1344 57 29 111
835 1344 52 28 till
905 1343 91 30 årets
1014 1342 94 30 förra
1124 1342 142 38 riksdag
1283 1341 196 38 föreslagen
1496 1340 55 39 lag
1568 1348 57 20 om
1642 1347 98 31 ymp-

239 1397 83 40 ning
345 1397 73 28 mot
442 1395 243 39 smittkoppor.
709 1394 239 39 Lagförslaget
971 1393 10 29 i
1005 1392 108 39 fråga,
1137 1401 75 21 som
1234 1392 76 29 icke
1333 1389 309 32 slutbehandlades
1666 1389 74 29 före

243 1445 430 41 riksdagsupplösningen,
694 1446 38 28 är
752 1444 106 39 enligt
876 1444 67 29 vad
963 1443 58 40 jag
1040 1442 174 30 inhämtat
1234 1443 111 28 avsett
1367 1443 49 27 att
1436 1441 195 38 föreläggas
1651 1439 90 29 riks-

240 1497 111 39 dagen
372 1504 125 31 genom
519 1505 45 29 ny
585 1495 228 40 proposition.
834 1494 52 29 Då
906 1494 59 38 jag
986 1493 75 29 icke
1083 1493 115 28 finner
1220 1491 188 39 anledning
1430 1491 206 38 ifrågasätta
1659 1489 84 30 änd-

241 1548 76 38 ring
336 1547 10 29 i
369 1547 68 29 den
458 1546 30 39 ej
512 1545 218 30 behandlade
752 1544 99 30 delen
873 1553 41 20 av
935 1543 261 40 propositionen
1219 1551 41 20 nr
1283 1541 72 34 132,
1376 1541 203 29 hemställer
1600 1540 69 39 jag,
1692 1541 50 28 att

244 1597 122 39 Kungl.
387 1596 106 40 Maj:t
511 1595 107 30 måtte
637 1595 136 30 besluta
793 1596 50 28 att
867 1595 4 28 i
890 1593 148 30 berörda
1057 1593 53 29 del
1130 1602 46 28 ny
1194 1592 216 39 proposition
1431 1600 42 20 av
1492 1599 135 21 samma
1646 1590 97 29 inne-

244 1647 68 30 håll
332 1656 76 21 som
428 1647 67 29 den
514 1646 95 30 förut
629 1645 140 30 avlåtna
790 1644 88 30 skall
898 1644 194 38 föreläggas
1112 1643 197 38 riksdagen.

285 1747 186 29 Utskottet.
498 1746 187 33 Utskottet,
712 1754 74 20 som
811 1743 76 30 icke
914 1743 118 29 funnit
1059 1742 187 39 anledning
1271 1742 52 29 till
1350 1742 141 29 erinran
1517 1742 74 28 mot
1616 1741 126 39 Kungl.

241 1798 123 39 Maj:ts
381 1797 143 38 förslag,
541 1796 55 29 får
614 1795 196 34 hemställa,

591 1847 50 28 att
664 1845 188 38 riksdagen
873 1844 120 34 måtte,
1015 1843 79 30 med
1117 1843 98 29 bifall
1237 1842 52 30 till
1312 1842 127 39 Kungl.
1463 1842 124 39 Maj:ts
1609 1841 135 30 föreva-

547 1896 109 30 rande
674 1895 217 39 proposition
909 1904 41 19 nr
968 1896 26 28 B
1013 1895 28 35 7,
1061 1895 126 37 antaga
1204 1893 57 29 vid
1278 1892 264 40 propositionen
1559 1891 97 39 fogat
1674 1891 70 30 för-

544 1947 72 38 slag
640 1946 52 29 till
718 1944 205 40 förordning
947 1954 57 20 om:
1028 1944 134 29 ändrad
1185 1943 129 39 lydelse
1339 1953 42 19 av
1406 1943 18 30 3
1451 1942 15 37 8
1492 1941 251 39 förordningen

550 1997 66 29 den
634 1998 39 29 19
690 1995 185 30 november
895 1995 83 30 1914
999 1995 58 33 (nr
1073 1995 78 33 383)
1174 1993 178 39 angående
1369 1991 316 41 stämpelavgiften.

288 2099 203 31 Stockholm
508 2099 66 29 den
594 2097 39 30 10
651 2097 68 39 juli
739 2096 83 31 1958

682 2197 49 30 På
747 2196 398 40 bevillningsutskottets
1162 2197 145 38 vägnar:

811 2280 151 30 EDGAR
981 2279 197 31 SJÖDAHL

287 2417 242 31 Närvarande:
548 2426 35 21 se
600 2416 112 30 under
728 2415 236 30 betänkandet
982 2424 41 20 nr
1040 2414 26 30 B
1085 2414 29 30 2.

478 2505 96 22 581120
614 2500 166 24 Stockholm
802 2499 75 23 1958.
899 2499 80 23 Isaac
1000 2499 111 23 Marcus
1132 2497 186 31 Boktryckeri
1340 2495 170 30 Aktiebolag
