1913 2830
278 171 40 31 38
571 166 406 41 Bevillningsutskottets
992 165 220 31 betänkande
1226 174 42 20 nr
1282 164 41 31 40
1338 164 39 30 år
1392 163 84 31 1970

459 249 225 35 (Nuvarande
704 248 146 40 lydelse)

279 316 93 28 skatt
392 315 7 29 i
421 315 61 30 fall
503 314 43 30 då
565 315 65 29 den
651 313 272 40 skattskyldiges
941 313 51 29 in-

278 361 116 29 komst
415 360 90 34 eller,
526 360 66 29 vad
614 358 106 41 angår
740 356 251 38 samtaxerade,

277 406 42 29 de
342 405 273 39 skattskyldigas
638 405 194 29 inkomster
854 403 71 29 helt
948 403 44 29 el-

278 451 48 28 ler
345 450 54 29 till
418 450 71 29 helt
509 448 238 40 övervägande
767 448 54 29 del
841 448 151 39 utgjorts

278 505 41 20 av
343 494 233 41 folkpension,

323 539 58 30 må
399 540 65 29 den
603 557 12 2 -

323 586 151 29 Rättelse
499 585 57 30 må
581 585 61 29 ske
665 585 9 29 i
702 584 98 39 fråga
825 593 56 20 om
906 584 86 28 orts-

277 630 130 39 avdrag
428 630 121 30 endast
571 639 56 21 om
649 629 66 30 den
736 628 257 38 beskatinings-

279 676 84 29 bara
395 676 201 29 inkomsten
630 674 200 39 därigenom
867 673 126 29 sänkes

277 721 65 29 och
358 721 10 29 i
387 720 98 40 fråga
501 729 55 21 om
575 721 107 28 annat
699 719 129 39 avdrag
845 727 74 21 som
937 727 54 20 av-

279 775 52 20 ses
348 766 9 29 i
374 765 20 30 4
410 765 123 30 endast
549 774 55 20 om
622 764 202 39 därigenom
839 763 152 30 beskatt-

279 811 165 39 ningsbar
474 810 154 29 inkomst
655 810 78 29 icke
761 809 231 39 uppkommer

279 856 53 29 för
358 856 66 28 den
451 854 253 38 skattskyldige
730 854 81 28 eller
836 852 41 29 de
902 861 90 20 sam-

279 898 162 29 taxerade
465 897 265 39 skattskyldiga.

323 943 98 30 Efter
443 942 174 40 utgången

1212 247 225 38 (Föreslagen
1458 245 146 40 lydelse)

1051 313 93 28 skatt
1162 312 11 29 i
1192 311 62 30 fall
1274 310 44 30 då
1337 311 65 29 den
1423 309 272 40 skattskyldiges
1714 309 50 29 in-

1050 357 116 29 komst
1193 356 91 35 eller,
1311 356 66 30 vad
1406 354 106 41 angår
1539 354 124 30 makar
1689 362 73 21 som

1050 401 87 30 båda
1163 401 162 35 taxerats,
1350 401 42 29 de
1416 400 274 39 skattskyldigas
1714 399 51 29 in-

1050 447 154 29 komster
1219 446 71 29 helt
1306 446 81 29 eller
1403 446 52 28 till
1470 445 70 29 helt
1556 444 208 39 övervägan-

1050 491 41 30 de
1113 491 54 30 del
1189 490 151 40 utgjorts
1363 499 41 21 av
1426 489 232 40 folkpension,

905 538 114 29 denna
1038 537 64 29 del.

1095 582 151 30 Rättelse
1264 581 58 30 må
1340 582 61 29 ske
1418 581 9 29 i
1446 580 99 39 fråga
1563 589 55 21 om
1637 579 128 39 grund-

1049 626 129 39 avdrag
1199 626 122 30 endast
1343 635 56 21 om
1421 626 66 29 den
1508 625 258 38 beskattnings-

1050 672 85 30 bara
1168 672 199 29 inkomsten
1401 671 202 39 därigenom
1638 669 127 30 sänkes

1051 717 64 30 och
1143 717 10 29 i
1184 716 98 40 fråga
1311 725 56 21 om
1397 718 106 27 annat
1533 715 128 39 avdrag
1690 723 74 21 som

1050 771 98 21 avses
1172 762 10 29 i
1208 762 19 28 4
1254 761 121 30 endast
1401 770 55 21 om
1483 761 201 39 därigenom
1709 760 55 29 be-

1051 807 261 38 skattningsbar
1328 807 157 29 inkomst
1502 806 76 29 icke
1596 805 169 40 uppkom-

1049 861 73 20 mer
1145 852 54 28 för
1223 852 65 29 den
1313 850 253 39 skattskyldige
1589 850 81 29 eller
1694 858 70 20 ma-

1051 896 119 28 karna.

648 959 162 4 ee
958 950 56 21 om
1036 940 177 30 rältelsen.

323 989 112 29 Innan
452 988 142 29 rättelse
628 1005 25 3 —
682 1005 30 3 —
742 1005 30 3 —
799 1004 30 3 —
856 1004 36 3 —
911 986 29 39 ej
962 986 121 30 möter.

323 1034 160 29 Beslutas
500 1033 142 29 rättelse
658 1050 44 2 —
719 1049 43 3 —
778 1049 43 3 —
839 1030 329 40 taxeringsnämnds
1187 1030 123 29 beslut.

323 1078 109 30 Talan
449 1079 72 29 mot
552 1074 23 45 —
595 1095 44 3 —
828 1094 43 3 —
947 1075 58 30 101
1027 1075 49 37 88.

322 1124 169 29 Närmare
513 1123 221 29 föreskrifter
759 1140 40 2 —
821 1139 42 3 —
884 1139 44 3 —
950 1121 124 39 Kungl.
1098 1121 116 39 Maj:t.

977 1201 39 31 73
1040 1201 27 38 8.

322 1259 111 29 Talan
451 1260 73 28 mot
576 1276 9 2 —
611 1255 31 47 —
662 1275 43 3 —
723 1275 43 3 —
964 1257 11 28 i
994 1257 103 29 länet.

322 1304 71 30 Har
412 1304 235 39 skattskyldig
664 1303 77 30 haft
761 1301 231 32 förvärvskäl-

278 1349 41 33 la,
337 1357 74 21 som
427 1349 106 38 enligt
548 1347 444 38 kommunalskattelagens

277 1393 262 30 bestämmelser
559 1402 56 20 om
635 1392 299 38 beskattningsort
955 1391 37 29 är

278 1440 49 27 att
344 1438 150 30 hänföra
510 1438 53 29 till
581 1438 115 29 skilda
713 1437 66 33 län,
798 1437 89 29 skall
904 1436 88 29 dock

279 1483 67 29 den
387 1482 361 30 mellankommunala
790 1481 203 40 prövnings-

277 1527 177 30 nämnden
478 1527 107 39 pröva
607 1526 123 30 besvär
754 1525 149 30 rörande
927 1525 65 29 den

278 1572 272 39 skattskyldiges
597 1571 168 38 taxering.
813 1569 65 31 Om
927 1569 65 30 den

280 1616 253 39 skattskyldige
558 1614 90 30 skall
673 1615 215 28 samtaxeras
913 1613 80 29 med

279 1661 112 36 make,
422 1661 88 29 skall
539 1661 66 29 den
633 1659 359 30 mellankommunala

277 1705 370 40 prövningsnämnden
705 1704 108 40 pröva
871 1704 122 29 besvär

277 1750 131 40 jämväl
433 1750 150 29 rörande
609 1749 146 29 makens
780 1749 168 38 taxering.

324 1884 237 39 Uppkommer
580 1883 107 39 fråga,
719 1900 30 3 —
779 1900 29 3 —
839 1900 28 3 —
896 1900 30 2 —
953 1900 32 2 —

1094 1301 71 29 Har
1185 1300 234 40 skaltskyldig
1436 1299 75 30 haft
1533 1299 233 30 förvärvskäl-

1050 1346 42 33 la,
1110 1355 73 20 som
1200 1346 106 38 enligt
1320 1344 446 38 kommunalskattelagens

1050 1390 263 30 bestämmelser
1333 1399 56 20 om
1410 1389 298 38 beskattningsort
1729 1388 37 29 är

1051 1437 49 27 att
1117 1435 150 30 hänföra
1284 1435 52 29 till
1354 1435 114 29 skilda
1484 1434 67 34 län,
1570 1434 88 29 skall
1677 1433 88 30 dock

1050 1480 66 29 den
1159 1479 361 30 mellankommunala
1562 1478 204 40 prövnings-

1050 1525 177 29 nämnden
1251 1524 107 39 pröva
1380 1524 123 29 besvär
1527 1523 149 30 rörande
1699 1522 66 30 den

1051 1569 272 39 skattskyldiges
1370 1568 167 39 taxering.
1585 1567 67 30 Om
1699 1567 66 29 den

1051 1614 253 38 skattskyldige
1326 1612 88 30 varit
1432 1611 66 39 gift
1518 1612 56 29 vid
1594 1611 170 39 ingången

1050 1667 42 20 av
1115 1656 317 40 beskattningsåret
1454 1656 62 30 och
1541 1656 110 30 under
1672 1655 93 30 detta

1052 1702 39 30 år
1131 1702 66 29 levt
1237 1701 232 29 tillsammans
1509 1700 81 30 med
1626 1700 138 35 maken,

1055 1748 88 28 skall
1176 1747 66 29 den
1274 1746 361 29 mellankommunala
1668 1745 97 39 pröv-

1052 1792 281 39 ningsnämnden
1358 1792 106 39 pröva
1488 1791 124 29 besvär
1635 1790 128 37 jämväl

1052 1836 149 30 rörande
1220 1837 146 28 makens
1390 1836 163 38 laxering.

1003 1884 110 27 avsett
1131 1882 72 29 fall.

976 1963 41 29 98
1040 1962 27 37 8.

322 2019 18 29 4
366 2028 34 20 m
415 2020 93 28 om.!
536 2018 172 39 Upptages
722 2020 96 37 parts
832 2018 95 28 talan
942 2017 53 29 till

278 2064 181 40 prövning,
485 2063 98 30 skola
606 2063 311 29 bestämmelserna
940 2062 10 29 i
975 2061 18 30 2

279 2118 105 20 mom.
404 2109 76 29 icke
501 2108 121 39 utgöra
640 2108 125 29 hinder
784 2109 72 27 mot
876 2107 118 29 samti-

279 2155 57 38 dig
356 2154 172 39 prövning
548 2163 41 19 av
608 2152 132 34 besvär,
764 2161 72 21 som
859 2152 135 30 anförts

281 2208 40 20 av
354 2200 153 38 motpart
540 2198 91 34 eller,
665 2206 55 20 om
754 2196 239 30 samtaxerade

280 2244 123 29 makar
422 2242 151 40 fullföljt
594 2242 104 36 talan,
720 2251 41 20 av
781 2242 112 29 make.

1098 2017 18 28 4
1161 2025 127 20 mom.
1335 2016 172 39 Upptages
1541 2017 97 38 parts
1672 2015 94 29 talan

1052 2062 50 29 till
1127 2061 180 40 prövning,
1335 2061 98 29 skola
1457 2060 309 30 bestämmelserna

1054 2107 9 28 i
1104 2107 8 28 2
1143 2115 105 20 mom.
1280 2107 76 28 icke
1388 2106 122 38 utgöra
1539 2105 125 29 hinder
1695 2106 71 28 mot

1053 2150 163 40 samtidig
1231 2151 170 39 prövning
1416 2160 41 20 av
1470 2150 133 34 besvär,
1619 2158 74 21 som
1708 2158 58 20 an-

1052 2196 88 29 förts
1164 2205 40 19 av
1228 2197 153 38 motpart
1404 2196 82 28 eller
1510 2204 41 20 av
1573 2195 112 33 make,
1710 2202 54 20 om

1053 2241 92 29 lalan
1171 2239 168 40 fullföljts
1363 2248 42 21 av
1427 2239 125 29 makar
1576 2247 73 21 som
1676 2240 91 28 taxe-

1051 2287 71 27 rats
1139 2284 80 30 med
1236 2283 221 40 tillämpning
1473 2292 41 21 av
1532 2284 40 29 52
1589 2283 20 37 $
1627 2283 14 29 I
1660 2292 104 20 mom.

1051 2329 424 38 kommunalskattelagen
1506 2323 18 48 —
1547 2328 119 33 (1928:
1681 2327 81 33 370)

1051 2374 64 30 och
1132 2374 36 29 11
1186 2374 20 36 $
1222 2374 14 28 1
1255 2383 104 20 mom.
1375 2372 250 40 förordningen
1645 2371 120 35 (1947:

1052 2419 81 33 576)
1159 2428 54 21 om
1237 2419 119 38 statlig
1377 2418 262 29 inkomstskatt.

325 2467 194 29 Återkallas
540 2467 82 29 eller
663 2484 23 2 —
712 2483 29 3 —
769 2484 33 2 —
827 2463 46 46 —-
901 2483 36 3 —
956 2466 76 28 icke
1055 2465 99 38 gälla.

315 2533 7 13 t
343 2533 114 23 Senaste
471 2532 103 29 lydelse
589 2532 75 23 1958:
678 2531 40 23 85.
