1900 2832
282 145 62 31 130
575 146 404 41 Bevillningsutskottets
995 149 219 31 betänkande
1227 160 44 20 nr
1285 151 41 30 40
1340 151 40 30 år
1395 152 84 29 1970

280 226 160 31 orättvist
460 227 65 30 och
543 228 159 40 ologiskt,
723 232 50 28 att
794 239 41 21 en
855 240 126 31 person
1001 232 81 30 med
1102 231 39 31 35
1157 232 62 30 000
1241 233 51 29 kr.
1314 233 10 30 i
1346 233 214 30 årsinkomst
1582 243 42 20 av
1645 236 46 28 ett
1712 235 51 29 in-

279 280 268 32 komstlillskott
566 283 45 40 på
633 283 60 31 100
713 284 52 31 kr.
785 284 111 31 måste
916 286 98 30 avstå
1033 287 10 29 i
1065 287 92 30 skatt
1177 287 73 30 lika
1270 288 138 40 mycket
1429 288 82 30 eller
1530 289 11 29 i
1563 298 42 21 en
1626 289 53 30 del
1701 288 60 30 fall

279 334 103 40 något
396 345 74 21 mer
485 337 43 30 än
542 338 66 29 vad
624 347 41 20 en
679 339 276 40 inkomsttagare
968 341 81 30 med
1064 341 65 30 den
1145 341 129 31 dubbla
1288 343 200 30 inkomsten
1504 343 149 30 behöver
1669 340 91 47 göra.

279 390 63 29 Det
362 391 37 29 är
416 400 43 20 av
476 391 289 32 statsfinansiella
783 394 75 30 skäl
877 395 72 29 inte
966 395 137 40 möjligt
1123 398 49 28 att
1192 396 213 31 omedelbart
1425 397 203 40 genomföra
1648 397 113 41 någon

279 444 148 40 ändring
445 455 42 19 av
505 446 64 29 här
588 446 130 40 åsyftat
739 448 82 39 slag.
843 448 73 30 Den
936 449 241 40 omarbetning
1198 459 41 21 av
1261 451 239 30 skatteskalan
1523 460 74 21 som
1619 452 38 29 är
1678 452 84 30 nöd-

276 498 127 41 vändig
420 500 69 29 kan
506 500 71 30 inte
593 501 107 30 heller
718 502 113 30 vidtas
849 504 85 29 utan
951 504 137 30 relativt
1106 504 217 31 omfattande
1341 505 162 30 tekniska
1522 506 238 40 utredningar.

276 553 175 31 Utskottet
473 564 101 21 anser
597 556 191 30 emellertid
810 559 50 27 att
883 557 130 40 förslag
1037 558 86 30 efter
1148 558 204 41 erforderlig
1375 560 188 40 utredning
1585 561 62 29 bör
1672 561 88 30 före-

278 607 115 40 läggas
407 608 188 40 riksdagen
610 609 37 30 så
662 612 96 28 snart
775 619 73 21 som
864 611 147 40 möjligt.

321 661 73 30 Den
411 663 10 28 i
457 680 25 3 —
496 681 45 2 —
555 681 44 3 -—
621 663 57 35 (=
697 665 187 35 utskottet)
904 683 45 3 —
964 684 44 2 —
1022 684 45 3 —
1085 667 199 40 spärregeln
1303 669 147 39 slopas.”

319 715 74 30 dels
411 718 112 28 ansett
541 719 50 28 att
609 718 170 31 utskottet
796 719 112 30 under
925 721 158 38 punkten
1102 721 26 29 B
1144 721 36 30 11
1201 722 77 30 bort
1298 722 194 35 hemställa,

640 774 50 29 alt
702 773 185 38 riksdagen
899 775 78 29 med
991 774 99 31 bifall
1104 776 51 29 till
1170 776 218 31 motionerna
1402 777 28 30 I:
1449 777 77 31 1049
1542 778 65 30 och
1621 778 45 30 II:
1683 778 80 30 1214

594 827 11 29 i
623 826 229 32 förevarande
869 828 54 30 del
939 829 11 29 i
968 829 166 31 skrivelse
1150 830 53 30 till
1220 830 125 41 Kungl.
1364 832 105 39 Maj:t
1486 832 201 30 hemställer
1704 842 57 21 om

594 881 188 38 utredning
804 882 177 37 angående
1003 882 108 30 sådan
1133 884 219 39 utformning
1374 894 42 19 av
1438 886 250 34 skatteskalan,
1711 888 49 27 att

594 933 66 30 den
681 934 78 30 med
781 934 164 41 förslaget
966 935 10 30 i
996 936 263 40 propositionen
1280 937 157 41 följande
1458 939 302 40 marginalskatte-

593 988 177 40 ökningen
788 989 10 29 i
816 989 300 31 inkomstskikten
1135 991 40 30 20
1190 991 150 31 000-—-55
1356 993 61 29 000
1437 993 52 29 kr.
1509 993 146 40 dämpas
1673 995 11 28 i
1704 1003 56 21 en-

594 1041 106 40 lighet
713 1043 80 29 med
807 1043 66 30 vad
888 1052 74 21 som
978 1044 135 30 anförts
1127 1045 10 29 i
1152 1045 155 30 nämnda
1320 1046 182 30 motioner.

272 1129 378 35 Folkpensionärernas
664 1132 220 37 beskattning
897 1143 43 20 m.
955 1143 42 20 m.

316 1200 54 32 13)
399 1200 225 32 Reservation
646 1213 43 20 av
707 1203 122 31 herrar
852 1205 114 39 Yngve
986 1205 139 31 Nilsson
1152 1206 83 36 (m),
1258 1207 103 30 Gösta
1382 1208 191 30 Jacobsson
1600 1209 68 35 (m)
1694 1209 65 31 och

268 1253 214 40 Magnusson
497 1256 11 29 i
524 1256 108 31 Borås
653 1257 84 36 (m),
753 1259 96 29 vilka

312 1308 73 30 dels
402 1310 117 30 anfört
534 1310 173 41 följande:

312 1362 76 30 ”En
401 1364 141 38 mycket
558 1366 72 28 stor
645 1366 149 29 nackdel
809 1366 55 30 för
880 1367 303 40 folkpensionärer
1198 1369 80 29 med
1294 1369 272 31 sidoinkomster
1582 1371 102 39 utgör
1699 1371 57 30 det

266 1415 174 41 påtagliga
466 1418 205 39 marginella
696 1418 179 31 bortfallet
901 1429 42 21 av
968 1421 201 40 ytterligare
1193 1422 204 30 inkomster.
1425 1424 330 39 Marginaleffekten

268 1470 101 29 beror
388 1470 72 30 dels
479 1471 44 40 på
543 1472 148 35 skatten,
711 1472 73 30 dels
802 1473 45 39 på
865 1475 278 39 avtrappningen
1162 1485 42 20 av
1222 1476 57 30 det
1297 1477 230 30 kommunala
1544 1478 212 30 bostadstill-

269 1523 121 40 lägget.

310 1577 266 41 Propositionen
595 1579 90 31 löser
702 1580 73 31 inte
792 1581 56 30 det
866 1582 203 39 problemet.
1089 1583 75 30 Den
1181 1584 260 41 huvudsakliga
1458 1587 149 29 orsaken
1625 1587 53 30 till
1697 1587 56 30 det

265 1631 206 40 marginella
488 1632 179 31 bortfallet
685 1634 10 29 i
717 1634 41 30 de
778 1636 133 38 ganska
930 1635 77 41 låga
1026 1637 282 40 inkomstlägena
1326 1640 102 38 utgör
1448 1640 57 29 det
1525 1640 228 31 kommunala

264 1684 318 42 bostadstilläggets
609 1688 241 40 avtrappning.
878 1688 67 31 Om
973 1691 277 40 avtrappningen
1278 1693 90 29 skall
1394 1694 146 30 mildras
1568 1694 39 30 så
1634 1696 49 28 att
1711 1704 42 21 en

263 1738 154 41 påtaglig
435 1740 193 40 dämpning
648 1742 80 29 sker
747 1751 42 20 av
808 1743 340 39 marginaleffekten,
1169 1745 112 30 måste
1302 1755 41 20 en
1363 1747 132 39 kraftig
1514 1748 239 40 nedskärning

263 1801 43 21 av
327 1793 341 42 reduktionstempot
688 1795 124 31 vidtas.
835 1796 102 30 Detta
959 1798 70 29 kan
1052 1798 60 30 ske
1135 1806 124 32 genom
1282 1801 49 28 att
1354 1800 111 30 sänka
1487 1801 265 40 avtrappnings-

265 1847 133 38 tempot
419 1847 43 29 då
483 1847 56 29 det
560 1848 106 39 gäller
687 1849 56 29 det
764 1850 229 30 kommunala
1012 1851 309 41 bostadstillägget.
1343 1854 173 40 Lämpligt
1538 1864 80 21 vore
1639 1856 44 29 då
1703 1858 49 28 att

262 1899 87 30 även
370 1900 64 30 där
452 1901 47 29 ha
518 1902 433 41 tredjedelsavtrappning.
973 1905 74 29 Den
1068 1907 229 29 merkostnad
1318 1916 74 21 som
1414 1908 202 40 därigenom
1639 1910 112 29 skulle

261 1953 132 30 drabba
413 1955 258 30 kommunerna
698 1956 343 41 (uppskattningsvis
1062 1959 10 29 i
1095 1960 346 40 storleksordningen
1461 1962 41 29 30
1524 1963 54 29 till
1598 1962 42 30 40
1662 1963 87 40 milj.

261 2007 70 34 kr.)
354 2008 107 30 borde
479 2008 211 31 finansieras
711 2019 41 21 av
772 2012 123 29 staten.
915 2012 52 29 En
987 2012 150 40 ändring
1154 2022 42 21 av
1215 2014 57 29 det
1291 2014 229 31 kommunala
1538 2016 212 30 bostadstill-

261 2060 130 40 läggets
408 2062 329 31 reduktionsfaktor
755 2063 79 31 från
852 2064 41 30 50
911 2065 53 30 till
982 2065 40 30 33
1043 2066 60 36 1/3
1123 2066 32 34 Z
1178 2067 114 30 skulle
1308 2068 170 31 innebära
1495 2071 50 28 att
1562 2070 187 39 marginal-

261 2114 156 30 effekten
439 2116 186 30 minskade
647 2117 79 29 med
752 2118 39 30 16
816 2118 61 35 2/3
898 2118 46 34 4.
969 2119 330 40 Marginaleffekten
1321 2122 68 29 blir
1413 2122 92 30 ändå
1528 2124 139 38 mycket
1690 2124 59 39 på-

260 2169 115 39 taglig,
391 2178 82 20 men
488 2170 120 38 tyvärr
623 2170 40 30 är
677 2171 57 29 det
750 2172 146 39 ogörligt
913 2174 50 28 att
978 2172 73 30 helt
1067 2173 251 31 ”normalisera”
1335 2176 77 29 den.

304 2222 65 30 Vid
385 2222 257 41 bedömningen
660 2233 42 21 av
718 2224 175 31 huruvida
910 2225 304 41 folkpensionärer
1231 2228 39 30 är
1286 2228 215 41 berättigade
1516 2230 54 30 till
1588 2231 159 30 kommu-

261 2276 81 29 nala
362 2276 264 40 bostadstillägg
646 2278 174 30 beräknas
845 2279 38 29 10
910 2279 31 34 Z
969 2289 42 20 av
1031 2279 243 41 förmögenhet
1295 2282 81 30 över
1398 2283 40 30 22
1453 2283 63 30 500
1538 2285 51 29 kr.
1610 2284 57 30 för
1687 2294 61 20 var

259 2329 65 30 och
341 2338 43 21 en
401 2339 41 21 av
458 2331 125 29 makar
600 2331 65 29 och
682 2332 81 29 över
780 2332 40 30 30
836 2332 62 30 000
916 2334 51 29 kr.
986 2333 55 30 för
1059 2335 266 30 ensamstående
1343 2345 75 20 som
1436 2337 165 30 inkomst.
1621 2338 123 39 Kungl.

257 2383 107 40 Maj:t
380 2383 67 30 har
464 2384 165 40 framlagt
648 2385 131 40 förslag
796 2386 222 31 beträffande
1036 2388 149 40 höjning
1203 2398 42 20 av
1263 2389 101 30 dessa
1383 2390 363 41 förmögenhetsgrän-

261 2446 54 20 ser
332 2437 54 30 till
404 2437 40 30 40
460 2437 62 30 000
541 2447 90 31 resp.
650 2438 41 30 50
706 2438 62 31 000
787 2440 52 29 kr.
858 2440 79 30 med
955 2440 138 40 hänsyn
1111 2442 53 29 till
1183 2443 67 29 den
1269 2443 140 40 nyligen
1427 2444 182 40 företagna
1627 2445 120 40 fastig-

256 2490 292 40 hetstaxeringen.
572 2492 103 30 Detta
696 2493 146 30 innebär
866 2494 106 39 enligt
994 2496 181 29 uttalande
1197 2496 11 29 i
1230 2505 98 31 prop.
1354 2497 99 30 1970:
1470 2497 49 35 70,
1543 2500 50 28 att
1616 2499 129 39 avdrag
