1888 2825
459 187 122 41 Tredje
604 187 243 40 lagutskottets
870 186 177 31 utlåtande
1068 196 42 20 nr
1131 187 41 30 20
1193 186 38 31 år
1254 186 82 30 1968
1619 185 18 29 d

157 270 201 29 fektivisera
386 269 267 29 bestämmelsen
682 270 129 37 upptog
840 268 359 38 utredningsmannen
1228 268 10 28 i
1268 267 163 38 förslaget
1461 267 52 30 till
1542 266 97 39 djur-

159 323 188 41 skyddslag
364 323 93 29 vissa
475 323 109 39 regler
605 331 56 20 om
681 322 104 30 straff
803 322 53 29 för
877 322 65 29 den
963 331 73 20 som
1056 321 200 30 medverkat
1275 321 52 29 till
1348 320 230 30 överträdelse
1598 329 41 20 av

157 377 171 30 meddelat
352 376 137 30 förbud.

202 435 12 28 I
235 435 40 29 de
294 434 188 39 yttranden
503 443 73 20 som
596 433 179 30 lämnades
796 434 79 28 över
898 433 81 29 1938
1001 433 55 29 års
1076 433 220 29 betänkande
1317 431 164 39 avböjdes
1502 432 66 29 den
1589 431 50 29 fö-

157 489 158 38 reslagna
338 488 425 29 förbudsbestämmelsen.
786 488 74 28 Den
882 487 125 39 ansågs
1031 487 123 38 utgöra
1176 488 47 28 ett
1246 486 117 29 alltför
1387 488 85 27 stort
1494 485 145 39 ingrepp

157 542 10 29 i
197 542 271 29 människornas
499 541 466 39 försörjningsmöjligheter.
996 540 125 30 Vidare
1154 539 125 40 ansågs
1309 538 259 30 efterlevnaden
1599 548 41 19 av

158 596 172 29 meddelat
350 595 127 30 förbud
495 596 70 28 inte
584 596 121 28 kunna
723 595 230 29 kontrolleras
972 594 64 29 och
1054 594 79 29 med
1152 594 137 38 hänsyn
1307 593 52 30 till
1379 595 49 27 att
1447 592 41 30 de
1508 602 74 20 som
1602 593 37 28 är

157 649 173 38 varaktigt
352 649 186 39 olämpliga
561 651 49 27 att
630 648 143 29 handha
793 648 81 39 djur
896 647 73 30 ofta
989 648 77 29 blev
1087 647 166 34 straffria,
1278 648 121 37 antogs
1420 646 219 29 bestämmel-

162 713 60 20 sen
240 713 56 20 om
315 703 136 40 påföljd
469 703 55 30 för
541 703 229 30 överträdelse
789 712 42 20 av
848 702 161 30 förbudet
1027 702 47 29 bli
1092 701 194 30 ineffektiv.

202 756 92 29 Även
324 756 108 29 under
460 755 217 40 lagärendets
708 756 162 29 fortsatta
896 754 211 40 behandling
1136 754 178 30 avvisades
1343 753 296 30 förbudsbestäm-

159 810 140 29 melsen.
320 810 130 29 Härvid
470 809 210 40 åberopades
701 810 10 29 i
731 809 185 29 huvudsak
937 818 134 20 samma
1091 807 216 40 synpunkter
1329 816 73 21 som
1423 807 134 29 anförts
1577 816 63 19 un-

159 863 59 30 der
237 863 391 39 remissbehandlingen.

204 971 12 28 I
232 970 467 39 djurskyddsutredningens
716 970 216 30 betänkande
950 970 37 29 år
1006 969 79 30 1961
1103 969 78 29 med
1197 969 130 39 förslag
1341 969 52 29 till
1409 978 68 29 nya
1491 968 149 29 bestäm-

159 1025 124 29 melser
300 1033 55 20 om
373 1024 214 39 djurplågeri
611 1024 101 34 (SOU
730 1023 98 30 1961:
844 1023 58 35 45)
924 1023 210 29 framfördes
1152 1023 89 38 ånyo
1258 1022 164 39 förslaget
1439 1030 56 20 om
1512 1031 42 20 en
1572 1021 68 29 för-

159 1078 343 34 budsbestämmelse,
524 1087 74 20 som
617 1078 88 28 dock
724 1078 29 38 ej
776 1077 103 39 avsåg
899 1076 146 40 ägandet
1064 1086 42 20 av
1124 1076 91 39 djur.
1236 1076 13 28 I
1267 1075 236 30 betänkandet
1524 1074 116 30 anför-

159 1131 59 30 des
238 1132 52 29 till
312 1132 198 40 utveckling
531 1141 41 19 av
592 1132 164 38 förslaget
782 1131 42 34 (s.
847 1131 76 33 22):

203 1194 64 29 Det
288 1194 45 33 är,
358 1202 101 30 synes
481 1193 65 34 det,
568 1193 145 29 allenast
734 1194 47 29 ett
802 1192 193 39 antagande
1017 1194 48 27 att
1086 1201 42 20 en
1150 1191 108 30 sådan
1278 1190 136 40 påföljd
1435 1190 112 30 skulle
1567 1190 11 29 i
1599 1189 40 29 de

160 1238 102 29 flesta
287 1238 59 29 fall
372 1238 131 29 drabba
526 1246 173 31 personer,
727 1246 73 20 som
824 1237 45 39 på
893 1237 112 39 grund
1030 1246 41 20 av
1096 1237 53 29 sin
1177 1235 363 30 sinnesbeskaffenhet
1565 1235 75 28 icke

159 1282 70 29 kan
243 1282 101 29 fällas
357 1283 52 28 till
425 1282 231 30 straffansvar
669 1282 58 29 vid
740 1281 298 39 lagöverträdelse.
1052 1280 256 39 Tankegången
1321 1280 106 29 borde
1441 1280 11 28 i
1467 1280 76 28 sina
1556 1279 84 28 kon-

161 1327 183 29 sckvenser
363 1327 105 29 också
487 1327 77 29 leda
581 1327 52 29 till
653 1328 48 27 att
722 1325 105 30 straff
845 1326 53 29 för
917 1325 214 39 djurplågeri
1150 1325 10 29 i
1180 1325 75 29 sina
1274 1325 119 38 grövre
1413 1324 129 28 former
1560 1332 80 20 vore

160 1372 148 38 onyttigt
331 1371 164 29 eftersom
519 1371 319 39 gärningsmannen
859 1379 80 20 vore
962 1370 10 29 i
996 1370 40 29 de
1060 1370 102 29 flesta
1186 1369 60 29 fall
1271 1368 145 30 straffri.
1441 1368 66 29 För
1531 1368 110 38 övrigt

160 1425 100 29 synes
280 1416 66 29 den
366 1416 196 38 föreslagna
581 1425 68 29 nya
669 1415 204 38 strafflagen
899 1414 266 38 (skyddslagen)
1190 1422 122 30 genom
1331 1413 308 29 bestämmelserna

160 1460 10 29 i
194 1460 15 29 7
235 1461 64 28 och
324 1460 38 29 10
385 1460 78 39 kap.
489 1460 142 29 komma
653 1461 49 27 att
724 1468 138 30 rymma
884 1459 219 39 möjligheter
1126 1458 52 29 till
1202 1467 42 21 en
1267 1467 41 20 ur
1332 1457 104 30 social
1461 1457 178 39 synpunkt

159 1505 323 29 tillfredsställande
499 1504 158 29 reaktion
674 1506 71 27 mot
763 1503 146 30 återfall.

203 1550 64 28 Det
289 1550 37 28 är
347 1549 19 29 å
387 1549 109 29 andra
518 1549 108 34 sidan,
649 1548 176 30 förefaller
847 1548 65 34 det,
935 1546 345 31 otillfredsställande
1301 1548 50 28 att
1373 1546 66 29 den
1462 1555 83 25 som,
1569 1545 72 30 må-

160 1594 117 29 hända
305 1593 198 39 upprepade
532 1593 136 39 gånger,
701 1593 95 29 fällts
825 1592 53 29 för
908 1592 214 39 djurplågeri
1150 1592 64 28 och
1243 1591 201 39 därigenom
1472 1591 89 29 visat
1591 1590 50 39 sig

160 1639 220 39 oemottaglig
399 1638 53 29 för
472 1638 138 29 straffet
630 1638 87 29 skall
737 1638 136 28 lämnas
891 1637 11 28 i
921 1636 125 29 okvald
1064 1636 181 39 möjlighet
1265 1638 48 27 att
1333 1636 205 39 obegränsat
1557 1636 84 29 fort-

161 1684 91 28 sätta
266 1683 79 29 med
361 1683 58 29 sitt
434 1682 202 39 lagstridiga
651 1682 266 38 handlingssätt,
935 1682 63 28 när
1014 1681 181 39 möjlighet
1211 1681 88 29 dock
1316 1681 114 29 finnes
1447 1684 49 27 att
1512 1681 11 29 i
1539 1681 102 39 prak-

162 1729 98 28 tiken
282 1738 56 19 om
361 1729 75 29 icke
459 1728 71 29 helt
554 1728 182 29 förhindra
761 1727 37 30 så
821 1727 88 29 dock
931 1727 185 38 väsentligt
1139 1727 148 29 beskära
1310 1727 89 29 hans
1423 1727 220 39 möjligheter

159 1772 52 29 till
231 1772 139 29 fortsatt
389 1772 229 38 brottslighet.
638 1771 59 29 Att
716 1773 46 27 ett
782 1770 203 39 ingripande
1005 1772 10 28 i
1034 1770 94 29 detta
1146 1770 61 29 fall
1228 1770 111 29 skulle
1359 1770 148 29 framstå
1526 1770 114 29 såsom

160 1825 96 20 mera
275 1816 197 38 vittgående
494 1816 43 28 än
559 1815 66 29 vad
648 1815 96 29 fallet
767 1815 37 29 är
826 1814 78 29 med
925 1814 209 39 indragning
1156 1823 41 20 av
1218 1814 144 29 körkort
1385 1814 53 29 för
1460 1824 42 19 en
1523 1814 118 39 yrkes-

160 1861 163 29 chaufför
344 1861 37 29 är
403 1860 92 30 svårt
517 1861 49 28 att
585 1860 85 29 inse.

203 1931 65 28 Vid
290 1930 383 39 remissbehandlingen
696 1940 42 19 av
759 1929 235 30 betänkandet
1017 1930 161 29 lämnade
1201 1930 150 29 flertalet
1374 1930 175 29 instanser
1573 1929 69 30 för-

161 1985 107 39 slaget
295 1994 56 20 om
378 1984 184 30 införande
589 1994 42 19 av
659 1993 42 20 en
728 1983 284 39 förbudspåföljd
1039 1985 85 27 utan
1151 1983 139 29 erinran
1319 1984 81 28 eller
1427 1983 136 39 yttrade
1591 1984 50 38 sig

161 2038 121 30 därom
305 2039 11 28 i
338 2038 245 39 tillstyrkande
606 2038 166 38 riktning.
796 2037 49 29 Bl.
870 2047 29 19 a.
924 2036 183 30 framhölls
1132 2038 49 28 att
1205 2036 227 39 möjligheten
1456 2046 42 20 av
1521 2038 49 28 att
1594 2038 47 28 ett

161 2092 127 29 förbud
306 2092 177 29 meddelas
502 2092 37 29 är
559 2091 112 39 ägnad
690 2093 49 27 att
760 2091 176 29 förstärka
955 2090 66 29 den
1040 2090 205 29 avhållande
1265 2090 154 29 effekten
1440 2090 63 29 hos
1524 2090 118 29 straff-

160 2145 106 29 budet
283 2147 71 27 mot
373 2145 223 39 djurplågeri,
616 2146 49 28 att
683 2144 415 30 förbudsbestämmelsen
1117 2144 111 29 skulle
1246 2143 36 30 få
1301 2143 150 30 särskild
1467 2143 175 39 betydelse

161 2199 63 29 när
241 2199 55 29 det
313 2199 105 39 gäller
435 2199 160 39 psykiskt
612 2198 140 29 defekta
768 2197 223 40 djurplågare
1009 2199 89 28 samt
1117 2198 48 28 att
1183 2197 56 29 det
1256 2198 37 28 är
1310 2197 165 30 önskvärt
1494 2199 49 28 att
1560 2206 82 20 man

161 2253 70 28 kan
246 2253 118 38 tvinga
379 2262 41 19 en
436 2252 158 29 notorisk
609 2252 232 39 djurplågare,
860 2260 73 20 som
948 2250 251 40 yrkesmässigt
1214 2251 63 28 har
1293 2250 78 30 med
1387 2251 81 38 djur
1484 2252 49 28 att
1550 2251 91 39 göra,

162 2308 48 28 att
227 2306 124 39 övergå
366 2306 52 29 till
435 2315 117 20 annan
567 2305 231 30 verksamhet.

205 2363 13 29 I
236 2363 216 40 proposition
474 2363 51 29 till
545 2363 83 29 1965
647 2363 56 29 års
723 2362 141 39 riksdag
889 2362 57 35 (nr
968 2362 77 34 138)
1069 2363 57 39 tog
1146 2362 382 39 departementschefen
1549 2362 93 29 ställ-

161 2418 82 38 ning
271 2417 51 29 till
352 2416 468 39 djurskyddsutredningens
849 2416 129 39 förslag
1006 2416 65 28 och
1099 2416 159 29 avvisade
1287 2416 121 29 därvid
1437 2416 206 39 förbudspå-

160 2470 145 40 följden.
335 2469 392 41 Departementschefen
753 2469 254 35 konstaterade,
1036 2471 49 28 att
1112 2469 56 30 det
1197 2469 195 39 uppenbart
1418 2478 80 21 vore
1524 2469 119 29 värde-

163 2525 80 30 fullt
262 2525 79 30 från
361 2524 398 41 djurskyddssynpunkt
779 2525 49 30 att
847 2523 46 32 ha
910 2523 182 41 möjlighet
1111 2524 50 30 att
1179 2523 126 32 beröva
1324 2532 42 22 en
1384 2531 127 34 person
1529 2523 114 32 rätten
