1910 2802
537 143 295 42 Statsutskottets
855 149 186 38 memorial
1065 155 52 32 Nr
1143 155 73 31 159.
1537 151 40 37 i5

153 227 18 31 I
205 228 153 36 enlighet
391 229 76 31 med
491 229 66 31 vad
581 239 72 21 som
677 230 12 30 i
713 230 254 36 propositionen
990 231 203 37 föreslagits,
1218 233 60 31 bör
1301 234 163 36 täckning
1488 235 54 30 för
1566 235 54 31 det

110 280 216 31 sistnämnda
359 290 45 21 av
440 281 95 31 dessa
570 281 87 31 båda
691 281 120 37 belopp
846 282 137 32 beredas
1018 283 78 31 från
1119 284 182 37 tillfälliga
1324 286 198 36 lånemedel,
1547 297 75 20 var-

110 331 109 31 under
257 332 103 31 alltså
399 332 96 31 torde
534 333 81 31 böra
649 334 110 30 såsom
797 344 67 26 »ny
898 335 210 36 upplåning»
1146 336 161 36 uppföras
1342 339 47 29 ett
1423 338 119 36 belopp
1576 349 45 20 av

110 384 172 35 1,500,000
306 384 138 31 kronor.

154 435 119 33 Under
296 436 214 37 åberopande
533 437 110 31 härav
666 437 197 33 hemställer
886 439 174 37 utskottet,

354 516 52 30 att
429 515 12 31 i
465 515 185 32 riksstaten
668 516 53 31 för
737 516 202 37 budgetåret
956 517 215 33 1927—1928
1188 519 108 32 under
1311 520 166 31 rubriken
1498 520 123 31 »Låne-

312 567 124 31 medel:
472 567 46 31 II.
553 568 195 37 Tillfälliga
779 569 209 32 lånemedel»
1013 571 162 36 uppföras
1199 572 152 36 följande
1374 572 129 36 belopp,
1527 575 94 28 näm-

313 619 95 36 ligen

312 669 308 40 Återbetalningar
654 697 48 5 oo.
709 697 680 8 eessesssssrsssrsssesesersserarsrrrsre
1136 665 54 50 reses
1192 665 16 50 er
1214 665 48 50 arena
1267 665 51 50 renas
1323 665 4 50 e
1333 665 60 50 nana
1438 677 171 36 7,248,034

312 723 56 37 Ny
391 724 191 36 UDPPlåning
609 749 779 8 oossmmmrsrssrrersr
837 719 164 46 srrrsrrrrsrsrer
1003 719 39 46 rss
1046 719 39 46 seen
1095 719 33 46 re
1141 719 64 46 eran
1230 719 30 46 DEL
1268 719 29 46 LE
1317 719 32 46 aa
1354 719 38 46 ana
1437 729 171 35 1,500,000

1119 788 144 32 Summa
1285 790 128 31 kronor
1437 790 181 36 8,748,034.

155 853 68 31 Vid
258 853 100 31 bifall
393 854 55 30 till
483 854 67 32 vad
586 855 165 31 utskottet
785 856 145 32 sålunda
954 857 185 37 föreslagit,
1163 859 137 31 komma
1325 859 220 32 lånemedlen
1568 862 51 29 att

110 906 13 30 i
147 906 182 31 riksstaten
353 906 54 31 för
430 906 200 37 budgetåret
655 908 214 31 1927—1928
894 909 165 37 uppföras
1082 911 75 31 med
1181 913 48 29 ett
1252 912 229 36 sammanlagt
1500 912 119 37 belopp

110 968 45 21 av
179 957 194 37 37,582,189
397 958 137 32 kronor.

155 1070 84 38 13:0o)
274 1071 219 32 Beträffande
524 1072 57 31 det
614 1072 285 38 bemyndigande,
922 1084 73 21 som
1019 1075 59 31 vid
1101 1075 101 31 bifall
1225 1077 55 30 till
1304 1078 178 31 utskottets
1506 1078 109 31 under
1670 1075 147 65 Bemynde.

111 1123 193 35 punkterna
327 1124 87 37 11:0)
437 1123 62 31 och
523 1125 85 36 12:0)
631 1124 121 36 gjorda
775 1125 128 37 förslag
926 1126 61 31 bör
1009 1137 45 20 av
1077 1127 182 37 riksdagen
1281 1129 133 31 lämnas
1435 1130 181 36 riksgälds-
1651 1121 82 50 ba.
1750 1122 79 57 Sc

111 1175 163 36 kontoret,
310 1175 96 31 torde
440 1175 276 33 bankoutskottet
750 1177 138 31 komma
922 1180 50 29 att
994 1179 129 36 avgiva
1147 1180 139 36 förslag,
1310 1192 120 20 varom
1454 1183 160 30 utskottet
1675 1182 129 31 liningen.

110 1227 93 31 velat
226 1227 204 36 härigenom

354 1306 126 31 erinra.

155 1400 122 37 Enligt
311 1401 182 31 utskottets
527 1401 12 31 i
574 1401 55 32 det
664 1402 204 37 föregående
898 1404 217 32 framställda
1138 1405 128 38 förslag
1289 1407 137 31 komma
1449 1409 167 30 statsin-

110 1452 241 33 komsterna
389 1455 51 30 att
478 1454 12 31 i
527 1454 183 32 riksstaten
748 1455 164 37 uppföras
950 1457 75 31 med
1063 1459 48 29 ett
1147 1459 230 36 sammanlagt
1414 1460 120 36 belopp
1572 1471 45 20 av

112 1505 215 37 710,727,200
350 1506 137 31 kronor.
