2223 2689
475 204 38 29 42
854 203 375 42 Bevillningsutskottets
1252 206 209 32 Betänkande
1485 207 62 32 N:o
1569 210 27 29 7.

434 289 267 44 näringsidkare
726 290 254 45 jemförelsevis
1007 291 80 45 föga
1116 293 222 44 betungande
1366 294 114 35 vilkor
1508 296 53 33 för
1588 295 263 35 restitutionens
1879 296 155 44 tillgodo-

434 340 169 45 njutande
631 340 108 36 måste
768 342 38 34 af
831 343 75 34 dem
934 342 203 45 föredragas
1164 344 146 35 framför
1337 346 41 34 de
1406 356 94 24 mera
1517 347 229 44 omständliga
1762 347 271 44 bestämmelser,

434 392 140 35 hvilkas
614 393 231 45 iakttagande
879 394 174 35 erfordras
1081 395 53 34 för
1161 397 200 34 restitution
1389 398 109 43 enligt
1526 409 97 24 mom.
1656 401 31 40 5,
1717 399 63 34 och
1808 402 53 31 att
1889 397 144 36 sålunda

435 445 200 34 restitution
674 445 109 44 enligt
822 446 239 34 förstnämnda
1090 451 148 31 moment
1265 446 108 36 måste
1401 447 78 36 från
1507 450 309 44 näringsidkarens
1845 451 73 33 sida
1947 461 86 24 vara

436 498 88 32 mest
551 497 186 43 önskvärd,
770 497 115 34 tillika
913 497 197 45 öfvervägt,
1139 499 90 34 huru
1256 500 82 34 vida
1366 502 135 33 antalet
1528 501 39 34 af
1591 502 41 34 de
1659 502 12 33 i
1698 512 98 24 mom.
1830 504 12 31 1
1865 502 171 44 specifice-

435 547 83 34 rade
559 548 270 45 tillverkningar
870 549 111 34 skulle
1017 550 118 34 kunna
1164 551 94 34 ökas.
1313 551 17 34 I
1359 552 95 34 detta
1482 553 196 34 hänseende
1705 554 65 33 har
1797 554 165 41 komitén,
1991 552 44 45 på

436 600 113 42 grund
590 599 35 34 af
659 600 63 34 den
752 601 222 43 synnerligen
1002 602 171 33 vexlande
1201 603 251 44 beskaffenhet,
1482 614 69 24 som
1581 605 77 34 icke
1687 605 148 34 allenast
1863 605 170 34 särskilda

435 651 168 43 varuslag
642 654 84 31 utan
760 651 103 35 äfven
893 652 93 34 olika
1014 653 271 45 tillverkningar
1312 654 39 34 af
1375 665 131 24 samma
1534 656 92 44 slags
1653 666 85 24 vara
1769 656 115 35 kunde
1911 656 122 44 förete,

436 701 116 35 funnit
593 713 40 23 en
675 703 210 45 utvidgning
924 704 39 34 af
988 702 154 36 området
1170 705 53 34 för
1254 708 87 31 1:sta
1369 710 204 30 momentets
1600 708 247 42 tillämplighet
1874 708 158 32 förenadt

435 753 75 33 med
553 752 162 35 afsevärd
755 753 76 34 fara
865 754 53 33 för
958 755 172 33 missbruk
1172 755 38 34 af
1247 759 116 31 rätten
1397 757 51 33 till
1478 757 197 34 restitution
1706 758 63 34 och
1797 757 95 44 förty
1920 760 115 31 ansett

436 803 77 34 icke
552 804 101 43 blott,
696 807 53 31 att
789 806 134 33 antalet
964 805 38 34 af
1030 806 8 33 i
1073 816 97 25 mom.
1205 808 15 33 1
1251 808 227 43 uppräknade
1508 809 165 44 varnslag
1699 809 77 35 icke
1804 809 105 34 borde
1935 810 96 41 ökas,

437 858 85 30 utan
550 855 102 34 äfven
683 859 53 30 att
763 857 266 33 tullrestitution
1058 857 53 33 för
1139 861 212 40 exportvara
1379 859 38 34 af
1443 860 209 34 sistberörda
1682 861 86 43 slag,
1798 860 182 34 framstäld
2000 861 38 33 af

438 906 109 33 delvis
588 906 180 35 inhemska
802 908 84 33 eller
914 908 76 34 icke
1019 909 213 43 tullpligtiga
1260 910 187 34 utländska
1475 914 136 40 ämnen,
1640 912 62 33 bör
1729 911 85 44 utgå
1843 912 122 33 endast
1992 909 43 46 på

437 959 70 32 sätt
535 957 61 34 och
625 958 110 34 under
762 958 125 44 vilkor,
917 969 68 24 som
1015 962 60 32 äro
1104 961 84 33 eller
1214 961 110 34 varda
1352 961 212 35 föreskrifna
1580 962 53 34 för
1648 965 212 41 exportvara
1877 962 39 34 af
1928 966 108 31 annat

437 1009 75 43 slag
539 1012 43 30 än
611 1010 41 33 de
679 1010 110 34 under
816 1020 98 24 mom.
949 1012 11 32 1
994 1012 237 43 uppräknade.

571 1059 17 35 I
629 1058 101 47 fråga
771 1072 52 23 om
863 1062 147 34 berörda
1051 1063 115 34 vilkor
1205 1064 70 33 kan
1316 1068 114 40 sägas,
1459 1067 54 31 att
1540 1065 41 34 de
1609 1062 20 37 å
1657 1075 64 24 ena
1749 1065 110 44 sidan,
1888 1063 38 37 så
1953 1066 78 48 vida

437 1111 107 43 syftet
572 1112 74 34 med
674 1112 244 35 restitutionen
947 1114 89 33 skall
1063 1115 118 33 kunna
1209 1113 143 46 uppnås,
1381 1116 77 33 icke
1485 1113 35 37 få
1550 1126 86 24 vara
1666 1116 119 34 alltför
1803 1120 155 41 stränga.
2001 1116 34 35 Å

437 1163 109 33 andra
574 1163 98 34 sidan
700 1161 109 37 måste
837 1164 40 34 de
906 1165 74 33 med
1011 1165 131 44 hänsyn
1172 1166 53 33 till
1253 1167 232 34 statsverkets
1513 1168 165 33 säkerhet
1706 1178 84 24 vara
1820 1165 142 45 sådana,
1983 1171 51 31 att

437 1214 41 33 de
506 1215 127 32 bereda
662 1215 105 43 nödig
794 1216 168 42 trygghet
990 1219 69 30 mot
1088 1217 182 34 missbruk.
1325 1217 13 33 I
1371 1228 129 23 samma
1529 1215 79 36 mån
1637 1229 69 23 som
1728 1229 40 23 en
1788 1219 247 43 tillverknings

437 1264 240 35 beskaffenhet
718 1265 131 34 medför
886 1266 73 34 fara
992 1267 6 33 i
1031 1260 231 49 nyssnämnda
1290 1268 206 44 hänseende,
1524 1266 110 37 måste
1662 1269 101 35 äfven
1794 1270 240 34 kontrollföre-

437 1316 191 34 skrifterna
669 1317 156 43 skärpas.
881 1316 54 35 Af
972 1318 58 33 det
1070 1318 144 34 anförda
1256 1317 165 46 framgår,
1464 1323 51 31 att
1556 1320 158 35 vilkoren
1748 1321 54 33 för
1834 1321 199 34 restitution

437 1364 108 37 måste
585 1367 108 35 blifva
735 1368 90 34 olika
869 1368 54 34 för
963 1369 89 33 olika
1096 1370 280 44 tillverkningar.
1431 1370 243 45 Lagstiftaren
1714 1372 69 34 kan
1821 1370 133 36 således
1981 1373 54 33 be-

437 1421 145 31 stämma
611 1419 122 33 endast
761 1419 40 33 de
830 1419 229 34 allmännaste
1087 1421 169 43 vilkoren,
1286 1422 61 33 och
1363 1423 382 42 generaltullstyrelsen
1766 1420 120 46 måste,
1907 1423 127 34 hädan-

438 1469 89 34 efter
566 1468 110 35 säsom
714 1470 136 40 hittills,
890 1480 64 34 ega
982 1474 53 30 att
1062 1471 155 34 meddela
1246 1472 40 33 de
1315 1473 171 34 särskilda
1514 1473 231 43 föreskrifter,
1774 1484 70 24 som
1872 1475 10 32 i
1910 1474 124 44 hvarje

438 1520 58 34 fall
535 1520 110 34 finnas
672 1520 54 34 för
753 1521 152 34 kontroll
934 1522 237 44 erforderliga.
1227 1522 54 35 Af
1306 1524 174 34 allmänna
1509 1525 131 33 vilkors
1668 1526 258 33 bestämmelser
1953 1536 80 32 upp-

438 1575 101 39 tager
565 1582 98 23 mom.
696 1574 19 31 5
744 1572 10 33 i
782 1573 51 32 sin
862 1573 203 34 nuvarande
1092 1574 130 42 lydelse
1251 1575 122 33 endast
1401 1573 71 44 två,
1502 1576 187 43 nemligen:
1720 1580 53 29 att
1792 1576 150 43 afsigten
1959 1577 74 33 med

438 1632 129 25 varans
607 1622 141 35 införsel
789 1623 87 33 skall
919 1624 11 33 i
971 1625 251 43 sammanhang
1258 1626 137 33 dermed
1423 1626 59 34 vid
1510 1637 129 23 varans
1666 1627 183 43 angifning
1876 1627 54 34 till
1958 1628 76 33 tull-

437 1674 211 43 behandling
688 1674 197 44 skriftligen
926 1676 166 42 anmälas,
1134 1679 89 31 samt
1263 1679 52 31 att
1342 1674 247 37 återutförseln
1617 1678 89 33 skall
1735 1678 107 34 hafva
1871 1681 56 41 egt
1957 1688 73 24 rum

437 1725 62 33 och
541 1722 124 36 sådant
704 1725 188 44 behörigen
933 1726 140 43 styrkas
1113 1726 88 34 inom
1235 1730 78 31 natt
1340 1728 63 34 och
1431 1725 39 37 år
1498 1728 89 34 efter
1614 1729 58 33 det
1699 1729 164 34 införseln
1893 1730 137 33 skedde.

437 1774 78 35 Den
557 1775 237 35 förstnämnda
836 1775 39 35 af
911 1777 96 33 dessa
1049 1778 258 34 bestämmelser
1343 1779 63 33 har
1434 1782 133 31 ansetts
1595 1780 83 34 böra
1707 1780 208 34 oförändrad
1943 1780 88 33 bibe-

437 1824 120 36 hållas.
613 1825 168 36 Deremot
808 1838 101 32 synes
937 1827 267 45 förebringande
1233 1829 38 33 af
1296 1830 184 43 bevisning
1494 1829 180 45 angående
1690 1831 168 34 utförseln
1874 1832 156 42 skäligen

436 1878 84 33 böra
548 1888 217 33 varuegaren
795 1878 204 44 medgifvas,
1028 1877 38 36 så
1093 1880 102 43 länge
1222 1880 457 45 restitutionsansökningen
1708 1885 93 31 ännu
1820 1883 77 33 icke
1918 1882 112 35 blifvit

437 1929 160 43 slutligen
640 1929 163 44 pröfvad;
845 1930 62 33 och
948 1930 98 33 torde
1088 1930 52 34 för
1167 1931 65 34 den
1260 1932 92 33 skull
1380 1932 209 44 stadgandet
1618 1943 51 23 om
1698 1933 50 34 tid
1777 1933 38 34 af
1844 1935 98 32 »natt
1970 1933 62 34 och

435 1977 58 36 år»
540 1980 54 33 för
634 1977 106 37 sådan
782 1981 200 43 bevisnings
1023 1981 198 34 företeende
1254 1983 185 43 lämpligen
1472 1985 83 32 böra
1584 1985 143 42 utbytas
1755 1987 70 31 mot
1852 1983 180 35 föreskrift

436 2031 127 42 derom,
605 2034 53 31 att
698 2031 456 45 restitutionsansökningen
1196 2034 89 33 skall
1323 2044 87 24 vara
1444 2035 89 33 inom
1562 2045 130 23 samma
1720 2035 50 33 tid
1798 2035 51 33 till
1879 2036 154 42 general-

437 2082 234 43 tullstyrelsen
702 2082 166 44 ingifven.
928 2082 222 35 Beträffande
1178 2084 40 34 de
1247 2085 171 34 särskilda
1447 2086 126 42 vilkor,
1601 2086 122 34 hvilka
1751 2086 125 34 hittills
1912 2087 118 42 plägat

437 2132 39 34 af
508 2134 381 42 generaltullstyrelsen
918 2135 208 33 bestämmas
1153 2134 53 34 för
1233 2138 72 31 rätt
1333 2136 51 33 till
1413 2136 197 34 restitution
1641 2137 109 43 enligt
1777 2147 98 24 mom.
1909 2139 30 38 5,
1969 2137 64 34 har

435 2184 165 42 komitén,
629 2194 70 23 som
728 2184 39 33 af
791 2185 173 33 desamma
991 2185 92 43 tagit
1110 2186 65 41 del,
1204 2186 115 34 funnit
1347 2187 176 44 åtskilliga
1554 2187 38 33 af
1616 2188 86 42 dem,
1733 2185 107 36 såsom
1871 2188 8 32 i
1910 2188 122 44 hvarje

436 2234 61 34 fall
525 2234 38 34 af
587 2235 171 43 styrelsen
786 2235 53 34 till
867 2235 230 44 iakttagande
1126 2236 220 44 föreskrifna,
1376 2248 85 24 vara
1491 2238 38 33 af
1554 2248 129 24 samma
1712 2240 173 32 allmänna
1916 2242 114 38 natur,

435 2296 71 23 som
547 2285 224 35 förenämnda
811 2289 62 32 två
913 2287 10 33 i
960 2297 97 24 mom.
1090 2289 19 31 5
1138 2287 53 34 för
1218 2289 220 34 närvarande
1466 2289 156 44 intagna,
1652 2290 7 33 i
1690 2290 188 43 anledning
1907 2289 126 36 hvaraf
