1912 2829
499 167 123 29 Första
642 167 244 39 lagutskottets
907 167 178 30 utlåtande
1104 176 42 20 nr
1165 167 42 29 26
1225 167 39 30 år
1285 166 82 30 1967
1658 166 18 29 3

195 249 105 39 köpet
325 249 168 39 åberopas
517 248 64 29 och
606 248 30 39 ej
665 249 37 29 är
727 248 137 29 inlösta.
890 247 163 40 Köparen
1078 250 117 37 syntes
1219 248 85 30 böra
1330 248 153 39 skyddas
1507 250 72 28 mot
1605 248 73 29 risk

193 305 50 27 att
265 303 87 30 både
375 302 37 30 få
433 302 362 40 avbetalningsgodset
818 302 167 39 återtaget
1008 302 64 29 och
1096 302 92 30 ändå
1209 303 126 29 krävas
1358 303 44 39 på
1425 302 113 39 grund
1561 312 41 20 av
1625 303 52 29 till

194 357 346 39 avbetalningsköpet
553 356 156 30 hörande
722 356 108 35 växel,
845 365 75 21 som
933 357 148 29 kommit
1094 357 11 29 i
1118 356 211 40 godtroende
1342 356 216 40 tredjemans
1572 357 104 29 hand.

238 411 14 29 I
267 411 311 40 lagrådsremissen
593 410 137 40 yttrade
746 411 383 39 departementschefen
1152 411 43 34 (s.
1212 410 40 29 59
1270 411 42 33 f.)
1333 413 50 27 att
1399 411 57 29 det
1472 411 71 30 inte
1560 413 118 37 syntes

193 465 219 40 erforderligt
436 467 50 28 att
511 465 233 39 uttryckligen
767 465 133 39 reglera
923 465 56 30 det
1004 465 61 30 fall
1089 467 49 28 att
1162 466 155 39 köparen
1341 467 194 37 accepterat
1559 466 118 29 växlar

192 520 11 28 i
226 519 190 40 anledning
437 529 42 20 av
502 520 114 39 köpet.
640 519 392 40 Departementschefen
1056 520 107 38 ansåg
1186 519 56 30 det
1266 519 175 39 nämligen
1464 520 92 39 ligga
1578 520 11 29 i
1614 520 64 29 säl-

192 574 120 39 jarens
332 576 74 37 eget
425 574 147 29 intresse
593 576 49 27 att
661 574 11 29 i
694 574 123 29 sådant
838 574 61 29 fall
920 574 109 29 förete
1048 574 176 34 växlarna,
1245 576 38 36 ty
1302 583 57 20 om
1381 574 152 38 säljaren
1553 574 125 29 under-

192 628 88 29 låter
303 628 104 34 detta,
432 628 71 30 kan
527 628 56 29 det
606 645 44 3 —
672 628 11 29 i
708 628 134 29 saknad
865 637 43 20 av
930 627 212 40 upplysning
1165 627 176 30 huruvida
1363 627 168 30 växlarna
1554 627 124 29 inlösts

193 682 82 29 eller
294 683 148 28 omsatts
458 699 45 3 —
521 682 174 39 knappast
716 683 100 37 sägas
833 691 84 20 vara
935 682 205 39 uppenbart,
1161 684 50 27 att
1230 682 152 39 köparen
1405 681 91 39 gjort
1516 682 50 39 sig
1587 682 91 38 skyl-

194 736 57 40 dig
265 736 53 30 till
336 736 125 30 sådant
477 736 170 39 dröjsmål
664 736 79 29 med
758 736 221 39 betalningen
999 745 73 20 som
1089 736 105 38 enligt
1213 736 36 28 11
1272 735 14 35 $
1306 736 108 29 första
1434 737 132 38 stycket
1586 736 92 29 ford-

192 800 58 21 ras
274 791 54 29 för
351 790 197 40 beviljande
572 800 42 19 av
636 790 276 39 handräckning.

236 844 173 40 Lagrådet
427 845 183 29 anmärkte
635 844 43 34 (s.
700 844 61 29 106
782 844 57 34 ff.)
864 846 49 28 att
932 845 99 38 lagen
1050 854 56 19 om
1126 844 310 39 avbetalningsköp
1456 844 75 29 icke
1551 845 127 28 uttöm-

194 899 127 29 mande
337 899 151 39 reglerar
505 899 41 29 de
562 899 216 39 betingelser,
797 908 74 20 som
888 899 106 39 gäller
1010 898 221 30 beträffande
1250 898 170 40 säljarens
1437 899 70 29 rätt
1524 900 50 28 att
1591 898 87 30 åter-

194 953 37 30 få
249 953 129 39 godset,
398 953 64 29 och
481 955 49 27 att
550 953 95 29 detta
662 953 88 29 hade
771 953 150 30 särskild
938 953 175 39 betydelse
1133 953 53 29 för
1206 953 54 29 det
1281 953 93 29 fallet
1398 955 49 27 att
1477 953 9 29 å
1505 953 173 39 köpeskil-

193 1007 118 39 lingen
331 1007 155 29 utställts
506 1016 43 20 en
570 1007 81 29 eller
673 1007 85 29 flera
780 1007 128 34 växlar,
932 1016 72 20 som
1028 1009 211 37 accepterats
1260 1017 42 18 av
1322 1007 165 38 köparen.
1508 1007 167 38 Lagrådet

195 1061 146 30 anförde
359 1061 134 30 vidare:

238 1142 72 29 Har
334 1142 154 39 säljaren
511 1141 181 40 påfordrat
716 1142 266 39 handräckning
1008 1142 109 29 under
1141 1142 217 39 åberopande
1384 1152 41 19 av
1450 1144 49 27 att
1523 1142 152 39 köparen

193 1187 76 29 icke
289 1187 109 39 erlagt
418 1187 178 39 betalning
616 1187 54 29 för
691 1189 116 37 poster
828 1196 74 20 som
922 1187 79 29 med
1021 1187 166 29 växlarna
1208 1196 108 25 avses,
1338 1187 110 29 måste
1469 1187 56 29 det
1546 1196 132 20 meren-

193 1232 75 29 dels
287 1233 125 38 utgöra
430 1234 48 28 ett
497 1232 126 29 villkor
643 1232 54 29 för
718 1232 173 39 säljarens
908 1233 70 28 rätt
997 1234 50 27 att
1067 1232 154 39 återtaga
1241 1232 128 39 godset,
1391 1234 49 26 att
1460 1232 70 28 han
1551 1231 127 29 företer

193 1276 103 30 dessa
315 1277 130 29 växlar.
465 1277 175 29 Försåvitt
661 1286 83 20 man
765 1277 176 39 nämligen
961 1277 59 29 vid
1040 1277 230 39 uppgörelsen
1291 1277 106 38 enligt
1419 1276 19 28 4
1463 1276 14 36 $
1502 1277 88 28 skall
1612 1276 67 29 till-

196 1321 203 40 godoräkna
428 1321 154 40 säljaren
609 1322 41 29 de
680 1322 238 39 skuldbelopp,
948 1322 52 29 till
1028 1322 95 29 vilka
1150 1322 167 29 växlarna
1345 1322 150 29 hänföra
1525 1322 58 39 sig,
1614 1322 64 29 och

193 1367 172 39 beloppen
389 1367 84 29 falla
496 1367 96 29 inom
616 1367 56 30 det
695 1367 115 34 värde,
834 1368 116 29 vartill
974 1367 119 39 godset
1117 1368 208 38 uppskattas
1349 1367 57 29 vid
1430 1367 247 39 återtagandet,

194 1412 65 29 har
277 1412 155 39 köparen
450 1430 44 2 —
511 1413 83 28 enär
612 1412 70 29 han
700 1412 79 29 med
798 1412 137 39 godsets
955 1412 246 30 återställande
1222 1412 87 29 skall
1330 1422 101 19 anses
1450 1412 44 29 ha
1514 1412 163 39 gottgjort

195 1456 155 40 säljaren
374 1457 54 30 för
452 1457 67 29 den
543 1457 54 29 del
622 1467 42 19 av
687 1457 130 30 dennes
841 1457 399 40 köpeskillingsfordran
1266 1466 74 21 som
1367 1458 116 28 täckes
1508 1466 42 20 av
1575 1456 103 40 sagda

194 1502 106 29 värde
318 1520 45 2 —
380 1502 12 29 i
410 1502 137 40 princip
567 1502 154 40 anspråk
738 1502 46 39 på
803 1504 49 28 att
872 1510 125 32 genom
1015 1502 184 30 växlarnas
1220 1502 200 29 återfående
1440 1502 81 29 eller
1541 1502 138 29 anteck-

196 1547 84 39 ning
297 1548 20 29 å
334 1547 180 30 desamma
531 1548 55 29 för
603 1548 190 29 framtiden
811 1547 130 30 befrias
959 1547 81 30 från
1058 1547 58 30 sitt
1134 1548 236 28 växelansvar.
1389 1547 162 39 Köparen
1569 1547 110 29 måste

195 1592 74 35 här,
287 1592 46 40 på
350 1593 68 29 sätt
435 1592 110 30 under
562 1592 384 39 remissbehandlingen
963 1592 145 34 anförts,
1129 1592 152 39 skyddas
1299 1594 71 27 mot
1389 1592 119 29 risken
1527 1593 49 28 att
1593 1591 86 30 både

195 1637 37 30 få
255 1637 120 39 godset
399 1637 166 39 återtaget
590 1637 65 29 och
679 1637 92 30 ändå
794 1638 126 29 krävas
942 1637 45 39 på
1009 1638 129 33 växlar,
1165 1646 73 20 som
1263 1637 148 29 kommit
1435 1637 11 28 i
1470 1636 209 39 godtroende

194 1682 113 39 tredje
327 1691 101 21 mans
448 1682 105 29 hand.
572 1682 78 29 Kan
668 1682 138 29 likvisst
827 1682 152 39 säljaren
1001 1682 102 30 ställa
1121 1682 233 39 betryggande
1376 1682 160 29 säkerhet
1557 1682 53 29 för
1631 1683 48 27 att

196 1725 74 31 han
298 1727 91 38 själv
416 1727 159 29 kommer
603 1729 49 27 att
680 1727 107 29 infria
815 1728 167 28 växlarna
1009 1727 11 29 i
1048 1727 173 39 köparens
1251 1727 99 29 ställe
1379 1727 82 28 eller
1490 1728 49 27 att
1568 1726 111 29 denne

196 1772 209 29 annorledes
419 1772 154 38 skyddas
587 1774 72 27 mot
674 1772 127 29 förlust
814 1772 46 39 på
873 1772 113 38 grund
1000 1782 41 19 av
1057 1772 58 29 sitt
1129 1772 236 33 växelansvar,
1382 1771 97 29 torde
1493 1771 89 39 läget
1597 1771 81 29 böra

196 1816 166 30 bedömas
379 1816 45 40 på
442 1826 135 20 samma
595 1817 68 29 sätt
682 1826 74 20 som
774 1825 56 20 om
847 1817 168 29 växlarna
1031 1816 58 30 vid
1107 1816 310 39 handräckningen
1436 1817 243 38 presenterats.

197 1860 182 30 Huruvida
401 1862 85 29 även
508 1864 86 27 utan
618 1862 170 29 ställande
810 1871 42 20 av
873 1861 96 40 dylik
992 1862 161 29 säkerhet
1175 1861 140 29 hindret
1338 1861 54 29 för
1415 1861 266 37 handräckning

197 1906 71 29 kan
286 1915 101 20 anses
405 1906 174 34 bortfalla,
599 1906 116 30 därest
734 1907 174 38 köparens
926 1907 176 29 insolvens
1122 1907 37 28 är
1179 1906 38 29 så
1235 1907 180 38 uppenbar
1435 1908 49 27 att
1504 1915 82 20 man
1606 1906 74 28 icke

197 1950 66 30 har
278 1952 49 28 att
342 1951 113 29 räkna
469 1951 79 29 med
564 1953 107 28 annat
688 1952 44 29 än
748 1953 50 28 att
815 1951 153 40 säljaren
984 1952 158 28 kommer
1158 1953 49 28 att
1225 1951 90 39 själv
1330 1951 37 30 få
1382 1951 107 29 infria
1503 1951 176 30 växlarna,

198 1997 38 28 är
256 1997 48 28 ett
325 1996 171 39 spörsmål
518 2005 74 21 som
612 1997 66 29 här
696 1997 58 29 må
773 1997 136 29 lämnas
929 1997 113 39 öppet.

242 2041 64 29 Det
326 2041 106 39 sagda
450 2042 79 39 äger
547 2042 11 29 i
577 2042 137 39 princip
731 2041 223 40 tillämpning
972 2042 131 39 jämväl
1123 2042 54 29 för
1196 2042 56 29 det
1272 2042 61 29 fall
1352 2044 49 27 att
1421 2042 163 38 köparen,
1607 2050 74 20 som

198 2086 20 30 å
234 2095 42 20 en
293 2086 54 30 del
365 2095 42 21 av
422 2087 279 39 köpeskillingen
719 2087 157 29 utfärdat
892 2087 129 34 växlar,
1039 2087 128 29 brustit
1184 2087 11 29 i
1214 2087 54 29 sin
1285 2086 395 39 betalningsskyldighet

197 2131 222 30 beträffande
437 2132 110 29 andra
566 2134 116 37 poster
703 2133 43 28 än
767 2132 132 29 sådana
917 2141 73 20 som
1010 2132 133 39 åsyftas
1162 2132 79 28 med
1259 2132 167 29 växlarna
1444 2131 65 29 och
1529 2131 153 39 säljaren

197 2177 112 30 under
338 2177 217 39 åberopande
584 2187 42 20 av
654 2177 114 30 denna
795 2177 443 38 betalningsförsummelse
1267 2177 124 29 kräver
1421 2178 48 28 att
1498 2176 37 30 få
1563 2176 119 39 godset

197 2222 156 30 tillbaka.

244 2321 53 30 Då
327 2322 179 29 allmänna
537 2321 317 39 rättsgrundsatser
885 2321 97 30 torde
1014 2330 38 30 ge
1086 2321 185 39 tillräcklig
1301 2321 209 38 vägledning
1542 2320 53 30 för
1627 2321 55 28 be-

198 2366 173 30 dömande
393 2376 43 20 av
456 2366 210 30 hithörande
690 2366 180 39 spörsmål,
896 2376 102 29 synes
1020 2368 48 28 ett
1091 2366 297 38 fullständigande
1412 2375 42 19 av
1476 2366 173 38 lagtexten
1672 2365 11 28 i

198 2411 229 29 förevarande
449 2411 198 30 hänseende
669 2411 76 29 icke
766 2421 84 20 vara
870 2411 229 39 erforderligt.

243 2465 66 29 Vid
337 2465 166 29 anmälan
531 2475 41 19 av
600 2465 173 39 lagrådets
801 2465 162 39 yttrande
992 2464 199 30 förklarade
1221 2465 50 37 sig
1300 2464 382 39 departementschefen

200 2519 187 30 instämma
409 2519 11 29 i
440 2519 174 38 lagrådets
636 2529 83 29 nyss
741 2519 179 39 återgivna
941 2519 227 39 synpunkter.
