1882 2850
480 166 121 32 Första
624 167 239 36 lagutskottets
885 167 176 32 utlåtande
1083 168 49 31 Nr
1148 171 50 29 65.
1559 165 40 31 35

89 249 77 32 fens
192 248 148 33 sålunda
364 251 123 37 gjorda
509 251 213 31 uttalanden.
770 252 175 37 Förslaget
968 253 52 30 till
1041 253 117 31 denna
1183 253 214 37 lagändring,
1422 253 115 31 vilken
1560 255 39 29 är

89 301 131 31 avsedd
244 304 49 28 att
317 302 98 30 träda
438 302 11 30 i
472 302 95 31 kraft
586 303 69 30 den
682 304 14 29 1
724 303 64 37 juli
815 304 92 35 1937,
931 304 64 30 har
1018 313 42 21 av
1085 303 156 38 lagrådet
1263 305 150 30 lämnats
1438 307 86 28 utan
1546 314 52 21 er-

89 351 112 31 inran.

134 428 73 31 Här
226 427 57 32 må
303 428 131 31 erinras
453 438 58 21 om
528 432 49 28 att
595 429 105 37 enligt
718 439 43 21 en
782 430 175 37 samtidigt
976 431 80 30 med
1073 431 67 30 den
1160 440 48 21 nu
1229 431 229 31 förevarande
1473 440 123 28 propo-

89 478 148 31 sitionen
258 479 50 30 till
330 479 184 37 riksdagen
536 478 136 32 avlåten
692 480 225 37 proposition,
940 490 40 21 nr
1002 481 74 36 314,
1101 481 116 31 vilken
1237 481 212 37 hänskjutits
1469 482 52 30 till
1540 483 56 30 be-

88 528 169 38 handling
278 538 43 22 av
343 530 260 35 statsutskottet,
628 529 45 39 på
697 530 246 39 föredragning
965 540 43 21 av
1025 531 124 31 chefen
1174 532 56 30 för
1252 532 344 38 socialdepartemen-

87 581 48 28 tet
155 578 181 38 framlagts
357 579 129 39 förslag
509 590 57 21 om
586 581 227 31 anordnande
834 591 42 20 av
897 582 234 36 provisoriska
1152 581 325 38 sekundärsjukhus
1501 583 96 30 inom

87 628 69 31 den
181 629 137 37 statliga
341 629 339 39 sinnessjukvården.
731 632 114 37 Enligt
872 633 203 30 uttalanden
1103 633 10 30 i
1138 633 218 31 sistnämnda
1383 634 216 37 proposition

88 679 123 37 skulle,
232 679 44 32 då
294 689 126 28 genom
437 682 147 30 berörda
602 682 196 38 anordning
817 683 97 30 bleve
933 684 211 36 tillgängliga
1164 687 48 27 ett
1229 684 95 31 antal
1343 684 136 37 statliga
1498 683 99 32 vård-

88 730 130 36 platser
240 731 56 31 för
320 730 20 31 å
363 735 129 27 statens
517 732 265 38 sinnessjukhus
805 744 46 20 nu
875 733 150 32 vårdade
1047 734 105 37 lugna
1175 735 179 37 patienter,
1379 738 47 28 ett
1449 738 148 28 motsva-

88 781 109 31 rande
219 783 96 29 antal
335 782 337 32 straffriförklarade
693 784 121 31 kunna
837 785 177 30 överföras
1034 785 52 30 till
1105 785 321 37 sinnessjukhusen.

135 882 173 32 Utskottet
336 883 59 30 vill
423 884 159 36 slutligen
612 885 65 30 här
708 886 200 36 omnämna,
940 889 49 27 att
1018 886 58 30 vid
1104 886 236 31 innevarande
1371 886 55 32 års
1458 887 139 36 riksdag

89 932 96 31 inom
205 933 111 32 första
336 934 205 31 kammaren
561 935 206 31 framställts
787 935 57 32 två
863 936 294 38 interpellationer
1175 938 11 29 i
1208 938 125 36 ämnet,
1355 938 68 30 den
1444 947 66 22 ena
1529 938 68 31 den

92 985 13 28 1
128 984 90 37 april
239 994 42 21 av
300 985 80 30 herr
401 985 156 37 Schlyter
579 986 65 30 och
665 987 69 30 den
756 987 110 30 andra
886 987 69 30 den
979 988 39 30 16
1039 988 90 37 april
1148 998 43 20 av
1210 989 81 29 herr
1312 988 213 37 Lindhagen.
1570 982 28 37 Å

89 1034 339 38 interpellationerna
455 1036 65 30 har
544 1036 124 31 chefen
693 1037 58 30 för
775 1037 403 38 justitiedepartementet
1203 1039 69 30 den
1299 1040 41 29 25
1368 1039 71 38 maj
1465 1040 132 30 lämnat

86 1085 164 37 utförliga
268 1096 88 26 svar,
375 1087 50 30 till
446 1087 93 31 vilka
558 1088 166 30 utskottet
742 1088 126 31 tillåter
886 1089 50 37 sig
954 1092 49 28 att
1021 1090 157 31 hänvisa.

130 1186 172 31 Utskottet
324 1187 65 30 har
411 1188 109 30 under
544 1188 159 31 ärendets
726 1188 211 38 behandling
961 1190 113 36 avlagt
1099 1191 107 30 besök
1230 1190 20 31 å
1272 1190 320 37 förvaringsanstal-

85 1239 59 28 ten
168 1237 11 30 i
207 1237 218 37 Norrköping
450 1239 67 29 och
542 1238 402 37 interneringsanstalten
972 1240 11 31 i
1011 1240 161 31 Karlstad
1199 1244 90 27 samt
1317 1241 21 30 å
1363 1241 230 37 fångvårdens

84 1286 426 39 sinnessjukavdelningar
530 1289 56 31 vid
606 1289 299 38 centralfängelset
939 1290 7 31 å
966 1289 238 38 Långholmen
1220 1292 67 30 och
1309 1291 254 37 straffängelset
1582 1291 12 31 i

86 1337 210 38 Jönköping.

631 1462 215 34 Utskottets
868 1464 187 40 yttrande.

130 1538 50 31 De
199 1547 124 29 genom
345 1539 226 32 förevarande
590 1541 216 36 proposition
827 1542 194 37 framlagda
1041 1542 229 38 lagförslagen
1289 1553 79 21 avse
1388 1544 72 30 dels
1480 1553 44 21 en
1543 1553 49 21 re-

85 1589 111 31 vision
215 1598 42 21 av
275 1590 207 37 förvarings-
500 1591 66 30 och
584 1591 372 38 interneringslagarna
975 1594 64 29 och
1059 1593 71 31 dels
1147 1603 43 21 en
1207 1594 181 38 jämkning
1406 1594 10 31 i
1434 1594 159 37 gällande

84 1639 316 36 lagbestämmelser
418 1650 57 21 om
493 1640 255 38 behandlingen
765 1652 42 21 av
826 1642 341 33 straffriförklarade.

129 1690 75 30 Vad
222 1690 86 31 först
326 1691 168 31 beträffar
510 1692 66 31 den
593 1692 196 37 föreslagna
815 1693 272 31 revisionen
1114 1704 50 21 av
1192 1693 287 39 förvarings-
1509 1695 83 30 och

84 1739 710 41 interneringslagstiftningen
832 1744 143 31 innebär
1003 1745 204 31 densamma
1232 1745 11 31 i
1271 1744 145 32 främsta
1443 1749 150 27 rummet

82 1799 45 21 en
151 1791 203 37 utvidgning
378 1801 42 21 av
444 1793 42 30 de
510 1792 88 32 båda
622 1793 196 32 institutens
844 1794 415 38 tillämpningsområden.
1309 1796 69 31 När
1401 1796 100 30 dessa
1524 1795 68 31 for-

85 1850 71 21 mer
179 1850 43 21 av
242 1842 237 37 straffrättslig
498 1844 156 30 reaktion
675 1844 54 30 för
752 1847 46 28 ett
817 1845 97 30 tiotal
936 1845 38 30 år
995 1846 105 30 sedan
1119 1845 152 32 infördes
1291 1846 12 30 i
1325 1846 74 31 vårt
1419 1847 92 36 land,
1533 1856 58 20 an-

84 1891 78 37 sågs
183 1892 56 30 det
259 1892 156 37 lämpligt
437 1896 49 28 att
506 1893 135 37 framgå
661 1895 79 30 med
762 1898 70 27 stor
854 1894 228 38 försiktighet,
1106 1895 116 32 varför
1243 1896 258 37 lagstiftningen
1524 1896 67 31 för-

83 1942 142 30 länades
248 1952 41 20 en
310 1943 131 36 ganska
465 1943 192 37 begränsad
679 1945 272 31 användbarhet.
998 1945 116 31 Under
1136 1947 66 29 den
1224 1946 253 37 tilländalupna
1499 1946 93 31 tiden

84 1991 45 30 ha
154 1992 41 30 de
220 1992 91 31 båda
334 1992 178 32 instituten
536 1993 87 31 visat
647 1995 50 36 sig
720 1997 119 34 utgöra
863 1995 88 31 både
975 1995 166 31 effektiva
1164 1997 65 29 och
1255 1997 164 36 lämpliga
1445 1998 111 29 medel
1580 1996 12 30 i

83 2041 152 37 kampen
259 2046 72 27 mot
353 2043 160 30 abnorm-
537 2045 65 29 och
625 2045 359 37 vanebrottsligheten.
1031 2046 173 31 Utskottet
1225 2056 100 21 anser
1348 2047 9 30 i
1382 2047 108 30 likhet
1513 2047 79 30 med

82 2092 383 36 departementschefen
492 2098 47 27 att
565 2095 55 30 det
647 2096 110 30 skulle
783 2105 80 22 vara
890 2106 41 20 av
957 2097 104 30 värde
1086 2100 49 27 att
1159 2098 119 29 kunna
1305 2098 162 30 använda
1493 2098 98 29 dessa

84 2142 291 38 skyddsåtgärder
396 2144 10 30 i
430 2146 107 30 större
560 2146 238 37 utsträckning
820 2148 44 29 än
884 2157 48 21 nu
955 2148 37 29 är
1015 2147 143 37 möjligt.
1205 2147 73 31 Den
1301 2148 9 29 i
1332 2147 260 37 propositionen

84 2191 195 38 föreslagna
304 2195 245 36 utvidgningen
576 2206 42 20 av
643 2196 451 37 tillämplighetsområdena
1122 2197 113 31 finner
1262 2199 164 30 utskottet
1453 2199 54 29 väl
1535 2207 55 20 av-

84 2243 98 36 vägd.

127 2292 73 31 Mot
220 2293 66 30 den
305 2295 162 30 närmare
486 2296 260 36 utformningen
765 2306 42 20 av
827 2298 41 29 de
887 2305 124 27 genom
1030 2297 259 36 propositionen
1311 2297 192 37 framlagda
1522 2298 68 36 lag-

84 2341 172 38 förslagen
288 2343 217 32 beträffande
539 2344 174 38 förvaring
741 2347 67 29 och
838 2346 210 37 internering
1078 2347 64 30 har
1174 2348 164 29 utskottet
1369 2347 76 31 icke
1477 2347 114 30 funnit

84 2392 186 37 anledning
296 2393 51 30 till
372 2394 148 30 erinran.
572 2394 199 32 Emellertid
798 2396 57 30 vill
880 2397 164 30 utskottet
1070 2396 219 31 beträffande
1316 2397 89 31 vissa
1432 2398 158 36 stadgan-

84 2443 65 30 den
165 2442 10 30 i
192 2442 164 38 förslaget
371 2444 50 30 till
438 2445 54 35 lag
509 2454 55 21 om
579 2446 178 37 förvaring
773 2447 63 29 och
855 2447 207 36 internering
1080 2448 9 29 i
1106 2447 306 30 säkerhetsanstalt
1429 2449 82 34 göra
1529 2447 61 31 föl-

82 2493 105 37 jande
209 2493 209 31 uttalanden.
