1878 2782
463 164 288 34 Statsutskottets
769 162 179 32 utlåtande
965 171 44 21 nr
1026 160 17 31 7
1062 160 39 31 år
1120 159 83 31 1957
1571 155 19 30 9

128 254 14 30 I
158 252 229 33 förevarande
405 250 256 38 sammanhang
675 249 65 29 har
756 247 171 30 utskottet
945 244 152 31 förehaft
1115 244 43 29 de
1174 243 112 30 under
1302 241 160 40 punkten
1479 239 19 31 3
1516 248 72 21 om-

84 305 154 31 nämnda
257 302 219 31 motionerna
496 301 31 29 I:
549 300 63 30 272
630 300 66 29 och
715 298 48 30 II:
786 297 75 37 377,
882 297 10 29 i
912 297 65 30 vad
998 295 11 29 i
1029 296 182 29 desamma
1230 292 132 41 yrkats,
1383 292 52 29 att
1455 290 134 30 riksda-

86 363 64 32 gen
172 355 108 30 måtte
303 354 55 30 för
379 352 205 39 budgetåret
610 348 150 37 1957/58
784 348 52 30 till
862 346 201 32 Statistiska
1086 342 262 41 centralbyrån:
1377 339 212 40 Avlöningar

86 406 53 30 till
162 404 209 41 personalen
395 403 56 30 för
475 400 269 33 verksamheten
770 399 11 29 i
808 397 192 32 allmänhet
1026 395 122 31 anvisa
1173 396 49 29 ett
1248 391 275 41 förslagsanslag
1547 400 42 20 av

87 457 18 30 2
121 455 64 32 594
201 455 62 31 000
286 455 140 30 kronor.

129 507 68 30 TIIl
216 507 77 30 stöd
311 505 55 30 för
384 502 266 41 ifrågavarande
669 500 158 41 yrkande
845 499 141 30 anföres
1005 497 10 30 i
1034 497 178 30 motionen
1231 496 28 29 I:
1281 494 62 31 272
1363 493 168 40 följande.

130 566 118 30 Under
265 565 116 30 denna
399 563 114 40 punkt
531 562 64 29 har
613 559 179 41 upptagits
813 561 48 28 ett
880 558 123 38 anslag
1021 566 42 20 av
1083 556 40 30 33
1140 555 63 30 000
1224 555 130 29 kronor
1374 552 53 30 till
1447 551 143 40 special-

87 607 228 39 bearbetning
329 616 43 20 av
386 603 388 40 befolkningsregistret
790 611 46 20 m.
853 610 44 20 m.
914 600 53 30 En
985 599 109 30 sådan
1112 596 228 39 bearbetning
1356 595 71 30 kan
1444 593 147 31 framstå

89 660 75 21 som
186 648 209 40 nödvändig,
419 656 81 21 men
523 646 88 40 vägd
634 647 75 28 mot
730 644 111 31 andra
864 641 220 39 nödvändiga
1107 639 162 39 åtgärder
1291 637 99 31 torde
1412 637 68 29 den
1504 636 89 29 dock

88 702 84 22 vara
190 701 44 21 en
252 690 250 41 angelägenhet
521 698 75 20 som
614 688 71 29 kan
705 686 102 31 anstå
825 685 51 30 till
896 686 48 28 ett
964 685 107 29 annat
1089 681 181 40 budgetår.

134 776 186 31 Utskottet.
342 775 74 30 Vad
437 773 126 39 Kungl.
584 772 106 39 Maj:t
712 771 112 30 under
844 768 229 31 förevarande
1096 766 115 40 punkt
1234 762 180 40 föreslagit
1437 763 64 28 har
1523 761 70 29 inte

90 828 83 40 givit
192 827 171 30 utskottet
382 824 190 39 anledning
588 823 52 30 till
660 821 152 31 erinran.
831 821 116 29 Härav
965 818 104 39 följer
1090 819 51 28 att
1159 816 172 30 utskottet
1349 814 72 29 inte
1441 811 153 31 biträder

90 880 57 29 det
166 878 12 29 i
196 877 220 30 motionerna
435 876 29 29 I:
482 875 63 30 272
566 874 64 30 och
651 873 46 29 II:
715 872 62 31 377
799 869 222 31 framställda
1039 867 174 40 yrkandet
1234 875 57 21 om
1312 874 43 20 en
1376 862 219 38 nedräkning

90 939 43 21 av
150 928 58 31 det
226 937 43 21 av
286 926 126 39 Kungl.
429 925 107 39 Maj:t
553 923 199 31 beräknade
771 920 278 31 medelsbehovet
1067 918 80 30 med
1166 917 40 30 33
1223 916 63 30 000
1304 916 141 29 kronor.

135 979 117 31 Under
273 977 140 30 erinran
436 977 51 29 att
507 975 187 38 riksdagen
714 972 130 31 bifallit
866 970 126 39 Kungl.
1013 969 125 39 Maj:ts
1160 968 11 29 i
1195 963 401 42 statsverkspropositio-

91 1040 69 20 nen
178 1029 112 30 under
310 1028 55 29 för
385 1027 88 29 flera
490 1024 219 32 huvudtitlar
729 1030 260 33 gemensamma
1010 1020 118 38 frågor
1149 1016 222 32 framställda
1391 1014 132 39 förslag
1541 1013 56 30 be-

92 1079 179 32 träffande
292 1077 268 40 ifrågavarande
581 1074 222 31 ämbetsverk
824 1071 202 30 hemställer
1047 1070 181 32 utskottet,

448 1128 50 29 att
525 1125 188 39 riksdagen
742 1124 68 33 må,
840 1122 80 30 med
948 1121 99 30 bifall
1077 1119 53 30 till
1158 1118 127 39 Kungl.
1313 1116 124 39 Maj:ts
1468 1114 130 38 förslag

404 1179 90 29 samt
511 1178 78 30 med
605 1176 119 39 avslag
739 1175 20 30 å
773 1174 220 30 motionerna
1010 1172 29 29 I:
1058 1170 63 31 272
1138 1170 65 30 och
1220 1169 45 29 II:
1284 1167 73 35 377,
1376 1166 104 31 såvitt
1496 1174 47 21 nu
1561 1166 38 28 är

401 1229 11 29 1
434 1229 109 38 fråga,

442 1279 37 34 a)
508 1277 211 41 bemyndiga
741 1275 127 40 Kungl.
891 1274 107 40 Maj:t
1022 1275 51 28 att
1096 1272 11 30 i
1131 1272 68 30 den
1223 1270 55 31 för
1302 1267 196 32 statistiska
1522 1275 78 22 cen-

399 1330 180 39 tralbyrån
610 1328 161 40 gällande
802 1322 435 45 personalförteckningen
1269 1320 73 31 dels
1373 1319 153 40 uppföra
1558 1326 42 20 en

405 1381 113 39 tjänst
541 1388 75 21 som
640 1377 245 41 byrådirektör
908 1376 11 29 i
943 1376 46 29 Ca
1014 1375 52 34 31,
1090 1383 44 22 en
1159 1373 111 39 tjänst
1294 1379 76 22 som
1393 1363 208 50 kansliskri-

406 1440 82 21 vare
517 1430 11 30 i
556 1430 46 30 Ca
632 1429 51 35 15,
712 1428 58 30 två
799 1427 150 40 tjänster
978 1434 75 21 som
1082 1421 254 33 kanslibiträde
1363 1420 12 30 i
1404 1420 47 30 Ca
1480 1420 50 33 11,
1560 1427 42 21 en

408 1481 112 40 tjänst
539 1489 75 21 som
639 1477 304 42 expeditionsvakt
966 1475 13 30 i
1002 1475 47 30 Ca
1074 1474 40 30 10
1138 1474 91 29 samt
1253 1472 78 40 fyra
1355 1470 150 39 tjänster
1529 1477 73 22 som

404 1529 284 32 kontorsbiträde
707 1529 12 29 i
737 1528 47 31 Ca
803 1528 30 34 8,
853 1526 73 31 dels
947 1525 121 31 avföra
1086 1533 43 22 en
1148 1523 113 41 tjänst
1280 1530 76 22 som
1374 1521 110 29 förste
1502 1518 99 41 byrå-

408 1582 215 30 sekreterare
642 1580 12 30 i
672 1580 47 30 Ca
737 1579 43 30 29
798 1579 92 29 samt
906 1586 45 22 en
970 1576 111 41 tjänst
1101 1583 76 22 som
1195 1571 175 32 kontorist
1389 1571 11 30 i
1419 1571 46 30 Ca
1486 1570 55 35 13;

447 1632 39 34 b)
507 1631 186 41 godkänna
712 1629 160 39 följande
891 1625 255 40 avlöningsstat
1165 1624 56 30 för
1241 1621 196 32 statistiska
1456 1619 148 31 central-

403 1683 122 40 byrån,
554 1683 51 29 att
634 1681 178 39 tillämpas
841 1678 71 31 tills
939 1677 120 30 vidare
1088 1676 81 30 från
1198 1674 66 30 och
1293 1673 79 30 med
1400 1666 206 49 budgetåret

407 1732 159 37 1957/58:

872 1794 266 40 Avlöningsstat

412 1870 28 28 1.
465 1866 214 39 Avlöningar
696 1865 53 30 till
765 1863 176 31 ordinarie
957 1861 229 40 tjänstemän,
1202 1856 205 43 förslagsvis
1434 1855 95 32 1414
1543 1854 62 31 700

410 1919 30 29 2.
466 1916 213 38 Avlöningar
709 1914 53 31 till
791 1911 269 33 icke-ordinarie
1089 1909 164 41 personal
1284 1930 117 8 ......
1466 1906 60 30 631
1543 1905 63 30 400

407 1968 30 31 3.
463 1966 134 40 Rörligt
622 1965 130 40 tillägg,
778 1961 206 43 förslagsvis
1017 1980 385 10 ......-s+e++s+
1307 1957 50 53 +++
1370 1957 34 53 >>
1466 1955 64 31 580
1543 1954 64 31 900

1118 2036 145 30 Summa
1281 2034 130 30 kronor
1434 2032 19 30 2
1467 2031 62 31 627
1545 2030 63 31 000

451 2127 35 34 c)
516 2127 52 29 till
596 2124 204 32 Statistiska
828 2121 262 39 centralbyrån:
1122 2118 214 39 Avlöningar
1366 2116 52 30 till
1446 2113 163 42 personal

410 2179 57 39 för
489 2176 268 31 verksamheten
779 2174 11 30 i
806 2172 193 32 allmänhet
1021 2171 55 30 för
1096 2170 206 39 budgetåret
1326 2166 143 36 1957/58
1490 2165 120 31 anvisa

410 2230 49 28 ett
480 2226 275 39 förslagsanslag
775 2234 42 20 av
838 2223 95 31 2627
950 2222 63 31 000
1034 2222 141 29 kronor.

149 2346 95 34 11:0)
269 2344 197 31 Statistiska
487 2342 257 34 centralbyrån:
771 2339 212 35 Avlöningar
1004 2337 53 30 till
1080 2336 161 36 personal
1263 2334 57 29 vid
1343 2334 79 29 1960
1444 2333 56 28 års
1522 2332 89 28 folk-

106 2397 158 34 räkning.
283 2395 123 36 Kungl.
425 2393 103 36 Maj:t
546 2393 62 29 har
630 2391 129 38 (punkt
780 2390 46 33 11,
847 2399 26 20 s.
892 2388 38 30 27
950 2398 30 19 o.
999 2387 56 34 28)
1078 2385 188 37 föreslagit,
1286 2385 48 28 att
1352 2383 184 36 riksdagen
1556 2381 55 29 må

106 2447 51 30 till
180 2446 201 31 Statistiska
404 2443 260 39 centralbyrån:
689 2441 213 38 Avlöningar
924 2439 52 30 till
999 2437 161 41 personal
1184 2435 57 30 vid
1268 2434 82 30 1960
1375 2433 57 30 års
1457 2432 155 29 folkräk-

107 2497 85 39 ning
212 2496 54 30 för
287 2495 204 39 budgetåret
514 2492 149 36 1957/58
684 2491 121 30 anvisa
825 2492 47 28 ett
892 2486 358 37 reservationsanslag
1270 2494 42 20 av
1333 2484 40 30 30
1389 2483 62 30 000
1472 2483 140 29 kronor.
