2130 2654
449 230 113 30 Andra
589 228 208 30 Kammarens
825 225 177 43 Tillfälliga
1032 225 136 30 Utskotts
1191 224 78 40 (N:o
1293 225 35 38 2)
1358 223 167 33 Utlåtande
1549 223 63 31 N:o
1638 225 24 28 7.
1780 221 37 30 17

392 318 100 36 Efter
524 317 172 48 pröfning
729 316 38 35 af
794 315 30 48 ej
859 315 144 36 mindre
1032 314 100 36 detta
1159 313 126 36 Rikets
1313 312 172 36 Ständers
1512 311 136 48 förslag
1672 319 46 28 än
1746 311 113 36 andra

252 370 149 37 dermed
429 367 370 49 sammanhängande,
835 367 57 35 till
924 365 128 48 Kongl.
1083 364 104 48 Maj:t
1211 365 176 35 inkomna
1413 363 323 48 framställningar,
1766 370 94 28 samt

252 420 333 47 kommerskollegii
612 418 211 36 infordrade
844 416 229 37 betänkande
1093 416 67 35 och
1180 415 138 48 förslag
1336 416 12 35 i
1365 420 131 39 ämnet,
1514 413 194 37 utfärdade
1728 413 130 48 Kongl.

252 472 103 48 Maj:t
386 472 69 35 den
487 472 43 35 18
555 471 80 46 juni
681 471 96 34 1864
804 469 69 35 den
902 481 48 22 nu
979 467 169 48 gällande
1176 466 261 48 förordningen
1466 465 186 48 angående
1680 465 179 48 utvidgad

252 523 271 48 näringsfrihet.
579 521 125 48 Enligt
731 520 119 35 denna
875 519 216 47 förordning
1118 525 39 28 är
1184 517 124 47 hvarje
1336 517 131 35 svensk
1495 529 84 22 man
1612 517 86 34 eller
1725 516 136 47 qvinna

252 574 207 47 berättigad
488 579 54 30 att
568 574 11 34 i
609 572 79 35 stad
717 572 86 35 eller
831 574 19 32 å
876 570 124 35 landet
1027 569 87 35 idka
1140 568 296 36 handelsrörelse.
1480 567 69 36 För
1567 567 220 48 rättigheten
1808 572 53 30 att

253 626 86 35 idka
379 624 237 49 grosshandel
649 624 86 34 eller
766 621 147 47 försälja
944 633 106 23 varor
1077 621 13 34 i
1116 620 82 44 bod,
1228 621 86 34 eller
1341 619 79 35 från
1449 624 111 29 annat
1588 619 270 47 upplagsställe,

252 676 140 36 fordras
421 679 118 32 såsom
567 675 127 42 vilkor,
725 678 53 30 att
805 672 109 36 hafva
940 672 71 47 god
1039 671 94 47 frejd
1162 676 94 30 samt
1282 670 88 35 råda
1398 669 100 36 öfver
1526 670 57 47 sig
1610 668 84 48 sjelf
1717 669 66 35 och
1804 669 56 35 sin

254 727 187 49 egendom.
485 726 75 36 Vill
588 728 117 45 någon
736 723 124 36 utöfva
887 723 111 35 sådan
1027 722 134 36 handel
1189 726 20 31 å
1235 721 124 36 landet
1386 728 115 41 göres,
1531 720 82 36 med
1638 719 146 49 uppgift
1801 733 60 22 om

254 779 67 35 den
352 779 141 42 socken,
524 777 64 35 der
615 776 157 35 handeln
800 775 91 35 skall
918 773 154 44 utöfvas,
1102 772 160 48 skriftlig
1290 773 168 34 anmälan
1483 772 123 35 derom
1626 772 64 34 hos
1710 770 151 36 Konun-

253 842 90 36 gens
392 826 404 49 befallningshafvande
847 826 85 35 eller
974 823 259 49 kronofogden,
1276 822 155 36 hvarvid
1478 822 236 47 erforderliga
1749 821 113 49 betyg

254 881 186 34 aflemnas.
487 879 112 35 Dessa
639 878 113 48 betyg
784 884 75 28 äro:
893 875 218 48 frejdbetyg,
1145 874 55 36 för
1227 873 69 49 gift
1323 874 135 47 qvinna
1486 885 177 23 mannens
1691 885 170 22 ansvars-

254 930 235 44 förbindelse,
519 930 64 35 och
611 928 55 36 för
694 927 176 50 omyndig
896 926 279 49 förmyndarens
1204 925 194 48 samtycke.
1455 924 93 35 Från
1577 923 68 35 den
1679 924 183 34 allmänna

255 982 221 46 rättigheten
516 981 55 35 till
611 980 45 34 fri
699 976 323 49 handelsutöfning
1054 984 61 28 äro
1152 976 238 47 undantagna
1422 974 216 42 bokhandel,
1667 974 194 35 bränvins-

257 1032 142 39 handel,
442 1033 154 34 källare-
636 1030 65 35 och
741 1029 236 47 krogrörelse,
1019 1027 303 47 krutförsäljning
1359 1026 66 36 och
1451 1025 132 35 handel
1616 1025 84 35 med
1732 1024 131 49 giftiga

256 1090 129 28 ämnen
416 1088 94 30 samt
537 1081 292 48 apoteksrörelse.
876 1079 88 43 Den,
995 1092 75 22 som
1098 1078 208 35 underlåter
1334 1083 53 29 att
1413 1084 89 40 göra
1528 1075 238 36 föreskrifven
1797 1088 65 22 an-

258 1135 117 33 mälan
410 1147 58 21 om
501 1132 159 36 idkande
688 1131 39 35 af
750 1130 144 44 handel,
925 1137 39 28 är
990 1128 166 36 förfallen
1183 1129 56 34 till
1266 1128 103 35 böter
1396 1127 78 35 från
1503 1126 72 37 fem
1604 1127 54 34 till
1686 1127 65 34 och
1779 1126 82 35 med

257 1184 207 36 tvåhundra
492 1185 140 34 kronor.

391 1234 101 37 Efter
524 1234 234 36 utfärdandet
790 1233 39 35 af
860 1233 95 35 1864
983 1234 56 32 års
1066 1230 216 48 förordning
1309 1243 57 22 om
1396 1229 178 47 utvidgad
1603 1227 261 49 näringsfrihet

258 1288 65 34 har
363 1286 67 35 den
473 1286 155 35 handeln
664 1284 166 36 afseende
863 1282 278 49 lagstiftningen
1173 1282 30 46 ej
1238 1282 95 34 varit
1360 1281 189 48 synnerlig
1576 1278 182 50 vidlyftig.
1814 1278 51 36 På

257 1337 229 48 Riksdagens
514 1337 159 47 begäran
704 1335 208 35 utfärdades
943 1335 43 33 12
1007 1333 204 47 september
1233 1334 94 34 1868
1348 1345 44 22 en
1409 1332 121 47 kongl.
1552 1330 225 47 förordning,
1799 1342 64 35 ge-

257 1401 85 22 nom
374 1388 148 35 hvilken
555 1387 184 47 åtskilliga
770 1386 199 46 ändringar
1000 1383 175 49 gjordes
1163 1376 20 62 i
1202 1383 44 35 de
1274 1386 39 32 år
1343 1384 92 34 1855
1466 1381 213 36 framstälda
1705 1380 160 36 bestäm-

258 1440 179 35 melserna
464 1452 59 22 om
541 1438 286 36 handelsböcker
846 1436 65 35 och
927 1434 187 49 angående
1131 1435 176 47 räknings
1328 1436 20 32 å
1366 1432 202 48 utborgade
1588 1444 106 23 varor
1713 1431 149 35 vitsord.

259 1489 137 37 Genom
438 1489 261 48 förordningen
743 1488 39 35 af
817 1488 70 34 den
922 1489 21 32 4
970 1487 83 46 juni
1085 1487 93 34 1868
1206 1484 250 44 tillerkändes,
1484 1483 174 35 likaledes
1686 1485 42 45 på
1757 1482 108 35 Riks-

259 1541 136 47 dagens
435 1541 172 47 begäran,
643 1540 133 35 norska
808 1538 215 35 undersåtar
1050 1535 227 36 handelsrätt
1303 1536 13 34 i
1344 1534 158 48 Sverige,
1533 1534 116 35 under
1676 1533 190 36 enahanda

259 1593 118 34 vilkor
422 1604 75 22 som
543 1591 164 42 svenska,
751 1593 37 31 så
828 1588 110 36 framt
979 1588 44 34 de
1050 1587 98 35 förra
1176 1594 61 27 äro
1264 1587 12 34 i
1305 1587 94 34 riket
1425 1585 144 35 bosatta
1596 1585 67 34 och
1690 1584 175 35 mantals-

260 1642 148 36 skrifna.
465 1641 231 37 Beträffande
729 1643 76 32 åter
842 1638 212 47 utländings
1081 1642 73 30 rätt
1182 1642 52 30 att
1261 1638 13 34 i
1300 1637 96 35 riket
1422 1636 89 35 idka
1537 1635 133 36 handel
1698 1634 168 47 vidtogos

260 1693 185 48 åtskilliga
481 1692 258 47 förändringar
776 1692 11 33 i
832 1692 95 37 1864
968 1695 56 29 års
1051 1688 273 35 bestämmelser
1351 1687 135 35 derom.
1542 1685 105 36 Först
1674 1684 193 48 stadgades

258 1757 132 35 genom
418 1743 262 48 förordningen
709 1742 67 35 den
808 1743 45 34 28
883 1740 196 36 november
1109 1741 89 34 1871
1233 1744 54 30 att
1316 1737 203 48 utländing,
1541 1749 76 23 som
1638 1736 30 47 ej
1690 1748 86 36 eger
1794 1740 74 30 rätt

260 1800 54 30 att
341 1796 13 33 i
380 1795 93 35 riket
503 1793 188 48 kringföra
719 1805 106 22 varor
851 1792 57 35 till
928 1791 89 43 salu,
1039 1790 30 47 ej
1086 1790 112 35 heller
1216 1793 59 31 må
1292 1789 57 35 till
1367 1788 143 36 biträde
1529 1787 63 35 vid
1606 1787 110 36 sådan
1737 1786 132 36 handel

260 1845 197 48 begagnas,
487 1849 39 31 så
551 1844 85 36 vida
663 1845 71 34 han
764 1844 29 46 ej
827 1842 68 36 fått
923 1841 128 48 Kongl.
1081 1840 121 47 Maj:ts
1228 1839 165 36 tillstånd
1421 1844 54 30 att
1500 1839 13 34 i
1540 1838 95 35 riket
1661 1838 113 35 vistas
1803 1837 66 35 och

261 1897 142 35 erhållit
432 1896 222 47 Konungens
682 1892 420 50 befallningshafvandes
1129 1891 164 36 tillstånd
1321 1896 54 30 att
1401 1890 63 36 vid
1490 1889 133 36 handel
1649 1889 13 35 i
1688 1889 99 34 länet
1812 1887 58 36 bi-

260 1947 116 35 träda.
433 1946 136 36 Vidare
598 1946 126 48 gjorde
751 1945 209 47 Riksdagen
990 1944 95 34 1878
1113 1943 215 35 hemställan
1358 1942 55 34 till
1440 1941 129 47 Kongl.
1599 1940 103 47 Maj:t
1729 1944 54 30 att
1806 1939 63 35 be-

263 2003 155 30 stämma
438 1998 43 35 de
499 1997 312 47 inskränkningar
828 1997 13 34 i
861 1995 69 36 den
946 1993 237 48 utländingar
1197 1992 188 49 medgifna
1399 1993 236 46 näringsrätt,
1653 2003 77 23 som
1745 1991 125 34 kunna

263 2061 103 23 anses
394 2048 248 48 erforderliga,
671 2047 56 36 för
756 2051 53 31 att
837 2046 43 36 de
909 2046 100 35 skola
1037 2046 148 47 erlägga
1212 2045 98 34 skatt
1336 2044 54 35 till
1420 2048 71 30 stat
1519 2043 65 34 och
1604 2043 186 41 kommun,
1812 2053 57 23 om

262 2099 44 35 de
346 2100 65 34 här
442 2100 11 34 i
481 2099 125 35 landet
637 2098 132 35 handel
802 2097 95 35 idka.
957 2096 52 35 På
1040 2095 121 48 grund
1194 2095 39 35 af
1261 2095 119 35 denna
1411 2094 216 35 hemställan
1659 2091 211 36 utfärdades

262 2149 262 49 förordningen
553 2149 39 36 af
616 2150 70 35 den
715 2150 46 34 20
785 2149 82 46 juni
898 2149 107 41 1879,
1034 2159 77 23 som
1140 2147 75 34 dels
1243 2144 184 49 upphäfde
1454 2143 260 48 förordningen
1746 2142 40 36 af
1801 2142 70 35 den

265 2202 44 35 28
340 2201 195 36 november
565 2202 106 42 1871,
702 2200 77 35 dels
808 2198 159 36 ändrade
998 2200 19 33 9
1047 2194 17 48 $
1093 2199 20 34 3
1135 2210 107 22 mom.
1265 2209 58 22 om
1335 2195 97 36 hvad
1451 2196 183 46 iakttagas
1653 2194 66 35 bör
1739 2192 39 37 af
1789 2193 80 44 den,

263 2264 75 23 som
373 2258 100 29 utom
508 2252 69 35 den
606 2257 66 38 ort,
702 2251 64 35 der
793 2251 72 34 han
893 2257 39 27 är
959 2249 130 43 bosatt,
1120 2247 206 49 kringförer
1352 2259 107 23 varor
1485 2246 57 35 till
1569 2247 89 43 salu,
1695 2247 43 34 18
1768 2241 17 48 $
1813 2257 57 22 om

263 2315 132 24 ansvar
434 2302 56 36 för
521 2301 226 37 försummad
780 2301 179 42 anmälan,
991 2301 44 33 23
1065 2296 18 48 $
1111 2312 59 21 om
1196 2298 172 35 böternas
1395 2296 208 48 fördelning
1630 2296 65 35 och
1725 2296 145 35 25—32

348 2358 74 31 Bih.
448 2358 46 30 till
518 2358 111 30 Riksd.
654 2357 87 31 Prot.
766 2357 87 30 1887.
897 2356 20 30 8
940 2354 98 32 Saml.
1083 2355 21 30 2
1127 2354 79 40 Afd.
1251 2354 21 29 2
1296 2353 108 30 Band.
1449 2354 20 28 5
1493 2352 79 37 häft.
1813 2351 17 28 3
