2242 2616
374 254 21 29 4
548 246 3 3 '
571 249 120 31 Första
715 246 202 31 kammarens
941 241 138 31 andra
1107 237 169 42 tillfälliga
1299 234 133 32 utskotts
1455 231 169 32 utlåtande
1648 229 53 31 Nr
1724 230 55 28 30.

376 337 52 32 att
470 327 330 40 sockerindustrien
843 336 125 35 genom
1004 323 69 33 den
1102 321 110 34 därav
1247 315 209 37 föranledda
1493 310 303 46 vitbetsodlingen
1825 306 78 36 haft
1932 318 46 22 en

376 385 145 49 mycket
554 387 73 32 stor
654 380 185 48 betydelse
868 378 54 34 för
948 374 234 49 jordbrukets
1213 369 210 45 utveckling
1455 367 13 34 i
1502 366 43 34 de
1577 364 150 42 trakter,
1763 363 64 33 där
1861 360 118 34 denna

377 439 124 46 odling
529 437 82 35 med
640 435 190 43 framgång
857 431 115 35 idkas.

485 492 58 34 En
572 490 143 35 erinran
743 486 101 35 torde
872 485 12 33 i
913 484 98 34 detta
1039 479 262 44 sammanhang
1329 476 30 47 ej
1390 474 112 35 heller
1531 484 84 23 vara
1645 482 43 21 ur
1709 473 115 41 vägen
1845 468 134 40 därom,

381 550 52 32 att
475 540 311 40 sockerindustrin
829 538 115 34 under
986 534 177 35 kristiden
1200 531 93 35 visat
1334 529 55 45 sig
1426 530 178 31 motsvara
1634 523 42 34 de
1706 520 170 47 anspråk,
1906 531 74 23 som

381 600 117 35 ställts
538 600 9 32 å
576 597 209 34 densamma
812 592 115 45 ifråga
955 602 56 22 om
1042 586 297 37 sockerbehovets
1366 573 292 58 tillgodoseende.

491 651 73 35 Vid
592 663 51 21 nu
673 647 157 46 angivna
858 642 250 37 förhållanden
1135 640 66 34 har
1231 637 176 35 utskottet
1435 633 116 35 ställts
1579 630 95 35 inför
1704 628 139 45 frågan,
1873 626 111 34 huru-

384 706 85 36 vida
498 703 196 44 anledning
723 699 209 36 förefunnes
962 696 55 34 för
1046 692 214 47 antagande,
1290 692 52 33 att
1370 689 43 33 de
1442 685 165 36 enskilda
1636 681 278 44 sockerbolagen
1933 690 52 22 nu

386 758 191 49 påvilande
606 753 186 49 uppgifter
821 751 117 35 skulle
967 750 144 33 komma
1140 749 52 32 att
1216 744 107 47 fyllas
1344 744 44 44 på
1408 744 50 32 ett
1477 740 117 34 bättre
1614 739 81 40 sätt,
1718 735 111 34 sedan
1849 732 138 35 socker-

386 809 278 39 fabriksdriften
693 805 193 47 övertagits
915 816 44 22 av
988 805 127 32 staten.

495 866 56 33 De
580 861 185 48 spörsmål,
787 871 74 22 som
881 856 189 44 härvidlag
1089 852 181 47 uppställa
1290 850 55 45 sig
1363 848 55 35 till
1438 844 221 37 besvarande
1680 848 71 37 äro,
1774 854 55 21 om
1851 839 138 35 socker-

388 917 206 37 industrien
623 914 91 36 efter
743 909 289 47 förstatligandet
1060 907 114 34 bliver
1202 905 12 34 i
1244 903 105 35 stånd
1369 904 52 32 att
1440 898 199 36 framställa
1659 899 51 31 ett
1729 895 118 34 bättre
1866 892 125 35 socker

391 979 46 29 än
465 970 142 43 hittills,
638 981 56 22 om
724 966 141 35 sockret
893 964 162 34 kommer
1084 963 51 32 att
1163 959 128 34 kunna
1318 952 292 38 tillhandahållas
1639 949 55 35 till
1723 947 165 46 billigare
1917 944 75 47 pris

392 1028 93 33 samt
526 1036 55 22 om
625 1033 127 35 genom
787 1015 288 47 förstatligandet
1103 1014 163 33 kommer
1295 1013 51 31 att
1375 1006 219 47 undanröjas
1623 1001 286 45 anledningarna
1936 997 56 35 till

393 1080 44 34 de
478 1090 52 22 nu
573 1072 294 38 förekommande
908 1068 243 36 konflikterna
1193 1064 133 35 mellan
1367 1060 211 36 betodlarna
1610 1057 64 34 och
1703 1053 290 44 sockerbolagen.

501 1131 72 34 Det
615 1125 248 38 förstnämnda
906 1121 210 48 spörsmålet
1159 1130 104 23 anser
1306 1116 54 46 sig
1396 1112 176 37 utskottet
1601 1113 87 32 utan
1718 1108 123 35 vidare
1870 1106 126 34 kunna

394 1187 122 34 lämna
558 1182 109 35 åsido.
725 1181 72 33 Det
838 1177 100 34 torde
980 1175 126 33 kunna
1149 1171 155 41 fastslås,
1348 1171 52 32 att
1442 1167 60 34 det
1531 1178 43 22 av
1603 1164 43 34 de
1675 1161 157 36 svenska
1861 1158 137 35 socker-

396 1239 153 45 bolagen
591 1232 243 49 producerade
877 1229 141 35 sockret
1058 1227 13 34 i
1105 1224 153 36 kvalitet
1300 1222 84 34 fullt
1413 1223 41 32 ut
1483 1222 197 31 motsvarar
1709 1227 56 22 om
1795 1213 79 35 icke
1904 1217 96 28 över-

398 1291 125 36 träffar
566 1285 219 48 exempelvis
828 1284 43 34 de
913 1281 139 35 danska
1093 1279 65 34 och
1201 1278 43 33 de
1272 1275 107 48 tyska
1407 1270 354 38 sockerfabrikernas
1791 1264 209 49 produkter.

508 1342 82 35 Vad
623 1342 111 44 angår
763 1335 249 47 sockerpriset,
1043 1335 38 32 så
1109 1332 73 34 kan
1212 1329 177 35 utskottet
1417 1329 38 32 så
1484 1325 144 47 mycket
1656 1321 143 35 mindre
1828 1317 172 39 förmoda,

402 1402 52 32 att
496 1400 51 32 ett
589 1397 134 33 statens
766 1388 238 47 övertagande
1038 1399 42 22 av
1123 1380 395 39 sockerfabrikationen
1547 1377 117 35 skulle
1692 1374 82 35 leda
1801 1373 55 35 till
1885 1373 118 44 någon

404 1448 270 51 prissänkning,
718 1458 74 22 som
836 1442 250 36 erfarenheten
1128 1435 251 46 otvivelaktigt
1421 1444 106 36 synes
1565 1431 81 46 giva
1675 1428 62 36 vid
1765 1426 156 41 handen,
1953 1427 52 31 att

405 1502 227 38 statsdriften
673 1499 109 35 oftast
825 1495 139 47 åtföljes
1007 1506 43 22 av
1089 1505 44 21 en
1162 1489 190 48 fördyring
1380 1501 43 21 av
1453 1487 44 33 de
1526 1496 124 35 genom
1682 1479 181 37 statsdrift
1892 1477 114 35 åstad-

405 1559 134 33 komna
581 1552 257 49 produkterna.
896 1548 62 35 Uti
1000 1546 147 35 ärendet
1179 1545 66 34 har
1274 1542 31 47 ej
1335 1541 112 35 heller
1477 1551 83 22 vare
1589 1537 54 45 sig
1671 1548 44 21 av
1745 1533 262 35 motionärerna

407 1612 86 34 eller
535 1609 95 34 inom
674 1605 177 35 utskottet
895 1601 136 35 anförts
1073 1601 111 43 några
1223 1608 73 23 som
1326 1595 94 34 helst
1448 1591 196 47 uppgifter,
1675 1600 74 23 som
1781 1585 144 47 antyda,
1957 1586 52 32 att

409 1667 135 32 statens
587 1657 285 37 driftkostnader
914 1654 119 35 skulle
1074 1652 144 34 komma
1255 1652 52 31 att
1348 1645 211 45 understiga
1601 1643 42 34 de
1681 1639 211 36 nuvarande
1921 1637 89 34 före-

408 1722 181 42 tagarnas.

518 1768 123 45 Ifråga
669 1778 56 22 om
756 1764 104 34 faran
888 1761 55 34 för
972 1773 44 21 en
1045 1757 139 46 oskälig
1213 1752 284 50 prisförhöjning
1526 1750 81 34 från
1626 1748 170 45 bolagens
1816 1745 77 35 sida
1912 1743 101 34 torde

413 1824 177 35 utskottet
622 1820 126 34 kunna
776 1815 200 36 inskränka
1005 1813 55 44 sig
1087 1811 55 35 till
1171 1813 51 31 ett
1242 1805 279 37 konstaterande
1542 1816 43 21 av
1605 1802 58 34 det
1683 1800 157 42 faktum,
1858 1800 51 32 att
1928 1796 85 47 möj-

413 1877 161 46 ligheten
604 1876 51 32 att
682 1872 199 34 bestämma
910 1865 238 47 sockerpriset
1176 1862 112 35 redan
1316 1873 51 22 nu
1387 1859 114 46 ligger
1520 1857 12 34 i
1552 1854 298 37 statsmakternas
1864 1850 149 38 händer,

416 1931 65 34 och
515 1931 53 33 att
596 1927 118 34 denna
743 1922 186 47 möjlighet
958 1920 107 35 också
1093 1930 43 22 av
1166 1917 79 34 dem
1277 1913 205 47 utnyttjats.
1544 1910 18 34 I
1590 1907 193 48 belysning
1803 1918 43 22 av
1865 1903 150 35 berörda

417 1980 225 38 förhållande
684 1979 93 33 lärer
819 1975 112 45 enligt
973 1973 194 35 utskottets
1210 1968 148 45 mening
1399 1972 90 29 även
1518 1964 86 33 böra
1631 1960 185 35 betraktas
1846 1958 69 34 den
1943 1956 75 34 ofta

418 2034 200 37 framförda
646 2035 120 31 satsen
795 2042 54 22 om
880 2027 285 35 sockertrustens
1194 2021 173 45 ställning
1400 2031 73 23 som
1504 2020 71 31 stat
1602 2015 12 35 i
1643 2017 128 32 staten.

526 2087 82 35 Vad
650 2084 172 45 slutligen
864 2083 110 44 angår
1016 2079 127 44 frågan
1185 2089 56 22 om
1285 2071 240 38 förhållandet
1559 2069 130 34 mellan
1717 2066 210 35 betodlarna
1956 2063 61 34 och

422 2141 278 44 sockerbolagen
729 2137 63 35 vill
821 2135 176 35 utskottet
1024 2131 151 35 hänvisa
1202 2128 56 36 till
1289 2128 69 34 den
1377 2124 223 37 härutinnan
1620 2134 43 22 av
1683 2120 228 35 betodlarnas
1932 2128 89 34 egen

423 2193 243 49 organisation
694 2191 150 45 intagna
873 2185 226 47 ståndpunkt
1128 2183 111 35 sådan
1269 2182 207 33 densamma
1506 2175 154 47 angivits
1689 2173 54 35 uti
1764 2173 60 33 det
1843 2171 12 34 i
1876 2169 147 36 ärendet

425 2262 43 22 av
511 2247 176 48 styrelsen
730 2244 55 34 för
829 2242 134 34 Skånes
993 2238 199 35 betodlares
1221 2231 305 45 centralförening
1554 2228 153 47 avgivna
1738 2224 211 36 utlåtandet.
2007 2222 18 34 I

426 2302 114 49 själva
569 2300 125 36 verket
723 2296 118 36 skulle
871 2295 58 33 det
958 2305 84 23 vara
1072 2291 155 34 särdeles
1253 2285 241 47 egendomligt
1514 2296 68 30 om,
1604 2283 119 33 därest
1743 2276 282 38 sockerfabrika-
