<?xml version="1.0" encoding="UTF-8"?>
<alto xmlns="http://www.loc.gov/standards/alto/ns-v3#" xmlns:xlink="http://www.w3.org/1999/xlink" xmlns:xsi="http://www.w3.org/2001/XMLSchema-instance" xsi:schemaLocation="http://www.loc.gov/standards/alto/ns-v3# http://www.loc.gov/alto/v3/alto-3-0.xsd">
	<Description>
		<MeasurementUnit>pixel</MeasurementUnit>
		<sourceImageInformation>
			<fileName>/tmp/tess_1cgufdke_input.PNG</fileName>
		</sourceImageInformation>
		<OCRProcessing ID="OCR_0">
			<ocrProcessingStep>
				<processingSoftware>
					<softwareName>tesseract 5.3.0</softwareName>
				</processingSoftware>
			</ocrProcessingStep>
		</OCRProcessing>
	</Description>
	<Layout>
		<Page WIDTH="2144" HEIGHT="2616" PHYSICAL_IMG_NR="0" ID="page_0">
			<PrintSpace HPOS="0" VPOS="0" WIDTH="2144" HEIGHT="2616">
				<ComposedBlock ID="cblock_0" HPOS="381" VPOS="205" WIDTH="1387" HEIGHT="46">
					<TextBlock ID="block_0" HPOS="381" VPOS="205" WIDTH="1387" HEIGHT="46">
						<TextLine ID="line_0" HPOS="381" VPOS="205" WIDTH="1387" HEIGHT="46">
							<String ID="string_0" HPOS="381" VPOS="205" WIDTH="118" HEIGHT="33" WC="0.48" CONTENT="Första"/><SP WIDTH="25" VPOS="205" HPOS="499"/>
							<String ID="string_1" HPOS="524" VPOS="207" WIDTH="204" HEIGHT="32" WC="0.96" CONTENT="kammarens"/><SP WIDTH="23" VPOS="207" HPOS="728"/>
							<String ID="string_2" HPOS="751" VPOS="212" WIDTH="106" HEIGHT="27" WC="0.96" CONTENT="andra"/><SP WIDTH="27" VPOS="212" HPOS="857"/>
							<String ID="string_3" HPOS="884" VPOS="210" WIDTH="168" HEIGHT="41" WC="0.96" CONTENT="tillfälliga"/><SP WIDTH="24" VPOS="210" HPOS="1052"/>
							<String ID="string_4" HPOS="1076" VPOS="212" WIDTH="135" HEIGHT="32" WC="0.90" CONTENT="utskotts"/><SP WIDTH="19" VPOS="212" HPOS="1211"/>
							<String ID="string_5" HPOS="1230" VPOS="213" WIDTH="165" HEIGHT="32" WC="0.90" CONTENT="ullåtande"/><SP WIDTH="17" VPOS="213" HPOS="1395"/>
							<String ID="string_6" HPOS="1412" VPOS="214" WIDTH="52" HEIGHT="31" WC="0.94" CONTENT="Nr"/><SP WIDTH="16" VPOS="214" HPOS="1464"/>
							<String ID="string_7" HPOS="1480" VPOS="216" WIDTH="55" HEIGHT="31" WC="0.95" CONTENT="27."/><SP WIDTH="218" VPOS="216" HPOS="1535"/>
							<String ID="string_8" HPOS="1753" VPOS="218" WIDTH="15" HEIGHT="29" WC="0.94" CONTENT="7"/>
						</TextLine>
					</TextBlock>
				</ComposedBlock>
				<ComposedBlock ID="cblock_1" HPOS="163" VPOS="288" WIDTH="1607" HEIGHT="686">
					<TextBlock ID="block_1" HPOS="163" VPOS="288" WIDTH="1607" HEIGHT="686">
						<TextLine ID="line_1" HPOS="166" VPOS="288" WIDTH="1602" HEIGHT="52">
							<String ID="string_9" HPOS="166" VPOS="298" WIDTH="108" HEIGHT="34" WC="0.96" CONTENT="synes"/><SP WIDTH="29" VPOS="298" HPOS="274"/>
							<String ID="string_10" HPOS="303" VPOS="288" WIDTH="81" HEIGHT="34" WC="0.96" CONTENT="med"/><SP WIDTH="25" VPOS="288" HPOS="384"/>
							<String ID="string_11" HPOS="409" VPOS="288" WIDTH="141" HEIGHT="47" WC="0.96" CONTENT="hänsyn"/><SP WIDTH="27" VPOS="288" HPOS="550"/>
							<String ID="string_12" HPOS="577" VPOS="289" WIDTH="123" HEIGHT="36" WC="0.96" CONTENT="härtill"/><SP WIDTH="28" VPOS="289" HPOS="700"/>
							<String ID="string_13" HPOS="728" VPOS="290" WIDTH="155" HEIGHT="47" WC="0.96" CONTENT="givetvis"/><SP WIDTH="26" VPOS="290" HPOS="883"/>
							<String ID="string_14" HPOS="909" VPOS="292" WIDTH="87" HEIGHT="35" WC="0.96" CONTENT="böra"/><SP WIDTH="24" VPOS="292" HPOS="996"/>
							<String ID="string_15" HPOS="1020" VPOS="298" WIDTH="205" HEIGHT="42" WC="0.90" CONTENT="övervägas,"/><SP WIDTH="23" VPOS="298" HPOS="1225"/>
							<String ID="string_16" HPOS="1248" VPOS="295" WIDTH="181" HEIGHT="36" WC="0.96" CONTENT="huruvida"/><SP WIDTH="20" VPOS="295" HPOS="1429"/>
							<String ID="string_17" HPOS="1449" VPOS="296" WIDTH="92" HEIGHT="44" WC="0.96" CONTENT="icke,"/><SP WIDTH="28" VPOS="296" HPOS="1541"/>
							<String ID="string_18" HPOS="1569" VPOS="298" WIDTH="44" HEIGHT="34" WC="0.96" CONTENT="då"/><SP WIDTH="24" VPOS="298" HPOS="1613"/>
							<String ID="string_19" HPOS="1637" VPOS="298" WIDTH="60" HEIGHT="35" WC="0.96" CONTENT="det"/><SP WIDTH="24" VPOS="298" HPOS="1697"/>
							<String ID="string_20" HPOS="1721" VPOS="311" WIDTH="47" HEIGHT="22" WC="0.96" CONTENT="nu"/>
						</TextLine>
						<TextLine ID="line_2" HPOS="166" VPOS="340" WIDTH="1604" HEIGHT="53">
							<String ID="string_21" HPOS="166" VPOS="340" WIDTH="113" HEIGHT="45" WC="0.96" CONTENT="gäller"/><SP WIDTH="42" VPOS="340" HPOS="279"/>
							<String ID="string_22" HPOS="321" VPOS="343" WIDTH="53" HEIGHT="32" WC="0.96" CONTENT="att"/><SP WIDTH="37" VPOS="343" HPOS="374"/>
							<String ID="string_23" HPOS="411" VPOS="341" WIDTH="119" HEIGHT="35" WC="0.96" CONTENT="införa"/><SP WIDTH="39" VPOS="341" HPOS="530"/>
							<String ID="string_24" HPOS="569" VPOS="343" WIDTH="170" HEIGHT="35" WC="0.93" CONTENT="moderna"/><SP WIDTH="38" VPOS="343" HPOS="739"/>
							<String ID="string_25" HPOS="777" VPOS="345" WIDTH="416" HEIGHT="46" WC="0.90" CONTENT="mätningsföreskrifter"/><SP WIDTH="39" VPOS="345" HPOS="1193"/>
							<String ID="string_26" HPOS="1232" VPOS="347" WIDTH="13" HEIGHT="35" WC="0.96" CONTENT="i"/><SP WIDTH="40" VPOS="347" HPOS="1245"/>
							<String ID="string_27" HPOS="1285" VPOS="351" WIDTH="78" HEIGHT="33" WC="0.96" CONTENT="vårt"/><SP WIDTH="28" VPOS="351" HPOS="1363"/>
							<String ID="string_28" HPOS="1391" VPOS="349" WIDTH="97" HEIGHT="44" WC="0.96" CONTENT="land,"/><SP WIDTH="32" VPOS="349" HPOS="1488"/>
							<String ID="string_29" HPOS="1520" VPOS="350" WIDTH="250" HEIGHT="37" WC="0.96" CONTENT="förstnämnda"/>
						</TextLine>
						<TextLine ID="line_3" HPOS="166" VPOS="393" WIDTH="1599" HEIGHT="51">
							<String ID="string_30" HPOS="166" VPOS="393" WIDTH="119" HEIGHT="34" WC="0.95" CONTENT="metod"/><SP WIDTH="24" VPOS="393" HPOS="285"/>
							<String ID="string_31" HPOS="309" VPOS="394" WIDTH="76" HEIGHT="34" WC="0.96" CONTENT="helt"/><SP WIDTH="25" VPOS="394" HPOS="385"/>
							<String ID="string_32" HPOS="410" VPOS="397" WIDTH="57" HEIGHT="32" WC="0.96" CONTENT="må"/><SP WIDTH="24" VPOS="397" HPOS="467"/>
							<String ID="string_33" HPOS="491" VPOS="394" WIDTH="112" HEIGHT="36" WC="0.95" CONTENT="vinna"/><SP WIDTH="28" VPOS="394" HPOS="603"/>
							<String ID="string_34" HPOS="631" VPOS="396" WIDTH="242" HEIGHT="48" WC="0.95" CONTENT="tillämpning,"/><SP WIDTH="32" VPOS="396" HPOS="873"/>
							<String ID="string_35" HPOS="905" VPOS="401" WIDTH="46" HEIGHT="43" WC="0.96" CONTENT="på"/><SP WIDTH="28" VPOS="401" HPOS="951"/>
							<String ID="string_36" HPOS="979" VPOS="403" WIDTH="73" HEIGHT="32" WC="0.96" CONTENT="sätt"/><SP WIDTH="17" VPOS="403" HPOS="1052"/>
							<String ID="string_37" HPOS="1069" VPOS="401" WIDTH="66" HEIGHT="34" WC="0.96" CONTENT="ock"/><SP WIDTH="26" VPOS="401" HPOS="1135"/>
							<String ID="string_38" HPOS="1161" VPOS="413" WIDTH="97" HEIGHT="23" WC="0.95" CONTENT="mera"/><SP WIDTH="24" VPOS="413" HPOS="1258"/>
							<String ID="string_39" HPOS="1282" VPOS="402" WIDTH="151" HEIGHT="36" WC="0.96" CONTENT="allmänt"/><SP WIDTH="16" VPOS="402" HPOS="1433"/>
							<String ID="string_40" HPOS="1449" VPOS="403" WIDTH="99" HEIGHT="35" WC="0.91" CONTENT="skett"/><SP WIDTH="16" VPOS="403" HPOS="1548"/>
							<String ID="string_41" HPOS="1564" VPOS="403" WIDTH="12" HEIGHT="35" WC="0.91" CONTENT="i"/><SP WIDTH="15" VPOS="403" HPOS="1576"/>
							<String ID="string_42" HPOS="1591" VPOS="405" WIDTH="174" HEIGHT="35" WC="0.94" CONTENT="utlandet."/>
						</TextLine>
						<TextLine ID="line_4" HPOS="165" VPOS="446" WIDTH="1603" HEIGHT="57">
							<String ID="string_43" HPOS="165" VPOS="446" WIDTH="217" HEIGHT="35" WC="0.96" CONTENT="Emellertid"/><SP WIDTH="30" VPOS="446" HPOS="382"/>
							<String ID="string_44" HPOS="412" VPOS="453" WIDTH="39" HEIGHT="29" WC="0.96" CONTENT="är"/><SP WIDTH="32" VPOS="453" HPOS="451"/>
							<String ID="string_45" HPOS="483" VPOS="448" WIDTH="62" HEIGHT="35" WC="0.96" CONTENT="det"/><SP WIDTH="28" VPOS="448" HPOS="545"/>
							<String ID="string_46" HPOS="573" VPOS="450" WIDTH="189" HEIGHT="46" WC="0.96" CONTENT="påtagligt,"/><SP WIDTH="37" VPOS="450" HPOS="762"/>
							<String ID="string_47" HPOS="799" VPOS="454" WIDTH="53" HEIGHT="32" WC="0.96" CONTENT="att"/><SP WIDTH="28" VPOS="454" HPOS="852"/>
							<String ID="string_48" HPOS="880" VPOS="451" WIDTH="129" HEIGHT="36" WC="0.96" CONTENT="härvid"/><SP WIDTH="30" VPOS="451" HPOS="1009"/>
							<String ID="string_49" HPOS="1039" VPOS="454" WIDTH="69" HEIGHT="34" WC="0.96" CONTENT="den"/><SP WIDTH="28" VPOS="454" HPOS="1108"/>
							<String ID="string_50" HPOS="1136" VPOS="455" WIDTH="257" HEIGHT="44" WC="0.96" CONTENT="grundtanken"/><SP WIDTH="29" VPOS="455" HPOS="1393"/>
							<String ID="string_51" HPOS="1422" VPOS="458" WIDTH="114" HEIGHT="33" WC="0.96" CONTENT="måste"/><SP WIDTH="29" VPOS="458" HPOS="1536"/>
							<String ID="string_52" HPOS="1565" VPOS="462" WIDTH="103" HEIGHT="41" WC="0.92" CONTENT="göras"/><SP WIDTH="29" VPOS="462" HPOS="1668"/>
							<String ID="string_53" HPOS="1697" VPOS="459" WIDTH="71" HEIGHT="44" WC="0.82" CONTENT="gil-"/>
						</TextLine>
						<TextLine ID="line_5" HPOS="165" VPOS="499" WIDTH="1603" HEIGHT="52">
							<String ID="string_54" HPOS="165" VPOS="499" WIDTH="118" HEIGHT="43" WC="0.96" CONTENT="lande,"/><SP WIDTH="36" VPOS="499" HPOS="283"/>
							<String ID="string_55" HPOS="319" VPOS="503" WIDTH="53" HEIGHT="31" WC="0.96" CONTENT="att"/><SP WIDTH="37" VPOS="503" HPOS="372"/>
							<String ID="string_56" HPOS="409" VPOS="501" WIDTH="128" HEIGHT="35" WC="0.96" CONTENT="endast"/><SP WIDTH="38" VPOS="501" HPOS="537"/>
							<String ID="string_57" HPOS="575" VPOS="503" WIDTH="112" HEIGHT="34" WC="0.93" CONTENT="sådan"/><SP WIDTH="34" VPOS="503" HPOS="687"/>
							<String ID="string_58" HPOS="721" VPOS="503" WIDTH="304" HEIGHT="47" WC="0.73" CONTENT="mätningsmetod"/><SP WIDTH="29" VPOS="503" HPOS="1025"/>
							<String ID="string_59" HPOS="1054" VPOS="506" WIDTH="55" HEIGHT="34" WC="0.96" CONTENT="får"/><SP WIDTH="24" VPOS="506" HPOS="1109"/>
							<String ID="string_60" HPOS="1133" VPOS="508" WIDTH="195" HEIGHT="43" WC="0.95" CONTENT="användas,"/><SP WIDTH="31" VPOS="508" HPOS="1328"/>
							<String ID="string_61" HPOS="1359" VPOS="520" WIDTH="82" HEIGHT="23" WC="0.96" CONTENT="vars"/><SP WIDTH="29" VPOS="520" HPOS="1441"/>
							<String ID="string_62" HPOS="1470" VPOS="509" WIDTH="155" HEIGHT="35" WC="0.96" CONTENT="kostnad"/><SP WIDTH="28" VPOS="509" HPOS="1625"/>
							<String ID="string_63" HPOS="1653" VPOS="514" WIDTH="75" HEIGHT="31" WC="0.96" CONTENT="står"/><SP WIDTH="28" VPOS="514" HPOS="1728"/>
							<String ID="string_64" HPOS="1756" VPOS="511" WIDTH="12" HEIGHT="34" WC="0.95" CONTENT="i"/>
						</TextLine>
						<TextLine ID="line_6" HPOS="165" VPOS="550" WIDTH="1602" HEIGHT="56">
							<String ID="string_65" HPOS="165" VPOS="550" WIDTH="138" HEIGHT="48" WC="0.96" CONTENT="rimligt"/><SP WIDTH="33" VPOS="550" HPOS="303"/>
							<String ID="string_66" HPOS="336" VPOS="552" WIDTH="227" HEIGHT="36" WC="0.95" CONTENT="förhållande"/><SP WIDTH="39" VPOS="552" HPOS="563"/>
							<String ID="string_67" HPOS="602" VPOS="555" WIDTH="57" HEIGHT="34" WC="0.95" CONTENT="till"/><SP WIDTH="35" VPOS="555" HPOS="659"/>
							<String ID="string_68" HPOS="694" VPOS="556" WIDTH="167" HEIGHT="35" WC="0.95" CONTENT="markens"/><SP WIDTH="30" VPOS="556" HPOS="861"/>
							<String ID="string_69" HPOS="891" VPOS="558" WIDTH="109" HEIGHT="34" WC="0.96" CONTENT="värde"/><SP WIDTH="29" VPOS="558" HPOS="1000"/>
							<String ID="string_70" HPOS="1029" VPOS="559" WIDTH="66" HEIGHT="34" WC="0.93" CONTENT="och"/><SP WIDTH="25" VPOS="559" HPOS="1095"/>
							<String ID="string_71" HPOS="1120" VPOS="559" WIDTH="231" HEIGHT="47" WC="0.34" CONTENT="mätningens"/><SP WIDTH="29" VPOS="559" HPOS="1351"/>
							<String ID="string_72" HPOS="1380" VPOS="561" WIDTH="176" HEIGHT="36" WC="0.93" CONTENT="ändamål."/><SP WIDTH="60" VPOS="561" HPOS="1556"/>
							<String ID="string_73" HPOS="1616" VPOS="563" WIDTH="77" HEIGHT="35" WC="0.95" CONTENT="Och"/><SP WIDTH="30" VPOS="563" HPOS="1693"/>
							<String ID="string_74" HPOS="1723" VPOS="564" WIDTH="44" HEIGHT="34" WC="0.96" CONTENT="då"/>
						</TextLine>
						<TextLine ID="line_7" HPOS="165" VPOS="604" WIDTH="1602" HEIGHT="58">
							<String ID="string_75" HPOS="165" VPOS="608" WIDTH="97" HEIGHT="31" WC="0.96" CONTENT="stora"/><SP WIDTH="24" VPOS="608" HPOS="262"/>
							<String ID="string_76" HPOS="286" VPOS="604" WIDTH="126" HEIGHT="36" WC="0.96" CONTENT="vidder"/><SP WIDTH="29" VPOS="604" HPOS="412"/>
							<String ID="string_77" HPOS="441" VPOS="618" WIDTH="44" HEIGHT="23" WC="0.96" CONTENT="av"/><SP WIDTH="30" VPOS="618" HPOS="485"/>
							<String ID="string_78" HPOS="515" VPOS="609" WIDTH="80" HEIGHT="33" WC="0.96" CONTENT="vårt"/><SP WIDTH="24" VPOS="609" HPOS="595"/>
							<String ID="string_79" HPOS="619" VPOS="608" WIDTH="85" HEIGHT="34" WC="0.96" CONTENT="land"/><SP WIDTH="26" VPOS="608" HPOS="704"/>
							<String ID="string_80" HPOS="730" VPOS="611" WIDTH="45" HEIGHT="43" WC="0.96" CONTENT="på"/><SP WIDTH="27" VPOS="611" HPOS="775"/>
							<String ID="string_81" HPOS="802" VPOS="610" WIDTH="119" HEIGHT="46" WC="0.96" CONTENT="grund"/><SP WIDTH="25" VPOS="610" HPOS="921"/>
							<String ID="string_82" HPOS="946" VPOS="622" WIDTH="44" HEIGHT="23" WC="0.96" CONTENT="av"/><SP WIDTH="24" VPOS="622" HPOS="990"/>
							<String ID="string_83" HPOS="1014" VPOS="611" WIDTH="64" HEIGHT="35" WC="0.96" CONTENT="sitt"/><SP WIDTH="23" VPOS="611" HPOS="1078"/>
							<String ID="string_84" HPOS="1101" VPOS="611" WIDTH="105" HEIGHT="47" WC="0.93" CONTENT="ringa"/><SP WIDTH="29" VPOS="611" HPOS="1206"/>
							<String ID="string_85" HPOS="1235" VPOS="613" WIDTH="215" HEIGHT="36" WC="0.91" CONTENT="markvärde"/><SP WIDTH="29" VPOS="613" HPOS="1450"/>
							<String ID="string_86" HPOS="1479" VPOS="615" WIDTH="288" HEIGHT="47" WC="0.96" CONTENT="uppenbarligen"/>
						</TextLine>
						<TextLine ID="line_8" HPOS="164" VPOS="657" WIDTH="1602" HEIGHT="52">
							<String ID="string_87" HPOS="164" VPOS="657" WIDTH="31" HEIGHT="47" WC="0.96" CONTENT="ej"/><SP WIDTH="36" VPOS="657" HPOS="195"/>
							<String ID="string_88" HPOS="231" VPOS="657" WIDTH="124" HEIGHT="36" WC="0.96" CONTENT="kunna"/><SP WIDTH="38" VPOS="657" HPOS="355"/>
							<String ID="string_89" HPOS="393" VPOS="659" WIDTH="154" HEIGHT="36" WC="0.93" CONTENT="medelst"/><SP WIDTH="37" VPOS="659" HPOS="547"/>
							<String ID="string_90" HPOS="584" VPOS="661" WIDTH="227" HEIGHT="48" WC="0.91" CONTENT="finmätning,"/><SP WIDTH="34" VPOS="661" HPOS="811"/>
							<String ID="string_91" HPOS="845" VPOS="675" WIDTH="75" HEIGHT="23" WC="0.94" CONTENT="som"/><SP WIDTH="40" VPOS="675" HPOS="920"/>
							<String ID="string_92" HPOS="960" VPOS="665" WIDTH="115" HEIGHT="34" WC="0.94" CONTENT="under"/><SP WIDTH="38" VPOS="665" HPOS="1075"/>
							<String ID="string_93" HPOS="1113" VPOS="665" WIDTH="71" HEIGHT="35" WC="0.94" CONTENT="alla"/><SP WIDTH="35" VPOS="665" HPOS="1184"/>
							<String ID="string_94" HPOS="1219" VPOS="666" WIDTH="255" HEIGHT="36" WC="0.96" CONTENT="förhållanden"/><SP WIDTH="33" VPOS="666" HPOS="1474"/>
							<String ID="string_95" HPOS="1507" VPOS="668" WIDTH="218" HEIGHT="36" WC="0.96" CONTENT="åtminstone"/><SP WIDTH="30" VPOS="668" HPOS="1725"/>
							<String ID="string_96" HPOS="1755" VPOS="670" WIDTH="11" HEIGHT="34" WC="0.97" CONTENT="i"/>
						</TextLine>
						<TextLine ID="line_9" HPOS="164" VPOS="712" WIDTH="1599" HEIGHT="58">
							<String ID="string_97" HPOS="164" VPOS="712" WIDTH="177" HEIGHT="35" WC="0.93" CONTENT="avseende"/><SP WIDTH="41" VPOS="712" HPOS="341"/>
							<String ID="string_98" HPOS="382" VPOS="714" WIDTH="21" HEIGHT="33" WC="0.89" CONTENT="å"/><SP WIDTH="37" VPOS="714" HPOS="403"/>
							<String ID="string_99" HPOS="440" VPOS="713" WIDTH="325" HEIGHT="49" WC="0.92" CONTENT="detaljmätningen"/><SP WIDTH="38" VPOS="713" HPOS="765"/>
							<String ID="string_100" HPOS="803" VPOS="719" WIDTH="112" HEIGHT="33" WC="0.96" CONTENT="måste"/><SP WIDTH="38" VPOS="719" HPOS="915"/>
							<String ID="string_101" HPOS="953" VPOS="718" WIDTH="109" HEIGHT="35" WC="0.96" CONTENT="ställa"/><SP WIDTH="38" VPOS="718" HPOS="1062"/>
							<String ID="string_102" HPOS="1100" VPOS="718" WIDTH="56" HEIGHT="47" WC="0.96" CONTENT="sig"/><SP WIDTH="37" VPOS="718" HPOS="1156"/>
							<String ID="string_103" HPOS="1193" VPOS="720" WIDTH="129" HEIGHT="46" WC="0.96" CONTENT="dyrare"/><SP WIDTH="34" VPOS="720" HPOS="1322"/>
							<String ID="string_104" HPOS="1356" VPOS="726" WIDTH="45" HEIGHT="29" WC="0.96" CONTENT="än"/><SP WIDTH="35" VPOS="726" HPOS="1401"/>
							<String ID="string_105" HPOS="1436" VPOS="721" WIDTH="125" HEIGHT="47" WC="0.96" CONTENT="vanlig"/><SP WIDTH="29" VPOS="721" HPOS="1561"/>
							<String ID="string_106" HPOS="1590" VPOS="722" WIDTH="173" HEIGHT="48" WC="0.95" CONTENT="mätning,"/>
						</TextLine>
						<TextLine ID="line_10" HPOS="163" VPOS="766" WIDTH="1603" HEIGHT="54">
							<String ID="string_107" HPOS="163" VPOS="768" WIDTH="189" HEIGHT="43" WC="0.91" CONTENT="uppmätas"/><SP WIDTH="38" VPOS="768" HPOS="352"/>
							<String ID="string_108" HPOS="390" VPOS="766" WIDTH="59" HEIGHT="35" WC="0.94" CONTENT="till"/><SP WIDTH="38" VPOS="766" HPOS="449"/>
							<String ID="string_109" HPOS="487" VPOS="767" WIDTH="166" HEIGHT="44" WC="0.96" CONTENT="kostnad,"/><SP WIDTH="41" VPOS="767" HPOS="653"/>
							<String ID="string_110" HPOS="694" VPOS="781" WIDTH="74" HEIGHT="23" WC="0.96" CONTENT="som"/><SP WIDTH="40" VPOS="781" HPOS="768"/>
							<String ID="string_111" HPOS="808" VPOS="773" WIDTH="74" HEIGHT="32" WC="0.93" CONTENT="står"/><SP WIDTH="28" VPOS="773" HPOS="882"/>
							<String ID="string_112" HPOS="910" VPOS="770" WIDTH="13" HEIGHT="35" WC="0.96" CONTENT="i"/><SP WIDTH="29" VPOS="770" HPOS="923"/>
							<String ID="string_113" HPOS="952" VPOS="770" WIDTH="177" HEIGHT="48" WC="0.96" CONTENT="tillbörlig"/><SP WIDTH="29" VPOS="770" HPOS="1129"/>
							<String ID="string_114" HPOS="1158" VPOS="773" WIDTH="153" HEIGHT="35" WC="0.96" CONTENT="relation"/><SP WIDTH="29" VPOS="773" HPOS="1311"/>
							<String ID="string_115" HPOS="1340" VPOS="774" WIDTH="57" HEIGHT="35" WC="0.92" CONTENT="till"/><SP WIDTH="30" VPOS="774" HPOS="1397"/>
							<String ID="string_116" HPOS="1427" VPOS="775" WIDTH="242" HEIGHT="45" WC="0.90" CONTENT="markvärdet,"/><SP WIDTH="31" VPOS="775" HPOS="1669"/>
							<String ID="string_117" HPOS="1700" VPOS="777" WIDTH="66" HEIGHT="34" WC="0.96" CONTENT="har"/>
						</TextLine>
						<TextLine ID="line_11" HPOS="163" VPOS="817" WIDTH="1604" HEIGHT="58">
							<String ID="string_118" HPOS="163" VPOS="817" WIDTH="283" HEIGHT="38" WC="0.96" CONTENT="kommissionen"/><SP WIDTH="29" VPOS="817" HPOS="446"/>
							<String ID="string_119" HPOS="475" VPOS="820" WIDTH="124" HEIGHT="36" WC="0.93" CONTENT="funnit"/><SP WIDTH="28" VPOS="820" HPOS="599"/>
							<String ID="string_120" HPOS="627" VPOS="822" WIDTH="128" HEIGHT="47" WC="0.91" CONTENT="nödigt"/><SP WIDTH="28" VPOS="822" HPOS="755"/>
							<String ID="string_121" HPOS="783" VPOS="827" WIDTH="52" HEIGHT="31" WC="0.96" CONTENT="att"/><SP WIDTH="29" VPOS="827" HPOS="835"/>
							<String ID="string_122" HPOS="864" VPOS="824" WIDTH="66" HEIGHT="35" WC="0.96" CONTENT="allt"/><SP WIDTH="29" VPOS="824" HPOS="930"/>
							<String ID="string_123" HPOS="959" VPOS="824" WIDTH="72" HEIGHT="36" WC="0.96" CONTENT="fort"/><SP WIDTH="28" VPOS="824" HPOS="1031"/>
							<String ID="string_124" HPOS="1059" VPOS="825" WIDTH="71" HEIGHT="36" WC="0.96" CONTENT="låta"/><SP WIDTH="21" VPOS="825" HPOS="1130"/>
							<String ID="string_125" HPOS="1151" VPOS="826" WIDTH="125" HEIGHT="47" WC="0.95" CONTENT="vanlig"/><SP WIDTH="18" VPOS="826" HPOS="1276"/>
							<String ID="string_126" HPOS="1294" VPOS="827" WIDTH="166" HEIGHT="47" WC="0.96" CONTENT="mätning"/><SP WIDTH="20" VPOS="827" HPOS="1460"/>
							<String ID="string_127" HPOS="1480" VPOS="833" WIDTH="67" HEIGHT="42" WC="0.96" CONTENT="äga"/><SP WIDTH="19" VPOS="833" HPOS="1547"/>
							<String ID="string_128" HPOS="1566" VPOS="841" WIDTH="78" HEIGHT="23" WC="0.96" CONTENT="rum"/><SP WIDTH="21" VPOS="841" HPOS="1644"/>
							<String ID="string_129" HPOS="1665" VPOS="829" WIDTH="13" HEIGHT="35" WC="0.95" CONTENT="i"/><SP WIDTH="19" VPOS="829" HPOS="1678"/>
							<String ID="string_130" HPOS="1697" VPOS="830" WIDTH="70" HEIGHT="35" WC="0.96" CONTENT="alla"/>
						</TextLine>
						<TextLine ID="line_12" HPOS="163" VPOS="870" WIDTH="1601" HEIGHT="50">
							<String ID="string_131" HPOS="163" VPOS="870" WIDTH="75" HEIGHT="44" WC="0.96" CONTENT="fall,"/><SP WIDTH="32" VPOS="870" HPOS="238"/>
							<String ID="string_132" HPOS="270" VPOS="872" WIDTH="64" HEIGHT="34" WC="0.96" CONTENT="där"/><SP WIDTH="27" VPOS="872" HPOS="334"/>
							<String ID="string_133" HPOS="361" VPOS="872" WIDTH="82" HEIGHT="35" WC="0.96" CONTENT="icke"/><SP WIDTH="30" VPOS="872" HPOS="443"/>
							<String ID="string_134" HPOS="473" VPOS="876" WIDTH="46" HEIGHT="43" WC="0.96" CONTENT="på"/><SP WIDTH="28" VPOS="876" HPOS="519"/>
							<String ID="string_135" HPOS="547" VPOS="876" WIDTH="120" HEIGHT="44" WC="0.96" CONTENT="grund"/><SP WIDTH="28" VPOS="876" HPOS="667"/>
							<String ID="string_136" HPOS="695" VPOS="888" WIDTH="43" HEIGHT="22" WC="0.96" CONTENT="av"/><SP WIDTH="30" VPOS="888" HPOS="738"/>
							<String ID="string_137" HPOS="768" VPOS="877" WIDTH="167" HEIGHT="35" WC="0.96" CONTENT="markens"/><SP WIDTH="30" VPOS="877" HPOS="935"/>
							<String ID="string_138" HPOS="965" VPOS="879" WIDTH="109" HEIGHT="34" WC="0.96" CONTENT="värde"/><SP WIDTH="29" VPOS="879" HPOS="1074"/>
							<String ID="string_139" HPOS="1103" VPOS="879" WIDTH="89" HEIGHT="35" WC="0.96" CONTENT="eller"/><SP WIDTH="28" VPOS="879" HPOS="1192"/>
							<String ID="string_140" HPOS="1220" VPOS="880" WIDTH="180" HEIGHT="35" WC="0.76" CONTENT="särskilda"/><SP WIDTH="24" VPOS="880" HPOS="1400"/>
							<String ID="string_141" HPOS="1424" VPOS="881" WIDTH="252" HEIGHT="37" WC="0.92" CONTENT="förhållanden"/><SP WIDTH="29" VPOS="881" HPOS="1676"/>
							<String ID="string_142" HPOS="1705" VPOS="883" WIDTH="59" HEIGHT="34" WC="0.91" CONTENT="fin-"/>
						</TextLine>
						<TextLine ID="line_13" HPOS="164" VPOS="924" WIDTH="733" HEIGHT="50">
							<String ID="string_143" HPOS="164" VPOS="924" WIDTH="165" HEIGHT="47" WC="0.96" CONTENT="mätning"/><SP WIDTH="28" VPOS="924" HPOS="329"/>
							<String ID="string_144" HPOS="357" VPOS="938" WIDTH="103" HEIGHT="23" WC="0.95" CONTENT="anses"/><SP WIDTH="30" VPOS="938" HPOS="460"/>
							<String ID="string_145" HPOS="490" VPOS="926" WIDTH="88" HEIGHT="35" WC="0.93" CONTENT="böra"/><SP WIDTH="28" VPOS="926" HPOS="578"/>
							<String ID="string_146" HPOS="606" VPOS="927" WIDTH="291" HEIGHT="47" WC="0.44" CONTENT="ifrågakomma.»&gt;"/>
						</TextLine>
					</TextBlock>
				</ComposedBlock>
				<ComposedBlock ID="cblock_2" HPOS="157" VPOS="1031" WIDTH="1608" HEIGHT="1290">
					<TextBlock ID="block_2" HPOS="163" VPOS="1031" WIDTH="1602" HEIGHT="101">
						<TextLine ID="line_14" HPOS="271" VPOS="1031" WIDTH="1494" HEIGHT="53">
							<String ID="string_147" HPOS="271" VPOS="1031" WIDTH="234" HEIGHT="37" WC="0.96" CONTENT="Beträffande"/><SP WIDTH="37" VPOS="1031" HPOS="505"/>
							<String ID="string_148" HPOS="542" VPOS="1033" WIDTH="200" HEIGHT="37" WC="0.96" CONTENT="innehållet"/><SP WIDTH="42" VPOS="1033" HPOS="742"/>
							<String ID="string_149" HPOS="784" VPOS="1048" WIDTH="44" HEIGHT="23" WC="0.96" CONTENT="av"/><SP WIDTH="43" VPOS="1048" HPOS="828"/>
							<String ID="string_150" HPOS="871" VPOS="1036" WIDTH="189" HEIGHT="48" WC="0.94" CONTENT="förslagets"/><SP WIDTH="44" VPOS="1036" HPOS="1060"/>
							<String ID="string_151" HPOS="1104" VPOS="1042" WIDTH="22" HEIGHT="31" WC="0.95" CONTENT="4"/><SP WIDTH="45" VPOS="1042" HPOS="1126"/>
							<String ID="string_152" HPOS="1171" VPOS="1039" WIDTH="22" HEIGHT="45" WC="0.53" CONTENT="8"/><SP WIDTH="42" VPOS="1039" HPOS="1193"/>
							<String ID="string_153" HPOS="1235" VPOS="1039" WIDTH="66" HEIGHT="35" WC="0.96" CONTENT="har"/><SP WIDTH="37" VPOS="1039" HPOS="1301"/>
							<String ID="string_154" HPOS="1338" VPOS="1040" WIDTH="284" HEIGHT="36" WC="0.96" CONTENT="kommissionen"/><SP WIDTH="23" VPOS="1040" HPOS="1622"/>
							<String ID="string_155" HPOS="1645" VPOS="1042" WIDTH="120" HEIGHT="36" WC="0.96" CONTENT="anfört"/>
						</TextLine>
						<TextLine ID="line_15" HPOS="163" VPOS="1083" WIDTH="173" HEIGHT="49">
							<String ID="string_156" HPOS="163" VPOS="1083" WIDTH="173" HEIGHT="49" WC="0.96" CONTENT="följande:"/>
						</TextLine>
					</TextBlock>
					<TextBlock ID="block_3" HPOS="159" VPOS="1139" WIDTH="1605" HEIGHT="903">
						<TextLine ID="line_16" HPOS="276" VPOS="1139" WIDTH="1487" HEIGHT="51">
							<String ID="string_157" HPOS="276" VPOS="1139" WIDTH="153" HEIGHT="35" WC="0.91" CONTENT="&gt;Denna"/><SP WIDTH="46" VPOS="1139" HPOS="429"/>
							<String ID="string_158" HPOS="475" VPOS="1141" WIDTH="174" HEIGHT="46" WC="0.96" CONTENT="paragraf"/><SP WIDTH="39" VPOS="1141" HPOS="649"/>
							<String ID="string_159" HPOS="688" VPOS="1141" WIDTH="202" HEIGHT="37" WC="0.82" CONTENT="innehåller"/><SP WIDTH="37" VPOS="1141" HPOS="890"/>
							<String ID="string_160" HPOS="927" VPOS="1143" WIDTH="243" HEIGHT="47" WC="0.96" CONTENT="föreskrifter,"/><SP WIDTH="44" VPOS="1143" HPOS="1170"/>
							<String ID="string_161" HPOS="1214" VPOS="1146" WIDTH="118" HEIGHT="35" WC="0.96" CONTENT="under"/><SP WIDTH="42" VPOS="1146" HPOS="1332"/>
							<String ID="string_162" HPOS="1374" VPOS="1146" WIDTH="102" HEIGHT="36" WC="0.96" CONTENT="vilka"/><SP WIDTH="37" VPOS="1146" HPOS="1476"/>
							<String ID="string_163" HPOS="1513" VPOS="1148" WIDTH="250" HEIGHT="37" WC="0.96" CONTENT="förhållanden"/>
						</TextLine>
						<TextLine ID="line_17" HPOS="162" VPOS="1192" WIDTH="1602" HEIGHT="53">
							<String ID="string_164" HPOS="162" VPOS="1192" WIDTH="219" HEIGHT="47" WC="0.92" CONTENT="finmätning"/><SP WIDTH="41" VPOS="1192" HPOS="381"/>
							<String ID="string_165" HPOS="422" VPOS="1193" WIDTH="89" HEIGHT="35" WC="0.96" CONTENT="eller"/><SP WIDTH="44" VPOS="1193" HPOS="511"/>
							<String ID="string_166" HPOS="555" VPOS="1194" WIDTH="125" HEIGHT="48" WC="0.95" CONTENT="vanlig"/><SP WIDTH="42" VPOS="1194" HPOS="680"/>
							<String ID="string_167" HPOS="722" VPOS="1196" WIDTH="164" HEIGHT="47" WC="0.95" CONTENT="mätning"/><SP WIDTH="33" VPOS="1196" HPOS="886"/>
							<String ID="string_168" HPOS="919" VPOS="1200" WIDTH="57" HEIGHT="32" WC="0.93" CONTENT="må"/><SP WIDTH="28" VPOS="1200" HPOS="976"/>
							<String ID="string_169" HPOS="1004" VPOS="1197" WIDTH="273" HEIGHT="48" WC="0.90" CONTENT="ifrågakomma."/><SP WIDTH="59" VPOS="1197" HPOS="1277"/>
							<String ID="string_170" HPOS="1336" VPOS="1201" WIDTH="73" HEIGHT="35" WC="0.96" CONTENT="Det"/><SP WIDTH="29" VPOS="1201" HPOS="1409"/>
							<String ID="string_171" HPOS="1438" VPOS="1213" WIDTH="68" HEIGHT="23" WC="0.96" CONTENT="ena"/><SP WIDTH="28" VPOS="1213" HPOS="1506"/>
							<String ID="string_172" HPOS="1534" VPOS="1202" WIDTH="89" HEIGHT="35" WC="0.96" CONTENT="eller"/><SP WIDTH="28" VPOS="1202" HPOS="1623"/>
							<String ID="string_173" HPOS="1651" VPOS="1203" WIDTH="113" HEIGHT="36" WC="0.96" CONTENT="andra"/>
						</TextLine>
						<TextLine ID="line_18" HPOS="163" VPOS="1245" WIDTH="1599" HEIGHT="59">
							<String ID="string_174" HPOS="163" VPOS="1245" WIDTH="314" HEIGHT="47" WC="0.91" CONTENT="mätningssättets"/><SP WIDTH="37" VPOS="1245" HPOS="477"/>
							<String ID="string_175" HPOS="514" VPOS="1248" WIDTH="235" HEIGHT="48" WC="0.92" CONTENT="användning"/><SP WIDTH="42" VPOS="1248" HPOS="749"/>
							<String ID="string_176" HPOS="791" VPOS="1249" WIDTH="167" HEIGHT="49" WC="0.92" CONTENT="betingas"/><SP WIDTH="44" VPOS="1249" HPOS="958"/>
							<String ID="string_177" HPOS="1002" VPOS="1263" WIDTH="44" HEIGHT="24" WC="0.96" CONTENT="av"/><SP WIDTH="34" VPOS="1263" HPOS="1046"/>
							<String ID="string_178" HPOS="1080" VPOS="1253" WIDTH="61" HEIGHT="35" WC="0.96" CONTENT="det"/><SP WIDTH="29" VPOS="1253" HPOS="1141"/>
							<String ID="string_179" HPOS="1170" VPOS="1253" WIDTH="177" HEIGHT="44" WC="0.96" CONTENT="ändamål,"/><SP WIDTH="33" VPOS="1253" HPOS="1347"/>
							<String ID="string_180" HPOS="1380" VPOS="1254" WIDTH="213" HEIGHT="48" WC="0.96" CONTENT="mätningen"/><SP WIDTH="27" VPOS="1254" HPOS="1593"/>
							<String ID="string_181" HPOS="1620" VPOS="1256" WIDTH="14" HEIGHT="35" WC="0.96" CONTENT="i"/><SP WIDTH="29" VPOS="1256" HPOS="1634"/>
							<String ID="string_182" HPOS="1663" VPOS="1257" WIDTH="99" HEIGHT="47" WC="0.96" CONTENT="varje"/>
						</TextLine>
						<TextLine ID="line_19" HPOS="162" VPOS="1298" WIDTH="1600" HEIGHT="54">
							<String ID="string_183" HPOS="162" VPOS="1298" WIDTH="151" HEIGHT="36" WC="0.96" CONTENT="särskilt"/><SP WIDTH="41" VPOS="1298" HPOS="313"/>
							<String ID="string_184" HPOS="354" VPOS="1299" WIDTH="62" HEIGHT="35" WC="0.96" CONTENT="fall"/><SP WIDTH="42" VPOS="1299" HPOS="416"/>
							<String ID="string_185" HPOS="458" VPOS="1312" WIDTH="104" HEIGHT="24" WC="0.96" CONTENT="avser"/><SP WIDTH="29" VPOS="1312" HPOS="562"/>
							<String ID="string_186" HPOS="591" VPOS="1305" WIDTH="54" HEIGHT="31" WC="0.96" CONTENT="att"/><SP WIDTH="27" VPOS="1305" HPOS="645"/>
							<String ID="string_187" HPOS="672" VPOS="1302" WIDTH="197" HEIGHT="47" WC="0.92" CONTENT="tillgodose."/><SP WIDTH="58" VPOS="1302" HPOS="869"/>
							<String ID="string_188" HPOS="927" VPOS="1305" WIDTH="184" HEIGHT="47" WC="0.92" CONTENT="Påtagligt"/><SP WIDTH="24" VPOS="1305" HPOS="1111"/>
							<String ID="string_189" HPOS="1135" VPOS="1311" WIDTH="49" HEIGHT="38" WC="0.96" CONTENT="är,"/><SP WIDTH="27" VPOS="1311" HPOS="1184"/>
							<String ID="string_190" HPOS="1211" VPOS="1309" WIDTH="65" HEIGHT="40" WC="0.96" CONTENT="att,"/><SP WIDTH="31" VPOS="1309" HPOS="1276"/>
							<String ID="string_191" HPOS="1307" VPOS="1319" WIDTH="55" HEIGHT="23" WC="0.96" CONTENT="om"/><SP WIDTH="30" VPOS="1319" HPOS="1362"/>
							<String ID="string_192" HPOS="1392" VPOS="1307" WIDTH="82" HEIGHT="36" WC="0.96" CONTENT="med"/><SP WIDTH="28" VPOS="1307" HPOS="1474"/>
							<String ID="string_193" HPOS="1502" VPOS="1320" WIDTH="47" HEIGHT="23" WC="0.96" CONTENT="en"/><SP WIDTH="25" VPOS="1320" HPOS="1549"/>
							<String ID="string_194" HPOS="1574" VPOS="1309" WIDTH="72" HEIGHT="36" WC="0.93" CONTENT="viss"/><SP WIDTH="30" VPOS="1309" HPOS="1646"/>
							<String ID="string_195" HPOS="1676" VPOS="1315" WIDTH="86" HEIGHT="31" WC="0.84" CONTENT="mät-"/>
						</TextLine>
						<TextLine ID="line_20" HPOS="162" VPOS="1351" WIDTH="1601" HEIGHT="57">
							<String ID="string_196" HPOS="162" VPOS="1351" WIDTH="333" HEIGHT="49" WC="0.91" CONTENT="ningsförrättning"/><SP WIDTH="42" VPOS="1351" HPOS="495"/>
							<String ID="string_197" HPOS="537" VPOS="1355" WIDTH="138" HEIGHT="47" WC="0.96" CONTENT="åsyftas"/><SP WIDTH="34" VPOS="1355" HPOS="675"/>
							<String ID="string_198" HPOS="709" VPOS="1356" WIDTH="239" HEIGHT="48" WC="0.96" CONTENT="uppmätning"/><SP WIDTH="28" VPOS="1356" HPOS="948"/>
							<String ID="string_199" HPOS="976" VPOS="1370" WIDTH="44" HEIGHT="23" WC="0.96" CONTENT="av"/><SP WIDTH="29" VPOS="1370" HPOS="1020"/>
							<String ID="string_200" HPOS="1049" VPOS="1362" WIDTH="53" HEIGHT="32" WC="0.96" CONTENT="ett"/><SP WIDTH="23" VPOS="1362" HPOS="1102"/>
							<String ID="string_201" HPOS="1125" VPOS="1362" WIDTH="115" HEIGHT="32" WC="0.96" CONTENT="större"/><SP WIDTH="29" VPOS="1362" HPOS="1240"/>
							<String ID="string_202" HPOS="1269" VPOS="1361" WIDTH="186" HEIGHT="43" WC="0.95" CONTENT="samhälle,"/><SP WIDTH="26" VPOS="1361" HPOS="1455"/>
							<String ID="string_203" HPOS="1481" VPOS="1373" WIDTH="127" HEIGHT="35" WC="0.96" CONTENT="genom"/><SP WIDTH="27" VPOS="1373" HPOS="1608"/>
							<String ID="string_204" HPOS="1635" VPOS="1363" WIDTH="128" HEIGHT="36" WC="0.96" CONTENT="vilken"/>
						</TextLine>
						<TextLine ID="line_21" HPOS="163" VPOS="1405" WIDTH="1598" HEIGHT="57">
							<String ID="string_205" HPOS="163" VPOS="1405" WIDTH="164" HEIGHT="47" WC="0.95" CONTENT="mätning"/><SP WIDTH="27" VPOS="1405" HPOS="327"/>
							<String ID="string_206" HPOS="354" VPOS="1407" WIDTH="101" HEIGHT="35" WC="0.96" CONTENT="torde"/><SP WIDTH="29" VPOS="1407" HPOS="455"/>
							<String ID="string_207" HPOS="484" VPOS="1407" WIDTH="144" HEIGHT="36" WC="0.96" CONTENT="komma"/><SP WIDTH="29" VPOS="1407" HPOS="628"/>
							<String ID="string_208" HPOS="657" VPOS="1411" WIDTH="53" HEIGHT="33" WC="0.96" CONTENT="att"/><SP WIDTH="24" VPOS="1411" HPOS="710"/>
							<String ID="string_209" HPOS="734" VPOS="1409" WIDTH="132" HEIGHT="47" WC="0.96" CONTENT="skapas"/><SP WIDTH="23" VPOS="1409" HPOS="866"/>
							<String ID="string_210" HPOS="889" VPOS="1411" WIDTH="180" HEIGHT="46" WC="0.96" CONTENT="grundval"/><SP WIDTH="24" VPOS="1411" HPOS="1069"/>
							<String ID="string_211" HPOS="1093" VPOS="1412" WIDTH="56" HEIGHT="35" WC="0.96" CONTENT="för"/><SP WIDTH="20" VPOS="1412" HPOS="1149"/>
							<String ID="string_212" HPOS="1169" VPOS="1413" WIDTH="71" HEIGHT="34" WC="0.96" CONTENT="alla"/><SP WIDTH="19" VPOS="1413" HPOS="1240"/>
							<String ID="string_213" HPOS="1259" VPOS="1413" WIDTH="161" HEIGHT="48" WC="0.96" CONTENT="följande"/><SP WIDTH="20" VPOS="1413" HPOS="1420"/>
							<String ID="string_214" HPOS="1440" VPOS="1414" WIDTH="207" HEIGHT="48" WC="0.96" CONTENT="mätningar"/><SP WIDTH="19" VPOS="1414" HPOS="1647"/>
							<String ID="string_215" HPOS="1666" VPOS="1416" WIDTH="95" HEIGHT="36" WC="0.96" CONTENT="inom"/>
						</TextLine>
						<TextLine ID="line_22" HPOS="161" VPOS="1458" WIDTH="1595" HEIGHT="58">
							<String ID="string_216" HPOS="161" VPOS="1458" WIDTH="209" HEIGHT="45" WC="0.93" CONTENT="detsamma,"/><SP WIDTH="26" VPOS="1458" HPOS="370"/>
							<String ID="string_217" HPOS="396" VPOS="1460" WIDTH="76" HEIGHT="36" WC="0.96" CONTENT="helt"/><SP WIDTH="29" VPOS="1460" HPOS="472"/>
							<String ID="string_218" HPOS="501" VPOS="1461" WIDTH="114" HEIGHT="35" WC="0.96" CONTENT="andra"/><SP WIDTH="29" VPOS="1461" HPOS="615"/>
							<String ID="string_219" HPOS="644" VPOS="1462" WIDTH="89" HEIGHT="36" WC="0.96" CONTENT="krav"/><SP WIDTH="29" VPOS="1462" HPOS="733"/>
							<String ID="string_220" HPOS="762" VPOS="1466" WIDTH="114" HEIGHT="33" WC="0.95" CONTENT="måste"/><SP WIDTH="28" VPOS="1466" HPOS="876"/>
							<String ID="string_221" HPOS="904" VPOS="1465" WIDTH="126" HEIGHT="35" WC="0.93" CONTENT="ställas"/><SP WIDTH="26" VPOS="1465" HPOS="1030"/>
							<String ID="string_222" HPOS="1056" VPOS="1468" WIDTH="20" HEIGHT="32" WC="0.93" CONTENT="å"/><SP WIDTH="28" VPOS="1468" HPOS="1076"/>
							<String ID="string_223" HPOS="1104" VPOS="1478" WIDTH="46" HEIGHT="23" WC="0.96" CONTENT="en"/><SP WIDTH="19" VPOS="1478" HPOS="1150"/>
							<String ID="string_224" HPOS="1169" VPOS="1465" WIDTH="103" HEIGHT="48" WC="0.93" CONTENT="dylik"/><SP WIDTH="19" VPOS="1465" HPOS="1272"/>
							<String ID="string_225" HPOS="1291" VPOS="1467" WIDTH="183" HEIGHT="47" WC="0.92" CONTENT="mätnings"/><SP WIDTH="21" VPOS="1467" HPOS="1474"/>
							<String ID="string_226" HPOS="1495" VPOS="1470" WIDTH="261" HEIGHT="46" WC="0.96" CONTENT="noggrannhet,"/>
						</TextLine>
						<TextLine ID="line_23" HPOS="162" VPOS="1513" WIDTH="1599" HEIGHT="58">
							<String ID="string_227" HPOS="162" VPOS="1518" WIDTH="46" HEIGHT="29" WC="0.96" CONTENT="än"/><SP WIDTH="29" VPOS="1518" HPOS="208"/>
							<String ID="string_228" HPOS="237" VPOS="1524" WIDTH="55" HEIGHT="24" WC="0.92" CONTENT="om"/><SP WIDTH="31" VPOS="1524" HPOS="292"/>
							<String ID="string_229" HPOS="323" VPOS="1513" WIDTH="361" HEIGHT="49" WC="0.89" CONTENT="mätningsåtgärden"/><SP WIDTH="24" VPOS="1513" HPOS="684"/>
							<String ID="string_230" HPOS="708" VPOS="1517" WIDTH="153" HEIGHT="35" WC="0.91" CONTENT="allenast"/><SP WIDTH="28" VPOS="1517" HPOS="861"/>
							<String ID="string_231" HPOS="889" VPOS="1530" WIDTH="104" HEIGHT="23" WC="0.96" CONTENT="avser"/><SP WIDTH="28" VPOS="1530" HPOS="993"/>
							<String ID="string_232" HPOS="1021" VPOS="1522" WIDTH="53" HEIGHT="32" WC="0.96" CONTENT="ett"/><SP WIDTH="29" VPOS="1522" HPOS="1074"/>
							<String ID="string_233" HPOS="1103" VPOS="1519" WIDTH="140" HEIGHT="36" WC="0.96" CONTENT="mindre"/><SP WIDTH="29" VPOS="1519" HPOS="1243"/>
							<String ID="string_234" HPOS="1272" VPOS="1521" WIDTH="145" HEIGHT="35" WC="0.96" CONTENT="område"/><SP WIDTH="24" VPOS="1521" HPOS="1417"/>
							<String ID="string_235" HPOS="1441" VPOS="1524" WIDTH="46" HEIGHT="44" WC="0.96" CONTENT="på"/><SP WIDTH="24" VPOS="1524" HPOS="1487"/>
							<String ID="string_236" HPOS="1511" VPOS="1522" WIDTH="250" HEIGHT="49" WC="0.96" CONTENT="landsbygden"/>
						</TextLine>
						<TextLine ID="line_24" HPOS="162" VPOS="1566" WIDTH="1599" HEIGHT="58">
							<String ID="string_237" HPOS="162" VPOS="1566" WIDTH="81" HEIGHT="35" WC="0.96" CONTENT="med"/><SP WIDTH="41" VPOS="1566" HPOS="243"/>
							<String ID="string_238" HPOS="284" VPOS="1566" WIDTH="106" HEIGHT="47" WC="0.91" CONTENT="ringa"/><SP WIDTH="38" VPOS="1566" HPOS="390"/>
							<String ID="string_239" HPOS="428" VPOS="1568" WIDTH="226" HEIGHT="37" WC="0.90" CONTENT="markvärde."/><SP WIDTH="59" VPOS="1568" HPOS="654"/>
							<String ID="string_240" HPOS="713" VPOS="1570" WIDTH="73" HEIGHT="36" WC="0.96" CONTENT="Det"/><SP WIDTH="34" VPOS="1570" HPOS="786"/>
							<String ID="string_241" HPOS="820" VPOS="1583" WIDTH="108" HEIGHT="35" WC="0.96" CONTENT="synes"/><SP WIDTH="30" VPOS="1583" HPOS="928"/>
							<String ID="string_242" HPOS="958" VPOS="1572" WIDTH="123" HEIGHT="36" WC="0.96" CONTENT="därför"/><SP WIDTH="28" VPOS="1572" HPOS="1081"/>
							<String ID="string_243" HPOS="1109" VPOS="1573" WIDTH="294" HEIGHT="45" WC="0.96" CONTENT="kommissionen,"/><SP WIDTH="31" VPOS="1573" HPOS="1403"/>
							<String ID="string_244" HPOS="1434" VPOS="1579" WIDTH="54" HEIGHT="32" WC="0.96" CONTENT="att"/><SP WIDTH="29" VPOS="1579" HPOS="1488"/>
							<String ID="string_245" HPOS="1517" VPOS="1576" WIDTH="244" HEIGHT="48" WC="0.96" CONTENT="mätningar"/><SP WIDTH="-24" VPOS="1576" HPOS="1761"/>
							<String ID="string_246" HPOS="1737" VPOS="1562" WIDTH="26" HEIGHT="66" WC="0.96" CONTENT="i"/>
						</TextLine>
						<TextLine ID="line_25" HPOS="161" VPOS="1619" WIDTH="1598" HEIGHT="50">
							<String ID="string_247" HPOS="161" VPOS="1619" WIDTH="44" HEIGHT="35" WC="0.96" CONTENT="de"/><SP WIDTH="44" VPOS="1619" HPOS="205"/>
							<String ID="string_248" HPOS="249" VPOS="1620" WIDTH="81" HEIGHT="35" WC="0.95" CONTENT="med"/><SP WIDTH="42" VPOS="1620" HPOS="330"/>
							<String ID="string_249" HPOS="372" VPOS="1621" WIDTH="260" HEIGHT="48" WC="0.95" CONTENT="förordningen"/><SP WIDTH="38" VPOS="1621" HPOS="632"/>
							<String ID="string_250" HPOS="670" VPOS="1624" WIDTH="156" HEIGHT="35" WC="0.96" CONTENT="avsedda"/><SP WIDTH="34" VPOS="1624" HPOS="826"/>
							<String ID="string_251" HPOS="860" VPOS="1625" WIDTH="235" HEIGHT="36" WC="0.96" CONTENT="hänseenden"/><SP WIDTH="32" VPOS="1625" HPOS="1095"/>
							<String ID="string_252" HPOS="1127" VPOS="1626" WIDTH="13" HEIGHT="35" WC="0.96" CONTENT="i"/><SP WIDTH="24" VPOS="1626" HPOS="1140"/>
							<String ID="string_253" HPOS="1164" VPOS="1627" WIDTH="113" HEIGHT="36" WC="0.96" CONTENT="första"/><SP WIDTH="29" VPOS="1627" HPOS="1277"/>
							<String ID="string_254" HPOS="1306" VPOS="1628" WIDTH="97" HEIGHT="35" WC="0.96" CONTENT="hand"/><SP WIDTH="29" VPOS="1628" HPOS="1403"/>
							<String ID="string_255" HPOS="1432" VPOS="1629" WIDTH="88" HEIGHT="35" WC="0.96" CONTENT="böra"/><SP WIDTH="27" VPOS="1629" HPOS="1520"/>
							<String ID="string_256" HPOS="1547" VPOS="1629" WIDTH="141" HEIGHT="37" WC="0.95" CONTENT="indelas"/><SP WIDTH="29" VPOS="1629" HPOS="1688"/>
							<String ID="string_257" HPOS="1717" VPOS="1643" WIDTH="42" HEIGHT="23" WC="0.96" CONTENT="ur"/>
						</TextLine>
						<TextLine ID="line_26" HPOS="161" VPOS="1674" WIDTH="1598" HEIGHT="57">
							<String ID="string_258" HPOS="161" VPOS="1674" WIDTH="235" HEIGHT="45" WC="0.96" CONTENT="synpunkten"/><SP WIDTH="24" VPOS="1674" HPOS="396"/>
							<String ID="string_259" HPOS="420" VPOS="1687" WIDTH="45" HEIGHT="22" WC="0.96" CONTENT="av"/><SP WIDTH="25" VPOS="1687" HPOS="465"/>
							<String ID="string_260" HPOS="490" VPOS="1676" WIDTH="71" HEIGHT="35" WC="0.96" CONTENT="den"/><SP WIDTH="28" VPOS="1676" HPOS="561"/>
							<String ID="string_261" HPOS="589" VPOS="1678" WIDTH="262" HEIGHT="45" WC="0.96" CONTENT="noggrannhet,"/><SP WIDTH="31" VPOS="1678" HPOS="851"/>
							<String ID="string_262" HPOS="882" VPOS="1691" WIDTH="74" HEIGHT="23" WC="0.96" CONTENT="som"/><SP WIDTH="31" VPOS="1691" HPOS="956"/>
							<String ID="string_263" HPOS="987" VPOS="1681" WIDTH="81" HEIGHT="34" WC="0.96" CONTENT="med"/><SP WIDTH="29" VPOS="1681" HPOS="1068"/>
							<String ID="string_264" HPOS="1097" VPOS="1680" WIDTH="79" HEIGHT="35" WC="0.96" CONTENT="dem"/><SP WIDTH="32" VPOS="1680" HPOS="1176"/>
							<String ID="string_265" HPOS="1208" VPOS="1681" WIDTH="147" HEIGHT="47" WC="0.94" CONTENT="åsyftas."/><SP WIDTH="51" VPOS="1681" HPOS="1355"/>
							<String ID="string_266" HPOS="1406" VPOS="1682" WIDTH="172" HEIGHT="37" WC="0.93" CONTENT="Närmast"/><SP WIDTH="19" VPOS="1682" HPOS="1578"/>
							<String ID="string_267" HPOS="1597" VPOS="1684" WIDTH="79" HEIGHT="47" WC="0.92" CONTENT="låge"/><SP WIDTH="21" VPOS="1684" HPOS="1676"/>
							<String ID="string_268" HPOS="1697" VPOS="1685" WIDTH="62" HEIGHT="35" WC="0.96" CONTENT="det"/>
						</TextLine>
						<TextLine ID="line_27" HPOS="160" VPOS="1726" WIDTH="1599" HEIGHT="59">
							<String ID="string_269" HPOS="160" VPOS="1726" WIDTH="156" HEIGHT="46" WC="0.96" CONTENT="givetvis"/><SP WIDTH="35" VPOS="1726" HPOS="316"/>
							<String ID="string_270" HPOS="351" VPOS="1728" WIDTH="131" HEIGHT="36" WC="0.96" CONTENT="härvid"/><SP WIDTH="42" VPOS="1728" HPOS="482"/>
							<String ID="string_271" HPOS="524" VPOS="1729" WIDTH="55" HEIGHT="35" WC="0.96" CONTENT="för"/><SP WIDTH="37" VPOS="1729" HPOS="579"/>
							<String ID="string_272" HPOS="616" VPOS="1730" WIDTH="155" HEIGHT="44" WC="0.96" CONTENT="handen,"/><SP WIDTH="32" VPOS="1730" HPOS="771"/>
							<String ID="string_273" HPOS="803" VPOS="1735" WIDTH="52" HEIGHT="32" WC="0.96" CONTENT="att"/><SP WIDTH="28" VPOS="1735" HPOS="855"/>
							<String ID="string_274" HPOS="883" VPOS="1732" WIDTH="75" HEIGHT="36" WC="0.96" CONTENT="låta"/><SP WIDTH="27" VPOS="1732" HPOS="958"/>
							<String ID="string_275" HPOS="985" VPOS="1732" WIDTH="239" HEIGHT="48" WC="0.96" CONTENT="indelningen"/><SP WIDTH="29" VPOS="1732" HPOS="1224"/>
							<String ID="string_276" HPOS="1253" VPOS="1747" WIDTH="44" HEIGHT="23" WC="0.96" CONTENT="av"/><SP WIDTH="28" VPOS="1747" HPOS="1297"/>
							<String ID="string_277" HPOS="1325" VPOS="1735" WIDTH="208" HEIGHT="48" WC="0.96" CONTENT="mätningar"/><SP WIDTH="28" VPOS="1735" HPOS="1533"/>
							<String ID="string_278" HPOS="1561" VPOS="1737" WIDTH="92" HEIGHT="36" WC="0.93" CONTENT="efter"/><SP WIDTH="23" VPOS="1737" HPOS="1653"/>
							<String ID="string_279" HPOS="1676" VPOS="1750" WIDTH="83" HEIGHT="35" WC="0.92" CONTENT="nog-"/>
						</TextLine>
						<TextLine ID="line_28" HPOS="159" VPOS="1781" WIDTH="1599" HEIGHT="52">
							<String ID="string_280" HPOS="159" VPOS="1781" WIDTH="339" HEIGHT="47" WC="0.91" CONTENT="grannhetsgraden"/><SP WIDTH="30" VPOS="1781" HPOS="498"/>
							<String ID="string_281" HPOS="528" VPOS="1783" WIDTH="165" HEIGHT="46" WC="0.92" CONTENT="betingas"/><SP WIDTH="30" VPOS="1783" HPOS="693"/>
							<String ID="string_282" HPOS="723" VPOS="1797" WIDTH="43" HEIGHT="23" WC="0.93" CONTENT="av"/><SP WIDTH="25" VPOS="1797" HPOS="766"/>
							<String ID="string_283" HPOS="791" VPOS="1785" WIDTH="302" HEIGHT="37" WC="0.91" CONTENT="beskaffenheten"/><SP WIDTH="24" VPOS="1785" HPOS="1093"/>
							<String ID="string_284" HPOS="1117" VPOS="1799" WIDTH="44" HEIGHT="24" WC="0.96" CONTENT="av"/><SP WIDTH="21" VPOS="1799" HPOS="1161"/>
							<String ID="string_285" HPOS="1182" VPOS="1788" WIDTH="62" HEIGHT="35" WC="0.96" CONTENT="det"/><SP WIDTH="19" VPOS="1788" HPOS="1244"/>
							<String ID="string_286" HPOS="1263" VPOS="1789" WIDTH="157" HEIGHT="44" WC="0.96" CONTENT="område,"/><SP WIDTH="22" VPOS="1789" HPOS="1420"/>
							<String ID="string_287" HPOS="1442" VPOS="1802" WIDTH="82" HEIGHT="23" WC="0.93" CONTENT="vars"/><SP WIDTH="21" VPOS="1802" HPOS="1524"/>
							<String ID="string_288" HPOS="1545" VPOS="1792" WIDTH="213" HEIGHT="35" WC="0.92" CONTENT="avmätande"/>
						</TextLine>
						<TextLine ID="line_29" HPOS="160" VPOS="1832" WIDTH="1599" HEIGHT="57">
							<String ID="string_289" HPOS="160" VPOS="1832" WIDTH="12" HEIGHT="35" WC="0.85" CONTENT="i"/><SP WIDTH="38" VPOS="1832" HPOS="172"/>
							<String ID="string_290" HPOS="210" VPOS="1834" WIDTH="98" HEIGHT="47" WC="0.96" CONTENT="varje"/><SP WIDTH="29" VPOS="1834" HPOS="308"/>
							<String ID="string_291" HPOS="337" VPOS="1835" WIDTH="151" HEIGHT="36" WC="0.96" CONTENT="särskilt"/><SP WIDTH="28" VPOS="1835" HPOS="488"/>
							<String ID="string_292" HPOS="516" VPOS="1836" WIDTH="66" HEIGHT="35" WC="0.91" CONTENT="fall"/><SP WIDTH="28" VPOS="1836" HPOS="582"/>
							<String ID="string_293" HPOS="610" VPOS="1836" WIDTH="241" HEIGHT="48" WC="0.87" CONTENT="ifrågasättes."/><SP WIDTH="58" VPOS="1836" HPOS="851"/>
							<String ID="string_294" HPOS="909" VPOS="1840" WIDTH="87" HEIGHT="35" WC="0.96" CONTENT="Med"/><SP WIDTH="29" VPOS="1840" HPOS="996"/>
							<String ID="string_295" HPOS="1025" VPOS="1852" WIDTH="46" HEIGHT="23" WC="0.97" CONTENT="en"/><SP WIDTH="24" VPOS="1852" HPOS="1071"/>
							<String ID="string_296" HPOS="1095" VPOS="1841" WIDTH="112" HEIGHT="35" WC="0.96" CONTENT="sådan"/><SP WIDTH="24" VPOS="1841" HPOS="1207"/>
							<String ID="string_297" HPOS="1231" VPOS="1843" WIDTH="279" HEIGHT="46" WC="0.96" CONTENT="utgångspunkt"/><SP WIDTH="28" VPOS="1843" HPOS="1510"/>
							<String ID="string_298" HPOS="1538" VPOS="1844" WIDTH="109" HEIGHT="35" WC="0.96" CONTENT="borde"/><SP WIDTH="28" VPOS="1844" HPOS="1647"/>
							<String ID="string_299" HPOS="1675" VPOS="1857" WIDTH="84" HEIGHT="23" WC="0.96" CONTENT="man"/>
						</TextLine>
						<TextLine ID="line_30" HPOS="160" VPOS="1888" WIDTH="1598" HEIGHT="55">
							<String ID="string_300" HPOS="160" VPOS="1888" WIDTH="221" HEIGHT="46" WC="0.96" CONTENT="exempelvis"/><SP WIDTH="38" VPOS="1888" HPOS="381"/>
							<String ID="string_301" HPOS="419" VPOS="1889" WIDTH="144" HEIGHT="35" WC="0.96" CONTENT="komma"/><SP WIDTH="35" VPOS="1889" HPOS="563"/>
							<String ID="string_302" HPOS="598" VPOS="1890" WIDTH="58" HEIGHT="35" WC="0.95" CONTENT="till"/><SP WIDTH="43" VPOS="1890" HPOS="656"/>
							<String ID="string_303" HPOS="699" VPOS="1891" WIDTH="60" HEIGHT="36" WC="0.96" CONTENT="det"/><SP WIDTH="37" VPOS="1891" HPOS="759"/>
							<String ID="string_304" HPOS="796" VPOS="1893" WIDTH="203" HEIGHT="44" WC="0.96" CONTENT="resultatet,"/><SP WIDTH="45" VPOS="1893" HPOS="999"/>
							<String ID="string_305" HPOS="1044" VPOS="1897" WIDTH="53" HEIGHT="32" WC="0.96" CONTENT="att"/><SP WIDTH="29" VPOS="1897" HPOS="1097"/>
							<String ID="string_306" HPOS="1126" VPOS="1894" WIDTH="97" HEIGHT="48" WC="0.96" CONTENT="varje"/><SP WIDTH="25" VPOS="1894" HPOS="1223"/>
							<String ID="string_307" HPOS="1248" VPOS="1895" WIDTH="166" HEIGHT="48" WC="0.96" CONTENT="mätning"/><SP WIDTH="27" VPOS="1895" HPOS="1414"/>
							<String ID="string_308" HPOS="1441" VPOS="1896" WIDTH="14" HEIGHT="35" WC="0.96" CONTENT="i"/><SP WIDTH="28" VPOS="1896" HPOS="1455"/>
							<String ID="string_309" HPOS="1483" VPOS="1898" WIDTH="81" HEIGHT="35" WC="0.96" CONTENT="stad"/><SP WIDTH="28" VPOS="1898" HPOS="1564"/>
							<String ID="string_310" HPOS="1592" VPOS="1901" WIDTH="88" HEIGHT="32" WC="0.93" CONTENT="utan"/><SP WIDTH="29" VPOS="1901" HPOS="1680"/>
							<String ID="string_311" HPOS="1709" VPOS="1901" WIDTH="49" HEIGHT="33" WC="0.92" CONTENT="åt-"/>
						</TextLine>
						<TextLine ID="line_31" HPOS="159" VPOS="1939" WIDTH="1599" HEIGHT="58">
							<String ID="string_312" HPOS="159" VPOS="1939" WIDTH="162" HEIGHT="37" WC="0.96" CONTENT="skillnad"/><SP WIDTH="41" VPOS="1939" HPOS="321"/>
							<String ID="string_313" HPOS="362" VPOS="1942" WIDTH="120" HEIGHT="36" WC="0.96" CONTENT="skulle"/><SP WIDTH="41" VPOS="1942" HPOS="482"/>
							<String ID="string_314" HPOS="523" VPOS="1943" WIDTH="64" HEIGHT="35" WC="0.96" CONTENT="ske"/><SP WIDTH="42" VPOS="1943" HPOS="587"/>
							<String ID="string_315" HPOS="629" VPOS="1944" WIDTH="92" HEIGHT="36" WC="0.96" CONTENT="efter"/><SP WIDTH="42" VPOS="1944" HPOS="721"/>
							<String ID="string_316" HPOS="763" VPOS="1946" WIDTH="109" HEIGHT="47" WC="0.93" CONTENT="högre"/><SP WIDTH="33" VPOS="1946" HPOS="872"/>
							<String ID="string_317" HPOS="905" VPOS="1948" WIDTH="365" HEIGHT="46" WC="0.92" CONTENT="noggrannhetskrav"/><SP WIDTH="29" VPOS="1948" HPOS="1270"/>
							<String ID="string_318" HPOS="1299" VPOS="1954" WIDTH="46" HEIGHT="30" WC="0.96" CONTENT="än"/><SP WIDTH="29" VPOS="1954" HPOS="1345"/>
							<String ID="string_319" HPOS="1374" VPOS="1962" WIDTH="76" HEIGHT="23" WC="0.93" CONTENT="som"/><SP WIDTH="25" VPOS="1962" HPOS="1450"/>
							<String ID="string_320" HPOS="1475" VPOS="1952" WIDTH="202" HEIGHT="45" WC="0.92" CONTENT="uppställas"/><SP WIDTH="25" VPOS="1952" HPOS="1677"/>
							<String ID="string_321" HPOS="1702" VPOS="1952" WIDTH="56" HEIGHT="36" WC="0.96" CONTENT="för"/>
						</TextLine>
						<TextLine ID="line_32" HPOS="159" VPOS="1994" WIDTH="482" HEIGHT="48">
							<String ID="string_322" HPOS="159" VPOS="1994" WIDTH="205" HEIGHT="48" WC="0.96" CONTENT="mätningar"/><SP WIDTH="28" VPOS="1994" HPOS="364"/>
							<String ID="string_323" HPOS="392" VPOS="1995" WIDTH="13" HEIGHT="36" WC="0.95" CONTENT="i"/><SP WIDTH="28" VPOS="1995" HPOS="405"/>
							<String ID="string_324" HPOS="433" VPOS="1997" WIDTH="208" HEIGHT="36" WC="0.96" CONTENT="allmänhet."/>
						</TextLine>
					</TextBlock>
					<TextBlock ID="block_4" HPOS="157" VPOS="2049" WIDTH="1600" HEIGHT="272">
						<TextLine ID="line_33" HPOS="266" VPOS="2049" WIDTH="1490" HEIGHT="55">
							<String ID="string_325" HPOS="266" VPOS="2049" WIDTH="56" HEIGHT="35" WC="0.96" CONTENT="En"/><SP WIDTH="25" VPOS="2049" HPOS="322"/>
							<String ID="string_326" HPOS="347" VPOS="2049" WIDTH="103" HEIGHT="48" WC="0.93" CONTENT="dylik"/><SP WIDTH="29" VPOS="2049" HPOS="450"/>
							<String ID="string_327" HPOS="479" VPOS="2050" WIDTH="374" HEIGHT="49" WC="0.86" CONTENT="principståndpunkt"/><SP WIDTH="27" VPOS="2050" HPOS="853"/>
							<String ID="string_328" HPOS="880" VPOS="2052" WIDTH="102" HEIGHT="48" WC="0.95" CONTENT="intog"/><SP WIDTH="24" VPOS="2052" HPOS="982"/>
							<String ID="string_329" HPOS="1006" VPOS="2056" WIDTH="96" HEIGHT="33" WC="0.96" CONTENT="1911"/><SP WIDTH="25" VPOS="2056" HPOS="1102"/>
							<String ID="string_330" HPOS="1127" VPOS="2057" WIDTH="57" HEIGHT="33" WC="0.93" CONTENT="års"/><SP WIDTH="20" VPOS="2057" HPOS="1184"/>
							<String ID="string_331" HPOS="1204" VPOS="2055" WIDTH="552" HEIGHT="49" WC="0.89" CONTENT="fastighetsregisterkommitté."/>
						</TextLine>
						<TextLine ID="line_34" HPOS="159" VPOS="2100" WIDTH="1597" HEIGHT="58">
							<String ID="string_332" HPOS="159" VPOS="2100" WIDTH="106" HEIGHT="36" WC="0.96" CONTENT="Efter"/><SP WIDTH="29" VPOS="2100" HPOS="265"/>
							<String ID="string_333" HPOS="294" VPOS="2106" WIDTH="53" HEIGHT="32" WC="0.96" CONTENT="att"/><SP WIDTH="28" VPOS="2106" HPOS="347"/>
							<String ID="string_334" HPOS="375" VPOS="2104" WIDTH="94" HEIGHT="35" WC="0.93" CONTENT="hava"/><SP WIDTH="24" VPOS="2104" HPOS="469"/>
							<String ID="string_335" HPOS="493" VPOS="2103" WIDTH="148" HEIGHT="45" WC="0.92" CONTENT="erinrat,"/><SP WIDTH="31" VPOS="2103" HPOS="641"/>
							<String ID="string_336" HPOS="672" VPOS="2109" WIDTH="55" HEIGHT="32" WC="0.96" CONTENT="att"/><SP WIDTH="23" VPOS="2109" HPOS="727"/>
							<String ID="string_337" HPOS="750" VPOS="2106" WIDTH="137" HEIGHT="35" WC="0.96" CONTENT="varken"/><SP WIDTH="29" VPOS="2106" HPOS="887"/>
							<String ID="string_338" HPOS="916" VPOS="2107" WIDTH="72" HEIGHT="35" WC="0.96" CONTENT="den"/><SP WIDTH="28" VPOS="2107" HPOS="988"/>
							<String ID="string_339" HPOS="1016" VPOS="2108" WIDTH="158" HEIGHT="46" WC="0.96" CONTENT="grafiska"/><SP WIDTH="20" VPOS="2108" HPOS="1174"/>
							<String ID="string_340" HPOS="1194" VPOS="2109" WIDTH="86" HEIGHT="35" WC="0.93" CONTENT="eller"/><SP WIDTH="19" VPOS="2109" HPOS="1280"/>
							<String ID="string_341" HPOS="1299" VPOS="2109" WIDTH="457" HEIGHT="49" WC="0.91" CONTENT="siffermätningsmetoden"/>
						</TextLine>
						<TextLine ID="line_35" HPOS="158" VPOS="2154" WIDTH="1599" HEIGHT="50">
							<String ID="string_342" HPOS="158" VPOS="2154" WIDTH="65" HEIGHT="36" WC="0.96" CONTENT="bör"/><SP WIDTH="23" VPOS="2154" HPOS="223"/>
							<String ID="string_343" HPOS="246" VPOS="2155" WIDTH="98" HEIGHT="36" WC="0.96" CONTENT="bliva"/><SP WIDTH="23" VPOS="2155" HPOS="344"/>
							<String ID="string_344" HPOS="367" VPOS="2156" WIDTH="238" HEIGHT="48" WC="0.96" CONTENT="obligatorisk"/><SP WIDTH="29" VPOS="2156" HPOS="605"/>
							<String ID="string_345" HPOS="634" VPOS="2159" WIDTH="64" HEIGHT="35" WC="0.95" CONTENT="hos"/><SP WIDTH="28" VPOS="2159" HPOS="698"/>
							<String ID="string_346" HPOS="726" VPOS="2172" WIDTH="68" HEIGHT="31" WC="0.96" CONTENT="oss,"/><SP WIDTH="31" VPOS="2172" HPOS="794"/>
							<String ID="string_347" HPOS="825" VPOS="2160" WIDTH="149" HEIGHT="36" WC="0.93" CONTENT="anförde"/><SP WIDTH="29" VPOS="2160" HPOS="974"/>
							<String ID="string_348" HPOS="1003" VPOS="2162" WIDTH="152" HEIGHT="35" WC="0.2" CONTENT="f£fålunda"/><SP WIDTH="29" VPOS="2162" HPOS="1155"/>
							<String ID="string_349" HPOS="1184" VPOS="2162" WIDTH="291" HEIGHT="37" WC="0.91" CONTENT="kommitterade:"/><SP WIDTH="35" VPOS="2162" HPOS="1475"/>
							<String ID="string_350" HPOS="1510" VPOS="2162" WIDTH="106" HEIGHT="39" WC="0.67" CONTENT="”Från"/><SP WIDTH="23" VPOS="2162" HPOS="1616"/>
							<String ID="string_351" HPOS="1639" VPOS="2166" WIDTH="118" HEIGHT="36" WC="0.96" CONTENT="denna"/>
						</TextLine>
						<TextLine ID="line_36" HPOS="157" VPOS="2209" WIDTH="1599" HEIGHT="57">
							<String ID="string_352" HPOS="157" VPOS="2209" WIDTH="100" HEIGHT="46" WC="0.96" CONTENT="regel"/><SP WIDTH="30" VPOS="2209" HPOS="257"/>
							<String ID="string_353" HPOS="287" VPOS="2209" WIDTH="64" HEIGHT="36" WC="0.96" CONTENT="bör"/><SP WIDTH="26" VPOS="2209" HPOS="351"/>
							<String ID="string_354" HPOS="377" VPOS="2211" WIDTH="92" HEIGHT="35" WC="0.96" CONTENT="dock"/><SP WIDTH="20" VPOS="2211" HPOS="469"/>
							<String ID="string_355" HPOS="489" VPOS="2214" WIDTH="53" HEIGHT="33" WC="0.96" CONTENT="ett"/><SP WIDTH="21" VPOS="2214" HPOS="542"/>
							<String ID="string_356" HPOS="563" VPOS="2212" WIDTH="155" HEIGHT="36" WC="0.96" CONTENT="bestämt"/><SP WIDTH="19" VPOS="2212" HPOS="718"/>
							<String ID="string_357" HPOS="737" VPOS="2214" WIDTH="185" HEIGHT="47" WC="0.96" CONTENT="undantag"/><SP WIDTH="19" VPOS="2214" HPOS="922"/>
							<String ID="string_358" HPOS="941" VPOS="2220" WIDTH="104" HEIGHT="41" WC="0.96" CONTENT="göras"/><SP WIDTH="20" VPOS="2220" HPOS="1045"/>
							<String ID="string_359" HPOS="1065" VPOS="2215" WIDTH="227" HEIGHT="37" WC="0.96" CONTENT="beträffande"/><SP WIDTH="19" VPOS="2215" HPOS="1292"/>
							<String ID="string_360" HPOS="1311" VPOS="2218" WIDTH="243" HEIGHT="48" WC="0.96" CONTENT="uppmätning"/><SP WIDTH="19" VPOS="2218" HPOS="1554"/>
							<String ID="string_361" HPOS="1573" VPOS="2231" WIDTH="44" HEIGHT="24" WC="0.96" CONTENT="av"/><SP WIDTH="18" VPOS="2231" HPOS="1617"/>
							<String ID="string_362" HPOS="1635" VPOS="2221" WIDTH="121" HEIGHT="35" WC="0.96" CONTENT="städer"/>
						</TextLine>
						<TextLine ID="line_37" HPOS="157" VPOS="2263" WIDTH="1596" HEIGHT="58">
							<String ID="string_363" HPOS="157" VPOS="2263" WIDTH="66" HEIGHT="34" WC="0.91" CONTENT="och"/><SP WIDTH="43" VPOS="2263" HPOS="223"/>
							<String ID="string_364" HPOS="266" VPOS="2263" WIDTH="275" HEIGHT="37" WC="0.88" CONTENT="stadsliknande"/><SP WIDTH="30" VPOS="2263" HPOS="541"/>
							<String ID="string_365" HPOS="571" VPOS="2266" WIDTH="211" HEIGHT="37" WC="0.93" CONTENT="samhällen."/><SP WIDTH="58" VPOS="2266" HPOS="782"/>
							<String ID="string_366" HPOS="840" VPOS="2267" WIDTH="74" HEIGHT="36" WC="0.95" CONTENT="Vid"/><SP WIDTH="24" VPOS="2267" HPOS="914"/>
							<String ID="string_367" HPOS="938" VPOS="2269" WIDTH="119" HEIGHT="35" WC="0.96" CONTENT="denna"/><SP WIDTH="28" VPOS="2269" HPOS="1057"/>
							<String ID="string_368" HPOS="1085" VPOS="2269" WIDTH="177" HEIGHT="49" WC="0.96" CONTENT="mätning,"/><SP WIDTH="31" VPOS="2269" HPOS="1262"/>
							<String ID="string_369" HPOS="1293" VPOS="2271" WIDTH="63" HEIGHT="35" WC="0.96" CONTENT="där"/><SP WIDTH="24" VPOS="2271" HPOS="1356"/>
							<String ID="string_370" HPOS="1380" VPOS="2271" WIDTH="104" HEIGHT="48" WC="0.96" CONTENT="fråga"/><SP WIDTH="29" VPOS="2271" HPOS="1484"/>
							<String ID="string_371" HPOS="1513" VPOS="2278" WIDTH="38" HEIGHT="29" WC="0.96" CONTENT="är"/><SP WIDTH="28" VPOS="2278" HPOS="1551"/>
							<String ID="string_372" HPOS="1579" VPOS="2285" WIDTH="55" HEIGHT="23" WC="0.95" CONTENT="om"/><SP WIDTH="26" VPOS="2285" HPOS="1634"/>
							<String ID="string_373" HPOS="1660" VPOS="2273" WIDTH="93" HEIGHT="48" WC="0.95" CONTENT="jord,"/>
						</TextLine>
					</TextBlock>
				</ComposedBlock>
				<ComposedBlock ID="cblock_3" HPOS="1782" VPOS="1147" WIDTH="211" HEIGHT="71">
					<TextBlock ID="block_5" HPOS="1782" VPOS="1147" WIDTH="211" HEIGHT="71">
						<TextLine ID="line_38" HPOS="1796" VPOS="1147" WIDTH="184" HEIGHT="34">
							<String ID="string_374" HPOS="1796" VPOS="1147" WIDTH="184" HEIGHT="34" WC="0.87" CONTENT="Specialmoti-"/>
						</TextLine>
						<TextLine ID="line_39" HPOS="1782" VPOS="1182" WIDTH="211" HEIGHT="36">
							<String ID="string_375" HPOS="1782" VPOS="1183" WIDTH="94" HEIGHT="35" WC="0.91" CONTENT="vering"/><SP WIDTH="12" VPOS="1183" HPOS="1876"/>
							<String ID="string_376" HPOS="1888" VPOS="1184" WIDTH="46" HEIGHT="32" WC="0.96" CONTENT="för"/><SP WIDTH="11" VPOS="1184" HPOS="1934"/>
							<String ID="string_377" HPOS="1945" VPOS="1185" WIDTH="15" HEIGHT="25" WC="0.54" CONTENT="4"/><SP WIDTH="9" VPOS="1185" HPOS="1960"/>
							<String ID="string_378" HPOS="1969" VPOS="1182" WIDTH="24" HEIGHT="34" WC="0.54" CONTENT="$."/>
						</TextLine>
					</TextBlock>
				</ComposedBlock>
			</PrintSpace>
		</Page>
	</Layout>
</alto>
