2226 2626
454 142 39 31 12
842 141 366 43 Bevillningsutskottets
1231 141 195 33 betänkande
1448 141 54 33 Nr
1524 143 53 31 35.

985 581 445 41 Reservationer:

537 686 71 37 Vid
650 685 169 51 punkten
863 685 71 50 1:0)
978 686 41 36 af
1053 686 87 36 herr
1167 687 290 36 Hammarström
1485 686 13 36 i
1525 686 100 36 hvad
1654 688 122 47 angår
1803 686 204 37 utskottets

407 738 224 37 hemställan
672 737 158 37 rörande
875 737 347 50 anmärkningarna
1254 738 121 37 under
1402 738 178 37 rubriken
1609 751 45 24 nr
1685 739 69 35 161
1784 738 13 36 1
1824 738 184 49 förslaget

408 790 55 37 till
492 790 165 37 tulltaxa.

540 894 69 37 Vid
636 893 171 50 punkten
836 894 74 49 3:0)
941 894 40 37 af
1004 895 85 36 herr
1117 896 195 46 Branting,
1341 908 81 24 som
1451 895 140 36 anfört:

538 946 107 36 »Den
686 945 154 48 motion,
884 959 81 24 som
1004 947 132 36 väckts
1172 947 42 36 af
1250 947 85 37 herr
1369 947 184 37 Eriksson
1580 946 13 36 i
1622 945 272 50 Grängesberg
1923 946 84 38 med

407 997 275 38 instämmande
725 997 41 36 af
794 998 72 37 den
899 998 398 37 socialdemokratiska
1324 999 353 48 riksdagsgruppen
1704 998 12 36 i
1744 997 130 37 Andra
1902 998 104 37 kam-

408 1063 128 24 maren
574 1049 71 37 och
681 1061 81 24 som
796 1050 99 36 afser
927 1063 45 23 en
1001 1050 150 49 allsidig
1178 1050 207 49 utredning
1412 1050 160 37 rörande
1600 1049 272 49 tullsystemets
1900 1051 107 36 verk-

406 1102 137 48 ningar
571 1107 97 31 samt
695 1101 276 49 lämpligheten
1000 1102 40 36 af
1064 1102 85 36 dess
1179 1102 230 48 afskrifning
1436 1101 90 37 eller
1553 1101 251 49 modifiering,
1830 1101 176 38 besvaras

409 1154 41 36 af
487 1153 187 37 utskottet
716 1153 86 36 med
839 1158 55 32 att
922 1153 72 37 den
1021 1153 232 37 närvarande
1281 1153 225 49 tidpunkten
1533 1152 83 38 icke
1643 1166 90 23 vore
1760 1153 160 49 lämplig
1949 1154 58 36 för

408 1219 46 23 en
479 1205 114 37 sådan
622 1205 129 49 frågas
779 1205 256 49 upptagande.
1090 1205 74 36 Det
1193 1204 95 37 skall
1315 1205 81 37 icke
1424 1205 116 36 heller
1568 1204 41 37 af
1634 1205 81 49 mig
1740 1204 187 38 bestridas
1952 1211 55 31 att

407 1257 74 36 den
519 1257 83 49 just
643 1270 52 23 nu
736 1256 260 49 föreliggande
1037 1256 242 48 situationen,
1322 1256 155 38 hvilken
1505 1256 83 37 icke
1616 1256 126 37 kunde
1770 1256 162 38 förutses
1960 1257 47 37 då

407 1309 191 36 motionen
636 1309 165 47 väcktes,
831 1314 55 31 att
913 1308 194 49 nämligen
1136 1308 113 49 tyska
1275 1308 205 50 riksdagen
1508 1313 101 32 ännu
1637 1308 84 37 icke
1749 1308 136 37 hunnit
1913 1313 94 45 säga

407 1362 66 35 sitt
513 1360 63 37 ord
608 1374 61 23 om
699 1360 72 37 den
799 1360 267 50 svensk-tyska
1094 1360 364 48 handelstraktaten,
1487 1365 71 44 gör
1586 1360 63 37 det
1676 1360 147 49 ganska
1851 1360 156 37 förklar-

405 1412 85 49 ligt,
520 1418 54 31 att
601 1412 188 37 utskottet
815 1425 50 24 nu
895 1412 150 49 afböjer
1071 1412 403 49 realitetsbehandling
1501 1413 42 36 af
1567 1412 204 37 motionen.
1826 1412 75 37 För
1928 1412 78 37 min

407 1464 60 37 del
495 1477 110 24 anser
627 1464 72 49 jag
727 1464 107 47 dock,
864 1469 54 31 att
945 1467 85 33 vårt
1058 1464 80 36 folk
1165 1464 70 36 har
1263 1466 40 34 så
1331 1464 212 49 trängande
1571 1465 161 36 intresse
1753 1464 41 36 af
1810 1469 54 31 att
1883 1464 123 37 denna

407 1522 101 30 stora
536 1516 108 48 fråga
680 1522 148 39 snarast
856 1516 152 48 möjligt
1034 1521 190 44 upptages
1253 1516 55 36 till
1335 1516 194 49 pröfning,
1559 1521 54 31 att
1641 1515 219 49 Riksdagen
1888 1515 116 38 borde

407 1568 76 36 låta
511 1568 197 49 hänsynen
736 1567 127 37 härtill
890 1572 101 44 väga
1018 1568 106 36 öfver
1143 1568 46 36 de
1208 1568 363 49 opportunitetsskäl
1594 1567 59 37 för
1672 1567 136 37 sakens
1828 1567 178 37 fortsatta

406 1619 345 49 undanskjutande,
793 1633 81 23 som
915 1620 184 36 utskottet
1139 1619 84 37 låtit
1263 1619 237 37 uteslutande
1527 1619 112 49 gälla.
1694 1619 59 36 En
1785 1619 219 49 utredning,

406 1671 117 37 sådan
551 1671 277 37 motionärerna
855 1671 145 49 begärt,
1030 1671 153 37 kräfver
1210 1671 119 49 enligt
1357 1672 137 36 sakens
1521 1676 111 31 natur
1660 1684 46 23 en
1733 1671 145 48 ganska
1907 1671 96 37 afse-

406 1723 93 37 värd
528 1723 65 48 tid,
623 1723 72 36 och
722 1723 129 48 hvarje
878 1723 172 49 uppskof
1073 1723 85 37 med
1187 1723 85 37 dess
1300 1723 229 50 påbörjande
1558 1722 277 50 undanskjuter
1863 1723 46 37 de
1928 1736 77 24 om-

405 1775 235 49 läggningar
667 1775 12 36 i
708 1777 66 34 vår
801 1774 302 50 handelspolitik,
1133 1788 82 23 som
1241 1775 95 37 efter
1354 1777 67 34 vår
1440 1775 257 49 öfvertygelse
1716 1779 63 32 äro
1800 1775 203 49 högeligen

408 1826 43 37 af
488 1826 177 37 behofvet
706 1826 196 49 påkallade
944 1826 70 38 och
1054 1826 116 37 redan
1212 1827 85 36 med
1337 1827 131 49 styrka
1509 1827 152 36 kräfvas
1704 1826 41 36 af
1781 1826 87 38 vida
1909 1827 95 36 folk-

406 1879 118 48 lager,
554 1891 81 24 som
662 1879 77 36 lida
766 1878 119 37 under
912 1878 178 37 särskildt
1117 1878 388 37 lifsmedelstullarnas
1533 1878 134 50 tyngd.

535 1930 86 36 Med
650 1930 230 49 hänvisning
907 1930 124 37 härtill
1059 1930 218 37 hemställer
1298 1931 81 48 jag,

934 2040 55 31 att
1007 2034 233 50 Riksdagen,
1260 2034 84 37 med
1364 2033 208 50 anledning
1592 2034 42 37 af
1643 2034 194 37 motionen
1851 2033 36 37 II
1904 2047 7 23 :
1929 2035 72 35 203

805 2087 41 36 af
882 2086 87 37 herr
995 2086 183 37 Eriksson
1210 2087 12 36 i
1255 2085 272 50 Grängesberg
1555 2100 48 22 m.
1634 2086 49 47 fl.,
1713 2088 116 34 måtte
1856 2085 147 38 besluta

935 2142 53 32 att
1032 2139 12 35 i
1086 2138 198 37 skrifvelse
1323 2138 57 36 till
1422 2138 142 48 Kungl.
1608 2137 108 49 Maj:t
1757 2137 150 37 anhålla
1948 2143 55 31 att

805 2190 142 49 Kungl.
976 2190 107 50 Maj:t
1110 2193 117 34 måtte
1254 2190 77 36 låta
1357 2189 226 49 skyndsamt
1611 2189 204 37 verkställa
1841 2202 46 24 en
1906 2190 95 49 möj-

806 2242 113 49 ligast
962 2242 151 49 allsidig
1154 2241 204 48 utredning
1398 2241 160 38 rörande
1592 2241 272 49 tullsystemets
1893 2241 109 37 verk-
