1902 2798
497 187 437 31 Konstitutionsutskottets
960 185 175 31 utlåtande
1160 185 50 30 Nr
1230 188 49 29 18.
1630 185 16 25 9

137 275 41 29 de
205 273 191 36 flyktingar
420 273 257 29 konventionen
704 281 108 26 avser,
839 272 88 29 även
953 280 57 21 om
1037 271 155 29 nämnda
1221 269 248 36 förutsättning
1496 268 30 36 ej
1557 268 86 30 före-

136 317 115 35 ligger.

181 358 176 30 Alltsedan
380 357 38 31 år
442 358 83 29 1933
548 357 65 30 har
635 357 87 29 även
745 355 191 37 problemet
959 364 57 20 om
1040 354 192 41 flyktingar
1254 353 79 31 från
1357 353 178 36 Tyskland
1557 352 87 30 varit

136 400 147 31 föremål
302 400 54 30 för
371 399 236 36 behandling
613 408 83 20 inom
715 398 229 30 Nationernas
964 397 174 30 Förbund.
1189 391 3 4 Å
1227 406 42 20 en
1287 394 255 31 internationell
1559 395 85 29 kon-

136 443 114 30 ferens
273 442 38 30 år
335 442 83 30 1936
437 441 227 36 upprättades
686 443 46 27 ett
755 439 228 37 provisoriskt
1004 439 92 30 avtal
1118 448 57 21 om
1198 438 100 30 dessa
1322 437 207 36 flyktingars
1551 436 92 31 ställ-

135 485 92 36 ning.
272 484 100 30 Detta
392 484 91 30 avtal
503 493 99 20 avser
622 491 166 28 personer
807 492 41 20 av
870 482 78 36 tysk
969 482 181 29 härkomst
1171 490 75 20 som
1267 480 75 29 icke
1362 480 65 36 äga
1447 488 117 21 annan
1584 488 60 20 na-

135 526 170 31 tionalitet
331 527 44 29 än
403 527 66 28 den
496 526 101 35 tyska
624 526 66 29 och
719 525 75 29 icke
823 524 148 35 rättsligt
998 524 82 29 eller
1107 523 148 30 faktiskt
1285 521 136 36 åtnjuta
1449 522 65 29 den
1542 521 102 36 tyska

135 569 291 35 riksregeringens
456 568 167 36 beskydd.
676 567 133 30 Avtalet
837 566 154 30 ansluter
1021 565 49 36 sig
1099 567 86 28 nära
1212 565 51 30 till
1296 564 81 30 1933
1407 563 55 31 års
1491 564 151 29 konven-

135 612 73 29 tion
236 620 58 21 om
323 611 104 36 ryska
457 620 44 19 m.
531 610 36 29 fl.
598 609 204 36 flyktingar;
833 609 90 29 dock
951 608 127 30 saknas
1108 607 45 30 bl.
1183 616 29 21 a.
1243 606 218 30 föreskrifter
1487 615 58 20 om
1576 606 67 29 rätt

134 653 51 30 till
202 653 129 30 sociala
347 652 186 30 förmåner.
572 646 27 35 Å
616 661 42 20 en
675 651 187 30 konferens
880 651 64 29 har
962 649 158 35 slutligen
1139 649 67 30 den
1228 650 36 28 10
1282 648 154 30 februari
1455 648 83 29 1938
1555 656 87 27 upp-

134 696 122 29 rättats
275 705 42 20 en
336 694 211 30 konvention
567 694 148 29 rörande
736 694 41 29 de
796 693 102 35 tyska
917 692 247 36 flyktingarna,
1186 691 115 29 vilken
1322 690 11 29 i
1351 689 184 31 huvudsak
1555 698 86 26 upp-

134 741 96 32 tager
246 737 306 30 bestämmelserna
571 736 11 29 i
603 736 83 29 1936
706 734 55 31 års
780 735 91 29 avtal
889 735 66 29 och
975 734 10 29 i
1004 733 109 36 övrigt
1131 733 86 30 nära
1236 733 310 29 överensstämmer
1563 730 80 30 med

138 781 82 29 1933
241 779 54 30 års
315 778 221 31 konvention.
583 777 122 30 Denna
725 776 212 30 konvention
969 777 65 29 har
1053 775 95 30 ännu
1168 774 31 36 ej
1220 776 81 28 trätt
1321 774 10 29 i
1351 774 104 30 kraft.

179 821 136 36 Sverige
337 822 65 28 har
422 821 74 29 icke
518 819 143 31 anslutit
684 819 49 36 sig
754 818 51 31 till
825 818 114 36 någon
962 827 41 21 av
1024 817 298 30 konventionerna
1344 825 42 21 av
1408 815 38 31 år
1470 816 83 29 1933
1576 815 66 29 och

136 864 93 30 1936.
278 863 163 30 Däremot
466 863 90 29 hava
580 862 44 29 bl.
650 871 29 20 a.
707 860 180 31 Danmark
910 861 66 29 och
1002 859 111 36 Norge
1137 859 143 30 anslutit
1304 858 50 36 sig
1377 858 51 30 till
1452 858 188 33 desamma,

134 907 90 29 dock
243 906 78 29 med
341 905 90 29 vissa
448 903 173 31 förbehåll
640 904 10 29 i
670 903 99 35 fråga
789 912 57 20 om
866 903 66 29 den
950 902 145 35 tidigare
1114 901 267 29 konventionen.
1425 899 107 30 Dessa
1549 898 93 31 båda

133 951 106 27 stater
261 948 90 29 hava
373 947 86 29 även
482 946 253 30 undertecknat
756 945 66 30 den
845 945 95 28 ännu
964 944 75 30 icke
1062 943 234 30 ikraftträdda
1319 941 255 30 konventionen
1599 950 42 21 av

132 990 39 31 år
195 990 92 30 1938.

178 1032 68 29 För
273 1041 42 20 en
344 1031 67 29 viss
442 1030 154 36 kategori
626 1029 200 36 flyktingar,
857 1027 175 36 nämligen
1061 1027 41 30 de
1129 1027 128 35 finska,
1287 1026 116 30 finnas
1431 1025 74 29 icke
1533 1024 108 36 några

132 1074 260 30 konventioner.

177 1115 158 31 Frånsett
361 1115 308 29 bestämmelserna
695 1113 9 29 i
730 1111 498 37 utlänningsförfattningarna
1253 1120 57 20 om
1337 1109 171 30 särskilda
1533 1108 107 36 legiti-

132 1157 362 35 mationshandlingar
510 1156 55 30 för
581 1156 161 30 statslösa
757 1155 65 29 och
840 1155 79 29 med
934 1154 78 30 dem
1027 1152 202 37 jämförliga
1244 1160 164 28 personer
1434 1152 64 29 har
1515 1151 125 30 svensk

132 1200 217 36 lagstiftning
372 1199 10 29 i
405 1199 89 35 regel
520 1198 74 30 icke
619 1197 141 30 särskilt
782 1197 146 35 reglerat
951 1196 100 30 dessa
1074 1204 182 27 personers
1281 1194 171 47 ställning.
1500 1193 65 29 Vid
1588 1195 52 27 ut-

132 1243 203 30 arbetandet
355 1251 41 20 av
419 1242 80 28 1937
520 1240 55 30 års
593 1238 453 37 utlänningsförfattningar
1063 1238 65 29 har
1147 1236 216 31 emellertid
1349 1231 18 48 i
1384 1236 68 29 viss
1470 1235 169 30 utsträck-

132 1285 83 36 ning
233 1285 137 35 hänsyn
389 1283 100 36 tagits
510 1283 51 29 till
582 1280 478 38 flyktingskonventionerna.
1081 1279 226 30 Beträffande
1326 1277 195 37 personliga
1541 1278 98 29 rätts-

133 1326 255 35 förhållanden,
418 1325 150 30 tillträde
600 1325 51 29 till
681 1322 434 36 undervisningsanstalter
1145 1322 165 29 ävensom
1340 1319 220 48 beskattning
1592 1318 48 31 åt-

132 1369 101 36 njuta
253 1368 189 30 emellertid
465 1367 160 30 statslösa
648 1367 65 29 och
735 1366 79 29 med
836 1366 79 29 dem
937 1364 200 47 jämförliga
1160 1372 164 27 personer
1345 1362 10 29 i
1378 1362 60 30 allt
1459 1360 182 36 väsentligt

132 1421 136 20 samma
285 1410 211 35 behandling
514 1418 74 20 som
607 1409 160 29 kommer
783 1406 205 47 utlänningar
1012 1406 18 29 i
1023 1416 10 19 i
1051 1406 191 29 allmänhet
1259 1405 50 29 till
1328 1404 64 29 del.
1435 1404 12 29 I
1466 1402 100 36 fråga
1582 1412 58 20 om

132 1454 67 29 rätt
220 1453 51 29 till
292 1452 128 30 sociala
438 1452 66 29 och
523 1450 91 30 vissa
633 1450 111 30 andra
763 1448 178 30 förmåner
961 1448 59 29 äro
1039 1448 41 28 de
1102 1447 10 29 i
1130 1447 68 29 viss
1217 1446 81 30 mån
1319 1446 112 29 sämre
1450 1445 125 29 ställda
1595 1444 45 29 än

131 1494 224 36 utlänningar
373 1503 74 20 som
466 1493 64 35 äga
550 1492 296 34 medborgarskap
867 1491 9 28 i
897 1493 106 26 annat
1022 1490 92 34 land,
1136 1490 83 28 enär
1238 1488 131 30 sådana
1389 1486 177 31 förmåner
1585 1486 55 29 för

132 1536 219 31 närvarande
379 1535 73 30 ofta
481 1534 121 30 endast
628 1534 112 29 under
768 1532 247 35 förutsättning
1045 1540 42 20 av
1108 1513 251 52 'ömsesidighet
1387 1530 120 29 kunna
1536 1528 102 30 tiller-

131 1580 135 29 kännas
288 1577 232 36 utlänningar.

177 1619 208 37 Fattigvård,
405 1618 197 31 barnavård
622 1618 65 29 och
709 1616 168 36 sjukvård
897 1615 175 30 meddelas
1093 1615 9 29 i
1122 1614 135 36 princip
1279 1613 223 35 utlänningar
1521 1612 10 29 i
1550 1621 89 21 sam-

132 1673 57 20 ma
213 1661 239 36 utsträckning
475 1670 74 20 som
573 1660 174 30 svenskar.
794 1658 43 30 Så
859 1660 38 28 är
921 1658 155 29 däremot
1100 1657 74 29 icke
1196 1656 96 29 fallet
1317 1656 78 29 med
1418 1654 221 36 folkpension

131 1715 44 20 m.
200 1715 56 25 m.,
283 1703 391 36 moderskapspenning,
700 1700 233 36 mödrahjälp,
960 1699 221 35 barnbidrag,
1208 1698 148 29 förskott
1381 1697 20 30 å
1423 1695 215 31 underhålls-

131 1748 122 34 bidrag
281 1747 51 29 till
358 1747 96 33 barn,
482 1743 377 35 blindhetsersättning,
890 1740 445 34 arbetslöshetsunderstöd,
1365 1740 67 29 rätt
1458 1741 48 27 att
1535 1738 105 29 vinna

132 1790 134 29 inträde
293 1789 9 29 i
327 1788 378 32 arbetslöshetskassor,
730 1784 189 35 ersättning
943 1784 51 29 till
1019 1782 137 36 sjömän
1181 1782 57 29 vid
1262 1782 131 35 fartygs
1419 1781 221 35 förolyckan-

133 1832 41 29 de
191 1841 45 20 m.
255 1840 55 25 m.,
328 1830 189 34 ersättning
535 1829 54 29 för
607 1827 209 36 olycksfall
810 1823 18 46 i
837 1827 115 29 arbete
970 1835 44 20 m.
1034 1834 56 25 m.,
1109 1824 247 46 överflyttning
1374 1823 51 30 till
1443 1822 196 35 sjukkassa,

133 1874 44 29 fri
198 1855 177 52 rättegång
394 1873 65 28 och
478 1871 159 29 befrielse
660 1869 78 30 från
759 1868 194 36 skyldighet
974 1870 47 27 att
1042 1849 101 47 ställa
1162 1866 128 35 borgen
1311 1865 9 28 i
1340 1863 186 37 rättegång.
1572 1863 67 29 Un-

133 1917 60 28 der
217 1913 247 34 förutsättning
491 1922 41 20 av
556 1911 245 34 ömsesidighet
827 1910 80 34 äger
933 1908 191 34 Konungen
1150 1908 88 29 dock
1266 1906 107 30 träffa
1399 1906 240 29 överenskom-

133 1958 105 29 melse
258 1957 77 28 med
356 1954 219 31 främmande
594 1956 76 32 stat,
693 1956 49 26 att
761 1953 76 28 dess
857 1951 225 34 medborgare
1101 1950 9 29 i
1130 1949 104 35 något
1254 1949 81 29 eller
1352 1947 108 36 några
1479 1956 41 20 av
1540 1947 101 29 dessa

133 1999 222 30 hänseenden
384 1998 87 28 skall
501 1996 168 29 likställas
697 1994 80 30 med
807 1994 124 29 svensk
960 1992 235 34 medborgare.
1249 1990 120 35 Någon
1398 1989 241 29 överenskom-

134 2042 105 28 melse
263 2050 57 19 om
344 2038 243 34 ömsesidighet
613 2038 64 28 har
700 2037 94 28 ännu
821 2036 74 29 icke
919 2035 139 28 träffats
1082 2013 78 49 med
1184 2032 164 30 utländsk
1374 2034 66 27 stat
1464 2030 177 35 angående

134 2082 221 36 folkpension
379 2091 43 19 m.
450 2091 54 23 m.,
530 2077 391 36 moderskapspenning,
945 2075 232 35 mödrahjälp,
1202 2074 221 34 barnbidrag,
1449 2073 147 29 förskott
1622 2071 20 30 å

135 2123 325 35 underhållsbidrag
488 2122 49 29 till
568 2122 97 33 barn,
696 2118 366 34 blindhetsersättning
1093 2118 64 28 och
1188 2097 246 54 överflyttning
1466 2114 47 29 till
1546 2113 95 36 sjuk-

135 2168 112 28 kassa.
298 2166 12 28 I
335 2165 109 34 övrigt
471 2163 163 30 hänvisas
660 2172 74 20 som
761 2160 267 36 komplettering
1054 2159 47 29 till
1127 2159 93 29 detta
1246 2158 117 34 stycke
1391 2157 49 29 till
1467 2156 107 34 Bilaga
1612 2156 29 27 2.

181 2207 234 35 Huvudsyftet
439 2206 77 29 med
542 2206 64 28 den
634 2204 9 29 i
668 2203 260 36 propositionen
952 2201 195 33 föreslagna
1171 2199 257 34 lagstiftningen
1454 2199 38 28 är
1516 2200 49 27 att
1589 2197 55 29 för

136 2251 160 28 statslösa
321 2249 64 29 och
409 2248 76 29 med
510 2247 78 28 dem
612 2245 200 35 jämförliga
836 2252 164 27 personer
1022 2243 116 34 öppna
1162 2241 139 33 tillgång
1327 2240 49 29 till
1401 2239 176 29 förmåner
1601 2247 41 20 av

136 2302 81 24 nyss
243 2291 145 33 angiven
412 2292 111 29 natur,
549 2256 93 60 vilka
668 2286 80 34 utgå
773 2286 56 28 vid
856 2285 187 30 ålderdom,
1070 2283 174 34 sjukdom,
1270 2281 193 35 olycksfall,
1489 2281 77 34 lyte,
1594 2280 48 28 in-

137 2333 154 30 validitet
309 2332 65 28 och
393 2330 235 30 arbetslöshet.
673 2327 302 33 Förutsättningen
996 2326 120 28 härför
1136 2324 85 29 skall
1244 2323 102 33 enligt
1366 2322 162 33 förslaget
1550 2331 92 23 vara,

138 2376 71 28 dels
228 2377 48 26 att
296 2374 66 28 den
381 2371 215 34 författning,
618 2379 74 20 som
713 2370 148 33 reglerar
881 2367 192 33 förmånen,
1096 2365 191 29 innehåller
1305 2375 40 18 en
1368 2363 275 34 ömsesidighets-

138 2416 147 33 klausul,
309 2415 71 29 dels
401 2417 48 26 att
472 2395 165 51 Konunge
642 2422 20 18 n
686 2411 114 29 finner
821 2410 73 29 skäl
919 2408 160 34 föreligga
1107 2408 163 28 förordna
1292 2416 55 19 om
1372 2405 198 30 förmånens
1593 2407 50 26 ut-

138 2459 129 34 gående
294 2458 47 28 till
366 2456 158 30 statslösa
549 2465 44 18 m.
621 2454 35 29 fl.

175 2515 109 29 Bihang
306 2513 40 24 till
367 2513 166 29 riksdagens
555 2509 144 32 protokoll
724 2510 72 23 1938.
830 2509 13 21 5
866 2507 79 24 saml.
974 2507 15 23 2
1008 2505 55 24 avd.
1103 2506 37 23 Nr
1165 2506 36 22 18.
1595 2501 15 23 2
