2119 2654
348 229 18 27 2
806 217 271 45 Lag-Utskottets
1105 215 175 34 Utlåtande
1301 213 61 33 N:o
1385 216 43 31 22

960 308 47 34 40
1034 305 34 47 8,
1100 307 19 34 5
1147 315 99 25 mom.

441 417 79 35 Har
559 411 228 47 minderårigt
826 413 88 34 barn
942 411 111 35 betlat
1079 407 45 47 på
1150 408 194 44 befallning
1371 407 84 34 eller
1482 406 76 34 med
1587 401 166 38 tillåtelse
1781 402 37 35 af
1843 402 65 35 för-

307 471 120 35 äldrar
455 470 83 35 eller
566 478 127 34 annan,
722 476 70 24 som
820 468 40 31 är
888 462 139 45 skyldig
1054 464 54 32 att
1135 472 54 23 om
1216 461 126 34 barnet
1369 462 84 41 taga
1481 454 99 46 vård,
1609 453 55 37 må
1685 451 225 48 fattigvårds-

308 523 172 44 styrelsen
508 520 168 45 antingen
702 527 112 26 varna
842 515 77 45 den,
948 525 70 24 som
1047 513 179 36 betlandet
1252 511 109 35 befalt
1391 511 84 34 eller
1502 505 133 47 tillåtit,
1657 508 84 34 eller
1761 507 64 34 ock
1839 503 72 37 låta

307 575 143 34 inställa
488 574 137 42 honom,
653 568 21 37 å
700 569 130 44 landet,
871 568 62 34 hos
970 568 116 33 ortens
1127 563 213 46 kronofogde
1382 562 83 35 eller
1492 562 158 34 länsman
1679 559 74 44 och,
1782 558 12 35 1
1821 557 90 44 stad,

308 627 63 35 hos
398 625 255 37 stadsfiskalen.

1058 730 44 34 41
1132 727 33 47 8.

448 828 29 33 1.
531 826 163 35 Inställes
732 827 62 33 hos
832 825 301 44 polistjensteman
1166 821 125 45 någon,
1320 820 144 35 hvilken
1491 818 95 45 gjort
1613 818 53 44 sig
1693 814 141 46 skyldig
1860 816 54 34 till

310 880 175 42 förseelse,
528 887 68 25 som
638 877 11 35 i
690 879 47 34 40
779 875 21 47 8
843 878 19 33 2
892 877 84 34 eller
1006 877 19 33 5
1054 885 98 25 mom.
1183 877 90 40 sägs,
1302 871 110 36 varde
1439 870 77 35 med
1543 870 124 34 honom
1694 866 149 35 förfaret
1869 864 46 47 på

311 935 70 32 sätt
421 931 12 35 i
473 929 163 36 afseende
676 926 21 38 å
731 927 209 36 lösdrifvare
967 931 40 31 är
1035 926 166 45 stadgadt
1227 925 12 35 i
1266 925 104 43 lagen
1397 919 181 48 angående
1604 919 229 36 lösdrifvares
1859 919 56 34 be-

310 983 178 44 handling.

447 1037 30 33 2.
532 1032 79 36 Har
651 1030 116 46 någon
807 1031 95 46 gjort
942 1030 53 45 sig
1035 1029 140 45 skyldig
1216 1027 53 35 till
1296 1026 175 43 förseelse,
1500 1035 70 24 som
1598 1024 12 34 i
1639 1025 45 33 35
1713 1022 21 47 &
1763 1024 22 33 4
1812 1032 100 25 mom.

312 1091 91 40 sägs,
433 1086 63 34 och
523 1085 128 35 varder
678 1081 237 37 förhållandet
940 1083 63 33 hos
1029 1081 130 43 Kongl.
1188 1079 126 44 Maj:ts
1333 1075 401 45 Befallningshafvande
1749 1075 166 41 anmäldt,

311 1135 66 46 må,
420 1137 89 34 efter
548 1136 120 35 förhör
707 1134 92 35 inför
838 1133 130 45 Kongl.
1010 1132 126 45 Maj:ts
1163 1127 400 46 Befallningshafvande
1591 1127 84 34 eller
1703 1126 109 45 enligt
1840 1126 77 34 dess

311 1188 233 35 förordnande
584 1187 60 36 vid
684 1186 145 35 domstol
856 1185 11 34 i
895 1187 110 41 orten,
1047 1183 128 44 Kongl.
1210 1181 126 45 Maj:ts
1361 1178 401 44 Befallningshafvande
1789 1176 128 45 ålägga

312 1241 123 34 honom
474 1236 252 47 tvångsarbete
767 1238 95 43 eller,
891 1234 44 37 då
961 1234 192 36 mildrande
1182 1231 296 45 omständigheter
1505 1229 225 44 förekomma,
1758 1226 73 38 låta
1860 1227 58 37 vid

312 1292 153 43 varning
492 1291 92 34 bero.

1061 1398 47 33 492
1137 1395 33 46 8.

446 1494 151 36 Pröfvar
637 1492 129 46 Kongl.
808 1491 126 46 Maj:ts
973 1488 400 46 Befallningshafvande
1413 1486 131 45 skäligt
1584 1482 128 46 ålägga
1740 1483 77 44 den,
1847 1492 70 25 som

312 1549 73 32 mot
414 1548 46 33 35
488 1545 22 46 8
539 1547 23 32 4
589 1555 99 24 mom.
732 1544 53 44 sig
824 1543 178 42 förbrutit,
1032 1540 262 45 tvångsarbete,
1324 1539 91 34 skall
1442 1538 95 34 tiden
1565 1535 117 36 derför
1709 1535 210 34 bestämmas

312 1598 55 35 till
407 1597 105 34 minst
552 1606 42 25 en
635 1596 63 34 och
737 1596 104 44 högst
881 1605 61 24 sex
979 1590 184 46 månader;
1205 1591 154 34 börande
1388 1590 138 34 arbetet
1553 1587 170 35 förrättas
1751 1585 11 34 i
1789 1585 131 34 allmän

312 1646 382 47 tvångsarbetsanstalt
722 1647 84 34 eller
833 1646 65 35 ock
925 1645 11 34 i
964 1642 119 45 sådan,
1111 1643 110 35 under
1249 1641 157 44 offentlig
1433 1639 221 45 myndighets
1681 1637 120 43 tillsyn
1828 1636 92 34 stäld

313 1699 262 43 arbetsanstalt,
615 1708 71 24 som
712 1697 12 34 i
753 1699 19 33 6
812 1696 11 46 $
853 1699 19 32 3
914 1706 99 24 mom.
1057 1696 84 33 eller
1182 1696 19 32 9
1231 1692 21 46 $
1283 1695 19 32 2
1331 1702 98 24 mom.
1472 1690 229 42 omförmäles,
1743 1688 61 34 der
1845 1688 76 33 dess

313 1751 145 44 stadgar
498 1751 58 33 det
596 1748 187 45 medgifva.
838 1748 131 34 Finnes
1002 1746 30 45 ej
1062 1743 108 38 sådan
1199 1743 263 43 arbetsanstalt,
1492 1741 91 35 skall
1610 1741 70 34 han
1708 1736 112 37 hållas
1847 1738 73 34 lika

312 1800 85 46 lång
423 1802 51 34 tid
501 1801 12 35 i
539 1800 235 44 länsfängelse
802 1800 84 40 eller
912 1798 221 35 kronohäkte
1161 1796 54 35 till
1242 1796 59 34 det
1316 1795 132 43 arbete,
1465 1803 71 25 som
1550 1793 71 34 kan
1636 1801 88 26 vara
1739 1792 54 33 att
1808 1786 109 48 tillgå.

973 1911 45 33 43
1047 1907 34 47 $,
1112 1909 19 33 3
1160 1916 99 25 mom.

448 2005 141 34 Varder
628 2002 115 47 någon
785 2003 108 44 enligt
934 2005 47 32 40
1015 2003 21 43 8
1066 2003 19 33 2
1116 2001 83 34 eller
1228 2001 20 33 5
1277 2010 99 24 mom.
1407 1998 38 35 af
1470 1994 363 48 fattigvårdsstyrelse
1860 1995 62 34 hos

314 2057 302 45 polistjensteman
644 2056 140 43 instäld,
815 2054 168 35 bestrides
1010 2052 195 35 kostnaden
1233 2050 117 35 derför
1378 2049 38 35 af
1441 2046 410 48 fattigvärdssamhället.

1068 2166 44 32 50
1140 2161 33 46 8.

450 2259 91 43 Den,
583 2270 71 24 som
695 2259 61 36 vill
789 2259 85 35 söka
893 2258 149 44 ändring
1069 2257 11 34 i
1106 2255 131 45 Kongl.
1267 2254 125 45 Maj:ts
1419 2250 421 47 Befallningshafvandes
1867 2254 50 31 ut-

317 2313 76 42 slag
420 2312 12 33 i
458 2308 69 36 mål
554 2311 149 34 rörande
732 2307 108 37 sådan
867 2309 175 43 förseelse,
1071 2318 71 23 som
1170 2307 11 34 i
1210 2309 45 32 35
1283 2306 22 44 $
1334 2307 23 32 4
1383 2315 100 24 mom.
1515 2303 128 36 nämnd
1663 2306 50 40 är,
1730 2312 84 25 vare
1830 2302 89 44 skyl-
