2228 2620
691 163 293 34 Statsutskottets
1005 159 188 35 utlåtande
1213 160 53 32 Nr
1290 159 42 30 10
1344 157 38 32 B.
1758 154 40 31 41

927 343 249 38 Diverse.

380 452 73 48 8:0)
496 450 240 37 Beträffande
777 449 140 48 Kungl.
961 447 127 49 Maj:ts
1131 445 146 48 förslag
1316 444 161 37 rörande
1520 443 133 48 anslag
1687 442 79 37 dels
1795 441 58 37 för
1875 437 17 67 =
1912 456 125 32 rial

251 504 211 38 beredande
505 516 45 23 av
591 501 168 49 tillfällig
801 499 322 48 löneförbättring
1163 497 121 37 under
1311 499 40 34 år
1382 498 97 34 1922
1509 498 37 33 åt
1570 495 78 36 viss
1678 493 174 51 personal
1883 492 184 65 EE

251 557 102 36 inom
395 556 71 36 den
509 554 111 37 civila
661 552 382 48 statsförvaltningen
1071 550 137 50 (punkt
1238 549 34 49 7)
1300 549 79 36 dels
1407 548 70 36 ock
1505 547 59 36 till
1592 545 185 37 täckande
1806 558 46 23 av
1870 535 123 58 personal
2007 561 71 24 inom

251 608 205 37 kostnader
485 607 56 36 för
569 605 285 50 dyrtidstillägg
881 603 122 37 under
1030 605 41 34 år
1102 604 97 34 1922
1229 604 37 33 åt
1293 599 378 49 befattningshavare
1699 598 13 36 i
1730 597 46 37 de
1795 596 58 37 till
1899 598 48 58 der
1967 596 87 60 civila

252 659 464 49 handelsdepartementet
757 656 167 37 hörande
953 654 239 37 ämbetsverk
1221 653 71 37 och
1320 653 110 35 kårer
1453 651 136 49 (punkt
1617 650 36 49 8)
1683 650 171 36 kommer
1890 633 142 66 Fe

251 712 185 37 utskottet
478 716 54 31 att
574 709 200 37 framdeles
816 707 119 37 under
968 707 206 48 riksdagen
1216 705 140 48 avgiva
1397 703 210 45 utlåtande;
1650 701 118 37 vilket
1794 706 59 31 ut-
1944 721 67 45 [7]

253 764 140 37 skottet
421 763 123 37 skolat
572 762 223 48 härigenom
825 760 59 36 för
911 758 205 49 riksdagen
1988 748 23 17 -

874 852 14 5 2
1916 823 120 32 Dyrtids-

782 842 159 53 anmäla.
1874 859 91 30 tillägg
1989 857 27 24 åt
2041 859 39 23 be-

1885 892 177 32 fattningsha-

383 952 218 38 Stockholm
630 952 72 36 den
732 952 20 35 6
783 950 94 50 april
908 951 108 35 1922.
1872 928 90 24 vare
1949 920 14 52 i
1979 929 100 22 statens

1935 963 90 31 tjänst.

1947 1015 66 47 [8]

768 1056 53 35 På
849 1053 302 38 statsutskottets
1180 1057 159 44 vägnar:

780 1158 38 38 S.
861 1157 47 37 H.
952 1154 372 39 KVARNZELIUS.

456 1418 219 28 Närvarande:
695 1426 30 18 se
744 1416 88 27 under
850 1414 146 29 utlåtande
1015 1423 33 18 nr
1067 1414 33 26 10
1111 1414 33 26 A.

869 1658 379 40 Reservation:

388 1767 61 34 vid
485 1766 119 45 punkt
646 1768 23 33 6
709 1763 158 48 (motion
909 1775 87 35 ang.
1040 1762 134 47 anslag
1214 1760 57 36 till
1312 1758 241 38 bestridande
1588 1771 46 22 av
1664 1756 195 37 Comisiön

262 1816 419 49 Suecia—Argentinas
706 1814 258 48 verksamhet)
995 1827 45 22 av
1069 1814 127 35 herrar
1223 1813 36 35 J.
1287 1813 156 35 Jönsson
1462 1810 11 36 i
1493 1809 183 48 Revinge,
1697 1810 42 34 P.
1759 1809 99 35 Nils-

259 1883 64 23 son
352 1869 12 36 i
392 1869 149 48 Bonarp
571 1868 70 36 och
670 1868 35 35 S&S.
737 1868 43 35 E.
808 1868 37 34 J.
876 1867 153 36 Libeck.

271 2315 124 41 Bihang
418 2314 48 31 till
489 2314 189 41 riksdagens
699 2313 153 41 protokoll
878 2312 94 31 1922.
1018 2312 20 30 6
1061 2311 89 31 saml.
1198 2311 41 31 10
1262 2309 79 41 häft.
1386 2309 67 41 (Nr
1477 2310 41 30 10
1532 2309 120 32 A—10
1666 2308 55 34 B)
1801 2308 19 31 6
