1880 2814
538 152 306 31 Bankoutskottets
866 152 177 32 utlåtande
1066 162 40 21 nr
1132 155 50 29 21.
1583 151 34 30 11

788 475 60 40 Nr
874 476 63 39 21.

698 596 110 24 Ankom
827 596 41 23 till
887 597 155 29 riksdagens
1062 596 86 23 kansli
1167 596 51 23 den
1238 594 14 25 7
1272 603 72 17 mars
1363 594 64 26 1944
1446 596 35 23 kl.
1501 594 16 25 3
1535 603 49 18 em.

337 682 180 32 Utlåtande
544 683 10 29 i
581 682 185 37 anledning
793 693 42 20 av
860 683 256 38 framställning
1144 683 79 37 från
1249 683 216 38 fullmäktige
1495 685 9 28 i
1531 683 85 30 riks-

555 733 136 31 banken
711 733 147 31 rörande
879 733 263 37 tillämpningen
1160 744 44 20 av
1226 734 345 37 bankoreglementet.

157 834 131 30 Genom
307 834 110 30 beslut
437 844 41 20 av
501 835 82 29 1939
603 834 55 31 års
678 834 128 32 urtima
825 834 141 37 riksdag
991 834 174 39 (skrivelse
1185 844 42 21 nr
1248 834 77 39 108)
1348 835 267 37 bemyndigades

114 884 217 37 fullmäktige
353 884 11 30 i
384 885 211 30 riksbanken
618 888 48 28 att
688 886 57 29 vid
768 885 76 37 krig
865 886 81 30 eller
969 884 182 37 krigsfara,
1175 887 73 29 vari
1272 885 88 30 riket
1381 885 153 31 befunne
1556 886 58 36 sig,

112 935 80 31 eller
219 934 99 38 eljest
344 936 108 29 under
479 935 289 37 utomordentliga
796 946 42 20 av
863 936 75 36 krig
964 936 204 31 föranledda
1196 936 242 31 förhållanden
1464 937 86 31 fatta
1575 937 40 29 de

113 987 120 36 beslut,
259 996 76 21 som
357 987 202 36 påkallades
583 997 41 20 av
651 986 276 37 förhållandena,
953 988 88 29 även
1065 996 57 21 om
1146 988 100 29 dessa
1269 987 112 30 beslut
1405 987 76 30 icke
1505 987 109 30 skulle

113 1037 51 30 stå
184 1038 10 29 i
214 1038 341 30 överensstämmelse
574 1038 79 30 med
673 1037 262 31 föreskrifterna
956 1038 11 29 i
986 1038 348 36 bankoreglementet.
1356 1038 98 30 Detta
1475 1039 139 37 bemyn-

112 1087 157 37 digande,
290 1097 75 21 som
383 1089 110 35 gällde
511 1087 87 31 intill
619 1087 170 37 utgången
808 1098 42 21 av
868 1097 93 21 mars
982 1087 129 31 månad
1134 1089 93 35 1940,
1249 1089 64 29 har
1334 1089 192 30 sedermera
1547 1089 66 29 för-

112 1139 120 36 längts,
255 1142 115 27 senast
391 1147 123 28 genom
535 1139 112 30 beslut
668 1149 42 20 av
735 1139 83 30 1943
841 1138 55 31 års
918 1139 141 36 riksdag
1087 1140 311 36 (bankoutskottets
1420 1140 59 30 utl.
1495 1148 40 21 nr
1557 1140 51 38 35)

111 1191 49 28 att
185 1190 89 35 gälla
297 1189 53 30 till
375 1189 171 37 utgången
571 1199 42 21 av
637 1190 75 36 juni
737 1188 130 32 månad
896 1190 93 30 1944.

157 1240 13 30 I
191 1238 164 32 skrivelse
373 1240 50 31 till
440 1241 283 31 bankoutskottet
744 1241 67 30 den
829 1241 41 29 20
889 1240 138 38 januari
1050 1241 82 29 1944
1152 1241 90 30 hava
1263 1241 216 37 fullmäktige
1501 1242 8 28 i
1530 1241 84 29 riks-

112 1291 137 31 banken
277 1292 181 37 meddelat,
487 1294 49 28 att
563 1291 218 36 fullmäktige
807 1292 79 29 med
914 1292 76 29 stöd
1018 1301 42 21 av
1089 1292 91 30 detta
1208 1291 276 37 bemyndigande
1514 1295 99 27 utsett

112 1342 106 31 förste
241 1343 225 35 suppleanten
490 1342 58 30 för
568 1343 41 29 de
632 1352 42 21 av
696 1342 185 36 riksdagen
904 1343 102 30 valda
1029 1342 217 36 fullmäktige
1268 1341 192 33 bankrådet
1484 1343 130 30 Harald

112 1392 212 36 Magnusson
345 1396 48 27 att
416 1402 83 21 vara
520 1392 204 31 biträdande
747 1392 353 31 direktionsledamot.
1123 1393 13 29 I
1159 1394 169 29 samband
1352 1394 78 29 med
1452 1396 49 28 att
1523 1394 90 35 Mag-

112 1452 130 21 nusson
268 1446 121 27 utsetts
416 1443 50 30 till
494 1443 233 31 sektionschef
754 1443 11 30 i
791 1443 213 31 riksbanken
1032 1443 78 32 från
1137 1444 66 29 och
1230 1444 80 29 med
1337 1444 65 29 den
1434 1445 13 28 1
1477 1443 136 37 januari

115 1493 81 30 1944
220 1494 91 30 hade
335 1494 237 35 nyssnämnda
596 1494 158 36 uppdrag
779 1494 55 30 för
858 1494 132 29 honom
1013 1493 76 31 icke
1114 1494 168 36 förnyats.
1310 1494 191 30 Härutöver
1526 1495 88 29 hade

111 1543 106 36 några
237 1544 113 31 beslut
372 1543 10 30 i
402 1544 149 36 enlighet
570 1545 78 29 med
670 1544 293 36 bemyndigandet
984 1544 76 30 icke
1082 1545 200 30 meddelats.
1307 1544 114 31 Under
1443 1554 169 21 nuvaran-

108 1595 42 29 de
165 1593 244 31 förhållanden
425 1595 107 30 borde
548 1595 105 30 likväl
669 1594 105 37 enligt
788 1593 235 38 fullmäktiges
1039 1595 139 37 mening
1194 1594 264 38 ifrågavarande
1474 1596 139 36 bemyn-

111 1644 147 37 digande
278 1645 185 36 förlängas.
486 1645 48 31 På
554 1646 111 35 grund
683 1646 110 30 härav
812 1646 91 30 hava
923 1645 217 37 fullmäktige
1158 1646 185 37 hemställt,
1363 1649 51 28 att
1431 1646 183 37 riksdagen

112 1695 104 32 måtte
237 1696 258 37 tillkännagiva,
517 1700 49 27 att
587 1697 56 31 vid
663 1696 76 37 krig
758 1697 84 30 eller
861 1696 182 37 krigsfara,
1068 1697 71 30 vari
1161 1697 89 30 riket
1271 1697 160 30 befinner
1452 1697 61 37 sig,
1533 1698 81 30 eller

111 1745 96 37 eljest
231 1748 112 29 under
368 1746 288 37 utomordentliga
680 1758 42 20 av
748 1748 77 36 krig
848 1747 207 31 föranledda
1080 1747 243 31 förhållanden
1349 1748 122 30 hinder
1498 1749 114 30 tillsvi-

111 1798 90 36 dare,
221 1798 90 30 dock
329 1798 111 35 längst
458 1798 88 30 intill
563 1797 172 37 utgången
754 1808 43 21 av
815 1798 75 37 juni
908 1797 130 31 månad
1059 1799 92 36 1945,
1170 1799 75 31 icke
1264 1798 180 37 föreligger
1461 1799 56 30 för
1537 1799 75 30 full-

111 1848 151 36 mäktige
277 1848 10 30 i
304 1848 213 30 riksbanken
534 1851 49 28 att
601 1849 85 30 fatta
705 1849 42 30 de
764 1849 121 37 beslut,
905 1858 74 21 som
997 1848 156 38 påkallas
1173 1860 42 20 av
1233 1849 275 36 förhållandena,
1528 1851 85 29 även

111 1908 56 20 om
187 1899 100 30 dessa
306 1899 111 30 beslut
435 1898 75 31 icke
531 1899 109 30 skulle
660 1899 51 30 stå
729 1899 10 29 i
760 1900 342 29 överensstämmelse
1119 1900 78 29 med
1218 1899 263 31 föreskrifterna
1503 1901 9 29 i
1531 1901 81 29 ban-

111 1949 275 42 koreglementet.

155 2049 77 30 Med
253 2050 136 37 hänsyn
410 2049 50 30 till
482 2048 153 32 rådande
656 2049 290 37 utomordentliga
969 2049 243 31 förhållanden
1234 2051 65 30 har
1320 2051 163 30 utskottet
1503 2054 109 28 ansett

111 2099 49 36 sig
187 2100 84 30 böra
301 2100 179 36 tillstyrka,
512 2103 49 28 att
588 2101 55 29 det
671 2101 337 36 bankofullmäktige
1035 2101 160 30 lämnade
1224 2100 290 39 bemyndigandet
1545 2102 66 30 för-

112 2150 114 36 länges
250 2154 48 28 att
321 2151 89 35 gälla
430 2151 194 36 ytterligare
647 2151 100 36 högst
767 2155 46 26 ett
833 2150 47 36 år,
902 2152 65 29 och
990 2151 54 30 får
1066 2152 117 29 därför
1204 2152 191 35 hemställa,

463 2254 49 27 att
534 2251 184 36 riksdagen
741 2251 106 31 måtte
871 2251 256 37 tillkännagiva,
1153 2255 47 27 att
1225 2252 56 30 vid
1305 2252 75 36 krig
1402 2254 80 29 eller
1507 2253 105 35 krigs-

420 2300 86 38 fara,
534 2301 72 30 vari
633 2301 87 30 riket
747 2301 158 30 befinner
931 2301 59 36 sig,
1018 2303 81 28 eller
1125 2302 96 35 eljest
1246 2303 109 29 under
1380 2304 232 28 utomordent-

419 2351 67 35 liga
508 2360 42 21 av
572 2351 74 37 krig
668 2352 205 30 föranledda
896 2351 241 31 förhållanden
1160 2353 124 30 hinder
1307 2352 194 38 tillsvidare,
1525 2354 87 29 dock

420 2401 110 36 längst
550 2401 86 30 intill
656 2400 171 37 utgången
848 2412 41 20 av
908 2402 75 36 juni
1002 2401 127 31 månad
1154 2403 92 35 1945,
1267 2402 75 31 icke
1361 2403 179 36 föreligger
1561 2404 52 29 för

1654 2051 128 24 Utskottet.
