1840 2782
404 171 297 36 Statsutskottets
724 166 182 36 utlåtande
928 179 39 20 nr
988 167 64 38 104
1073 165 39 32 år
1135 165 85 31 1957
1519 162 41 29 29

68 259 46 41 på
135 253 488 40 försökskostnadsbidragets
645 249 129 34 storlek
795 248 65 33 och
881 259 75 21 som
977 245 136 34 fordrar
1133 248 52 29 ett
1207 241 211 42 frångående
1441 253 44 20 av
1506 244 56 29 ut-

70 302 206 41 redningens
299 300 126 41 belopp
448 299 53 31 för
523 292 483 40 försökskostnadsbidraget.
1027 289 67 41 Jag
1117 288 112 42 syftar
1251 287 45 41 på
1319 286 67 33 den
1408 283 154 35 träffade

67 343 443 38 Jöneöverenskommelsen
537 340 109 42 enligt
672 339 117 33 vilken
817 337 92 33 vissa
934 348 48 20 nu
1009 333 175 43 utgående
1212 330 169 35 särskilda
1408 329 155 33 arvoden

70 392 54 33 för
143 389 250 41 undervisning
412 388 9 33 i
442 388 93 33 klass
557 389 19 30 7
597 385 65 33 och
683 384 105 41 högre
808 383 131 32 klasser
959 380 10 33 i
990 378 197 34 folkskolan
1210 388 98 22 avses
1330 375 98 33 skola
1448 374 115 40 slopas

71 438 77 32 från
173 436 66 33 den
266 438 15 29 1
307 434 64 42 juli
396 435 98 31 1957.
519 431 81 33 Den
624 427 238 43 bidragsvinst
885 437 61 31 per
970 424 113 42 tjänst
1107 423 46 41 på
1178 420 277 34 försöksskolans
1480 418 83 40 hög-

72 481 166 38 stadium,
261 491 74 21 som
358 475 282 36 försöksdistrikt
662 473 109 34 skulle
794 474 83 40 göra
899 469 203 42 därigenom
1126 471 55 29 att
1203 466 108 41 några
1334 463 154 34 arvoden
1512 462 53 33 för

71 525 157 34 nämnda
249 522 250 41 undervisning
520 520 30 42 ej
574 519 103 42 utgår
698 518 54 33 för
773 514 252 41 undervisning
1045 513 47 42 på
1113 510 225 42 högstadium
1360 509 65 33 och
1448 508 116 32 vilken

72 571 96 32 vinst
192 582 43 21 av
259 567 232 42 utredningen
515 564 190 35 beräknats
729 562 53 33 till
807 564 64 30 179
895 560 129 33 kronor
1047 569 61 30 per
1131 556 112 42 tjänst
1267 555 80 32 eller
1372 556 40 30 12
1437 553 129 32 kronor

72 628 61 30 per
156 615 86 39 elev,
265 613 181 34 reduceras
469 611 47 42 på
538 608 112 43 grund
674 620 43 21 av
741 607 42 33 de
808 604 147 35 sålunda
979 601 155 35 ändrade
1158 598 264 35 förhållandena
1446 597 53 33 till
1524 599 41 30 53

73 661 130 33 kronor
218 671 61 30 per
296 658 112 42 tjänst
426 656 80 33 eller
524 655 53 33 till
593 654 11 33 i
622 651 178 35 avrundat
816 650 50 33 tal
884 652 19 30 4
921 649 130 33 kronor
1066 658 61 30 per
1146 646 86 32 elev.

119 704 244 42 Utredningen
383 704 63 32 har
467 706 129 34 ansett,
619 704 55 29 att
694 695 473 41 försökskostnadsbidraget
1188 693 63 33 bör
1273 691 192 34 förstärkas
1487 688 81 34 med

74 757 53 28 ett
148 751 53 33 för
221 751 41 33 de
284 750 92 32 olika
397 749 304 41 hyresgrupperna
722 742 171 42 enhetligt
913 741 128 41 belopp
1062 751 62 30 per
1144 738 86 39 elev,
1252 737 120 39 vilket,
1393 735 175 33 beräknat

76 809 75 21 som
166 801 51 28 ett
233 794 164 34 medeltal
414 805 44 21 av
474 792 42 34 de
533 791 53 33 för
601 790 41 34 de
659 789 92 34 olika
766 788 304 42 hyresgrupperna
1086 783 155 33 erhållna
1257 782 183 40 beloppen,
1457 778 110 34 skulle

75 841 119 43 uppgå
214 840 51 33 till
288 842 41 31 64
351 839 138 33 kronor.
510 837 55 32 De
586 835 93 33 båda
700 834 139 41 belopp,
862 835 40 29 15
925 831 81 33 eller
1026 832 42 30 22
1090 829 140 38 kronor,
1251 825 144 34 varmed
1416 824 152 33 försöks-

75 885 333 41 kostnadsbidraget
431 895 47 20 nu
500 881 173 34 beräknas
694 890 62 31 per
777 878 75 33 elev
874 875 173 34 beroende
1069 874 47 42 på
1138 884 57 22 om
1218 870 256 35 skoldistriktet
1497 880 72 21 om-

77 932 112 33 fattar
203 930 273 33 landskommun
492 924 198 44 respektive
707 923 80 34 stad
804 922 80 33 eller
899 920 143 42 köping,
1060 918 109 34 skulle
1187 916 118 34 vidare
1322 918 150 30 ersättas
1488 912 80 34 med

78 981 53 29 ett
147 975 90 34 enda
252 975 138 40 belopp,
406 971 176 41 nämligen
599 972 41 30 18
656 969 140 38 kronor,
813 966 109 33 vilket
937 967 104 39 utgör
1056 968 53 28 ett
1125 959 215 45 genomsnitt
1357 971 44 21 av
1418 959 41 32 de
1477 957 93 34 båda

77 1020 205 34 nuvarande
311 1019 183 40 beloppen.
522 1016 67 33 Ett
616 1014 54 33 för
698 1011 162 42 samtliga
890 1008 220 35 skoldistrikt
1139 1005 170 41 enhetligt
1336 1003 234 34 försökskost-

78 1065 214 41 nadsbidrag
313 1075 44 21 av
382 1063 56 42 (64
456 1065 39 38 +
513 1064 41 29 18
572 1059 54 41 =)
652 1061 41 30 82
715 1058 129 33 kronor
866 1055 109 33 skulle
997 1053 204 41 härigenom
1223 1049 157 35 erhållas.
1402 1046 169 35 Härifrån

79 1112 64 32 har
160 1109 232 41 utredningen
411 1106 115 42 dragit
544 1105 42 33 de
604 1104 96 33 förut
718 1101 157 34 nämnda
895 1103 41 29 12
953 1099 177 33 kronorna
1149 1107 61 30 per
1228 1095 85 38 elev,
1332 1093 110 33 vilket
1461 1091 110 33 skulle

80 1155 176 34 eliminera
279 1154 68 33 den
368 1150 239 43 bidragsvinst
628 1145 282 36 försöksdistrikt
931 1143 191 34 beräknats
1144 1143 83 39 göra
1247 1139 47 42 på
1315 1137 112 42 grund
1451 1148 45 21 av
1519 1139 55 29 att

79 1201 109 41 några
215 1198 165 40 arvoden,
408 1193 251 37 motsvarande
687 1192 42 33 de
758 1189 170 35 särskilda
956 1186 284 41 ersättningarna
1268 1183 51 33 till
1346 1183 123 37 lärare,
1498 1191 74 22 som

80 1244 206 35 undervisar
310 1243 10 33 i
343 1241 163 43 engelska
530 1239 65 34 och
620 1238 11 33 i
655 1236 238 41 avdelningar,
918 1231 224 36 omfattande
1167 1233 19 30 7
1212 1229 79 33 eller
1315 1227 104 41 högre
1444 1225 94 33 klass
1564 1223 8 33 i

81 1291 67 33 den
171 1288 172 44 egentliga
366 1286 210 38 folkskolan,
598 1283 30 42 ej
654 1282 104 41 utgår
780 1280 54 34 för
856 1276 252 41 undervisning
1129 1275 48 41 på
1198 1271 210 43 högstadiet.
1433 1269 140 34 Således

82 1337 63 32 har
163 1333 232 42 utredningen
414 1329 152 36 kommit
585 1328 89 33 fram
694 1326 51 33 till
766 1330 55 29 att
840 1323 125 34 föreslå
985 1327 53 28 ett
1057 1320 54 34 för
1131 1320 67 33 alla
1216 1315 281 36 försöksdistrikt
1516 1325 57 22 en-

81 1380 126 41 hetligt
230 1373 434 41 försökskostnadsbidrag
688 1383 44 21 av
760 1370 115 38 (82
890 1371 40 29 —12
948 1367 55 40 =)
1030 1369 43 30 70
1096 1365 129 33 kronor
1248 1374 61 29 per
1332 1361 85 33 elev.

128 1426 82 34 Som
232 1425 59 41 jag
312 1435 82 30 nyss
417 1421 165 39 nämnde,
603 1420 64 33 har
688 1415 301 42 omständigheter
1012 1423 146 23 numera
1180 1408 173 39 inträffat,
1377 1418 75 22 som
1474 1405 101 33 redu-

83 1484 96 21 cerar
197 1471 67 33 den
284 1467 237 43 bidragsvinst
540 1461 326 37 försöksdistrikten
886 1459 110 34 skulle
1015 1457 94 42 gjort
1128 1455 60 33 vid
1207 1454 70 34 lika
1297 1450 279 42 avdragsbelopp

83 1517 54 33 för
160 1514 243 42 lärartjänster
427 1512 95 33 inom
548 1508 198 35 folkskolan
771 1506 10 33 i
806 1504 193 35 allmänhet
1024 1502 66 33 och
1115 1500 54 33 för
1193 1498 149 42 tjänster
1367 1496 46 41 på
1438 1494 138 33 enhets-

84 1561 139 34 skolans
246 1557 226 44 högstadium
494 1555 53 33 till
570 1557 19 30 4
612 1554 140 33 kronor.
774 1545 488 40 Försökskostnadsbidraget
1284 1553 61 30 per
1368 1541 75 33 elev
1467 1538 110 34 skulle

85 1604 232 43 följaktligen,
336 1602 79 34 med
435 1598 224 43 tillämpning
678 1609 44 21 av
741 1594 251 41 utredningens
1011 1590 175 43 principer
1205 1588 53 33 för
1276 1584 238 40 beräkningen
1534 1593 44 22 av

85 1651 163 41 beloppet
273 1660 80 22 men
376 1646 80 34 med
480 1642 231 43 iakttagande
736 1653 44 21 av
805 1640 41 33 de
871 1639 105 41 något
1004 1634 154 35 ändrade
1183 1630 296 40 förutsättningar
1503 1638 74 22 som

85 1708 47 21 nu
157 1694 191 41 föreligger,
370 1691 120 42 uppgå
511 1690 53 32 till
591 1689 57 41 (82
682 1707 23 4 —
719 1689 20 30 4
757 1686 54 40 =)
839 1687 42 30 78
903 1684 140 32 kronor.

131 1743 55 32 De
212 1741 10 33 i
248 1738 216 36 förhållande
491 1736 52 34 till
570 1734 233 41 utredningen
830 1732 107 41 något
965 1727 220 35 annorlunda
1213 1723 278 42 avdragsbelopp
1518 1732 61 30 per

86 1787 111 41 tjänst
215 1798 74 20 som
304 1783 154 34 erhållits
474 1781 60 33 vid
550 1781 41 33 de
607 1780 94 33 inom
718 1776 402 41 finansdepartementet
1136 1770 121 43 gjorda
1273 1766 306 44 kompletterande

87 1830 280 41 beräkningarna
396 1826 202 38 motiverar,
629 1836 74 20 som
732 1822 60 41 jag
819 1832 83 30 nyss
932 1817 175 39 framhöll,
1136 1817 115 40 någon
1282 1812 224 43 uppräkning
1536 1822 43 21 av

88 1877 165 40 beloppet
278 1877 42 30 78
345 1874 139 36 kronor,
509 1870 111 33 vilket
644 1867 239 33 framräknats
906 1864 46 41 på
978 1861 172 43 grundval
1176 1872 45 20 av
1245 1857 250 40 utredningens
1522 1866 58 21 av-

88 1920 243 42 dragsbelopp.
359 1916 128 34 Vidare
515 1913 100 34 torde
643 1923 135 22 samma
805 1908 184 43 praktiska
1017 1906 86 34 skäl,
1132 1917 74 20 som
1233 1902 190 34 motiverar
1450 1912 42 20 en
1522 1910 58 21 av-

89 1964 175 41 rundning
286 1975 44 21 av
353 1962 41 32 de
418 1960 195 40 föreslagna
636 1954 324 43 avdragsbeloppen
983 1963 61 29 per
1067 1944 386 45 bidragsberättigande
1476 1944 104 32 lärar-

90 2010 111 42 tjänst
222 2008 50 33 till
292 2010 176 30 närmaste
488 2003 101 34 tiotal
609 2003 139 32 kronor,
767 1998 166 40 föreligga
952 1996 53 32 för
1024 2007 42 20 en
1086 1991 222 41 avrundning
1327 2002 44 21 av
1390 2001 46 21 nu
1458 1988 124 40 ifråga-

91 2053 153 35 varande
265 2053 137 40 belopp.
422 2050 67 41 Jag
509 2048 143 33 föreslår
672 2045 129 38 därför,
823 2048 54 28 att
898 2036 471 40 försökskostnadsbidraget
1390 2033 86 33 skall
1498 2031 85 41 utgå

91 2100 79 33 med
188 2104 49 27 ett
259 2098 48 33 till
325 2100 41 29 80
383 2097 129 31 kronor
527 2105 61 30 per
605 2092 74 32 elev
695 2090 65 33 och
777 2085 281 40 redovisningsår
1075 2084 155 32 bestämt
1247 2080 138 40 belopp.

140 2142 237 40 Utredningen
401 2141 63 32 har
486 2138 163 40 slutligen
672 2135 189 41 föreslagit,
884 2138 54 28 att
961 2133 68 32 den
1051 2129 205 35 nuvarande
1278 2126 228 42 möjligheten
1531 2128 51 28 att

91 2188 129 33 erhålla
251 2191 96 28 extra
376 2180 435 46 försökskostnadsbidrag
842 2178 200 33 bibehålles.
1072 2176 128 39 Någon
1231 2171 186 40 anledning
1447 2174 53 28 att
1533 2168 52 32 för

93 2231 219 34 närvarande
334 2230 162 39 borttaga
519 2228 114 32 denna
655 2224 183 41 möjlighet
858 2233 100 22 anser
978 2221 59 40 jag
1058 2220 71 32 inte
1152 2217 174 40 föreligga.

140 2329 54 32 De
214 2327 186 40 ändringar
420 2325 7 32 i
449 2321 421 42 statsbidragsgivningen
892 2319 50 32 till
965 2316 268 34 verksamheten
1255 2315 44 40 på
1319 2312 267 34 försöksskolor-

96 2395 61 19 nas
182 2380 210 41 högstadier,
417 2390 74 20 som
515 2377 60 41 jag
600 2375 168 36 förordat,
793 2373 99 33 torde
917 2372 9 32 i
952 2370 204 38 anslutning
1183 2369 48 32 till
1259 2367 66 32 vad
1353 2378 72 20 som
1452 2365 133 32 anförts

97 2427 6 32 i
131 2424 250 35 förutnämnda
406 2421 216 43 proposition
646 2420 65 32 den
736 2423 19 28 8
779 2429 92 22 mars
897 2419 87 29 1957
1010 2415 84 32 böra
1119 2413 174 39 tillämpas
1319 2411 74 32 från
1419 2410 63 31 och
1508 2407 79 34 med

97 2470 310 39 redovisningsåret
444 2466 168 41 1958/59.
641 2464 72 32 Det
744 2462 99 33 torde
873 2461 34 33 få
937 2460 191 32 ankomma
1157 2458 46 40 på
1237 2455 126 40 Kungl.
1393 2453 110 41 Maj:t
1534 2456 53 29 att

97 2515 156 33 meddela
280 2517 158 29 närmare
463 2509 263 35 bestämmelser
751 2507 8 33 i
785 2504 235 41 huvudsaklig
1044 2500 346 35 överensstämmelse
1415 2498 79 33 med
1521 2496 67 33 vad

95 2560 59 41 jag
175 2560 62 32 här
260 2557 185 40 föreslagit.
