2168 2586
752 190 88 27 Stats-
855 183 149 43 Utskottets
1018 187 146 29 Utlåtande
1187 187 54 28 N:o
1266 187 42 28 12
1320 199 24 18 a.
1795 189 17 27 5

243 273 79 36 förr
356 273 187 36 vårdades
572 273 12 35 i
613 273 189 47 hemmen,
839 273 206 36 lasaretten
1082 273 93 36 eller
1205 272 255 36 annorstädes
1489 278 104 30 utom
1624 273 230 49 hospitalen,

243 325 169 36 anmälas
457 339 49 22 nu
544 326 58 35 till
639 325 205 48 intagning
873 328 20 33 å
922 325 114 36 dessa
1066 338 136 23 senare
1232 338 82 22 mer
1342 329 47 31 än
1419 324 92 37 förr.
1568 325 199 37 Liknande
1798 339 57 23 er-

242 377 178 37 farenhet
449 378 69 35 har
546 376 155 37 vunnits
731 377 12 35 i
772 377 73 36 alla
875 377 239 36 civiliserade
1144 377 145 47 länder,
1322 376 70 36 och
1422 377 73 36 alla
1523 377 115 36 hafva
1668 378 46 36 de
1739 378 117 36 också

241 429 132 37 derför
402 429 174 47 tvungits
607 434 56 30 att
692 442 80 22 mer
802 429 72 36 och
903 442 80 22 mer
1011 429 160 48 utvidga
1197 429 84 36 sina
1301 428 185 36 anstalter
1506 429 62 36 för
1589 429 265 49 sinnessjukas

243 482 103 36 vård.
404 481 68 36 Ett
501 480 169 49 hospital
698 481 69 36 har
796 481 147 48 knappt
962 481 127 35 blifvit
1109 481 157 48 färdigt,
1288 480 116 36 innan
1425 480 214 37 detsamma
1658 482 196 36 befunnits

242 533 250 47 otillräckligt
522 533 71 35 och
623 535 98 34 måst
748 532 192 49 utvidgas,
971 533 92 35 eller
1092 532 68 36 har
1190 538 99 30 ännu
1320 537 55 31 ett
1403 538 86 42 nytt
1518 536 99 33 måst
1645 533 164 49 byggas.

345 585 145 47 Frågar
528 598 98 33 man,
666 585 94 35 huru
799 585 154 47 mycket
990 587 89 33 våra
1109 585 187 35 anstalter
1325 584 61 36 för
1415 585 246 48 sinnessjuka
1688 585 168 36 behöfva

240 636 180 48 utvidgas
465 636 61 36 för
569 641 55 31 att
666 636 236 47 någorlunda
946 642 194 30 motsvara
1177 637 197 46 behofvet,
1411 637 190 35 erkännes
1630 637 138 48 villigt,
1800 643 55 30 att

242 688 240 47 svårigheter
511 694 103 30 möta
643 694 55 29 att
726 688 89 35 med
843 688 147 36 visshet
1019 688 162 36 besvara
1211 689 125 35 denna
1367 688 120 48 fråga,
1518 701 86 23 men
1635 689 219 48 säkerligen

241 743 121 33 måste
392 753 47 23 en
471 740 104 48 dylik
604 740 233 48 utvidgning
866 753 72 34 ega
966 754 80 22 rum
1077 740 7 35 1
1117 745 124 31 större
1273 740 235 47 omfattning
1537 745 47 30 än
1611 754 86 22 man
1718 741 135 35 hittills

241 792 179 36 förestält
450 792 71 47 sig.
564 792 97 35 Förr
689 792 68 35 har
785 805 88 22 man
902 792 159 47 antagit,
1092 796 56 31 att
1176 792 239 36 beredandet
1444 792 42 35 af
1512 792 100 48 plats
1639 795 20 33 å
1685 792 169 49 hospital

241 844 61 35 för
332 845 151 34 20—25
514 849 162 43 procent
705 843 42 36 af
771 843 104 36 inom
904 850 83 29 vårt
1016 843 88 36 land
1132 843 199 48 befintliga
1361 843 246 48 sinnessjuka
1636 844 122 36 skulle
1780 844 74 36 till-

242 895 223 36 fredsställa
506 895 196 36 behofvet.
759 895 226 36 Emellertid
1027 896 68 35 har
1137 895 273 36 erfarenheten
1446 895 118 36 redan
1602 895 97 36 visat
1728 896 127 36 denna

240 947 228 49 proportion
499 960 92 22 vara
620 947 129 35 alltför
778 947 104 36 liten.

348 999 245 35 Beträffande
636 999 118 35 andra
797 999 132 35 länder
967 998 111 36 ställa
1117 998 61 48 sig
1221 998 271 48 fordringarne
1521 998 12 35 i
1561 999 164 36 berörda
1753 999 101 36 afse-

242 1050 98 36 ende
369 1050 11 35 1
407 1050 208 36 allmänhet
635 1050 89 36 vida
744 1051 137 45 högre;
911 1050 157 36 sålunda
1087 1051 123 34 finnes
1232 1050 61 36 för
1314 1050 104 35 vissa
1438 1051 189 35 kantoner
1648 1050 11 35 i
1681 1050 172 36 Schweiz

243 1103 71 35 och
357 1102 60 35 för
447 1102 136 36 staden
613 1079 268 80 Köpenbamn
899 1102 99 48 plats
1028 1102 145 35 beredd
1202 1105 20 32 å
1252 1102 348 48 sjukvårdsanstalt
1629 1102 59 36 för
1717 1107 137 31 nästan

242 1154 73 35 alla
357 1153 245 48 sinnessjuka
643 1153 105 36 inom
787 1154 46 35 de
863 1153 219 48 respektive
1114 1154 217 35 områdena.
1388 1153 16 35 I
1434 1153 181 48 England
1644 1159 40 30 är
1713 1154 141 35 förhål-

240 1205 131 36 landet
412 1205 12 35 i
468 1205 77 36 viss
589 1208 86 32 mån
717 1205 191 35 liknande.
964 1204 53 36 Af
1045 1205 105 36 detta
1178 1205 110 35 lands
1320 1177 256 81 ginnessjuka,
1607 1218 82 23 som
1719 1206 135 35 beräk-

241 1262 86 31 nats
370 1256 56 36 till
469 1257 233 47 omkring
682 1259 46 33 29
759 1270 48 35 på
839 1258 148 44 10,000,
1018 1257 119 35 vistas
1168 1257 31 48 ej
1232 1270 81 22 mer
1342 1262 48 30 än
1419 1258 154 47 knappa
1602 1259 20 33 8
1652 1263 163 42 procent
1842 1257 13 36 i

241 1309 178 35 hemmen
463 1308 72 36 och
563 1285 82 59 hos
665 1304 197 56 anhöriga,
891 1286 121 58 under
1042 1308 63 36 det
1136 1308 242 36 återståonde
1409 1311 47 33 92
1485 1314 164 43 procent
1677 1309 137 36 vårdas
1842 1309 12 35 i

242 1360 200 48 offentliga
471 1360 72 35 och
573 1360 175 36 enskilda
776 1360 185 36 anstalter
990 1360 41 35 af
1057 1360 102 35 olika
1188 1360 95 48 slag.

345 1411 17 35 I
403 1414 84 33 vårt
529 1411 89 36 land
661 1412 141 35 funnos
836 1411 64 36 vid
930 1417 130 30 senast
1089 1412 199 35 verkställd
1317 1412 166 47 räkning
1512 1412 73 36 den
1615 1414 45 34 31
1694 1412 160 36 Decem-

241 1463 67 36 ber
354 1465 110 45 1880,
509 1466 126 33 såsom
679 1463 118 36 redan
843 1463 102 36 förut
986 1468 41 31 är
1060 1463 171 47 nämndt,
1264 1465 136 45 11,456
1433 1463 255 47 sinnessjuka,
1718 1464 140 35 hvaraf

241 1516 113 46 5,959
398 1520 87 30 män
530 1515 71 35 och
645 1516 110 45 5,497
801 1515 172 47 qvinnor.
1030 1515 123 35 Bland
1195 1515 46 36 de
1273 1515 244 48 sinnessjuka
1546 1520 66 31 äro
1641 1516 211 35 inräknade

240 1569 112 45 4.227
384 1566 151 47 idioter,
565 1566 139 36 hvaraf
730 1569 112 45 2,419
873 1572 83 30 män
989 1567 71 35 och
1092 1568 111 45 1,808
1235 1567 175 47 qvinnor,
1445 1567 152 36 hvadan
1627 1567 110 45 alltså
1766 1567 47 36 de
1842 1567 11 35 i

241 1618 174 48 egentlig
458 1618 157 48 mening
657 1618 243 48 sinnessjuka
934 1618 118 36 blifva
1084 1620 124 45 7,229,
1239 1618 113 36 deraf
1377 1620 113 45 3,540
1520 1623 87 31 män
1638 1619 71 35 och
1739 1620 112 44 3,689

241 1671 175 46 qvinnor.
473 1670 173 47 Antages
677 1669 181 48 Sveriges
889 1670 225 47 folkmängd
1143 1683 91 22 vara
1263 1672 219 46 4,600,000,
1513 1670 72 36 och
1614 1675 55 31 att
1693 1671 72 35 hos
1788 1683 64 23 oss

240 1722 164 35 likasom
446 1721 12 35 i
502 1721 46 36 de
583 1721 112 36 flesta
725 1721 118 36 andra
870 1721 133 36 länder
1033 1723 46 34 26
1111 1721 245 48 sinnessjuka
1387 1722 71 35 och
1486 1722 140 36 idioter
1653 1722 123 35 finnas
1807 1725 47 45 på

241 1775 138 44 10,000
421 1773 194 46 invånare,
659 1773 122 35 skulle
824 1773 102 35 inom
969 1773 130 35 landet
1139 1773 123 35 finnas
1309 1775 138 45 11,960
1490 1773 233 47 sinnessjuka
1779 1774 71 35 och

240 1825 151 46 idioter,
434 1824 147 36 hvilket
623 1825 94 48 föga
759 1824 147 36 afviker
950 1825 83 35 från
1081 1826 97 34 1880
1222 1828 60 33 års
1328 1825 222 48 beräkning.
1616 1825 236 48 Antagligen

240 1877 174 35 kommer
443 1876 33 48 ej
508 1876 120 36 heller
657 1876 102 36 inom
788 1879 84 33 vårt
900 1876 89 36 land
1019 1876 152 36 krafvet
1199 1879 48 45 på
1277 1877 176 47 offentlig
1481 1876 92 36 vård
1595 1877 59 36 för
1674 1877 67 35 allt
1760 1877 93 36 flera

242 1929 72 35 och
356 1928 93 36 flera
492 1928 245 47 sinnessjuka
778 1933 56 30 att
865 1929 185 47 upphöra,
1082 1928 80 35 förr
1191 1933 48 31 än
1269 1929 117 35 sådan
1417 1905 170 59 erhållits
1616 1928 60 36 för
1707 1929 54 35 väl
1794 1934 58 30 tre

240 1980 234 48 fjerdedelar
503 1979 42 36 af
572 1980 97 46 dem,
701 1980 105 35 såväl
835 1979 244 64 sinnessjuka
1109 1993 82 22 som
1221 1980 151 48 idioter,
1408 1980 43 36 af
1475 1980 129 36 hvilka
1634 1993 134 23 senare
1799 1986 55 30 ett

241 2037 98 31 stort
369 2032 102 35 antal
500 2031 111 36 torde
640 2009 168 58 behöfva
837 2032 89 35 vård
958 2034 19 33 å
1007 2027 176 57 offentlig
1212 2010 160 69 anstalt,
1396 2033 104 47 eller,
1531 2032 99 36 efter
1657 2046 51 21 nu
1727 2032 127 35 kända

240 2084 113 46 antal,
395 2083 180 48 omkring
605 2084 125 46 9,000.
788 2083 134 36 Denna
952 2083 104 36 siffra
1085 2088 41 31 är
1157 2096 155 23 snarare
1342 2084 61 36 för
1432 2084 63 48 låg
1523 2089 45 30 än
1601 2084 59 35 för
1689 2084 91 48 hög,
1810 2090 40 42 ty

239 2148 272 35 noggrannare
555 2135 168 47 räkning
765 2135 122 35 skulle
931 2135 219 47 säkerligen
1179 2135 71 36 här
1279 2136 160 35 likasom
1471 2135 255 36 annorstädes
1757 2135 93 49 visa,

239 2192 56 31 att
336 2188 107 47 långt
484 2187 100 36 ifrån
627 2186 73 36 alla
730 2186 109 48 sjuka
867 2187 258 36 medräknats.
1184 2187 66 35 Att
1279 2188 200 35 häribland
1507 2188 140 35 idioter
1674 2187 177 36 inberäk-

239 2244 99 41 nats,
368 2239 75 36 kan
472 2240 86 35 icke
587 2238 11 36 1
627 2238 194 48 väsentlig
848 2241 85 33 mån
961 2238 160 36 inverka
1140 2241 49 45 på
1218 2239 149 48 frågan,
1398 2244 91 31 enär
1518 2239 113 36 desse
1661 2239 84 36 från
1762 2253 90 34 syn-

239 2291 170 47 punkten
455 2291 42 36 af
535 2290 170 49 behöflig
734 2290 91 36 vård
855 2295 64 31 äro
949 2290 57 37 till
1036 2295 81 31 stor
1146 2290 61 38 del
1236 2291 209 50 likställige
1476 2292 85 37 med
1593 2291 256 49 sinnessjuka,
