2184 2671
361 224 63 31 174
875 215 261 35 Statsutskottets
1159 212 170 34 utlåtande
1353 212 53 33 Nr
1430 213 29 31 8.

363 304 317 47 undervisningen
715 302 13 34 i
756 300 105 48 fråga
888 311 85 25 vore
1001 298 177 48 anslagna
1205 309 44 22 en
1278 293 201 51 professur,
1509 306 44 22 en
1581 288 390 48 assistentbefattning

363 357 68 37 och
468 361 51 31 ett
547 351 376 50 docentstipendium.
977 349 190 37 Utskottet
1195 347 101 36 delar
1324 345 100 49 förty
1451 344 249 36 motionärens
1728 340 244 50 uppfattning

363 410 13 34 i
413 411 38 33 så
491 410 128 40 måtto,
649 410 53 31 att
736 404 62 36 det
824 416 107 23 anser
959 401 71 37 den
1058 406 105 31 extra
1190 398 185 37 ordinarie
1408 395 236 51 professuren
1670 395 92 36 böra
1788 391 184 49 indragas,

363 461 190 36 hvaremot
593 458 179 35 utskottet
799 455 80 36 icke
907 466 107 24 anser
1053 453 57 48 sig
1136 453 126 34 kunna
1288 449 199 49 tillstyrka,
1517 452 53 31 att
1597 443 335 50 docentstipendiet
1960 444 13 34 i

364 511 165 49 praktisk
570 509 136 48 teologi
746 505 192 38 förändras
969 505 57 36 till
1055 509 53 31 ett
1134 501 173 38 liknande
1336 499 225 50 stipendium
1588 499 13 36 i
1628 491 343 59 religionshistoria.

364 564 56 36 Då
459 560 209 38 emellertid
708 559 188 48 åtskilliga
921 558 14 35 i
962 554 178 39 samband
1168 553 84 37 med
1278 552 274 48 indragningen
1579 549 40 36 af
1643 549 71 36 den
1742 553 103 31 extra
1873 545 99 38 ordi-

364 615 102 36 narie
507 611 238 51 professuren
786 609 150 37 stående
973 606 179 51 spörsmål
1186 624 47 5 —
1261 610 25 31 t.
1317 617 56 23 ex.
1402 602 272 49 dispositionen
1702 599 39 37 af
1764 600 210 35 inkomsten

363 665 42 37 af
443 666 111 46 Börje
594 662 352 50 prebendepastorat
974 679 48 4 —
1048 658 105 37 torde
1194 657 80 36 före
1314 661 52 31 ett
1394 655 184 35 definitivt
1605 653 122 36 beslut
1756 650 84 36 från
1866 650 109 36 Riks-

366 717 138 47 dagens
532 715 79 34 sida
637 715 89 34 böra
752 714 148 33 komma
926 711 118 34 under
1072 708 250 47 ompröfning,
1351 706 56 35 får
1435 706 191 41 utskottet,
1647 703 117 35 under
1782 701 195 35 förväntan

367 772 55 31 att
462 765 140 49 förslag
641 777 60 24 om
741 760 282 51 ifrågavarande
1063 764 104 32 extra
1208 757 186 37 ordinarie
1431 753 206 52 professurs
1665 752 225 48 indragning
1917 752 61 33 må

366 820 129 35 kunna
523 816 208 48 föreläggas
758 819 105 31 nästa
890 817 58 32 års
976 811 159 48 riksdag,
1163 810 194 36 hemställa

874 861 31 48 I)
934 869 55 31 att
1017 863 136 47 Kungl.
1182 861 125 47 Maj:ts
1335 857 238 38 förevarande
1598 855 273 46 framställning
1898 853 79 36 icke

775 919 60 33 må
854 915 39 36 af
909 915 211 48 Riksdagen
1147 911 157 45 bifallas,
1333 914 94 32 samt

876 964 48 48 II)
952 972 52 30 att
1031 966 85 35 herr
1144 963 292 37 Christiernsons
1455 957 268 40 ofvanberörda
1741 957 140 36 motion
1901 955 79 36 icke

775 1022 59 34 må
861 1019 57 35 till
946 1021 121 45 någon
1095 1015 227 48 Riksdagens
1351 1011 129 50 åtgärd
1507 1009 222 38 föranleda.»

473 1126 73 37 Vid
571 1125 117 49 punkt
715 1124 51 36 35
794 1120 203 51 (angående
1025 1132 73 37 nya
1124 1119 155 47 tjänster
1306 1115 63 37 vid
1396 1115 45 36 de
1470 1115 183 35 allmänna
1680 1106 244 48 läroverken):

472 1177 40 36 af
536 1178 126 34 herrar
690 1176 43 35 A.
766 1173 36 38 C.
834 1172 195 43 Lindblad,
1058 1170 42 36 F.
1137 1169 48 35 W.
1220 1169 188 42 Thorsson,
1438 1164 38 38 C.
1505 1165 165 41 Persson,
1700 1162 44 36 K.
1778 1160 40 37 V.
1840 1160 140 47 Rydén,

370 1229 38 36 J.
449 1228 48 37 4.
526 1227 65 49 Sjö
619 1227 68 36 och
716 1225 51 36 N.
797 1224 43 36 E.
872 1222 193 45 Lindberg,
1094 1221 123 35 hvilka
1245 1223 131 39 ansett,
1405 1222 54 31 att
1487 1216 199 35 utskottets
1712 1211 174 51 yttrande
1913 1211 68 36 och

371 1280 140 48 förslag
538 1279 85 36 bort
650 1276 109 37 hafva
788 1275 161 49 följande
977 1273 160 49 lydelse:

479 1345 12 15 »
499 1330 75 36 Vid
601 1327 290 51 genomförande
919 1344 49 5 —
995 1347 48 4 —
1069 1342 48 5 —
1145 1321 268 37 humanistiska
1441 1326 145 29 ämnen.

473 1381 103 36 Inför
616 1380 102 35 detta
756 1378 140 47 förslag
935 1377 59 35 till
1033 1361 215 68 ytterligare
1285 1373 142 51 ökning
1467 1368 39 37 af
1544 1369 71 35 den
1651 1366 185 37 ordinarie
1868 1365 115 35 lärar-

373 1433 218 50 personalen
631 1431 66 36 har
733 1430 183 35 utskottet
942 1427 80 36 icke
1050 1427 141 34 kunnat
1218 1428 112 31 annat
1358 1430 47 28 än
1432 1421 106 36 ställa
1566 1420 57 47 sig
1649 1418 193 36 tveksamt.
1896 1414 88 36 Vis-

373 1485 161 48 serligen
562 1484 76 43 har,
668 1484 119 33 såsom
815 1481 11 34 i
855 1476 402 49 statsrådsprotokollet
1285 1472 223 43 framhålles,
1539 1467 248 52 uppförandet
1806 1466 118 37 under
1939 1465 45 36 de

374 1548 128 24 senare
530 1537 88 33 åren
646 1536 20 32 å
693 1532 184 36 ordinarie
906 1535 71 30 stat
1005 1528 39 36 af
1069 1527 62 36 det
1160 1532 97 30 stora
1284 1526 139 34 antalet
1450 1523 254 46 lärartjänster
1732 1522 91 33 stått
1849 1519 13 33 i
1890 1530 95 22 sam-

373 1585 101 38 band
502 1584 84 36 med
614 1584 62 36 det
703 1582 93 36 både
824 1580 39 37 af
889 1580 134 48 Kungl.
1051 1578 107 47 Maj:t
1185 1577 69 35 och
1282 1575 39 36 af
1337 1574 211 47 Riksdagen
1566 1569 215 50 behjärtade
1802 1567 182 38 sträfvan-

375 1638 62 35 det
477 1641 54 31 att
572 1636 97 35 hålla
709 1634 61 35 det
810 1630 256 49 öfverklagade
1108 1633 176 45 systemet
1320 1625 84 37 med
1431 1629 109 32 extra
1565 1625 117 34 lärare
1709 1623 101 34 inom
1839 1619 147 47 rimliga

374 1696 164 41 gränser,
567 1687 68 35 och
663 1686 58 35 väl
751 1685 114 35 håller
893 1683 179 35 utskottet
1100 1681 65 35 allt
1192 1677 228 38 fortfarande
1449 1675 89 44 före,
1567 1679 53 31 att
1644 1673 71 36 den
1734 1684 134 36 genom
1890 1671 95 34 1904

375 1743 60 33 års
461 1735 325 39 läroverksreform
814 1736 13 33 i
855 1734 116 35 utsikt
998 1731 133 36 ställda
1157 1729 272 47 förbättringen
1449 1725 38 37 af
1505 1731 105 31 extra
1627 1726 164 33 lärarnas
1812 1722 176 46 ställning

376 1791 67 36 bör
470 1791 12 34 i
510 1789 209 47 möjligaste
747 1789 85 33 mån
860 1785 83 36 dem
971 1782 315 49 tillgodokomma,
1302 1792 84 23 men
1414 1778 182 36 utskottet
1622 1776 66 35 har
1708 1777 20 33 å
1747 1773 114 36 andra
1881 1772 106 36 sidan

379 1841 85 36 med
503 1841 146 47 hänsyn
688 1839 58 34 till
787 1836 71 36 den
894 1834 200 37 sväfvande
1122 1833 188 46 ställning,
1339 1831 105 35 hvari
1472 1829 83 35 hela
1581 1824 320 48 läroverksfrågan
1929 1822 58 36 för

378 1891 228 37 närvarande
642 1890 167 35 befinner
845 1889 56 45 sig
937 1886 68 36 och
1038 1884 71 36 den
1137 1884 186 35 allmänna
1350 1880 160 36 revision
1538 1878 39 36 af
1603 1875 220 38 hithörande
1851 1874 138 36 förhål-

378 1943 148 42 landen,
568 1954 77 23 som
681 1942 102 33 inom
820 1951 44 22 en
893 1937 139 48 ganska
1059 1948 85 23 snar
1172 1932 152 37 framtid
1350 1931 106 36 torde
1482 1929 117 37 blifva
1626 1941 46 23 en
1700 1925 287 48 nödvändighet,

379 1997 96 33 måst
515 1992 57 36 för
612 1993 55 46 sig
707 1990 187 48 uppställa
932 1987 143 48 frågan,
1117 1998 60 24 om
1216 1985 80 35 icke
1337 1982 119 36 denna
1492 1979 224 48 förbättring
1742 1978 67 35 bör
1836 1974 153 38 beredas

379 2043 281 49 ifrågavarande
701 2046 105 31 extra
846 2039 168 49 personal
1055 2040 46 45 på
1141 2040 112 31 annat
1294 2039 71 31 sätt
1405 2040 46 28 än
1479 2044 135 36 genom
1640 2028 210 37 inrättande
1878 2026 40 36 af
1944 2039 46 22 en

380 2095 138 48 mängd
545 2106 75 37 nya
647 2092 184 36 ordinarie
859 2091 168 46 tjänster,
1056 2101 80 23 som
1163 2086 61 36 vid
1252 2085 71 36 den
1351 2082 190 37 blifvande
1568 2081 210 36 revisionen
1806 2076 184 38 måhända

380 2147 147 35 komme
555 2150 54 30 att
636 2145 77 34 visa
740 2144 57 46 sig
824 2143 78 34 icke
930 2140 87 36 fullt
1044 2138 194 48 behöfliga.
1293 2136 189 36 Utskottet
1509 2133 67 36 vill
1594 2133 11 35 i
1625 2131 129 37 sådant
1781 2127 210 38 hänseende

383 2198 122 35 erinra
532 2208 59 23 om
620 2194 77 36 dels
725 2193 62 36 det
814 2190 205 50 inflytande
1046 2188 227 37 inrättandet
1300 2186 39 36 af
1364 2185 44 36 de
1427 2184 237 36 kommunala
1682 2181 311 36 mellanskolorna

383 2249 72 34 kan
491 2248 147 34 komma
674 2250 52 30 att
762 2243 83 36 öfva
872 2244 12 34 i
911 2242 168 47 riktning
1107 2239 38 36 af
1171 2238 215 46 minskning
1413 2235 39 37 af
1478 2233 310 50 lärjungeantalet
1815 2232 13 34 i
1856 2231 43 35 de
1928 2230 66 35 all-

384 2306 135 28 männa
558 2297 232 36 läroverkens
830 2296 101 46 lägre
971 2294 138 34 klasser
1148 2290 83 36 med
1273 2287 107 37 däraf
1413 2286 164 48 följande
1604 2282 186 39 minskadt
1818 2280 114 38 behof
1958 2278 40 38 af
