2177 2671
354 217 59 32 176
860 207 264 35 Statsutskottets
1147 202 169 34 utlåtande
1339 201 53 32 Nr
1417 202 29 31 8.

351 299 168 47 anslaget
546 302 40 30 är
613 292 304 50 oundgängligen
944 288 190 48 behöfligt.
1185 285 71 36 Det
1282 283 66 37 vill
1376 280 124 38 därför
1528 291 108 38 synas
1665 277 192 43 utskottet,
1887 287 79 23 som

352 363 63 24 om
456 362 44 23 en
541 347 157 49 höjning
738 343 39 38 af
807 344 165 47 anslaget
1001 339 83 37 från
1115 338 109 44 1,500
1250 338 135 34 kronor
1413 332 57 37 för
1496 329 248 49 läsafdelning
1770 327 58 36 till
1857 327 109 44 2,500

354 403 137 35 kronor
531 399 118 37 skulle
688 400 47 46 på
776 400 51 32 ett
862 394 128 47 rikligt
1023 396 72 32 sätt
1121 388 194 50 tillgodose
1342 382 281 52 ifrågavarande
1651 380 232 38 seminariers
1911 378 58 35 in-

355 459 154 31 tressen.
568 449 104 38 Efter
712 448 45 36 de
797 445 40 38 af
877 439 406 54 departementschefen
1324 436 167 39 använda
1529 430 441 51 beräkningsgrunderna

357 505 120 37 skulle
505 507 53 32 ett
584 500 105 38 bifall
717 500 58 36 till
803 511 44 24 en
876 497 113 36 sådan
1015 493 275 47 framställning
1317 487 165 39 medföra
1510 500 45 23 en
1575 485 155 49 höjning
1749 482 39 37 af
1805 483 165 47 anslaget

358 558 58 35 till
446 555 135 45 30,000
607 555 148 34 kronor.

461 606 189 37 Utskottet
678 602 57 38 får
764 602 106 36 alltså
896 598 195 39 hemställa

866 657 53 31 att
945 649 211 49 Riksdagen
1183 649 60 34 må

867 701 35 45 a)
954 720 25 5 —
1017 719 38 5 —
1094 717 37 6 —
1167 717 37 4 —
1241 718 42 6 —
1310 695 156 48 lydelse:

866 755 32 35 6.
952 747 301 42 Statsunderstöd
1300 768 19 6 —
1364 764 30 5 —
1435 762 35 6 —
1506 761 92 6 ——
1634 759 36 6 —
1701 739 107 45 2,500
1837 738 137 35 kronor

767 806 57 36 för
851 805 126 46 hvarje
1005 800 258 47 läsafdelning.

866 853 39 49 b)
933 855 86 47 höja
1075 872 32 4 —
1150 870 33 5 —
1225 868 34 5 —
1300 867 34 6 —
1368 867 42 4 —
1436 848 58 34 till
1535 845 135 44 30,000
1710 843 136 35 kronor
1887 841 89 46 eller

768 908 84 37 med
881 907 133 46 10,000
1043 905 169 35 kronor.”

468 1015 74 36 Vid
566 1013 118 50 punkt
711 1011 51 37 46
790 1007 204 51 (angående
1022 1004 324 50 förslagsanslaget
1375 1001 58 36 till
1457 998 244 38 lönetillskott
1721 999 36 33 åt
1778 996 118 35 lärare
1915 992 62 37 vid

368 1068 204 38 folkskolor
599 1065 68 36 och
695 1057 230 50 småskolor):

468 1118 40 36 af
531 1118 128 35 herrar
696 1115 44 35 ÅA.
778 1111 42 38 G.
854 1112 44 36 L.
928 1110 151 47 Billing,
1109 1106 126 50 grefve
1262 1105 44 36 A.
1334 1103 43 37 F.
1414 1101 273 43 Wachtmeister,
1717 1097 124 50 grefve
1870 1096 41 37 P.
1937 1093 39 38 0.

368 1172 43 35 L.
440 1170 207 46 Klingspor,
673 1166 159 36 friherre
859 1162 36 37 J.
928 1161 40 37 G.
995 1158 218 39 Beck-Friis
1240 1157 69 36 och
1336 1155 45 37 ÅA.
1410 1154 42 36 P.
1484 1151 228 47 Gustafsson.

469 1271 76 36 Vid
567 1269 118 48 punkt
709 1267 50 37 49
786 1262 205 52 (angående
1018 1261 168 41 tekniska
1212 1257 222 50 högskolans
1462 1259 73 32 stat
1562 1253 58 36 för
1648 1256 38 32 år
1717 1252 95 35 1913
1833 1263 48 22 m.
1902 1248 77 43 m.):

471 1321 39 37 af
545 1322 86 34 herr
673 1318 43 36 K.
756 1316 185 42 Starbäck,
983 1326 78 23 som
1102 1316 130 37 ansett,
1275 1314 53 31 att
1368 1307 182 36 utskottet
1589 1304 85 36 bort
1711 1301 84 37 med
1824 1301 157 47 tillstyr-

369 1374 120 37 kande
517 1371 40 37 af
581 1371 135 47 Kungl.
745 1368 124 47 Maj:ts
897 1365 127 36 därom
1052 1362 130 50 gjorda
1208 1359 276 46 framställning
1511 1354 205 44 hemställa,
1746 1357 54 31 att
1819 1352 164 46 anslaget

370 1426 58 36 till
468 1422 203 48 samlingar
711 1420 62 36 och
811 1416 237 38 laborationer
1084 1416 114 33 måtte
1229 1412 221 35 bestämmas
1477 1407 58 36 till
1564 1406 135 43 20,500
1726 1405 137 34 kronor
1890 1405 94 32 samt

370 1482 55 31 att
466 1475 185 47 anslagets
692 1473 220 34 slutsumma
951 1465 155 38 sålunda
1147 1467 113 33 måtte
1301 1460 86 37 ökas
1428 1459 84 36 från
1549 1458 159 43 281,400
1736 1456 137 34 kronor
1901 1451 84 37 med

370 1528 216 49 ytterligare
615 1524 109 44 3,000
752 1523 137 34 kronor
915 1519 58 35 till
1003 1516 160 44 304,350
1191 1515 146 35 kronor.

472 1627 77 37 Vid
569 1625 119 49 punkt
712 1624 68 36 131
809 1620 205 50 (angående
1034 1616 294 38 hushållsskolan
1346 1614 62 36 vid
1427 1614 112 46 högre
1557 1596 427 64 lärarinneseminariet):

475 1678 39 37 af
538 1676 127 50 grefve
692 1675 43 36 F.
773 1672 271 42 Wachtmeister,
1074 1682 77 23 som
1180 1672 119 31 ansett
1327 1670 53 31 att
1406 1664 181 36 utskottet
1613 1662 84 35 bort
1715 1658 194 37 hemställa
1927 1668 59 23 om

373 1731 106 37 bifall
519 1730 58 35 till
617 1727 135 47 Kungl.
793 1724 122 47 Maj:ts
947 1721 140 47 förslag
1115 1732 61 23 om
1204 1716 232 50 uppförande
1464 1713 40 37 af
1528 1714 165 46 anslaget
1720 1710 58 36 till
1808 1719 179 37 expenser

374 1781 85 38 med
495 1781 109 45 2,000
632 1780 137 35 kronor
796 1780 95 32 samt
919 1772 235 50 följaktligen
1182 1769 39 36 af
1247 1768 71 37 den
1347 1763 275 50 sammanlagda
1650 1762 336 48 anslagssummans

373 1831 239 51 apptagande
639 1830 58 35 till
726 1828 135 44 34,850
888 1827 149 33 kronor.

477 1933 76 36 Vid
577 1931 115 49 punkt
720 1929 79 37 202
827 1925 203 51 (angående
1057 1920 269 52 religionsvård
1353 1923 37 33 åt
1417 1918 153 37 svenska
1598 1917 144 47 sjömän
1769 1927 48 22 m.
1833 1913 37 35 f.
1899 1913 12 34 i
1931 1915 59 31 ut-

376 1985 153 38 ländska
555 1978 190 48 hamnar):

479 2035 40 36 af
543 2036 127 34 herrar
697 2032 158 36 friherre
883 2028 35 36 J.
951 2026 41 37 G.
1022 2024 223 44 Beck-Friis,
1278 2021 38 38 C.
1347 2020 42 38 G.
1418 2020 157 43 Ekman,
1607 2016 38 38 C.
1675 2017 163 41 Persson,
1868 2013 45 36 KR.
1949 2010 41 37 V.

379 2086 129 49 Rydén
548 2086 68 36 och
656 2083 36 37 J.
722 2082 45 36 4.
798 2080 70 48 Sjö,
906 2079 125 36 hvilka
1063 2081 132 39 ansett,
1238 2079 53 31 att
1330 2073 201 35 utskottets
1558 2067 173 52 yttrande
1758 2066 68 36 och
1854 2063 138 47 förslag

378 2139 84 36 bort
489 2136 109 37 hafva
623 2133 163 50 följande
813 2131 164 50 lydelse:

485 2188 93 36 »För
604 2184 248 39 innevarande
880 2185 39 32 år
946 2199 49 6 —
1022 2198 49 5 —
1100 2197 45 5 —
1174 2190 45 23 en
1246 2178 12 34 i
1287 2175 209 36 Kristiania.

481 2239 190 36 Utskottet
698 2237 77 43 har,
805 2235 46 35 då
879 2233 44 36 de
951 2230 40 37 af
1015 2224 410 54 departementschefen
1454 2222 126 38 härför
1608 2219 153 38 anförda
1789 2218 77 36 skäl
1890 2221 104 44 synts

376 2290 182 49 vägande,
599 2289 79 36 icke
718 2288 99 35 velat
850 2287 174 34 motsätta
1052 2283 67 46 sig,
1149 2284 52 32 att
1229 2274 275 41 ofvannämnda
1530 2272 231 39 verksamhet
1789 2267 207 39 utsträckes
