2167 2745
340 229 18 29 2
738 226 410 42 Konstitutions-Utskotiots
1172 226 165 33 Memorial
1360 226 63 31 N:o
1447 228 25 29 I.

297 311 32 44 ej
355 310 115 35 kunna
497 307 114 37 åtalas
638 309 231 48 annorlunda,
898 314 45 31 än
971 310 112 35 denna

299 360 290 48 Tryckfrihetslag
617 362 130 46 bjuder.

348 484 122 37 Under
510 484 98 36 ordet
649 482 122 49 Skrift,
814 497 73 23 som
927 485 11 34 i
970 485 114 34 denna

301 537 72 48 Lag
414 537 138 48 nyttjas,
594 535 102 37 skall:
723 537 126 36 förstås
889 537 64 35 allt
980 536 104 45 hvad,

297 603 125 35 genom
449 590 125 48 Tryck,
602 589 108 36 under
726 589 252 37 allmänhetens
993 594 90 43 ögon

296 644 131 48 lägges.
482 642 79 37 Med
603 642 182 36 Periodisk
820 643 108 36 Skrift
957 642 126 36 förstås

296 709 43 23 en
367 696 118 45 sådan,
514 707 73 24 som
614 695 11 35 i
652 695 256 48 nummerföljd,
937 695 84 37 eller
1040 694 44 49 på

296 750 178 34 bestämda
501 748 88 35 tider
617 748 160 46 utgifves.

350 820 52 34 3:0
451 816 88 46 Inga
578 816 209 46 Privilegier
832 816 45 49 på
918 814 165 37 Skrifters

297 870 213 48 utgifvande,
560 870 45 49 af
644 869 93 36 hvad
777 869 102 44 form
923 869 58 36 och
1030 869 53 34 be-

295 922 192 43 skaffenhet
525 923 41 34 de
605 933 88 24 vara
732 923 67 46 må,
830 922 94 36 skola
950 922 130 35 hädan-

296 977 89 43 efter
425 975 171 48 behöfvas,
637 978 86 32 utan
763 986 81 24 vare
869 975 65 49 för
965 972 118 48 hvarje

297 1027 204 51 Författare
540 1027 81 36 eler
660 1026 222 47 Förläggare,
925 1027 55 46 thy
1007 1028 76 43 för-

295 1085 96 42 utan,
430 1080 309 48 ulgifningsrätten
779 1081 45 49 af
861 1081 127 44 trycket
1017 1079 67 50 fri,

297 1135 131 35 andras
454 1135 108 34 redan
588 1133 156 35 erhållna
770 1133 216 35 uteslutande
1012 1135 74 32 rätt

297 1188 82 34 dock
423 1184 217 45 oförkränkt.
710 1185 117 36 Sådan
870 1183 216 37 uteslutande

296 1243 72 31 rätt
411 1240 57 34 må
510 1239 207 42 hädanefter
757 1237 37 46 ej
822 1238 176 43 förunnas
1035 1238 51 45 på

296 1291 121 46 längre
446 1291 51 35 tid
522 1295 45 31 än
595 1289 116 47 Tjugu
737 1290 48 35 år.
839 1289 50 36 På
915 1289 172 36 obestämd

299 1344 60 46 tid,
397 1344 108 34 redan
544 1343 190 46 förunnad,
759 1342 93 46 gälle
878 1342 124 35 endast
1024 1342 62 48 för

299 1397 82 35 dens
416 1395 127 50 lifstid,
576 1407 70 24 som
677 1396 65 35 den
768 1393 145 37 erhållit.
967 1393 115 36 Privi-

299 1449 101 46 leyier
423 1446 56 49 på
509 1446 168 39 Skrifters
703 1447 213 47 utgifvande,
934 1446 152 43 förlänta

300 1502 54 35 till
381 1500 191 36 Allmänna
599 1499 262 47 Inrättningars
889 1500 196 45 understöd,

298 1559 61 41 äge
399 1555 30 43 e&
462 1555 101 47 kraft
582 1553 67 44 för
676 1553 117 45 längre
821 1553 51 35 tid
899 1556 46 31 än
975 1552 113 45 Tjugu

298 1608 51 41 år,
389 1605 158 36 räknade
583 1606 90 49 från
705 1607 112 34 denna
844 1606 85 46 dags
957 1605 127 34 datum.

301 1658 126 46 Kongl.
470 1657 101 48 Maj:t
603 1657 89 36 dock
725 1658 168 45 obetaget,
922 1659 50 32 att
1000 1657 87 45 dem,

299 1711 119 46 hvarje
463 1710 103 47 gång,
611 1710 42 47 på
680 1710 101 47 högst
809 1709 117 47 Tjugu
956 1708 38 35 år
1021 1708 66 35 för-

298 1775 80 36 nya.

352 1833 55 34 9:o
441 1833 132 43 IHvarje
599 1828 118 51 Skrift
742 1841 83 25 vare
844 1829 244 49 Författarens

300 1883 80 37 eller
424 1883 86 36 hans
549 1886 90 32 rätts
680 1882 127 46 lagliga
845 1882 244 43 innehafvares

300 1937 166 46 egendom.
520 1934 81 36 Men
631 1933 43 38 så
699 1935 116 48 framt
845 1934 242 42 Författarens

301 1990 185 48 arfvingar
538 1988 80 34 eller
661 1984 314 46 rättsinnehafvare
1014 1985 75 36 icke

303 2043 91 34 inom
432 2040 113 46 Tjugu
584 2041 42 34 år
659 2040 90 43 från
776 2039 85 35 hans
889 2039 66 35 död
980 2037 107 45 utyrf-

301 2092 324 48 nings-rättigheten
666 2092 179 48 begagnat,
873 2091 176 43 äfvensom
1075 2091 14 34 ti

301 2146 161 36 händelse
488 2148 47 33 ett
561 2144 127 37 sådant
716 2144 217 48 begagnande
960 2142 75 37 icke
1049 2143 45 48 af

303 2201 74 35 dem
416 2200 90 34 inom
545 2198 102 36 hvart
675 2197 175 47 Tjugonde
869 2197 41 35 år
928 2196 160 47 förnyas,

303 2252 121 37 stånde
463 2251 87 36 hvar
595 2250 57 35 och
692 2261 41 24 en
773 2252 99 45 öppet
911 2252 51 32 att
1002 2246 86 38 För-

298 2305 180 49 faltarens
507 2296 16 62 —
538 2302 245 50 efterlemnade
842 2301 150 45 Skrifter
1041 2300 54 50 af

306 2357 128 44 trycket
483 2355 148 48 utgifva.
697 2354 153 37 Hvilken
889 2366 69 24 som
997 2352 94 46 eljest

309 2408 112 43 Skrift
462 2406 134 47 trycker
636 2407 81 36 eller
744 2407 234 48 eftertrycker,
1006 2409 85 33 utan

1128 310 13 34 i
1169 321 115 24 annan
1312 309 145 46 ordning
1484 307 81 36 eller
1591 308 13 34 i
1631 311 105 32 annat
1761 307 85 48 fall,
1866 311 46 32 än

1129 363 112 35 denna
1282 362 55 46 lag
1377 362 153 46 stadgar,
1571 363 116 34 kunna
1709 361 63 48 för
1800 360 114 46 tryckt

1128 416 125 49 skrifts
1283 414 152 36 innehåll
1471 412 142 37 tilltalas
1653 412 80 36 eller
1760 413 151 43 straffas.

1179 485 122 36 Under
1344 485 98 35 ordet
1488 484 110 47 skrift,
1640 496 72 24 som
1753 484 10 35 i
1800 484 115 35 denna

1127 538 59 47 lag
1236 538 138 48 nyttjas,
1415 537 91 35 skall
1546 536 123 36 förstås
1710 536 62 36 allt
1810 536 103 41 hvad,

1128 603 124 35 genom
1279 591 110 48 tryck,
1419 590 108 36 under
1555 589 251 36 allmänhetens
1825 593 91 44 ögon

1127 644 129 48 lägges.
1309 643 80 36 Med
1436 643 173 48 periodisk
1651 642 101 36 skrift
1791 642 124 36 förstås

1128 709 42 24 en
1198 697 119 46 sådan,
1345 709 73 23 som
1445 697 10 34 i
1484 695 254 48 nummerföljd,
1766 695 85 36 eller
1871 694 44 49 på

1127 750 176 35 bestämda
1331 749 86 35 tider
1444 749 159 46 utgifves.

1181 819 53 35 3:0
1275 816 185 47 Angående
1499 816 200 46 eganderätt
1732 813 53 37 till
1811 813 106 43 skrift

1124 869 89 47 gälle
1248 871 90 35 hvad
1363 882 72 24 som
1461 870 140 45 stadgas
1628 868 16 35 t
1668 868 152 37 särskild
1847 868 66 46 lag,

1125 924 128 42 stiftad
1283 924 13 33 i
1323 924 64 34 den
1411 923 144 45 ordning
1583 922 47 36 87
1660 922 27 46 $
1716 920 200 47 Regerings-

1130 978 132 46 formen
1286 974 241 45 föreskrifver.

1182 1497 205 47 Privilegier
1442 1497 20 35 å
1514 1496 158 36 skrifters
1713 1494 205 48 utgifvande

1131 1551 57 35 må
1226 1551 72 34 icke
1324 1550 205 43 hädanefter
1556 1546 187 45 meddelas;
1771 1547 148 35 Konun-

1134 1615 67 35 gen
1230 1603 87 34 dock
1346 1602 163 46 obetaget
1536 1604 50 32 att
1612 1601 133 35 sådana
1775 1599 53 35 till
1856 1597 61 37 all-

1131 1660 129 31 männa
1299 1655 254 45 inrättningars
1593 1653 185 35 understöd
1811 1653 109 34 redan

1130 1708 155 43 förlänta
1325 1707 121 46 hvarje
1486 1708 95 44 gång
1622 1705 43 47 på
1691 1705 102 45 högst
1820 1704 99 46 tjugu

1133 1760 38 35 år
1194 1759 134 48 förnya.
