1884 2848
539 174 262 33 tatsutskottets
825 178 184 30 memorial
1034 177 51 31 Nr
1110 180 70 29 106.
1541 181 18 30 ed

139 299 65 39 IIT)
227 303 33 35 a)
292 320 38 2 —
362 302 73 32 med
465 304 213 31 uteslutande
873 325 46 2 nr
1075 326 135 5 —
1303 327 103 4 ——
1434 328 37 3 —
1498 328 38 4 —
1564 328 37 3 —

96 370 39 2 —
168 371 37 3 —
239 371 36 3 —-
309 372 38 3 —
376 373 35 3 —
441 374 36 2 —
504 374 33 2 —
570 375 37 3 —
636 375 37 3 —
699 360 48 29 ett
772 358 170 32 ordinarie
967 360 266 37 förslagsanslag
1257 363 20 29 å
1301 361 138 37 349,500
1464 363 138 35 kronor;

142 404 62 38 IIT)
229 405 33 37 b)
294 424 38 2 —
363 407 73 31 med
467 408 213 32 uteslutande
713 400 29 49 —
776 428 11 2 -
1104 431 38 3 —
1236 432 38 3 —
1368 432 9 3 -
1498 433 38 3 —

97 474 36 3 —
178 475 25 1 —
235 475 37 3 -
306 476 38 3 —
371 476 38 4 —
436 477 38 2 —
502 478 37 3 —
566 478 38 3 —
633 479 36 2 —
696 463 47 29 ett
767 462 173 32 ordinarie
966 464 267 37 förslagsanslag
1256 467 20 29 å
1301 466 138 36 245,300
1463 466 139 35 kronor;

92 507 20 32 CR
492 529 40 3 —
821 532 38 4 R
952 534 38 2 ER
1017 534 40 2 RS
1083 534 38 2 fr
1408 536 43 4 —
1477 537 37 3 —
1541 530 58 16 —)»

813 713 63 37 2:0)

136 802 131 37 Kungl.
302 804 99 36 Maj:t
425 804 85 32 hade
534 805 11 30 i
568 806 235 32 ovanberörda
826 809 207 35 proposition
1057 810 187 37 föreslagit,
1267 813 52 29 att
1341 812 64 31 den
1429 813 59 31 vid
1512 810 89 45 Upp-

92 854 73 31 sala
187 855 222 32 universitets
431 857 194 36 egendoms-
648 859 62 30 och
732 859 318 56 skogsförvaltning
1074 862 169 31 anställde
1259 863 122 37 fogden
1397 866 106 30 måtte
1518 865 82 32 hän-

93 905 91 32 föras
208 907 56 30 till
287 908 313 37 avlöningsgraden
622 909 30 31 B
670 911 50 30 27.

135 958 174 32 Utskottet
343 960 86 31 hade
464 961 12 30 i
510 961 58 31 sitt
602 961 198 33 förberörda
835 964 177 32 utlåtande
1047 976 43 20 nr
1118 967 40 31 87
1192 967 107 32 under
1322 969 152 35 punkten
1497 970 48 38 II)
1570 972 29 36 e)

92 1011 185 36 hemställt,
313 1012 103 31 bland
439 1014 115 36 annat,
578 1023 56 21 om
657 1016 216 36 upptagande
895 1027 46 21 av
964 1017 64 32 den
1053 1019 58 31 vid
1135 1019 254 33 universitetets
1412 1022 12 29 i
1448 1017 151 45 Uppsala

90 1063 194 36 egendoms-
318 1065 62 30 och
415 1065 315 39 skogsförvaltning
761 1069 172 31 anställda
956 1071 198 35 personalen
1179 1072 11 30 i
1214 1073 154 47 angivna
1392 1070 206 46 lönegrader,

91 1115 181 33 däribland
295 1117 123 37 fogden
442 1118 12 30 i
477 1118 311 38 avlöningsgraden
812 1121 29 31 B
858 1122 50 30 26.

134 1168 17 31 I
185 1178 42 21 en
262 1169 59 31 vid
356 1170 178 31 utskottets
566 1171 177 32 utlåtande
766 1172 113 38 fogad,
903 1185 44 20 av
971 1175 78 31 herr
1071 1176 43 31 ÅA.
1140 1177 38 31 F.
1208 1177 219 33 Vennersten
1449 1180 149 36 avgiven

92 1222 206 30 reservation
330 1222 87 31 hade
448 1223 201 37 hemställts,
672 1224 105 32 bland
800 1229 117 34 annat,
941 1229 51 30 att
1015 1228 154 32 bemälde
1192 1230 107 31 under
1322 1231 152 35 punkten
1497 1232 48 38 TT)
1568 1233 29 35 e)

91 1274 172 35 upptagne
288 1273 99 37 fogde
410 1275 105 30 måtte
539 1275 163 33 hänföras
726 1277 56 31 till
805 1278 312 38 avlöningsgraden
1141 1281 29 31 B
1187 1282 51 31 27.

133 1378 120 31 Första
289 1380 199 30 kammaren
524 1380 62 31 har
621 1381 214 33 beträffande
859 1384 152 36 punkten
1035 1385 49 39 II)
1100 1388 30 36 e)
1153 1386 131 32 bifallit
1308 1388 179 31 utskottets
1509 1389 89 31 hem-

90 1431 124 31 ställan
238 1431 78 32 med
339 1431 64 32 den
426 1432 158 37 ändring,
608 1443 73 22 som
704 1435 12 30 i
738 1436 167 32 avseende
927 1438 21 30 å
971 1437 112 32 denna
1105 1440 111 35 punkt
1240 1439 169 33 förordats
1433 1441 11 30 i
1468 1440 64 33 den
1552 1452 45 21 av

90 1483 78 31 herr
202 1483 213 33 Vennersten
448 1485 152 36 avgivna
635 1488 263 37 reservationen,
935 1493 153 29 varemot
1115 1491 108 32 andra
1246 1492 198 32 kammaren
1468 1493 129 32 bifallit

89 1536 180 32 utskottets
293 1537 137 38 förslag.

132 1633 66 31 För
232 1633 113 32 denna
377 1635 114 35 frågas
518 1636 194 35 avgörande
735 1637 142 32 medelst
901 1647 195 28 gemensam
1120 1642 213 37 omröstning
1357 1643 53 31 får
1424 1640 173 48 utskottet

89 1685 122 32 föreslå
234 1686 152 36 följande
409 1687 399 37 voteringsproposition:

135 1738 102 37 »Den,
272 1749 74 21 som
370 1740 12 30 i
405 1739 107 31 likhet
539 1740 78 32 med
639 1740 107 32 första
769 1742 202 33 kammaren
994 1745 75 36 vill,
1093 1747 51 30 att
1168 1747 181 37 riksdagen
1373 1749 57 30 må
1452 1748 142 37 besluta,

87 1793 51 29 att
160 1791 64 31 den
248 1791 60 31 vid
331 1792 253 32 universitetets
616 1793 4 31 i
643 1793 151 37 Uppsala
810 1796 192 36 egendoms-
1018 1798 62 31 och
1096 1798 316 39 skogsförvaltning
1428 1801 167 31 anställde

88 1843 122 36 fogden
235 1844 88 30 skall
347 1843 161 32 hänföras
531 1845 55 31 till
610 1846 312 38 avlöningsgraden
946 1849 28 31 B
999 1850 51 34 27,
1075 1853 109 29 röstar

811 1944 59 36 Ja;

130 2019 84 36 Den,
238 2019 55 31 det
316 2019 30 37 ej
372 2020 73 36 vill,
470 2022 107 29 röstar

804 2118 79 37 Nej;

128 2210 132 32 Vinner
295 2210 75 37 Nej,
404 2211 62 31 har
501 2211 191 38 riksdagen,
716 2213 12 30 i
752 2213 109 32 likhet
892 2215 76 31 med
996 2216 107 32 andra
1125 2217 211 38 kammaren,
1360 2219 158 37 beslutat,
1541 2222 51 29 att

85 2263 63 31 den
181 2263 59 31 vid
276 2264 255 32 universitetets
561 2265 5 31 i
590 2264 151 38 Uppsala
774 2267 194 36 egendoms-
1000 2268 61 31 och
1086 2270 314 38 skogsförvaltning
1424 2272 168 32 anställde

84 2315 121 37 fogden
229 2316 89 32 skall
341 2316 161 31 hänföras
525 2317 54 31 till
603 2317 205 37 lönegraden
832 2319 28 31 B
885 2320 70 31 26.»
