2224 2618
609 148 397 34 Jordbruksutskottets
1041 147 185 33 utlåtande
1258 147 52 32 Nr
1333 146 52 31 43.
1730 144 19 31 5

192 229 215 49 föreslagits
451 228 106 36 skola
599 226 177 49 försäljas
817 228 124 34 såsom
978 224 391 49 egnahemslägenhet
1396 223 72 37 och
1498 224 185 36 särskilda
1711 223 82 37 skäl

192 282 58 36 för
278 280 262 37 fastställande
584 293 46 22 av
672 278 302 50 köpeskillingen
1016 277 60 36 till
1107 279 41 33 så
1176 276 95 48 högt
1299 275 138 50 belopp
1467 289 81 23 som
1577 276 216 47 föreslagits

191 333 84 37 icke
304 333 225 47 förebragts,
559 344 113 37 synes
702 330 183 37 utskottet
913 328 306 50 köpeskillingen
1248 327 175 49 skäligen
1451 327 93 37 böra
1562 327 231 37 bestämmas

191 385 57 36 till
278 386 74 35 800
380 385 150 35 kronor.

322 436 127 37 Under
478 435 237 49 åberopande
744 448 46 22 av
816 434 71 36 vad
919 433 157 37 sålunda
1105 432 146 36 anförts
1286 432 56 36 får
1369 432 185 36 utskottet
1582 432 212 47 hemställa,

724 544 54 30 att
805 538 207 47 riksdagen
1049 539 61 34 må
1137 536 189 47 medgiva,
1357 541 54 30 att
1439 535 12 36 i
1481 534 314 49 statsrådsproto-

592 591 117 36 kollet
750 589 226 37 omförmäld
1018 587 180 50 lägenhet
1230 601 60 23 om
1319 588 110 36 0.965
1462 586 133 37 hektar
1623 589 61 34 må
1712 586 81 36 från

593 641 360 50 kronoegendomen
983 638 40 43 !/,
1054 640 139 36 mantal
1239 640 153 36 Alvesta
1439 652 44 23 nr
1529 641 21 33 2
1597 638 11 35 i
1654 638 140 36 Hubbo

594 695 140 36 socken
775 707 47 22 av
850 692 295 37 Västmanlands
1174 691 62 36 län
1265 690 174 49 försäljas
1468 691 123 47 enligt
1619 690 178 49 gällande

594 746 168 48 grunder
804 745 57 37 för
901 744 231 49 upplåtande
1174 757 46 22 av
1248 742 435 50 egnahemslägenheter
1711 742 84 36 från

594 796 364 50 kronoegendomar.

324 901 220 37 Stockholm
574 901 72 36 den
679 902 44 35 15
754 900 72 48 maj
861 901 109 35 1923.

648 1005 52 35 På
724 1003 415 50 jordbruksutskottets
1168 1008 162 42 vägnar:

843 1106 42 37 O.
915 1104 230 38 NILSSON.

325 1317 60 28 Vid
411 1316 86 29 detta
520 1315 129 29 ärendes
674 1314 251 38 slutbehandling
947 1315 78 28 hava
1047 1314 151 28 närvarit:

325 1360 78 29 från
438 1359 117 29 första
589 1359 222 28 kammaren:
845 1359 107 28 herrar
984 1358 126 36 Boberg,
1134 1358 130 32 Elisson,
1288 1357 141 37 Dalberg,
1454 1357 147 30 Eriksson
1624 1358 11 27 i
1659 1356 138 39 Ljusdal,

195 1414 94 29 greve
315 1403 231 37 Wachtmeister,
570 1402 178 36 Andersson,
773 1401 39 29 K.
836 1402 47 37 A.,
908 1401 190 30 Lindstrand
1120 1402 56 28 och
1199 1401 179 36 Andersson,
1403 1401 39 30 E.
1466 1401 39 30 B.
1530 1404 79 26 samt

326 1447 80 29 från
439 1446 113 30 andra
585 1446 218 43 kammaren:
839 1445 107 29 herrar
980 1445 124 29 Nilsson
1137 1445 10 28 i
1183 1445 113 37 Tånga,
1333 1444 103 29 Olsson
1470 1445 11 28 i
1515 1444 151 39 Broberg,
1702 1454 95 28 greve

195 1492 169 33 Hamilton,
388 1490 142 29 Hedlund
553 1490 10 28 i
588 1485 181 38 Östersund,
792 1489 69 28 frih.
886 1489 168 34 Hermelin,
1077 1489 168 29 Andersson
1269 1489 10 28 i
1300 1488 137 35 Grimbo,
1453 1489 150 29 Aarnseth
1618 1489 56 29 och
1690 1488 106 36 Björk.

817 1687 362 37 Reservation

329 1805 45 23 av
404 1791 158 37 friherre
591 1792 200 35 Hermelin.

199 2298 130 41 Bihang
352 2297 48 32 till
423 2297 185 41 riksdagens
627 2297 157 41 protokoll
813 2297 88 32 1923.
950 2297 41 30 10
1015 2296 88 30 saml.
1150 2297 41 29 24
1216 2295 79 39 häft.
1340 2295 67 36 (Nr
1430 2296 67 35 43.)
1736 2295 19 29 2
