2222 2614
255 436 68 46 [3.]

256 1000 68 47 [4.]

263 1719 68 46 [5.]

844 150 396 35 Jordbruksutskottets
1271 153 188 33 utlåtande
1491 155 53 31 Nr
1567 153 52 32 43.

822 229 318 37 Södermanlands
1177 231 61 35 län
1276 231 173 48 försäljas
1486 232 121 47 enligt
1645 232 178 48 gällande
1852 232 168 49 grunder

821 282 59 36 för
908 282 229 48 upplåtande
1166 295 46 22 av
1232 282 434 49 egnahemslägenheter
1682 284 82 36 från
1779 284 239 48 kronoegen-

821 333 130 36 domar
979 333 85 36 med
1093 334 262 36 hembudsrätt
1375 334 233 37 beträffande
1638 335 281 49 avsöndringen
1935 335 83 36 från

820 384 218 37 hemskiftet
1081 385 57 36 för
1178 390 141 43 ägaren
1350 399 45 22 av
1423 386 228 48 lägenheten
1679 387 338 47 Hammarstugan;

947 436 35 49 3)
1031 443 54 30 att
1126 437 11 35 i
1192 437 414 49 statsrådsprotokollet
1661 438 246 36 omförmälda
1954 451 65 23 sex

817 488 217 48 lägenheter
1075 502 47 22 av
1156 488 358 49 kronoegendomen
1554 492 18 33 1
1618 490 140 36 mantal
1788 489 104 37 Sund
1921 503 45 22 nr
1995 491 23 34 4

819 539 214 49 Södergård
1076 540 85 50 med
1207 553 45 23 en
1298 541 141 48 utjord,
1482 540 105 38 Sund
1630 555 44 22 nr
1703 543 34 45 5,
1767 542 11 35 i
1806 541 213 36 Fivelstads

819 591 140 37 socken
1010 605 47 22 av
1095 591 290 48 Östergötlands
1426 593 62 35 län
1523 596 60 33 må
1622 607 67 22 var
1731 593 59 36 för
1830 593 61 47 sig
1933 592 85 37 med

816 643 12 35 i
874 656 142 23 samma
1062 643 190 48 protokoll
1297 644 167 48 angivna
1510 645 144 37 arealer
1695 644 172 48 försäljas
1896 644 122 48 enligt

817 694 176 49 gällande
1034 695 168 48 grunder
1243 695 58 35 för
1342 696 231 48 upplåtande
1603 709 46 23 av
1677 696 341 48 egnahemslägen-

817 746 104 37 heter
965 746 85 36 från
1095 746 365 48 kronoegendomar,
1508 747 84 36 med
1647 747 266 36 hembudsrätt
1960 747 58 35 för

817 798 119 36 Frans
982 797 219 37 Andersson
1245 797 56 36 till
1348 798 228 49 lägenheten
1622 798 217 47 Karlslund,
1880 798 46 36 K.
1970 798 47 37 G.

820 849 182 37 Karlsson
1042 849 57 36 till
1140 848 230 49 lägenheten
1410 850 219 47 Erikslund,
1671 850 86 36 Ivar
1792 851 124 48 Borup
1960 850 57 36 till

817 901 227 48 lägenheten
1087 900 249 47 BSätterslund,
1365 901 35 36 J.
1429 902 44 35 E.
1502 901 48 37 H.
1579 902 85 36 Toll
1701 902 56 36 till
1788 902 231 48 lägenheten

817 953 72 36 litt.
936 953 12 36 B
976 953 71 36 och
1075 952 93 36 Erik
1197 952 231 37 Gustafsson
1455 953 57 36 till
1538 954 231 48 lägenheten
1797 953 71 36 litt.
1899 952 60 46 C-;

945 1005 36 48 4)
1010 1009 67 43 att,
1106 1005 116 36 sedan
1250 1004 362 49 kronoegendomen
1641 1005 258 36 Linnersmåla
1929 1019 44 22 nr
1997 1006 18 34 1

817 1055 215 49 Södergård
1062 1056 86 36 med
1184 1056 260 36 Linnersmåla
1471 1070 45 22 nr
1544 1058 21 34 2
1595 1057 229 48 Norregård,
1853 1070 62 23 om
1945 1056 73 36 till-

817 1121 189 22 sammans
1039 1110 17 33 1
1088 1108 152 47 mantal,
1282 1108 11 35 i
1335 1108 260 48 Väckelsångs
1625 1108 138 37 socken
1796 1122 45 22 av
1871 1108 147 36 Krono-

817 1159 112 48 bergs
969 1159 63 36 län
1074 1158 108 37 blivit
1218 1172 139 35 genom
1387 1160 206 47 styckning
1621 1159 110 37 delad
1758 1160 12 36 i
1798 1172 67 24 sex
1893 1161 124 45 lotter,

816 1211 70 35 litt.
916 1210 128 46 A—F,
1074 1210 12 36 i
1114 1210 256 49 huvudsaklig
1411 1211 373 37 överensstämmelse
1812 1211 83 36 med
1925 1225 94 35 upp-

818 1262 404 49 skattningsmännens
1263 1262 159 49 förslag,
1464 1275 145 23 samma
1637 1263 112 36 lotter
1776 1265 60 33 må
1864 1275 68 23 var
1960 1263 59 35 för

819 1313 61 49 sig
908 1313 83 37 med
1020 1313 12 35 i
1061 1313 412 49 statsrådsprotokollet
1501 1314 156 48 angivet
1677 1314 150 37 område
1843 1314 175 48 försäljas

819 1365 120 48 enligt
957 1365 177 48 gällande
1154 1366 168 47 grunder
1350 1366 60 35 för
1437 1365 231 49 upplåtande
1693 1379 46 22 av
1755 1365 262 49 egnahemslä-

819 1417 183 48 genheter
1037 1417 81 35 från
1134 1417 364 48 kronoegendomar,
1515 1417 86 37 med
1615 1422 77 31 rätt
1707 1417 57 36 för
1783 1417 89 36 Karl
1890 1417 128 37 Johan

819 1468 135 36 Viktor
994 1474 55 30 att
1091 1468 140 36 erhålla
1269 1468 166 37 hembud
1464 1471 20 33 å
1512 1469 119 36 lotten
1672 1469 70 35 litt.
1787 1469 14 36 B
1831 1469 71 36 och
1932 1468 86 37 med

816 1519 248 47 iakttagande
1092 1525 54 30 att
1175 1519 62 36 det
1265 1522 21 33 å
1314 1520 119 36 lotten
1461 1520 68 36 litt.
1570 1519 14 37 C
1606 1519 196 49 befintliga
1821 1520 197 36 svinhuset

817 1570 239 49 undantages
1098 1570 64 36 vid
1204 1571 274 48 försäljningen
1520 1585 46 22 av
1608 1584 146 23 samma
1793 1572 69 36 lott
1902 1571 70 37 och
2006 1572 12 35 i

819 1621 125 37 stället
984 1622 185 37 förklaras
1212 1622 105 37 skola
1358 1622 91 49 ingå
1476 1623 12 35 i
1518 1622 276 49 försäljningen
1823 1637 47 22 av
1898 1623 119 36 lotten

817 1674 60 36 litt
904 1673 61 45 D.;

949 1724 35 50 5)
1014 1731 69 42 att,
1109 1726 115 36 sedan
1257 1726 361 48 kronoegendomen
1651 1726 42 41 ”/,
1725 1726 141 37 mantal
1885 1726 133 36 Randö

818 1790 46 23 nr
903 1779 17 34 1
959 1777 11 36 i
999 1777 213 49 Linneryds
1245 1778 139 36 socken
1420 1791 46 23 av
1495 1777 247 49 Kronobergs
1770 1778 61 36 län
1860 1778 109 36 blivit
2006 1778 11 35 i

818 1828 257 49 huvudsaklig
1116 1829 376 36 överensstämmelse
1535 1829 84 36 med
1657 1829 72 36 vad
1772 1830 12 35 i
1817 1828 199 37 statsråds-

817 1880 230 49 protokollet
1076 1881 163 48 angivits
1269 1880 167 37 fördelad
1465 1881 11 35 i
1504 1880 75 37 fem
1619 1881 122 47 lotter,
1783 1880 234 37 betecknade

818 1932 86 36 med
948 1932 71 36 litt.
1066 1932 47 47 A,
1151 1933 42 47 B,
1227 1932 42 45 C,
1298 1932 33 36 D
1361 1932 71 37 och
1459 1932 43 47 E,
1532 1932 46 36 de
1607 1933 85 36 med
1720 1932 71 36 litt.
1822 1933 45 46 A,
1907 1932 40 45 B,
1986 1931 29 37 C

818 1984 70 36 och
925 1983 32 36 D
995 1983 232 37 betecknade
1260 1985 163 35 lotterna
1450 1986 61 34 må
1551 1996 70 23 var
1662 1984 59 35 för
1753 1984 61 49 sig
1841 1984 176 48 försäljas

818 2035 122 49 enligt
967 2035 176 49 gällande
1171 2035 167 48 grunder
1376 2036 58 36 för
1461 2035 231 49 upplåtande
1722 2049 44 22 av
1794 2035 223 48 egnahems-

818 2087 220 48 lägenheter
1067 2088 83 36 från
1178 2087 364 49 kronoegendomar,

948 2144 55 31 att
1029 2138 121 38 lotten
1178 2139 70 36 litt.
1278 2139 31 36 E
1339 2141 61 34 må
1428 2138 56 37 till
1508 2138 214 49 Linneryds
1741 2138 180 36 kommun
1942 2138 74 36 för-

818 2190 114 48 säljas
952 2195 79 32 mot
1050 2203 47 24 en
1117 2190 257 49 köpeskilling
1393 2204 46 23 av
1460 2191 138 47 22,695
1615 2190 139 36 kronor
1769 2195 55 31 att
1839 2190 182 48 erläggas

818 2241 87 37 med
945 2255 45 24 en
1033 2242 176 49 sjättedel
1249 2242 64 36 vid
1355 2241 180 37 tillträdet
1564 2241 72 37 och
1664 2254 47 24 en
1740 2241 175 49 sjättedel
1944 2241 73 36 den
