1928 2834
610 205 225 30 Statsutskottets
857 202 147 30 utlåtande
1026 201 45 28 Nr
1094 201 48 28 70.
1607 189 19 32 3

182 284 180 33 >Ämbetet
383 283 111 31 finner
517 281 58 32 det
596 290 80 21 vara
698 277 220 43 synnerligen
941 274 166 42 lämpligt,
1131 275 50 29 att
1205 272 114 40 torpet
1342 269 213 32 överlämnas
1574 267 53 32 till

127 327 168 41 Blekinge
311 325 120 32 musei-
448 324 64 32 och
528 319 343 44 hembygdsförbund
887 319 65 31 och
968 318 62 30 har
1044 317 88 31 intet
1147 316 51 30 att
1214 314 112 31 erinra
1342 313 71 30 mot
1429 313 50 29 att
1495 311 132 40 torpets

127 369 201 43 byggnader
360 367 170 41 förflyttas
553 365 53 32 till
628 362 240 43 Vämöparken
891 361 12 31 i
926 360 221 36 Karlskrona,
1172 357 61 31 där
1255 355 86 32 visst
1365 353 138 32 område
1525 362 103 22 reser-

126 415 114 30 verats
273 412 54 31 för
359 407 289 44 återuppförande
681 417 41 20 av
755 403 198 44 byggnader
986 414 40 20 av
1059 397 301 36 kulturhistoriskt
1392 395 112 39 värde,
1538 394 91 32 vilka

128 465 123 32 genom
281 453 91 32 olika
395 450 293 42 omständigheter
711 450 109 29 måste
843 446 170 42 förflyttas
1036 444 73 31 från
1134 443 76 31 sina
1232 438 242 44 ursprungliga
1489 437 138 42 platser.

180 497 77 33 Vad
285 495 161 33 beträffar
469 492 254 43 dispositionen
746 501 41 21 av
810 489 64 32 den
899 487 84 33 fond
1005 488 44 41 på
1071 486 94 38 2,000
1187 485 136 37 kronor,
1346 482 114 31 vilken
1485 480 52 31 för
1558 481 70 30 när-

128 539 149 33 varande
312 540 70 31 står
415 537 111 32 under
558 534 207 40 förvaltning
798 543 40 21 av
872 531 119 32 chefen
1016 530 51 30 för
1090 527 223 40 Kronobergs
1340 525 214 41 regementes
1578 522 53 31 de-

130 583 196 31 tachement
348 581 12 31 i
383 580 220 36 Karlskrona,
628 577 63 32 och
725 575 114 32 vilken
873 576 37 29 är
940 571 128 34 avsedd
1101 571 53 31 för
1187 567 180 34 underhåll
1398 566 65 32 och
1486 565 82 32 vård
1591 575 40 21 av

130 626 114 40 torpet
267 623 79 33 med
368 622 216 37 inventarier,
601 620 59 31 vill
676 618 152 33 ämbetet
844 616 112 32 erinra
972 615 127 34 därom,
1117 615 49 29 att
1182 609 286 34 riksantikvarien
1484 608 11 31 i
1511 607 119 32 under-

130 667 121 42 dånigt
284 665 176 32 utlåtande
495 664 66 31 den
594 663 41 31 30
661 660 186 33 november
871 659 79 32 1927
975 655 188 33 framhållit
1185 652 300 41 nödvändigheten
1510 661 48 26 av,
1582 651 49 30 att

130 710 53 32 till
216 710 68 31 den
315 708 55 32 del
393 718 39 21 av
456 706 212 32 Karlskrona
690 701 396 44 grenadjärregementes
1108 697 205 42 lägerkassa,
1336 695 113 31 vilken
1474 693 159 32 överläm-

130 753 109 32 nades
272 751 54 32 till
349 749 224 41 Kronobergs
595 748 203 41 regemente,
822 744 96 32 lades
942 754 42 20 en
1008 752 132 21 summa
1163 751 40 20 av
1227 738 93 38 2,000
1342 738 128 30 kronor
1492 737 49 29 att
1563 735 70 31 fon-

132 795 101 32 deras
267 794 65 31 och
365 791 174 33 användas
572 790 54 31 till
657 787 182 34 underhåll
873 786 64 32 och
960 784 84 32 vård
1070 794 39 21 av
1132 782 59 32 det
1216 780 219 42 lägerkassan
1458 777 175 41 tillhöriga

131 839 124 40 torpet.
300 836 20 32 I
352 832 343 35 överensstämmelse
728 829 142 33 härmed
896 826 207 34 förordnade
1126 825 104 31 också
1252 823 110 32 Eders
1385 821 127 41 Kungl.
1535 819 98 41 Maj:t

132 899 41 4 —
198 898 38 4 —
259 897 41 4 —
324 878 66 32 den
423 878 41 31 22
498 875 179 33 december
702 874 90 37 1927,
817 874 49 29 att
889 883 40 19 ur
951 869 239 42 lägerkassans
1214 865 112 33 medel
1350 864 109 32 skulle
1483 864 150 30 avsättas

133 934 42 21 en
208 922 85 32 fond
316 923 19 29 å
357 920 93 39 2,000
483 919 135 37 kronor,
642 928 77 20 vars
754 915 106 41 årliga
893 912 202 40 avkastning
1118 909 111 32 skulle
1253 907 172 33 användas
1448 906 12 31 i
1483 904 152 42 enlighet

133 965 79 32 med
234 964 66 32 vad
323 961 283 34 riksantikvarien
630 958 184 41 föreslagit.

186 1007 84 32 Med
296 1006 134 41 hänsyn
454 1004 53 32 till
531 1001 338 41 omständigheterna
891 997 58 32 vid
973 996 213 32 tillkomsten
1210 1004 41 21 av
1273 990 256 43 ifrågavarande
1552 988 83 32 fond

134 1051 51 31 får
217 1049 153 32 ämbetet
401 1046 173 42 tillstyrka
607 1040 400 36 detachementschefens
1040 1035 252 40 framställning
1326 1036 83 30 även
1436 1033 12 31 i
1471 1032 64 32 vad
1568 1031 67 32 den

134 1103 98 22 avser
267 1089 280 34 överlämnandet
580 1099 39 20 av
653 1086 67 32 den
753 1082 223 34 uteslutande
1011 1081 53 32 för
1095 1079 249 40 soldattorpets
1377 1076 83 31 vård
1488 1073 149 33 avsedda

135 1134 129 33 fonden
288 1133 55 32 till
365 1132 167 41 Blekinge
556 1129 120 32 musei-
700 1128 64 32 och
788 1123 351 43 hembydsförbund>.

186 1177 20 32 I
228 1175 120 42 nådigt
369 1175 83 31 brev
475 1174 66 31 den
565 1173 39 31 29
628 1170 196 43 september
848 1169 80 32 1939
951 1165 192 33 förklarade
1165 1162 127 42 Kungl.
1317 1161 106 41 Maj:t,
1448 1161 50 30 att
1520 1159 117 40 ifråga-

135 1218 149 34 varande
306 1216 254 41 framställning
583 1215 29 41 ej
636 1212 201 33 föranledde
859 1212 114 40 någon
997 1208 126 41 Kungl.
1147 1206 117 41 Maj:ts
1288 1203 128 42 åtgärd.

188 1260 250 42 Föreliggande
462 1258 131 33 motion
616 1267 98 21 avser
737 1257 50 29 att
809 1253 203 41 möjliggöra
1035 1262 42 20 en
1100 1249 138 40 lösning
1254 1258 39 20 av
1309 1247 116 40 frågan
1443 1255 54 21 om
1515 1242 122 33 soldat-

136 1306 135 41 torpets
293 1303 83 32 vård
399 1302 64 32 och
480 1300 180 33 underhåll
675 1299 12 31 i
703 1296 230 41 huvudsaklig
950 1290 343 36 överensstämmelse
1310 1288 77 32 med
1403 1288 42 31 de
1462 1297 39 21 av
1518 1285 119 32 chefen

136 1348 53 31 för
222 1345 225 41 Kronobergs
480 1344 213 41 regementes
729 1339 239 33 detachement
1000 1337 12 31 i
1045 1335 213 32 Karlskrona
1289 1332 85 31 efter
1401 1328 135 33 samråd
1560 1327 77 32 med

138 1389 167 41 Blekinge
328 1387 121 33 musei-
473 1386 64 32 och
560 1381 342 45 hembygdsförbund
925 1379 193 40 föreslagna
1140 1371 225 51 riktlinjerna.

190 1431 123 33 Under
345 1428 206 41 hänvisning
573 1427 53 32 till
648 1426 65 32 vad
735 1425 12 31 i
771 1424 140 32 ärendet
935 1422 145 41 tidigare
1103 1417 218 34 förekommit
1343 1416 50 31 får
1415 1413 151 32 ämbetet
1587 1412 52 32 för

139 1474 53 32 sin
227 1474 56 31 del
316 1471 182 42 tillstyrka,
523 1472 50 29 att
606 1469 57 31 det
696 1467 214 32 Karlskrona
936 1461 396 44 grenadjärregementes
1359 1456 157 33 enskilda
1537 1456 102 40 läger-

136 1517 104 31 kassa
262 1514 174 42 tillhöriga
460 1513 227 40 soldattorpet
711 1510 78 31 med
813 1504 319 44 ekonomibyggnad
1155 1503 64 31 och
1235 1500 207 33 inventarier
1458 1498 92 32 såväl
1566 1508 74 21 som

139 1559 66 32 den
239 1560 37 30 år
301 1558 78 31 1927
407 1554 206 43 upprättade
635 1552 129 33 fonden
787 1552 53 31 för
862 1551 133 40 torpets
1020 1545 180 34 underhåll
1222 1546 106 30 måtte
1351 1541 213 33 överlämnas
1587 1539 53 31 till

140 1601 170 41 Blekinge
333 1610 120 21 musei-
477 1597 64 32 och
557 1592 343 46 hembygdsförbund
916 1593 44 41 på
977 1591 42 31 de
1035 1591 11 30 i
1062 1588 177 33 motionen
1255 1585 194 41 föreslagna
1464 1583 175 31 villkoren.

193 1650 201 34 Stockholm
417 1649 66 32 den
508 1649 17 30 7
549 1658 89 21 mars
663 1646 90 32 1940.

750 1720 86 33 Erik
858 1719 185 39 Lundberg.

193 1789 96 29 Bertil
315 1788 173 29 Berthelson.
