2202 2622
401 158 20 28 4
884 156 112 30 Första
1020 156 214 41 lagutskottets
1258 156 162 30 utlåtande
1443 156 55 31 Nr
1520 157 49 29 41.

361 240 71 30 vitt
464 240 107 41 angår
606 239 208 41 erläggande
842 250 41 21 av
908 239 63 31 den
995 240 20 30 å
1038 239 104 41 sagda
1166 239 39 31 år
1230 238 185 43 belöpande
1439 239 119 42 avgift,
1583 249 97 22 anses
1704 240 97 41 börja
1823 241 86 31 först
1931 241 60 31 vid

360 281 176 42 utgången
560 292 42 20 av
625 281 213 31 sistnämnda
860 281 67 40 tid;
951 280 84 33 dock
1058 284 52 28 att
1132 281 52 31 för
1206 281 167 42 patentår,
1398 291 71 21 som
1486 281 98 32 eljest
1600 281 114 32 skolat
1730 282 96 42 börja
1843 283 20 31 å
1880 283 109 41 dagen

360 324 53 31 för
437 323 252 41 ansökningens
711 322 257 32 framställande
992 323 80 31 eller
1095 322 245 39 dessförinnan,
1365 323 112 41 avgift
1500 323 98 38 skall,
1624 328 85 27 även
1726 334 52 21 om
1796 324 194 32 densamma

359 364 174 33 inbetalas
556 365 68 31 före
648 366 211 41 patentårets
883 364 130 43 början,
1038 364 102 32 sådan
1166 365 109 31 denna
1298 376 45 20 nu
1368 364 102 32 blivit
1492 365 164 39 bestämd,
1681 366 86 41 utgå
1790 366 76 32 med
1890 367 64 31 den
1978 368 12 30 i

360 409 38 29 11
423 409 20 38 8
467 406 241 42 förordningen
733 407 171 42 angående
928 409 122 40 patent
1074 406 164 42 stadgade
1263 406 207 43 förhöjning.

1128 518 38 29 11
1191 518 28 38 8.

498 582 246 43 Aterupplivat
766 585 121 40 patent
911 594 81 20 vare
1016 582 72 33 icke
1111 582 158 42 gällande
1292 586 70 28 mot
1384 584 125 41 någon,
1534 594 79 27 som,
1639 583 90 33 efter
1753 584 57 31 det
1832 586 160 41 patentet

359 625 152 32 förfallit
533 635 73 21 men
630 626 104 30 innan
757 625 150 31 ansökan
929 625 112 42 gjorts
1064 636 53 20 om
1141 624 202 33 detsammas
1368 625 295 43 återupplivande,
1688 626 94 31 varit
1797 626 13 31 i
1822 627 170 41 utövning

359 678 43 20 av
426 666 66 32 den
515 667 220 43 patenterade
757 666 246 43 uppfinningen
1027 667 89 31 inom
1140 667 91 32 riket
1254 667 84 32 eller
1361 667 53 32 för
1438 668 105 31 sådan
1567 668 168 41 utövning
1759 668 62 32 där
1837 668 154 42 vidtagit

360 708 196 42 väsentliga
580 708 171 42 åtgärder.

710 853 216 30 Underlåten
949 856 168 33 utövning
1141 863 39 20 av
1203 856 207 33 patenterad
1432 856 217 33 uppfinning.

1131 928 37 30 12
1193 929 28 38 8.
1484 967 3 1 |

497 984 69 33 Vid
590 984 203 33 bedömande
816 996 42 21 av
880 986 106 37 talan,
1011 996 70 21 som
1104 986 85 31 efter
1211 985 295 32 ikraftträdandet
1529 997 42 20 av
1594 986 110 32 denna
1727 985 60 42 lag
1803 985 189 44 anhängig-

359 1033 100 36 göres
494 1027 109 41 enligt
638 1029 38 30 15
710 1029 19 38 8&
763 1027 241 42 förordningen
1043 1028 171 41 angående
1248 1031 126 39 patent,
1410 1028 91 31 skall
1523 1028 94 31 tiden
1640 1029 77 30 från
1742 1028 61 32 och
1826 1028 78 32 med
1928 1029 65 31 den

362 1072 15 28 1
403 1069 143 42 augusti
570 1070 80 30 1914
673 1068 61 32 till
758 1069 61 32 och
843 1070 74 31 med
940 1072 64 29 den
1028 1071 41 30 30
1089 1070 77 41 juni
1190 1071 81 31 1920
1294 1069 74 33 icke
1392 1070 59 31 till
1473 1071 112 41 någon
1601 1070 56 32 del
1675 1070 207 32 medräknas
1899 1071 11 30 i
1928 1070 62 32 den

359 1111 54 31 uti
437 1110 147 33 nämnda
607 1113 18 38 $
649 1111 223 32 omförmälda
895 1112 51 30 tid
971 1122 43 22 av
1038 1115 53 28 tre
1116 1113 46 30 år.

934 1260 188 27 Allmänna
1144 1260 276 26 bestämmelser.

1128 1348 39 31 13
1191 1350 28 37 8.

498 1413 78 33 Vad
610 1413 62 32 här
705 1424 87 21 ovan
825 1413 156 42 stadgats
1016 1414 89 32 skall
1134 1419 65 37 äga
1220 1415 226 42 tillämpning
1469 1417 12 29 i
1505 1416 100 41 fråga
1628 1426 53 21 om
1704 1414 287 43 patentansökan,

361 1466 69 21 som
466 1456 110 42 gjorts
603 1466 42 21 av
672 1455 125 32 svensk
820 1456 229 42 medborgare,
1074 1456 60 32 och
1157 1459 129 39 patent,
1311 1467 72 21 som
1407 1457 186 32 innehaves
1618 1457 93 38 eller,
1737 1458 43 30 då
1804 1457 188 32 detsamma

361 1497 128 39 förföll,
513 1497 184 32 innehades
721 1509 43 20 av
787 1497 124 32 svensk
934 1498 229 41 medborgare.

498 1539 115 32 Under
644 1539 251 42 förutsättning
929 1551 44 21 av
1007 1540 242 42 ömsesidighet
1283 1542 54 30 må
1371 1540 191 42 Konungen
1591 1541 169 38 förordna,
1785 1542 54 30 att
1863 1552 128 21 samma

362 1581 251 32 bestämmelser
637 1581 72 32 helt
732 1582 81 32 eller
837 1582 109 32 delvis
969 1582 98 32 skola
1090 1581 95 43 gälla
1208 1587 84 28 även
1315 1582 58 32 till
1396 1583 132 32 förmån
1551 1583 52 32 för
1623 1583 220 41 medborgare
1859 1583 13 31 i
1888 1583 102 32 främ-

361 1623 122 32 mande
516 1626 86 38 stat;
637 1623 59 32 och
731 1629 62 36 äge
817 1624 193 42 Konungen
1035 1624 131 38 därvid,
1191 1636 52 20 om
1267 1624 172 32 särskilda
1463 1624 292 42 omständigheter
1779 1625 122 31 därtill
1923 1626 68 30 för-

360 1664 134 40 anleda,
520 1668 51 28 att
594 1666 52 31 för
669 1666 223 41 medborgare
915 1666 13 31 i
952 1667 107 31 sådan
1083 1669 70 29 stat
1176 1667 177 32 utsträcka
1376 1667 40 31 de
1439 1667 13 31 i
1475 1669 18 29 2
1518 1667 60 32 och
1602 1669 17 29 7
1644 1669 40 37 $$
1708 1666 202 33 fastställda
1933 1677 57 21 an-

361 1706 302 43 sökningstiderna
687 1708 75 31 med
785 1708 99 41 högst
907 1719 58 21 sex
989 1708 332 33 kalendermånader.

498 1749 77 31 Med
609 1749 219 42 medborgare
861 1751 12 30 i
906 1750 71 31 viss
1012 1753 70 29 stat
1115 1750 127 32 förstås
1277 1752 11 30 i
1322 1751 111 31 denna
1459 1753 20 37 &
1513 1749 130 43 jämväl
1677 1750 74 39 den,
1787 1761 82 27 som,
1904 1753 83 29 utan

361 1793 54 30 att
438 1790 171 33 innehava
635 1791 287 43 medborgarskap
946 1793 11 30 i
981 1792 108 42 sagda
1116 1795 79 35 stat,
1220 1792 61 32 där
1305 1798 39 26 är
1366 1793 71 31 fast
1459 1793 113 31 bosatt
1596 1792 81 31 eller
1702 1798 82 37 äger
1812 1794 53 30 ett
1892 1792 99 32 verk-

360 1832 69 42 ligt
453 1833 61 32 och
538 1833 73 32 icke
634 1844 60 31 pro
718 1834 109 32 forma
851 1834 116 32 drivet
991 1834 162 31 industri-
1178 1834 83 32 eller
1284 1834 412 33 handelsetablissement.

1129 1954 39 29 14
1192 1955 27 37 8.

497 2017 51 32 De
571 2023 156 27 närmare
750 2019 228 38 föreskrifter,
1003 2031 70 20 som
1097 2019 170 33 erfordras
1289 2020 54 31 för
1366 2019 223 43 tillämpning
1612 2030 44 22 av
1680 2019 111 33 denna
1813 2020 68 42 lag,
1898 2020 91 31 med-

361 2060 94 31 delas
479 2070 43 21 av
546 2060 202 41 Konungen.

497 2210 120 33 Denna
639 2211 59 42 lag
722 2211 91 32 skall
835 2213 101 32 träda
960 2211 12 34 i
997 2212 95 32 kraft
1115 2213 62 32 den
1202 2215 16 29 1
1240 2213 68 43 juli
1334 2214 91 32 1920.
