2240 2673
187 2025 150 31 Utskottets

193 2064 134 34 yttrande.

430 157 19 31 4
898 156 235 44 Lagutskottets
1155 157 164 34 utlåtande
1341 157 53 33 Nr
1417 159 51 32 34.

515 237 139 37 bereda
695 237 162 37 medlem
898 237 206 38 understöd
1136 239 65 36 vid
1228 239 203 37 bestående
1460 239 137 38 förlust
1623 240 89 37 eller
1739 240 247 50 nedsättning

384 290 42 37 af
450 289 327 52 arbetsförmågan
808 289 238 52 (invaliditet)
1076 291 90 38 eller
1192 291 63 38 vid
1285 291 262 50 arbetslöshet,

513 343 90 38 eller
630 343 88 38 idka
747 357 125 24 annan
900 343 56 38 till
983 343 399 52 pensionsförsäkring
1401 345 194 50 hänförlig
1613 346 253 49 verksamhet,
1886 347 96 37 skall

383 397 12 36 i
424 396 169 50 enlighet
625 397 85 37 med
738 397 101 37 hvad
866 397 13 36 i
907 397 122 37 denna
1056 397 66 50 lag
1150 403 89 44 sägs
1266 398 231 48 registreras.
1553 399 428 51 Understödsförening,

384 462 80 24 som
494 450 98 36 afser
620 456 54 31 att
701 450 137 37 bereda
866 449 169 50 pension,
1064 449 123 37 kallas
1215 450 12 36 i
1256 450 123 37 denna
1407 452 64 48 lag
1498 452 304 48 pensionskassa.

1143 572 17 51 $
1193 575 33 35 5.

513 659 416 50 Understödsförening
970 660 95 37 skall
1106 661 60 36 för
1206 666 55 32 att
1297 661 130 37 kunna
1454 662 115 36 vinna
1597 662 252 50 registrering
1876 662 106 38 bestå

385 711 41 36 af
451 712 115 36 minst
600 712 74 37 fem
704 712 244 36 medlemmar
976 718 96 30 samt
1101 713 11 36 i
1141 713 169 49 enlighet
1337 713 85 37 med
1451 714 123 36 denna
1601 714 64 49 lag
1693 714 113 36 hafva
1834 715 148 48 antagit

384 764 156 49 stadgar
567 764 69 37 och
664 769 118 33 utsett
814 765 169 50 styrelse.

1129 887 21 51 8
1180 890 58 35 93.

511 974 137 38 Därest
681 974 407 51 understödsförening
1121 976 85 37 med
1240 989 78 24 mer
1345 982 48 31 än
1422 976 129 37 femtio
1580 977 256 47 medlemmar,
1864 978 117 36 innan

383 1027 72 37 den
482 1027 127 38 blifvit
636 1028 239 49 registrerad,
904 1027 160 38 utfäster
1092 1029 89 37 eller
1207 1028 184 38 utbetalat
1418 1029 348 50 kapitalunderstöd
1785 1029 58 37 till
1861 1029 121 51 högre

381 1081 139 48 belopp
562 1085 48 32 än
645 1080 210 36 tvåhundra
883 1080 139 37 kronor
1049 1081 58 36 för
1135 1095 45 23 en
1209 1082 160 36 medlem
1398 1083 90 36 eller
1515 1083 171 48 pension,
1716 1082 150 37 straffas
1895 1082 84 45 den,

383 1146 80 23 som
492 1132 12 37 1
533 1132 181 49 åtgärden
756 1133 88 37 eller
883 1133 165 38 beslutet
1081 1133 127 37 därom
1238 1133 169 51 deltagit,
1438 1134 84 38 med
1550 1134 107 38 böter
1685 1135 82 37 från
1796 1134 70 38 och
1894 1135 87 37 med

383 1185 75 35 fem
487 1185 57 36 till
572 1185 70 36 och
670 1185 84 35 med
782 1189 109 32 tusen
919 1185 148 37 kronor.

511 1237 208 37 Fortsättes
770 1258 27 5 —
838 1259 36 4 —
913 1259 39 4 —
987 1260 43 3 —
1062 1260 40 4 —
1137 1260 48 5 —
1213 1238 186 37 förseelse.

511 1340 73 37 Till
612 1340 192 50 äfventyrs
833 1342 75 36 kan
937 1342 112 37 också
1077 1342 12 36 i
1120 1344 18 34 1
1169 1341 20 51 $
1218 1348 54 31 ett
1300 1342 122 38 direkt
1450 1343 195 49 undantag
1673 1343 58 37 för
1756 1344 68 36 här
1842 1343 137 49 ifråga-

381 1393 165 37 varande
574 1393 219 49 föreningar
821 1394 76 36 ske.

513 1437 307 57 Öfvervägandet
861 1447 40 35 af
938 1447 239 49 lämpligaste
1219 1452 114 32 sättet
1373 1448 59 36 för
1473 1448 190 36 vinnande
1695 1449 42 36 af
1761 1448 69 36 här
1857 1448 124 38 afsedt

383 1497 100 49 syfte
525 1504 97 30 samt
662 1497 293 38 formulerandet
995 1499 43 36 af
1073 1499 112 37 häraf
1221 1500 197 49 påkallade
1458 1499 205 50 ändringar
1690 1501 12 36 i
1730 1500 251 50 lagförslaget

383 1549 106 37 torde
530 1550 251 49 lagutskottet
822 1551 216 37 verkställa.
1093 1551 78 49 Jag
1213 1552 57 37 får
1311 1552 126 37 därför
1478 1553 158 36 allenast
1676 1553 211 49 hemställa,
1926 1558 55 32 att

383 1602 184 49 antingen
596 1602 66 36 allt
688 1603 390 50 registreringstvång
1105 1603 59 37 för
1192 1604 447 50 understödsföreningar
1666 1605 196 49 borttages
1891 1605 91 37 eller

382 1654 115 36 också
524 1654 140 37 sådana
692 1655 206 48 ändringar
925 1656 12 36 1
967 1656 263 49 föreliggande
1249 1657 130 48 kungl.
1400 1657 236 50 proposition
1656 1660 117 34 måtte
1791 1657 188 50 vidtagas,

382 1711 55 31 att
472 1706 415 50 understödsförening,
918 1721 81 24 som
1027 1708 161 37 utfäster
1216 1709 89 36 eller
1332 1708 186 38 utbetalar
1544 1709 350 50 kapitalunderstöd
1922 1709 59 37 till

381 1758 150 50 belopp,
561 1759 33 49 ej
625 1759 283 50 öfverstigande
936 1760 212 37 tvåhundra
1176 1760 151 49 kronor,
1356 1763 117 35 måtte
1496 1761 117 38 varda
1632 1762 246 49 undantagen
1897 1762 83 36 från

382 1810 62 37 det
472 1812 12 34 i
511 1812 251 48 lagförslaget
789 1817 197 44 upptagna
1013 1813 426 49 registreringstvång.»

510 2016 58 37 Då
596 2018 185 37 utskottet
808 2033 51 22 nu
887 2022 69 45 går
979 2024 55 32 att
1053 2020 146 48 afgifva
1217 2020 176 50 yttrande
1412 2020 106 36 öfver
1537 2021 138 48 Kungl.
1696 2021 127 49 Maj:ts
1842 2021 139 49 ifråga-

381 2069 166 38 varande
588 2071 237 50 proposition
867 2071 70 37 och
978 2071 45 37 de
1060 2072 12 36 i
1107 2072 207 50 anledning
1343 2071 113 38 däraf
1478 2072 137 37 väckta
1641 2073 197 48 motioner,
1868 2087 113 24 anser

382 2122 60 49 sig
481 2121 187 38 utskottet
709 2122 59 37 till
809 2136 46 24 en
896 2123 134 50 början
1071 2124 91 37 böra
1188 2125 126 37 lämna
1343 2138 46 23 en
1417 2124 207 37 kortfattad
1652 2125 242 49 redogörelse
1924 2126 57 37 för

382 2174 234 36 tillkomsten
644 2175 42 36 af
711 2175 246 37 förevarande
985 2175 219 51 lagförslag.
1597 2205 3 3 .

509 2226 57 37 Då
606 2239 141 37 genom
787 2227 242 37 utfärdandet
1071 2228 41 37 af
1147 2229 115 49 lagen
1298 2242 61 23 om
1392 2229 253 49 registrerade
1674 2229 219 50 föreningar
1920 2230 59 37 för

381 2278 220 37 ekonomisk
642 2279 242 37 verksamhet
925 2280 73 37 den
1028 2282 47 35 28
1103 2280 82 50 juni
1216 2282 97 36 1895
1342 2281 177 49 grunden
1546 2281 103 37 lades
1677 2281 58 38 till
1763 2295 46 24 en
1837 2282 141 37 svensk
