1892 2826
474 189 395 32 Jordbruksutskottets
897 187 189 33 utlåtande
1114 187 52 31 Nr
1190 187 50 30 48.
1523 186 40 30 25

104 269 185 37 styrelsens
313 268 128 36 förslag
466 268 80 31 böra
570 267 204 31 bestämmas
798 266 55 31 till
878 265 100 36 högst
1002 265 116 35 12,000
1143 264 135 31 kronor.
1314 263 74 31 Mot
1410 263 39 31 de
1465 273 43 21 av
1525 264 85 30 lant-

104 321 292 37 mäteristyrelsen
431 320 191 35 föreslagna
647 319 172 30 villkoren
843 318 53 30 för
919 316 171 36 bidragets
1113 316 220 31 utbetalande
1356 316 63 30 har
1441 316 60 35 jag
1524 316 88 30 intet

104 375 52 29 att
189 374 124 34 erinra,
349 372 121 31 därvid
504 372 58 36 jag
596 371 189 31 emellertid
818 370 65 31 vill
916 368 196 36 framhålla,
1136 369 52 30 att
1211 368 156 36 bidraget
1390 368 30 36 ej
1445 368 61 30 bör
1529 369 83 35 utgå

104 425 77 31 med
219 425 106 36 högre
358 424 121 36 belopp
514 426 44 28 än
593 423 132 31 hälften
760 433 43 20 av
828 422 65 31 den
917 421 155 35 kostnad,
1098 420 119 31 vartill
1242 420 366 36 lantmäteristyrelsen

103 477 113 31 finner
239 479 171 34 vägarnas
434 475 271 32 iståndsättande
729 475 83 31 böra
835 474 210 36 uppskattas.
1084 472 165 35 Bidraget
1273 472 105 35 torde,
1398 473 110 29 såsom
1525 471 87 31 lant-

105 527 291 38 mäteristyrelsen
430 526 164 37 förordat,
626 527 188 35 lämpligen
846 526 118 30 kunna
988 524 211 31 utanordnas
1222 524 80 30 från
1326 533 130 21 samma
1479 523 132 36 anslag,

104 581 159 30 varifrån
287 580 123 35 bidrag
433 581 103 35 utgår
558 579 55 31 till
635 578 228 31 kostnaderna
879 577 54 31 för
949 576 215 36 anläggning
1180 585 44 21 av
1241 575 60 31 vid
1318 575 104 31 skifte
1438 574 174 31 beslutade

105 642 136 27 vägar.»

148 737 62 36 Då,
227 737 43 36 på
286 737 67 30 sätt
368 735 242 31 statskontoret
627 735 12 30 i
655 734 139 31 ärendet
809 733 137 36 uttalat,
963 733 93 30 vissa
1069 731 252 36 billighetsskäl
1335 740 102 27 synas
1449 731 164 30 utskottet

104 790 71 31 tala
198 789 55 31 för
275 790 51 29 att
348 788 13 30 i
385 786 224 32 förevarande
632 786 64 31 fall
715 788 48 29 ett
779 786 178 35 undantag
974 786 98 35 göres
1087 783 78 31 från
1182 783 162 36 gällande
1360 783 253 31 bestämmelser

104 843 61 31 och
188 841 54 36 då,
266 841 111 36 enligt
408 840 65 31 vad
497 838 371 37 departementschefen
892 836 207 35 framhållit,
1123 836 109 35 några
1255 835 219 31 ekonomiska
1497 835 118 31 konse-

104 898 144 30 kvenser
283 893 54 30 för
371 891 187 32 framtiden
592 900 44 21 av
671 892 49 29 ett
749 890 124 30 sådant
896 889 113 31 beslut
1031 888 75 30 icke
1128 886 94 31 torde
1245 887 119 30 kunna
1387 888 123 29 väntas
1533 896 82 27 upp-

104 950 138 31 komma
265 946 13 31 i
303 944 108 32 andra
434 944 73 35 fall,
531 942 153 32 biträder
707 942 167 31 utskottet
897 940 267 37 ifrågavarande
1187 939 140 36 förslag.

697 1072 327 40 Anslagsbehovet.

149 1163 158 33 Rörande
340 1162 163 36 slutligen
537 1160 66 32 den
636 1170 45 21 av
705 1157 373 38 departementschefen
1101 1156 122 38 gjorda
1246 1156 240 36 beräkningen
1509 1166 46 21 av
1577 1155 39 31 de

106 1217 54 31 för
193 1226 91 21 ovan
318 1215 153 36 angivna
504 1213 162 31 ändamål
699 1211 225 36 erforderliga
958 1210 122 35 anslag
1115 1218 59 28 ger
1209 1209 115 31 denna
1358 1209 75 31 icke
1456 1209 164 31 utskottet

105 1269 190 35 anledning
319 1267 59 32 till
400 1267 150 30 erinran.

151 1372 119 32 Under
293 1369 211 38 åberopande
527 1379 44 21 av
595 1368 55 31 det
672 1367 146 32 anförda
842 1367 53 30 får
918 1366 164 30 utskottet
1110 1364 195 36 hemställa,

553 1457 52 30 att
628 1454 183 36 riksdagen
838 1454 57 30 må

550 1511 33 35 a)
607 1507 77 31 med
707 1505 216 33 uteslutande
946 1515 42 21 ur
1012 1504 184 31 riksstaten
1220 1514 44 20 av
1288 1503 39 32 de
1346 1504 75 31 däri
1437 1506 174 35 upptagna

506 1560 171 32 ordinarie
711 1558 312 37 förslagsanslagen
1061 1556 55 32 till
1151 1556 121 37 bidrag
1307 1556 57 31 till
1397 1556 218 37 jordavsönd-

512 1614 120 35 ringar
661 1612 61 31 och
746 1611 291 36 ägostyckningar
1061 1611 88 30 samt
1171 1609 57 31 till
1252 1609 123 36 bidrag
1398 1609 56 31 till
1477 1609 138 36 skiften,

512 1664 393 37 hemmansklyvningar
928 1663 63 31 och
1014 1662 404 37 rågångsförrättningar
1441 1662 109 31 under
1566 1662 53 31 be-

510 1718 169 36 nämning
711 1716 123 36 bidrag
868 1716 56 31 till
958 1714 490 38 jorddelningsförrättningar
1471 1714 146 36 uppföra

506 1772 48 30 ett
581 1769 172 32 ordinarie
776 1767 269 38 förslagsanslag
1067 1777 44 21 av
1136 1767 139 35 125,000
1299 1766 136 36 kronor,
1459 1767 51 30 att
1533 1767 84 36 utgå

508 1823 13 31 i
554 1822 233 35 huvudsaklig
822 1819 336 33 överensstämmelse
1181 1818 79 32 med
1283 1829 45 20 av
1350 1818 264 37 departements-

510 1875 120 31 chefen
652 1875 13 30 i
688 1873 370 36 statsrådsprotokollet
1081 1871 179 32 förordade
1285 1871 167 37 grunder;

550 1928 34 38 b)
607 1927 76 31 med
706 1925 217 32 uteslutande
946 1935 43 21 ur
1011 1925 185 30 riksstaten
1216 1933 44 21 av
1276 1923 56 31 det
1347 1923 75 31 däri
1439 1924 174 36 upptagna

508 1980 172 32 ordinarie
714 1978 303 37 förslagsanslaget
1051 1977 55 31 till
1141 1976 123 36 bidrag
1299 1976 55 31 till
1379 1975 234 37 utflyttnings-

508 2033 63 31 och
594 2029 487 39 väganläggningskostnader
1096 2030 13 30 i
1125 2029 252 36 sammanhang
1393 2028 76 31 med
1485 2028 127 30 skiften

509 2086 62 31 och
605 2084 393 36 hemmansklyvningar
1032 2082 110 32 under
1175 2081 211 36 benämning
1412 2080 124 36 bidrag
1559 2080 56 31 till

508 2137 247 38 utflyttnings-,
794 2135 315 38 väganläggnings-
1146 2134 62 31 och
1246 2133 319 36 odlingskostnader
1603 2133 13 30 i

510 2190 253 35 sammanhang
786 2189 78 31 med
887 2188 128 31 skiften
1039 2187 143 37 uppföra
1206 2188 48 30 ett
1269 2186 172 31 ordinarie
1458 2185 162 36 förslag
1586 2181 36 48 s-

510 2244 120 35 anslag
659 2252 44 21 av
726 2242 139 36 300,000
889 2241 138 36 kronor,
1051 2242 51 29 att
1125 2240 84 35 utgå
1232 2240 13 30 i
1268 2238 233 37 huvudsaklig
1525 2239 94 29 över-

508 2295 254 32 ensstämmelse
799 2293 78 32 med
911 2304 45 20 av
990 2291 371 38 departementschefen
1395 2291 12 31 i
1442 2289 180 33 statsråds-

510 2348 205 37 protokollet
738 2346 180 32 förordade
942 2345 168 38 grunder;

554 2403 30 36 ec)
608 2400 170 37 medgiva,
802 2401 52 30 att
876 2398 367 37 lantmäteristyrelsen
1266 2398 58 30 må
1343 2407 44 20 av
1403 2395 219 32 sistnämnda

511 2454 119 36 anslag
665 2453 54 31 till
755 2452 167 36 Storkåge
953 2451 151 37 byamän
1128 2451 54 30 för
1204 2448 274 34 iståndsättande
1502 2458 44 21 av
1570 2448 53 30 be-

518 2506 137 36 fintliga
692 2505 154 36 byvägar
884 2504 154 31 utbetala
1075 2503 131 36 bidrag,
1245 2501 240 33 motsvarande
1519 2502 104 35 högst

1673 730 136 23 Utskottet.

1670 1364 146 24 Utskottets

1660 1398 166 25 hemställan.
