1948 2822
303 159 18 29 6
748 165 276 32 Statsutskottets
1050 166 175 32 utlåtande
1250 168 50 30 Nr
1323 169 46 29 82.

304 255 160 37 krisläget
492 258 345 35 sammanhängande
864 258 149 36 utgifter.
1067 259 114 30 Behov
1208 261 67 29 har
1302 262 85 29 även
1415 264 129 27 ansetts
1572 261 165 37 föreligga
1767 272 42 21 av

305 307 89 30 vissa
420 307 189 36 ändringar
635 308 11 30 i
673 318 47 20 nu
750 309 158 35 gällande
938 310 111 35 regler
1076 310 55 30 för
1160 311 114 30 denna
1302 312 300 35 dispositionsrätt.
1655 312 154 31 Sålunda

304 357 109 30 skulle
441 358 66 29 den
533 358 231 37 begränsning
790 360 10 29 i
830 360 120 36 Kungl.
981 360 118 36 Maj:ts
1126 361 217 37 befogenhet,
1371 372 73 20 som
1471 363 107 35 gäller
1604 364 111 30 under
1741 365 67 29 den

303 408 49 29 tid
373 408 183 36 riksdagen
576 410 40 29 är
634 410 134 30 samlad
851 413 47 28 att
920 411 57 30 vid
998 412 269 30 överskridande
1291 423 42 20 av
1355 414 163 35 anslagen
1539 422 122 28 genom
1682 415 125 30 äskan-

304 459 42 29 de
372 468 42 21 av
439 459 304 37 täckningsanslag
771 461 126 30 bereda
923 462 185 36 riksdagen
1135 463 135 30 tillfälle
1300 467 48 27 att
1376 467 78 33 taga
1484 465 162 36 ställning
1673 465 51 30 till
1752 466 56 30 det

301 510 203 35 uppkomna
536 510 90 36 läget
653 530 44 3 —
726 511 105 36 enligt
864 512 163 36 förslaget
1059 514 159 35 upphöra
1249 514 222 31 beträffande
1502 516 43 30 de
1574 516 77 38 fyra
1681 517 126 30 största

301 560 162 36 anslagen
493 561 67 29 och
590 562 142 30 ersättas
765 563 79 29 med
874 572 41 21 en
946 564 159 36 samtliga
1137 565 99 30 dessa
1270 565 288 37 förskottsanslag
1590 566 217 31 omfattande

304 610 194 36 skyldighet
530 614 49 28 att
610 612 50 30 till
693 613 202 36 riksdagens
928 615 218 30 statsutskott
1176 616 160 30 redovisa
1367 616 95 31 såväl
1493 616 134 31 fattade
1659 613 145 45 disposi-

301 660 201 32 tionsbeslut
533 672 75 20 som
640 663 64 31 den
737 663 260 32 fortskridande
1026 665 152 31 faktiska
1209 667 387 37 anslagsbelastningen.
1654 669 12 29 I
1699 678 107 21 nuva-

301 711 106 30 rande
431 712 74 36 läge
531 714 122 29 tvekar
675 714 167 31 utskottet
864 714 74 31 icke
964 718 50 28 att
1039 716 76 36 giva
1139 716 123 37 Kungl.
1292 717 100 37 Maj:t
1416 718 41 30 de
1483 718 148 37 sålunda
1654 719 152 36 begärda

300 761 257 32 fullmakterna.
607 764 170 31 Utskottet
804 765 200 31 förutsätter
1029 767 187 31 emellertid
1242 768 122 31 därvid
1391 772 48 27 att
1467 778 91 21 ovan
1582 770 148 30 berörda
1754 780 50 20 re-

299 812 222 37 dovisningar
543 815 134 30 lämnas
702 816 185 30 successivt
909 817 66 30 och
998 816 39 32 så
1059 818 122 30 snabbt
1203 828 76 20 som
1303 819 268 32 förhållandena
1592 820 168 37 medgiva.

344 863 69 30 När
438 864 83 30 1939
545 864 54 31 års
622 865 142 36 lagtima
789 866 138 37 riksdag
951 868 183 35 godkände
1157 869 56 30 det
1237 869 45 31 då
1308 869 234 37 föreliggande
1567 871 163 36 förslaget
1754 872 51 30 till

299 913 281 37 beredskapsstat
610 915 55 30 för
696 916 320 32 försvarsväsendet
1047 928 61 21 var
1137 920 304 36 huvuduppgiften
1473 921 58 30 vid
1565 922 239 36 anslagspröv-

298 963 125 37 ningen
446 968 49 27 att
518 966 148 31 bedöma
689 967 94 30 vilka
808 968 134 36 belopp,
967 978 76 21 som
1068 969 218 32 erfordrades
1309 971 56 30 för
1385 971 133 31 sådana
1541 968 263 45 beredskapsåt-

298 1015 131 36 gärder,
454 1025 76 20 som
556 1016 122 37 Kungl.
707 1017 102 36 Maj:t
836 1018 157 37 rimligen
1018 1020 106 30 borde
1148 1021 121 30 kunna
1295 1021 37 31 få
1358 1022 139 36 vidtaga
1521 1025 84 28 utan
1631 1023 172 37 riksdags-

298 1065 148 31 kallelse.
500 1067 74 29 Den
604 1067 109 36 därpå
742 1068 156 36 följande
928 1070 130 31 urtima
1087 1071 202 36 riksdagens
1319 1073 309 37 anslagsprövning
1659 1074 57 30 vid
1747 1075 56 29 be-

298 1115 210 37 handlingen
537 1126 43 21 av
607 1117 280 32 förskottsstaten
915 1120 105 37 avsåg
1047 1121 276 37 huvudsakligen
1351 1133 42 20 en
1420 1124 212 36 bedömning
1662 1134 42 20 av
1733 1134 69 21 me-

296 1166 220 31 delsbehovet
539 1167 92 31 fram
655 1168 50 31 till
731 1169 172 37 utgången
929 1180 43 21 av
996 1171 137 36 januari
1157 1172 131 31 månad
1314 1173 236 31 innevarande
1575 1174 47 31 år.
1671 1175 13 30 I
1710 1175 93 31 båda

296 1215 105 31 fallen
429 1217 134 36 angåvo
588 1219 309 37 anslagsbeloppen
923 1231 42 20 en
992 1222 68 30 viss
1086 1223 231 36 begränsning
1344 1233 41 21 av
1412 1224 123 37 Kungl.
1563 1225 118 36 Maj:ts
1705 1226 96 30 befo-

294 1267 123 35 genhet
435 1270 48 28 att
501 1268 185 36 disponera
705 1270 84 29 över
807 1271 172 35 anslagen.
1024 1272 78 30 Med
1122 1273 65 29 den
1208 1274 68 29 rätt
1295 1273 56 31 för
1370 1274 122 37 Kungl.
1515 1275 102 36 Maj:t
1637 1279 48 28 att
1704 1277 95 30 över-

295 1317 117 31 skrida
434 1318 174 36 anslagen,
632 1329 74 20 som
729 1321 167 30 utskottet
919 1331 90 21 ovan
1035 1322 172 37 tillstyrkt,
1233 1324 94 31 bliva
1350 1326 190 30 emellertid
1564 1327 171 36 beloppen
1759 1337 42 21 av

295 1368 100 30 dessa
421 1368 121 37 anslag
566 1372 84 28 utan
677 1371 82 29 reell
785 1371 173 38 betydelse
984 1372 57 30 för
1065 1373 343 32 finansfullmaktens
1436 1377 234 37 användning.
1721 1378 80 30 Med

296 1418 134 36 hänsyn
455 1419 117 30 härtill
599 1421 63 29 har
688 1420 124 37 Kungl.
839 1421 109 37 Maj:t,
976 1432 76 21 som
1077 1423 73 31 icke
1176 1424 179 38 föreslagit
1379 1426 114 37 någon
1520 1428 147 36 ändring
1694 1428 11 30 i
1730 1429 70 30 för-

294 1469 239 31 skottsstatens
554 1471 248 36 uppställning,
822 1472 222 32 beträffande
1062 1474 64 30 här
1146 1474 266 37 ifrågavarande
1435 1477 80 37 fyra
1535 1479 120 36 anslag
1675 1478 31 37 ej
1729 1480 71 29 hel-

293 1519 50 29 ler
365 1519 182 36 ifrågasatt
568 1520 113 37 någon
706 1523 207 36 omräkning
936 1533 42 21 av
1003 1525 310 37 anslagsbeloppen
1337 1528 78 30 med
1438 1529 137 36 hänsyn
1599 1529 50 30 till
1672 1530 57 30 det
1752 1540 48 20 nu

293 1568 234 38 föreliggande
552 1572 287 31 medelsbehovet.

338 1618 170 34 Utskottet
531 1621 39 30 är
596 1622 55 29 väl
676 1622 171 31 medvetet
872 1633 57 20 om
955 1625 42 29 de
1025 1624 217 38 svårigheter,
1270 1637 75 21 som
1371 1629 60 29 äro
1458 1629 166 31 förenade
1650 1632 80 29 med
1756 1641 43 21 en

292 1669 190 39 beräkning
501 1681 43 21 av
562 1673 153 30 nämnda
734 1674 252 37 medelsbehov,
1006 1685 78 21 vars
1102 1677 125 30 storlek
1247 1681 119 33 ytterst
1383 1679 101 30 beror
1497 1689 43 21 av
1553 1690 42 20 en
1609 1682 62 30 rad
1684 1682 114 30 ovissa

292 1719 162 32 faktorer.
496 1721 118 31 Under
639 1732 95 22 mera
762 1725 158 31 normala
946 1726 90 30 tider
1063 1727 109 31 skulle
1199 1729 166 30 utskottet
1392 1729 118 32 funnit
1538 1732 57 30 det
1620 1729 176 45 önskvärt,

293 1773 48 27 att
361 1772 41 29 de
420 1771 211 38 fullmakter,
654 1783 74 21 som
749 1774 184 38 riksdagen
953 1777 96 36 giver
1070 1778 120 36 Kungl.
1214 1779 111 37 Maj:t,
1348 1781 110 36 bygga
1480 1781 46 37 på
1548 1782 118 31 försök
1688 1787 49 27 att
1760 1783 37 31 så

292 1820 93 37 långt
411 1832 74 20 som
514 1823 135 37 möjligt
675 1825 39 29 är
741 1826 125 36 angiva
893 1826 225 33 fullmaktens
1148 1830 282 32 statsfinansiella
1458 1832 180 32 innebörd.
1680 1834 117 31 Under

291 1873 199 30 nuvarande
510 1873 245 32 förhållanden
775 1877 40 29 är
834 1878 90 30 detta
944 1879 189 31 emellertid
1152 1880 77 31 icke
1248 1881 144 37 möjligt.

334 1922 158 32 Rörande
508 1926 164 35 anslagen
690 1926 51 30 till
760 1927 43 30 de
816 1927 91 31 olika
920 1928 325 38 försvarsgrenarna
1258 1932 64 30 har
1335 1933 165 31 utskottet
1513 1935 110 30 under
1635 1936 96 30 hand
1744 1936 37 30 in

288 1973 141 36 hämtat,
452 1977 49 28 att
522 1975 239 38 belastningen
784 1978 57 30 vid
864 1979 99 30 slutet
985 1989 43 21 av
1049 1980 136 36 januari
1208 1981 130 32 månad
1359 1984 235 31 innevarande
1616 1985 39 31 år
1676 1986 118 31 kunde

288 2024 203 35 uppskattas
528 2025 51 30 till
612 2026 95 31 cirka
743 2028 195 36 95,000,009
975 2030 130 30 kronor
1130 2030 20 31 å
1172 2033 155 36 anslaget
1350 2033 49 30 till
1424 2035 244 31 lantförsvaret
1699 2036 93 40 (Da),

288 2074 95 31 cirka
404 2075 197 37 35,000,000
621 2078 128 30 kronor
770 2078 21 31 å
812 2080 152 37 anslaget
986 2081 52 30 till
1060 2081 223 36 sjöförsvaret
1311 2083 71 40 (Ea)
1411 2086 66 29 och
1500 2086 97 31 cirka
1618 2088 174 36 5,000,000

289 2125 128 30 kronor
441 2125 19 31 å
486 2128 154 36 anslaget
666 2129 50 30 till
741 2129 200 38 flygvapnet
973 2131 89 40 (Fa).
1102 2133 114 37 Enligt
1242 2135 111 30 under
1378 2145 93 22 mars
1497 2136 129 32 månad
1652 2138 142 31 utförda

287 2175 232 38 beräkningar
555 2179 147 30 rörande
739 2180 57 31 det
833 2182 181 31 sannolika
1051 2185 277 31 medelsbehovet
1362 2186 88 31 intill
1484 2187 219 37 budgetårets
1741 2193 51 26 ult-

286 2224 90 38 gång
411 2227 113 31 skulle
562 2229 156 36 anslaget
755 2231 53 30 till
846 2232 249 32 lantförsvaret
1134 2234 74 40 (Da)
1250 2236 144 31 komma
1432 2240 50 28 att
1520 2239 151 31 belastas
1710 2241 82 29 med

287 2276 162 37 omkring
489 2279 218 36 190,000,000
745 2282 143 36 kronor,
927 2285 157 36 anslaget
1122 2286 51 29 till
1211 2286 230 36 sjöförsvaret
1483 2288 74 40 (Ea)
1600 2290 80 31 med
1718 2300 73 21 om-

286 2326 102 37 kring
426 2329 195 36 70,000,000
658 2331 133 31 kronor
830 2334 65 29 och
931 2335 157 36 anslaget
1125 2336 51 31 till
1214 2337 203 37 flygvapnet
1458 2338 72 41 (Fa)
1572 2341 80 30 med
1689 2341 103 36 högst

287 2377 194 36 20,000,000
510 2380 138 33 kronor.
688 2382 109 32 Dessa
824 2384 93 30 äldre
945 2385 233 38 beräkningar
1204 2389 61 29 äro
1293 2398 48 21 nu
1367 2389 44 37 på
1438 2392 115 35 grund
1581 2401 42 21 av
1651 2392 41 30 de
1721 2392 68 30 för-

284 2427 195 39 ändringar,
505 2440 76 21 som
605 2432 66 30 den
695 2433 277 34 internationella
999 2437 207 32 situationen
1230 2439 191 37 undergått,
1449 2450 74 21 mer
1548 2442 46 30 än
1620 2441 170 37 någonsin

284 2478 122 31 ovissa.
446 2480 52 31 Då
527 2483 188 31 emellertid
744 2484 123 37 Kungl.
896 2485 101 37 Maj:t
1026 2488 80 36 äger
1132 2488 165 32 fullmakt
1325 2493 48 28 att
1400 2492 202 31 överskrida
1630 2489 159 45 samtliga
