1903 2835
462 170 118 29 Andra
596 170 244 38 lagutskottets
856 169 178 30 utlåtande
1048 177 42 20 nr
1104 169 41 29 39
1158 169 39 29 år
1213 169 80 29 1967
1603 172 13 28 i

805 434 64 40 Nr
901 434 53 40 39

335 547 183 30 Utlåtande
549 548 10 28 i
585 547 188 40 anledning
800 557 41 20 av
870 547 122 30 väckta
1021 547 171 30 motioner
1220 555 55 21 om
1305 547 246 40 pensionering
1579 554 42 21 av

534 602 95 29 äldre
642 601 154 39 friställd
809 601 213 40 arbetskraft
1036 611 44 19 m.
1095 611 45 19 m.

180 710 117 29 Andra
315 710 227 38 lagutskottet
560 709 63 30 har
641 709 188 30 behandlat
847 709 156 40 följande
1021 710 94 29 inom
1133 709 187 39 riksdagen
1338 709 124 29 väckta
1480 708 52 30 till
1552 709 69 38 lag-

138 764 133 29 utskott
284 764 190 29 hänvisade
488 764 186 29 motioner:

183 817 32 34 1)
246 818 40 28 de
311 817 223 40 likalydande
560 817 217 29 motionerna
803 817 84 29 1:30
913 826 42 20 av
979 817 80 29 herr
1087 816 143 30 Werner
1255 816 64 30 och
1346 816 101 29 II:39
1474 825 41 20 av
1540 816 82 29 herr

135 871 201 29 Andersson
351 871 10 29 i
376 871 106 29 Luleå
496 881 44 19 m.
554 870 56 40 fl.;

179 925 37 34 2)
246 925 41 29 de
312 925 223 40 likalydande
561 925 218 29 motionerna
804 925 82 29 I:31
914 934 41 20 av
979 925 80 29 herr
1086 924 144 29 Werner
1255 924 65 30 och
1346 924 45 29 II:
1407 924 41 30 38
1475 933 41 20 av
1541 924 81 29 herr

136 979 201 29 Andersson
351 979 11 29 i
375 979 107 29 Luleå
495 988 45 20 m.
554 978 55 39 fl.;

181 1033 35 34 3)
238 1033 41 29 de
295 1032 223 40 likalydande
534 1033 218 29 motionerna
768 1032 28 30 I:
813 1032 60 30 351
892 1042 41 20 av
948 1032 80 29 herr
1045 1031 171 36 Carlsson,
1233 1031 88 36 Eric,
1339 1032 64 29 och
1419 1031 81 30 herr
1516 1032 107 29 Svan-

137 1086 109 30 ström
262 1088 90 28 samt
367 1086 45 29 II:
428 1086 62 30 438
505 1096 42 19 av
560 1086 80 29 herr
655 1086 211 29 Gustavsson
881 1087 10 28 i
905 1086 154 35 Alvesta;

181 1140 37 34 4)
243 1140 41 29 de
305 1140 222 40 likalydande
549 1140 217 29 motionerna
787 1140 28 29 I:
832 1139 61 30 352
915 1150 41 19 av
975 1140 80 29 herr
1075 1139 134 30 Dahlén
1231 1149 45 19 m.
1290 1139 38 39 fl.
1349 1139 65 30 och
1435 1139 46 29 II:
1497 1139 63 29 446
1582 1148 42 20 av

137 1194 80 29 herr
232 1193 104 30 Ohlin
351 1203 45 20 m.
409 1193 55 39 fl.;

182 1248 35 33 5)
247 1248 41 28 de
312 1248 222 39 likalydande
559 1248 217 29 motionerna
801 1248 28 28 I:
846 1247 61 29 353
932 1257 42 19 av
997 1247 80 29 herr
1100 1247 161 34 Jansson,
1286 1247 97 34 Paul,
1414 1256 39 19 m.
1468 1247 38 38 fl.
1533 1248 91 28 samt

139 1301 45 29 II:
200 1301 63 29 436
277 1310 42 20 av
332 1301 80 29 herr
425 1300 194 30 Blomkvist
633 1310 45 20 m.
691 1300 56 39 fl.;

183 1355 36 34 6)
240 1355 41 29 de
296 1355 222 40 likalydande
534 1355 218 29 motionerna
768 1355 28 28 I:
812 1354 61 30 443
890 1364 41 20 av
946 1354 79 29 herr
1042 1354 122 39 Geijer,
1181 1354 102 35 Arne,
1300 1354 65 30 och
1381 1354 80 29 herr
1475 1354 150 29 Johans-

140 1416 73 28 son,
228 1409 105 34 Knut,
349 1410 90 28 samt
454 1408 44 29 II:
514 1408 62 29 557
591 1417 43 20 av
647 1408 56 29 fru
717 1407 184 30 Ekendahl
914 1408 65 29 och
991 1408 80 29 herr
1085 1407 156 39 Hagnell.

190 1587 217 30 Motionerna
428 1587 29 33 1)
483 1587 63 33 —5)
568 1587 62 29 har
644 1587 205 29 behandlats
865 1587 10 29 i
891 1587 54 29 sin
960 1587 126 29 helhet.
1103 1587 217 29 Motionerna
1336 1587 36 33 6)
1393 1587 63 29 har
1472 1586 153 30 behand-

140 1642 66 30 lats
234 1641 123 30 endast
384 1641 103 29 såvitt
515 1641 107 39 angår
649 1641 382 39 förtidspensionering.
1060 1641 226 29 Beträffande
1315 1640 117 39 övriga
1461 1640 95 30 delar
1585 1650 42 20 av

142 1695 218 29 motionerna
373 1694 164 30 hänvisas
552 1695 52 28 till
619 1694 187 30 utskottets
820 1694 180 30 utlåtande
1017 1694 98 30 1967:
1131 1694 51 30 38.

773 1820 224 31 Motionerna

143 1891 215 29 Motionerna
376 1892 31 28 1:
421 1891 41 29 30
479 1900 42 20 av
538 1891 81 28 herr
639 1891 142 29 Werner
799 1890 63 30 och
880 1891 47 29 II:
942 1891 41 29 39
1001 1900 41 19 av
1059 1890 81 29 herr
1156 1890 201 30 Andersson
1377 1890 10 29 i
1404 1890 106 30 Luleå
1530 1900 44 20 m.
1588 1890 39 39 fl.

188 1945 11 28 I
218 1944 218 30 motionerna
454 1945 105 39 yrkas
580 1946 70 28 »att
669 1945 186 38 riksdagen
874 1945 10 28 i
902 1945 166 29 skrivelse
1087 1944 52 29 till
1158 1945 124 39 Kungl.
1302 1944 105 40 Maj:t
1426 1944 202 30 hemställer

143 2007 56 20 om
230 1998 191 39 skyndsam
454 1998 185 39 utredning
670 1998 10 29 i
710 1998 139 30 samråd
880 1998 78 29 med
989 1998 353 30 arbetsmarknadens
1372 1999 256 38 partorganisa-

143 2052 111 29 tioner
274 2051 177 39 angående
472 2052 103 29 sänkt
595 2052 261 39 pensionsålder
876 2052 51 29 till
948 2052 201 39 förslagsvis
1171 2052 38 29 65
1230 2052 38 29 år
1288 2052 54 29 för
1363 2059 149 32 grupper
1533 2052 95 29 inom

144 2105 128 39 fysiskt
286 2105 65 30 och
364 2105 161 40 psykiskt
539 2105 224 39 påfrestande
778 2107 89 28 samt
881 2105 238 39 hälsovådliga
1131 2106 141 39 yrken.»

188 2159 251 38 Motiveringen
454 2159 51 28 till
519 2159 323 39 motionsyrkandet
857 2158 171 30 återfinns
1043 2159 10 28 i
1067 2159 177 29 motionen
1259 2159 44 29 II:
1320 2159 50 30 39.

144 2239 217 29 Motionerna
378 2240 31 28 I:
424 2239 38 29 31
483 2248 41 20 av
541 2239 81 29 herr
641 2239 143 29 Werner
801 2239 64 29 och
882 2239 47 29 II:
944 2239 42 29 38
1003 2248 41 20 av
1061 2239 81 29 herr
1159 2239 200 29 Andersson
1379 2239 11 29 i
1407 2239 106 30 Luleå
1532 2249 45 20 m.
1591 2239 38 40 fl.

190 2293 12 29 I
220 2293 219 29 motionerna
457 2293 106 39 yrkas
584 2295 70 27 »att
672 2293 186 39 riksdagen
877 2294 10 28 i
906 2293 166 29 skrivelse
1090 2293 52 29 till
1162 2294 124 38 Kungl.
1305 2294 106 39 Maj:t
1428 2294 202 29 hemställer

145 2356 57 20 om
222 2349 49 27 att
291 2347 41 29 de
352 2348 11 29 i
382 2347 114 29 denna
516 2347 132 29 motion
668 2346 216 30 behandlade
904 2346 164 40 frågorna
1088 2347 148 29 rörande
1256 2347 159 39 trygghet
1434 2347 52 29 till
1507 2348 123 39 syssel-

146 2401 163 38 sättning,
336 2401 154 29 inkomst
516 2401 64 29 och
607 2400 214 39 försörjning
847 2400 54 29 för
927 2401 65 28 den
1019 2401 94 29 äldre
1140 2401 257 29 arbetskraften
1424 2401 206 40 skyndsamt

146 2455 170 29 utredes.»

150 2547 172 24 1—0100557
366 2544 133 39 Bihang
516 2544 51 28 till
583 2543 204 40 riksdagens
803 2543 175 39 protokoll
996 2544 93 28 1967.
1107 2544 19 28 9
1142 2544 98 28 saml.
1257 2544 19 29 2
1293 2544 76 30 avd.
1386 2544 48 29 Nr
1450 2544 42 30 39
