1870 2796
289 171 235 30 Sammansatt
543 173 97 27 stats-
665 171 64 29 och
753 170 110 37 första
883 170 204 36 lagutskotts
1112 170 173 31 utlåtande
1308 180 42 20 nr
1372 171 30 30 3.
1558 167 40 30 49

99 253 115 32 Råneå
234 254 154 37 tingslag.
412 254 255 36 Mottagningar
687 255 55 30 för
762 255 241 30 rättssökande
1022 255 96 29 skola
1137 256 63 35 äga
1219 264 89 27 rum,
1329 255 153 30 förutom
1500 254 10 30 i
1531 255 68 29 Ha-

98 305 165 36 paranda,
285 305 45 37 på
352 310 46 27 ett
420 305 113 31 flertal
557 306 135 36 platser,
718 305 277 36 huvudsakligen
1016 305 94 30 inom
1137 304 135 31 Torneå
1292 305 177 37 domsaga.
1494 305 105 31 Polis-

98 356 297 36 organisationens
411 357 161 36 personal
589 356 89 30 skall
698 356 123 31 anlitas
841 355 115 32 såsom
975 356 202 30 ortsombud
1194 356 56 31 för
1265 357 173 30 anstalten
1456 356 66 31 och
1540 366 60 21 an-

99 407 123 30 stalten
242 407 88 30 skall
351 408 85 30 nära
457 407 182 31 samverka
660 408 78 30 med
763 408 42 30 de
826 407 375 36 privatpraktiserande
1226 407 245 31 advokaterna.

143 458 74 31 Vad
234 457 147 32 sålunda
401 458 194 36 föreslagits
612 458 115 30 finner
745 457 58 38 jag
820 458 71 37 mig
908 457 119 32 kunna
1044 458 71 30 helt
1129 458 182 36 tillstyrka.
1330 458 178 31 Anstalten
1526 458 73 36 bör,

99 507 113 32 såsom
232 508 355 37 utredningsmannen
606 508 245 37 understrukit,
872 509 10 30 i
903 509 108 31 första
1033 509 96 31 hand
1146 518 83 21 vara
1248 509 129 31 avsedd
1398 509 56 31 för
1473 509 126 31 Torne-

99 559 109 36 dalen,
233 560 64 30 där
317 560 146 30 behovet
484 561 80 29 med
583 560 137 36 hänsyn
740 559 49 31 till
810 561 42 29 de
871 560 222 36 särpräglade
1112 558 488 38 befolkningsförhållandena

99 610 39 29 är
155 611 110 30 störst.
285 610 67 31 Om
370 609 37 31 så
425 611 69 30 kan
514 610 61 31 ske
593 614 84 27 utan
696 613 49 27 att
766 610 351 36 rättshjälpsbehovet
1134 611 11 30 i
1162 610 219 31 Tornedalen
1398 610 201 37 eftersättes,

98 660 84 31 böra
203 661 256 36 mottagningar
480 661 57 30 för
561 661 242 31 rättssökande
826 662 175 30 anordnas
1024 663 87 29 även
1133 661 94 30 inom
1251 661 189 31 anstaltens
1461 661 140 31 distrikt

99 710 9 30 i
125 711 118 37 övrigt.
262 712 80 30 Med
357 712 65 30 den
440 711 194 37 föreslagna
654 712 440 36 personalorganisationen
1114 712 96 30 torde
1229 714 99 29 dessa
1346 712 256 37 mottagningar

97 761 90 31 dock
206 762 49 30 till
274 772 43 20 en
337 762 126 39 början
480 763 86 30 böra
585 763 185 35 begränsas
790 762 45 36 på
854 764 66 29 sätt
938 763 355 36 utredningsmannen
1310 763 185 36 föreslagit.
1517 764 82 30 När-

98 822 96 22 mare
209 813 259 32 bestämmelser
484 814 149 30 rörande
649 814 302 36 mottagningarna
969 814 84 31 böra
1071 814 174 30 meddelas
1264 815 11 29 i
1294 814 307 37 arbetsordningen

99 863 55 31 för
174 864 181 30 anstalten.
382 863 111 37 Några
520 864 274 36 betänkligheter
818 869 73 26 mot
914 867 52 28 att
988 864 156 31 anförtro
1165 865 68 30 den
1257 865 116 30 lokala
1396 865 203 36 polisperso-

97 914 103 31 nalen
222 914 57 31 det
301 914 80 38 föga
402 915 220 36 betungande
644 916 191 35 uppdraget
859 914 114 32 såsom
999 916 202 30 ortsombud
1224 916 57 31 för
1306 917 170 29 anstalten
1500 926 102 21 anser

97 964 58 38 jag
174 965 30 37 ej
225 965 135 31 behöva
382 966 112 38 hysas.

141 1016 196 30 Anstaltens
359 1018 160 34 personal
541 1016 144 31 föreslås
708 1017 97 31 skola
829 1017 111 30 under
965 1018 65 30 den
1055 1017 108 31 första
1189 1018 332 31 verksamhetstiden
1544 1018 56 30 be-

96 1067 139 36 gränsas
258 1068 51 29 till
328 1077 42 21 en
389 1067 238 31 föreståndare
647 1068 65 30 och
734 1078 41 21 en
796 1068 198 31 kontorist.»

139 1175 77 32 Med
244 1176 66 29 den
336 1176 194 36 föreslagna
556 1176 376 36 rättshjälpsanstalten
955 1177 66 30 har
1045 1180 124 27 avsetts
1195 1182 49 26 att
1272 1177 177 37 tillgodose
1474 1178 56 30 det
1553 1177 46 37 på

96 1228 109 34 grund
232 1235 42 21 av
301 1226 159 36 speciella
486 1226 254 38 förhållanden,
769 1227 45 30 bl.
842 1237 30 20 a.
899 1226 312 37 tvåspråkigheten,
1239 1228 117 31 starka
1382 1228 147 31 behovet
1556 1238 44 21 av

96 1276 182 37 rättshjälp
305 1276 35 31 åt
365 1277 223 30 obemedlade
613 1277 10 30 i
650 1278 217 30 Tornedalen
894 1278 66 30 och
984 1278 222 36 närliggande
1232 1279 140 36 bygder.

141 1327 170 31 Utskottet
331 1328 65 30 har
416 1327 116 31 funnit
555 1328 41 29 de
618 1328 10 29 i
649 1327 260 37 propositionen
930 1328 147 30 anförda
1101 1329 119 30 skälen
1242 1329 57 30 för
1320 1332 50 28 att
1391 1329 10 30 i
1423 1330 93 30 detta
1536 1330 62 30 fall

96 1377 189 31 försöksvis
307 1378 125 30 inrätta
454 1387 42 20 en
522 1378 114 36 statlig
658 1378 333 36 rättshjälpsanstalt
1011 1379 154 30 bärande
1186 1380 66 29 och
1277 1379 67 37 vill,
1369 1378 44 32 då
1437 1380 31 36 ej
1492 1380 108 30 heller

95 1428 373 36 anslagsberäkningen
487 1428 164 30 föranlett
670 1428 148 36 erinran,
837 1429 172 35 tillstyrka
1026 1428 170 37 förslaget.
1218 1430 182 36 Samtidigt
1417 1430 115 30 finner
1548 1430 50 36 sig

95 1478 164 30 utskottet
286 1478 187 31 emellertid
503 1478 86 31 böra
616 1478 230 36 understryka
876 1482 49 27 att
955 1479 66 30 den
1048 1479 299 36 omständigheten
1376 1483 51 28 att
1453 1489 44 21 en
1523 1485 75 26 rent

95 1528 113 36 statlig
228 1528 332 36 rättshjälpsanstalt
581 1528 143 31 inrättas
746 1529 75 30 icke
842 1529 64 30 bör
927 1528 180 37 uppfattas
1129 1528 115 32 såsom
1266 1529 103 37 något
1391 1530 209 36 principiellt

95 1582 116 33 avsteg
233 1578 81 31 från
336 1578 119 31 hittills
480 1578 160 37 gällande
664 1579 156 36 ordning,
845 1579 104 36 enligt
972 1580 115 30 vilken
1112 1580 56 31 det
1189 1581 207 30 ankommer
1417 1580 46 37 på
1484 1582 114 30 lands-

95 1629 72 36 ting
188 1631 65 28 och
275 1629 115 31 städer
410 1632 57 35 att,
489 1629 11 30 i
522 1629 70 31 viss
611 1630 241 36 utsträckning
872 1632 80 30 med
972 1630 123 36 bidrag
1117 1640 43 20 av
1180 1631 208 37 statsmedel,
1411 1631 107 31 träffa
1539 1641 58 21 an-

95 1679 187 36 ordningar
307 1680 56 30 för
387 1680 305 35 utomprocessuell
720 1679 184 38 rättshjälp
929 1679 36 32 åt
988 1681 233 30 obemedlade.
1248 1681 51 31 De
1326 1682 271 37 överväganden,

95 1740 74 20 som
189 1730 167 31 motivera
376 1730 163 36 förslaget
558 1740 57 20 om
635 1730 233 31 Tornedalens
888 1730 340 40 rättshjälpsanstalt,
1248 1732 63 30 äro
1329 1731 144 32 sålunda
1493 1733 104 36 enligt

95 1781 182 30 utskottets
295 1780 138 37 mening
450 1780 77 30 icke
544 1790 42 20 av
606 1780 244 31 beskaffenhet
868 1783 58 33 att,
947 1780 101 31 såvitt
1065 1780 107 37 angår
1190 1782 117 36 övriga
1326 1782 95 31 delar
1439 1792 43 21 av
1499 1783 97 36 riket,

95 1830 180 30 föranleda
293 1830 113 36 någon
426 1840 115 20 annan
559 1829 213 37 ståndpunkt
789 1831 49 29 till
856 1830 122 37 frågan
995 1841 56 20 om
1069 1832 65 30 den
1152 1833 330 35 utomprocessuella
1499 1834 97 29 rätts-

94 1880 140 36 hjälpen
258 1882 45 28 än
326 1882 67 29 den
416 1881 265 30 statsmakterna
706 1880 120 31 hittills
851 1881 129 36 intagit.

143 1930 169 29 Utskottet
335 1929 198 30 hemställer
555 1929 109 34 alltså,

447 2010 49 26 att
509 2006 183 35 riksdagen
708 2005 56 31 må
783 2007 48 29 till
851 2004 230 33 Tornedalens
1096 2007 331 37 rättshjälpsanstalt
1444 2008 55 31 för
1513 2009 83 30 bud-

402 2056 127 36 getåret
555 2054 141 33 1947/48
718 2057 119 30 anvisa
859 2060 47 29 ett
927 2057 267 37 förslagsanslag
1215 2068 43 20 av
1278 2060 38 29 31
1334 2059 62 30 000
1418 2060 138 30 kronor.

139 2174 50 29 15.
223 2172 301 37 Efterutbildning
563 2173 96 30 inom
698 2172 378 37 rättegångsväsendet.
1113 2175 14 29 I
1165 2175 152 36 enlighet
1356 2176 79 29 med
1475 2176 122 35 Kungl.

94 2223 116 38 Maj:ts
230 2225 131 34 förslag
384 2221 123 38 (punkt
533 2225 37 28 15
592 2234 24 20 s.
642 2225 71 34 189)
740 2225 64 28 och
825 2224 111 30 under
955 2224 138 30 erinran
1113 2228 48 27 att
1184 2226 193 31 detsamma
1397 2226 128 30 hänför
1547 2227 51 35 sig

95 2274 47 30 till
170 2274 189 30 kostnader
387 2274 55 29 för
468 2283 42 20 en
540 2283 42 20 av
611 2274 351 35 domarutredningen
990 2275 64 29 och
1085 2275 317 34 processnämnden
1430 2276 167 30 förordad

93 2323 282 36 efterutbildning
398 2333 42 20 av
464 2323 306 35 domstolsjurister
794 2328 89 25 samt
908 2323 281 37 efterutbildning
1213 2325 10 29 i
1248 2326 186 35 stenografi
1460 2336 42 20 av
1529 2327 66 29 viss

92 2373 311 36 biträdespersonal
425 2372 9 30 i
458 2373 229 34 domsagorna
710 2373 199 31 hemställer
931 2373 173 36 utskottet,

131 2439 110 31 Bihang
254 2439 41 24 till
306 2439 167 31 riksdagens
485 2438 146 32 protokoll
644 2438 73 24 1947.
777 2439 80 23 saml.
875 2438 15 23 2
903 2439 57 22 avd.
980 2438 42 24 Nr
1034 2439 23 22 3.
1550 2438 13 25 4

1634 1181 127 25 Utskottet.
