1881 2826
446 152 124 29 Första
587 152 244 39 lagutskottets
849 154 177 29 utlåtande
1042 163 42 20 nr
1100 155 41 29 27
1157 155 38 29 år
1214 156 83 29 1969
1597 160 19 29 9

129 230 105 38 pekat
253 230 69 30 kan
340 231 106 31 också
465 233 110 30 större
593 233 170 31 snabbhet
781 234 11 30 i
809 234 304 41 handläggningen
1132 236 146 40 uppnås,
1298 246 57 21 om
1372 237 69 30 den
1458 237 157 40 myndig-

131 283 57 30 het
208 292 74 21 som
301 285 138 29 utreder
459 286 173 30 ärendena
650 287 107 30 också
774 288 106 30 fattar
899 288 168 31 besluten.
1086 290 52 29 En
1158 290 108 30 sådan
1285 291 199 40 utveckling
1503 291 112 30 skulle

128 337 145 40 givetvis
292 348 83 21 vara
394 339 51 30 till
465 340 111 30 fördel
596 341 85 30 även
700 341 54 30 för
774 342 245 31 allmänheten.
1039 343 119 40 Någon
1177 344 74 30 risk
1271 344 53 30 för
1344 346 50 29 att
1412 345 203 30 decentrali-

131 392 158 40 seringen
308 394 138 29 medför
464 394 91 30 ökad
575 395 180 39 ojämnhet
774 396 11 29 i
802 396 255 41 bedömningen
1077 398 81 30 eller
1178 408 41 20 en
1240 399 149 40 ändring
1406 409 43 20 av
1466 400 148 29 bestäm-

130 446 191 30 melsernas
341 447 223 41 tillämpning
583 457 101 31 synes
704 449 70 30 inte
795 449 174 41 föreligga,
991 451 165 30 eftersom
1176 452 56 30 det
1251 453 124 39 ytterst
1396 453 110 30 sällan
1527 453 87 31 före-

130 500 158 30 kommer
309 502 51 28 att
378 501 159 31 besluten
557 502 140 30 avviker
718 503 79 30 från
816 504 358 41 polismyndighetens
1195 507 171 38 yttrande.

174 554 48 30 På
242 555 113 39 grund
374 565 42 20 av
435 555 56 30 det
510 556 148 31 anförda
677 557 159 30 förordar
853 558 69 40 jag,
943 560 50 28 att
1012 559 383 41 utredningsförslagen
1415 561 199 41 genomförs

131 608 9 29 i
163 609 60 28 allt
245 609 195 40 väsentligt.
465 610 152 30 Sålunda
639 611 62 29 bör
723 612 294 39 polismyndighet
1040 613 11 29 i
1074 613 271 40 fortsättningen
1367 615 107 39 pröva
1498 615 117 40 frågor

131 671 56 20 om
210 662 159 30 tillstånd
392 663 52 30 till
466 663 128 30 handel
617 664 79 30 med
720 665 154 40 explosiv
895 675 82 21 vara
1001 667 64 29 och
1089 667 40 30 de
1153 667 116 40 frågor
1293 677 58 21 om
1374 668 240 31 föreståndare

130 726 103 19 m.m.
257 725 76 21 som
354 717 131 39 hänger
508 727 160 21 samman
691 719 78 30 med
793 719 109 30 sådan
924 720 138 30 handel.
1086 721 128 30 Likaså
1236 721 61 30 bör
1320 722 294 41 polismyndighet

131 771 104 38 pröva
262 770 333 31 tillståndsärenden
621 781 57 21 om
706 773 109 30 större
843 773 383 41 förbrukningsförråd,
1254 775 361 41 kringföringsförråd

127 824 67 29 och
215 824 278 31 handelsförråd.
514 825 94 30 även
628 826 350 42 tillståndsprövning
997 828 10 30 i
1029 828 168 30 samband
1217 829 80 30 med
1317 831 215 39 transporter
1552 830 62 30 bör

129 878 191 30 ankomma
340 879 44 39 på
404 879 295 40 polismyndighet
720 880 10 29 i
752 881 113 29 stället
886 881 54 29 för
961 882 233 40 länsstyrelse.

174 932 255 40 Utredningens
454 933 131 40 förslag
609 935 49 28 att
683 934 267 40 länsstyrelsens
974 935 208 40 befogenhet
1206 937 105 40 enligt
1336 937 41 30 52
1404 938 15 37 8
1445 938 169 40 explosiv-

130 985 338 41 varuförordningen
495 989 50 27 att
572 988 120 39 medge
719 988 179 40 undantag
925 989 80 29 från
1032 990 100 39 eljest
1160 990 157 40 gällande
1345 992 269 39 transportföre-

131 1039 141 30 skrifter
297 1040 112 31 skulle
434 1041 94 30 föras
553 1042 79 29 över
656 1042 52 29 till
732 1042 295 41 polismyndighet
1049 1044 64 30 har
1137 1044 195 31 kritiserats
1357 1055 42 20 av
1422 1046 192 30 kommers-

130 1094 198 39 kollegium.
351 1095 168 39 Kollegiet
540 1095 64 30 har
625 1096 105 39 pekat
751 1096 45 40 på
816 1098 50 28 att
886 1097 161 39 yttrande
1070 1097 79 30 från
1172 1099 441 40 sprängämnesinspektio-

131 1157 65 20 nen
215 1149 36 28 är
268 1149 214 39 nödvändigt
499 1150 11 28 i
527 1149 131 30 sådana
676 1150 61 30 fall
754 1160 80 20 men
851 1153 50 27 att
917 1152 312 39 polismyndighets
1249 1153 196 40 skyldighet
1462 1155 49 28 att
1528 1154 86 29 höra

130 1202 244 39 inspektionen
398 1203 37 29 är
457 1203 194 39 begränsad
674 1204 105 40 enligt
802 1204 40 30 58
868 1204 14 37 $
910 1205 14 29 1
950 1215 103 20 mom.
1077 1206 121 30 Denna
1222 1206 196 40 skyldighet
1440 1207 62 30 bör
1524 1207 90 30 dock

129 1256 106 39 enligt
259 1256 162 40 kollegiet
445 1257 71 29 inte
541 1258 164 38 generellt
730 1259 208 34 utsträckas,
963 1259 107 30 vilket
1094 1260 231 39 utredningen
1351 1260 188 41 föreslagit.
1565 1262 48 29 De

126 1310 96 29 olika
244 1311 265 39 synpunkterna
528 1312 99 29 torde
648 1312 120 30 kunna
789 1313 199 39 tillgodoses
1010 1321 124 32 genom
1155 1315 49 28 att
1224 1314 278 40 begränsningen
1523 1316 11 30 i
1555 1324 59 31 po-

129 1364 266 40 lismyndighets
423 1365 197 39 skyldighet
645 1367 49 28 att
720 1366 85 30 höra
833 1367 497 40 sprängämnesinspektionen
1356 1369 71 29 inte
1454 1369 53 29 får
1534 1378 79 20 avse

129 1417 153 30 ärenden
302 1418 107 40 enligt
426 1419 40 29 52
488 1418 15 37 8
523 1428 81 20 men
622 1419 11 29 i
651 1420 110 39 övrigt
780 1420 54 29 får
854 1421 88 39 gälla
962 1420 222 31 oförändrad.
1204 1422 64 29 Det
1286 1422 62 29 bör
1368 1422 43 30 då
1430 1423 70 29 inte
1519 1423 94 29 möta

130 1472 275 39 betänkligheter
427 1474 50 28 att
498 1472 103 40 flytta
621 1473 79 29 över
721 1473 253 40 befogenheten
993 1476 49 28 att
1063 1475 121 39 medge
1205 1475 180 40 undantag
1405 1476 106 39 enligt
1532 1476 40 29 52
1596 1476 15 37 8

129 1525 44 39 på
190 1525 305 41 polismyndighet.
513 1527 64 39 Jag
595 1526 159 31 förordar
773 1529 49 28 att
841 1527 38 30 så
896 1528 79 30 sker
993 1528 65 30 och
1075 1530 49 28 att
1142 1528 186 40 ordalagen
1347 1530 10 29 i
1375 1529 40 30 58
1436 1529 15 38 $
1474 1530 14 29 1
1507 1539 105 21 mom.

127 1579 141 39 jämkas
291 1579 38 30 så
350 1581 50 28 att
420 1580 269 30 bestämmelsen
711 1580 53 30 får
786 1581 66 29 den
873 1582 169 30 innebörd
1065 1591 73 21 som
1160 1591 82 31 nyss
1265 1583 158 39 angivits.

175 1633 12 28 I
209 1633 98 39 fråga
328 1642 57 21 om
406 1634 152 29 ärenden
579 1643 58 20 om
656 1634 158 30 tillstånd
834 1635 52 29 till
907 1635 127 40 import
1056 1645 42 20 av
1118 1636 155 39 explosiv
1292 1645 83 21 vara
1395 1637 145 30 innebär
1562 1638 51 28 ut-

129 1687 209 39 redningens
365 1687 140 40 förslag,
532 1689 50 28 att
607 1688 321 30 beslutanderätten
955 1689 111 30 skulle
1093 1689 94 31 delas
1215 1699 70 30 upp
1311 1691 128 29 mellan
1465 1691 148 40 länssty-

129 1741 86 29 relse
241 1741 64 30 och
329 1741 306 40 polismyndighet.
660 1742 65 30 Det
750 1742 234 30 förhållandet
1009 1745 49 28 att
1083 1744 305 38 importärendena
1413 1745 37 29 är
1475 1745 138 39 mycket

129 1794 159 40 ovanliga
306 1794 89 30 talar
415 1795 191 29 emellertid
624 1797 73 28 mot
716 1805 42 20 en
778 1795 107 30 sådan
905 1796 223 40 uppdelning.
1148 1797 64 29 Det
1232 1806 100 30 synes
1353 1798 106 29 också
1476 1798 136 30 mindre

130 1849 157 39 lämpligt
306 1850 50 28 att
373 1848 70 30 låta
461 1848 153 31 ärenden
633 1858 41 20 av
692 1849 114 30 denna
824 1851 59 38 typ
902 1851 84 28 utan
1005 1851 180 39 undantag
1202 1851 143 39 avgöras
1365 1861 41 20 av
1424 1852 189 40 polismyn-

129 1902 129 39 dighet.
277 1902 66 30 För
362 1903 74 28 min
454 1903 55 29 del
527 1912 102 20 anser
646 1903 60 39 jag
723 1903 120 30 därför
862 1905 49 28 att
929 1905 308 39 importärendena
1254 1906 62 29 bör
1336 1906 90 39 ligga
1444 1907 86 28 kvar
1549 1907 64 29 hos

131 1956 249 39 länsstyrelsen
401 1956 65 30 och
486 1956 147 30 föreslår
654 1956 102 30 alltså
775 1957 104 39 ingen
900 1957 149 40 ändring
1067 1958 11 29 i
1100 1958 41 30 54
1165 1958 14 37 8
1203 1958 260 41 förordningen.

175 2010 49 29 De
245 2009 333 31 tillståndsärenden
602 2019 73 21 som
700 2011 104 39 enligt
827 2011 56 29 det
906 2011 95 30 inom
1024 2012 424 40 handelsdepartementet
1472 2014 142 39 upprät-

130 2064 80 29 tade
234 2064 165 39 förslaget
425 2064 153 39 alltjämt
603 2064 158 30 kommer
787 2066 50 28 att
862 2065 214 39 handläggas
1103 2075 42 20 av
1171 2066 224 39 länsstyrelse
1421 2076 98 20 avser
1545 2068 68 28 till-

130 2117 103 29 stånd
253 2119 51 27 att
321 2117 163 30 tillverka
504 2118 153 39 explosiv
675 2127 84 20 vara
779 2119 81 28 eller
880 2120 49 27 att
949 2119 130 29 inneha
1100 2119 108 30 sådan
1227 2129 84 20 vara
1329 2120 11 29 i
1361 2120 149 30 fabriks-
1532 2121 80 29 eller

131 2171 307 39 upplagsmagasin
465 2173 90 27 samt
580 2171 158 30 tillstånd
765 2174 49 27 att
840 2172 190 39 importera
1056 2173 162 39 godkänd
1246 2174 153 39 explosiv
1424 2184 84 20 vara
1533 2175 11 29 i
1572 2175 41 29 de

129 2224 63 30 fall
213 2224 142 30 särskilt
374 2224 160 30 tillstånd
554 2225 104 30 krävs
679 2225 55 30 för
753 2225 185 40 importen.
959 2226 228 30 Beträffande
1208 2227 152 30 ärenden
1382 2237 56 20 om
1460 2228 153 30 tillverk-

130 2278 84 39 ning
234 2278 63 29 bör
320 2278 498 40 sprängämnesinspektionen
842 2286 56 32 ges
922 2280 110 29 ökade
1054 2280 246 39 befogenheter
1324 2282 49 28 att
1396 2282 137 29 besluta
1556 2291 56 21 om

131 2332 149 39 ändring
307 2341 42 20 av
374 2332 161 39 byggnad
564 2340 123 30 genom
716 2334 50 27 att
796 2333 39 29 16
867 2332 14 37 $
912 2333 251 39 förordningen
1191 2334 140 39 jämkas
1362 2336 105 38 enligt
1496 2336 116 29 utred-

130 2385 147 40 ningens
299 2385 140 40 förslag.

172 2439 64 40 Jag
257 2439 152 30 biträder
430 2439 68 30 vad
518 2439 231 40 utredningen
771 2440 117 29 anfört
910 2449 56 21 om
988 2440 218 31 återkallelse
1228 2450 41 21 av
1291 2441 156 30 tillstånd
1469 2443 65 29 och
1556 2452 56 20 om

129 2493 262 39 verkställighet
413 2502 43 21 av
477 2492 343 31 återkallelsebeslut.
843 2493 93 30 även
957 2494 166 39 förslaget
1146 2504 56 20 om
1223 2495 71 30 viss
1315 2496 235 40 begränsning
1571 2506 41 21 av
