1865 2843
420 157 405 40 Bevillningsutskottets
843 158 219 31 betänkande
1078 168 43 21 nr
1136 160 43 29 25
1195 160 39 30 år
1252 160 84 30 1967
1584 161 39 30 19

446 239 66 29 och
532 239 114 30 Johan
669 238 127 31 Olsson
818 242 90 28 samt
930 240 46 30 II:
990 240 60 30 201
1075 250 42 21 av
1137 241 121 31 herrar
1280 242 171 31 Wiklund
1472 243 12 30 i
1506 243 118 30 Stock-

446 293 97 29 holm
563 293 65 29 och
648 293 200 31 Johansson
868 295 11 29 i
900 294 122 40 Växjö,

492 347 36 34 2)
558 348 178 30 motionen
755 348 45 30 II:
817 348 62 30 200
899 359 43 20 av
958 349 81 30 herr
1058 349 146 31 Werner
1222 360 45 20 m.
1282 350 37 30 fl.
1340 353 90 28 samt

491 401 37 34 3)
558 402 178 30 motionen
756 402 46 30 II:
818 402 62 30 539
901 413 42 20 av
962 404 81 29 herr
1063 404 195 40 Lundberg,

491 456 75 30 icke
586 456 107 30 måtte
713 457 181 30 föranleda
914 458 115 39 någon
1047 458 206 40 riksdagens
1273 459 136 40 åtgärd;

490 510 48 34 II)
568 511 219 39 beträffande
810 512 129 39 avdrag
961 512 58 29 vid
1042 512 423 41 inkomstbeskattningen
1489 514 56 40 för
1566 515 57 39 gå-

447 573 60 21 vor
527 564 53 30 till
599 565 138 40 u-hjälp
756 575 104 20 m.m.

488 618 47 34 A)
560 621 49 27 att
629 619 188 39 riksdagen
835 637 44 3 —
897 620 11 29 i
928 620 188 40 anledning
1136 631 42 20 av
1197 621 41 29 de
1257 621 225 39 likalydande
1501 623 123 29 motio-

446 682 110 20 nerna
577 672 85 30 1:95
685 682 42 21 av
748 673 80 30 herr
849 673 196 40 Blomquist
1066 675 66 29 och
1153 674 45 30 II:
1217 674 60 30 136
1298 685 42 20 av
1362 675 58 30 fru
1444 676 180 40 Sundberg

446 735 46 21 m.
507 726 47 35 fl.,
571 726 29 31 I:
616 726 61 30 100
693 737 42 20 av
748 727 81 30 herr
846 727 118 31 Schött
979 738 45 20 m.
1039 728 37 30 fl.
1092 729 65 29 och
1172 729 45 29 II:
1236 728 60 30 130
1312 739 41 21 av
1368 730 80 29 herr
1465 730 157 30 Gustafs-

448 790 62 21 son
536 781 13 29 i
575 781 108 30 Borås
710 791 45 20 m.
770 782 48 34 fl.,
846 782 29 30 I:
893 782 59 29 101
982 792 43 20 av
1051 783 80 29 herr
1160 783 246 40 Svenungsson
1432 794 46 20 m.
1492 784 38 30 fl.
1558 786 66 28 och

446 834 46 31 II:
510 834 61 30 129
590 845 42 20 av
648 836 80 29 herr
747 836 219 30 Fridolfsson
984 837 11 30 i
1015 837 201 30 Stockholm
1234 847 45 20 m.
1295 838 46 35 fl.,
1362 838 29 30 I:
1405 837 62 31 417
1487 849 42 20 av
1546 839 77 30 her-

445 898 57 20 rar
522 889 115 41 Harry
657 889 162 31 Carlsson
840 891 65 29 och
925 891 65 30 Per
1010 891 192 31 Jacobsson
1223 894 90 28 samt
1334 892 45 30 II:
1395 892 63 30 532
1479 903 42 20 av
1541 894 81 29 herr

445 943 148 30 Hamrin
612 944 12 29 i
643 944 200 40 Jönköping
862 954 46 20 m.
928 945 48 35 fl.,
998 946 164 29 ävensom
1183 946 29 30 1:
1228 945 62 31 423
1312 956 42 20 av
1373 947 121 30 herrar
1514 948 110 29 Thor-

447 999 76 28 sten
541 998 153 29 Larsson
712 999 65 28 och
797 998 202 31 Svanström
1019 1002 89 27 samt
1129 999 45 30 II:
1190 999 62 30 536
1273 1010 42 20 av
1333 1001 122 29 herrar
1473 1001 149 30 Johans-

447 1061 63 20 son
525 1052 12 29 i
555 1052 167 30 Skärstad
738 1053 65 29 och
820 1053 70 30 Boo
906 1071 44 3 —
966 1054 108 30 måtte
1090 1054 12 29 i
1120 1054 165 30 skrivelse
1301 1055 53 30 till
1371 1055 126 39 Kungl.
1515 1056 106 39 Maj:t

445 1106 142 30 anhålla
608 1115 57 21 om
689 1107 190 38 skyndsam
902 1108 187 39 utredning
1110 1108 149 30 rörande
1281 1109 185 30 införande
1489 1119 42 20 av
1551 1111 71 28 rätt

445 1160 53 29 till
525 1160 130 40 avdrag
681 1160 57 30 vid
765 1161 270 40 beskattningen
1063 1162 54 30 för
1145 1162 104 39 gåvor
1276 1163 53 29 till
1358 1163 172 40 u-hjälps-
1557 1164 65 29 och

445 1213 111 30 andra
581 1214 226 31 humanitära
834 1215 163 30 ändamål
1025 1218 90 27 samt
1142 1217 53 29 till
1222 1217 199 35 kulturella,
1449 1217 171 40 religiösa,

445 1268 263 39 vetenskapliga
724 1269 81 29 eller
823 1269 100 39 eljest
940 1270 196 39 uppenbart
1154 1270 268 40 allmännyttiga
1440 1271 178 35 ändamål;

489 1321 44 34 B)
563 1324 50 28 att
631 1322 157 39 följande
806 1323 181 35 motioner,
1006 1323 177 40 nämligen

492 1376 35 33 1)
556 1376 41 29 de
627 1376 224 40 likalydande
880 1377 219 31 motionerna
1129 1377 85 30 1:95
1245 1388 42 20 av
1315 1379 81 29 herr
1425 1378 197 41 Blomquist

445 1429 66 30 och
528 1429 47 31 II:
592 1429 61 30 136
672 1440 42 20 av
732 1430 57 30 fru
809 1431 180 40 Sundberg
1006 1441 45 19 m.
1066 1431 48 35 fl.,

490 1483 36 34 2)
556 1484 41 29 de
616 1484 224 40 likalydande
859 1485 219 30 motionerna
1097 1485 29 30 I:
1144 1485 60 30 100
1225 1496 43 20 av
1285 1486 81 30 herr
1386 1487 118 30 Schött
1523 1497 46 20 m.
1583 1487 38 30 fl.

445 1538 65 29 och
527 1537 46 31 II:
591 1537 61 30 130
670 1548 41 20 av
727 1539 81 29 herr
825 1538 209 31 Gustafsson
1050 1540 12 29 i
1079 1539 108 31 Borås
1204 1550 45 20 m.
1262 1540 48 35 fl.,

489 1591 37 34 3)
556 1592 41 30 de
613 1592 224 40 likalydande
855 1594 219 29 motionerna
1091 1594 29 29 I:
1139 1594 58 29 101
1218 1604 42 21 av
1277 1595 80 29 herr
1376 1595 246 40 Svenungsson

443 1655 46 20 m.
504 1646 37 29 fl.
564 1646 66 29 och
652 1646 46 30 II:
716 1646 61 30 129
800 1657 43 20 av
863 1648 81 29 herr
965 1647 220 31 Fridolfsson
1208 1649 11 29 i
1244 1649 201 30 Stockholm
1469 1659 45 20 m.
1529 1650 47 34 fl.,

489 1699 37 34 4)
556 1700 41 30 de
630 1701 224 39 likalydande
886 1702 220 30 motionerna
1139 1702 105 30 1:417
1279 1713 43 20 av
1353 1704 122 29 herrar
1508 1704 115 39 Harry

445 1753 163 31 Carlsson
629 1755 65 29 och
716 1755 64 30 Per
802 1755 192 30 Jacobsson
1016 1758 90 28 samt
1129 1756 45 30 II:
1190 1756 63 30 532
1276 1767 41 20 av
1338 1758 82 29 herr
1441 1757 148 31 Hamrin
1610 1758 12 29 i

443 1808 200 40 Jönköping
663 1818 45 20 m.
730 1809 37 29 fl.
788 1811 90 28 samt

488 1861 37 34 5)
554 1862 42 30 de
619 1863 224 39 likalydande
865 1864 220 30 motionerna
1108 1864 29 30 I:
1153 1863 62 31 423
1240 1875 42 20 av
1304 1865 121 30 herrar
1448 1866 174 29 Thorsten

443 1915 154 30 Larsson
617 1917 65 28 och
704 1916 203 31 Svanström
928 1920 90 28 samt
1040 1918 45 30 II:
1101 1917 62 30 536
1185 1928 43 21 av
1248 1919 122 29 herrar
1389 1919 200 30 Johansson
1610 1919 11 29 i

446 1969 168 30 Skärstad
635 1970 64 29 och
720 1970 80 35 Boo,

489 2024 117 35 måtte,
626 2024 12 30 i
656 2024 67 30 den
740 2025 83 30 mån
842 2025 41 30 de
901 2026 76 30 icke
996 2026 70 30 kan
1085 2035 101 21 anses
1205 2027 188 30 besvarade
1413 2035 124 32 genom
1554 2027 67 30 vad

445 2078 170 30 utskottet
629 2087 89 21 ovan
731 2079 111 29 under
855 2080 114 39 punkt
982 2079 29 29 A
1023 2080 189 35 hemställt,
1228 2090 42 20 av
1281 2081 189 40 riksdagen
1483 2082 137 29 lämnas

444 2133 86 28 utan
555 2131 136 40 åtgärd;

489 2185 64 34 III)
583 2186 220 40 beträffande
829 2187 162 40 åtgärder
1015 2187 57 41 för
1098 2190 51 28 att
1173 2188 132 40 främja
1333 2188 251 41 investeringar
1611 2189 12 29 i

445 2239 208 31 u-länderna

489 2295 49 28 att
565 2294 41 30 de
632 2295 223 39 likalydande
880 2296 220 30 motionerna
1126 2296 29 30 I:
1170 2296 64 30 479
1260 2307 42 20 av
1326 2298 81 29 herr
1433 2297 188 40 Holmberg

444 2356 46 21 m.
504 2348 37 29 fl.
565 2348 66 29 och
653 2348 121 30 II:603
799 2359 42 20 av
862 2350 81 30 herr
965 2350 160 30 Bohman
1147 2360 45 20 m.
1207 2351 47 35 fl.,
1285 2352 4 29 i
1312 2352 67 29 vad
1402 2352 220 30 motionerna

444 2401 180 31 hänvisats
646 2403 52 29 till
720 2403 388 40 bevillningsutskottet,
1131 2405 75 29 icke
1228 2405 108 30 måtte
1358 2405 182 31 föranleda
1561 2406 60 30 nå-

444 2463 68 32 gon
533 2456 207 40 riksdagens
763 2457 136 40 åtgärd;

488 2509 62 35 IV)
580 2510 220 41 beträffande
829 2511 184 31 bilaccisen
