2135 2677
320 209 37 29 16
760 210 109 38 Bilaga
894 210 46 29 till
964 210 216 38 Lagutskottets
1207 210 153 30 Utlåtande
1385 210 56 30 N:o
1465 211 52 29 22.

1061 290 18 50 $
1110 293 58 36 31.

422 381 115 37 Idkar
572 387 89 31 utan
695 383 12 34 i
736 382 233 49 vederbörlig
998 382 156 49 ordning
1183 382 153 37 erhållet
1363 382 164 36 tillstånd
1557 382 194 48 utländing
1778 381 133 36 handel

315 436 91 35 eller
441 441 111 30 annat
579 437 252 49 näringsyrke,
860 437 90 35 eller
979 437 244 49 öfverskrider
1253 436 72 37 han
1354 437 61 35 det
1442 435 178 46 tillstånd,
1648 436 137 35 honom
1813 435 97 36 med-

316 490 128 46 delats,
473 491 90 36 eller
590 492 12 35 i
631 490 113 50 öfrigt
771 492 95 36 felar
894 496 78 31 mot
1001 491 43 36 de
1072 492 12 35 i
1114 491 118 37 denna
1256 491 217 50 förordning
1493 490 102 50 gifna
1613 489 239 46 föreskrifter,
1872 497 39 29 är

315 546 74 34 han
431 544 174 37 förfallen
647 547 59 34 till
750 546 102 36 böter
893 547 116 48 enligt
1044 546 18 49 $
1102 549 58 42 18,
1194 551 54 30 att
1282 546 160 36 fördelas
1470 546 48 44 så,
1547 559 76 23 som
1653 547 12 34 i
1694 545 18 49 $
1744 547 46 35 23
1822 552 88 42 sägs.

318 602 127 34 Hållas
478 614 108 23 varor
622 603 152 45 olofligen
811 603 52 34 till
893 603 86 42 salu,
1008 602 94 35 skola
1131 605 40 32 de
1198 615 88 22 vara
1303 603 217 44 förverkade
1548 603 59 34 och
1637 605 95 42 tagas
1761 603 15 33 i
1802 601 110 45 beslag

317 658 45 43 af
384 657 125 34 allmän
538 657 171 46 åklagare,
738 669 71 23 som
837 659 123 33 dervid
986 657 67 35 har
1081 659 52 33 att
1158 659 119 33 vidare
1294 659 155 43 förfara
1471 659 51 44 på
1549 659 71 32 sätt
1644 658 15 33 i
1685 656 24 46 $
1737 656 47 35 18
1798 656 114 45 finnes

314 713 188 43 stadgad.»

424 763 53 36 De
519 763 237 36 remitterade
799 764 269 49 handlingarna
1111 763 206 37 återställas
1350 763 144 46 härhos,
1523 763 202 49 hvarjemte
1754 775 44 23 en
1827 761 87 37 full-

316 818 144 49 ständig
488 819 246 47 promemoria
763 819 105 35 öfver
896 818 205 36 desammas
1128 819 163 36 innehåll
1320 817 154 51 bifogas.

423 925 215 38 Stockholm
667 927 68 36 den
768 929 44 35 21
846 927 194 37 december
1074 928 109 37 1886.

975 1035 281 52 Underdånigst,

944 1143 38 39 C.
1011 1144 73 38 FR.
1115 1144 174 38 WERN.

423 1255 34 34 J.
490 1254 149 47 Sjöberg.

1503 1363 113 34 EFrnst
1645 1363 161 34 Gimther.

709 2324 187 21 STOCKHOLM,
918 2324 116 18 TRYCKT
1054 2325 10 16 I
1085 2324 344 24 CENTRAL-TRYCKERIET,
1453 2324 75 19 1887.
