2125 2673
317 245 17 27 6
742 241 111 38 Bilaga
877 240 47 30 till
949 239 216 39 Lagutskottets
1191 237 155 32 Utlåtande
1371 238 56 30 N:o
1451 239 52 29 22.

316 324 78 36 icke
432 322 113 38 måtte
579 320 208 53 medgifvas
821 321 195 50 utländing
1045 325 53 32 att
1127 325 103 32 utom
1259 319 336 50 bosättningsorten
1626 317 86 37 idka
1742 315 169 52 tillfällig

315 378 218 49 försäljning
563 377 40 36 af
628 391 109 23 varor
764 376 81 37 från
875 376 227 36 handelsbod
1131 376 90 35 eller
1250 377 113 33 annat
1390 374 277 48 upplagsställe.

423 433 75 36 Till
526 432 69 37 den
624 445 51 23 nu
704 431 168 37 lemnade
901 429 221 50 öfversigten
1152 428 39 37 af
1217 429 98 36 hvad
1335 428 301 50 länsstyrelserna
1655 427 12 35 i
1687 431 123 32 ämnet
1829 425 80 37 huf-

316 488 244 48 vudsakligen
590 487 170 49 andragit
787 486 104 36 torde
921 486 89 35 böra
1038 486 126 48 läggas
1194 484 69 36 den
1292 483 40 36 af
1359 483 82 36 dem
1458 484 113 47 jemte
1591 482 124 45 andre,
1735 495 78 23 som
1834 481 76 36 deri

315 543 55 49 sig
402 547 126 45 yttrat,
562 546 128 32 nästan
724 546 89 31 utan
843 540 187 49 undantag
1058 538 225 38 framhållna
1311 538 157 45 erinran,
1499 541 54 32 att
1581 537 61 36 det
1670 550 51 22 nu
1750 536 160 36 varande

316 602 108 32 sättet
451 598 57 35 för
529 610 126 23 varors
675 595 262 49 kringförande
958 595 67 36 och
1050 594 155 37 särdeles
1224 593 119 36 dessas
1362 591 223 50 försäljande
1603 604 132 37 genom
1756 591 153 36 auktion

316 653 91 35 eller
427 665 25 23 s.
475 652 33 35 k.
542 652 210 35 realisation
771 651 12 34 i
804 655 112 31 större
951 648 224 50 omfattning
1195 647 175 37 utöfvade
1390 660 45 23 en
1454 647 107 49 högst
1580 646 138 50 menlig
1732 646 178 36 inverkan

317 706 45 49 på
382 707 44 35 de
445 705 143 37 bofaste
604 705 275 36 handlandenas
899 703 236 49 näringsfång
1154 703 68 36 och
1242 703 117 35 desses
1378 699 166 50 förmåga
1560 706 54 30 att
1633 701 125 34 kunna
1780 705 130 43 utgöra

316 761 137 35 skatter
482 760 59 35 till
561 762 117 34 staten
699 759 66 36 och
786 758 68 36 den
876 758 189 43 kommun,
1086 757 63 36 der
1169 757 43 36 de
1232 769 86 23 vore
1340 756 155 44 bosatte;
1516 755 191 36 hvaremot
1726 754 43 36 de
1790 754 120 48 kring-

315 815 150 36 regande
494 814 258 36 handlandena
780 812 230 37 förmenades
1038 812 46 50 gå
1111 810 69 38 frie
1205 810 81 37 från
1306 810 134 37 sådana
1460 809 210 50 utskylders
1689 809 222 49 erläggande

317 870 68 35 och
414 869 154 36 sålunda
596 870 12 34 i
636 867 130 50 sjelfva
795 868 128 35 verket
959 866 126 37 drefve
1114 880 42 21 en
1177 867 144 44 rörelse,
1342 878 77 23 som
1439 877 87 23 vore
1545 863 366 49 inkomstbringande

316 925 11 35 i
360 937 141 23 samma
535 923 96 46 mån,
661 937 75 22 som
768 923 140 35 allmän
938 923 67 35 och
1034 921 141 37 enskild
1204 925 74 31 rätt
1306 920 210 49 derigenom
1545 917 249 37 förnärmades
1823 918 89 35 eller

316 978 220 37 åtminstone
565 979 80 35 icke
673 979 13 34 i
715 977 203 36 allmänhet
945 976 280 49 vederbörligen
1244 973 272 51 tillgodosåges.
1566 971 59 39 Af
1641 973 97 36 hvad
1759 972 153 37 sålunda

316 1032 126 38 blifvit
476 1033 174 36 anmärkt
677 1033 97 35 lärer
803 1032 88 36 böra
919 1031 132 49 dragas
1080 1030 70 36 den
1179 1030 158 44 slutsats,
1366 1032 54 33 att
1449 1028 170 50 gällande
1645 1027 225 49 stadganden
1899 1028 13 34 i

316 1087 105 50 fråga
450 1087 98 37 såväl
578 1101 59 22 om
667 1087 167 36 vilkoren
863 1084 56 37 för
947 1086 220 49 rättigheten
1198 1089 53 31 att
1270 1084 87 36 idka
1377 1084 119 36 denna
1515 1082 298 45 handelsrörelse,
1834 1095 78 23 som

316 1147 108 32 sättet
451 1141 57 37 för
538 1142 231 36 densammas
797 1140 248 44 beskattande,
1064 1140 175 48 antingen
1258 1139 80 36 icke
1359 1145 62 29 äro
1440 1136 351 50 tillfyllestgörande
1811 1137 13 35 i
1844 1136 67 36 och

316 1196 55 36 för
410 1197 54 48 sig
497 1197 90 34 eller
616 1201 54 30 att
699 1196 52 43 de,
780 1195 62 35 vid
868 1193 248 49 jemförandet
1144 1193 38 35 af
1210 1194 83 35 dem
1323 1193 72 35 sins
1424 1192 169 42 emellan,
1621 1191 76 35 lida
1726 1189 40 36 af
1791 1189 121 50 någon

315 1250 209 50 otydlighet
548 1250 90 36 eller
666 1249 100 44 brist,
797 1261 77 23 som
904 1249 198 48 möjliggör
1130 1247 62 36 det
1220 1245 260 49 öfverklagade
1499 1245 230 36 missbruket.
1778 1244 17 35 I
1815 1243 98 37 hvad

316 1304 84 36 mån
444 1304 99 37 detta
586 1311 39 29 är
666 1302 249 38 förhållandet
947 1302 103 37 torde
1080 1302 61 36 det
1168 1301 152 37 tillhöra
1350 1301 204 49 kollegium
1583 1303 54 33 att
1665 1299 87 36 söka
1781 1298 131 36 utreda

316 1360 66 35 och
426 1360 12 34 i
471 1360 267 47 sammanhang
774 1358 150 35 dermed
958 1356 140 50 afgifva
1126 1355 136 50 förslag
1290 1356 60 35 till
1378 1354 220 49 vidtagande
1627 1355 36 34 af
1691 1353 133 36 sådana
1853 1360 58 28 än-

316 1414 148 48 dringar
491 1414 12 34 i
532 1412 246 36 omförmälda
807 1411 239 49 stadganden,
1077 1414 55 33 att
1159 1409 274 37 vederbörande
1458 1408 258 50 myndigheter
1736 1409 12 35 i
1768 1412 145 31 orterna

317 1473 110 31 sättas
462 1468 11 34 i
509 1468 150 35 tillfälle
689 1472 54 30 att
771 1465 214 37 handhafva
1014 1465 67 37 och
1110 1463 201 38 öfvervaka
1339 1477 44 23 en
1413 1463 178 49 behöring
1619 1463 165 36 kontroll
1811 1462 14 35 i
1853 1475 59 22 an-

316 1522 115 50 tydda
459 1522 237 36 hänseenden.

423 1576 16 34 I
468 1576 18 48 $
523 1579 19 34 9
578 1589 111 22 mom.
728 1578 20 34 3
785 1573 40 37 af
865 1573 109 37 ofvan
1016 1573 205 49 åberopade
1259 1571 219 50 förordning
1512 1570 186 50 angående
1733 1569 178 50 utvidgad

316 1629 263 50 näringsfrihet
616 1630 69 35 den
732 1632 44 35 18
802 1629 83 49 juni
918 1630 98 36 1864
1047 1627 202 49 stadgades,
1278 1632 55 30 att
1361 1626 82 45 den,
1474 1639 77 22 som
1580 1626 101 44 ville,
1709 1623 87 48 sjelf
1821 1625 91 35 eller

317 1697 133 36 genom
493 1697 131 31 annan,
666 1690 104 30 utom
812 1683 70 36 den
924 1687 67 40 ort,
1027 1682 63 36 der
1118 1682 74 35 han
1221 1694 87 23 vore
1336 1681 131 44 bosatt,
1497 1678 189 50 kringföra
1714 1691 109 23 varor
1851 1679 61 35 till

317 1739 81 35 salu
428 1739 215 35 annorledes
673 1745 45 28 än
747 1737 20 36 å
794 1737 192 44 marknad,
1016 1737 119 35 skulle
1164 1735 56 36 för
1249 1735 220 49 rättigheten
1500 1739 54 30 att
1581 1734 87 35 idka
1697 1732 108 37 sådan
1826 1733 85 35 han-

317 1793 60 35 del
405 1806 89 22 vara
523 1792 147 50 skyldig
700 1798 65 37 att,
796 1790 92 37 efter
917 1791 44 36 de
990 1792 11 34 i
1030 1804 111 22 mom.
1176 1793 13 34 1
1224 1790 67 35 och
1323 1792 19 34 2
1366 1788 188 37 bestämda
1574 1788 173 49 grunder,
1767 1787 144 36 anmäla

318 1847 53 48 sig
399 1847 65 35 hos
494 1846 273 37 vederbörande
796 1847 11 34 i
837 1843 466 50 mantalsskrifningsorten
1332 1843 67 36 och
1429 1842 175 49 derjemte
1633 1840 180 51 uppgifva
1842 1841 70 36 den

317 1902 91 35 eller
437 1901 44 36 de
510 1913 180 37 personer,
718 1902 74 34 han
821 1901 88 36 ville
938 1900 58 35 till
1024 1899 142 36 biträde
1194 1899 13 34 i
1234 1898 160 35 rörelsen
1424 1897 177 49 begagna,
1631 1901 95 31 samt
1754 1896 158 35 aflemna

317 1956 113 48 betyg
472 1960 55 31 att
567 1954 109 37 sådan
710 1967 131 37 person
871 1967 86 23 vore
986 1952 205 49 välfrejdad
1220 1952 66 36 och
1315 1951 164 50 myndig.
1536 1949 141 38 Genom
1706 1950 69 36 den
1805 1950 107 35 äfven

318 2009 203 49 åberopade
562 2008 261 50 förordningen
859 2009 71 35 den
965 2010 48 36 20
1053 2008 83 48 juni
1169 2009 111 42 1879,
1307 2006 153 36 hvilken
1487 2004 233 37 föranleddes
1748 2002 40 37 af
1809 2004 103 36 Riks-

317 2064 136 49 dagens
494 2062 191 38 skrifvelse
728 2063 70 36 den
840 2065 43 35 15
920 2063 73 48 maj
1028 2064 98 35 1878
1157 2060 186 50 angående
1373 2060 164 36 kontroll
1566 2057 179 46 deröfver,
1774 2062 55 32 att
1857 2063 55 30 ut-

317 2118 151 36 ländske
511 2117 303 37 handelsresande
856 2118 150 48 erlägga
1034 2117 59 34 till
1123 2120 72 31 stat
1224 2115 65 36 och
1318 2115 179 35 kommun
1527 2114 103 35 deras
1658 2113 135 35 rörelse
1822 2111 90 36 fullt

318 2173 257 35 motsvarande
603 2171 161 50 afgifter,
794 2172 118 35 erhöll
939 2183 86 37 nyss
1054 2170 161 36 nämnda
1239 2168 321 49 författningsrum
1591 2168 62 35 det
1680 2168 147 47 tillägg,
1858 2171 54 31 att

317 2226 71 37 den
417 2226 172 49 stadgade
619 2226 172 36 anmälan
820 2226 120 35 skulle
969 2238 67 36 ega
1066 2238 84 22 rum
1179 2222 57 38 för
1265 2224 128 48 hvarje
1422 2222 49 45 år,
1501 2223 68 35 den
1597 2222 12 35 i
1628 2220 105 50 fråga
1752 2220 159 36 varande

316 2280 396 50 handelsrättighetens
754 2279 202 37 utöfvande
999 2277 134 50 afsåge,
1160 2283 96 31 samt
1284 2283 54 30 att
1367 2276 195 49 utländing
1589 2276 81 36 icke
1699 2275 123 36 kunde
1851 2275 60 35 till

317 2335 145 35 biträde
490 2335 12 34 i
532 2334 111 36 sådan
671 2335 134 35 rörelse
834 2333 195 45 användas,
1059 2338 89 30 utan
1179 2331 36 36 så
1243 2345 95 32 vore,
1366 2337 54 30 att
1441 2331 116 35 denne
1576 2329 148 37 erhållit
1742 2328 168 36 tillstånd
