2268 2592
476 184 39 29 14
939 183 257 33 Statsutskottets
1227 184 174 33 Utlåtande
1424 186 65 31 N:o
1517 188 29 29 7.

429 267 315 36 telefontrafiken
781 270 20 33 å
838 268 167 36 nämnda
1033 268 145 50 platser
1206 272 84 33 nått
1319 283 49 23 en
1397 270 121 36 sådan
1545 272 235 49 utveckling,
1810 277 55 32 att
1894 273 155 37 anskaf-

429 319 133 36 fandet
595 319 203 37 därstädes
832 320 43 36 af
904 333 101 36 egna
1032 321 148 36 lokaler
1208 321 60 36 för
1297 321 324 49 telegrafverkets
1651 324 121 36 behof
1796 324 87 37 icke
1911 325 137 49 längre

429 375 90 31 utan
550 370 210 50 olägenhet
787 372 76 36 kan
892 372 240 49 uppskjutas,
1163 378 129 31 ansett
1321 374 61 48 sig
1411 374 93 36 böra
1532 374 168 36 förorda.

534 423 59 36 Då
623 423 226 48 emellertid,
882 424 102 36 hvad
1013 425 181 35 beträffar
1223 424 237 48 fastigheten
1488 426 12 35 i
1529 425 272 49 Kristianstad,
1830 427 219 38 bankofull-

429 474 171 49 mäktige
641 475 106 49 gjort
780 475 66 36 sitt
875 476 238 48 erbjudande
1144 489 59 23 om
1234 477 243 36 densammas
1515 477 234 49 försäljning
1777 477 58 37 till
1863 479 186 48 telegraf-

427 526 137 36 verket
591 528 123 35 under
743 527 150 46 villkor,
921 533 56 30 att
1005 527 223 48 Riksdagen
1257 527 58 36 till
1342 528 284 49 försäljningen
1655 529 148 36 lämnar
1832 529 67 37 sitt
1926 531 121 47 bifall,

428 578 102 35 lärer
571 578 239 49 beviljandet
854 579 41 35 af
921 579 73 36 den
1022 579 231 48 ifrågasatta
1281 580 277 48 köpesumman
1589 582 165 46 173,000
1784 582 144 36 kronor
1956 582 93 37 böra

429 629 69 36 ske
541 629 124 36 under
692 630 282 49 förutsättning
1002 635 57 31 att
1088 631 73 36 den
1190 630 289 49 framställning
1506 631 58 36 till
1592 632 234 49 Riksdagen,
1857 646 95 35 som,
1983 647 63 23 en-

428 680 71 48 ligt
536 681 104 36 hvad
678 682 189 35 utskottet
904 682 200 47 inhämtat,
1134 682 106 36 inom
1269 683 86 35 kort
1384 683 101 36 lärer
1513 696 91 24 vara
1633 689 55 31 att
1716 685 86 35 från
1832 685 216 37 bankofull-

427 732 175 48 mäktige
631 733 12 35 i
672 737 130 32 ämnet
830 733 190 47 förvänta,
1050 734 41 35 af
1108 734 221 48 Riksdagen
1358 735 166 36 bifalles.

533 784 81 36 Mot
656 784 188 48 förslaget
886 790 57 31 att
982 785 62 36 för
1087 785 203 37 utförande
1333 786 42 36 af
1418 787 103 36 vissa
1564 787 433 49 ombyggnadsarbeten
2027 791 21 34 å

428 835 241 36 sistnämnda
696 836 187 48 fastighet
914 837 197 36 användes
1141 842 54 31 ett
1223 837 141 49 belopp
1396 837 43 37 af
1463 839 140 46 46,000
1632 839 142 36 kronor
1803 844 55 31 att
1886 843 94 45 utgå
2007 840 44 36 af

428 886 46 36 de
502 887 61 36 för
577 888 250 36 anskaffande
844 888 41 36 af
897 888 147 36 lokaler
1059 888 12 36 i
1086 888 226 37 landsorten
1328 889 61 36 för
1402 889 327 48 telegrafverkets
1745 891 119 36 behof
1876 904 171 24 reserve-

426 938 93 36 rade
547 938 128 36 medel
705 939 69 36 har
792 940 190 36 utskottet
1001 940 123 36 under
1140 953 93 35 nyss
1249 941 158 48 angifna
1423 942 281 48 förutsättning
1722 942 98 36 intet
1835 947 57 31 att
1908 943 137 36 erinra.

533 980 138 59 Öfriga
698 991 71 36 här
796 992 117 35 ofvan
942 992 32 47 ej
1007 991 253 37 omförmälda
1288 992 148 47 förslag
1464 993 237 37 beträffande
1721 994 325 48 telegrafverkets

427 1045 122 32 stater
577 1041 140 37 liksom
738 1043 71 35 ock
838 1042 142 49 Kungl.
1012 1043 129 49 Maj:ts
1170 1043 148 47 förslag
1345 1044 12 35 i
1387 1044 180 37 afseende
1597 1048 21 33 å
1645 1046 117 48 inköp
1782 1046 61 36 för
1862 1046 184 48 telegraf-

427 1093 157 36 verkets
628 1093 119 37 behof
785 1095 40 35 af
863 1095 349 48 byggnadstomter
1246 1096 12 35 i
1285 1096 126 45 Lund,
1441 1096 226 37 Eskilstuna
1696 1098 72 35 och
1797 1097 120 37 Borås
1947 1103 99 31 samt

427 1145 213 36 anvisande
678 1146 42 35 af
757 1146 104 36 vissa
905 1146 138 49 belopp
1086 1147 87 35 från
1205 1147 48 36 de
1286 1147 43 36 af
1356 1148 97 35 1907
1484 1151 60 32 års
1574 1148 172 49 Riksdag
1774 1149 59 36 för
1861 1149 183 49 telegraf-

426 1196 161 36 verkets
620 1197 168 48 räkning
820 1197 191 49 beviljade
1045 1198 214 36 lånemedel
1296 1199 70 35 har
1398 1199 190 36 utskottet
1616 1200 182 36 likaledes
1828 1206 129 31 ansett
1985 1202 62 48 sig

425 1247 95 36 böra
549 1248 167 36 förorda.

532 1299 54 36 På
613 1300 130 47 grund
772 1300 40 36 af
836 1300 103 35 hvad
968 1300 158 36 sålunda
1155 1301 161 47 anförts,
1345 1302 58 35 får
1431 1302 203 47 utskottet,
1665 1315 83 24 gom
1777 1302 11 36 i
1818 1303 106 36 detta
1947 1317 101 23 sam-

426 1350 197 49 manhang
665 1351 103 36 velat
807 1351 120 36 uttala
970 1352 75 35 den
1087 1352 171 48 mening,
1289 1357 54 31 att
1372 1353 63 36 vid
1464 1353 118 49 inköp
1611 1354 42 35 af
1677 1359 142 31 tomter
1848 1355 71 36 och
1947 1369 98 35 upp-

425 1401 163 37 förande
618 1403 42 35 af
684 1403 230 48 byggnader
942 1403 59 36 för
1029 1402 325 50 telegrafverkets
1384 1405 167 48 räkning
1579 1405 151 48 hänsyn
1759 1406 69 36 bör
1853 1411 112 44 tagas
1986 1408 59 35 till

425 1453 256 48 möjligheten
709 1459 57 31 att
793 1457 48 46 på
870 1468 144 23 samma
1042 1458 108 45 gång
1177 1455 210 49 tillgodose
1416 1456 183 37 behofvet
1625 1457 39 35 af
1682 1457 145 37 lokaler
1846 1458 60 36 för
1925 1459 120 36 andra

425 1510 147 31 statens
602 1506 260 48 inrättningar
891 1509 20 33 å
940 1506 47 36 de
1017 1506 189 37 särskilda
1235 1512 167 43 orterna,
1433 1508 214 47 hemställa,

942 1608 71 49 1:0)
1047 1613 56 31 att
1136 1610 142 47 Kungl.
1309 1610 128 49 Maj:ts
1467 1610 149 49 förslag
1645 1624 61 23 om
1735 1612 166 48 ändring
1928 1612 12 36 i
1970 1612 21 49 &
2020 1615 24 34 4

833 1673 114 23 mom.
993 1663 59 33 1:o
1090 1661 12 35 i
1140 1661 452 49 aflöningsreglementet
1629 1663 60 36 för
1716 1663 235 48 tjänstemän
1978 1664 67 36 vid

831 1711 307 49 telegrafverket
1179 1712 75 36 den
1299 1715 44 33 11
1389 1714 163 35 oktober
1600 1716 98 35 1907
1746 1719 98 32 samt
1892 1715 46 36 de
1982 1716 62 35 vid

832 1776 145 23 samma
1011 1764 434 48 aflöningsreglemente
1479 1766 142 48 fogade
1653 1765 192 37 allmänna
1872 1767 172 48 grunder

831 1814 60 36 till
934 1814 420 50 aflöningsförhöjning
1397 1816 60 36 för
1493 1817 85 36 icke
1606 1818 438 50 provisionsberättigad

831 1865 235 48 tjänsteman
1095 1867 84 36 icke
1207 1871 61 32 må
1297 1868 41 36 af
1363 1868 221 49 Riksdagen
1615 1869 166 46 bifallas;

941 1917 75 49 2:0)
1047 1924 57 30 att
1131 1919 237 49 Riksdagen,
1398 1920 87 37 med
1517 1920 104 36 bifall
1640 1921 58 36 till
1717 1921 102 36 hvad
1839 1922 43 35 af
1898 1921 143 49 Kungl.

831 1969 110 48 Maj:t
967 1970 224 48 föreslagits
1219 1974 64 33 må
1311 1972 206 48 medgifva,

937 2025 34 37 a)
1001 2027 56 30 att
1084 2021 367 48 lokaltelefonisten,
1481 2024 125 35 änkan
1634 2023 88 37 Ulla
1741 2024 186 48 Thyberg
1947 2029 100 31 samt

832 2075 108 31 extra
986 2072 190 37 ordinarie
1217 2073 470 38 interurbantelefonisten
1720 2075 112 47 Agda
1859 2075 186 37 Mathilda

832 2121 98 49 Grip
959 2126 61 33 må
1048 2123 86 36 från
1162 2124 198 48 ingången
1389 2126 42 35 af
1458 2129 40 33 år
1529 2128 97 34 1908
1657 2126 42 36 af
1720 2126 325 48 telegrafverkets

831 2173 125 36 medel
997 2175 174 48 uppbära
1204 2188 49 23 en
1281 2176 95 36 hvar
1403 2177 122 36 under
1552 2177 59 36 sin
1640 2178 240 36 återstående
1909 2179 134 46 lifstid,

831 2227 43 34 så
915 2225 116 49 länge
1072 2226 78 36 hon
1192 2227 124 36 lefver
1357 2228 111 48 ogift,
1512 2233 54 31 ett
1605 2229 115 48 årligt
1747 2230 209 37 understöd
1984 2231 60 36 till

829 2276 141 51 belopp
999 2278 42 36 af
1067 2280 74 35 300
1171 2278 154 49 kronor,
1351 2284 56 31 att
1425 2280 189 36 utbetalas
1633 2280 13 36 i
1666 2281 74 36 den
1760 2282 178 49 ordning,
1960 2296 83 24 som

828 2329 125 49 gäller
980 2330 60 37 för
1067 2330 378 51 fyllnadspensioner
1472 2332 87 36 från
1586 2333 320 49 telegrafverket;
