2256 2605
724 211 252 32 Statsutskottets
1008 211 173 32 Utlåtande
1204 212 65 32 N:o
1298 215 28 28 7.
1773 214 20 31 9

1110 290 42 32 År
1171 298 67 24 1908
1619 292 41 32 År
1680 301 67 24 1909

212 347 306 48 aflöningstaten
570 382 2 2 .
688 382 118 2 cc
837 348 141 37 kronor
1033 349 218 46 4,358,920:
1272 370 44 4 —
1347 349 143 36 kronor
1545 352 219 47 4,729,230:
1785 374 49 3 —

214 399 202 50 pensions-
458 399 71 37 och
557 400 251 36 understöde-

270 457 128 31 staten
528 484 2 2 .
656 484 48 4 a
902 464 17 22 »
1076 453 178 45 306,910:
1272 473 51 5 —
1413 464 17 23 »
1588 455 179 44 370,274:
1787 476 47 4 —

216 484 381 56 omkostnadsstaten
670 536 2 4 ...
752 536 2 2 ...
904 515 17 23 »
1038 505 285 46 2,886,130:—
1353 500 22 55 =
1414 516 17 23 >»
1548 507 219 45 3,323,896:
1784 528 52 4 —

216 561 111 31 ränta
356 555 72 36 och
457 555 237 49 amortering
728 590 2 2 ..
904 567 17 23 »
1040 557 282 44 1,884,400:—
1353 551 22 57 =
1414 568 17 23 >»
1552 559 216 46 1,990,000:
1790 580 43 4 —

219 608 230 48 fastigheter
798 640 2 2 .
906 618 17 23 »
1081 608 177 41 500,000:
1279 629 45 4 —
1416 621 15 20 »
1589 610 178 44 500,000:
1784 631 51 4 —

213 636 481 76 telegraflinjebyggnader
906 670 17 23 »
1106 659 220 42 35,400:—
1416 673 16 20 =»
1590 662 178 46 136,800:
1786 683 50 4 —

216 711 319 48 öfvergångsstat
902 722 17 22 »
1102 712 222 45 46,240:—
1413 723 18 23 =»
1614 713 152 45 53,800:
1787 734 47 5 —

214 762 337 48 indragningsstat
574 794 2 2 .
736 794 48 2 sand
906 774 17 22 »
1126 783 52 4 —
1416 774 17 23 »
1618 765 150 42 11.000:
1788 788 48 4 —

556 830 252 36 tillsammans
837 831 145 35 kronor
1014 831 242 46 10,018,000:
1277 853 43 3 --
1351 831 144 36 kronor
1526 834 242 46 11,115,000:
1787 855 46 4 —

321 933 55 35 Af
409 933 75 36 den
513 932 12 36 i
555 932 428 50 statsrådsprotokollet
1010 933 175 36 lämnade
1214 933 209 49 utredning
1450 934 204 48 inhämtas,
1684 941 56 30 att
1769 936 65 36 det

215 984 155 49 belopp,
416 986 204 45 1,097,000
664 989 153 43 kronor,
860 985 183 35 hvarmed
1084 985 122 48 enligt
1235 985 142 48 Kungl.
1408 986 129 48 Maj:ts
1565 987 148 48 förslag
1740 988 94 36 tele-

215 1036 245 48 grafverkets
489 1036 265 47 utgiftsstater
783 1036 122 36 skulle
935 1036 152 36 komma
1116 1042 55 29 att
1200 1036 60 36 för
1289 1040 41 32 år
1360 1039 98 35 1909
1475 1041 48 45 på
1539 1038 65 36 det
1618 1038 86 37 hela
1720 1039 106 47 ökas,

214 1092 50 44 på
292 1087 169 49 följande
492 1092 77 31 sätt
596 1087 183 37 fördelats
808 1091 48 45 på
885 1088 45 35 de
959 1087 187 36 särskilda
1176 1092 188 32 staterna:

333 1207 331 48 Åflöningsstaten:

320 1294 20 33 å
369 1290 187 49 anslagen
585 1290 60 37 för
663 1290 361 50 telegrafstyrelsen
1048 1286 22 58 .
1100 1292 56 36 kr.
1242 1294 125 45 6,310:
1389 1315 35 4 —

321 1345 20 33 å
369 1342 186 49 anslagen
583 1343 61 35 för
671 1342 300 49 linjedistrikten
1112 1356 17 23 »
1213 1346 152 45 -87,820:
1383 1367 51 2 —

321 1397 20 33 å
383 1394 186 48 anslagen
606 1394 61 36 för
699 1394 370 48 telegrafdistrikten

213 1446 75 36 och
317 1445 237 37 stationerna
1108 1458 17 23 »
1186 1448 179 46 285,540:
1384 1468 50 4 —

321 1500 20 33 å
369 1497 188 48 anslagen
587 1496 59 36 för
674 1497 236 36 verkstaden
1008 1529 2 2 ....
1054 1529 2 2 —
1112 1510 18 23 »
1279 1500 87 34 900:
1386 1520 46 4 —

321 1548 71 37 och
421 1551 20 33 å
470 1549 47 36 de
547 1547 189 37 särskilda
765 1548 211 49 anslagen
1008 1581 2 2 ..
1112 1561 18 23 »
1173 1551 260 54 —39,740:
1404 1545 24 64 —
1460 1567 54 36 kr,
1586 1569 178 46 370,310:
1782 1589 52 5 —

318 1685 190 35 Pensions-
537 1685 61 35 och
627 1685 392 35 understödsstaterna:

212 1783 144 35 genom
399 1769 40 36 af
477 1769 143 48 Kungl.
665 1769 109 49 Maj:t
802 1769 189 49 beviljade
1021 1783 56 22 er-

318 1821 217 48 sättningar
581 1821 59 36 för
680 1821 118 36 skada
826 1821 57 36 till
912 1821 94 49 följd
1037 1822 42 36 af

320 1872 202 49 olycksfall
551 1872 12 35 i
593 1872 148 37 arbetet
832 1905 2 2 .....
1105 1885 18 23 »
1275 1875 87 34 400:
1380 1895 50 4 —

211 1937 144 35 genom
397 1924 241 49 uppförande
680 1924 11 36 1
725 1929 125 31 staten
880 1924 42 36 af
946 1924 120 48 årliga

317 1976 211 36 understöd
558 1978 38 34 åt
615 1976 349 36 lokaltelefonisten
983 1976 87 36 Ulla

317 2027 184 49 Thyberg
512 2028 73 35 och
595 2027 474 37 interurbantelefonisten

318 2080 112 48 Agda
459 2079 183 36 Mathilda
672 2079 95 48 Grip
896 2111 162 4 een
1104 2092 17 23 D
1278 2081 85 35 600:
1381 2101 50 4 —

210 2134 23 33 å
248 2131 179 48 bidraget
446 2131 58 35 till
526 2130 325 87 telegrafverkets
866 2111 199 108 pensions-

317 2160 204 71 inrättning
560 2215 2 4 .
654 2215 116 2 SE
896 2215 128 2 ena
1103 2194 17 24 >
1168 2179 21 54 —
1212 2184 219 45 31,000:—

853 2211 211 92 Transport
1094 2251 54 36 kr.
1206 2253 221 44 32,000:—
1454 2251 55 36 kr.
1580 2252 177 46 -370,310:
1779 2273 48 4 —

297 2311 65 28 Bih.
388 2312 45 27 till
455 2311 102 28 Riksd.
580 2312 82 29 Prot.
689 2309 92 31 1908.
827 2312 21 28 4
869 2312 92 27 Saml.
1007 2312 18 28 1
1047 2311 73 37 Afd.
1170 2312 20 28 7
1212 2312 88 36 Höft.
1767 2313 19 27 2
