1870 2794
267 155 18 30 2
660 158 120 28 Första
803 156 237 36 lagutskottets
1066 155 175 30 utlåtande
1265 165 41 20 nr
1328 156 52 29 34.

272 242 179 38 lämpning
479 242 11 30 i
515 241 100 37 fråga
641 250 57 21 om
726 239 270 37 vinstutdelning
1023 240 56 29 för
1106 238 264 38 räkenskapsår,
1401 248 76 21 som
1505 237 110 37 utgått
1641 238 65 30 den
1734 238 38 30 31

273 293 181 31 december
475 293 82 29 1944
577 292 84 30 eller
679 300 129 27 senare,
830 291 91 29 dock
944 290 74 30 före
1037 290 67 29 den
1125 290 40 29 31
1184 289 180 31 december
1390 289 93 30 1945.

315 344 14 29 I
351 344 14 29 1
389 343 19 37 8
427 343 109 30 första
554 343 133 36 stycket
707 343 10 29 i
739 342 82 30 1943
843 340 56 31 års
920 341 54 36 lag
993 340 208 30 föreskrives
1223 339 114 31 såsom
1356 339 221 36 huvudregel,
1601 342 49 27 att
1669 340 106 29 utdel-

271 393 81 37 ning
377 393 50 31 till
450 392 224 37 aktieägarna
694 402 42 21 av
759 391 211 36 aktiebolags
992 390 91 30 vinst
1105 390 104 36 enligt
1231 390 172 30 fastställd
1425 389 274 37 balansräkning
1723 389 55 30 för

274 442 264 38 räkenskapsår,
561 453 76 20 som
660 452 96 21 avses
779 442 12 30 i
812 443 109 35 lagen,
943 442 74 30 icke
1039 440 58 31 må
1118 441 170 36 överstiga
1312 449 59 22 sex
1393 443 143 34 procent
1559 449 43 21 av
1625 439 154 36 bolagets

271 493 161 31 behållna
452 494 242 35 förmögenhet
714 492 103 37 enligt
837 491 326 36 balansräkningen.
1186 491 78 30 Med
1284 490 160 31 behållen
1462 490 241 36 förmögenhet
1722 499 56 21 av-

272 554 52 22 ses
343 544 124 31 härvid
486 544 154 36 bolagets
659 542 181 37 tillgångar
859 542 87 30 efter
968 542 129 36 avdrag
1116 542 55 30 för
1193 542 140 30 skulder
1352 541 65 30 och
1440 539 338 37 värdeminsknings-

273 597 124 34 poster.
423 594 13 30 I
458 594 91 31 vissa
572 594 73 36 fall,
668 603 119 21 varom
812 593 136 36 stadgas
969 593 11 30 i
1004 593 14 29 1
1043 591 18 37 8
1084 593 86 29 2—4
1193 592 164 36 styckena
1381 594 89 27 samt
1493 592 18 29 2
1537 591 28 37 8,
1589 590 59 31 må
1671 591 107 30 utdel-

273 646 127 35 ningen
420 645 190 30 emellertid
628 643 81 37 utgå
728 644 79 30 med
826 644 105 35 högre
950 643 125 36 belopp
1096 644 46 29 än
1165 651 74 21 som
1259 642 103 36 följer
1380 652 42 21 av
1443 641 248 36 huvudregeln.
1714 641 65 30 En-

273 695 61 37 ligt
355 696 20 30 3
398 695 19 37 8
439 694 109 32 första
568 695 133 36 stycket
721 694 97 31 skola
838 693 306 31 bestämmelserna
1164 693 11 29 i
1200 694 15 28 1
1240 692 19 37 8
1282 692 77 31 icke
1379 693 64 35 äga
1465 692 230 36 tillämpning,
1719 692 62 29 där

274 745 270 37 vinstutdelning
560 744 82 32 från
658 744 195 38 aktiebolag
870 743 214 36 understiger
1106 744 39 30 10
1159 743 63 30 000
1242 744 137 35 kronor,
1398 743 64 30 och
1482 742 30 36 ej
1532 742 107 30 heller
1655 743 11 29 i
1683 740 98 38 fråga

274 806 57 20 om
350 795 272 37 vinstutdelning
642 794 80 32 från
741 795 103 37 bolag
869 794 235 39 (dotterbolag,
1127 792 353 40 dotterdotterbolag),
1502 801 78 22 vars
1603 792 111 31 aktier
1732 792 50 29 till

276 856 73 20 mer
372 848 45 28 än
439 847 41 29 95
502 849 145 33 procent
671 847 80 34 ägas
777 854 42 21 av
844 849 107 27 annat
975 844 197 37 aktiebolag
1199 842 244 40 (moderbolag)
1477 844 82 29 eller
1582 844 65 29 ock
1669 852 43 21 av
1736 845 47 27 ett

276 898 80 30 eller
373 896 87 31 flera
481 896 131 31 sådana
631 896 214 36 dotterbolag
862 896 80 30 eller
961 905 43 21 av
1021 895 257 35 moderbolaget
1298 895 65 29 och
1381 897 47 27 ett
1447 894 82 30 eller
1547 893 88 31 flera
1653 893 130 31 sådana

277 948 212 36 dotterbolag
506 947 240 30 tillsammans.
763 946 15 30 I
796 947 19 29 3
836 946 18 37 8
872 946 109 31 andra
1000 946 132 36 stycket
1150 945 146 36 stadgas,
1318 948 48 27 att
1384 945 192 35 Konungen
1593 945 81 35 äger
1690 945 92 29 med-

278 998 75 36 giva
377 998 195 36 aktiebolag
595 997 80 30 med
699 997 170 30 avseende
893 996 20 31 å
937 997 75 30 dess
1039 995 172 31 särskilda
1234 994 244 32 förhållanden
1503 995 180 35 undantag
1704 993 80 31 från

276 1048 306 31 bestämmelserna
603 1048 11 29 i
640 1049 15 28 1
680 1047 18 37 8
720 1050 88 27 samt
829 1047 121 30 därvid
972 1046 193 31 föreskriva
1189 1046 42 30 de
1253 1045 124 31 villkor
1399 1045 55 31 för
1474 1045 213 36 undantaget
1711 1053 74 22 som

278 1100 125 34 prövas
428 1098 135 36 nödiga.
590 1098 13 30 I
629 1099 20 29 4
674 1098 18 36 8
719 1098 46 30 ha
790 1097 173 37 upptagits
989 1097 261 30 bestämmelser
1274 1105 57 23 om
1357 1095 198 38 återbäring
1580 1105 44 21 av
1648 1096 135 35 belopp,

279 1158 74 20 som
374 1149 147 30 utdelats
544 1149 10 29 i
581 1148 85 30 strid
690 1149 79 29 med
792 1149 67 29 vad
881 1147 11 30 i
915 1148 99 35 lagen
1037 1148 147 35 stadgas,
1209 1150 89 27 samt
1322 1156 57 20 om
1401 1146 220 35 ansvarighet
1643 1145 56 31 för
1719 1146 66 30 den

277 1199 95 35 brist,
399 1208 74 21 som
498 1199 70 29 kan
596 1199 216 35 uppkomma
840 1198 58 30 vid
922 1197 250 36 återbäringen.
1202 1196 164 36 Slutligen
1391 1197 137 35 stadgas
1554 1197 11 29 i
1593 1196 19 30 5
1639 1196 18 37 $
1684 1195 103 31 straff

279 1249 55 31 för
365 1249 295 37 styrelseledamot
690 1249 81 29 eller
801 1248 195 35 likvidator,
1028 1256 76 21 som
1134 1246 219 37 uppsåtligen
1385 1247 82 30 eller
1498 1256 42 21 av
1573 1245 214 31 vårdslöshet

279 1298 85 32 låter
390 1299 185 31 verkställa
603 1299 270 36 vinstutdelning
897 1299 11 29 i
934 1298 84 30 strid
1042 1299 80 29 med
1146 1298 117 35 lagens
1291 1296 225 31 föreskrifter.

324 1391 65 30 Det
414 1391 11 30 i
451 1391 20 30 3
496 1390 18 37 8
540 1391 112 30 andra
675 1390 130 36 stycket
830 1392 177 34 upptagna
1035 1390 204 35 stadgandet
1264 1398 57 22 om
1345 1390 68 29 rätt
1439 1388 55 31 för
1521 1389 192 35 Konungen
1739 1391 47 27 att

281 1441 157 36 medgiva
459 1441 197 36 aktiebolag
679 1441 178 36 undantag
880 1439 79 31 från
980 1440 305 30 bestämmelserna
1309 1439 10 30 i
1343 1441 11 27 1
1383 1439 18 36 8
1423 1439 65 30 har
1511 1440 112 29 under
1643 1438 40 31 år
1705 1439 83 30 1944

280 1491 163 31 föranlett
466 1491 121 31 endast
612 1491 57 31 två
694 1490 295 36 framställningar
1011 1490 51 30 till
1087 1490 123 36 Kungl.
1237 1490 102 36 Maj:t
1362 1499 57 21 om
1441 1489 199 37 beviljande
1663 1499 42 22 av
1729 1490 58 36 dy-

285 1542 63 31 likt
375 1542 187 36 undantag.
590 1542 51 30 Av
667 1542 99 30 dessa
792 1541 295 36 framställningar
1113 1541 65 30 har
1206 1541 66 30 den
1301 1550 63 21 ena
1390 1540 154 36 bifallits,
1572 1540 126 30 medan
1723 1539 66 30 den

285 1593 110 31 andra
419 1593 171 36 avslagits.

330 1643 14 29 I
363 1643 259 38 propositionen
641 1643 65 29 har
725 1641 252 38 föredragande
995 1641 390 37 departementschefen,
1406 1639 183 32 statsrådet
1612 1640 176 37 Wigforss,

287 1693 116 31 anfört
424 1693 107 30 bland
550 1696 109 27 annat
680 1692 167 37 följande:

333 1754 12 15 »
353 1743 120 31 Såsom
496 1744 94 30 förut
610 1743 210 30 framhållits
842 1744 39 28 är
899 1742 266 37 ifrågavarande
1186 1742 215 36 lagstiftning
1423 1741 181 37 tillämplig
1625 1741 121 30 endast
1771 1739 19 31 å

283 1794 271 38 vinstutdelning
575 1793 58 32 för
655 1792 264 39 räkenskapsår,
943 1802 74 21 som
1039 1792 111 37 utgått
1173 1793 67 30 den
1263 1793 38 30 31
1326 1792 180 31 december
1533 1792 83 30 1942
1640 1792 82 30 eller
1741 1800 49 21 se-

283 1854 91 27 nare,
395 1846 88 29 dock
502 1844 76 31 före
597 1845 68 30 den
684 1845 39 29 31
747 1844 181 30 december
949 1843 92 32 1945.
1061 1842 226 31 Beträffande
1307 1842 270 37 vinstutdelning
1595 1842 57 31 för
1669 1842 121 30 räken-

284 1895 154 36 skapsår,
460 1904 74 21 som
555 1894 262 31 sammanfaller
834 1895 79 29 med
931 1893 235 31 innevarande
1185 1892 205 31 kalenderår
1411 1893 82 30 eller
1510 1891 101 38 utgår
1631 1891 159 35 därefter,

283 1947 107 34 gäller
419 1946 219 36 följaktligen
664 1945 77 31 icke
766 1944 116 37 någon
910 1944 240 37 begränsning.
1180 1943 51 31 De
1258 1944 84 35 skäl,
1371 1953 74 21 som
1475 1942 164 31 föranlett
1665 1941 126 37 ifråga-

285 1996 151 30 varande
454 1995 226 37 lagstiftning,
703 1997 59 28 äro
784 1995 189 30 emellertid
992 1994 150 36 alltjämt
1160 1994 56 31 för
1234 1994 149 35 handen,
1404 1994 65 30 och
1490 2003 43 20 en
1554 1992 240 36 utsträckning

285 2056 42 21 av
349 2046 267 36 giltighetstiden
636 2046 98 30 torde
754 2045 121 31 därför
896 2054 83 21 vara
1001 2044 201 31 motiverad.
1225 2044 65 37 Jag
1313 2044 58 30 vill
1392 2044 11 30 i
1425 2045 92 29 detta
1538 2043 256 36 sammanhang

286 2096 113 31 erinra
419 2106 57 22 om
499 2100 49 28 att
570 2096 61 38 jag
650 2097 66 29 den
739 2097 39 29 19
799 2094 138 38 januari
962 2095 81 31 1945
1067 2095 164 36 tillstyrkt
1252 2094 137 30 fortsatt
1408 2094 155 37 giltighet
1586 2103 44 21 av
1648 2093 144 37 prisreg-

285 2147 227 36 leringslagen
533 2150 92 27 samt
648 2150 48 28 att
717 2147 58 36 jag
797 2146 145 36 tidigare
966 2147 114 29 denna
1102 2146 67 36 dag
1191 2145 176 36 föreslagit
1388 2145 162 36 förlängd
1572 2144 154 37 giltighet
1751 2152 43 21 av

287 2198 99 36 lagen
414 2196 179 37 angående
616 2196 233 37 begränsning
876 2206 43 21 av
944 2196 253 37 dyrtidstillägg
1222 2195 20 31 å
1269 2196 59 30 lön
1354 2195 65 31 och
1445 2195 156 36 pension,
1629 2193 91 32 båda
1745 2193 48 30 la-

286 2257 108 28 garna
422 2247 55 31 för
503 2247 95 32 tiden
624 2248 52 30 till
704 2248 64 30 och
793 2247 82 30 med
900 2247 66 30 den
991 2247 42 30 30
1057 2246 77 36 juni
1165 2247 94 31 1946.
1286 2246 65 36 Jag
1375 2245 161 32 förordar
1563 2244 155 37 sålunda,
1746 2246 49 27 att

289 2299 84 30 1943
394 2297 56 32 års
473 2299 55 36 lag
550 2299 80 30 med
653 2297 169 32 särskilda
845 2297 260 31 bestämmelser
1127 2306 57 21 om
1205 2296 232 37 begränsning
1460 2305 44 21 av
1525 2293 271 37 vinstutdelning

290 2349 79 30 från
395 2349 198 36 aktiebolag
619 2347 147 31 erhåller
791 2347 220 37 tillämpning
1035 2347 132 37 jämväl
1195 2347 12 30 i
1232 2345 98 37 fråga
1357 2356 58 21 om
1441 2344 271 36 vinstutdelning
1738 2343 57 31 för

290 2398 265 37 räkenskapsår,
578 2408 76 21 som
673 2398 109 37 utgått
804 2398 66 30 den
891 2399 38 29 31
956 2398 181 30 december
1161 2398 82 30 1945
1266 2398 82 29 eller
1368 2406 130 26 senare,
1520 2396 90 31 dock
1632 2395 74 30 före
1728 2394 67 30 den

292 2450 39 30 31
355 2450 180 31 december
557 2449 115 31 1946.»
