1898 2814
593 165 264 31 Statsutskottets
880 169 167 29 utlåtande
1070 179 38 20 nr
1125 172 70 30 135.
1630 174 16 31 I

805 453 60 41 Nr
895 454 89 42 1335.

568 562 126 28 Ankom
718 564 51 27 till
793 564 188 38 riksdagens
1005 567 104 28 kansli
1134 569 60 28 den
1221 569 36 29 15
1282 571 64 36 maj
1374 571 79 28 1945
1477 572 42 28 kl.
1544 572 18 28 5
1586 582 59 19 em.

454 652 196 38 Utlåtande
676 655 16 35 i
718 656 196 51 anledning
941 671 46 24 av
1016 660 135 49 Kungl.
1182 661 127 50 Maj:ts
1333 664 228 48 proposition
1580 678 64 23 an-

533 714 139 48 gående
712 716 129 50 anslag
881 718 57 36 till
979 721 391 47 expeditionsbaracker
1403 724 67 48 för
1510 732 134 30 statens

537 775 452 50 utlänningskommission.

1429 842 61 42 (4:e
1513 843 87 43 avd.)

192 922 19 31 I
233 924 261 41 propositionen
516 937 41 20 nr
579 927 59 31 287
661 928 62 31 har
745 928 126 43 Kungl.
895 930 111 42 Maj:t,
1031 932 109 32 under
1162 933 215 43 åberopande
1400 947 41 20 av
1463 936 109 43 bilagt
1594 939 48 30 ut-

140 971 82 43 drag
239 985 41 20 av
298 976 377 41 statsrådsprotokollet
692 980 81 30 över
789 980 463 36 kommunikationsärenden
1270 986 54 31 för
1341 986 66 32 den
1426 987 20 31 4
1463 987 66 42 maj
1551 988 90 38 1945,

136 1023 178 43 föreslagit
339 1025 181 43 riksdagen
546 1030 49 29 att
621 1029 54 31 till
699 1030 393 41 Expeditionsbaracker
1117 1035 54 31 för
1196 1037 129 31 statens
1352 1037 288 42 utlänningskom-

135 1074 143 32 mission
301 1078 20 29 å
342 1076 304 44 kapitalbudgeten
670 1081 108 31 under
803 1081 139 33 Statens
965 1084 170 33 allmänna
1158 1086 268 42 fastighetsfond
1450 1090 20 29 å
1491 1089 149 42 tilläggs-

136 1128 67 29 stat
223 1126 39 31 II
282 1127 54 31 till
358 1128 184 32 riksstaten
564 1130 54 31 för
638 1130 204 42 budgetåret
864 1133 137 32 1944/45
1021 1135 119 32 anvisa
1161 1138 49 31 ett
1230 1137 350 44 investeringsanslag
1599 1151 40 21 av

135 1176 60 32 627
208 1177 62 32 500
291 1177 134 33 kronor.

189 1278 133 32 Genom
343 1279 115 33 beslut
481 1281 66 31 den
572 1282 39 31 10
632 1283 185 32 november
840 1284 81 32 1944
943 1286 158 42 uppdrog
1122 1287 126 42 Kungl.
1272 1288 101 42 Maj:t
1395 1291 35 30 åt
1451 1286 189 51 byggnads-

137 1330 169 41 styrelsen
327 1333 50 31 att
397 1331 55 31 för
472 1343 42 20 en
535 1332 147 33 kostnad
703 1345 41 20 av
763 1334 103 42 högst
888 1336 59 31 145
961 1337 61 31 000
1043 1337 126 32 kronor
1188 1339 68 31 låta
1277 1340 147 41 uppföra
1445 1352 42 20 en
1508 1337 132 50 expedi-

136 1379 216 34 tionsbarack
374 1382 54 31 för
450 1384 130 31 statens
604 1384 441 43 utlänningskommissions
1068 1389 144 42 räkning
1233 1392 19 29 å
1273 1390 122 42 Birger
1416 1391 93 32 Jarls
1532 1394 76 41 torg
1629 1393 11 30 i

138 1431 207 32 Stockholm.

189 1482 81 33 Med
288 1483 144 42 ändring
450 1495 41 20 av
508 1485 147 31 nämnda
671 1485 116 32 beslut
804 1487 157 42 uppdrog
978 1488 127 42 Kungl.
1124 1489 102 42 Maj:t
1243 1490 65 32 den
1328 1492 16 29 1
1364 1491 179 32 december
1560 1493 80 31 1944

135 1535 33 30 åt
189 1533 349 43 byggnadsstyrelsen
559 1538 49 30 att
630 1537 54 31 för
704 1537 286 34 kommissionens
1013 1540 144 43 räkning
1179 1543 145 41 uppföra
1348 1554 42 21 en
1413 1544 226 41 expeditions-

134 1583 122 33 barack
278 1585 124 32 mellan
424 1586 346 43 Riddarholmskajen
794 1589 62 31 och
879 1590 110 41 gamla
1011 1590 260 43 riksdagshuset
1291 1593 54 31 för
1366 1604 43 20 en
1430 1593 147 32 kostnad
1598 1606 41 20 av

134 1634 101 42 högst
257 1636 59 31 192
329 1636 63 31 500
411 1636 134 32 kronor.
568 1637 125 33 Tillika
713 1638 249 43 bemyndigade
983 1641 126 42 Kungl.
1131 1642 102 41 Maj:t
1253 1643 247 34 statskontoret
1520 1647 50 29 att
1591 1648 47 28 ut-

134 1685 113 32 betala
268 1687 147 31 nämnda
437 1687 127 42 belopp
587 1688 75 31 från
685 1689 59 32 det
766 1691 20 30 å
806 1690 124 32 allmän
954 1691 238 33 förskottsstat
1223 1693 8 31 I
1254 1693 108 32 under
1385 1695 103 31 femte
1511 1695 127 31 huvud-

131 1735 99 32 titeln
246 1736 170 42 uppförda
430 1738 154 42 anslaget
598 1739 130 42 Bidrag
742 1740 54 31 till
807 1740 203 43 flyktingars
1022 1743 191 41 uppehälle,
1226 1743 300 44 yrkesutbildning
1538 1757 41 20 m.
1594 1757 41 20 m.

185 1813 19 31 I
225 1813 164 33 skrivelse
411 1814 66 32 den
498 1814 19 32 5
538 1815 87 42 april
648 1816 80 32 1945
749 1816 62 32 har
831 1820 132 29 statens
985 1820 423 41 utlänningskommission
1429 1821 92 42 gjort
1541 1822 96 31 fram-

132 1863 164 42 ställning
318 1875 53 20 om
393 1864 193 33 beredande
609 1877 41 20 av
671 1867 198 41 ytterligare
891 1868 130 32 lokaler
1042 1870 55 30 för
1117 1870 267 32 kommissionen
1409 1874 87 29 samt
1519 1872 118 32 därvid

135 1914 113 32 anfört
269 1914 104 32 bland
396 1917 111 36 annat,
531 1918 49 30 att
601 1917 268 33 kommissionen
891 1919 54 31 för
967 1921 208 31 närvarande
1198 1921 227 41 disponerade
1446 1923 130 31 lokaler
1596 1926 43 39 på

135 1963 71 32 icke
226 1964 131 32 mindre
376 1967 42 29 än
439 1977 58 20 sex
517 1966 90 32 olika
626 1967 128 41 platser
774 1968 11 31 i
806 1968 207 33 Stockholm.
1046 1970 132 31 Genom
1196 1971 212 32 tillkomsten
1427 1984 40 20 av
1486 1973 151 32 kontors-

132 2014 165 32 baracken
320 2018 20 29 å
360 2016 346 42 Riddarholmskajen
728 2018 78 32 blev
829 2019 485 42 utlänningskommissionens
1337 2022 204 32 lokalbehov
1563 2024 72 31 icke

133 2064 67 32 löst
222 2068 43 38 på
287 2068 48 29 ett
357 2066 320 33 tillfredsställande
700 2070 77 29 sätt.
812 2069 75 33 Vad
911 2081 72 20 som
1007 2071 166 32 ernåddes
1197 2083 121 30 genom
1341 2072 58 31 det
1421 2084 67 30 nya
1510 2074 126 41 ganska

134 2117 92 30 stora
247 2116 277 32 lokaltillskottet
545 2129 59 20 var
625 2118 130 39 endast,
778 2121 50 30 att
850 2120 65 31 den
939 2122 150 31 svåraste
1112 2122 225 32 rumsbristen
1359 2124 209 41 nödtorftigt
1587 2136 50 19 av-

133 2165 157 42 hjälptes.
322 2167 67 30 Det
406 2167 79 31 blev
503 2168 143 31 sålunda
664 2169 73 30 icke
756 2169 135 42 möjligt
907 2172 51 29 att
975 2171 209 42 tillmötesgå
1201 2172 219 32 önskemålen
1439 2174 11 30 i
1469 2174 96 41 fråga
1582 2185 53 20 om

132 2216 128 31 lokaler
296 2217 75 31 från
408 2219 112 39 någon
546 2218 88 33 enda
657 2230 41 19 av
722 2219 167 41 byråerna
914 2220 84 31 eller
1021 2221 348 42 kansliavdelningen.
1407 2224 77 31 Den
1510 2225 126 31 sociala

132 2265 106 41 byrån
258 2269 106 29 måste
384 2278 46 20 nu
451 2267 128 32 erhålla
597 2269 185 41 väsentligt
801 2270 106 31 ökade
927 2271 137 31 lokaler.
1096 2270 133 42 Byråns
1248 2273 129 31 lokaler
1395 2273 107 32 borde
1523 2274 11 31 i
1554 2286 81 20 sam-

133 2315 89 33 band
243 2317 139 31 härmed
404 2318 244 31 sammanföras
671 2319 63 30 och
756 2319 339 43 kansliavdelningen
1117 2322 128 31 erhålla
1266 2325 190 38 utrymmen
1479 2324 10 30 i
1512 2325 123 30 anslut-

132 2366 82 41 ning
234 2367 53 31 till
310 2367 126 32 sociala
456 2368 115 41 byrån.
605 2369 126 31 Vidare
753 2381 80 20 vore
856 2370 57 32 det
935 2371 169 38 önskvärt,
1128 2374 49 29 att
1198 2372 358 43 kansliavdelningens
1579 2386 56 20 nu-

132 2417 145 32 varande
298 2417 128 32 lokaler
445 2418 113 32 kunde
579 2419 149 31 fördelas
748 2420 124 31 mellan
892 2432 91 30 pass-
1003 2421 62 31 och
1086 2421 325 43 kontrollbyråerna.

184 2479 117 36 Bihang
316 2479 46 29 till
376 2480 169 37 riksdagens
555 2482 146 36 protokoll
718 2482 90 29 1945.
848 2484 18 27 6
880 2484 83 28 saml.
1009 2484 46 29 Nr
1079 2485 67 28 135.
1500 2494 52 19 1054
1569 2495 26 19 45
