1872 2786
110 196 48 27 Nr
183 195 129 28 22-23
472 195 285 29 Statsutskotlets
780 195 180 30 utlåtande
983 204 41 20 nr
1046 196 41 28 22
1108 196 39 29 år
1171 195 82 30 1959
1600 197 14 28 1

788 488 59 39 Nr
869 489 50 40 22

333 590 184 29 Utlåtande
548 590 11 28 i
588 589 190 40 anledning
806 599 42 20 av
877 590 128 40 Kungl.
1034 590 125 39 Maj:ts
1188 589 218 40 proposition
1437 589 178 40 angående

559 640 144 39 fortsatt
722 640 208 39 disposition
950 650 43 20 av
1013 640 90 29 vissa
1122 640 95 29 äldre
1237 640 131 39 anslag.

1374 691 73 33 (4:e
1473 691 93 34 avd.)

156 791 11 28 I
189 790 153 39 enlighet
361 791 79 29 med
461 791 125 39 Kungl.
607 791 125 39 Maj:l!s
752 792 10 29 i
782 791 264 40 propositionen
1067 801 41 20 nr
1132 792 49 34 17,
1202 792 110 29 under
1334 791 219 40 åberopande
1575 801 42 20 av

110 841 106 39 bilagt
233 842 127 38 utdrag
378 851 40 20 av
437 841 383 40 statsrådsprotokollet
838 843 81 28 över
937 842 482 30 kommunikationsärenden
1437 842 56 29 för
1510 842 68 29 den
1596 842 19 29 3

112 891 141 37 januari
273 891 84 30 1959
376 891 196 40 framlagda
591 892 142 39 förslag,
752 892 203 30 hemställer
975 893 180 33 utskottet,

466 945 50 27 att
535 943 188 38 riksdagen
743 943 57 29 må
820 943 171 39 medgiva,
1012 945 49 28 att
1082 943 124 39 Kungl.
1228 943 106 39 Maj:t
1353 943 131 39 jämväl
1505 944 112 29 under

421 993 204 39 budgetåret
653 993 149 35 1959/60
827 993 58 30 må
910 993 138 40 förfoga
1072 994 81 29 över
1176 993 73 32 dels
1274 994 58 29 det
1357 994 44 39 på
1425 994 191 29 riksstaten

421 1043 55 30 för
499 1044 205 39 budgetåret
730 1043 150 35 1953/54
905 1044 113 29 under
1043 1045 131 29 statens
1199 1043 308 40 utlåningsfonder
1529 1052 88 31 upp-

427 1093 101 30 förda
553 1093 392 40 investeringsanslaget
970 1094 52 29 till
1049 1093 468 36 Vattenkraftslånefonden,
1543 1093 73 30 dels

422 1144 64 28 ock
508 1144 57 29 det
588 1144 46 39 på
656 1144 191 30 riksstaten
869 1144 56 29 för
947 1144 206 40 budgetåret
1176 1143 148 35 1946/47
1349 1144 112 30 under
1484 1144 131 30 fonden

423 1193 55 30 för
503 1194 273 30 låneunderstöd
801 1194 166 30 anvisade
991 1195 390 39 investeringsanslaget
1405 1195 52 29 till
1482 1194 74 31 Lån
1581 1195 35 29 åt

422 1244 240 40 Aktiebolaget
685 1245 255 30 Stadsholmen.

158 1344 200 29 Stockholm
384 1344 66 29 den
474 1345 17 29 3
516 1344 156 30 februari
698 1345 82 30 1959

597 1445 48 29 På
671 1446 279 29 statsutskottets
975 1447 145 38 vägnar:

677 1513 108 28 EMIL
810 1512 234 30 NÄSSTRÖM

162 1712 60 29 Vid
245 1712 221 38 förestående
490 1713 145 29 ärendes
659 1713 286 40 slutbehandling
969 1714 91 29 inom
1088 1715 169 28 utskottet
1281 1714 45 29 ha
1350 1715 156 29 närvarit

159 1778 75 29 fran
305 1779 138 28 försla
485 1780 220 29 kammaren:
739 1780 120 29 herrar
890 1781 192 34 Näsström,
1114 1781 187 33 Gillström,
1333 1782 144 36 Boman,
1508 1782 106 29 Einar

115 1821 157 32 Persson,
300 1820 74 29 Ivar
397 1821 207 34 Johansson,
628 1821 117 37 Birger
771 1822 209 33 Andersson,
1005 1823 123 29 fröken
1153 1823 209 34 Andersson,
1385 1824 119 29 herrar
1529 1824 87 29 Sun-

113 1861 103 33 delin,
232 1862 113 32 Thun,
363 1863 181 37 Bergman,
561 1863 208 38 Holmqvist,
786 1863 156 33 Pålsson,
959 1865 81 27 Axel
1057 1864 178 29 Johannes
1253 1864 211 33 Andersson,
1483 1865 131 30 Rikard

115 1904 170 28 Svensson
306 1903 65 29 och
390 1904 204 39 Söderberg;
616 1906 90 27 samt

158 1961 77 29 från
272 1962 155 28 andra
464 1962 218 30 kammaren:
709 1962 121 29 herrar
854 1963 213 34 åkerström,
1092 1963 172 39 Thapper,
1289 1965 152 30 Jansson
1468 1965 9 27 i
1502 1965 111 32 Kalix,

115 2004 160 37 Staxäng,
299 2004 147 28 Persson
472 2003 8 28 i
507 2004 122 38 Växjö,
654 2004 106 34 Ståhl,
784 2004 210 29 Gustafsson
1017 2005 9 28 i
1051 2005 211 34 Stockholm,
1287 2006 173 29 Svensson
1484 2006 10 28 i
1519 2007 97 30 Sten-

115 2045 119 37 kyrka,
257 2045 166 29 Karlsson
447 2045 10 28 i
479 2045 204 34 Olofström,
704 2046 139 29 Nilsson
865 2046 10 28 i
897 2046 272 39 Göingegården,
1192 2047 123 29 fröken
1338 2047 133 34 Elmén,
1495 2048 120 29 herrar

115 2087 158 27 Hansson
296 2086 9 28 1
327 2086 149 37 Skegrie,
498 2087 166 33 Nihlfors,
686 2088 197 28 Heckscher
904 2088 64 28 och
989 2088 206 30 Gustafsson
1219 2089 8 27 i
1250 2089 197 29 Uddevalla.

144 2511 161 30 booBihang
319 2512 45 22 till
377 2511 168 31 riksdagens
557 2512 147 29 protokoll
720 2512 72 22 1959.
813 2513 14 21 6
840 2513 83 22 sant.
951 2516 30 21 Nr
999 2516 98 23 22-—23
