2188 2622
416 137 120 32 Andra
560 137 206 31 kammarens
788 137 140 32 andra
950 136 178 41 tillfälliga
1151 137 138 32 utskotts
1311 136 172 33 utlåtande
1505 137 54 32 Nr
1582 140 49 28 10.
1763 140 14 28 1

942 549 60 40 Nr
1029 549 66 41 10.

860 701 103 26 Ankom
981 703 43 25 till
1042 702 154 31 riksdagens
1214 702 88 25 kansli
1321 702 49 25 den
1390 702 30 25 19
1438 709 68 18 mars
1525 702 73 28 1920,
1617 703 36 23 kl.
1673 701 58 26 !'25
1750 710 20 17 e.
1790 710 32 17 m,

410 839 123 34 Andra
573 840 232 34 kammarens
840 840 136 34 andra
1009 841 177 45 tillfälliga
1223 842 143 33 utskotts
1406 841 181 34 utlåtande
1614 852 45 22 nr
1686 842 49 42 10,
1763 852 58 23 om

607 907 166 34 skrivelse
800 908 51 33 till
878 908 128 44 Kungl.
1034 909 98 43 Maj:
1160 909 12 33 i
1194 908 110 45 fråga
1331 919 58 24 om
1409 908 251 45 anbringande
1678 909 145 34 medelst

1347 976 10 10 o

607 975 191 44 stämpling
827 986 44 23 av
900 976 409 45 ursprungsbeteckning
1338 987 22 23 å
1388 976 245 34 amerikanskt
1655 976 100 45 fläsk.

344 1124 22 35 I
393 1136 44 23 en
463 1124 99 35 inom
602 1124 111 36 andra
752 1125 207 35 kammaren
998 1125 108 36 väckt
1139 1126 67 35 och
1234 1126 56 35 till
1317 1126 79 35 dess
1422 1126 110 35 andra
1559 1126 182 47 tillfälliga
1767 1128 53 33 ut-

211 1174 100 35 skott
349 1174 175 36 hänvisad
563 1175 151 44 motion,
755 1188 43 22 nr
825 1176 84 44 314,
938 1176 65 35 har
1036 1176 83 35 herr
1145 1178 172 34 Karlsson
1344 1177 12 34 i
1385 1176 212 36 Stockholm
1624 1177 195 44 hemställt,

217 1226 75 34 >att
317 1225 191 46 riksdagen
536 1225 84 36 ville
647 1226 141 35 besluta
815 1226 11 34 i
845 1226 169 36 skrivelse
1033 1226 57 35 till
1109 1227 141 46 Kungl.
1272 1227 109 46 Maj:t
1404 1227 190 35 hemställa
1613 1240 59 22 om
1690 1227 131 36 sådana

211 1275 183 47 åtgärders
435 1276 228 46 vidtagande,
692 1276 209 46 varigenom
927 1277 12 33 i
967 1277 146 46 Sverige
1141 1277 155 35 salufört
1321 1278 245 35 amerikanskt
1592 1277 90 36 fläsk
1709 1280 112 33 måtte

212 1326 191 47 åstämplas
430 1327 418 46 ursprungsbeteckning
856 1340 28 22 >».

346 1376 87 35 Med
473 1377 175 35 avseende
688 1379 45 45 på
773 1378 264 47 motiveringen
1079 1377 135 36 tillåter
1254 1378 55 46 sig
1351 1379 181 35 utskottet
1576 1379 149 36 hänvisa
1764 1379 58 35 till

211 1427 197 35 motionen.

347 1528 191 36 Utskottet
577 1528 65 36 vill
681 1530 32 45 ej
742 1529 167 45 bestrida,
950 1531 66 43 att,
1044 1531 118 34 såsom
1189 1542 44 22 av
1260 1530 226 36 motionären
1512 1530 185 48 påpekats,
1726 1530 92 35 vissa

212 1578 233 47 olägenheter
483 1579 62 35 vid
589 1579 279 47 salubjudandet
907 1592 43 23 av
977 1580 246 36 amerikanskt
1250 1581 89 35 fläsk
1366 1581 123 35 kunna
1516 1583 132 45 uppstå
1670 1582 56 34 för
1753 1581 70 35 den

211 1629 166 47 köpande
405 1629 244 36 allmänheten
676 1642 132 34 genom
835 1630 229 46 svårigheten
1092 1632 55 34 att
1175 1632 199 34 bestämma
1401 1632 69 35 den
1497 1631 182 47 utbjudna
1696 1644 126 23 varans

212 1691 189 35 ursprung.
456 1680 20 34 I
502 1680 123 35 vilken
652 1680 253 46 utsträckning
932 1680 100 36 dessa
1045 1681 236 46 olägenheter
1299 1682 235 44 förekomma,
1554 1683 159 45 framgår
1731 1682 91 35 dock

212 1730 31 45 ej
268 1742 44 22 av
339 1730 197 44 motionen,
565 1730 121 35 varför
711 1743 131 34 genom
863 1731 207 35 densamma
1089 1731 159 35 behovet
1266 1744 44 22 av
1330 1744 44 22 en
1392 1732 234 47 lagstiftning
1644 1733 12 34 i
1676 1732 146 35 ärendet

212 1780 31 46 ej
286 1780 71 35 kan
397 1792 101 23 anses
525 1780 200 47 ådagalagt.
781 1781 84 35 Som
892 1781 136 35 bekant
1055 1784 37 32 är
1120 1784 80 33 vårt
1227 1782 86 35 land
1339 1782 13 35 i
1378 1782 77 35 icke
1482 1783 105 46 ringa
1613 1784 84 33 mån
1723 1783 99 35 bero-

212 1829 90 36 ende
342 1843 44 22 av
426 1830 69 36 den
535 1831 247 35 amerikanska
822 1831 282 48 fläskimporten,
1134 1833 69 34 och
1231 1832 62 36 det
1319 1845 106 34 synes
1452 1846 42 21 ur
1521 1833 300 47 handelspolitisk

211 1880 189 48 synpunkt
438 1881 77 35 icke
555 1894 84 23 vara
664 1881 168 48 lämpligt
858 1884 55 33 att
939 1883 181 47 importen
1154 1883 127 35 endast
1308 1884 79 34 från
1415 1884 100 35 detta
1542 1884 85 35 land
1653 1884 168 46 belägges

211 1931 83 35 med
320 1931 206 36 restriktiva
554 1932 276 36 bestämmelser.

348 1982 190 35 Utskottet
564 1983 55 35 får
646 1983 182 35 dessutom
856 1984 92 34 fästa
975 1983 369 47 uppmärksamheten
1358 1984 119 47 därpå,
1498 1987 55 32 att
1578 1984 70 35 den
1667 1985 11 34 i
1697 1985 125 35 motio-

211 2044 72 22 nen
326 2032 150 35 berörda
515 2033 127 46 frågan
675 2036 37 31 är
752 2033 149 35 föremål
928 2033 56 35 för
1011 2034 274 46 undersökning
1311 2047 44 22 av
1383 2035 70 34 den
1479 2037 39 32 år
1547 2036 96 34 1916
1672 2035 150 35 tillsatta

212 2081 217 35 kommittén
468 2082 57 34 för
564 2082 196 47 utredning
800 2083 184 46 angående
1025 2084 176 46 utvidgad
1249 2084 447 47 livsmedelslagstiftning.
1763 2086 58 34 Av

211 2131 158 35 nämnda
409 2131 190 36 kommitté
627 2132 64 35 har
718 2133 70 35 den
816 2134 47 34 20
888 2134 81 45 juni
999 2134 95 34 1918
1123 2134 157 46 avgivits
1308 2136 53 33 ett
1388 2134 229 36 betänkande
1645 2136 80 34 med
1754 2135 68 35 för-

212 2181 76 46 slag
327 2181 57 35 till
423 2182 213 47 förordning
680 2183 185 46 angående
906 2183 158 36 kontroll
1100 2184 61 35 vid
1188 2184 148 35 införsel
1363 2185 55 35 till
1445 2184 94 35 riket
1566 2198 44 22 av
1637 2185 186 35 köttvaror

296 2237 135 41 Bihang
455 2237 53 32 till
529 2238 197 41 riksdagens
742 2239 164 39 protokoll
929 2241 94 30 1920.
1069 2241 43 30 13
1133 2240 95 32 saml.
1273 2243 23 28 2
1319 2241 72 31 avd.
1437 2243 21 29 8
1473 2240 83 40 häft.
1602 2241 67 40 (Nr
1691 2243 67 36 10.)

1844 1130 157 27 Motionen.

1849 1532 146 27 Utskottet.
