1918 2856
93 858 140 24 Utskottet.

326 156 18 29 2
656 155 395 32 Jordbruksutskottets
1074 155 189 32 utlåtande
1284 157 52 31 Nr
1361 157 52 30 64.

324 233 402 37 Departementschefen
748 234 65 30 har
834 252 40 4 —
896 233 92 31 efter
1010 243 44 21 en
1075 233 223 36 redogörelse
1321 234 55 30 för
1400 234 68 30 vad
1492 234 13 30 i
1525 234 147 31 ärendet
1696 235 91 29 före-

286 286 149 31 kommit
456 305 39 3 —
516 285 121 31 anfört
660 285 168 37 följande.

326 338 142 30 »Såsom
486 338 162 35 framgår
665 347 47 21 av
729 337 223 31 förestående
969 336 223 37 redogörelse
1208 337 100 31 torde
1325 337 181 36 Eriksson,
1524 347 75 21 som
1616 337 171 36 beviljats

283 389 212 32 ackordslån
513 389 113 36 enligt
644 389 236 36 kungörelsen
898 399 43 20 nr
960 388 160 37 366/1932,
1139 389 96 31 hava
1252 388 153 32 utsikter
1425 390 63 35 att,
1506 399 56 21 om
1580 389 140 31 kronan
1738 399 46 22 av

283 441 55 31 sin
364 441 148 31 fordran
538 442 21 30 å
583 441 109 36 11,269
719 441 128 30 kronor
873 442 46 35 på
945 441 192 35 föreslaget
1163 441 72 31 sätt
1260 440 246 31 efterskänker
1529 440 90 37 3,224
1642 441 143 35 kronor,

284 493 54 31 för
367 492 194 32 framtiden
590 492 143 32 behålla
760 492 213 36 lägenheten
1000 492 64 31 och
1094 492 156 36 försörja
1279 492 55 32 sin
1364 492 128 37 familj,
1519 492 189 32 bestående
1738 502 47 21 av

282 544 110 32 bland
412 546 111 29 annat
546 544 71 31 fem
639 545 91 31 barn
750 544 112 31 under
884 544 38 31 15
945 546 50 29 år.
1037 543 280 37 Handlingarna
1335 543 121 32 utvisa
1478 543 145 38 jämväl,
1645 545 55 30 att
1721 543 63 32 vid

284 595 218 37 försäljning
519 606 46 20 av
580 596 213 36 lägenheten
810 596 33 36 ej
861 595 100 32 torde
979 596 122 31 kunna
1116 595 102 32 utfås
1233 605 98 21 mera
1347 598 46 28 än
1409 596 176 36 ungerfär
1601 596 88 36 6,000
1704 596 79 31 kro-

282 657 75 22 nor.
391 648 68 31 Det
477 657 104 27 synes
597 648 75 36 mig
691 648 121 31 därför
831 647 177 37 föreligga
1025 647 166 37 grundad
1206 647 204 36 anledning,
1428 648 55 30 att
1499 647 140 31 kronan
1654 647 13 31 i
1684 647 100 32 detta

284 699 75 37 fall,
375 701 46 35 på
438 700 71 31 sätt
524 699 300 37 myndigheterna
841 699 188 37 tillstyrkt,
1046 699 33 37 ej
1096 701 136 34 vägrar
1250 699 55 32 sin
1320 699 217 31 medverkan
1555 699 56 31 till
1628 700 51 30 ett
1697 708 87 27 upp-

283 752 182 31 ordnande
489 761 44 21 av
558 751 192 31 Erikssons
775 750 229 32 ekonomiska
1028 750 281 32 förhållanden.»

323 855 82 32 Med
433 856 140 36 hänsyn
599 855 59 32 till
685 855 354 36 omständigheterna
1066 855 14 31 i
1107 854 283 37 ifrågavarande
1419 854 67 31 fall
1513 864 104 22 anser
1646 855 55 35 sig
1730 856 54 29 ut-

283 908 132 30 skottet
440 907 86 31 böra
551 906 188 38 tillstyrka
763 907 107 31 bifall
892 906 59 32 till
977 906 326 37 framställningen.

322 959 182 32 Utskottet
526 959 207 30 hemställer
756 958 116 36 alltså,

725 1046 52 30 att
808 1045 194 36 riksdagen
1031 1046 59 30 må
1121 1043 131 32 bifalla
1283 1045 237 31 förevarande
1551 1044 235 37 proposition.

323 1140 205 32 Stockholm
546 1141 70 31 den
636 1141 39 30 30
694 1150 95 21 mars
811 1140 87 31 1933.

710 1244 51 31 På
784 1244 389 38 jordbruksutskottets
1197 1245 153 35 vägnar:

828 1345 34 32 C.
887 1346 33 31 J.
946 1345 288 32 JOHANSSON.

323 1644 199 24 Närvarande:
545 1651 27 16 se
591 1640 147 28 utlåtande
759 1651 33 16 nr
811 1644 40 23 57.
