2206 2652
387 145 38 31 10
915 151 214 38 Laqutskottets
1159 152 155 29 Utlåtande
1337 152 59 30 N:o
1421 154 50 28 23.

386 225 135 37 Harter
560 226 84 45 Act)
686 228 10 35 i
737 228 71 36 viss
849 228 86 36 mån
977 243 44 22 en
1049 230 271 48 inskränkning
1347 230 42 37 af
1412 230 271 39 aftalsfriheten
1716 234 11 35 i
1756 231 247 40 förevarande

386 278 209 37 hänseende
622 284 62 41 ägt
710 293 94 22 rum.

487 329 231 38 Motionären
761 340 217 29 omnämner
1018 333 127 36 vidare
1186 333 70 37 den
1294 339 96 31 stora
1424 335 80 44 roll,
1532 348 79 23 som
1640 335 70 37 den
1738 348 25 24 sg.
1792 337 32 35 k.
1853 350 150 35 genom-

387 381 139 63 gående
565 383 159 36 trafiken
765 384 159 47 spelar
910 379 22 57 i
953 385 366 46 världsmarknaden,
1351 392 97 30 samt
1474 360 198 79 förmenar,
1701 393 53 31 att
1781 401 43 23 en
1853 367 149 68 lösning

386 433 46 48 på
472 433 299 47 lagstiftningens
812 443 72 41 väg
920 435 41 36 af
983 436 223 36 hithörande
1229 415 126 70 frågor
1379 451 89 23 vore
1502 439 196 36 önskvärd.
1750 439 56 36 En
1834 422 173 55 tillfreds-

386 463 183 59 ställande
596 463 147 70 lösning
770 465 112 58 lärer
893 488 205 36 emellertid
1126 489 79 35 icke
1232 502 90 23 vara
1349 490 70 35 lätt
1437 495 55 30 att
1511 490 266 37 åstadkomma.
1817 491 187 38 Utskottet

386 537 141 36 erinrar
555 536 155 37 sålunda
738 551 60 23 om
825 543 55 31 att
899 539 87 36 det
978 532 19 60 i
1009 552 51 23 nu
1079 539 151 37 afsedda
1248 539 67 37 fall
1335 540 78 37 ofta
1432 549 39 28 är
1489 540 105 63 fråga
1613 555 60 23 om
1692 549 189 42 transport
1899 544 102 37 såväl

384 588 58 36 till
478 588 107 36 lands
622 601 79 24 som
728 590 89 46 sjöss
846 596 95 30 samt
968 596 54 30 att
1048 590 285 50 ifrågavarande
1359 593 119 44 trafik,
1506 592 122 37 såsom
1655 595 232 36 motionären
1912 596 93 47 jäm-

384 640 61 36 väl
485 639 226 47 framhåller,
752 643 12 34 i
805 642 200 37 allmänhet
1041 650 40 28 är
1118 623 40 56 af
1185 644 277 37 internationell
1489 650 119 31 natur.
1661 645 84 37 Med
1773 646 144 45 hänsyn
1944 648 58 35 till

386 692 230 34 sistnämnda
655 692 232 36 förhållande
929 694 106 35 torde
1076 694 62 35 det
1169 694 58 35 för
1254 694 113 48 öfrigt
1394 696 127 34 kunna
1548 695 240 46 ifrågasättas,
1816 698 189 36 huruvida

386 741 229 47 gtadganden
643 743 85 36 med
756 743 173 37 afseende
956 744 20 36 å
1004 758 43 23 en
1076 744 114 37 sådan
1217 727 131 54 trafik
1355 746 12 36 i
1395 759 44 23 en
1467 747 132 36 svensk
1619 747 89 36 eller
1728 761 43 22 en
1791 761 213 33 gemensam

385 793 153 36 nordisk
566 795 117 46 sjölag
710 795 128 36 kunna
865 795 167 37 medföra
1059 796 123 47 någon
1209 798 184 46 väsentlig
1419 803 117 40 nytta.

476 844 139 37 -Såsom
661 847 231 36 motionären
933 854 203 39 omnämnt,
1176 849 121 35 finnas
1338 862 60 22 om
1439 862 25 23 s.
1504 850 52 35 k.r
1578 849 88 36 tids-
1706 850 89 37 eller
1833 850 168 37 månads-

384 895 239 48 befraktning
661 898 88 47 inga
789 899 179 35 särskilda
1008 877 275 59 bestämmelser
1317 901 10 34 i
1366 900 45 36 de
1449 901 290 37 skandinaviska
1779 903 220 45 sjölagarna.

384 947 85 37 Men
510 948 45 36 de
595 949 79 35 däri
699 926 118 75 "gifna
853 951 188 35 allmänna
1076 951 171 46 reglerna
1283 965 60 22 om
1371 951 239 47 befraktning
1637 954 107 35 torde
1772 955 139 45 kunna,
1939 968 60 22 om

386 999 44 36 de
471 999 110 36 också
621 979 164 57 närmast
825 1000 75 38 afse
939 980 238 68 befraktning
1213 1002 58 48 för
1302 1004 72 35 viss
1402 1015 89 31 resa,
1519 1003 223 37 åtminstone
1770 1005 116 36 delvis
1915 1019 85 22 ana-

384 1051 137 47 logiskt
557 1052 187 46 tillämpas
780 1052 48 46 på
862 1032 324 68 tidsbefraktning.
1237 1045 125 46 Äfven
1396 1053 233 49 främmande
1657 1056 159 47 sjölagar
1843 1057 116 35 sakna
1987 1059 11 33 i

385 1082 205 57 allmänhet
622 1103 231 47 stadganden
881 1118 60 22 om
969 1104 286 48 ifrågavarande
1281 1112 58 29 art
1367 1105 39 37 af
1429 1094 238 60 befraktning
1695 1108 89 35 eller
1810 1108 189 36 innehålla

384 1154 149 47 mycket
572 1167 229 44 sparsamma
840 1156 279 36 bestämmelser
1160 1157 136 35 härom.
1348 1157 16 35 I
1396 1158 127 45 praxis
1550 1138 115 55 torde
1685 1158 94 36 dock
1805 1158 113 36 hafva
1945 1165 54 29 ut-

383 1204 120 36 bildat
538 1205 55 45 sig
620 1205 95 35 vissa
743 1206 191 35 bestämda
960 1208 118 44 regler
1105 1206 59 36 för
1191 1207 322 46 tidsbefraktning,
1542 1209 68 34 och
1637 1210 13 33 i
1677 1208 46 36 de
1750 1209 130 36 härom
1907 1222 92 35 upp-

384 1255 144 36 rättade
569 1257 286 45 certepartierna
895 1258 78 35 lära
1001 1236 22 57 i
1065 1259 203 35 allmänhet
1303 1259 333 37 kontrahenternas
1672 1260 219 46 rättigheter
1930 1261 69 36 och

383 1306 254 49 skyldigheter
685 1308 68 35 och
793 1308 99 36 hvad
941 1309 102 46 eljest
1099 1310 59 35 till
1207 1309 129 36 aftalet
1381 1310 110 36 hörer
1533 1321 186 35 noggrant
1762 1312 232 43 bestämmas,

384 1358 40 35 så
463 1363 54 29 att
556 1358 13 35 i
608 1358 126 58 hvarje
774 1359 176 36 särskildt
988 1359 67 36 fall
1092 1360 218 48 afgörandet
1346 1360 40 36 af
1409 1361 45 35 de
1481 1362 191 45 praktiska
1699 1363 191 61 spörsmål,
1920 1376 79 23 som

383 1409 234 36 motionären
653 1410 10 35 i
703 1408 240 39 förevarande
981 1398 209 50 hänseende
1221 1411 233 46 framkastar,
1487 1413 81 36 icke
1594 1418 120 31 möter
1740 1413 116 48 några
1883 1420 117 30 större

384 1460 235 46 svårigheter.

484 1512 68 34 Att
579 1512 190 45 utskottet,
796 1512 120 36 såsom
944 1513 42 36 af
1009 1513 62 37 det
1098 1513 112 37 ofvan
1239 1514 155 36 anförda
1420 1514 174 49 framgår,
1618 1516 167 35 hvarken
1805 1517 73 35 kan
1897 1516 101 36 bilda

384 1563 55 45 sig
477 1561 124 47 någon
641 1541 166 58 bestämd
842 1563 244 48 uppfattning
1114 1578 60 22 om
1206 1565 173 37 behofvet
1406 1565 41 36 af
1473 1566 44 36 de
1545 1566 41 36 af
1608 1567 233 35 motionären
1870 1566 128 47 ifråga-

383 1619 96 30 satta
506 1595 260 64 lagstiftningsi
760 1614 221 46 åtgärderna
1010 1616 89 35 eller
1126 1617 158 35 kommit
1310 1618 59 34 till
1396 1618 113 35 insikt
1536 1631 71 30 om,
1630 1619 13 34 i
1663 1617 151 37 hvilken
1833 1599 167 66 riktning

385 1677 44 22 en
457 1645 114 55 sådan
599 1644 236 68 lagstiftning
862 1667 121 35 skulle
1010 1667 45 47 gå
1082 1666 58 37 för
1159 1672 55 30 att
1232 1668 212 47 lämpligast
1463 1646 270 58 tillfredsställa
1753 1675 52 29 ett
1824 1657 175 59 möjligen

382 1714 221 47 förefintligt
637 1696 120 56 behof
791 1705 68 47 och
898 1717 91 35 råda
1025 1718 65 36 bot
1116 1717 47 47 på
1190 1717 350 38 missförhållanden
1572 1719 48 47 på
1647 1719 349 50 sjöfartsnäringens

385 1766 160 44 område,
585 1772 111 41 utgör
738 1767 58 36 för
836 1769 181 35 utskottet
1053 1782 42 22 en
1134 1770 120 45 viktig
1290 1770 67 35 och
1384 1771 201 47 tillräcklig
1612 1771 201 46 anledning
1841 1777 53 30 att
1907 1753 93 55 icke

383 1817 146 36 biträda
563 1819 250 36 motionärens
850 1819 219 36 hemställan
1098 1833 61 23 om
1186 1799 226 67 vidtagande
1440 1821 40 36 af
1505 1821 170 46 åtgärder
1702 1821 58 36 för
1787 1835 43 23 en
1860 1823 139 36 allmän

383 1869 158 35 revision
570 1868 40 36 af
633 1870 173 45 sjölagen.
869 1870 190 37 Utskottet
1086 1871 117 36 håller
1229 1851 121 56 tillika
1377 1871 88 46 före,
1493 1878 54 30 att
1573 1873 198 36 initiativet
1798 1874 58 34 till
1883 1873 118 36 åstad-

383 1919 225 36 kommande
647 1919 40 36 af
726 1933 43 23 en
810 1920 115 36 sådan
966 1922 160 36 revision
1166 1923 213 46 lämpligast
1418 1924 68 35 bör
1521 1928 103 41 tagas
1660 1923 41 36 af
1730 1924 44 35 de
1802 1923 41 36 af
1865 1923 134 47 frågan

383 1977 165 30 närmast
587 1972 242 36 intresserade
867 1973 253 36 institutioner
1161 1973 68 36 och
1265 1974 175 45 enskilde,
1473 1975 67 35 hos
1568 1975 125 36 hvilka
1721 1976 141 35 önskan
1890 1975 112 36 fram-

382 2021 103 36 trädt
520 2035 61 22 om
618 2035 44 23 en
695 2022 113 36 sådan
837 2025 269 47 omarbetning.
1159 2023 126 38 Såsom
1315 2024 41 36 af
1378 2026 190 36 motionen
1595 2025 173 47 framgår,
1797 2027 68 35 har
1892 2026 108 37 äfven

384 2072 117 46 enligt
540 2072 48 47 på
627 2072 278 38 ofvannämnda
944 2056 248 80 sjöfartsmöte
1227 2075 139 37 fattadt
1396 2077 123 35 beslut
1545 2078 181 47 styrelsen
1754 2076 58 37 för
1838 2077 164 36 Nordisk

384 2122 388 49 Skibsrederforening
798 2125 120 36 under
945 2125 40 36 år
1015 2127 95 35 1903
1138 2127 58 35 till
1223 2126 137 47 Kungl.
1387 2127 103 47 Maj:t
1517 2113 118 50 aflåtit
1661 2141 45 23 en
1725 2127 278 48 framställning

383 2174 85 36 med
508 2174 174 36 anhållan
723 2189 59 22 om
824 2176 136 46 Kungl.
1002 2177 119 46 Maj:ts
1161 2159 226 55 medverkan
1427 2179 59 35 till
1527 2179 330 36 åstadkommande
1890 2179 42 36 af
1956 2193 44 23 en

382 2225 153 36 nordisk
578 2227 329 45 sjölagskommitté
948 2229 85 35 med
1074 2229 61 35 det
1174 2229 184 48 uppdrag,
1400 2242 79 23 som
1520 2231 11 34 i
1572 2229 245 38 förevarande
1857 2232 144 34 motion
