2228 2634
411 224 18 29 6
923 227 229 41 Lagutskottets
1183 228 168 31 Utlåtande
1375 229 65 31 N:o
1467 230 23 29 2

409 307 55 34 att
501 306 88 35 slika
626 307 238 48 inrättningar
899 309 108 35 hafva
1041 310 54 35 för
1120 310 146 47 jordens
1295 311 141 47 nyttiga
1467 312 83 34 häfd
1579 312 65 35 och
1675 312 230 46 egendomars
1935 314 66 35 för-

409 359 160 47 bättring
597 360 61 35 det
686 360 212 48 skadligaste
927 362 206 48 inflytande.

517 413 72 35 Vid
625 414 231 36 betraktande
895 416 112 43 häraf,
1037 417 64 34 och
1137 417 44 35 då
1210 417 60 35 det
1299 418 96 47 hopp
1425 431 43 21 en
1499 431 100 34 egare
1630 419 125 34 hafver
1783 419 133 44 derom,
1947 422 54 33 att

409 466 90 35 hans
527 467 86 34 barn
643 467 65 35 och
739 471 173 33 närmaste
942 469 99 35 skola
1069 471 103 46 njuta
1204 471 140 34 frukten
1376 472 37 33 af
1443 472 86 34 hans
1559 472 135 43 mödor,
1726 473 180 34 befordrar
1934 474 65 43 flit,

409 519 232 48 hushållning
679 521 67 35 och
784 522 280 47 medborgerliga
1100 524 190 43 tänkesätt,
1320 527 92 32 samt
1442 525 54 34 för
1524 538 132 22 samma
1687 526 173 43 ändamål,
1889 527 110 46 jemte

410 573 242 46 befrämjande
681 574 38 35 af
747 575 186 35 föräldrars
962 576 66 35 och
1057 577 184 35 husfäders
1269 578 183 41 anseende,
1484 591 42 21 en
1557 592 101 33 egare
1681 579 62 35 bör
1762 580 106 34 hafva
1889 582 109 44 magt,

408 628 55 33 att
491 626 74 36 dels
593 640 129 33 genom
754 628 97 44 aftal,
881 629 75 35 dels
981 642 125 33 genom
1137 632 213 34 testamente
1380 633 170 33 utnämna
1579 632 52 35 sin
1664 633 239 43 efterträdare,
1934 634 64 34 och

408 680 226 47 obestridligt
671 684 37 31 är
745 684 63 41 att,
839 683 113 34 ehuru
989 683 79 43 den,
1098 696 75 22 som
1204 684 83 47 sjelf
1313 685 150 34 innehar
1483 685 199 47 disponibel
1713 686 185 45 egendom,
1931 687 65 34 kan

407 733 12 34 i
448 746 42 22 en
522 734 210 35 oinskränkt
760 735 337 48 dispositionsfrihet
1127 737 54 35 för
1209 737 52 35 sin
1292 750 124 35 person
1448 739 95 34 finna
1574 739 101 35 dessa
1699 740 301 47 uppmuntringar

409 787 66 34 och
503 787 191 44 förmåner,
725 788 177 35 desamma
931 789 160 35 deremot
1118 790 145 35 alldeles
1287 791 181 35 försvinna
1489 792 53 35 för
1561 792 68 35 alla
1650 793 88 34 hans
1758 793 239 42 efterträdare,

408 853 58 21 om
505 841 68 34 han
610 845 63 41 gör
703 842 220 46 egendomen
952 843 55 34 till
1037 843 269 45 fideikommiss;
1336 845 44 34 då
1410 857 42 22 en
1483 845 211 36 oinskränkt
1723 846 107 35 frihet
1859 847 55 34 för
1942 859 56 23 en-

406 893 114 35 skilda
558 895 53 34 att
647 895 110 34 ändra
795 896 82 34 arfs-
916 896 66 35 och
1021 897 367 47 eganderättslagarne
1419 899 54 34 för
1501 899 271 35 tillkommande
1800 899 93 35 tider
1921 900 77 35 icke

408 946 71 35 kan
508 948 53 35 stå
589 947 236 36 tillsammans
853 949 79 35 med
963 950 206 46 syftemålet
1197 951 37 34 af
1262 951 58 34 vid
1348 951 116 35 denne
1494 952 142 47 riksdag
1665 953 37 34 af
1730 953 150 35 Riksens
1900 954 97 34 Stän-

406 1000 63 34 der
496 1002 106 45 tagne
631 1001 119 35 beslut
779 1015 56 22 om
866 1003 109 34 frihet
1003 1003 53 35 för
1084 1016 44 22 en
1157 1004 88 34 hvar
1273 1006 53 33 att
1354 1004 47 35 all
1430 1005 92 46 slags
1549 1006 80 46 jord
1658 1019 129 34 genom
1813 1006 79 46 laga
1913 1007 86 46 fång

406 1053 194 46 förvärfva,;
631 1054 44 35 då
700 1067 43 22 en
772 1056 106 35 sådan
909 1056 109 35 frihet
1045 1056 114 36 skulle
1188 1061 84 43 göra
1300 1059 61 34 vår
1389 1058 179 36 allmänna
1597 1059 58 47 lag
1684 1060 11 34 i
1715 1059 76 35 dess
1809 1060 188 46 vigtigaste

406 1106 97 35 delar
542 1108 155 47 onyttig,
728 1109 63 34 och
829 1109 12 34 i.
877 1109 119 35 stället
1029 1110 54 34 för
1122 1110 139 47 tydliga
1304 1111 108 46 lagar,
1442 1123 77 23 som
1547 1112 204 47 beständigt
1781 1112 121 36 kunna
1930 1113 67 35 för-

406 1160 134 35 bättras
577 1161 65 34 och
683 1162 228 44 fullkomnas,
942 1163 157 35 anskaffa
1133 1164 56 35 för
1217 1164 168 35 särskilda
1414 1165 88 46 gods
1530 1165 165 48 speciella
1725 1166 271 43 förordnanden,

407 1213 132 41 hvilka,
571 1214 112 35 ehuru
723 1211 172 72 orimlige,
926 1216 159 47 otydlige
1123 1217 67 35 och
1227 1218 103 34 äfven
1369 1218 144 47 oläslige
1543 1219 41 34 de
1617 1219 121 35 kunna
1768 1232 91 31 vara,
1890 1220 107 35 likväl

405 1271 85 42 göra
528 1268 151 47 anspråk
719 1270 45 46 på
801 1282 41 21 en
884 1270 235 46 varaktighet,
1150 1283 75 22 som
1264 1271 75 35 icke
1378 1284 41 21 en
1451 1273 96 45 gång
1576 1273 53 34 för
1661 1274 80 34 våra
1769 1273 226 46 grundlagar,

405 1320 115 47 enligt
557 1333 47 22 nu
643 1321 161 47 gällande
842 1323 287 46 regeringsform,
1170 1324 138 35 funnits
1347 1325 213 47 nödvändig,
1600 1326 64 34 och
1705 1326 60 35 det
1802 1326 54 35 för
1887 1327 111 46 öfrigt

404 1373 116 35 skulle
549 1374 102 35 lända
680 1375 57 34 till
767 1376 299 35 fäderneslandets
1094 1377 119 43 heder,
1245 1391 69 30 om,
1339 1378 108 34 sedan
1477 1379 42 34 de
1543 1381 92 33 mest
1663 1379 149 47 hyfsade
1833 1380 163 35 nationer

404 1427 107 35 redan
557 1428 153 47 upphäft
751 1429 97 34 dessa
890 1429 199 48 lemningar
1131 1406 86 59 eller
1252 1444 67 34 nya
1347 1431 180 47 telningar
1556 1433 36 34 af
1621 1433 243 44 feodalismen,
1895 1446 99 22 svear

405 1481 66 34 och
502 1481 136 46 göther,
662 1493 75 23 som
769 1482 112 47 aldrig
911 1483 90 35 varit
1025 1459 36 58 at
1090 1484 219 35 främmande
1339 1485 164 35 nationer
1531 1486 80 34 med
1640 1486 82 35 våld
1750 1463 161 69 fungas
1941 1487 54 35 till

404 1534 130 34 sådane
570 1535 249 46 inrättningar,
849 1536 76 34 icke
961 1549 81 22 vore
1071 1537 42 34 de
1138 1538 84 34 siste
1251 1539 53 33 att
1331 1538 221 35 förekomma
1581 1539 208 47 ytterligare
1819 1540 176 34 härmnin-

403 1600 64 33 gar
510 1588 109 43 deraf,
664 1588 107 34 hafva
813 1589 152 34 Riksens
1004 1590 148 34 Ständer
1181 1592 117 33 ansett
1325 1591 232 35 oftanämnde
1587 1593 233 34 oinskränkta
1850 1593 144 47 disposi-

403 1641 207 34 tionsfrihet
654 1641 83 34 böra
777 1642 136 46 jemkas
954 1643 96 34 inom
1096 1643 123 47 billiga
1262 1644 64 34 och
1364 1644 56 34 för
1452 1645 204 35 samhällets
1686 1646 176 35 allmänna
1891 1649 104 45 nytta

403 1694 182 47 afpassade
626 1698 154 43 gränser,
824 1698 91 32 samt
959 1696 56 34 till
1058 1696 87 47 följd
1184 1697 99 34 deraf
1310 1699 90 33 trott
1428 1698 55 47 sig
1512 1698 82 36 böra
1623 1699 65 34 hos
1718 1700 110 34 Eders
1857 1700 135 47 Kongl.

404 1748 108 46 Maj:t
535 1749 12 33 i
576 1748 284 47 underdånighet
888 1749 142 35 anhålla
1059 1763 56 21 om
1146 1750 161 47 nådigste
1337 1751 167 35 sanktion
1534 1752 64 35 och
1629 1752 212 36 bekräftelse
1871 1754 36 34 af
1933 1754 61 34 föl-

401 1800 108 46 jande
552 1804 158 32 närmare
754 1802 244 35 bestämmelse
1037 1804 64 34 och
1142 1804 127 46 tillägg
1306 1804 59 35 vid
1394 1804 61 36 det
1485 1805 53 35 för
1567 1806 98 34 detta
1694 1809 103 31 ämne
1825 1806 170 48 lämpliga

402 1854 124 46 lagens
555 1867 77 22 rum
662 1855 12 33 i
707 1856 46 34 16
783 1855 79 48 kap.
898 1858 14 33 1
949 1856 22 45 8
1000 1856 245 36 ärfdabalken:

511 1907 88 35 Will
632 1909 120 46 någon
787 1921 80 22 man
902 1909 86 35 eller
1016 1910 131 46 qvinna
1182 1914 83 43 göra
1294 1911 238 44 Testamente
1564 1912 108 35 hafve
1703 1913 90 34 wåld
1822 1917 83 43 göra
1934 1914 60 34 det

403 1961 222 47 mundteliga
654 1961 85 35 eller
767 1962 211 47 skrifteliga,
998 1963 79 35 med
1106 1964 85 34 eller
1221 1966 83 33 utan
1336 1965 148 41 willkor,
1511 1966 65 34 och
1596 1966 126 35 wittne
1742 1968 140 33 twänne
1903 1967 90 46 gode

402 2017 81 31 män
523 2016 53 33 att
610 2015 80 34 thet
726 2016 226 35 Testamente
986 2018 37 33 tå
1051 2029 59 22 var
1138 2018 123 46 gjordt
1289 2018 80 35 med
1397 2019 111 35 sundt
1535 2019 64 35 och
1631 2020 85 34 fullt
1740 2020 158 35 förstånd
1924 2021 68 34 och

402 2068 37 33 af
480 2068 45 34 fri
566 2068 100 50 vilja:
711 2070 130 34 Stånde
886 2070 66 34 ock
987 2071 132 33 honom
1149 2071 81 35 fritt
1258 2073 53 33 att
1338 2072 72 34 låta
1440 2072 149 35 wittnen
1622 2075 79 32 veta
1729 2073 77 35 dess
1835 2074 157 35 innehåll

402 2120 85 35 eller
523 2122 44 45 ej.
623 2123 76 33 Aro
744 2124 30 45 ej
815 2123 138 35 vittnen
984 2126 54 32 att
1065 2124 113 46 tillgå,
1210 2125 64 34 och
1304 2125 121 35 utredt
1449 2126 143 41 warder,
1623 2129 54 32 att
1705 2126 164 35 Testätor
1897 2128 96 34 intill

400 2174 55 34 sin
496 2173 68 35 död
600 2175 102 35 warit
736 2178 83 32 utur
860 2176 105 35 stånd
1005 2179 70 33 satt
1102 2178 152 34 wittnen
1293 2178 159 35 anskaffa
1476 2182 64 43 äge
1569 2180 66 34 ock
1666 2180 44 34 då
1735 2180 255 36 Testamentet.

400 2227 81 46 laga
521 2226 106 45 kraft,
664 2230 38 33 så
735 2230 108 34 framt
875 2230 62 34 det
965 2230 111 35 finnes
1100 2231 83 35 med
1212 2243 88 34 egen
1330 2231 95 35 hand
1455 2232 142 36 skrifvit
1627 2234 64 33 och
1724 2233 266 43 underskrifvit,

400 2280 207 47 Bortgifver
634 2283 114 46 någor
776 2283 69 35 fast
873 2283 185 47 egendom,
1078 2287 63 44 äge
1172 2285 31 46 ej
1235 2284 99 36 makt
1358 2297 58 23 om
1446 2285 184 36 willkoren
1661 2286 55 35 för
1744 2286 76 37 dess
1850 2287 142 35 förvalt-
