1910 2826
92 238 159 29 Ersättning

80 271 43 24 vid
140 272 120 23 vikariat

87 305 16 24 å
119 305 141 24 ledamots-

79 338 150 31 befattning
248 339 9 24 i

78 373 180 31 skolöversty-

123 407 94 24 relsen.

278 144 17 29 2
716 152 276 33 Statsutskottets
1017 155 175 31 utlåtande
1215 157 50 30 Nr
1287 158 70 30 134.

324 233 29 29 2.
402 233 118 31 Under
542 234 235 33 förordnande
800 240 49 28 att
872 236 116 32 såsom
1012 239 130 31 vikarie
1164 240 150 31 bestrida
1336 241 196 38 befattning
1556 241 115 32 såsom
1695 244 89 31 leda-

280 287 71 27 mot
374 293 43 21 av
442 285 326 37 skolöverstyrelsen
791 288 80 35 äger
896 288 165 31 folkskol-
1087 290 82 30 eller
1191 284 396 45 nomadskolinspektör,
1613 303 75 21 som
1712 294 74 30 icke

282 334 110 30 under
420 335 180 31 vikariatet
629 336 154 37 åtnjuter
811 338 235 38 vikariatslön,
1076 341 160 36 uppbära
1266 342 148 30 särskild
1443 344 188 37 ersättning
1659 346 80 29 med
1767 345 19 30 6

283 384 128 30 kronor
434 384 56 31 för
514 387 75 35 dag.

325 561 20 30 2
365 571 105 21 mom.
514 562 235 38 Tjänsteman,
770 563 21 32 å
810 564 117 31 vilken
967 583 24 4 —
1023 584 29 4 —
1084 584 31 4 —
1146 585 30 3 —
1205 585 36 4 —
1260 569 230 36 reglementet,
1512 569 188 38 nämligen:

325 611 112 30 under
460 612 20 29 2?
503 612 90 31 avd.:
617 614 18 29 2
660 614 80 37 kap.
766 616 38 29 13
825 615 19 37 8
869 616 18 29 2
911 625 116 28 mom.,
1051 618 19 30 3
1092 618 81 37 kap.
1198 620 127 29 22-27
1352 620 41 36 88
1416 637 45 4 —
1481 638 43 3 —
1547 640 43 3 —
1612 640 44 3 —
1677 639 43 2 —

283 661 18 29 3
323 670 104 22 mom.
453 663 18 29 2
495 663 167 37 punkten;
685 668 90 27 samt

325 711 111 32 under
453 713 21 30 3
490 714 92 30 avd.;:
598 732 45 3 —
672 707 30 48 —
718 733 45 3 —
959 735 163 4 ———
1562 739 45 3 —

326 854 122 32 Denna
475 855 203 38 kungörelse
703 857 116 32 träder
844 858 11 31 i
880 858 96 32 kraft
1002 861 109 36 dagen
1138 861 87 31 efter
1251 863 76 35 den,
1355 862 46 31 då
1427 863 229 37 kungörelsen
1683 863 105 37 enligt

281 905 84 31 därå
387 905 182 33 meddelad
590 908 139 36 uppgift
750 909 187 31 utkommit
959 910 80 31 från
1060 912 133 36 trycket
1215 913 11 30 i
1249 912 130 31 Svensk
1402 913 384 38 författningssamling.

325 1022 51 32 Då
393 1024 165 31 utskottet
575 1025 144 36 tidigare
737 1026 11 31 i
765 1026 193 32 utlåtandet
977 1038 40 21 nr
1038 1030 59 29 113
1115 1030 188 31 behandlat
1320 1031 229 32 förevarande
1566 1028 219 44 kungörelse-

281 1072 139 38 förslag,
443 1073 11 31 i
476 1075 66 30 vad
566 1075 56 31 det
643 1085 99 21 avser
763 1077 41 30 66
827 1077 29 37 8,
878 1076 147 32 återstår
1046 1079 144 31 allenast
1212 1083 48 27 att
1282 1081 63 29 här
1367 1081 52 30 till
1441 1081 170 37 prövning
1633 1085 152 34 upptaga

281 1123 41 30 de
342 1123 196 37 föreslagna
559 1125 233 37 ändringarna
812 1126 10 31 i
843 1128 41 29 55
906 1128 30 37 8.

329 1239 66 40 1:0)
417 1240 205 38 Ersättning
639 1242 54 31 till
711 1242 135 31 vikarie
864 1242 21 32 å
903 1244 374 39 ledamotsbefattning
1295 1246 12 31 i
1325 1247 350 37 skolöverstyrelsen.
1695 1248 93 31 Jäm-

284 1290 62 30 likt
369 1292 39 28 21
435 1291 19 37 8
482 1292 14 29 1
522 1301 103 22 mom.
649 1293 103 31 civila
774 1294 402 37 avlöningsreglementet
1199 1297 99 36 utgår
1320 1298 51 30 till
1394 1297 212 38 tjänsteman
1630 1299 80 31 med
1733 1300 57 30 lön

282 1341 105 37 enligt
412 1342 162 36 löneplan
599 1343 37 35 A,
664 1344 115 30 vilken
806 1344 138 31 erhållit
968 1345 236 33 förordnande
1229 1350 49 28 att
1304 1347 116 31 såsom
1446 1349 131 30 vikarie
1602 1349 187 37 uppehålla

283 1391 194 37 befattning
496 1392 93 31 inom
609 1394 107 35 högre
737 1395 163 35 lönegrad
921 1404 44 22 av
986 1405 133 22 samma
1140 1398 172 37 löneplan,
1333 1398 359 38 vikariatsersättning
1712 1400 78 30 med

284 1441 80 31 visst
405 1442 10 30 i
446 1442 217 32 förhållande
691 1444 53 31 till
772 1445 275 32 vederbörandes
1075 1447 360 38 lönegradsplacering
1464 1449 11 30 i
1504 1449 285 38 avlöningsregle-

284 1495 127 28 mentet
438 1493 162 32 fastställt
626 1494 138 37 belopp.
814 1495 222 32 Härutinnan
1063 1498 203 30 meddelade
1292 1499 261 31 bestämmelser
1578 1500 92 31 hava
1696 1510 93 21 avse-

284 1543 85 32 ende
391 1542 32 38 å,
447 1544 106 31 bland
576 1545 120 37 andra,
720 1544 20 31 å
763 1555 64 21 ena
850 1546 101 31 sidan
975 1548 110 31 lärare
1108 1548 58 30 vid
1190 1549 42 29 de
1255 1549 177 31 allmänna
1456 1550 202 31 läroverken
1681 1560 46 21 m.
1753 1551 35 30 fl.

284 1594 136 36 statliga
447 1594 433 37 undervisningsanstalter
906 1600 91 27 samt
1024 1597 379 39 folkskolinspektörer,
1432 1599 21 32 å
1481 1601 109 30 andra
1618 1601 100 30 sidan
1745 1602 44 30 le-

283 1644 158 31 damöter
462 1654 44 21 av
528 1645 325 38 skolöverstyrelsen
883 1646 368 42 (undervisningsråd),
1275 1649 93 31 vilka
1392 1659 121 22 senare
1534 1651 140 31 tillhöra
1699 1652 90 31 löne-

283 1695 129 36 graden
425 1691 23 45 A
435 1695 92 31 30.

329 1745 115 37 Enligt
469 1747 38 29 21
535 1746 17 37 $
576 1747 19 29 4
621 1756 106 21 mom.
752 1748 154 31 nämnda
932 1748 206 37 reglemente
1162 1749 211 32 tillkommer
1399 1751 57 31 det
1480 1751 156 32 däremot
1663 1752 122 37 Kungl.

284 1795 100 37 Maj:t
408 1799 51 27 att
483 1796 193 32 bestämma
699 1797 356 39 vikariatsersättning
1078 1799 55 31 för
1156 1800 56 30 det
1237 1801 70 36 fall,
1332 1804 50 28 att
1405 1811 43 21 en
1471 1801 211 37 tjänsteman
1707 1803 78 31 med

283 1846 58 30 lön
362 1847 107 36 enligt
490 1857 115 21 annan
626 1848 163 37 löneplan
811 1849 45 29 än
878 1849 162 38 löneplan
1062 1850 27 30 A
1112 1850 138 32 erhållit
1269 1851 150 32 vikariat
1440 1852 20 31 å
1484 1853 205 37 befattning,
1710 1863 76 21 som

284 1905 97 22 avses
401 1897 11 30 i
432 1897 101 31 civila
554 1898 414 37 avlöningsreglementet.

327 1947 15 30 I
368 1947 201 37 anslutning
595 1948 53 30 till
673 1948 218 32 sistnämnda
917 1950 242 32 bestämmelse
1186 1952 65 30 har
1279 1952 122 37 Kungl.
1433 1953 100 37 Maj:t
1560 1953 66 31 den
1659 1954 40 30 10
1725 1964 59 21 no-

283 1998 139 29 vember
447 1998 82 30 1939
555 1999 174 30 meddelat
753 1999 110 31 beslut
888 1999 178 37 angående
1089 2002 189 36 ersättning
1301 2002 57 30 vid
1384 2002 148 32 vikariat
1557 2003 19 31 å
1600 2005 184 30 ledamots-

279 2047 194 37 befattning
493 2047 12 31 i
525 2049 325 37 skolöverstyrelsen
871 2049 52 31 till
944 2050 130 32 sådana
1095 2053 155 29 rektorer
1269 2052 58 31 vid
1349 2053 136 37 statliga
1506 2054 279 38 undervisnings-

284 2099 174 35 anstalter,
480 2108 75 21 som
578 2098 136 37 åtnjuta
735 2100 58 30 lön
816 2100 105 37 enligt
941 2101 161 38 löneplan
1125 2102 28 30 E
1178 2103 100 31 civila
1300 2104 413 37 avlöningsreglementet,
1736 2108 49 27 att

283 2148 103 31 lända
409 2148 53 31 till
486 2148 225 32 efterrättelse
735 2149 78 31 från
836 2151 66 30 och
927 2152 79 30 med
1029 2152 66 30 den
1121 2153 14 29 1
1161 2153 64 38 juli
1251 2154 82 30 1939
1358 2154 69 30 tills
1453 2154 117 32 vidare
1592 2155 89 30 intill
1707 2155 77 31 dess

279 2199 220 31 annorlunda
520 2200 122 30 varder
661 2200 159 31 bestämt.

323 2249 333 37 Skolöverstyrelsen
682 2251 66 29 har
775 2250 11 30 i
813 2250 164 32 skrivelse
1003 2252 51 30 till
1081 2252 124 37 Kungl.
1234 2253 99 37 Maj:t
1361 2254 68 30 den
1460 2255 38 30 16
1526 2255 145 30 oktober
1702 2256 82 30 1939

279 2299 186 38 hemställt,
497 2302 48 28 att
576 2300 171 31 särskilda
777 2301 259 31 bestämmelser
1067 2301 178 37 angående
1275 2304 190 37 ersättning
1495 2304 57 31 vid
1585 2304 149 33 vikariat
1764 2305 20 32 å

280 2348 543 38 undervisningsrådsbefattning
853 2351 109 30 borde
994 2352 175 31 meddelas
1203 2353 129 37 jämväl
1364 2354 56 30 för
1452 2355 108 30 andra
1592 2355 114 31 lärare
1737 2357 45 30 än

278 2400 154 30 rektorer
453 2403 89 27 samt
563 2400 54 30 för
639 2399 379 37 folkskolinspektörer.
