1854 2774
238 139 37 28 94
553 137 387 31 Jordbruksutskottets
962 138 177 30 utlåtande
1160 148 41 20 nr
1224 141 13 26 1
1261 149 38 19 år
1322 140 82 28 1965

241 216 76 38 ring
343 217 105 38 enligt
475 217 189 34 foderlista,
691 218 209 39 utgödsling,
927 219 185 38 rengöring
1140 221 61 27 etc.
1228 220 167 28 Förutom
1424 220 40 28 de
1496 220 59 28 100
1582 219 139 29 timmar

244 260 246 39 undervisning
511 262 9 27 i
540 262 245 38 husdjurslära
808 263 53 28 får
882 263 156 29 eleverna
1061 263 236 38 handledning
1320 263 9 29 i
1352 263 232 39 yrkesarbete.
1608 263 10 28 I
1644 263 78 28 kur-

243 313 62 24 ser,
329 314 74 19 som
426 305 105 38 pågår
555 306 108 28 under
685 306 147 33 vintern,
857 307 77 28 sker
958 307 93 29 detta
1073 307 221 39 yrkesarbete
1320 307 7 28 i
1352 309 71 27 stor
1449 307 240 38 utsträckning
1715 308 5 26 i

244 348 88 29 form
353 358 42 20 av
417 349 315 38 ladugårdsarbete.

287 393 9 27 I
319 393 65 28 den
404 402 92 20 mera
518 394 178 30 teoretiskt
717 394 169 29 betonade
907 395 282 38 grundläggande
1211 395 237 39 yrkeskursen
1471 394 53 30 får
1545 395 105 38 enligt
1674 395 48 28 fö-

242 437 142 28 reskrift
406 437 154 29 1600—-1
579 438 61 28 800
662 439 110 28 elever
792 439 131 38 årligen
942 447 123 30 genom
1088 439 180 38 praktiska
1290 439 168 38 övningar
1480 439 9 28 i
1511 438 212 39 ladugården

243 481 106 29 lokalt
368 481 159 38 betingad
550 482 381 39 specialundervisning
951 483 9 28 i
983 482 207 39 mjölkning,
1213 482 190 39 utfodring,
1424 482 78 29 disk
1523 482 63 29 och
1607 483 115 38 övriga

243 526 150 29 arbeten.
414 526 11 28 I
445 526 68 28 viss
533 527 243 38 utsträckning
796 527 103 38 följes
920 527 157 39 läroplan
1096 527 120 30 4.13-6.
1236 528 123 28 Denna
1379 536 120 20 senare
1518 527 81 39 plan
1621 527 101 38 följes

243 570 54 28 vid
320 570 465 39 hushållningssällskapens
812 571 308 29 kursverksamhet
1146 571 53 29 för
1223 571 235 29 veckokurser
1483 572 7 28 i
1516 571 206 38 mjölkning.

286 615 66 27 För
369 616 50 27 att
436 614 156 39 bibringa
610 616 233 28 lantarbetare
861 615 78 29 med
957 615 177 30 skiftande
1152 615 261 39 förkunskaper
1430 615 292 39 förutsättningar

242 660 49 27 alt
308 658 128 29 inneha
455 659 212 39 anställning
685 669 73 19 som
777 660 262 29 ensamskötare
1059 660 8 28 i
1087 659 167 39 ladugård
1272 660 65 28 har
1355 659 366 39 lantbruksstyrelsen,

242 710 122 30 genom
383 703 282 38 ämneskollegiet
685 703 9 29 i
713 704 248 38 husdjurslära
979 705 9 27 i
1009 704 192 28 samarbete
1221 704 78 29 med
1320 703 398 29 lantarbetarförbundet

242 747 63 28 och
322 747 527 39 lantarbetsgivareföreningen,
866 748 50 28 till
934 757 40 20 en
992 748 55 29 två
1064 748 142 29 veckors
1223 748 86 28 kurs
1327 748 75 28 låtit
1419 748 157 29 utarbeta
1593 757 40 19 en
1653 748 69 29 sär-

243 790 90 29 skild
353 791 167 38 läroplan.
542 792 175 28 Kurserna
738 792 177 29 anordnas
934 801 41 20 av
994 792 448 39 hushållningssällskapen
1463 792 8 28 i
1493 792 88 38 regel
1603 793 8 27 i
1634 801 87 19 sam-

242 835 115 28 arbete
378 835 78 28 med
477 835 142 38 lämplig
639 836 296 29 lantbruksskola.
958 836 116 29 Under
1095 836 205 38 föregående
1322 836 39 29 år
1381 836 242 38 genomfördes
1646 836 75 39 fyra

243 879 123 28 kurser
383 880 63 28 och
463 879 53 28 för
533 879 73 29 året
623 880 160 38 planeras
802 881 85 28 även
905 880 76 38 fyra
998 880 135 33 kurser,
1151 881 174 37 nämligen
1342 880 57 29 vid
1415 881 89 28 Jälla
1522 881 63 28 och
1603 881 117 28 Finsta

242 922 304 30 lantbruksskolor
564 926 88 26 samt
670 924 43 38 på
730 924 263 39 Bjärsjölagård
1010 924 10 28 i
1038 925 196 28 Malmöhus
1254 925 66 28 län.

288 967 174 38 Styrelsen
485 968 63 28 har
573 967 115 30 vidare
714 967 75 30 låtit
815 968 158 29 utarbeta
997 977 41 20 en
1065 968 214 39 specialkurs
1306 969 8 28 i
1342 969 301 38 husdjursskötsel
1669 978 54 20 om

247 1011 36 28 12
307 1011 126 29 veckor
456 1020 74 20 som
554 1011 110 39 syftar
690 1012 50 29 till
766 1013 50 28 att
841 1012 132 29 utbilda
998 1013 158 28 eleverna
1180 1013 51 28 till
1256 1013 140 38 dugliga
1423 1013 137 29 skötare
1585 1022 41 19 av
1652 1014 73 27 nötl-

242 1055 176 29 kreaturs-
438 1056 63 28 och
522 1055 326 39 svinbesättningar.
870 1056 97 29 Efter
987 1057 160 28 avslutad
1167 1057 84 28 kurs
1272 1057 63 28 bör
1354 1057 158 29 eleverna
1531 1057 44 28 ha
1596 1066 41 19 en
1659 1057 62 38 god

244 1099 165 29 teoretisk
432 1099 183 39 bakgrund
639 1102 90 27 samt
753 1100 45 29 ha
821 1101 41 28 de
886 1100 182 39 praktiska
1092 1100 270 39 färdigheterna,
1389 1101 152 38 speciellt
1566 1102 9 27 i
1600 1102 126 37 mjölk-

245 1143 93 38 ning,
366 1144 179 39 utfodring
571 1144 64 29 och
661 1144 290 34 brunstkontroll,
981 1145 52 28 väl
1060 1145 155 29 inövade.
1244 1145 79 29 Som
1351 1145 243 29 inträdeskrav
1621 1146 105 37 gäller

246 1188 259 39 genomgången
534 1188 284 39 grundläggande
848 1188 202 40 yrkeskurs.
1082 1188 218 39 Föregående
1331 1188 38 30 år
1397 1189 243 39 genomfördes
1671 1191 53 27 två

245 1232 123 29 kurser
386 1232 63 29 och
467 1233 9 28 i
495 1232 38 29 år
551 1233 63 29 har
632 1233 356 39 lantbruksstyrelsen
1009 1233 164 39 medgivit
1192 1235 49 27 att
1262 1233 70 29 fem
1352 1233 124 29 kurser
1496 1233 186 29 anordnas.

289 1276 10 28 I
321 1277 214 37 specialkurs
554 1286 56 19 om
628 1277 18 29 8
664 1277 125 29 veckor
808 1277 54 29 för
880 1277 197 38 utbildning
1097 1287 41 19 av
1157 1277 358 29 kontrollassistenter
1535 1278 78 28 sker
1633 1277 44 29 bl.
1697 1288 28 18 a.

246 1320 248 39 undervisning
512 1321 8 28 i
539 1321 198 39 mjölkning
756 1321 66 29 och
842 1321 225 39 stallmiljöns
1087 1321 173 39 betydelse
1282 1330 74 20 som
1376 1321 350 39 produktionsfaktor

246 1373 39 19 ur
314 1364 210 30 funktionell
550 1365 64 29 och
642 1365 183 39 hygienisk
852 1365 193 39 synvinkel.
1075 1365 11 28 I
1116 1364 139 30 samråd
1282 1366 79 28 med
1390 1365 125 29 svensk
1543 1365 184 38 husdjurs-

246 1409 140 33 skötsel,
406 1409 87 33 SHS,
512 1410 63 28 har
594 1410 130 29 antalet
744 1409 446 29 kontrollassistentkurser
1208 1409 204 39 begränsats
1431 1409 52 29 till
1503 1409 75 39 fyra
1599 1418 60 29 per
1679 1410 47 28 år.

289 1454 10 28 I
320 1453 95 29 detta
434 1454 254 38 sammanhang
706 1454 62 28 bör
788 1454 158 33 nämnas,
966 1456 49 27 att
1035 1454 57 28 det
1110 1454 9 28 i
1139 1453 39 29 år
1197 1453 53 29 för
1270 1454 40 28 30
1331 1454 111 29 elever
1461 1453 105 39 pågår
1587 1463 57 19 sex
1664 1455 61 27 ett-

243 1497 95 39 åriga
359 1497 475 39 ladugårdsförmanskurser
854 1498 104 39 enligt
979 1498 40 28 de
1041 1498 114 38 gamla
1175 1498 320 29 bestämmelserna.
1517 1499 107 27 Dessa
1645 1498 80 28 kur-

246 1550 53 20 ser
320 1542 39 27 är
381 1541 157 39 förlagda
561 1542 51 28 till
635 1542 116 28 skolor
775 1542 78 29 med
876 1541 149 29 60—100
1049 1542 74 28 kor.

290 1585 167 39 Slutligen
482 1586 59 28 vill
568 1586 356 39 lantbruksstyrelsen
952 1585 187 30 framhålla
1165 1588 50 27 att
1242 1595 74 20 som
1344 1586 110 29 lärare
1481 1586 56 29 vid
1564 1586 164 29 skolorna

245 1629 174 39 tjänstgör
435 1630 72 29 dels
523 1638 206 30 agronomer
745 1631 79 28 med
842 1639 143 20 examen
1003 1630 79 28 från
1100 1629 294 39 husdjurslinjen,
1412 1630 72 29 dels
1501 1630 226 29 lantmästare

246 1676 90 27 samt
354 1674 73 29 dels
447 1674 339 38 ladugårdsförmän.
809 1674 261 39 Agronomerna
1091 1674 159 29 handhar
1270 1674 280 38 huvudsakligen
1573 1673 66 29 den
1661 1677 68 26 teo-

247 1718 129 29 retiska
407 1718 304 39 undervisningen.
742 1719 270 29 Lantmästarna
1043 1719 64 28 och
1137 1718 400 38 ladugårdsförmännen
1568 1718 160 29 handhar

245 1763 176 29 elevernas
438 1763 181 38 praktiska
636 1763 198 38 utbildning
850 1763 64 28 och
931 1762 281 39 handledningen
1230 1763 9 28 i
1255 1762 249 39 yrkesarbetet.
1521 1762 64 29 Vid
1602 1762 126 29 skolor,

246 1816 73 19 som
344 1809 175 27 anordnar
541 1807 264 38 specialkurser,
831 1806 474 39 ladugårdsförmanskurser
1330 1807 63 28 och
1417 1806 165 29 liknande
1607 1806 122 28 kurser

246 1852 37 27 är
307 1851 341 39 förutsättningarna
672 1851 78 29 med
774 1851 138 39 hänsyn
936 1851 51 28 till
1014 1851 138 28 lärarna
1176 1851 64 28 och
1263 1850 119 38 övriga
1408 1859 154 20 resurser
1588 1850 138 28 särskilt

247 1895 97 37 goda.

290 1939 65 29 Vid
375 1939 466 39 hushållningssällskapens
863 1938 308 29 kursverksamhet
1192 1938 177 29 meddelar
1393 1938 270 29 konsulenterna
1687 1947 41 29 på

245 1983 329 38 husdjursområdet
595 1984 65 28 och
682 1983 425 39 husdjursassistenterna
1130 1982 305 38 undervisningen.
1459 1982 66 28 För
1548 1982 182 28 skolornas

246 2028 64 29 och
336 2028 217 38 sällskapens
581 2028 159 38 personal
768 2027 176 29 anordnar
970 2026 357 39 lantbruksstyrelsen
1357 2026 372 38 fortbildningskurser

247 2081 41 20 av
308 2072 94 29 olika
424 2072 82 29 slag.

291 2116 50 28 Av
364 2116 57 29 det
443 2125 88 20 ovan
555 2116 147 29 anförda
725 2115 98 29 torde
847 2115 135 38 framgå
1007 2116 50 28 att
1081 2114 267 39 möjligheterna
1375 2116 49 27 att
1448 2114 130 29 erhålla
1606 2114 124 29 utbild-

248 2161 81 38 ning
348 2160 45 39 på
412 2160 156 29 området
589 2160 54 28 för
662 2159 219 29 närvarande
901 2159 38 28 är
959 2159 88 39 goda
1068 2159 65 29 och
1154 2159 49 29 att
1223 2159 67 28 den
1311 2167 41 20 av
1374 2158 354 39 lantbruksstyrelsen

246 2204 290 30 administrerade
563 2203 355 30 kursverksamheten
945 2203 30 38 ej
1004 2203 39 28 är
1070 2212 42 20 av
1137 2202 98 38 ringa
1262 2202 224 38 omfattning.
1512 2201 137 39 Årligen
1679 2204 51 27 ut-

246 2249 111 29 bildas
379 2258 58 20 c:a
457 2248 18 29 2
491 2248 61 29 500
574 2248 121 33 elever,
717 2257 80 19 men
820 2247 130 29 antalet
972 2248 37 28 är
1032 2247 89 29 dock
1142 2247 29 38 ej
1198 2246 203 38 tillräckligt
1423 2246 55 29 för
1499 2248 49 27 att
1571 2247 156 38 tillgäng-

248 2294 66 37 liga
333 2301 155 21 resurser
509 2292 88 29 skall
616 2292 71 29 helt
707 2294 53 27 tas
780 2292 10 28 i
809 2290 164 39 anspråk.
995 2291 159 29 Orsaken
1173 2291 118 28 härtill
1313 2291 97 29 torde
1431 2290 125 29 främst
1578 2299 81 21 vara
1681 2292 47 27 att

247 2338 85 28 söka
349 2338 10 28 i
378 2339 47 27 ett
443 2336 177 29 bristande
638 2336 148 29 intresse
806 2335 54 29 för
878 2334 371 40 husdjursutbildning
1268 2335 81 28 över
1367 2335 119 28 huvud
1506 2336 101 37 taget.

292 2381 174 39 Styrelsen
492 2380 58 29 vill
577 2380 10 29 i
612 2380 94 29 detta
734 2378 256 39 sammanhang
1017 2378 197 33 framhålla,
1242 2380 50 28 att
1323 2378 407 39 upplysningsverksam-

249 2426 55 28 het
323 2425 45 39 på
388 2426 94 28 detta
500 2424 142 29 område
663 2424 86 29 även
768 2423 158 30 bedrives
947 2432 42 20 av
1010 2422 450 39 mejeriorganisationerna
1481 2424 89 28 samt
1593 2424 49 27 att
1664 2422 64 29 den

247 2469 194 38 betydande
462 2468 212 38 omfattning
697 2477 74 19 som
794 2466 400 38 juverhälsokontrollen
1219 2466 64 29 fått
1306 2467 90 28 varit
1421 2476 41 19 av
1486 2467 126 28 största
1637 2466 92 38 bety-
