1852 2778
444 150 388 33 Jordbruksutskottets
854 150 179 32 utlåtande
1052 160 45 21 nr
1116 152 16 29 1
1154 151 39 30 år
1215 151 83 30 1965
1576 150 39 31 61

128 232 97 30 inom
248 231 420 35 försöksverksamheten,
690 232 162 30 förordar
871 231 70 41 jag,
964 233 51 29 att
1035 232 114 30 medel
1171 231 174 30 beräknas
1366 230 55 30 för
1443 239 42 20 en
1507 229 113 40 tjänst

131 294 75 22 som
226 285 243 40 byrådirektör
488 287 10 29 i
518 285 51 40 Ag
589 285 40 30 27
650 285 65 30 och
735 294 42 21 en
798 285 111 39 tjänst
929 294 75 20 som
1024 292 301 33 programmerare
1345 284 11 30 i
1376 284 50 39 Ag
1449 283 49 30 19.
1520 282 100 30 Inne-

129 339 157 30 havarna
310 348 42 20 av
375 339 102 30 dessa
500 339 151 39 tjänster
674 338 63 30 bör
760 339 127 29 liksom
911 347 44 21 en
978 338 108 30 redan
1111 337 160 40 befintlig
1295 336 245 31 datatekniker
1563 335 57 30 be-

130 392 100 40 tjäna
250 392 78 30 hela
347 392 204 40 högskolan.
572 392 293 39 Byrådirektören
885 392 62 29 bör
966 391 78 30 leda
1063 391 268 40 ifrågavarande
1351 389 233 31 verksamhet.
1606 389 13 29 I

131 446 171 30 samband
326 446 79 30 med
431 447 49 28 att
505 445 254 31 förutnämnda
782 445 58 31 två
864 446 150 39 tjänster
1039 445 223 34 tillkommer,
1287 444 63 29 bör
1374 452 48 21 nu
1448 442 172 40 utgående

130 499 128 31 arvode
271 508 57 22 om
343 499 40 31 30
399 500 62 29 000
475 499 51 30 kr.
541 499 132 30 indras.

177 553 74 29 Den
278 562 43 21 av
347 553 170 40 styrelsen
546 552 199 39 föreslagna
772 552 178 30 centralen
978 552 56 29 för
1062 551 262 38 framställning
1351 559 43 20 av
1420 549 198 40 planscher,

131 606 160 39 diagram
310 615 45 21 m.
375 615 46 21 m.
441 606 53 29 för
515 605 95 30 såväl
631 605 296 39 undervisningen
948 614 75 21 som
1044 604 68 30 den
1133 603 214 30 utåtriktade
1368 603 249 40 publicerings-

133 660 269 30 verksamheten
428 660 11 29 i
466 659 205 39 anslutning
697 659 51 30 till
775 659 213 39 högskolans
1015 658 168 29 bibliotek
1210 666 102 31 synes
1341 657 207 39 möjliggöra
1576 665 44 20 en

133 713 282 39 rationalisering
435 722 42 21 av
495 713 58 30 det
573 712 218 30 omfattande
811 712 117 30 arbete
948 721 42 20 av
1011 711 95 30 detta
1127 711 84 39 slag,
1233 719 75 21 som
1330 709 171 39 försiggår
1522 709 98 29 inom

129 767 206 39 högskolan.
351 767 65 39 Jag
435 766 160 30 förordar
613 765 131 35 därför,
762 768 50 28 att
829 765 112 30 medel
958 765 175 30 beräknas
1151 764 54 30 för
1224 773 43 21 en
1284 764 112 39 tjänst
1414 771 74 22 som
1508 762 109 30 förste

133 820 107 30 ritare
259 821 11 29 i
290 820 48 30 Ae
362 821 36 29 11
420 819 54 30 för
495 820 132 30 sådana
647 819 188 40 uppgifter.
856 818 347 41 Högskolestyrelsen
1224 818 62 30 bör
1307 817 107 39 pröva
1434 815 184 41 möjlighe-

133 875 100 29 terna
258 875 49 29 att
331 873 51 30 till
406 874 114 29 denna
545 873 132 30 central
703 872 187 40 överflytta
914 872 110 30 sådan
1050 871 161 40 personal
1237 870 56 31 vid
1319 870 297 33 institutionerna,

134 936 76 21 som
232 927 130 40 sysslar
382 927 79 30 med
482 927 143 29 arbeten
644 936 43 20 av
707 927 94 29 detta
823 927 84 38 slag.
928 926 65 30 Vid
1014 925 203 30 biblioteket
1238 925 12 30 i
1271 924 132 39 Alnarp
1424 924 62 29 bör
1507 923 113 30 medel

133 980 174 30 beräknas
327 979 56 30 för
403 989 42 20 en
466 979 111 40 tjänst
598 988 75 21 som
692 979 324 30 biblioteksbiträde
1037 978 11 30 i
1069 978 48 30 Ae
1140 978 30 30 7.

180 1034 74 29 Den
282 1042 43 22 av
352 1033 71 39 mig
451 1032 186 31 förordade
665 1032 287 39 förstärkningen
980 1041 43 21 av
1050 1040 205 21 resurserna
1283 1030 55 30 för
1368 1030 67 29 den
1464 1031 158 28 automa-

135 1087 94 30 tiska
259 1086 341 39 databehandlingen
630 1086 67 30 och
726 1086 212 30 biblioteken
969 1085 200 30 föranleder
1199 1093 44 21 en
1272 1082 276 40 anslagsökning
1578 1091 44 21 av

135 1141 234 38 sammanlagt
385 1140 39 30 76
440 1140 61 29 700
517 1140 51 29 kr.

179 1194 66 39 Jag
262 1193 143 40 övergår
423 1194 154 29 härefter
597 1193 52 30 till
668 1195 52 29 att
737 1193 161 31 redovisa
916 1194 96 29 mina
1032 1193 362 40 ställningstaganden
1414 1194 52 29 till
1487 1193 42 31 de
1550 1194 72 29 sär-

135 1248 115 29 skilda
267 1247 227 40 utredningar
510 1256 45 21 m.
573 1256 57 25 m.,
648 1247 54 30 för
719 1247 92 30 vilka
827 1247 60 40 jag
903 1247 176 40 redogjort
1096 1247 11 29 i
1125 1248 56 29 det
1199 1247 216 40 föregående.

181 1302 74 29 Den
279 1310 42 21 av
346 1301 83 30 1964
452 1300 57 30 års
532 1300 145 40 riksdag
699 1300 180 30 beslutade
903 1310 68 30 nya
995 1300 284 39 organisationen
1304 1300 54 30 för
1383 1300 239 30 universitets-

135 1355 66 30 och
225 1354 334 39 högskoleväsendet
582 1354 194 30 omfattade
799 1354 72 30 inte
894 1354 227 39 jordbrukets
1145 1354 199 39 högskolor,
1369 1353 32 31 d.
1425 1363 31 20 v.
1481 1362 26 22 s.
1533 1354 88 30 lant-

135 1408 317 39 brukshögskolan,
471 1407 301 39 skogshögskolan
791 1408 66 29 och
874 1407 382 39 veterinärhögskolan.
1274 1406 42 30 Åt
1335 1416 43 21 en
1399 1406 150 30 särskild
1569 1415 53 21 ar-

136 1461 190 40 betsgrupp
351 1461 96 29 inom
470 1460 472 40 jordbruksdepartementet
967 1461 63 28 har
1056 1460 121 30 därför
1202 1460 205 39 uppdragits
1433 1461 50 28 att
1510 1460 113 29 företa

136 1523 44 22 en
202 1515 147 39 översyn
371 1523 42 21 av
435 1513 282 40 organisationen
741 1514 63 29 och
826 1513 260 40 förvaltningen
1110 1522 42 21 av
1174 1513 225 39 jordbrukets
1423 1513 199 40 högskolor.

138 1568 302 39 Arbetsgruppens
457 1568 132 39 förslag
606 1567 112 40 syftar
734 1567 51 30 till
803 1576 43 21 en
863 1567 216 39 anpassning
1096 1567 10 29 i
1123 1567 207 39 tillämpliga
1347 1567 96 29 delar
1461 1576 41 20 av
1520 1566 103 30 dessa

136 1621 205 38 högskolors
367 1621 237 38 organisation
630 1621 64 29 och
720 1620 213 39 förvaltning
957 1620 52 30 till
1034 1620 66 29 vad
1126 1628 74 21 som
1226 1620 214 38 genomförts
1467 1619 53 29 för
1546 1619 76 29 uni-

136 1675 187 30 versiteten
343 1675 64 30 och
426 1675 236 38 högskolorna
681 1674 210 30 tillhörande
910 1673 512 40 ecklesiastikdepartementet.
1444 1673 180 39 Förslaget

138 1729 145 29 innebär
297 1729 10 29 i
322 1729 140 29 korthet
477 1728 169 39 följande.

183 1782 52 29 En
261 1781 327 31 samarbetsnämnd
614 1782 147 29 inrättas
787 1781 54 29 för
865 1780 227 40 jordbrukets
1119 1780 197 39 högskolor.
1343 1781 121 29 Denna
1490 1780 133 29 nämnd

137 1836 90 29 skall
253 1835 96 30 bestå
374 1844 42 21 av
441 1844 41 21 en
509 1844 41 20 av
576 1835 125 39 Kungl.
728 1835 105 39 Maj:t
858 1834 190 29 förordnad
1075 1834 221 33 ordförande,
1323 1843 41 20 en
1391 1834 152 29 ledamot
1570 1833 54 29 för

138 1898 106 20 envar
264 1898 41 20 av
325 1888 40 30 de
385 1890 51 28 tre
456 1887 392 40 högskolestyrelserna,
870 1887 123 29 utsedd
1014 1896 42 20 av
1076 1887 195 38 respektive
1293 1886 155 39 styrelse,
1470 1888 91 28 samt
1582 1886 41 30 de

138 1944 52 28 tre
212 1942 383 39 högskolerektorerna.
618 1940 201 30 Nämndens
843 1940 147 29 främsta
1013 1940 139 38 uppgift
1175 1939 64 29 blir
1261 1941 50 27 att
1335 1939 116 29 såsom
1474 1941 48 27 ett
1546 1938 79 30 råd-

138 1995 147 39 givande
306 2002 107 31 organ
434 1994 130 39 främja
584 2003 43 20 en
648 1994 212 29 samordnad
880 1993 182 39 planering
1083 2002 42 20 av
1146 1992 244 40 utbyggnaden
1412 2002 42 20 av
1475 1992 150 39 högsko-

137 2049 117 27 lornas
274 2048 231 28 verksamhet.
529 2047 301 29 Rektorsämbetet
851 2047 55 28 vid
929 2046 194 38 respektive
1145 2046 168 38 högskola
1334 2046 171 28 utformas
1529 2046 9 28 i
1562 2046 62 27 hu-

139 2102 135 29 vudsak
295 2102 43 38 på
359 2110 133 21 samma
513 2102 69 28 sätt
603 2109 75 21 som
699 2100 105 39 gäller
825 2100 54 29 för
901 2100 249 29 universiteten
1171 2100 64 28 och
1256 2099 235 39 högskolorna
1514 2099 110 29 under

138 2155 512 38 ecklesiastikdepartementet.
667 2153 95 30 Dock
779 2154 87 29 skall
884 2153 117 29 rektor
1018 2152 184 30 förordnas
1219 2162 40 19 av
1276 2153 124 38 Kungl.
1417 2152 104 39 Maj:t
1538 2152 87 29 efter

141 2208 130 38 förslag
294 2217 42 20 av
359 2207 258 30 vederbörande
640 2206 324 39 högskolestyrelse.
989 2205 228 29 Beträffande
1241 2205 212 38 kollegierna
1478 2204 147 30 föreslår

141 2261 285 38 arbetsgruppen,
453 2261 49 28 att
528 2260 10 28 i
565 2260 101 28 dessa
692 2259 60 28 bör
778 2259 81 38 ingå
884 2259 86 28 även
997 2258 224 33 laboratorer,
1249 2258 377 29 universitetslektorer

140 2315 65 26 och
235 2314 92 27 vissa
359 2313 109 28 andra
499 2311 355 37 befattningshavare.
886 2311 63 28 Vid
982 2311 97 37 varje
1111 2310 166 38 högskola
1311 2310 87 28 skall
1432 2310 117 28 finnas
1582 2319 42 19 en

141 2366 360 38 utbildningsnämnd,
520 2374 73 20 som
613 2365 145 29 ersätter
776 2364 65 29 den
861 2363 202 30 nuvarande
1082 2363 458 39 undervisningsnämnden.
1559 2363 67 28 För

140 2422 50 27 att
215 2420 139 29 handha
380 2427 260 30 gemensamma
665 2417 287 39 angelägenheter
976 2416 88 29 skall
1093 2416 54 29 två
1171 2417 81 28 eller
1278 2416 83 29 flera
1389 2416 237 29 institutioner

142 2473 120 29 kunna
287 2472 91 29 bilda
405 2481 41 20 en
472 2471 344 38 institutionsgrupp.
844 2470 226 38 Indelningen
1097 2470 10 28 i
1133 2469 238 29 institutioner
1397 2469 64 29 och
1488 2469 138 28 institu-
