1846 2776
428 128 388 35 Jordbruksutskottets
838 133 179 32 utlåtande
1035 143 44 22 nr
1100 136 15 29 1
1138 135 39 30 år
1198 136 84 30 1965
1540 140 61 32 155

113 204 191 40 sökningar
333 216 42 22 av
402 209 93 30 vissa
522 211 332 40 naturvårdsobjekt
881 213 64 30 har
974 214 385 42 departementschefen
1389 217 117 30 anfört
1536 218 62 29 föl-

110 258 119 40 jande.

159 312 86 29 >För
266 313 83 31 vård
374 315 64 30 och
462 316 212 41 förvaltning
698 328 42 20 av
762 320 333 40 naturvårdsobjekt
1118 321 63 30 har
1204 322 112 30 medel
1340 323 44 39 på
1408 324 188 30 riksstaten

111 366 155 31 anvisats
294 368 88 30 först
409 369 54 30 för
488 370 236 33 innevarande
748 372 180 41 budgetår.
955 374 52 30 Av
1032 375 66 30 vad
1124 376 389 32 naturvårdsnämnden
1539 388 59 21 an-

113 419 70 30 fört
206 419 164 41 framgår,
393 424 51 29 att
466 423 57 37 det
545 423 183 41 föreligger
751 428 49 28 ett
821 426 196 40 betydande
1040 428 110 31 behov
1173 439 41 20 av
1235 429 161 40 åtgärder
1420 440 41 20 av
1483 431 114 30 skilda

111 472 74 40 slag
210 474 10 29 i
245 473 97 40 fråga
368 485 56 21 om
448 476 285 41 nationalparker
758 480 65 29 och
848 481 333 41 naturvårdsobjekt
1206 492 74 21 som
1306 483 159 41 fridlysts
1490 485 107 40 enligt

108 525 98 32 äldre
228 526 231 42 lagstiftning,
483 530 51 30 Av
556 531 93 30 olika
673 532 75 31 skäl
771 533 122 36 måste,
918 534 115 30 såsom
1056 535 390 32 naturvårdsnämnden
1470 538 125 35 berört,

113 579 202 32 utförandet
347 592 43 20 av
423 583 219 32 återstående
675 585 248 40 vårdåtgärder
958 589 198 30 utsträckas
1191 590 113 30 under
1336 593 49 27 ett
1418 592 95 29 antal
1546 592 49 29 år.

110 631 93 32 Även
223 633 60 41 jag
304 643 102 22 anser
428 636 98 35 dock,
549 639 49 29 att
621 637 228 33 förevarande
872 640 121 40 anslag
1016 642 106 29 redan
1146 642 53 29 för
1221 643 102 30 nästa
1344 643 168 40 budgetår
1534 645 62 30 bör

109 686 103 39 höjas
244 688 196 40 väsentligt.
473 690 64 40 Jag
570 691 147 30 föreslår
751 693 129 35 därför,
916 695 50 28 att
999 695 363 41 medelsanvisningen
1396 697 85 30 ökas
1515 698 78 30 med

106 738 66 30 400
187 739 61 31 000
274 740 52 31 kr.
352 742 51 30 till
432 744 13 29 1
473 743 88 40 milj.
586 744 53 30 kr.
664 745 74 30 Den
762 745 61 30 bör
849 756 42 20 av
915 746 294 40 budgettekniska
1234 749 77 30 skäl
1336 750 153 40 alltjämt
1514 760 80 21 avse

107 792 180 40 budgetår.
309 794 133 31 Hinder
462 796 61 31 bör
544 798 30 40 ej
598 797 96 31 möta
715 800 49 28 att
786 801 36 28 ta
843 799 157 40 anslaget
1022 801 10 29 i
1054 801 153 39 anspråk
1230 802 55 30 för
1306 803 84 30 vård
1412 813 42 20 av
1475 806 118 28 natur-

107 845 226 41 vårdsobjekt
354 858 75 21 som
451 850 106 39 ligger
577 851 44 40 på
642 851 223 31 ecklesiastik
884 854 102 29 mark
1008 854 64 30 och
1093 864 75 20 som
1190 855 158 40 fridlysts
1370 857 106 39 enligt
1497 858 96 30 äldre

107 899 221 42 lagstiftning
349 901 82 31 eller
453 903 129 31 avsätts
603 905 78 29 med
704 906 77 29 stöd
803 915 41 20 av
865 907 323 39 naturvårdslagen.

153 953 12 29 I
192 953 97 41 fråga
315 964 57 20 om
398 956 331 41 naturvårdsobjekt
755 958 11 30 i
792 958 155 31 kronans
975 961 62 38 ägo
1063 970 100 21 avser
1188 962 156 39 anslaget
1371 963 142 39 utgifter
1539 964 54 30 för

108 1007 335 40 nationalparkerna
471 1010 65 29 och
565 1010 119 40 objekt
715 1021 75 20 som
820 1012 178 31 redovisas
1029 1014 43 39 på
1103 1014 66 30 den
1201 1015 173 31 särskilda
1406 1016 186 31 delfonden

106 1059 54 29 för
184 1062 273 30 naturområden
482 1063 110 30 under
616 1063 273 33 domänfonden.
913 1067 329 39 Domänstyrelsens
1266 1069 224 30 verksamhet
1512 1071 79 29 med

104 1112 51 28 att
179 1113 156 30 anordna
357 1115 287 30 fritidsområden
667 1117 43 39 på
733 1117 290 41 kronoskogarna
1045 1120 100 39 ingår
1167 1121 10 29 i
1201 1121 67 29 den
1291 1123 158 29 normala
1473 1123 119 39 skogs-

105 1166 269 41 förvaltningen.
395 1169 242 31 Kostnaderna
659 1170 149 32 bestrids
830 1172 106 40 enligt
957 1173 277 41 bemyndigande
1257 1185 41 20 av
1322 1176 82 30 1962
1426 1176 56 30 års
1504 1177 87 30 riks-

103 1219 67 38 dag
192 1220 112 39 (prop.
323 1221 55 35 39;
397 1222 73 29 JoU
487 1222 34 36 8;
540 1223 88 30 rskr.
647 1224 80 35 237)
750 1224 81 30 från
846 1225 269 31 domänverkets
1133 1227 311 32 driftsinkomster.
1462 1230 12 29 I
1493 1239 97 30 Nyss-

104 1273 154 31 nämnda
274 1275 217 39 proposition
507 1276 216 32 beräknades
741 1280 48 28 att
806 1279 279 31 medelsbehovet
1103 1281 112 30 skulle
1231 1283 203 40 understiga
1451 1283 61 30 500
1527 1284 62 30 000

104 1326 52 29 kr.
186 1328 109 29 under
323 1328 41 30 de
392 1330 50 29 tre
471 1329 109 31 första
608 1330 83 30 åren
719 1332 64 29 och
810 1332 141 30 200000
979 1333 52 30 kr.
1060 1333 54 30 för
1142 1334 155 40 följande
1325 1336 49 29 år.
1401 1337 65 39 Jag
1492 1338 60 29 vill
1579 1337 11 29 i

105 1378 94 31 detta
228 1382 256 39 sammanhang
512 1384 149 34 anmäla,
692 1386 49 28 att
770 1385 302 40 domänstyrelsen
1101 1387 11 29 i
1142 1388 59 30 sitt
1230 1388 130 40 förslag
1390 1389 51 30 till
1471 1390 118 30 drifts-

103 1432 241 32 kostnadsstat
368 1435 55 29 för
450 1435 81 31 1965
555 1435 169 32 beräknat
748 1439 249 38 nettoutgiften
1022 1440 54 29 för
1100 1440 200 31 ändamålet
1324 1442 51 30 till
1399 1443 11 29 i
1434 1445 82 28 runt
1540 1444 46 30 tal

103 1485 63 29 670
182 1485 61 30 000
264 1487 51 29 kr.
338 1486 78 31 Med
437 1488 136 40 hänsyn
595 1489 51 30 till
668 1491 66 29 den
754 1491 74 30 vikt
851 1501 40 20 ur
913 1491 310 41 fritidssynpunkt,
1246 1503 75 21 som
1341 1495 60 40 jag
1423 1496 165 30 tillmäter

104 1538 227 32 förevarande
349 1541 232 36 verksambet,
599 1552 102 20 anser
716 1544 60 39 jag
793 1546 50 28 att
861 1544 54 30 för
933 1546 40 29 de
992 1546 175 30 närmaste
1185 1547 83 30 åren
1285 1547 63 30 bör
1363 1548 120 30 härför
1501 1549 87 30 kun-

103 1600 44 21 na
163 1592 256 40 ifrågakomma
436 1604 41 20 en
494 1596 202 40 nettoutgift
713 1606 41 20 av
771 1597 101 40 högst
891 1598 14 29 1
925 1599 88 39 milj.
1030 1599 52 29 kr.
1099 1600 64 30 Det
1180 1600 207 31 ankommer
1402 1602 44 39 på
1462 1602 125 40 Kungl.

102 1645 106 40 Maj:t
225 1648 48 28 att
290 1646 196 31 bestämma
503 1648 159 40 beloppet
679 1650 10 29 i
708 1650 171 30 samband
897 1652 79 29 med
993 1654 50 28 att
1061 1653 165 40 ställning
1245 1655 52 28 tas
1316 1654 51 30 till
1387 1654 130 41 förslag
1534 1656 53 29 rö-

101 1699 108 29 rande
229 1699 268 32 domänverkets
517 1702 306 32 driftskostnader.

145 1751 77 31 Med
248 1752 137 40 hänsyn
411 1753 105 31 bland
543 1758 108 27 annat
676 1756 50 30 till
752 1758 66 29 vad
844 1758 373 40 vattenfallsstyrelsen
1245 1760 142 40 upplyst
1413 1761 11 29 i
1451 1761 58 30 sitt
1535 1771 49 21 re-

100 1804 250 39 missyttrande
378 1807 39 29 är
444 1807 59 40 jag
531 1807 70 31 inte
630 1808 126 31 beredd
787 1810 177 39 tillstyrka
992 1812 408 31 naturvårdsnämndens
1429 1814 156 39 yrkande

98 1864 58 20 om
178 1858 111 28 medel
312 1858 56 30 för
390 1859 302 40 undersökningar
715 1871 41 20 av
778 1862 94 30 vissa
894 1863 363 40 naturvårdsobjekt.»

144 1936 12 28 I
176 1936 93 30 detta
289 1939 256 39 sammanhang
564 1940 65 29 har
648 1940 170 31 utskottet
837 1941 189 31 behandlat
1045 1943 57 29 två
1122 1944 51 28 till
1194 1944 169 30 utskottet
1383 1945 199 34 hänvisade,

98 1989 222 38 likalydande
343 1991 181 35 motioner,
547 1993 174 38 nämligen
745 1994 28 29 1:
790 1995 63 29 563
875 2005 42 19 av
938 1995 124 30 fröken
1083 1996 177 40 Stenberg,
1283 2000 91 28 samt
1396 1998 45 30 II:
1458 1999 61 30 675
1543 2009 41 20 av

98 2042 80 28 herr
201 2043 181 40 Lothigius
406 2053 46 21 m.
474 2045 48 39 fl.,
546 2047 71 28 vari
641 2046 207 35 hemställts,
873 2050 50 27 att
947 2048 186 40 riksdagen
1157 2051 11 29 i
1192 2050 166 31 skrivelse
1383 2052 51 31 till
1457 2052 125 39 Kungl.

97 2095 106 39 Maj:t
225 2096 106 30 måtte
356 2097 140 30 anhålla
519 2107 56 21 om
597 2099 160 37 åtgärder
780 2100 54 29 för
858 2101 275 31 säkerställande
1157 2112 41 20 av
1219 2104 198 38 zoologiska
1440 2106 64 28 och
1527 2106 57 29 bo-

98 2148 138 29 taniska
258 2150 303 39 undersökningar
584 2161 41 20 av
646 2152 123 35 Torne,
792 2153 101 30 Kalix
915 2155 65 29 och
1002 2155 73 30 Pite
1097 2155 94 30 älvar
1215 2157 72 29 före
1311 2158 271 40 vattenfallssty-

97 2201 131 30 relsens
249 2202 411 40 projekteringsarbeten.

142 2254 11 27 I
174 2254 96 37 fråga
291 2264 54 20 om
367 2256 57 29 det
443 2256 160 31 närmare
623 2257 190 31 innehållet
833 2259 9 29 i
862 2260 219 29 motionerna
1102 2261 53 28 får
1176 2262 169 29 utskottet
1365 2263 144 30 hänvisa
1531 2265 50 28 till

96 2306 177 30 molionen
293 2307 44 30 II:
355 2308 73 29 675.

142 2394 182 30 Utskottet.
346 2396 12 28 I
378 2396 202 40 anslutning
599 2397 50 29 till
670 2398 260 40 framställning
950 2410 41 19 av
1011 2401 130 29 statens
1162 2403 343 30 nalurvårdsnämnd
1525 2414 54 20 om

95 2447 110 28 medel
233 2448 52 29 för
311 2448 303 40 undersökningar
641 2461 40 19 av
705 2451 91 30 vissa
824 2453 329 39 naturvårdsobjekt
1182 2455 61 29 har
1272 2456 7 28 i
1306 2457 217 31 motionerna
1553 2458 25 29 I:
