2127 2647
307 262 16 27 2
504 258 105 30 Andra
634 256 195 30 Kammarens
856 253 166 38 Tillfälliga
1050 253 126 29 Utskotts
1200 251 72 35 (N:o
1296 251 37 34 2)
1357 250 188 30 Betänkande
1569 250 56 29 N:o
1649 250 31 28 5.

518 340 49 36 78
596 337 68 36 och
693 338 47 36 85
771 333 102 52 gifna
900 330 227 40 föreskrifter
1154 332 117 36 finnas
1299 344 89 24 vara
1417 329 40 37 af
1482 328 113 39 behof
1621 328 194 50 påkallade
1830 328 69 37 och

517 395 125 35 kunna
668 390 86 37 med
782 387 258 39 bibehållande
1068 386 41 37 af
1133 386 112 50 nödig
1273 386 167 37 säkerhet
1467 384 57 37 för
1552 384 167 37 Kronans
1745 389 74 30 rätt
1838 383 61 36 till

517 446 143 38 lättnad
687 444 58 38 för
772 445 159 36 rörelsen
960 440 215 52 medgifvas,
1204 454 64 37 ege
1296 439 422 50 Generaltullstyrelsen,
1732 436 92 38 efter
1846 438 54 49 sig

515 501 207 38 företeende
751 498 320 49 omständigheter,
1100 497 125 36 derom
1254 494 204 45 förordna»,

302 614 69 38 och
398 615 142 36 lemnar
569 610 153 39 sålunda
750 608 37 38 åt
814 604 413 53 Genéraltullstyrelsen
1255 604 176 50 rättighet
1460 608 54 31 att
1541 603 13 35 i
1581 602 94 38 vissa
1703 600 69 38 fall
1800 601 98 37 med-

303 670 83 36 dela
415 668 188 47 undantag
630 665 82 36 från
740 664 186 47 åtskilliga
954 663 12 34 i
995 674 140 24 samma
1154 660 128 48 stadga
1302 658 102 50 gifna
1423 656 237 45 föreskrifter,
1679 670 85 23 men
1784 656 116 37 bland

303 723 102 36 dessa
432 718 227 39 föreskrifter
696 717 246 36 förekommer
970 715 94 35 dock
1092 713 190 49 ingenting
1310 711 186 50 angående
1525 711 44 35 de
1597 709 195 45 förmåner,
1821 722 79 23 som

303 779 12 34 i
344 777 165 49 Sveriges
537 775 155 36 hamnar
720 779 61 30 äro
810 769 230 39 främmande
1068 768 146 37 länders
1242 765 125 52 fartyg
1396 765 191 50 beviljade.
1617 763 141 39 Sådana
1773 762 125 51 frågor

303 831 144 51 afgöras
476 830 197 49 nemligen,
701 840 76 24 som
807 826 137 36 bekant
972 831 51 38 är,
1046 823 47 49 på
1107 822 215 36 ministeriel
1336 828 72 42 väg
1423 833 132 37 genom
1570 820 180 36 traktater
1765 818 68 37 och
1848 817 51 37 öf-

302 885 360 43 verenskommelser,
691 895 77 23 som
797 880 84 37 med
909 877 231 38 främmande
1167 876 145 36 makter
1340 874 101 51 ingås
1469 874 68 36 och
1555 873 157 37 hvarvid
1732 872 167 37 afseende

302 941 114 36 måste
444 939 111 37 fästas
584 937 138 45 dervid,
750 942 54 30 att
832 935 43 36 de
903 933 225 50 rättigheter,
1157 944 77 24 som
1262 931 12 35 i
1302 929 81 37 vårt
1410 929 89 36 land
1527 929 154 48 beviljas
1705 927 115 37 andra
1839 940 61 23 na-

301 997 129 42 tioner,
462 993 91 37 fullt
585 998 189 43 uppvägas
809 988 40 37 af
875 987 256 38 motsvarande
1159 984 173 46 fördelar,
1360 997 78 24 som
1466 984 140 36 lemnas
1634 995 56 24 oss
1717 983 12 34 i
1758 982 141 50 utbyte.

302 1050 75 36 Vid
406 1049 127 37 sådant
559 1045 230 38 förhållande
817 1044 104 36 torde
950 1043 62 36 det
1039 1042 79 35 icke
1146 1053 89 24 vara
1263 1041 62 35 väl
1354 1039 153 37 betänkt
1544 1043 64 40 att,
1636 1037 116 37 såsom
1772 1037 128 35 motio-

301 1111 113 29 nären
451 1101 161 45 föreslår,
649 1113 131 37 genom
814 1112 44 23 en
887 1097 253 37 bestämmelse
1169 1095 11 35 i
1208 1093 230 50 tullstadgan
1466 1091 228 38 öfverlemna
1722 1090 38 37 åt
1788 1089 112 38 Gene-

300 1158 311 46 raltullstyrelsen
644 1154 176 49 rättighet
848 1158 55 30 att
938 1153 12 33 i
983 1152 95 34 vissa
1105 1149 70 36 fall
1202 1147 137 50 afgöra,
1367 1147 129 36 hvilka
1523 1146 186 36 förmåner
1736 1145 84 35 med
1850 1143 50 37 af-

301 1211 130 38 seende
459 1209 47 51 på
534 1207 251 51 skeppsfarten
813 1207 12 35 i
853 1205 87 38 våra
968 1205 78 35 inre
1073 1202 195 45 farvatten,
1295 1214 77 24 som
1402 1201 90 36 böra
1520 1199 37 37 åt
1576 1198 229 37 främmande
1825 1199 75 35 län-

302 1266 81 36 ders
411 1265 125 49 fartyg
563 1263 164 48 beviljas.
766 1261 55 36 Då
849 1260 126 36 härtill
1003 1259 178 43 kommer,
1196 1261 54 31 att
1277 1256 188 35 motionen
1493 1267 105 36 synes
1625 1253 77 37 lida
1721 1251 41 37 af
1778 1265 44 23 en
1841 1259 59 30 vär

302 1321 134 48 sentlig
464 1319 93 36 brist
584 1316 108 37 äfven
730 1315 131 44 deruti,
896 1319 64 39 att,
1002 1311 46 37 då
1090 1311 69 36 den
1200 1311 68 35 vill
1310 1309 135 37 bereda
1483 1321 44 23 en
1557 1307 143 37 lättnad
1728 1306 58 37 för
1814 1307 86 48 olje-

302 1373 271 38 fabrikationen
603 1372 10 35 i
642 1370 82 37 vårt
751 1369 98 45 land,
879 1368 68 36 den
977 1367 79 36 helt
1083 1365 67 37 och
1179 1363 116 37 hållet
1320 1362 156 37 förbiser
1505 1363 74 35 alla
1599 1362 115 36 andra
1732 1361 169 36 industri-

303 1441 141 37 grenar,
474 1427 126 36 hvilka
620 1424 107 37 äfven
757 1431 62 28 äro
847 1424 12 34 i
875 1420 114 38 behof
1002 1420 39 36 af
1054 1419 138 37 utifrån
1207 1418 145 37 införda
1367 1417 184 44 råämnen,
1566 1416 37 36 så
1619 1417 71 35 kan
1706 1415 197 44 Utskottet,

302 1496 78 23 som
409 1483 11 34 i
449 1480 112 50 öfrigt
589 1492 112 37 gerna
729 1476 215 50 medgifver,
973 1480 54 31 att
1054 1474 65 37 vår
1147 1473 157 36 industri
1333 1479 39 28 är
1400 1472 13 35 i
1441 1470 114 37 behof
1580 1469 41 37 af
1646 1471 69 35 allt
1747 1470 62 36 det
1837 1482 64 22 un-

302 1536 156 44 derstöd,
498 1548 78 23 som
618 1534 163 48 skäligen
819 1532 71 35 kan
930 1531 151 35 komma
1110 1528 69 36 den
1207 1527 60 36 till
1296 1526 70 44 del,
1395 1526 119 35 ehuru
1541 1524 47 49 på
1616 1529 111 31 annat
1755 1528 71 32 sätt
1855 1530 43 28 än

302 1604 76 23 som
408 1590 11 35 i
449 1589 185 36 motionen
662 1588 116 36 finnes
805 1584 208 50 föreslaget,
1040 1583 80 36 icke
1148 1585 112 33 annat
1289 1587 44 29 än
1361 1580 206 45 hemställa,

837 1699 54 30 att
917 1692 95 36 Herr
1040 1691 38 37 C.
1109 1690 42 37 A.
1180 1690 171 36 Larssons
1380 1686 278 49 ifrågavarande
1683 1686 139 35 motion
1843 1685 60 36 må

728 1750 141 35 lemnas
896 1752 90 31 utan
1014 1744 177 38 afseende.

409 1859 214 37 Stockholm
652 1858 70 35 den
756 1859 45 35 18
831 1855 178 37 Februari
1042 1855 110 36 1881.

871 1962 51 38 På
951 1962 204 37 Utskottets
1184 1967 154 42 vägnar:

963 2070 42 37 K.
1040 2069 33 37 J.
1103 2067 138 39 BERG.

678 2390 849 13 er

697 2422 185 23 STOCKHOLM,
903 2420 115 19 TRYCKT
1038 2421 10 17 I
1069 2416 341 25 CENTRAL-TRYCKERIET,
1434 2416 75 19 1881.
