1868 2794
252 140 40 31 24
704 142 284 31 Statsulskottets
1013 142 178 30 utlåtande
1212 152 43 20 nr
1275 143 29 30 9.

254 235 54 20 ser
333 236 73 20 som
431 236 82 20 vore
538 227 131 39 ägnade
694 227 199 30 underlätta
918 230 49 27 ett
993 228 297 39 återupptagande
1316 238 42 20 av
1382 229 373 39 elektrifieringsverk-

254 275 190 30 samheten.

298 325 13 29 I
336 326 221 30 motionerna
582 327 28 28 1:
627 326 40 30 86
693 327 66 29 och
785 327 44 29 II:
846 327 57 30 102
928 327 66 29 har
1019 327 192 30 hemställts
1238 330 48 28 att
1310 328 186 38 riksdagen
1520 329 104 30 måtte
1651 330 106 29 uttala

254 375 51 39 sig
326 376 54 30 för
402 378 51 28 att
475 377 135 30 avbrott
630 378 11 29 i
664 377 467 40 järnvägselektrifieringen
1153 379 77 30 icke
1254 379 61 30 bör
1336 379 258 39 ifrågakomma
1618 381 65 29 och
1708 382 50 28 att

254 426 130 38 förslag
409 436 58 20 om
493 427 315 39 medelsanvisning
835 428 55 30 för
916 428 162 30 fortsatta
1103 429 411 38 elektrifieringsarbeten
1540 431 85 29 böra
1653 430 105 30 fram-

253 477 114 37 läggas
384 477 56 29 för
461 477 78 30 1950
557 478 54 29 års
628 478 151 38 riksdag.

299 530 48 30 De
367 530 111 31 motiv
499 539 74 21 som
593 531 76 40 lågo
691 532 53 29 till
767 533 110 38 grund
899 533 56 29 för
980 532 81 30 1947
1084 533 56 30 års
1160 533 163 40 riksdags
1344 534 181 29 uttalande
1546 534 11 29 i
1578 534 99 39 fråga
1699 543 57 21 om

255 581 295 39 angelägenheten
572 584 49 28 att
645 582 38 30 så
707 585 97 27 snart
826 583 269 30 förhållandena
1121 584 57 30 det
1201 584 157 39 medgiva
1381 584 165 30 fortsätta
1569 584 188 30 elektrifie-

252 631 263 39 ringsarbetena
530 632 175 30 fastställa
720 637 237 35 programmet
974 634 55 29 för
1045 634 40 29 de
1103 635 158 29 närmast
1278 634 325 39 ifrågakommande
1622 635 132 29 arbete-

255 690 45 21 na
315 682 64 29 och
394 682 142 39 vidtaga
552 682 130 31 sådana
698 683 252 30 förberedelser
968 693 74 21 som
1059 685 58 29 äro
1135 685 133 38 ägnade
1286 687 48 27 att
1351 685 201 30 underlätta
1568 685 189 30 elektrifie-

252 729 249 39 ringsarbetets
528 731 297 40 återupptagande
851 749 44 3 —
920 732 171 30 utskottet
1118 732 55 30 får
1202 732 181 40 härvidlag
1411 733 147 30 hänvisa
1585 733 52 30 till
1667 733 91 30 före-

252 781 153 29 nämnda
424 781 166 30 skrivelse
607 799 44 3 —
668 783 61 28 äro
747 783 105 38 enligt
871 783 190 29 utskottets
1080 783 141 39 mening
1240 783 151 39 alltjämt
1410 784 164 30 bärande.
1596 785 13 28 I
1628 785 130 38 dagens

251 831 74 39 läge
347 832 111 30 måste
482 832 202 40 visserligen
706 842 43 21 av
770 833 92 30 olika
885 834 76 29 skäl
986 834 46 29 all
1055 834 122 39 möjlig
1200 835 286 29 återhållsamhet
1508 835 174 38 iakttagas
1704 836 54 28 rö-

253 884 107 30 rande
388 885 68 29 den
485 885 138 39 statliga
650 886 512 39 investeringsverksamheten.
1203 887 121 39 Någon
1352 887 320 39 medelsanvisning
1700 888 55 29 för

250 933 101 30 nästa
372 933 170 39 budgetår
564 933 51 30 till
637 943 69 30 nya
730 934 415 39 elektrifieringsarbeten
1166 935 223 39 ifrågasättes
1411 936 77 29 icke
1510 936 107 29 heller
1640 945 42 21 av
1704 937 54 28 ut-

252 983 137 30 skottet.
409 983 76 30 Den
502 984 165 40 tidpunkt
687 986 143 28 närmar
848 986 50 38 sig
916 985 192 30 emellertid
1126 986 149 34 alltmer,
1294 986 43 30 då
1355 995 48 20 nu
1421 986 177 40 pågående
1619 986 139 30 elektri-

251 1033 287 38 fieringsarbeten
564 1035 58 29 äro
649 1035 182 30 slutförda.
857 1036 57 29 Att
940 1036 72 29 helt
1039 1036 115 36 skjuta
1183 1037 67 29 den
1277 1037 159 29 fortsatta
1463 1037 294 37 elektrifieringen

249 1084 45 37 på
314 1084 187 30 framtiden
522 1085 109 30 skulle
651 1086 168 30 innebära
840 1088 46 28 ett
906 1087 114 29 beslut
1041 1096 41 21 av
1105 1088 196 38 avgörande
1322 1087 176 39 betydelse
1520 1088 54 29 för
1596 1088 162 29 kommu-

249 1135 364 31 nikationsväsendets
636 1137 210 39 utveckling.
870 1137 65 30 Det
958 1137 59 30 vill
1044 1147 103 29 synas
1171 1147 75 20 som
1271 1147 56 20 om
1351 1138 267 39 ifrågavarande
1643 1139 114 38 spörs-

251 1186 71 29 mål
349 1187 37 28 är
411 1196 43 20 av
479 1187 67 29 den
571 1187 72 31 vikt
669 1190 50 27 att
745 1190 48 28 ett
818 1188 253 40 principbeslut
1098 1190 138 28 snarast
1261 1188 137 39 möjligt
1426 1198 57 20 om
1510 1189 57 30 det
1592 1189 166 29 fortsatta

250 1237 501 37 elektrifieringsprogrammet
775 1238 94 29 inom
891 1247 121 20 ramen
1035 1238 54 29 för
1112 1239 469 30 kommunikationsverkens
1606 1240 151 29 samlade

250 1287 449 38 investeringsverksamhet
724 1289 38 28 är
789 1289 175 33 önskvärt,
989 1288 128 35 varför,
1144 1289 116 30 såsom
1284 1289 185 38 riksdagen
1493 1290 105 29 redan
1624 1290 133 34 uttalat,

250 1337 131 40 förslag
403 1338 11 29 i
436 1339 118 29 ämnet
577 1342 136 27 snarast
734 1339 138 39 möjligt
893 1339 62 30 bör
977 1339 194 40 föreläggas
1193 1341 196 38 riksdagen.

295 1389 13 29 I
325 1389 221 30 motionerna
566 1390 27 29 I:
610 1390 38 29 57
668 1390 66 29 och
752 1390 46 29 II:
814 1390 41 29 98
872 1390 65 29 har
954 1390 207 35 hemställts,
1182 1392 50 28 att
1251 1391 123 39 frågan
1392 1401 58 20 om
1467 1392 291 39 ianspråktagan-

250 1439 41 29 de
315 1449 42 21 av
375 1440 229 29 förenämnda
626 1441 121 36 anslag
768 1450 42 20 av
830 1441 19 29 3
869 1441 163 36 miljoner
1052 1441 129 30 kronor
1202 1441 55 30 för
1280 1442 270 29 ostkustbanans
1572 1442 186 30 elektrifie-

251 1491 78 38 ring
356 1493 139 28 snarast
525 1491 136 39 möjligt
689 1492 109 29 måtte
826 1494 173 37 upptagas
1027 1492 51 29 till
1106 1493 151 38 förnyad
1285 1493 181 39 prövning.
1498 1493 175 30 Utskottet
1701 1493 56 30 får

250 1541 180 39 härvidlag
448 1541 150 40 åberopa
619 1542 83 29 1948
722 1542 57 30 års
799 1543 160 38 riksdags
978 1543 179 30 uttalande
1177 1553 58 19 om
1254 1543 199 40 betydelsen
1473 1554 42 20 av
1533 1546 50 27 att
1602 1544 38 30 så
1659 1546 97 27 snart

252 1600 75 20 som
352 1592 136 37 möjligt
517 1592 150 37 utnyttja
694 1593 154 37 anslaget
877 1593 55 29 för
960 1593 250 30 förberedelser
1239 1594 56 29 för
1321 1596 46 28 ett
1395 1594 291 38 återupptagande
1715 1603 42 21 av

253 1642 545 38 elektrifieringsverksamheten.
830 1644 174 29 Utskottet
1035 1644 60 29 vill
1129 1645 193 29 emellertid
1354 1645 12 29 i
1398 1646 207 38 anslutning
1635 1645 121 30 härtill

250 1693 115 30 erinra
386 1703 57 20 om
464 1695 49 28 att
535 1694 152 37 anslaget
709 1694 86 34 icke,
818 1694 114 30 såsom
955 1694 257 30 motionärerna
1235 1704 102 28 synas
1360 1695 195 35 förutsätta,
1578 1696 179 36 uttryckli-

253 1753 64 32 gen
340 1748 129 28 avsetts
489 1747 141 30 särskilt
649 1747 56 30 för
725 1748 257 29 ostkustbanan
1001 1750 85 27 utan
1104 1748 55 29 för
1180 1748 131 30 sådana
1330 1748 251 30 förberedelser
1601 1758 75 20 som
1695 1750 60 28 äro

250 1795 132 38 ägnade
397 1797 50 27 att
464 1795 199 30 underlätta
677 1797 49 28 ett
741 1796 299 39 återupptagande
1055 1805 42 21 av
1110 1796 297 39 elektrifieringen
1422 1806 43 20 av
1481 1797 275 30 statsbanenätet

250 1854 75 20 som
345 1844 125 31 helhet.

295 1897 115 30 Under
426 1898 212 39 hänvisning
653 1898 54 30 till
725 1899 67 29 vad
810 1899 147 30 sålunda
975 1899 136 30 anförts
1128 1899 54 30 får
1200 1900 170 29 utskottet
1387 1900 197 34 hemställa,

604 1989 23 29 I.
663 1991 50 28 att
735 1989 187 39 riksdagen
941 1990 59 30 må

604 2040 54 29 för
676 2040 205 39 budgetåret
903 2040 151 35 1949/50
1074 2041 119 30 anvisa
1214 2041 156 39 följande
1389 2041 366 39 investeringsanslag,

561 2091 176 39 nämligen

599 2142 38 34 a)
666 2141 204 40 Bangårdaär
926 2165 454 7 sossserererers
1238 2137 39 50 rr
1285 2137 98 50 rerra
1412 2142 97 31 2500
1524 2142 62 30 000
1611 2143 141 33 kronor,

603 2192 37 34 b)
669 2192 442 40 Dubbelspårsbyggnader
1171 2193 65 30 och
1260 2188 13 49 —
1299 2193 99 40 linje-

557 2242 265 40 OMIläggNiNngår
868 2267 515 6 ossserrsseeerserseerr
1288 2238 31 49 rr
1330 2238 56 49 rna
1414 2244 19 29 5
1448 2244 64 30 000
1527 2244 62 30 000
1613 2244 142 34 kronor,

601 2294 33 34 c)
663 2293 236 40 Fortlöpande
934 2294 242 41 förstärkning
1213 2303 43 21 av
1290 2294 96 40 spår-

557 2344 287 39 överbyggnaden
868 2368 515 6 s.ssesesressrsrerr
1246 2340 33 48 rr
1291 2340 30 48 or
1333 2340 54 48 rrsa
1415 2344 19 29 2
1449 2344 63 30 000
1527 2344 62 31 000
1614 2344 141 34 kronor,

599 2394 39 35 d)
667 2395 112 29 Broar
802 2404 46 23 m.
872 2404 47 23 M.
953 2418 426 8 sossresseöereserr
1328 2390 55 51 tet
1410 2394 19 31 3
1444 2394 64 30 000
1523 2393 62 31 000
1609 2394 142 35 kronor,

599 2445 35 35 e)
663 2445 279 40 Husbyggnader
998 2469 381 7 —sossssssersserrarr
1410 2446 19 29 5
1445 2444 63 31 000
1523 2444 62 31 000
1610 2445 141 34 kronor,
