1870 2796
546 144 286 30 Statsutskottets
854 144 179 29 utlåtande
1054 153 43 20 nr
1118 143 29 30 9.
1560 140 38 30 21

1458 228 109 22 Kronor

91 271 240 30 Lokstations-
362 271 66 29 och
458 269 526 39 driftverkstadsanläggningar
1022 290 338 7 -............-...
1448 267 61 29 725
1525 266 63 30 000

91 313 261 39 Anläggningar
370 313 57 29 vid
447 312 372 30 huvudverkstäderna
845 333 516 8 .......ssss.ocscrsese
1266 308 99 48 sera
1450 309 62 30 710
1526 308 64 30 000

92 355 374 30 Verkstadsmaskiner
486 365 45 19 111.
551 364 46 20 1
624 375 738 9 ossscssereer
868 350 81 48 reser
955 350 33 48 re
1000 350 57 48 rer
1069 350 57 48 ere
1135 350 33 48 rr
1180 350 30 48 rr
1222 350 66 48 rss
1312 350 54 48 rss
1416 351 19 30 4
1450 351 61 30 000
1527 350 63 31 000

1080 413 143 30 Summa
1236 413 131 28 kronor
1393 411 40 30 55
1451 411 59 30 155
1525 410 64 30 000

138 500 173 40 Styrelsen
332 500 65 30 har
416 500 11 29 i
448 500 74 30 sina
542 500 109 39 petita
672 499 112 39 utgått
803 499 82 30 från
906 501 50 28 att
975 498 414 38 medelsförbrukningen
1411 497 19 30 å
1450 497 148 29 investe-

92 552 265 38 ringsanslagen
378 550 52 30 till
451 551 199 39 byggnader
671 551 64 29 och
756 550 262 39 anläggningar,
1040 549 118 30 vilken
1180 549 54 29 för
1255 547 236 31 innevarande
1512 546 86 30 bud-

93 602 96 39 getår
209 602 174 29 beräknas
403 602 142 29 komma
566 602 50 29 att
638 601 115 40 uppgå
773 601 53 29 till
848 610 40 20 ca
910 601 40 29 62
972 600 165 39 miljoner
1159 600 140 33 kronor,
1321 599 113 29 under
1455 598 143 38 budget-

93 653 74 29 året
188 652 149 34 1949/50
358 652 89 30 skall
466 652 200 39 ytterligare
685 652 84 29 ökas
788 650 53 30 till
860 652 87 29 nära
967 650 39 30 73
1025 651 165 39 miljoner
1208 651 140 29 kronor.

137 702 87 30 Över
244 703 359 39 järnvägsstyrelsens
625 701 315 30 medelsäskanden
960 702 46 29 ha
1027 702 187 38 yttranden
1236 701 147 39 avgivits
1405 711 42 20 av
1468 702 131 29 arbets-

95 754 366 39 marknadsstyrelsen
482 754 64 29 och
567 753 432 30 industrikommissionen
1026 752 43 32 (s.
1091 752 41 29 58
1153 762 29 21 o.
1204 752 72 34 59).

137 804 394 39 Departementschefen
562 804 65 29 har
657 802 253 40 inledningsvis
940 803 206 33 framhållit,
1179 805 49 27 att
1259 804 95 28 stora
1385 803 214 39 svårigheter

92 856 99 29 torde
211 855 94 29 möta
325 856 51 28 att
395 854 269 30 tillhandahålla
683 854 80 39 järn
783 854 65 29 och
870 853 65 30 stål
956 853 10 29 i
987 854 66 28 den
1075 853 212 39 omfattning
1306 853 293 39 järnvägsstyrel-

94 915 60 20 sen
174 906 176 29 förutsatt.
371 905 75 29 Den
466 905 119 29 starka
603 905 242 38 belastningen
865 914 42 20 av
926 905 67 28 den
1012 904 189 29 elektriska
1221 904 198 30 industrien
1439 905 159 29 kommer

93 957 118 29 vidare
236 958 49 27 att
309 956 161 29 medföra
493 955 213 39 svårigheter
730 955 55 29 för
810 955 274 38 genomförande
1110 965 42 20 av
1175 955 91 30 vissa
1290 955 96 29 delar
1412 965 41 20 av
1477 953 121 41 styrel-

93 1017 80 19 sens
197 1007 425 38 anskaffningsprogram.
646 1006 394 39 Departementschefen
1064 1006 135 29 erinrar
1221 1006 131 39 jämväl
1376 1015 56 20 om
1457 1006 48 29 att
1530 1007 68 27 sta-

93 1060 77 27 tens
195 1057 208 39 järnvägars
429 1057 100 29 andel
555 1066 41 20 av
621 1056 302 39 investeringarna
947 1056 95 29 inom
1069 1065 121 21 ramen
1215 1056 54 30 för
1297 1055 173 31 särskilda
1495 1056 103 39 bygg-

93 1108 248 30 nadstillstånd
367 1107 92 30 måst
484 1107 213 30 bestämmas
721 1107 79 29 med
825 1107 138 39 hänsyn
988 1107 52 29 till
1066 1107 68 29 den
1159 1107 178 29 allmänna
1363 1107 234 39 begränsning

94 1169 43 20 av
160 1158 502 39 investeringsverksamhelen
687 1167 73 20 som
784 1158 150 30 kommit
958 1157 53 30 till
1035 1158 142 38 uttryck
1201 1158 9 28 i
1235 1158 66 29 den
1326 1166 47 20 nu
1399 1157 199 30 fastställda

93 1209 406 39 investeringsbudgeten
520 1209 55 29 för
598 1208 94 30 1949.

138 1260 13 29 I
176 1260 205 39 anslutning
402 1259 119 29 härtill
545 1259 103 30 anför
671 1259 387 40 departementschefen
1081 1259 167 39 följande.

139 1319 80 29 Som
240 1328 42 20 en
304 1319 91 38 följd
416 1328 42 21 av
478 1320 101 28 dessa
601 1318 246 30 förhållanden
868 1319 65 29 har
954 1318 60 39 jag
1034 1318 120 30 funnit
1176 1318 70 39 mig
1266 1318 85 30 böra
1372 1318 151 34 förorda,
1547 1319 50 28 att

93 1362 94 29 vissa
201 1362 276 38 begränsningar
494 1362 99 38 göras
609 1362 10 29 i
636 1361 187 39 styrelsens
840 1361 141 38 förslag.
999 1361 110 30 Dessa
1124 1361 169 30 resultera
1309 1361 11 29 i
1336 1370 43 20 en
1394 1361 204 37 minskning

93 1413 43 20 av
162 1404 426 37 investeringsulgifterna
616 1404 111 28 under
757 1411 158 31 gruppen
943 1403 199 38 byggnader
1171 1403 64 29 och
1264 1403 252 39 anläggningar
1544 1402 53 29 till

93 1446 148 38 ungefär
264 1455 135 20 samma
422 1445 80 30 nivå
525 1455 74 19 som
622 1446 96 29 förra
741 1445 215 39 budgetåret.
979 1445 66 38 Jag
1066 1445 66 29 har
1154 1445 120 29 därvid
1299 1446 79 28 sökt
1402 1447 49 27 att
1474 1445 10 29 i
1508 1445 90 38 möj-

93 1488 122 38 ligaste
239 1488 82 29 mån
345 1487 127 30 beakta
494 1487 359 39 järnvägsstyrelsens
877 1487 182 30 önskemål
1084 1497 56 20 om
1165 1496 41 20 en
1231 1487 133 39 ökning
1387 1497 42 20 av
1451 1487 147 29 investe-

94 1531 166 38 ringarna
285 1531 45 38 på
352 1531 93 29 vissa
468 1530 177 33 områden,
669 1530 110 29 ehuru
803 1530 96 29 detta
921 1530 89 29 dock
1032 1530 138 29 kunnat
1194 1530 58 29 ske
1276 1530 124 29 endast
1422 1530 11 29 i
1455 1530 144 38 begrän-

95 1573 61 28 sad
178 1572 223 39 omfattning.
422 1572 65 39 Jag
507 1571 193 40 tillstyrker
722 1572 159 33 sålunda,
903 1573 50 28 att
974 1572 167 38 anslagen
1162 1572 51 29 till
1235 1572 108 29 Broar
1364 1581 45 20 m.
1431 1581 56 24 m.,
1509 1571 90 29 Lok-

94 1615 163 29 stations-
279 1615 64 29 och
367 1614 526 39 driftverkstadsanläggningar
915 1614 65 30 och
1003 1614 373 29 Verkstadsmaskiner
1401 1624 44 21 m.
1469 1624 45 19 m.
1539 1623 59 20 an-

93 1657 93 29 visas
209 1657 78 29 med
311 1666 42 20 av
378 1656 168 39 styrelsen
570 1656 199 39 föreslagna
793 1656 136 39 belopp,
953 1655 18 29 3
995 1656 175 39 miljoner,
1196 1656 60 29 725
1272 1655 63 29 000
1360 1656 194 39 respektive
1579 1655 19 29 4

93 1698 165 39 miljoner
278 1699 141 29 kronor.
440 1698 64 39 Jag
523 1699 162 29 förordar
704 1698 128 34 vidare,
854 1700 50 29 att
925 1697 157 40 följande
1103 1698 122 39 anslag
1245 1698 140 30 anvisas
1406 1698 10 29 i
1438 1698 88 39 syfte
1547 1699 51 28 att

92 1741 207 38 möjliggöra
320 1749 43 21 en
382 1741 131 38 ökning
533 1750 42 20 av
593 1741 426 38 investeringsutgifterna
1041 1742 101 28 nästa
1163 1740 168 39 budgetår
1352 1740 146 39 jämfört
1519 1740 79 29 med

93 1783 105 34 detta,
218 1783 177 38 nämligen
414 1783 51 29 till
485 1783 202 38 Bangårdar
708 1783 42 33 2,5
768 1782 166 39 miljoner
953 1783 141 34 kronor,
1115 1783 52 29 till
1188 1783 275 38 Husbyggnader
1483 1783 18 29 5
1522 1782 77 29 mil-

91 1825 102 38 joner
211 1826 130 29 kronor
360 1826 65 29 och
445 1825 49 29 till
513 1825 260 39 Anläggningar
792 1825 57 30 vid
868 1826 326 29 huvudverkstäder
1214 1825 62 29 200
1291 1825 63 29 000
1374 1826 139 28 kronor.

138 1867 171 30 Arbetena
342 1868 79 28 med
452 1867 432 39 dubbelspårsbyggnader
913 1867 65 29 och
1009 1867 352 39 linjeomläggningar
1394 1869 89 28 samt
1514 1867 85 29 fort-

93 1909 149 39 löpande
266 1909 242 39 förstärkning
532 1919 43 20 av
599 1909 372 39 spåröverbyggnaden
995 1910 60 28 äro
1080 1909 170 30 beroende
1275 1919 43 19 av
1341 1909 189 39 tillgången
1554 1909 45 39 på

93 1951 82 30 räls.
201 1951 433 30 Industrikommissionen
660 1952 64 28 har
747 1951 153 39 upplyst,
926 1953 49 27 att
1000 1951 102 38 högst
1127 1951 38 29 21
1183 1951 61 29 8009
1268 1953 61 27 lon
1353 1960 43 20 av
1418 1951 181 38 järnvägs-

94 1993 188 39 styrelsens
309 1993 170 29 årsbehov
505 1994 70 28 kan
603 1994 150 29 erhållas
779 1994 97 28 inom
904 1994 127 29 landet.
1060 1993 52 30 Av
1137 1994 114 29 denna
1278 1993 172 30 kvantitet
1477 1993 122 29 beräk-

94 2045 64 20 nas
179 2045 39 20 ca
240 2036 41 29 20
296 2036 63 29 000
380 2037 60 28 ton
463 2036 78 38 åtgå
563 2036 55 29 för
640 2036 157 29 normala
820 2035 229 39 rälsutbyten,
1073 2036 64 29 och
1160 2036 222 38 följaktligen
1407 2035 110 30 skulle
1541 2044 58 21 en-

93 2079 79 29 dast
199 2088 39 19 ca
267 2078 94 29 1800
390 2080 60 27 ton
478 2078 122 30 kunna
627 2078 205 39 disponeras
862 2078 55 29 för
946 2078 407 39 dubbelspårsarbetena.
1384 2078 12 28 I
1429 2077 81 29 1948
1541 2078 57 29 års

94 2121 411 38 statsverksproposition
531 2121 202 28 meddelade
756 2120 70 38 jag,
853 2123 50 27 att
930 2120 16 28 7
974 2120 59 29 mil
1060 2120 91 30 bana
1177 2120 340 38 färdigterrasserats
1543 2120 55 29 för

94 2162 212 39 dubbelspår
327 2162 92 29 fram
440 2162 51 28 till
512 2162 66 29 den
602 2163 14 28 1
639 2162 181 29 december
844 2161 82 29 1947
949 2164 85 27 utan
1056 2164 50 28 att
1127 2162 70 29 räls
1218 2162 137 29 kunnat
1376 2161 150 30 erhållas
1547 2161 51 29 till

96 2204 381 39 spåröverbyggnaden.
502 2204 74 29 Den
604 2205 13 27 1
645 2204 180 29 december
852 2203 83 29 1948
960 2204 88 30 hade
1073 2204 66 28 den
1164 2204 74 29 icke
1262 2204 184 37 rälslagda,
1471 2203 129 37 färdig-

93 2246 236 29 terrasserade
345 2245 183 29 banvallen
544 2247 83 28 ökat
644 2246 10 28 i
671 2246 102 38 längd
790 2246 50 28 till
862 2246 36 28 11
917 2245 72 29 mil.
1006 2245 405 39 Dubbelspårsarbetena
1430 2254 103 29 synas
1551 2253 47 19 nu

95 2287 84 30 böra
195 2287 150 29 inriktas
360 2288 45 38 på
421 2288 49 28 att
488 2287 102 29 såvitt
607 2287 137 38 möjligt
760 2287 173 38 rälslägga
950 2288 10 28 i
977 2287 112 37 övrigt
1107 2286 238 36 färdigställda
1363 2286 155 29 sträckor
1535 2285 65 29 och

95 2331 48 27 alt
162 2328 189 36 nedbringa
368 2328 259 37 terrasserings-
647 2330 63 28 och
729 2329 109 29 andra
859 2329 141 29 arbeten
1021 2329 37 29 så
1078 2331 49 27 att
1147 2329 40 29 de
1207 2328 91 29 olika
1320 2328 163 29 arbetena
1502 2329 98 28 kom-

95 2381 57 19 ma
178 2371 10 28 i
214 2371 74 29 takt
315 2372 79 28 med
421 2371 182 29 varandra.
631 2371 115 38 Enligt
772 2371 66 29 vad
864 2371 60 38 jag
950 2371 174 29 inhämtat
1152 2371 78 29 från
1258 2369 339 40 järnvägsstyrelsen

95 2413 63 29 bör
178 2413 55 29 det
254 2412 91 30 bliva
366 2413 147 38 möjligt,
535 2415 49 27 alt
607 2414 110 28 under
737 2414 100 28 nästa
859 2413 169 38 budgetår
1050 2412 148 30 friställa
1221 2412 200 39 ytterligare
1442 2421 39 20 ca
1503 2412 18 28 3
1536 2412 63 28 000

95 2458 61 27 ton
178 2455 69 30 räls
270 2456 54 28 för
350 2455 383 39 dubbelspårsarbeten,
756 2455 120 29 varvid
900 2455 87 29 dock
1011 2455 239 38 rälsutbytena
1275 2454 112 29 skulle
1410 2454 157 29 minskas
1589 2454 10 28 i
