2236 2636
1794 180 17 29 I

717 192 332 37 Bevillningsutskottets
1072 188 188 31 Betänkande
1283 188 55 28 N:o
1360 188 29 27 2.

1020 837 43 26 :o
1091 826 43 39 2,

962 977 72 27 Ank,
1053 975 44 27 till
1116 974 95 28 Riksd.
1231 973 90 27 kansli
1340 972 52 27 den
1413 972 31 27 11
1463 969 123 29 februari
1608 970 72 29 1904,
1698 968 36 26 kl.
1755 968 12 25 7
1788 974 21 19 e.
1828 975 35 18 m.

460 1120 247 45 Betänkande,
736 1120 13 35 i
776 1117 196 49 anledning
998 1116 47 49 af
1064 1114 102 38 väckt
1194 1114 132 36 motion
1354 1124 56 25 om
1434 1109 260 50 stämpelfrihet
1712 1108 65 50 för
1793 1106 72 37 till-

661 1186 216 37 ståndsbevis
910 1185 69 49 för
1018 1183 197 48 utöfvande
1251 1181 47 49 af
1335 1178 226 48 tillverkning
1587 1177 60 37 vid
1673 1173 193 50 skattefritt

663 1253 170 50 bryggeri.

1605 1324 74 49 (1:a
1706 1322 59 50 ÅA.)

398 1492 18 36 I
458 1505 46 23 en
536 1490 104 37 inom
668 1488 130 39 Andra
824 1488 236 37 Kammaren
1087 1485 126 46 väckt,
1241 1483 57 38 till
1322 1480 428 51 bevillningsutskottet
1777 1478 93 37 hän-

265 1543 111 37 visad
413 1542 157 47 motion,
603 1554 62 23 n:o
699 1541 83 46 145,
811 1538 113 38 hafva
952 1538 133 37 herrar
1109 1539 43 35 A.
1185 1535 37 38 C.
1251 1535 188 37 Bökelund
1466 1533 74 37 och
1568 1532 43 36 P.
1645 1530 40 39 O.
1718 1530 152 37 Lundell

265 1593 212 49 föreslagit,

400 1649 76 32 vatt
501 1642 226 48 Riksdagen
755 1644 114 34 måtte
897 1639 152 38 besluta
1077 1638 118 36 sådan
1225 1636 164 48 ändring
1415 1635 12 36 i
1447 1632 179 51 gällande
1645 1630 226 49 förordning

268 1694 200 48 angående
509 1691 343 52 stämpelafgiften,
897 1695 54 32 att
984 1687 318 47 tillståndsbevis,
1331 1698 81 24 som
1440 1688 50 46 på
1517 1681 126 51 grund
1671 1682 41 37 af
1735 1683 46 35 26
1810 1677 60 50 $i

267 1745 141 49 nådiga
449 1743 279 49 förordningen
768 1740 201 49 angående
1011 1737 253 47 tillverkning
1304 1735 71 38 och
1410 1733 252 47 beskattning
1699 1731 40 38 af
1762 1731 108 37 malt-

269 1796 164 50 drycker
461 1794 74 38 den
567 1796 42 34 17
633 1792 86 50 juni
749 1793 94 36 1903
866 1790 187 47 utfärdas,
1081 1793 61 33 må
1169 1800 91 25 vara
1287 1786 81 37 fritt
1394 1785 82 38 från
1506 1779 195 57 stämpel».

402 1845 73 37 Till
503 1844 86 38 stöd
616 1843 58 38 för
703 1843 65 37 sitt
793 1841 147 50 förslag
967 1840 113 40 hafva
1107 1839 282 37 motionärerna
1413 1835 125 38 anfört
1564 1833 183 49 följande:

403 1895 183 38 »Jämlikt
628 1896 46 36 26
714 1891 21 50 8
775 1894 12 36 i
818 1892 143 50 nådiga
988 1890 277 48 förordningen
1294 1887 199 49 angående
1520 1884 252 49 tillverkning
1800 1883 71 37 och

270 1947 249 50 beskattning
547 1946 41 37 af
612 1944 256 50 maltdrycker
900 1944 75 36 den
1007 1944 43 35 17
1075 1941 87 49 juni
1192 1941 96 36 1903
1317 1939 147 48 åligger
1493 1937 67 38 det
1586 1934 218 39 tillverkare
1833 1933 42 37 af

270 1997 176 38 skattefri
485 1996 213 48 maltdryck
740 2000 66 42 att,
833 1995 118 36 innan
978 1991 301 47 tillverkningen
1307 1990 97 37 skall
1430 1994 92 42 taga
1550 1987 60 36 sin
1638 1985 148 49 början,
1812 1984 57 37 till

270 2049 239 47 Konungens
548 2044 428 49 befallningshafvande
1014 2043 150 49 ingifva
1203 2040 170 47 skriftlig
1411 2037 176 39 anmälan
1630 2036 71 37 och
1740 2034 132 38 därvid

269 2100 127 36 lämna
436 2098 105 37 vissa
580 2096 209 50 uppgifter,
827 2094 197 37 hvarefter
1062 2093 238 46 Konungens
1338 2086 443 49 befallningshafvande,
1805 2084 67 38 där

271 2149 135 38 hinder
434 2148 33 48 ej
498 2152 135 41 möter,
660 2145 196 38 meddelar
882 2142 305 39 tillståndsbevis
1215 2141 59 37 för
1301 2138 321 48 tillverkningens
1650 2135 221 47 utöfvande,

272 2201 73 37 och
385 2199 97 37 skall
522 2197 105 38 detta
669 2195 314 46 tillståndsbevis,
1017 2207 81 23 som
1125 2192 110 38 torde
1265 2203 89 25 vara
1382 2195 55 32 att
1464 2187 163 38 hänföra
1653 2186 57 37 till
1737 2186 136 37 sådant

271 2248 304 39 »tillståndsbref
599 2247 60 38 för
684 2245 207 38 utöfvande
920 2245 41 37 af
983 2243 138 49 näring
1149 2242 94 38 eller
1269 2241 127 49 yrke»,
1425 2253 81 24 som
1536 2242 223 33 omnämnes
1778 2236 13 37 i
1811 2239 21 34 3
1851 2234 21 49 $
