1898 2822
326 181 41 30 12
644 184 395 36 Jordbruksutskottets
1068 187 186 33 utlåtande
1282 188 53 32 Nr
1362 188 50 31 35.

281 258 51 31 tid
357 259 188 32 framhålla
568 261 276 32 önskvärdheten
867 273 45 20 av
934 264 51 30 att
1007 263 13 31 i
1037 263 120 38 dylika
1172 265 152 32 ärenden
1340 268 87 29 även
1443 267 255 33 vederbörande
1713 266 74 44 pre-

281 302 523 37 mieringsnämndsordförande
826 305 70 32 blir
919 306 85 32 hörd
1028 308 62 30 och
1114 308 54 31 får
1190 309 131 36 avgiva
1346 310 175 32 utlåtande
1544 312 167 37 antingen
1728 314 57 31 till

280 346 167 36 styrelsen
471 347 83 31 eller
576 348 56 31 till
655 348 442 39 hushållningssällskapet.

324 389 187 32 Huruvida
535 391 160 36 gällande
717 392 313 33 handelstraktater
1054 395 102 36 lägga
1179 396 124 31 hinder
1325 397 13 30 i
1362 399 110 35 vägen
1495 398 55 31 för
1565 400 52 30 att
1631 400 43 35 på
1690 399 96 32 detta

279 434 70 29 sätt
382 433 169 37 begränsa
573 435 270 37 ifrågavarande
865 437 128 36 import
1016 438 79 31 från
1118 439 166 37 utlandet,
1308 440 242 38 undandrager
1573 443 53 36 sig
1650 444 134 30 stuteri-

279 478 268 36 överstyrelsens
570 478 220 32 bedömande.
837 480 192 37 Styrelsens
1052 483 306 35 uppmärksamhet
1380 484 63 31 har
1465 485 13 30 i
1501 485 94 32 detta
1617 487 169 31 avseende

279 519 105 32 blivit
418 521 111 31 fästad
564 523 21 29 å
608 532 41 21 en
672 522 61 31 vid
758 523 85 31 1927
867 525 55 30 års
945 525 281 32 internationella
1248 527 183 32 konferens
1453 529 13 30 i
1490 528 135 33 Gendve
1648 530 53 31 för
1724 541 59 20 av-

280 563 191 37 lägsnande
497 576 45 20 av
565 566 124 31 hinder
711 567 63 30 och
798 568 237 31 restriktioner
1058 569 54 31 för
1135 569 128 37 import
1286 571 63 31 och
1373 573 116 35 export
1512 572 167 38 beslutad,
1702 584 81 21 men

277 609 95 29 ännu
407 608 74 31 icke
516 609 196 32 ratificerad
736 612 339 37 överenskommelse,
1099 623 71 21 som
1193 614 96 31 torde
1311 615 119 31 kunna
1453 616 178 37 innebära,
1655 619 51 29 att
1729 618 56 31 be-

277 652 225 36 stämmelser,
534 653 180 36 åsyftande
736 655 53 30 att
811 654 125 32 hindra
959 656 55 31 för
1037 657 158 31 inhemsk
1218 658 243 37 husdjursavel
1484 660 137 37 skadlig
1644 661 140 37 import,

277 696 58 29 må
358 705 86 21 vara
468 696 273 32 internationellt
764 698 195 37 medgivna.

321 738 174 37 Slutligen
529 740 55 31 får
615 741 374 37 stuteriöverstyrelsen
1012 743 140 36 påpeka,
1176 745 51 30 att
1250 746 110 35 några
1383 746 12 30 i
1418 747 175 31 motionen
1616 758 42 20 nr
1682 748 62 31 176
1768 749 14 30 i

277 782 108 30 första
419 783 202 31 kammaren
648 785 199 31 meddelade
869 786 276 37 sifferuppgifter
1167 787 84 32 böra
1274 790 118 30 rättas.
1438 788 51 33 År
1513 792 84 30 1926
1622 792 162 36 utgjorde

275 825 133 32 antalet
431 827 210 35 premierade
657 828 118 31 hästar
792 829 106 37 8,792,
915 840 109 21 varav
1042 831 94 35 1,005
1153 832 251 37 varmblodiga,
1421 834 95 35 1,861
1533 835 252 39 nordsvenska,

277 869 95 35 3,920
396 880 46 20 av
465 870 226 32 ardennerras
713 872 63 31 och
801 873 18 30 6
844 883 45 21 av
911 873 259 37 clydesdaleras.

318 1000 18 30 I
370 1000 255 38 behandlingen
658 1013 45 20 av
737 1003 94 31 detta
863 1004 125 31 ärende
1022 1005 92 31 hava
1148 1006 154 37 deltagit,
1331 1007 148 31 förutom
1504 1008 278 32 undertecknade

274 1042 200 32 Lindström
498 1045 60 30 och
575 1045 150 38 Nyborg,
743 1047 221 37 fullmäktige
981 1048 61 31 hos
1058 1050 384 37 stuteriöverstyrelsen,
1459 1053 158 29 översten
1633 1052 149 32 friherre

272 1086 56 32 W.
353 1087 44 31 H.
423 1097 67 21 von
514 1088 106 31 Essen
643 1090 62 30 och
730 1090 105 31 förste
858 1091 303 37 hovjägmästaren
1185 1093 147 32 friherre
1356 1094 44 31 H.
1425 1094 35 32 O.
1484 1095 133 31 Ramel.

318 1155 199 33 Stockholm
541 1157 64 31 den
630 1158 39 30 28
694 1158 154 32 februari
873 1160 93 31 1928.

827 1246 102 32 ALB.
952 1247 275 34 LINDSTRÖM.

318 1334 105 24 MART.
446 1334 154 28 NYBORG,

336 1369 210 31 föredragande.

1460 1416 156 33 Lennart
1638 1418 97 31 Idén.
