1900 2812
546 167 287 30 Statsutskottets
859 168 180 30 utlåtande
1064 178 42 20 nr
1133 170 71 28 148.
1605 172 18 29 5

134 247 192 38 förelägges
343 247 197 39 riksdagen,
556 249 101 37 utgör
674 248 75 30 icke
765 249 104 38 något
887 249 124 29 hinder
1028 250 131 29 härför.
1175 250 164 30 Tvärtom
1358 251 95 29 torde
1469 251 58 30 det
1542 260 83 20 vara

132 300 43 20 en
198 291 110 30 fördel
330 294 50 27 att
402 301 42 20 en
466 293 297 38 omorganisation
786 302 42 20 av
848 293 294 39 tillsynsorganen
1165 295 37 28 är
1224 295 205 39 genomförd
1452 296 110 29 innan
1583 305 43 20 en

133 345 45 30 ny
209 336 218 39 lagstiftning
457 336 117 30 träder
604 337 10 29 i
643 337 106 29 kraft.
781 338 211 38 Härigenom
1022 339 97 29 torde
1150 339 217 39 övergången
1396 340 228 29 underlättas.

178 381 72 29 Vad
271 381 171 29 beträffar
465 381 66 29 den
553 391 41 19 av
616 382 210 30 kommittén
847 382 198 39 föreslagna
1067 384 246 38 utbyggnaden
1335 394 41 19 av
1398 384 228 39 organisatio-

133 434 67 20 nen
220 426 37 28 är
277 428 49 27 att
345 426 122 29 märka
487 429 49 26 att
560 426 80 29 1947
662 426 56 30 års
738 427 142 39 riksdag
899 427 110 30 beslöt
1028 437 42 20 en
1089 428 215 39 provisorisk
1323 429 241 39 förstärkning
1584 438 42 20 av

132 470 446 39 personalorganisationen
608 471 92 29 såväl
729 472 64 29 hos
820 472 492 40 riksförsäkringsanstaltens
1339 474 287 39 arbetarskydds-

132 515 85 38 byrå
242 524 73 20 som
337 515 63 29 hos
423 515 66 29 den
511 516 113 29 lokala
648 516 363 40 yrkesinspektionen.
1033 517 121 30 Denna
1177 518 241 39 förstärkning
1440 519 38 29 är
1500 521 51 27 att
1571 518 55 29 be-

133 559 115 29 trakta
276 569 73 20 som
374 569 42 20 en
443 560 110 29 första
579 563 102 37 etapp
708 561 10 28 i
744 561 257 39 utbyggnaden.
1027 562 53 29 Nu
1105 562 154 30 rådande
1285 563 246 29 förhållanden
1557 563 69 29 för-

133 604 123 29 anleda
273 605 192 29 emellertid
483 614 42 20 en
542 605 71 29 viss
629 605 288 30 återhållsamhet
935 606 10 29 i
962 606 98 39 fråga
1076 616 56 20 om
1149 607 349 30 kostnadskrävande
1515 607 110 30 admi-

133 648 387 30 nistrationsreformer.
546 649 93 30 Även
666 650 109 29 andra
800 651 299 38 omständigheter
1126 652 81 38 göra
1234 654 50 27 att
1311 652 58 39 jag
1394 652 76 29 icke
1495 653 11 28 i
1530 652 94 29 detta

133 693 253 39 sammanhang
408 694 70 28 kan
501 694 152 34 förorda,
677 697 49 27 att
749 695 229 29 kommitténs
1001 695 383 40 utbyggnadsprogram
1406 706 47 19 nu
1476 697 72 29 helt
1572 704 54 30 ge-

132 738 188 29 nomföres.
345 738 251 39 Utbyggnaden
620 739 97 29 torde
740 740 87 28 även
849 740 11 28 i
883 739 274 40 fortsättningen
1180 741 84 29 böra
1288 741 60 29 ske
1370 741 167 39 etappvis.
1561 741 64 38 Jag

131 782 189 38 begränsar
344 783 119 29 därför
489 783 97 29 mina
611 783 130 40 förslag
767 784 52 29 till
843 786 50 27 att
919 793 79 20 avse
1021 784 66 29 vad
1114 794 75 20 som
1214 785 54 29 för
1292 785 219 39 ögonblicket
1536 785 90 30 före-

132 826 101 30 faller
252 829 90 27 mest
362 827 190 39 angeläget.
573 827 102 30 Detta
696 837 103 30 synes
819 829 10 28 i
849 830 87 28 stort
957 831 66 27 sett
1043 838 83 20 vara
1146 829 73 30 dels
1238 832 51 27 att
1309 830 317 39 tillsynsorganisa-

131 871 119 29 tionen
276 871 148 30 erhåller
450 881 42 20 en
519 872 291 39 självständigare
837 873 165 39 ställning
1027 874 65 29 och
1119 883 43 20 en
1185 883 95 20 mera
1308 875 150 38 enhetlig
1484 874 142 38 ledning

131 923 124 31 genom
282 918 50 27 att
357 925 42 20 en
427 916 151 30 särskild
604 917 338 40 centralmyndighet
968 918 54 29 för
1047 919 392 39 arbetarskyddsfrågor
1464 919 160 33 inrättas,

131 960 74 29 dels
226 961 64 29 ock
312 963 50 27 att
381 961 468 39 personalorganisationens
872 962 199 39 utbyggnad
1093 963 190 34 fortsättes,
1306 973 56 20 om
1385 965 44 28 än
1449 964 12 28 i
1480 964 146 38 begrän-

132 1005 61 29 sad
216 1005 253 39 utsträckning.

177 1049 12 29 I
211 1049 151 39 enlighet
384 1050 144 29 härmed
551 1050 147 29 föreslår
717 1051 59 39 jag
797 1051 11 29 i
831 1051 57 29 det
910 1051 167 39 följande,
1100 1054 50 27 att
1171 1052 42 28 fr.
1235 1062 30 19 o.
1287 1061 46 20 m.
1354 1052 67 30 den
1445 1053 14 28 1
1482 1052 142 39 januari

134 1094 82 29 1949
236 1094 86 29 skall
342 1094 149 30 inrättas
509 1104 43 20 en
571 1095 431 39 arbetarskyddsstyrelse,
1022 1096 117 29 bildad
1158 1096 9 29 i
1186 1096 186 30 huvudsak
1392 1105 124 31 genom
1535 1106 90 20 sam-

130 1138 244 39 manslagning
404 1148 42 20 av
474 1139 57 29 det
561 1140 201 29 nuvarande
792 1140 217 30 arbetsrådet
1038 1141 64 29 och
1131 1141 493 38 riksförsäkringsanstaltens

130 1183 369 39 arbetarskyddsbyrå.
523 1183 175 39 Styrelsen
720 1202 44 2 —
786 1184 79 29 med
889 1193 43 21 en
954 1185 297 38 generaldirektör
1273 1195 74 20 som
1369 1185 79 30 chef
1469 1204 44 2 —
1536 1185 89 30 före-

132 1227 69 29 slås
222 1228 97 29 bestå
345 1237 41 20 av
409 1237 43 20 en
475 1228 285 39 arbetstidsbyrå,
785 1238 42 20 en
851 1229 141 29 teknisk
1016 1229 95 39 byrå,
1135 1239 43 20 en
1200 1230 212 39 kanslibyrå,
1437 1239 43 21 en
1506 1230 119 38 skogs-

130 1272 194 39 avdelning,
347 1281 42 20 en
410 1273 297 39 trafikavdelning
729 1273 65 29 och
817 1283 43 20 en
883 1274 104 29 social
1010 1274 195 39 avdelning.
1227 1275 139 29 Antalet
1386 1274 238 39 befattningar

131 1316 146 30 föreslås
299 1317 82 29 ökat
404 1317 80 29 från
507 1317 41 29 46
571 1318 11 28 i
603 1318 66 29 den
693 1318 202 29 nuvarande
917 1319 284 38 organisationen
1221 1319 51 29 till
1295 1319 51 29 61.
1369 1319 166 30 Däremot
1556 1319 69 29 fin-

130 1370 62 20 ner
216 1361 59 38 jag
300 1361 69 39 mig
396 1361 75 30 icke
499 1362 122 29 kunna
646 1362 175 39 tillstyrka
847 1372 41 20 av
913 1363 210 29 kommittén
1150 1363 196 39 föreslagen
1372 1363 251 39 överflyttning

129 1406 51 28 till
203 1406 56 29 det
279 1415 68 30 nya
367 1406 257 29 ämbetsverket
644 1416 40 19 av
706 1407 501 39 sprängämnesinspektionen
1227 1408 65 29 och
1311 1408 312 39 yrkeshygieniska

129 1450 229 38 avdelningen
381 1450 56 29 vid
462 1452 133 27 statens
619 1451 139 29 institut
781 1451 55 29 för
862 1451 210 29 folkhälsan.

175 1495 126 28 Senare
321 1494 113 29 denna
453 1495 66 38 dag
537 1495 160 29 kommer
714 1495 58 38 jag
794 1497 50 27 att
864 1495 138 34 föreslå,
1022 1498 50 27 att
1091 1496 51 29 till
1163 1496 155 38 lagrådet
1337 1497 198 29 remitteras
1555 1497 69 28 för-

130 1538 72 39 slag
224 1538 51 29 till
299 1538 220 39 lagstiftning
541 1549 57 19 om
623 1540 255 38 överflyttande
902 1540 19 29 å
943 1540 67 29 den
1034 1540 222 39 nyinrättade
1279 1541 345 38 arbetarskyddssty-

130 1583 112 29 relsen
264 1593 41 19 av
325 1583 41 29 de
389 1583 177 39 uppgifter
587 1584 64 29 och
671 1584 247 38 befogenheter
940 1594 74 20 som
1036 1584 197 30 tillkomma
1255 1585 226 29 arbetsrådet.
1502 1584 122 39 Någon

129 1628 170 29 materiell
319 1628 148 38 ändring
488 1628 11 28 i
521 1637 48 20 nu
589 1628 159 38 gällande
768 1628 111 38 regler
898 1638 57 20 om
976 1629 376 39 partsrepresentation
1373 1630 11 28 i
1406 1629 217 30 arbetsrådet

129 1672 133 39 åsyftas
283 1672 75 29 icke
379 1672 9 29 i
412 1681 116 20 annan
550 1673 82 29 mån
654 1674 43 27 än
719 1675 49 27 att
791 1673 148 29 särskild
962 1674 277 38 representation
1261 1674 54 29 för
1335 1674 288 38 tjänstemännen

128 1716 10 29 1
161 1717 91 28 vissa
276 1717 69 29 mål
371 1717 206 29 förutsättes
601 1717 96 29 skola
722 1718 187 28 anordnas.
936 1718 12 28 I
973 1718 152 38 enlighet
1149 1718 78 29 med
1251 1718 373 39 arbetarskyddskom-

129 1761 143 29 mitténs
299 1761 130 38 förslag
467 1761 161 29 förordar
657 1762 69 38 jag,
755 1764 50 27 att
833 1763 86 28 även
946 1762 93 29 vissa
1068 1762 427 39 arbetarskyddsärenden
1525 1762 97 30 skola

129 1806 213 37 handläggas
368 1806 10 28 i
403 1806 66 29 den
495 1806 160 38 ordning,
682 1816 74 19 som
785 1806 147 29 sålunda
960 1807 88 28 skall
1074 1807 90 38 gälla
1189 1807 54 29 för
1268 1807 354 30 arbetstidsärenden.

173 1850 226 29 Beträffande
419 1850 354 39 yrkesinspektionen
796 1851 147 29 föreslås
964 1851 10 28 i
995 1853 86 27 stort
1104 1853 65 27 sett
1190 1852 78 37 inga
1289 1861 95 19 mera
1403 1851 219 39 principiella

128 1894 198 38 ändringar.
352 1894 72 29 Den
450 1895 203 28 nuvarande
676 1895 181 38 kvinnliga
880 1895 371 39 yrkesinspektionens
1276 1896 346 37 befattningshavare

129 1938 146 29 föreslås
299 1938 110 29 under
432 1938 258 38 benämningen
717 1939 329 39 socialinspektörer
1069 1939 81 39 ingå
1174 1940 9 28 i
1209 1940 67 28 den
1302 1940 178 29 allmänna
1503 1940 120 38 yrkes-

128 1983 245 38 inspektionen
394 1992 80 20 men
496 1983 79 28 med
597 1983 243 29 bibehållande
862 1984 9 27 i
892 1983 186 29 huvudsak
1100 1993 42 19 av
1164 1984 75 29 sina
1260 1984 201 29 nuvarande
1484 1984 139 39 uppgif-

128 2029 61 27 ter.
209 2027 178 39 Tillsynen
404 2027 19 29 å
442 2027 289 39 arbetarskyddet
748 2028 57 28 vid
822 2036 126 30 gruvor
965 2028 65 29 och
1049 2028 170 29 stenbrott
1237 2028 146 29 föreslås
1402 2028 219 29 fortfarande

128 2072 189 28 ankomma
339 2071 44 40 på
404 2071 275 38 bergmästarna,
700 2072 119 29 varvid
843 2072 88 29 dock
954 2072 170 33 förordas,
1145 2074 50 27 att
1218 2073 119 29 dessas
1358 2073 119 39 tillsyn
1499 2073 11 29 i
1533 2082 90 20 sam-

128 2116 90 28 band
248 2116 77 29 med
355 2116 296 29 ikraftträdandet
681 2126 41 19 av
752 2126 45 29 ny
826 2116 495 39 arbetarskyddslagstiftning
1352 2117 189 38 begränsas
1569 2117 52 29 till

127 2160 116 29 arbete
271 2160 110 29 under
406 2160 90 38 jord.
524 2161 124 36 Skogs-
674 2161 64 29 och
768 2161 405 38 flottledsinspektionen
1202 2161 146 29 föreslås
1377 2161 174 39 uppdelad
1577 2161 44 39 på

127 2204 57 29 två
209 2204 151 29 distrikt.
385 2205 138 28 Antalet
549 2205 237 37 befattningar
810 2205 93 29 inom
927 2205 67 29 den
1019 2205 112 29 lokala
1156 2205 351 39 yrkesinspektionen
1533 2205 89 30 före-

128 2248 69 29 slås
218 2249 82 28 ökat
323 2248 76 29 från
427 2248 70 33 128,
520 2258 104 19 varav
646 2251 50 27 tre
718 2249 390 38 halvårsbefattningar,
1130 2249 50 29 till
1205 2249 70 29 158.
