1916 2808
563 153 287 30 Statsutskottets
875 154 180 30 utlåtande
1079 164 43 19 nr
1146 155 72 30 148.
1597 155 42 31 49

146 232 207 30 effektivare
380 232 202 40 inspektion
609 234 189 39 lämpligen
824 234 194 40 befrämjas
1044 243 125 31 genom
1197 235 152 30 ändrade
1376 235 265 30 bestämmelser

147 286 149 29 rörande
316 286 287 39 inspektörernas
624 288 70 28 rätt
714 290 51 27 att
786 288 162 30 använda
969 288 202 30 automobil.

192 339 126 30 Vidare
339 339 64 30 har
425 340 10 29 i
456 340 180 30 motionen
658 340 45 30 II:
719 341 61 29 501
805 341 214 30 framhållits
1041 342 282 29 önskvärdheten
1344 352 42 20 av
1408 344 51 28 att
1480 342 161 39 åtgärder

147 392 158 40 vidtagas
333 393 55 30 för
416 393 235 40 avhjälpande
679 404 41 20 av
751 395 143 29 särskilt
921 395 42 29 de
992 395 137 30 mindre
1158 395 198 39 företagens
1384 405 43 20 av
1454 396 188 29 inskränk-

148 445 172 40 ningarna
342 447 45 39 på
409 447 401 39 byggnadsmarknaden
836 448 228 30 förorsakade
1088 449 342 39 bekymmersamma
1454 448 188 30 arbetsför-

148 498 199 31 hållanden.
373 500 220 30 Motionären
619 501 116 38 yrkar,
764 503 50 28 att
840 502 57 29 vid
924 501 321 40 tillståndsgivning
1273 502 44 40 på
1343 502 299 40 byggnadsmark-

150 553 114 29 naden
281 553 151 30 särskild
448 554 138 39 hänsyn
604 554 107 30 måtte
728 557 98 36 tagas
842 555 52 29 till
911 555 41 30 de
970 555 137 30 mindre
1124 555 197 39 företagens
1339 565 42 20 av
1396 555 247 40 yrkesinspek-

150 606 119 29 tionen
285 606 221 31 föreskrivna
523 607 207 30 lokalbehov
746 608 65 29 och
828 610 50 28 att
895 609 11 28 i
922 609 42 29 de
982 608 61 30 fall
1061 609 276 29 arbetstillstånd
1355 609 76 29 icke
1448 609 70 29 kan
1535 609 106 39 givas,

148 659 354 39 yrkesinspektionen
518 660 149 29 erhåller
684 661 111 29 ökade
812 661 223 39 möjligheter
1051 662 53 29 till
1121 661 349 39 dispensförfarande
1488 662 38 29 så
1542 662 101 39 länge

150 721 47 20 nu
229 713 154 29 rådande
415 715 156 28 extrema
602 713 246 31 förhållanden
880 715 153 29 kvarstå.
1067 715 49 30 De
1149 715 195 30 framförda
1376 715 267 40 synpunkterna

152 765 115 30 finner
288 766 171 30 utskottet
481 767 11 29 i
513 767 64 29 och
599 767 54 29 för
676 767 50 39 sig
748 767 157 40 förtjäna
926 768 249 38 övervägande,
1197 778 80 20 men
1298 769 45 29 då
1363 769 42 29 de
1426 768 127 30 väckta
1574 768 69 29 frå-

150 826 108 31 gorna
275 819 75 30 icke
367 820 189 39 lämpligen
572 820 84 30 böra
673 823 171 37 upptagas
861 821 12 29 i
889 821 230 30 förevarande
1137 822 265 39 sammanhang,
1420 822 71 30 kan
1509 822 135 29 utskot-

151 874 49 27 tet
218 873 75 29 icke
312 873 176 39 tillstyrka
509 873 122 39 åtgärd
651 874 79 29 från
750 875 206 39 riksdagens
977 875 75 30 sida
1071 875 11 29 i
1102 875 187 39 anledning
1309 885 42 20 av
1369 875 190 30 motionen.

195 928 75 29 Vad
286 928 387 39 departementschefen
690 928 119 30 anfört
826 929 78 29 med
923 929 170 29 avseende
1111 928 20 30 å
1148 929 67 29 den
1232 928 229 30 kommunala
1480 928 163 39 tillsynen

151 981 64 30 har
238 982 31 39 ej
295 982 84 38 givit
402 982 172 29 utskottet
598 982 189 39 anledning
811 982 52 29 till
888 982 152 29 erinran.
1065 982 176 29 Utskottet
1265 982 70 29 kan
1360 981 134 30 således
1518 981 31 40 ej
1577 981 68 29 till-

152 1035 121 39 styrka
289 1035 99 29 bifall
407 1035 52 29 till
475 1035 173 39 yrkandet
666 1035 10 29 i
693 1036 219 29 motionerna
932 1036 28 29 I:
977 1035 61 30 341
1058 1035 65 30 och
1142 1035 45 29 II:
1203 1034 63 30 496
1284 1044 57 21 om
1359 1035 151 39 förnyad
1528 1034 117 30 utred-

152 1088 83 38 ning
254 1088 149 30 rörande
422 1088 155 29 nämnda
597 1089 129 38 tillsyn.

197 1141 78 30 Icke
294 1141 108 30 heller
422 1141 64 29 har
506 1142 66 29 vad
593 1142 9 29 i
622 1142 262 39 propositionen
904 1143 11 29 i
936 1143 114 29 skilda
1068 1143 224 29 hänseenden
1313 1142 136 30 anförts
1469 1142 65 30 och
1556 1142 89 29 före-

153 1194 120 39 slagits
313 1194 223 30 beträffande
577 1195 377 39 specialinspektionen
996 1196 166 29 föranlett
1204 1195 141 30 erinran
1387 1195 81 30 från
1510 1195 136 29 utskot-

152 1249 67 28 tets
242 1248 85 29 sida.

197 1301 49 30 De
263 1301 80 30 från
359 1302 264 39 propositionen
640 1302 194 30 avvikande
850 1302 177 40 förslagen
1044 1303 11 29 i
1072 1303 220 29 motionerna
1309 1303 29 29 1:
1354 1302 62 30 337
1436 1303 64 29 och
1519 1302 46 29 II:
1581 1301 65 30 498

151 1354 222 30 beträffande
399 1355 68 29 den
495 1355 155 39 skogliga
675 1355 247 40 inspektionen
947 1356 12 29 i
984 1365 106 20 norra
1116 1356 187 33 distriktet,
1330 1355 211 30 assistenten
1567 1355 80 29 där-

153 1408 126 34 städes,
309 1408 488 39 skogsunderinspektörerna
826 1409 65 29 och
918 1409 42 29 de
988 1408 181 39 kvinnliga
1197 1408 276 30 konsulenterna
1500 1408 65 29 har
1592 1409 55 28 ut-

154 1461 130 29 skottet
302 1461 76 29 icke
398 1463 115 27 ansett
534 1461 50 38 sig
603 1462 84 29 böra
706 1462 187 39 tillstyrka.

197 1514 125 29 Därest
343 1514 190 29 utskottets
557 1514 129 39 förslag
707 1524 58 19 om
786 1515 235 38 begränsning
1043 1524 42 20 av
1107 1515 67 29 den
1196 1514 199 39 föreslagna
1416 1513 229 40 kanslibyrån

153 1567 52 29 till
231 1577 43 20 en
298 1567 304 39 kansliavdelning
626 1567 149 35 bifalles,
800 1568 62 29 bör
887 1568 67 29 den
980 1568 55 29 för
1060 1567 446 39 arbetarskyddsstyrelsen
1531 1567 11 29 i
1568 1575 79 31 pro-

153 1620 198 39 positionen
377 1622 180 37 upptagna
582 1621 433 39 personalförteckningen
1042 1621 128 29 ändras
1197 1621 37 29 så
1261 1621 51 29 till
1338 1621 81 29 vida
1445 1622 50 28 att
1521 1629 44 21 en
1590 1620 57 29 be-

154 1673 154 40 fattning
327 1683 75 20 som
420 1674 168 39 byråchef
606 1674 11 29 i
635 1675 165 38 lönegrad
820 1674 43 30 Ce
877 1674 40 30 33
936 1675 147 29 ersättes
1103 1674 79 29 med
1201 1683 43 21 en
1262 1674 243 39 byrådirektör
1523 1674 11 29 i
1553 1674 95 29 löne-

154 1728 83 37 grad
266 1727 43 30 Ce
324 1727 38 30 31
391 1727 173 39 varjämte
592 1737 43 20 en
664 1727 108 30 förste
801 1727 482 39 byråsekreterarbefattning
1310 1728 12 28 i
1349 1727 166 39 lönegrad
1545 1726 45 30 Ca
1605 1726 43 30 29

155 1780 92 30 föres
272 1781 20 29 å
315 1780 273 39 övergångsstat.
621 1781 5 28 I
653 1781 170 29 samband
847 1780 146 30 härmed
1018 1780 161 30 förordar
1203 1781 181 33 utskottet,
1409 1782 51 28 att
1485 1789 43 20 en
1553 1788 96 21 ama-

154 1833 311 39 nuensbefattning
485 1834 19 29 å
524 1834 348 39 kansliavdelningen
891 1834 110 29 hålles
1020 1834 132 29 vakant
1171 1834 38 29 så
1229 1834 99 38 länge
1348 1833 300 39 byråsekreterar-

155 1886 156 39 tjänsten
339 1886 215 39 uppehålles.
583 1887 201 38 Tillräcklig
814 1887 188 38 anledning
1032 1889 50 27 att
1111 1887 110 28 ändra
1248 1886 239 38 beräkningen
1516 1895 42 20 av
1587 1894 61 20 an-

155 1939 258 39 slagsposterna
435 1939 204 38 avlöningar
661 1939 51 29 till
734 1940 95 38 övrig
850 1939 269 29 icke-ordinarie
1141 1939 161 39 personal
1325 1941 91 27 samt
1437 1938 122 39 rörligt
1579 1938 69 29 till-

155 1993 76 38 lägg
257 2001 101 30 synes
383 1992 76 29 icke
484 1992 178 39 föreligga.
687 1992 77 29 Med
788 1992 138 39 hänsyn
950 1992 52 29 till
1027 1992 67 29 vad
1117 1991 386 39 departementschefen
1529 1990 118 31 anfört

155 2054 56 20 om
234 2045 260 39 svårigheterna
516 2047 50 28 att
587 2046 161 28 närmare
771 2045 155 30 beräkna
947 2045 279 29 medelsbehovet
1248 2045 110 29 under
1381 2044 266 39 anslagsposten

156 2099 203 38 avlöningar
379 2099 51 28 till
452 2099 96 38 övrig
568 2098 268 29 icke-ordinarie
857 2098 162 39 personal
1039 2098 59 30 vill
1120 2098 170 29 utskottet
1310 2098 75 29 icke
1407 2098 168 28 motsätta
1597 2097 50 37 sig

156 2154 50 27 att
225 2152 205 29 densamma
452 2153 168 37 upptages
642 2151 212 39 förslagsvis.
876 2151 126 38 Övriga
1022 2151 375 38 anslagsberäkningar
1420 2150 54 29 för
1495 2150 153 29 arbetar-

157 2204 304 39 skyddsstyrelsen
484 2205 45 28 ha
552 2204 31 38 ej
610 2204 165 29 föranlett
798 2204 114 38 någon
936 2204 190 28 utskottets
1148 2203 151 29 erinran.

201 2258 11 28 I
238 2258 40 28 de
302 2257 146 39 tidigare
472 2257 147 29 berörda
644 2256 223 39 likalydande
892 2256 221 29 motionerna
1136 2256 28 29 1:
1181 2256 63 29 338
1268 2256 65 29 och
1356 2256 45 28 II:
1418 2255 62 29 497
1507 2255 64 29 har
1594 2263 56 31 yr-

154 2309 90 33 kats,
269 2311 50 27 att
345 2308 265 39 anslagsposten
636 2308 312 38 reseersättningar
973 2308 55 29 för
1053 2308 351 39 yrkesinspektionen
1430 2307 108 30 måtte
1563 2307 87 30 ökas

156 2362 79 29 från
258 2362 10 28 i
291 2361 263 39 propositionen
577 2361 198 38 föreslagna
798 2361 62 29 260
876 2361 62 29 000
959 2361 132 29 kronor
1113 2361 51 29 till
1189 2361 62 29 300
1266 2361 63 29 000
1351 2361 142 29 kronor.
1528 2360 122 29 Motio-

156 2415 150 29 närerna
324 2414 123 33 hävda,
465 2416 50 27 att
534 2414 57 29 det
608 2414 10 28 i
637 2413 262 40 propositionen
918 2413 186 29 förordade
1123 2414 159 38 beloppet
1301 2413 75 30 icke
1396 2422 80 21 vore
1496 2413 156 30 tillräck-

153 2476 19 29 4
190 2471 33 47 -—
224 2476 152 38 Bihang
401 2475 52 29 till
475 2475 206 39 riksdagens
705 2475 176 38 protokoll
907 2475 93 29 1948.
1026 2476 20 28 6
1070 2475 98 29 saml.
1192 2476 48 28 Nr
1267 2475 70 29 148.
