1894 2808
516 161 287 31 Statsutskottets
830 156 178 31 utlåtande
1034 164 43 20 nr
1103 154 71 29 148.
1554 142 38 43 217

447 245 36 28 11
510 241 276 31 kansliskrivare
836 236 157 44 ..ccccee0
1039 259 132 5 ee
1206 232 28 29 A
1250 232 36 28 11

447 298 36 29 11
510 294 280 32 kanslibiträden
837 318 3 2 =.
882 316 46 4 ccs
948 312 224 6 cccccce
1100 289 53 44 cc
1160 289 15 44 >
1208 285 27 29 ÅA
1249 284 16 29 7

448 351 39 29 14
511 347 310 32 kontorsbiträden
848 342 36 44 =.
904 365 269 8 ccccccocecc
1150 342 26 44 >
1207 337 61 30 A4

467 404 21 29 4
512 400 342 43 expeditionsvakter
885 422 112 5 ...s.c
1018 419 157 5 ee
1209 391 49 29 Eo
1272 391 18 29 5

450 458 36 30 17
513 454 269 33 icke-ordinarie
806 451 161 31 biträden

153 556 393 44 Departementschefen
572 556 66 28 har
665 551 195 32 framhållit
886 549 146 30 behovet
1059 555 42 20 av
1128 555 41 20 en
1197 541 240 39 förstärkning
1465 548 42 21 av
1533 538 67 30 den

108 615 115 30 lokala
245 612 284 40 organisationen
551 609 65 29 och
640 607 118 30 anfört
782 603 167 40 följande.

153 678 67 29 För
242 683 85 32 egen
347 674 55 30 del
424 674 64 28 har
508 673 59 38 jag
590 679 125 31 genom
737 669 67 29 den
825 667 13 29 i
858 667 118 29 ämnet
996 663 200 37 förebragta
1218 658 233 38 utredningen
1472 655 66 30 och
1559 663 42 20 av

108 722 71 39 mig
199 722 11 28 i
231 720 112 39 övrigt
362 718 118 30 kända
501 714 247 32 förhållanden
768 711 99 31 blivit
888 707 187 40 övertygad
1098 716 57 20 om
1177 707 50 27 att
1248 700 353 43 yrkesinspektionen

110 768 38 28 är
164 767 12 28 i
191 766 111 29 behov
318 773 42 20 av
376 772 43 20 en
435 762 75 29 icke
528 759 175 40 obetydlig
720 754 252 38 förstärkning.
990 753 123 30 Såsom
1128 751 59 38 jag
1204 749 146 38 tidigare
1368 745 118 30 anfört
1502 743 99 30 torde

110 809 192 31 emellertid
327 807 112 30 under
463 804 204 31 nuvarande
692 799 246 33 förhållanden
964 797 124 30 endast
1113 805 43 20 en
1180 791 195 41 begränsad
1401 787 202 41 utbyggnad

110 857 122 27 kunna
252 854 144 29 komma
416 852 11 28 i
449 850 109 39 fråga.
581 849 65 38 Jag
668 847 117 29 finner
807 845 57 29 det
888 842 105 31 också
1014 842 12 29 i
1048 840 66 30 och
1135 839 55 30 för
1212 838 51 38 sig
1285 835 168 40 lämpligt,
1477 835 51 27 att
1549 834 54 27 ut-

110 898 205 41 byggnaden
335 897 80 29 sker
433 894 157 40 etappvis
609 893 45 29 bl.
674 901 30 20 a.
725 890 79 30 med
823 890 138 36 hänsyn
979 886 53 30 till
1052 885 121 29 vikten
1191 892 42 20 av
1251 883 51 28 att
1320 877 284 42 organisationen

111 944 198 39 rekryteras
329 941 80 30 med
428 940 56 29 väl
504 936 229 32 kvalificerad
752 928 173 50 personal.

155 988 64 38 Jag
240 985 192 31 behandlar
453 984 12 29 i
486 984 57 28 det
564 981 158 39 följande
743 980 42 28 de
808 976 173 31 särskilda
1002 974 142 38 förslag,
1167 981 75 21 som
1264 968 210 31 kommittén
1496 966 109 29 fram-

112 1033 71 38 lagt
202 1029 222 32 beträffande
445 1029 68 28 den
533 1026 117 30 lokala
670 1022 294 41 organisationen.

157 1074 216 31 Kommittén
414 1073 63 29 har
518 1069 190 39 föreslagit,
751 1069 51 28 att
877 1063 335 38 benämningen
1252 1055 353 43 yrkesinspektionen

114 1121 89 30 skall
229 1120 149 29 ersättas
404 1117 79 29 med
509 1112 375 41 arbetsinspektionen.
911 1109 117 38 Enligt
1054 1107 75 29 min
1153 1104 141 38 mening
1319 1102 184 38 föreligger
1529 1099 77 29 icke

113 1165 188 37 anledning
328 1164 51 28 att
404 1160 124 39 frångå
554 1160 58 29 det
639 1158 107 29 sedan
772 1157 101 37 länge
899 1152 161 31 använda
1085 1151 144 29 namnet
1252 1144 354 43 yrkesinspektionen

114 1210 65 29 och
198 1209 58 39 jag
277 1206 148 31 föreslår
448 1204 143 33 således,
613 1205 51 27 att
683 1202 95 29 detta
798 1198 200 31 bibehålles.

159 1254 74 30 Vad
252 1252 108 39 angår
380 1244 600 38 distriktsindelningen
1000 1241 55 29 för
1074 1240 68 29 den
1163 1238 179 30 allmänna
1361 1232 247 42 yrkesinspek-

115 1299 119 29 tionen
248 1298 64 28 har
327 1297 11 28 i
353 1295 109 39 några
477 1291 317 40 remissyttranden
808 1288 213 39 ifrågasatts,
1037 1283 176 31 huruvida
1227 1282 76 29 icke
1319 1279 130 31 antalet
1465 1277 143 30 distrikt

115 1344 63 29 bör
204 1343 95 29 ökas.
325 1341 64 37 Jag
414 1339 116 29 finner
557 1337 55 29 för
639 1336 74 29 min
738 1334 55 29 del
819 1333 76 29 icke
923 1330 159 40 lämpligt
1109 1330 50 28 att
1186 1327 125 38 frågan
1338 1334 57 19 om
1422 1322 149 38 ändring
1596 1320 12 29 i

116 1388 115 29 denna
250 1385 181 37 indelning
451 1392 47 20 nu
519 1383 171 38 upptages
710 1379 52 29 till
784 1379 162 28 närmare
966 1374 183 41 prövning.

160 1431 75 29 Vad
256 1429 108 39 angår
385 1428 67 29 den
476 1426 180 30 allmänna
677 1420 372 42 yrkesinspektionens
1072 1427 49 19 ar
1134 1412 389 42 betsuppgifter
1545 1410 64 28 har

116 1474 211 31 kommittén
350 1472 178 31 förutsatt,
551 1471 51 27 att
623 1469 42 28 de
688 1468 11 28 i
720 1465 188 31 huvudsak
930 1463 97 30 skola
1049 1463 178 28 motsvara
1248 1459 80 29 dem
1351 1466 74 20 som
1447 1464 48 21 nu
1519 1454 91 29 åvila

117 1520 68 29 den
204 1519 178 29 allmänna
400 1516 64 29 och
482 1515 67 28 den
567 1512 181 38 kvinnliga
766 1507 363 43 yrkesinspektionen.
1149 1502 216 31 Kommittén
1382 1501 64 28 har
1466 1499 83 30 skilt
1566 1497 45 40 på

119 1561 306 42 skyddstekniska,
450 1556 324 42 yrkeshygieniska,
801 1552 217 31 medicinska
1043 1550 64 29 och
1134 1548 127 30 sociala
1288 1545 187 41 uppgifter.
1501 1543 110 29 Dessa

118 1609 46 28 ha
188 1607 79 30 med
290 1606 139 37 hänsyn
453 1603 52 30 till
531 1603 54 29 sin
608 1603 54 28 art
686 1600 64 29 och
775 1597 212 38 omfattning
1012 1596 133 28 ansetts
1170 1593 85 29 böra
1279 1590 169 40 uppdelas
1470 1588 46 39 på
1540 1588 72 28 sär-

121 1652 113 30 skilda
260 1648 346 39 befattningshavare
634 1645 80 29 med
742 1642 151 33 teknisk,
922 1639 195 31 medicinsk
1145 1638 64 29 och
1238 1632 291 41 socialhygienisk
1559 1632 53 28 ut-

118 1696 158 38 bildning
300 1694 65 29 och
390 1691 210 31 erfarenhet.
625 1690 13 28 I
661 1688 153 39 enlighet
836 1685 147 30 härmed
1007 1683 99 31 skola
1128 1682 108 38 enligt
1257 1679 167 38 förslaget
1446 1677 45 40 på
1514 1675 98 39 varje

120 1740 142 30 distrikt
278 1738 197 39 tjänstgöra
491 1745 43 20 en
550 1732 299 42 yrkesinspektör,
867 1740 43 20 en
925 1728 227 40 yrkesläkare
1169 1726 66 29 och
1251 1734 43 20 en
1313 1721 299 39 socialinspektör.

165 1785 64 38 Jag
254 1782 192 30 behandlar
470 1780 52 30 till
546 1789 44 19 en
614 1778 127 38 början
765 1774 229 31 kommitténs
1019 1772 131 38 förslag
1175 1771 11 28 i
1210 1769 67 29 vad
1302 1769 57 28 det
1383 1775 98 21 avser
1505 1765 109 29 inrät-

121 1829 104 29 tande
250 1836 41 20 av
315 1825 239 38 befattningar
579 1832 76 20 som
679 1819 346 41 yrkesläkare,
1053 1816 117 38 Enligt
1196 1813 166 38 förslaget
1389 1810 98 30 skola
1512 1809 102 29 dessa

121 1874 119 28 läkare
259 1880 83 20 vara
361 1867 306 31 heltidsanställda
686 1866 64 28 och
769 1862 182 42 placerade
971 1862 11 28 i
1001 1859 167 39 lönegrad
1187 1858 46 29 Ca
1247 1858 40 28 32
1312 1856 45 33 (A
1372 1855 72 33 29).
1466 1854 48 29 På
1535 1853 80 29 dem

123 1917 111 29 skulle
256 1915 128 29 främst
405 1913 188 29 ankomma
617 1912 51 27 att
690 1908 172 30 övervaka
883 1901 559 41 arbetarskyddslagstiftningens
1463 1898 153 38 tillämp-

123 1961 82 37 ning
230 1960 11 28 i
265 1953 534 41 medicinskt-yrkeshygieniskt
822 1949 209 31 hänseende.
1057 1946 236 30 Kommitténs
1318 1944 130 37 förslag
1472 1942 64 28 har
1560 1950 56 19 av-

125 2005 131 38 styrkts
276 2012 41 20 av
336 2004 52 27 tre
408 2001 218 29 reservanter
646 1998 96 28 inom
759 1994 211 31 kommittén
989 1993 65 29 och
1073 1992 64 28 har
1158 1990 112 30 starkt
1289 1988 197 29 kritiserats
1504 1986 12 28 i
1535 1985 81 29 fler-

124 2049 84 29 talet
235 2046 198 41 yttranden,
464 2053 74 21 som
565 2042 191 30 behandlat
784 2039 167 38 förslaget
979 2038 10 28 i
1018 2037 115 29 denna
1161 2034 66 29 del.
1255 2034 72 28 Mot
1356 2031 166 38 förslaget
1552 2030 64 28 har

125 2094 126 28 främst
274 2091 194 38 åberopats,
493 2090 50 27 att
568 2087 54 29 för
647 2085 195 40 uppdraget
864 2080 248 32 kvalificerade
1135 2079 119 29 läkare
1277 2079 80 28 över
1380 2075 120 29 huvud
1524 2074 93 37 taget

125 2138 30 38 ej
178 2137 118 28 finnas
315 2136 50 28 att
385 2133 97 38 tillgå
503 2133 91 28 samt
614 2132 51 28 att
685 2130 11 28 i
716 2131 77 27 vart
814 2128 61 28 fall
895 2127 41 28 de
956 2135 41 20 av
1016 2123 212 31 kommittén
1248 2121 197 38 föreslagna
1466 2118 152 29 löneför-

126 2181 168 29 månerna
319 2179 76 28 icke
422 2178 121 27 kunna
571 2183 103 21 anses
704 2172 207 37 tillräckliga
939 2170 54 29 för
1020 2171 51 27 att
1097 2167 133 30 erhålla
1257 2165 165 39 lämpliga
1452 2162 165 30 sökande.

127 2225 93 29 även
246 2224 146 28 behovet
420 2231 41 19 av
487 2217 306 31 heltidsanställda
821 2216 118 28 läkare
967 2214 63 28 har
1056 2212 214 37 ifrågasatts.
1299 2209 102 29 Olika
1428 2207 110 29 andra
1566 2207 53 27 ut-

126 2270 104 36 vägar
251 2267 54 29 för
324 2268 51 27 att
396 2264 179 38 tillgodose
594 2259 372 42 yrkesinspektionens
985 2256 214 30 läkarbehov
1215 2255 45 27 ha
1279 2253 164 29 anvisats.
1465 2249 155 31 Sålunda

127 2313 64 28 har
219 2309 207 38 föreslagits,
453 2309 50 27 att
529 2308 49 27 ett
605 2305 94 29 antal
729 2304 118 29 läkare
876 2301 97 30 skola
999 2301 129 37 knytas
1154 2299 52 28 till
1235 2294 385 40 centralmyndigheten

127 2356 82 29 elter
230 2355 48 29 till
297 2350 313 42 yrkeshygieniska
629 2348 231 37 avdelningen
878 2346 57 29 vid
955 2342 354 31 folkhälsoinstitutet
1328 2341 10 27 i
1359 2339 114 29 stället
1493 2338 54 29 för
1567 2336 53 30 till

128 2399 196 30 distriklen.
353 2397 91 28 även
472 2393 227 39 utnyttjande
728 2401 41 19 av
796 2391 119 28 läkare
942 2389 57 28 vid
1027 2384 457 42 yrkessjukdomskliniker,
1514 2382 11 28 i
1553 2381 67 29 den

129 2444 80 29 mån
234 2442 130 29 sådana
387 2441 158 30 inrätlas,
572 2439 90 27 samt
686 2434 177 31 anlitande
888 2443 41 19 av
951 2431 253 40 tjänsteläkare
1227 2429 82 29 eller
1333 2428 109 29 andra
1467 2426 119 29 läkare
1610 2424 11 28 i

129 2490 96 27 orten
251 2487 61 28 har
335 2486 133 28 anselts
492 2482 168 38 lämpligt.
