1894 2810
521 148 287 30 Statsutskottets
835 147 180 30 utlåtande
1040 156 42 20 nr
1109 146 72 30 148.
1560 144 41 28 d5

107 229 440 41 personaluppsättningen
571 229 19 29 å
613 229 111 39 byrån
747 228 236 30 återkommer
1007 227 171 29 utskottet
1201 226 57 29 vid
1283 224 256 38 behandlingen
1563 231 42 21 av

107 283 264 41 propositionen
393 292 40 20 nr
456 282 61 30 158
539 282 179 39 angående
739 281 93 30 vissa
853 280 122 40 anslag
995 280 55 29 för
1072 281 102 28 nästa
1193 278 170 40 budgetår
1384 278 52 29 till
1458 276 147 30 riksför-

107 336 369 40 säkringsanstalten.»

151 389 73 30 dels
249 390 64 29 ock
337 388 272 31 nedannämnda
632 389 157 29 moment
813 397 42 20 av
879 387 189 29 utskottets
1091 385 213 30 hemställan
1326 385 77 29 bort
1426 385 89 29 hava
1539 383 65 30 föl-

105 443 107 39 jande
236 443 144 40 lydelse:

462 514 45 29 »I.
533 513 223 30 beträffande
782 513 67 29 den
874 512 155 29 centrala
1052 510 307 39 handläggningen
1385 518 41 20 av
1451 509 153 29 arbetar-

419 567 148 39 skyddet
586 576 45 19 m.
651 576 57 24 m.,
728 566 78 29 med
826 565 99 30 bifall
945 565 52 29 till
1016 564 221 30 motionerna
1256 564 28 29 I:
1302 562 60 30 341
1383 563 65 29 och
1468 562 44 29 II:
1529 561 74 33 496,

418 620 104 30 såvitt
544 620 41 29 de
608 629 80 20 avse
710 619 147 30 berörda
880 618 109 39 fråga,
1012 619 64 29 och
1099 617 79 30 med
1200 617 118 38 avslag
1340 616 19 30 å
1381 616 73 29 dels
1476 615 126 38 Kungl.

416 674 125 39 Maj:ts
578 673 141 39 förslag,
756 672 73 30 dels
864 672 65 29 ock
965 672 220 29 motionerna
1221 670 108 30 1:283
1365 670 65 29 och
1467 669 44 28 II:
1528 668 74 32 455,

419 728 28 29 1:
464 727 61 30 337
545 727 65 29 och
629 727 45 29 II:
691 726 64 30 498
775 728 91 28 samt
884 726 29 29 I:
930 725 63 30 338
1011 725 65 30 och
1096 725 44 29 II:
1157 724 74 34 497,
1250 724 11 29 i
1278 723 66 30 vad
1363 722 154 30 nämnda
1535 721 69 29 för-

418 781 73 39 slag
514 781 65 29 och
602 780 174 29 motioner
799 788 80 21 avse
903 777 456 40 arbetarskyddsstyrelsen,
1383 775 146 34 besluta,
1553 776 51 28 att

418 834 68 30 den
506 833 155 30 centrala
681 832 308 40 handläggningen
1010 831 134 30 alltfort
1166 831 89 29 skall
1276 830 190 29 ankomma
1485 828 45 40 på
1548 828 57 29 be-

418 887 138 39 fintliga
578 895 109 31 organ
708 887 79 29 med
810 895 46 20 nu
878 885 160 40 gällande
1060 883 317 38 arbetsfördelning
1399 883 79 29 dem
1500 881 104 30 emel-

418 941 95 34 lan;»

152 1030 36 33 2)
212 1030 95 30 avslå
327 1029 165 40 förslaget
511 1031 50 28 att
580 1030 130 29 ersätta
728 1029 67 29 den
813 1028 181 39 kvinnliga
1012 1026 355 41 yrkesinspektionen
1385 1024 79 30 med
1483 1023 121 31 social-

107 1082 221 40 inspektörer
352 1084 65 28 och
443 1085 50 27 att
518 1082 121 30 därför

152 1136 74 31 dels
247 1137 42 29 de
310 1136 58 30 två
391 1136 144 40 stycken
558 1136 20 30 å
600 1145 26 20 s.
649 1136 41 29 47
714 1136 10 29 i
748 1136 190 29 utskottets
960 1134 191 33 utlåtande,
1176 1142 75 21 som
1273 1132 100 39 börja
1394 1131 79 30 med
1494 1130 109 30 orden

110 1190 74 30 »Då
202 1190 130 30 behov»
353 1190 65 30 och
439 1190 92 30 sluta
551 1190 78 30 med
648 1190 109 29 orden
778 1190 30 29 >i
828 1189 158 39 frågan»,
1005 1188 78 30 bort
1102 1188 90 29 hava
1212 1186 158 39 följande
1391 1184 144 41 lydelse:

153 1244 98 29 »Med
273 1244 138 38 hänsyn
432 1243 52 30 till
506 1243 285 30 önskvärdheten
812 1244 50 28 att
884 1242 165 39 tillskapa
1071 1250 44 20 en
1138 1240 37 30 så
1196 1240 148 30 effektiv
1365 1238 238 39 organisation

110 1306 77 20 som
210 1297 154 30 rådande
387 1297 74 39 läge
485 1297 176 39 medgiver
684 1296 45 40 på
753 1297 58 29 det
835 1295 172 40 egentliga
1032 1293 309 41 arbetarskyddets
1366 1291 141 31 område
1533 1291 72 29 kan

109 1350 172 30 utskottet
309 1350 75 30 icke
411 1350 78 30 dela
516 1349 408 40 departementschefens
952 1347 228 41 uppfattning
1208 1348 50 29 att
1286 1345 237 39 befattningar
1553 1344 53 29 så-

110 1412 76 20 som
214 1403 288 39 socialinspektör
530 1402 99 30 skola
655 1402 151 30 inrättas
834 1402 79 29 med
941 1402 67 29 den
1033 1400 275 30 konsulterande
1337 1398 268 30 verksamheten

108 1455 223 30 beträffande
353 1455 178 30 allmänna
555 1455 130 30 sociala
707 1455 118 39 frågor
847 1454 145 30 utanför
1014 1453 296 39 arbetsplatserna
1334 1452 115 29 såsom
1471 1450 136 30 huvud-

109 1509 150 40 uppgift.
291 1509 114 30 Sådan
426 1508 223 30 verksamhet
668 1508 63 30 bör
751 1508 11 29 i
785 1507 114 30 stället
920 1508 200 39 begränsas,
1142 1506 108 30 vilket
1272 1506 86 29 även
1380 1505 62 29 bör
1462 1504 144 30 komma

108 1562 53 29 till
187 1562 141 40 uttryck
352 1562 11 29 i
386 1562 67 29 den
477 1561 56 30 för
557 1560 355 40 yrkesinspektionen
936 1559 159 40 gällande
1120 1558 272 31 instruktionen.
1429 1556 177 31 Utskottet

108 1615 60 29 vill
192 1615 193 30 emellertid
406 1615 76 30 icke
506 1615 168 30 motsätta
698 1615 51 39 sig
773 1615 51 29 att
847 1614 67 30 den
937 1613 182 39 kvinnliga
1141 1612 246 40 inspektionen
1411 1610 194 31 förstärkes

109 1669 12 29 i
148 1669 72 29 viss
248 1668 255 40 utsträckning.
543 1668 215 30 Distriktens
787 1667 95 30 antal
911 1667 62 30 bör
998 1666 108 40 enligt
1132 1666 190 30 utskottets
1350 1664 141 40 mening
1519 1664 86 30 ökas

109 1722 82 30 från
212 1722 78 40 fyra
312 1722 52 30 till
388 1721 80 31 fem.
503 1722 13 28 I
538 1721 171 30 samband
731 1721 145 30 därmed
898 1721 85 29 böra
1005 1719 187 31 distrikten
1214 1718 133 31 erhålla
1370 1718 156 39 följande
1549 1717 57 30 be-

110 1775 210 39 nämningar
351 1775 63 29 och
446 1774 223 39 omfattning,
702 1774 176 39 nämligen
908 1773 111 39 första
1050 1772 194 30 distriktet:
1277 1771 220 30 Stockholms
1528 1770 78 29 stad

110 1830 92 28 samt
220 1828 230 34 Stockholms,
469 1828 163 39 Uppsala,
652 1827 179 34 Gotlands,
852 1826 296 31 Södermanlands
1167 1826 66 29 och
1252 1824 264 39 Östergötlands
1536 1824 69 32 län,

108 1881 112 29 andra
248 1881 193 29 distriktet:
469 1880 275 30 Västmanlands
770 1880 65 29 och
861 1879 245 39 Kopparbergs
1132 1879 69 33 län,
1230 1878 185 38 Älvsborgs
1441 1878 58 28 län
1526 1877 79 29 med

110 1935 181 38 undantag
310 1943 42 20 av
370 1934 67 29 den
455 1934 11 29 i
485 1933 269 39 Västergötland
773 1933 160 38 liggande
952 1932 100 30 delen
1071 1932 108 29 därav
1199 1933 91 27 samt
1310 1930 209 30 Värmlands
1540 1929 65 30 och

110 1987 131 30 Örebro
269 1987 68 33 län,
368 1986 110 39 tredje
506 1986 194 29 distriktet:
730 1986 230 38 Jönköpings,
989 1984 231 39 Kronobergs,
1248 1983 154 34 Kalmar,
1429 1983 176 38 Blekinge,

109 2040 257 30 Kristianstads
385 2040 65 29 och
469 2039 199 30 Malmöhus
688 2039 69 33 län,
777 2038 116 40 fjärde
914 2038 194 29 distriktet:
1130 2036 180 35 Hallands,
1331 2036 188 39 Göteborgs
1540 2035 65 30 och

110 2094 119 29 Bohus
250 2095 90 28 samt
361 2092 213 39 Skaraborgs
595 2093 58 29 län
673 2093 165 28 ävensom
857 2092 68 29 den
945 2091 11 29 i
975 2090 267 40 Västergötland
1263 2090 159 39 liggande
1443 2089 99 30 delen
1564 2098 42 20 av

111 2146 185 38 Älvsborgs
323 2146 66 33 län,
418 2147 89 28 samt
534 2145 108 39 femte
671 2144 194 30 distriktet:
895 2144 219 38 Gävleborgs,
1144 2142 322 34 Västernorrlands,
1495 2142 111 29 Jämt-

111 2200 111 31 lands,
251 2199 262 29 Västerbottens
540 2198 64 29 och
631 2198 229 29 Norrbottens
888 2197 68 29 län.
996 2197 12 28 I
1036 2196 97 39 varje
1159 2196 142 29 distrikt
1328 2196 62 29 bör
1418 2195 117 29 finnas
1562 2204 43 20 en

111 2252 190 39 inspektris
337 2251 109 38 jämte
483 2260 42 20 en
563 2250 176 29 assistent.
789 2250 48 29 De
876 2249 201 30 nuvarande
1117 2251 50 27 tre
1205 2249 285 38 befattningarna
1530 2257 75 20 som

110 2303 354 39 distriktsinspektris
485 2303 83 29 böra
590 2302 299 30 ordinariesättas.
923 2302 48 29 De
993 2301 57 30 två
1071 2301 203 29 nuvarande
1293 2300 313 40 yrkesinspektris-

111 2356 450 38 assistentbefattningarna
597 2355 64 29 hos
698 2354 441 39 distriktsinspektriserna
1177 2354 77 29 med
1294 2354 125 29 arvode
1458 2355 148 27 motsva-

112 2410 106 30 rande
238 2409 42 30 Ce
296 2410 55 28 22:
368 2410 40 28 22
428 2409 83 28 böra
529 2408 187 29 förändras
735 2408 48 29 till
804 2409 96 28 extra
920 2406 174 30 ordinarie
1114 2406 150 39 tjänster
1283 2407 9 28 i
1313 2406 163 38 lönegrad
1495 2406 42 30 Ce
1553 2406 51 29 22.

111 2461 347 40 Yrkesinspektrisen
476 2461 61 29 bör
554 2460 169 30 hänföras
740 2460 51 29 till
810 2459 492 39 riksförsäkringsanstaltens
1319 2459 287 40 arbetarskydds-

112 2516 85 40 byrå
224 2515 125 30 liksom
377 2515 85 29 även
491 2513 268 30 kanslibiträdet
788 2513 9 29 i
825 2513 44 30 Ca
889 2513 47 29 11.
976 2512 305 40 Benämningarna
1309 2512 297 40 yrkesinspektris
