<?xml version="1.0" encoding="UTF-8"?>
<alto xmlns="http://www.loc.gov/standards/alto/ns-v3#" xmlns:xlink="http://www.w3.org/1999/xlink" xmlns:xsi="http://www.w3.org/2001/XMLSchema-instance" xsi:schemaLocation="http://www.loc.gov/standards/alto/ns-v3# http://www.loc.gov/alto/v3/alto-3-0.xsd">
	<Description>
		<MeasurementUnit>pixel</MeasurementUnit>
		<sourceImageInformation>
			<fileName>/tmp/tess_qldoscvc_input.PNG</fileName>
		</sourceImageInformation>
		<OCRProcessing ID="OCR_0">
			<ocrProcessingStep>
				<processingSoftware>
					<softwareName>tesseract 5.3.0</softwareName>
				</processingSoftware>
			</ocrProcessingStep>
		</OCRProcessing>
	</Description>
	<Layout>
		<Page WIDTH="2180" HEIGHT="2600" PHYSICAL_IMG_NR="0" ID="page_0">
			<PrintSpace HPOS="0" VPOS="0" WIDTH="2180" HEIGHT="2600">
				<ComposedBlock ID="cblock_0" HPOS="402" VPOS="187" WIDTH="1096" HEIGHT="35">
					<TextBlock ID="block_0" HPOS="402" VPOS="187" WIDTH="1096" HEIGHT="35">
						<TextLine ID="line_0" HPOS="402" VPOS="187" WIDTH="1096" HEIGHT="35">
							<String ID="string_0" HPOS="402" VPOS="187" WIDTH="42" HEIGHT="31" WC="0.96" CONTENT="32"/><SP WIDTH="372" VPOS="187" HPOS="444"/>
							<String ID="string_1" HPOS="816" VPOS="189" WIDTH="291" HEIGHT="33" WC="0.89" CONTENT="Statsutskottets"/><SP WIDTH="20" VPOS="189" HPOS="1107"/>
							<String ID="string_2" HPOS="1127" VPOS="189" WIDTH="189" HEIGHT="33" WC="0.95" CONTENT="utlåtande"/><SP WIDTH="20" VPOS="189" HPOS="1316"/>
							<String ID="string_3" HPOS="1336" VPOS="190" WIDTH="51" HEIGHT="31" WC="0.96" CONTENT="Nr"/><SP WIDTH="24" VPOS="190" HPOS="1387"/>
							<String ID="string_4" HPOS="1411" VPOS="190" WIDTH="21" HEIGHT="30" WC="0.93" CONTENT="2"/><SP WIDTH="23" VPOS="190" HPOS="1432"/>
							<String ID="string_5" HPOS="1455" VPOS="189" WIDTH="43" HEIGHT="31" WC="0.73" CONTENT="Å."/>
						</TextLine>
					</TextBlock>
				</ComposedBlock>
				<ComposedBlock ID="cblock_1" HPOS="356" VPOS="266" WIDTH="1602" HEIGHT="1080">
					<TextBlock ID="block_1" HPOS="361" VPOS="266" WIDTH="1593" HEIGHT="101">
						<TextLine ID="line_1" HPOS="489" VPOS="266" WIDTH="1465" HEIGHT="49">
							<String ID="string_6" HPOS="489" VPOS="266" WIDTH="16" HEIGHT="36" WC="0.96" CONTENT="I"/><SP WIDTH="30" VPOS="266" HPOS="505"/>
							<String ID="string_7" HPOS="535" VPOS="266" WIDTH="106" HEIGHT="49" WC="0.96" CONTENT="fråga"/><SP WIDTH="44" VPOS="266" HPOS="641"/>
							<String ID="string_8" HPOS="685" VPOS="279" WIDTH="60" HEIGHT="23" WC="0.96" CONTENT="om"/><SP WIDTH="46" VPOS="279" HPOS="745"/>
							<String ID="string_9" HPOS="791" VPOS="266" WIDTH="257" HEIGHT="49" WC="0.94" CONTENT="utredningen"/><SP WIDTH="26" VPOS="266" HPOS="1048"/>
							<String ID="string_10" HPOS="1074" VPOS="266" WIDTH="12" HEIGHT="36" WC="0.96" CONTENT="i"/><SP WIDTH="28" VPOS="266" HPOS="1086"/>
							<String ID="string_11" HPOS="1114" VPOS="271" WIDTH="129" HEIGHT="31" WC="0.96" CONTENT="ämnet"/><SP WIDTH="39" VPOS="271" HPOS="1243"/>
							<String ID="string_12" HPOS="1282" VPOS="267" WIDTH="56" HEIGHT="35" WC="0.96" CONTENT="får"/><SP WIDTH="40" VPOS="267" HPOS="1338"/>
							<String ID="string_13" HPOS="1378" VPOS="267" WIDTH="185" HEIGHT="36" WC="0.96" CONTENT="utskottet"/><SP WIDTH="40" VPOS="267" HPOS="1563"/>
							<String ID="string_14" HPOS="1603" VPOS="267" WIDTH="157" HEIGHT="36" WC="0.96" CONTENT="hänvisa"/><SP WIDTH="40" VPOS="267" HPOS="1760"/>
							<String ID="string_15" HPOS="1800" VPOS="267" WIDTH="55" HEIGHT="36" WC="0.95" CONTENT="till"/><SP WIDTH="30" VPOS="267" HPOS="1855"/>
							<String ID="string_16" HPOS="1885" VPOS="268" WIDTH="69" HEIGHT="35" WC="0.96" CONTENT="sid."/>
						</TextLine>
						<TextLine ID="line_2" HPOS="361" VPOS="318" WIDTH="642" HEIGHT="49">
							<String ID="string_17" HPOS="361" VPOS="319" WIDTH="150" HEIGHT="34" WC="0.90" CONTENT="67—70"/><SP WIDTH="29" VPOS="319" HPOS="511"/>
							<String ID="string_18" HPOS="540" VPOS="318" WIDTH="11" HEIGHT="35" WC="0.93" CONTENT="i"/><SP WIDTH="28" VPOS="318" HPOS="551"/>
							<String ID="string_19" HPOS="579" VPOS="318" WIDTH="424" HEIGHT="49" WC="0.88" CONTENT="statsrådsprotokollet."/>
						</TextLine>
					</TextBlock>
					<TextBlock ID="block_2" HPOS="356" VPOS="369" WIDTH="1602" HEIGHT="977">
						<TextLine ID="line_3" HPOS="489" VPOS="369" WIDTH="1466" HEIGHT="51">
							<String ID="string_20" HPOS="489" VPOS="369" WIDTH="72" HEIGHT="36" WC="0.96" CONTENT="För"/><SP WIDTH="40" VPOS="369" HPOS="561"/>
							<String ID="string_21" HPOS="601" VPOS="369" WIDTH="322" HEIGHT="49" WC="0.96" CONTENT="understödjande"/><SP WIDTH="44" VPOS="369" HPOS="923"/>
							<String ID="string_22" HPOS="967" VPOS="383" WIDTH="45" HEIGHT="22" WC="0.96" CONTENT="av"/><SP WIDTH="37" VPOS="383" HPOS="1012"/>
							<String ID="string_23" HPOS="1049" VPOS="369" WIDTH="290" HEIGHT="38" WC="0.88" CONTENT="verksamheten"/><SP WIDTH="28" VPOS="369" HPOS="1339"/>
							<String ID="string_24" HPOS="1367" VPOS="370" WIDTH="56" HEIGHT="36" WC="0.95" CONTENT="till"/><SP WIDTH="28" VPOS="370" HPOS="1423"/>
							<String ID="string_25" HPOS="1451" VPOS="370" WIDTH="168" HEIGHT="49" WC="0.93" CONTENT="frigivna"/><SP WIDTH="28" VPOS="370" HPOS="1619"/>
							<String ID="string_26" HPOS="1647" VPOS="371" WIDTH="156" HEIGHT="48" WC="0.91" CONTENT="fångars"/><SP WIDTH="29" VPOS="371" HPOS="1803"/>
							<String ID="string_27" HPOS="1832" VPOS="371" WIDTH="123" HEIGHT="49" WC="0.96" CONTENT="skydd"/>
						</TextLine>
						<TextLine ID="line_4" HPOS="359" VPOS="420" WIDTH="1599" HEIGHT="52">
							<String ID="string_28" HPOS="359" VPOS="420" WIDTH="68" HEIGHT="36" WC="0.92" CONTENT="har"/><SP WIDTH="29" VPOS="420" HPOS="427"/>
							<String ID="string_29" HPOS="456" VPOS="421" WIDTH="396" HEIGHT="49" WC="0.91" CONTENT="fångvårdsstyrelsen"/><SP WIDTH="28" VPOS="421" HPOS="852"/>
							<String ID="string_30" HPOS="880" VPOS="421" WIDTH="116" HEIGHT="36" WC="0.96" CONTENT="sedan"/><SP WIDTH="29" VPOS="421" HPOS="996"/>
							<String ID="string_31" HPOS="1025" VPOS="423" WIDTH="141" HEIGHT="47" WC="0.96" CONTENT="många"/><SP WIDTH="32" VPOS="423" HPOS="1166"/>
							<String ID="string_32" HPOS="1198" VPOS="423" WIDTH="41" HEIGHT="34" WC="0.96" CONTENT="år"/><SP WIDTH="27" VPOS="423" HPOS="1239"/>
							<String ID="string_33" HPOS="1266" VPOS="421" WIDTH="156" HEIGHT="37" WC="0.96" CONTENT="tillbaka"/><SP WIDTH="28" VPOS="421" HPOS="1422"/>
							<String ID="string_34" HPOS="1450" VPOS="422" WIDTH="80" HEIGHT="36" WC="0.96" CONTENT="haft"/><SP WIDTH="27" VPOS="422" HPOS="1530"/>
							<String ID="string_35" HPOS="1557" VPOS="428" WIDTH="56" HEIGHT="30" WC="0.96" CONTENT="att"/><SP WIDTH="28" VPOS="428" HPOS="1613"/>
							<String ID="string_36" HPOS="1641" VPOS="422" WIDTH="199" HEIGHT="50" WC="0.96" CONTENT="disponera"/><SP WIDTH="29" VPOS="422" HPOS="1840"/>
							<String ID="string_37" HPOS="1869" VPOS="428" WIDTH="89" HEIGHT="31" WC="0.96" CONTENT="över"/>
						</TextLine>
						<TextLine ID="line_5" HPOS="357" VPOS="472" WIDTH="1601" HEIGHT="50">
							<String ID="string_38" HPOS="357" VPOS="472" WIDTH="390" HEIGHT="50" WC="0.92" CONTENT="ränteavkastningen"/><SP WIDTH="41" VPOS="472" HPOS="747"/>
							<String ID="string_39" HPOS="788" VPOS="473" WIDTH="78" HEIGHT="36" WC="0.96" CONTENT="dels"/><SP WIDTH="42" VPOS="473" HPOS="866"/>
							<String ID="string_40" HPOS="908" VPOS="486" WIDTH="47" HEIGHT="23" WC="0.93" CONTENT="av"/><SP WIDTH="43" VPOS="486" HPOS="955"/>
							<String ID="string_41" HPOS="998" VPOS="473" WIDTH="257" HEIGHT="47" WC="0.90" CONTENT="fångvårdens"/><SP WIDTH="42" VPOS="473" HPOS="1255"/>
							<String ID="string_42" HPOS="1297" VPOS="486" WIDTH="28" HEIGHT="23" WC="0.88" CONTENT="s."/><SP WIDTH="43" VPOS="486" HPOS="1325"/>
							<String ID="string_43" HPOS="1368" VPOS="474" WIDTH="36" HEIGHT="35" WC="0.92" CONTENT="k."/><SP WIDTH="44" VPOS="474" HPOS="1404"/>
							<String ID="string_44" HPOS="1448" VPOS="474" WIDTH="373" HEIGHT="48" WC="0.90" CONTENT="besparingskassor,"/><SP WIDTH="33" VPOS="474" HPOS="1821"/>
							<String ID="string_45" HPOS="1854" VPOS="474" WIDTH="104" HEIGHT="36" WC="0.96" CONTENT="vilka"/>
						</TextLine>
						<TextLine ID="line_6" HPOS="358" VPOS="523" WIDTH="1599" HEIGHT="51">
							<String ID="string_46" HPOS="358" VPOS="523" WIDTH="237" HEIGHT="49" WC="0.96" CONTENT="uppkommit"/><SP WIDTH="27" VPOS="523" HPOS="595"/>
							<String ID="string_47" HPOS="622" VPOS="524" WIDTH="240" HEIGHT="49" WC="0.96" CONTENT="väsentligen"/><SP WIDTH="29" VPOS="524" HPOS="862"/>
							<String ID="string_48" HPOS="891" VPOS="527" WIDTH="48" HEIGHT="46" WC="0.96" CONTENT="på"/><SP WIDTH="28" VPOS="527" HPOS="939"/>
							<String ID="string_49" HPOS="967" VPOS="525" WIDTH="123" HEIGHT="48" WC="0.96" CONTENT="grund"/><SP WIDTH="30" VPOS="525" HPOS="1090"/>
							<String ID="string_50" HPOS="1120" VPOS="538" WIDTH="46" HEIGHT="22" WC="0.96" CONTENT="av"/><SP WIDTH="30" VPOS="538" HPOS="1166"/>
							<String ID="string_51" HPOS="1196" VPOS="524" WIDTH="102" HEIGHT="36" WC="0.96" CONTENT="äldre"/><SP WIDTH="27" VPOS="524" HPOS="1298"/>
							<String ID="string_52" HPOS="1325" VPOS="525" WIDTH="237" HEIGHT="49" WC="0.96" CONTENT="stadganden"/><SP WIDTH="28" VPOS="525" HPOS="1562"/>
							<String ID="string_53" HPOS="1590" VPOS="538" WIDTH="71" HEIGHT="24" WC="0.25" CONTENT="om:"/><SP WIDTH="24" VPOS="538" HPOS="1661"/>
							<String ID="string_54" HPOS="1685" VPOS="531" WIDTH="54" HEIGHT="31" WC="0.96" CONTENT="att"/><SP WIDTH="15" VPOS="531" HPOS="1739"/>
							<String ID="string_55" HPOS="1754" VPOS="526" WIDTH="76" HEIGHT="36" WC="0.96" CONTENT="viss"/><SP WIDTH="16" VPOS="526" HPOS="1830"/>
							<String ID="string_56" HPOS="1846" VPOS="526" WIDTH="111" HEIGHT="36" WC="0.96" CONTENT="andel"/>
						</TextLine>
						<TextLine ID="line_7" HPOS="359" VPOS="575" WIDTH="1599" HEIGHT="51">
							<String ID="string_57" HPOS="359" VPOS="588" WIDTH="46" HEIGHT="23" WC="0.96" CONTENT="av"/><SP WIDTH="28" VPOS="588" HPOS="405"/>
							<String ID="string_58" HPOS="433" VPOS="575" WIDTH="215" HEIGHT="37" WC="0.93" CONTENT="inkomsten"/><SP WIDTH="29" VPOS="575" HPOS="648"/>
							<String ID="string_59" HPOS="677" VPOS="579" WIDTH="21" HEIGHT="33" WC="0.91" CONTENT="å"/><SP WIDTH="28" VPOS="579" HPOS="698"/>
							<String ID="string_60" HPOS="726" VPOS="576" WIDTH="238" HEIGHT="49" WC="0.91" CONTENT="fångarbetet"/><SP WIDTH="28" VPOS="576" HPOS="964"/>
							<String ID="string_61" HPOS="992" VPOS="576" WIDTH="120" HEIGHT="36" WC="0.96" CONTENT="skulle"/><SP WIDTH="27" VPOS="576" HPOS="1112"/>
							<String ID="string_62" HPOS="1139" VPOS="576" WIDTH="64" HEIGHT="36" WC="0.96" CONTENT="vid"/><SP WIDTH="30" VPOS="576" HPOS="1203"/>
							<String ID="string_63" HPOS="1233" VPOS="576" WIDTH="242" HEIGHT="49" WC="0.92" CONTENT="fängelserna"/><SP WIDTH="26" VPOS="576" HPOS="1475"/>
							<String ID="string_64" HPOS="1501" VPOS="577" WIDTH="192" HEIGHT="49" WC="0.90" CONTENT="besparas,"/><SP WIDTH="30" VPOS="577" HPOS="1693"/>
							<String ID="string_65" HPOS="1723" VPOS="577" WIDTH="82" HEIGHT="36" WC="0.96" CONTENT="dels"/><SP WIDTH="19" VPOS="577" HPOS="1805"/>
							<String ID="string_66" HPOS="1824" VPOS="578" WIDTH="70" HEIGHT="36" WC="0.96" CONTENT="ock"/><SP WIDTH="17" VPOS="578" HPOS="1894"/>
							<String ID="string_67" HPOS="1911" VPOS="591" WIDTH="47" HEIGHT="23" WC="0.96" CONTENT="av"/>
						</TextLine>
						<TextLine ID="line_8" HPOS="358" VPOS="627" WIDTH="1599" HEIGHT="50">
							<String ID="string_68" HPOS="358" VPOS="629" WIDTH="120" HEIGHT="46" WC="0.96" CONTENT="några"/><SP WIDTH="42" VPOS="629" HPOS="478"/>
							<String ID="string_69" HPOS="520" VPOS="627" WIDTH="143" HEIGHT="48" WC="0.96" CONTENT="fonder,"/><SP WIDTH="43" VPOS="627" HPOS="663"/>
							<String ID="string_70" HPOS="706" VPOS="641" WIDTH="81" HEIGHT="23" WC="0.95" CONTENT="som"/><SP WIDTH="30" VPOS="641" HPOS="787"/>
							<String ID="string_71" HPOS="817" VPOS="641" WIDTH="45" HEIGHT="23" WC="0.96" CONTENT="av"/><SP WIDTH="28" VPOS="641" HPOS="862"/>
							<String ID="string_72" HPOS="890" VPOS="627" WIDTH="170" HEIGHT="37" WC="0.93" CONTENT="enskilda"/><SP WIDTH="28" VPOS="627" HPOS="1060"/>
							<String ID="string_73" HPOS="1088" VPOS="628" WIDTH="178" HEIGHT="35" WC="0.91" CONTENT="donerats"/><SP WIDTH="29" VPOS="628" HPOS="1266"/>
							<String ID="string_74" HPOS="1295" VPOS="629" WIDTH="58" HEIGHT="35" WC="0.96" CONTENT="för"/><SP WIDTH="30" VPOS="629" HPOS="1353"/>
							<String ID="string_75" HPOS="1383" VPOS="634" WIDTH="54" HEIGHT="31" WC="0.96" CONTENT="att"/><SP WIDTH="28" VPOS="634" HPOS="1437"/>
							<String ID="string_76" HPOS="1465" VPOS="629" WIDTH="193" HEIGHT="36" WC="0.96" CONTENT="användas"/><SP WIDTH="28" VPOS="629" HPOS="1658"/>
							<String ID="string_77" HPOS="1686" VPOS="629" WIDTH="56" HEIGHT="36" WC="0.93" CONTENT="till"/><SP WIDTH="28" VPOS="629" HPOS="1742"/>
							<String ID="string_78" HPOS="1770" VPOS="629" WIDTH="187" HEIGHT="48" WC="0.93" CONTENT="frigivnas"/>
						</TextLine>
						<TextLine ID="line_9" HPOS="358" VPOS="678" WIDTH="1597" HEIGHT="51">
							<String ID="string_79" HPOS="358" VPOS="678" WIDTH="82" HEIGHT="36" WC="0.96" CONTENT="stöd"/><SP WIDTH="43" VPOS="678" HPOS="440"/>
							<String ID="string_80" HPOS="483" VPOS="679" WIDTH="89" HEIGHT="36" WC="0.96" CONTENT="eller"/><SP WIDTH="46" VPOS="679" HPOS="572"/>
							<String ID="string_81" HPOS="618" VPOS="679" WIDTH="119" HEIGHT="36" WC="0.96" CONTENT="andra"/><SP WIDTH="40" VPOS="679" HPOS="737"/>
							<String ID="string_82" HPOS="777" VPOS="680" WIDTH="84" HEIGHT="35" WC="0.93" CONTENT="med"/><SP WIDTH="43" VPOS="680" HPOS="861"/>
							<String ID="string_83" HPOS="904" VPOS="679" WIDTH="436" HEIGHT="49" WC="0.91" CONTENT="skyddsverksamheten"/><SP WIDTH="28" VPOS="679" HPOS="1340"/>
							<String ID="string_84" HPOS="1368" VPOS="681" WIDTH="374" HEIGHT="48" WC="0.96" CONTENT="sammanhängande"/><SP WIDTH="27" VPOS="681" HPOS="1742"/>
							<String ID="string_85" HPOS="1769" VPOS="681" WIDTH="186" HEIGHT="36" WC="0.95" CONTENT="ändamål."/>
						</TextLine>
						<TextLine ID="line_10" HPOS="358" VPOS="729" WIDTH="1599" HEIGHT="53">
							<String ID="string_86" HPOS="358" VPOS="729" WIDTH="193" HEIGHT="49" WC="0.96" CONTENT="Därjämte"/><SP WIDTH="40" VPOS="729" HPOS="551"/>
							<String ID="string_87" HPOS="591" VPOS="730" WIDTH="69" HEIGHT="37" WC="0.96" CONTENT="har"/><SP WIDTH="36" VPOS="730" HPOS="660"/>
							<String ID="string_88" HPOS="696" VPOS="731" WIDTH="205" HEIGHT="49" WC="0.96" CONTENT="riksdagen"/><SP WIDTH="29" VPOS="731" HPOS="901"/>
							<String ID="string_89" HPOS="930" VPOS="731" WIDTH="119" HEIGHT="36" WC="0.96" CONTENT="under"/><SP WIDTH="27" VPOS="731" HPOS="1049"/>
							<String ID="string_90" HPOS="1076" VPOS="744" WIDTH="132" HEIGHT="23" WC="0.95" CONTENT="senare"/><SP WIDTH="29" VPOS="744" HPOS="1208"/>
							<String ID="string_91" HPOS="1237" VPOS="734" WIDTH="41" HEIGHT="33" WC="0.96" CONTENT="år"/><SP WIDTH="27" VPOS="734" HPOS="1278"/>
							<String ID="string_92" HPOS="1305" VPOS="731" WIDTH="57" HEIGHT="36" WC="0.93" CONTENT="till"/><SP WIDTH="29" VPOS="731" HPOS="1362"/>
							<String ID="string_93" HPOS="1391" VPOS="732" WIDTH="412" HEIGHT="50" WC="0.91" CONTENT="fångvårdsstyrelsens"/><SP WIDTH="28" VPOS="732" HPOS="1803"/>
							<String ID="string_94" HPOS="1831" VPOS="732" WIDTH="126" HEIGHT="49" WC="0.91" CONTENT="dispo-"/>
						</TextLine>
						<TextLine ID="line_11" HPOS="358" VPOS="782" WIDTH="1598" HEIGHT="50">
							<String ID="string_95" HPOS="358" VPOS="782" WIDTH="114" HEIGHT="35" WC="0.92" CONTENT="sition"/><SP WIDTH="42" VPOS="782" HPOS="472"/>
							<String ID="string_96" HPOS="514" VPOS="782" WIDTH="57" HEIGHT="36" WC="0.96" CONTENT="för"/><SP WIDTH="26" VPOS="782" HPOS="571"/>
							<String ID="string_97" HPOS="597" VPOS="796" WIDTH="51" HEIGHT="22" WC="0.96" CONTENT="nu"/><SP WIDTH="29" VPOS="796" HPOS="648"/>
							<String ID="string_98" HPOS="677" VPOS="783" WIDTH="291" HEIGHT="48" WC="0.29" CONTENT="ifrågavarande"/><SP WIDTH="28" VPOS="783" HPOS="968"/>
							<String ID="string_99" HPOS="996" VPOS="782" WIDTH="174" HEIGHT="37" WC="0.95" CONTENT="ändamål"/><SP WIDTH="30" VPOS="782" HPOS="1170"/>
							<String ID="string_100" HPOS="1200" VPOS="783" WIDTH="147" HEIGHT="36" WC="0.96" CONTENT="anvisat"/><SP WIDTH="27" VPOS="783" HPOS="1347"/>
							<String ID="string_101" HPOS="1374" VPOS="784" WIDTH="96" HEIGHT="36" WC="0.96" CONTENT="visst"/><SP WIDTH="29" VPOS="784" HPOS="1470"/>
							<String ID="string_102" HPOS="1499" VPOS="784" WIDTH="145" HEIGHT="48" WC="0.95" CONTENT="anslag,"/><SP WIDTH="30" VPOS="784" HPOS="1644"/>
							<String ID="string_103" HPOS="1674" VPOS="797" WIDTH="80" HEIGHT="23" WC="0.96" CONTENT="som"/><SP WIDTH="30" VPOS="797" HPOS="1754"/>
							<String ID="string_104" HPOS="1784" VPOS="784" WIDTH="57" HEIGHT="36" WC="0.96" CONTENT="för"/><SP WIDTH="27" VPOS="784" HPOS="1841"/>
							<String ID="string_105" HPOS="1868" VPOS="787" WIDTH="88" HEIGHT="34" WC="0.96" CONTENT="åren"/>
						</TextLine>
						<TextLine ID="line_12" HPOS="361" VPOS="833" WIDTH="1596" HEIGHT="48">
							<String ID="string_106" HPOS="361" VPOS="834" WIDTH="97" HEIGHT="35" WC="0.96" CONTENT="1913"/><SP WIDTH="43" VPOS="834" HPOS="458"/>
							<String ID="string_107" HPOS="501" VPOS="833" WIDTH="70" HEIGHT="36" WC="0.96" CONTENT="och"/><SP WIDTH="44" VPOS="833" HPOS="571"/>
							<String ID="string_108" HPOS="615" VPOS="836" WIDTH="99" HEIGHT="34" WC="0.96" CONTENT="1914"/><SP WIDTH="44" VPOS="836" HPOS="714"/>
							<String ID="string_109" HPOS="758" VPOS="834" WIDTH="180" HEIGHT="37" WC="0.95" CONTENT="bestämts"/><SP WIDTH="41" VPOS="834" HPOS="938"/>
							<String ID="string_110" HPOS="979" VPOS="834" WIDTH="56" HEIGHT="36" WC="0.91" CONTENT="till"/><SP WIDTH="43" VPOS="834" HPOS="1035"/>
							<String ID="string_111" HPOS="1078" VPOS="835" WIDTH="138" HEIGHT="46" WC="0.90" CONTENT="10,000"/><SP WIDTH="29" VPOS="835" HPOS="1216"/>
							<String ID="string_112" HPOS="1245" VPOS="835" WIDTH="150" HEIGHT="46" WC="0.96" CONTENT="kronor,"/><SP WIDTH="30" VPOS="835" HPOS="1395"/>
							<String ID="string_113" HPOS="1425" VPOS="835" WIDTH="164" HEIGHT="37" WC="0.95" CONTENT="därefter"/><SP WIDTH="28" VPOS="835" HPOS="1589"/>
							<String ID="string_114" HPOS="1617" VPOS="836" WIDTH="57" HEIGHT="35" WC="0.96" CONTENT="till"/><SP WIDTH="29" VPOS="836" HPOS="1674"/>
							<String ID="string_115" HPOS="1703" VPOS="836" WIDTH="71" HEIGHT="36" WC="0.96" CONTENT="och"/><SP WIDTH="29" VPOS="836" HPOS="1774"/>
							<String ID="string_116" HPOS="1803" VPOS="836" WIDTH="84" HEIGHT="36" WC="0.96" CONTENT="med"/><SP WIDTH="30" VPOS="836" HPOS="1887"/>
							<String ID="string_117" HPOS="1917" VPOS="838" WIDTH="40" HEIGHT="34" WC="0.96" CONTENT="år"/>
						</TextLine>
						<TextLine ID="line_13" HPOS="361" VPOS="885" WIDTH="1595" HEIGHT="49">
							<String ID="string_118" HPOS="361" VPOS="886" WIDTH="97" HEIGHT="34" WC="0.94" CONTENT="1919"/><SP WIDTH="43" VPOS="886" HPOS="458"/>
							<String ID="string_119" HPOS="501" VPOS="885" WIDTH="52" HEIGHT="36" WC="0.92" CONTENT="till"/><SP WIDTH="47" VPOS="885" HPOS="553"/>
							<String ID="string_120" HPOS="600" VPOS="887" WIDTH="139" HEIGHT="46" WC="0.89" CONTENT="16,000"/><SP WIDTH="28" VPOS="887" HPOS="739"/>
							<String ID="string_121" HPOS="767" VPOS="887" WIDTH="140" HEIGHT="35" WC="0.96" CONTENT="kronor"/><SP WIDTH="28" VPOS="887" HPOS="907"/>
							<String ID="string_122" HPOS="935" VPOS="892" WIDTH="97" HEIGHT="30" WC="0.96" CONTENT="samt"/><SP WIDTH="28" VPOS="892" HPOS="1032"/>
							<String ID="string_123" HPOS="1060" VPOS="886" WIDTH="59" HEIGHT="36" WC="0.96" CONTENT="för"/><SP WIDTH="28" VPOS="886" HPOS="1119"/>
							<String ID="string_124" HPOS="1147" VPOS="889" WIDTH="41" HEIGHT="33" WC="0.96" CONTENT="år"/><SP WIDTH="31" VPOS="889" HPOS="1188"/>
							<String ID="string_125" HPOS="1219" VPOS="887" WIDTH="97" HEIGHT="35" WC="0.96" CONTENT="1920"/><SP WIDTH="28" VPOS="887" HPOS="1316"/>
							<String ID="string_126" HPOS="1344" VPOS="887" WIDTH="58" HEIGHT="35" WC="0.93" CONTENT="till"/><SP WIDTH="28" VPOS="887" HPOS="1402"/>
							<String ID="string_127" HPOS="1430" VPOS="889" WIDTH="139" HEIGHT="45" WC="0.90" CONTENT="25,000"/><SP WIDTH="28" VPOS="889" HPOS="1569"/>
							<String ID="string_128" HPOS="1597" VPOS="888" WIDTH="152" HEIGHT="36" WC="0.93" CONTENT="kronor."/><SP WIDTH="56" VPOS="888" HPOS="1749"/>
							<String ID="string_129" HPOS="1805" VPOS="887" WIDTH="151" HEIGHT="37" WC="0.89" CONTENT="Jämväl"/>
						</TextLine>
						<TextLine ID="line_14" HPOS="359" VPOS="936" WIDTH="1597" HEIGHT="52">
							<String ID="string_130" HPOS="359" VPOS="936" WIDTH="58" HEIGHT="36" WC="0.96" CONTENT="för"/><SP WIDTH="42" VPOS="936" HPOS="417"/>
							<String ID="string_131" HPOS="459" VPOS="939" WIDTH="38" HEIGHT="33" WC="0.95" CONTENT="år"/><SP WIDTH="40" VPOS="939" HPOS="497"/>
							<String ID="string_132" HPOS="537" VPOS="939" WIDTH="94" HEIGHT="34" WC="0.96" CONTENT="1921"/><SP WIDTH="32" VPOS="939" HPOS="631"/>
							<String ID="string_133" HPOS="663" VPOS="938" WIDTH="96" HEIGHT="36" WC="0.96" CONTENT="hade"/><SP WIDTH="27" VPOS="938" HPOS="759"/>
							<String ID="string_134" HPOS="786" VPOS="938" WIDTH="135" HEIGHT="48" WC="0.95" CONTENT="anslag"/><SP WIDTH="28" VPOS="938" HPOS="921"/>
							<String ID="string_135" HPOS="949" VPOS="938" WIDTH="176" HEIGHT="49" WC="0.95" CONTENT="beviljats"/><SP WIDTH="28" VPOS="938" HPOS="1125"/>
							<String ID="string_136" HPOS="1153" VPOS="938" WIDTH="85" HEIGHT="36" WC="0.96" CONTENT="med"/><SP WIDTH="31" VPOS="938" HPOS="1238"/>
							<String ID="string_137" HPOS="1269" VPOS="939" WIDTH="236" HEIGHT="36" WC="0.96" CONTENT="sistnämnda"/><SP WIDTH="28" VPOS="939" HPOS="1505"/>
							<String ID="string_138" HPOS="1533" VPOS="939" WIDTH="148" HEIGHT="49" WC="0.96" CONTENT="belopp."/><SP WIDTH="56" VPOS="939" HPOS="1681"/>
							<String ID="string_139" HPOS="1737" VPOS="939" WIDTH="219" HEIGHT="38" WC="0.95" CONTENT="Emellertid"/>
						</TextLine>
						<TextLine ID="line_15" HPOS="359" VPOS="987" WIDTH="1596" HEIGHT="52">
							<String ID="string_140" HPOS="359" VPOS="987" WIDTH="163" HEIGHT="49" WC="0.96" CONTENT="medgav"/><SP WIDTH="31" VPOS="987" HPOS="522"/>
							<String ID="string_141" HPOS="553" VPOS="991" WIDTH="95" HEIGHT="34" WC="0.95" CONTENT="1921"/><SP WIDTH="32" VPOS="991" HPOS="648"/>
							<String ID="string_142" HPOS="680" VPOS="992" WIDTH="60" HEIGHT="33" WC="0.95" CONTENT="års"/><SP WIDTH="30" VPOS="992" HPOS="740"/>
							<String ID="string_143" HPOS="770" VPOS="990" WIDTH="158" HEIGHT="47" WC="0.95" CONTENT="riksdag"/><SP WIDTH="28" VPOS="990" HPOS="928"/>
							<String ID="string_144" HPOS="956" VPOS="1003" WIDTH="45" HEIGHT="23" WC="0.96" CONTENT="en"/><SP WIDTH="31" VPOS="1003" HPOS="1001"/>
							<String ID="string_145" HPOS="1032" VPOS="990" WIDTH="261" HEIGHT="49" WC="0.96" CONTENT="förstärkning"/><SP WIDTH="28" VPOS="990" HPOS="1293"/>
							<String ID="string_146" HPOS="1321" VPOS="1004" WIDTH="46" HEIGHT="23" WC="0.96" CONTENT="av"/><SP WIDTH="28" VPOS="1004" HPOS="1367"/>
							<String ID="string_147" HPOS="1395" VPOS="1004" WIDTH="142" HEIGHT="24" WC="0.96" CONTENT="samma"/><SP WIDTH="28" VPOS="1004" HPOS="1537"/>
							<String ID="string_148" HPOS="1565" VPOS="992" WIDTH="135" HEIGHT="47" WC="0.95" CONTENT="anslag"/><SP WIDTH="15" VPOS="992" HPOS="1700"/>
							<String ID="string_149" HPOS="1715" VPOS="992" WIDTH="85" HEIGHT="36" WC="0.93" CONTENT="med"/><SP WIDTH="18" VPOS="992" HPOS="1800"/>
							<String ID="string_150" HPOS="1818" VPOS="993" WIDTH="137" HEIGHT="46" WC="0.91" CONTENT="10,000"/>
						</TextLine>
						<TextLine ID="line_16" HPOS="358" VPOS="1039" WIDTH="1597" HEIGHT="53">
							<String ID="string_151" HPOS="358" VPOS="1039" WIDTH="151" HEIGHT="47" WC="0.93" CONTENT="kronor,"/><SP WIDTH="28" VPOS="1039" HPOS="509"/>
							<String ID="string_152" HPOS="537" VPOS="1040" WIDTH="124" HEIGHT="36" WC="0.92" CONTENT="vadan"/><SP WIDTH="28" VPOS="1040" HPOS="661"/>
							<String ID="string_153" HPOS="689" VPOS="1041" WIDTH="121" HEIGHT="36" WC="0.96" CONTENT="under"/><SP WIDTH="28" VPOS="1041" HPOS="810"/>
							<String ID="string_154" HPOS="838" VPOS="1044" WIDTH="40" HEIGHT="33" WC="0.96" CONTENT="år"/><SP WIDTH="31" VPOS="1044" HPOS="878"/>
							<String ID="string_155" HPOS="909" VPOS="1043" WIDTH="95" HEIGHT="34" WC="0.96" CONTENT="1921"/><SP WIDTH="32" VPOS="1043" HPOS="1004"/>
							<String ID="string_156" HPOS="1036" VPOS="1041" WIDTH="58" HEIGHT="36" WC="0.96" CONTENT="för"/><SP WIDTH="26" VPOS="1041" HPOS="1094"/>
							<String ID="string_157" HPOS="1120" VPOS="1042" WIDTH="214" HEIGHT="36" WC="0.96" CONTENT="ändamålet"/><SP WIDTH="28" VPOS="1042" HPOS="1334"/>
							<String ID="string_158" HPOS="1362" VPOS="1045" WIDTH="91" HEIGHT="34" WC="0.96" CONTENT="stått"/><SP WIDTH="27" VPOS="1045" HPOS="1453"/>
							<String ID="string_159" HPOS="1480" VPOS="1043" WIDTH="56" HEIGHT="36" WC="0.96" CONTENT="till"/><SP WIDTH="28" VPOS="1043" HPOS="1536"/>
							<String ID="string_160" HPOS="1564" VPOS="1043" WIDTH="227" HEIGHT="49" WC="0.93" CONTENT="förfogande"/><SP WIDTH="25" VPOS="1043" HPOS="1791"/>
							<String ID="string_161" HPOS="1816" VPOS="1045" WIDTH="139" HEIGHT="45" WC="0.91" CONTENT="35,000"/>
						</TextLine>
						<TextLine ID="line_17" HPOS="357" VPOS="1091" WIDTH="1598" HEIGHT="50">
							<String ID="string_162" HPOS="357" VPOS="1091" WIDTH="152" HEIGHT="45" WC="0.96" CONTENT="kronor,"/><SP WIDTH="30" VPOS="1091" HPOS="509"/>
							<String ID="string_163" HPOS="539" VPOS="1092" WIDTH="83" HEIGHT="36" WC="0.96" CONTENT="med"/><SP WIDTH="30" VPOS="1092" HPOS="622"/>
							<String ID="string_164" HPOS="652" VPOS="1092" WIDTH="119" HEIGHT="36" WC="0.96" CONTENT="vilket"/><SP WIDTH="27" VPOS="1092" HPOS="771"/>
							<String ID="string_165" HPOS="798" VPOS="1092" WIDTH="138" HEIGHT="49" WC="0.96" CONTENT="belopp"/><SP WIDTH="29" VPOS="1092" HPOS="936"/>
							<String ID="string_166" HPOS="965" VPOS="1092" WIDTH="134" HEIGHT="49" WC="0.96" CONTENT="anslag"/><SP WIDTH="27" VPOS="1092" HPOS="1099"/>
							<String ID="string_167" HPOS="1126" VPOS="1096" WIDTH="113" HEIGHT="45" WC="0.96" CONTENT="utgår"/><SP WIDTH="29" VPOS="1096" HPOS="1239"/>
							<String ID="string_168" HPOS="1268" VPOS="1098" WIDTH="96" HEIGHT="32" WC="0.96" CONTENT="även"/><SP WIDTH="29" VPOS="1098" HPOS="1364"/>
							<String ID="string_169" HPOS="1393" VPOS="1095" WIDTH="57" HEIGHT="35" WC="0.96" CONTENT="för"/><SP WIDTH="29" VPOS="1095" HPOS="1450"/>
							<String ID="string_170" HPOS="1479" VPOS="1098" WIDTH="40" HEIGHT="33" WC="0.96" CONTENT="år"/><SP WIDTH="30" VPOS="1098" HPOS="1519"/>
							<String ID="string_171" HPOS="1549" VPOS="1097" WIDTH="108" HEIGHT="34" WC="0.96" CONTENT="1922."/><SP WIDTH="58" VPOS="1097" HPOS="1657"/>
							<String ID="string_172" HPOS="1715" VPOS="1095" WIDTH="54" HEIGHT="36" WC="0.94" CONTENT="De"/><SP WIDTH="29" VPOS="1095" HPOS="1769"/>
							<String ID="string_173" HPOS="1798" VPOS="1095" WIDTH="157" HEIGHT="36" WC="0.95" CONTENT="sålunda"/>
						</TextLine>
						<TextLine ID="line_18" HPOS="357" VPOS="1142" WIDTH="1598" HEIGHT="53">
							<String ID="string_174" HPOS="357" VPOS="1142" WIDTH="189" HEIGHT="50" WC="0.96" CONTENT="beviljade"/><SP WIDTH="29" VPOS="1142" HPOS="546"/>
							<String ID="string_175" HPOS="575" VPOS="1144" WIDTH="148" HEIGHT="35" WC="0.96" CONTENT="medlen"/><SP WIDTH="28" VPOS="1144" HPOS="723"/>
							<String ID="string_176" HPOS="751" VPOS="1144" WIDTH="97" HEIGHT="36" WC="0.96" CONTENT="hava"/><SP WIDTH="27" VPOS="1144" HPOS="848"/>
							<String ID="string_177" HPOS="875" VPOS="1144" WIDTH="122" HEIGHT="48" WC="0.96" CONTENT="enligt"/><SP WIDTH="27" VPOS="1144" HPOS="997"/>
							<String ID="string_178" HPOS="1024" VPOS="1144" WIDTH="142" HEIGHT="49" WC="0.96" CONTENT="Kungl."/><SP WIDTH="30" VPOS="1144" HPOS="1166"/>
							<String ID="string_179" HPOS="1196" VPOS="1145" WIDTH="128" HEIGHT="49" WC="0.96" CONTENT="Maj:ts"/><SP WIDTH="33" VPOS="1145" HPOS="1324"/>
							<String ID="string_180" HPOS="1357" VPOS="1145" WIDTH="252" HEIGHT="38" WC="0.94" CONTENT="förordnande"/><SP WIDTH="28" VPOS="1145" HPOS="1609"/>
							<String ID="string_181" HPOS="1637" VPOS="1147" WIDTH="154" HEIGHT="36" WC="0.93" CONTENT="tillförts"/><SP WIDTH="31" VPOS="1147" HPOS="1791"/>
							<String ID="string_182" HPOS="1822" VPOS="1148" WIDTH="133" HEIGHT="47" WC="0.91" CONTENT="»fång-"/>
						</TextLine>
						<TextLine ID="line_19" HPOS="357" VPOS="1194" WIDTH="1598" HEIGHT="53">
							<String ID="string_183" HPOS="357" VPOS="1194" WIDTH="160" HEIGHT="36" WC="0.93" CONTENT="vårdens"/><SP WIDTH="46" VPOS="1194" HPOS="517"/>
							<String ID="string_184" HPOS="563" VPOS="1195" WIDTH="364" HEIGHT="49" WC="0.15" CONTENT="besparingskassa»"/><SP WIDTH="50" VPOS="1195" HPOS="927"/>
							<String ID="string_185" HPOS="977" VPOS="1196" WIDTH="57" HEIGHT="35" WC="0.95" CONTENT="för"/><SP WIDTH="45" VPOS="1196" HPOS="1034"/>
							<String ID="string_186" HPOS="1079" VPOS="1202" WIDTH="54" HEIGHT="30" WC="0.96" CONTENT="att"/><SP WIDTH="42" VPOS="1202" HPOS="1133"/>
							<String ID="string_187" HPOS="1175" VPOS="1196" WIDTH="181" HEIGHT="37" WC="0.54" CONTENT="förvaltas"/><SP WIDTH="42" VPOS="1196" HPOS="1356"/>
							<String ID="string_188" HPOS="1398" VPOS="1198" WIDTH="71" HEIGHT="35" WC="0.96" CONTENT="och"/><SP WIDTH="41" VPOS="1198" HPOS="1469"/>
							<String ID="string_189" HPOS="1510" VPOS="1198" WIDTH="194" HEIGHT="36" WC="0.96" CONTENT="användas"/><SP WIDTH="41" VPOS="1198" HPOS="1704"/>
							<String ID="string_190" HPOS="1745" VPOS="1198" WIDTH="11" HEIGHT="36" WC="0.96" CONTENT="i"/><SP WIDTH="29" VPOS="1198" HPOS="1756"/>
							<String ID="string_191" HPOS="1785" VPOS="1198" WIDTH="170" HEIGHT="49" WC="0.96" CONTENT="enlighet"/>
						</TextLine>
						<TextLine ID="line_20" HPOS="358" VPOS="1246" WIDTH="1596" HEIGHT="52">
							<String ID="string_192" HPOS="358" VPOS="1246" WIDTH="85" HEIGHT="36" WC="0.96" CONTENT="med"/><SP WIDTH="47" VPOS="1246" HPOS="443"/>
							<String ID="string_193" HPOS="490" VPOS="1246" WIDTH="61" HEIGHT="36" WC="0.96" CONTENT="det"/><SP WIDTH="45" VPOS="1246" HPOS="551"/>
							<String ID="string_194" HPOS="596" VPOS="1247" WIDTH="73" HEIGHT="36" WC="0.96" CONTENT="den"/><SP WIDTH="50" VPOS="1247" HPOS="669"/>
							<String ID="string_195" HPOS="719" VPOS="1248" WIDTH="45" HEIGHT="35" WC="0.96" CONTENT="10"/><SP WIDTH="41" VPOS="1248" HPOS="764"/>
							<String ID="string_196" HPOS="805" VPOS="1247" WIDTH="86" HEIGHT="48" WC="0.95" CONTENT="juni"/><SP WIDTH="48" VPOS="1247" HPOS="891"/>
							<String ID="string_197" HPOS="939" VPOS="1249" WIDTH="97" HEIGHT="34" WC="0.96" CONTENT="1912"/><SP WIDTH="38" VPOS="1249" HPOS="1036"/>
							<String ID="string_198" HPOS="1074" VPOS="1261" WIDTH="47" HEIGHT="23" WC="0.96" CONTENT="av"/><SP WIDTH="41" VPOS="1261" HPOS="1121"/>
							<String ID="string_199" HPOS="1162" VPOS="1248" WIDTH="142" HEIGHT="49" WC="0.96" CONTENT="Kungl."/><SP WIDTH="42" VPOS="1248" HPOS="1304"/>
							<String ID="string_200" HPOS="1346" VPOS="1249" WIDTH="108" HEIGHT="49" WC="0.95" CONTENT="Maj:t"/><SP WIDTH="36" VPOS="1249" HPOS="1454"/>
							<String ID="string_201" HPOS="1490" VPOS="1249" WIDTH="59" HEIGHT="37" WC="0.96" CONTENT="för"/><SP WIDTH="27" VPOS="1249" HPOS="1549"/>
							<String ID="string_202" HPOS="1576" VPOS="1250" WIDTH="138" HEIGHT="36" WC="0.96" CONTENT="kassan"/><SP WIDTH="30" VPOS="1250" HPOS="1714"/>
							<String ID="string_203" HPOS="1744" VPOS="1250" WIDTH="210" HEIGHT="36" WC="0.96" CONTENT="fastställda"/>
						</TextLine>
						<TextLine ID="line_21" HPOS="356" VPOS="1298" WIDTH="244" HEIGHT="48">
							<String ID="string_204" HPOS="356" VPOS="1298" WIDTH="244" HEIGHT="48" WC="0.95" CONTENT="reglemente."/>
						</TextLine>
					</TextBlock>
				</ComposedBlock>
				<ComposedBlock ID="cblock_2" HPOS="485" VPOS="1402" WIDTH="455" HEIGHT="47">
					<TextBlock ID="block_3" HPOS="485" VPOS="1402" WIDTH="455" HEIGHT="47">
						<TextLine ID="line_22" HPOS="485" VPOS="1402" WIDTH="455" HEIGHT="47">
							<String ID="string_205" HPOS="485" VPOS="1402" WIDTH="196" HEIGHT="37" WC="0.96" CONTENT="Utskottet"/><SP WIDTH="28" VPOS="1402" HPOS="681"/>
							<String ID="string_206" HPOS="709" VPOS="1402" WIDTH="231" HEIGHT="47" WC="0.96" CONTENT="hemställer,"/>
						</TextLine>
					</TextBlock>
				</ComposedBlock>
				<ComposedBlock ID="cblock_3" HPOS="751" VPOS="1489" WIDTH="1203" HEIGHT="244">
					<TextBlock ID="block_4" HPOS="751" VPOS="1489" WIDTH="1203" HEIGHT="244">
						<TextLine ID="line_23" HPOS="884" VPOS="1489" WIDTH="1070" HEIGHT="50">
							<String ID="string_207" HPOS="884" VPOS="1494" WIDTH="56" HEIGHT="31" WC="0.96" CONTENT="att"/><SP WIDTH="36" VPOS="1494" HPOS="940"/>
							<String ID="string_208" HPOS="976" VPOS="1489" WIDTH="204" HEIGHT="49" WC="0.95" CONTENT="riksdagen"/><SP WIDTH="29" VPOS="1489" HPOS="1180"/>
							<String ID="string_209" HPOS="1209" VPOS="1492" WIDTH="61" HEIGHT="34" WC="0.96" CONTENT="må"/><SP WIDTH="27" VPOS="1492" HPOS="1270"/>
							<String ID="string_210" HPOS="1297" VPOS="1489" WIDTH="56" HEIGHT="36" WC="0.92" CONTENT="till"/><SP WIDTH="30" VPOS="1489" HPOS="1353"/>
							<String ID="string_211" HPOS="1383" VPOS="1489" WIDTH="417" HEIGHT="50" WC="0.91" CONTENT="fångvårdsstyrelsens"/><SP WIDTH="28" VPOS="1489" HPOS="1800"/>
							<String ID="string_212" HPOS="1828" VPOS="1490" WIDTH="126" HEIGHT="48" WC="0.91" CONTENT="dispo-"/>
						</TextLine>
						<TextLine ID="line_24" HPOS="755" VPOS="1541" WIDTH="1197" HEIGHT="45">
							<String ID="string_213" HPOS="755" VPOS="1542" WIDTH="112" HEIGHT="36" WC="0.89" CONTENT="sition"/><SP WIDTH="43" VPOS="1542" HPOS="867"/>
							<String ID="string_214" HPOS="910" VPOS="1541" WIDTH="58" HEIGHT="35" WC="0.95" CONTENT="för"/><SP WIDTH="31" VPOS="1541" HPOS="968"/>
							<String ID="string_215" HPOS="999" VPOS="1543" WIDTH="308" HEIGHT="43" WC="0.95" CONTENT="understödjande"/><SP WIDTH="32" VPOS="1543" HPOS="1307"/>
							<String ID="string_216" HPOS="1339" VPOS="1554" WIDTH="43" HEIGHT="24" WC="0.96" CONTENT="av"/><SP WIDTH="26" VPOS="1554" HPOS="1382"/>
							<String ID="string_217" HPOS="1408" VPOS="1544" WIDTH="264" HEIGHT="35" WC="0.96" CONTENT="verksamheten"/><SP WIDTH="30" VPOS="1544" HPOS="1672"/>
							<String ID="string_218" HPOS="1702" VPOS="1543" WIDTH="57" HEIGHT="35" WC="0.96" CONTENT="till"/><SP WIDTH="21" VPOS="1543" HPOS="1759"/>
							<String ID="string_219" HPOS="1780" VPOS="1542" WIDTH="172" HEIGHT="44" WC="0.96" CONTENT="frigivna"/>
						</TextLine>
						<TextLine ID="line_25" HPOS="751" VPOS="1593" WIDTH="1201" HEIGHT="48">
							<String ID="string_220" HPOS="751" VPOS="1595" WIDTH="162" HEIGHT="44" WC="0.91" CONTENT="fångars"/><SP WIDTH="40" VPOS="1595" HPOS="913"/>
							<String ID="string_221" HPOS="953" VPOS="1595" WIDTH="116" HEIGHT="44" WC="0.93" CONTENT="skydd"/><SP WIDTH="31" VPOS="1595" HPOS="1069"/>
							<String ID="string_222" HPOS="1100" VPOS="1596" WIDTH="21" HEIGHT="33" WC="0.92" CONTENT="å"/><SP WIDTH="28" VPOS="1596" HPOS="1121"/>
							<String ID="string_223" HPOS="1149" VPOS="1599" WIDTH="109" HEIGHT="30" WC="0.96" CONTENT="extra"/><SP WIDTH="28" VPOS="1599" HPOS="1258"/>
							<String ID="string_224" HPOS="1286" VPOS="1599" WIDTH="75" HEIGHT="30" WC="0.96" CONTENT="stat"/><SP WIDTH="28" VPOS="1599" HPOS="1361"/>
							<String ID="string_225" HPOS="1389" VPOS="1593" WIDTH="58" HEIGHT="36" WC="0.96" CONTENT="för"/><SP WIDTH="23" VPOS="1593" HPOS="1447"/>
							<String ID="string_226" HPOS="1470" VPOS="1593" WIDTH="102" HEIGHT="36" WC="0.96" CONTENT="tiden"/><SP WIDTH="30" VPOS="1593" HPOS="1572"/>
							<String ID="string_227" HPOS="1602" VPOS="1594" WIDTH="72" HEIGHT="37" WC="0.96" CONTENT="den"/><SP WIDTH="32" VPOS="1594" HPOS="1674"/>
							<String ID="string_228" HPOS="1706" VPOS="1596" WIDTH="17" HEIGHT="34" WC="0.92" CONTENT="1"/><SP WIDTH="27" VPOS="1596" HPOS="1723"/>
							<String ID="string_229" HPOS="1750" VPOS="1593" WIDTH="202" HEIGHT="48" WC="0.87" CONTENT="januari—"/>
						</TextLine>
						<TextLine ID="line_26" HPOS="757" VPOS="1645" WIDTH="1194" HEIGHT="50">
							<String ID="string_230" HPOS="757" VPOS="1647" WIDTH="47" HEIGHT="34" WC="0.96" CONTENT="30"/><SP WIDTH="37" VPOS="1647" HPOS="804"/>
							<String ID="string_231" HPOS="841" VPOS="1645" WIDTH="86" HEIGHT="49" WC="0.96" CONTENT="juni"/><SP WIDTH="32" VPOS="1645" HPOS="927"/>
							<String ID="string_232" HPOS="959" VPOS="1647" WIDTH="94" HEIGHT="34" WC="0.95" CONTENT="1923"/><SP WIDTH="30" VPOS="1647" HPOS="1053"/>
							<String ID="string_233" HPOS="1083" VPOS="1645" WIDTH="131" HEIGHT="36" WC="0.96" CONTENT="anvisa"/><SP WIDTH="28" VPOS="1645" HPOS="1214"/>
							<String ID="string_234" HPOS="1242" VPOS="1650" WIDTH="54" HEIGHT="31" WC="0.93" CONTENT="ett"/><SP WIDTH="26" VPOS="1650" HPOS="1296"/>
							<String ID="string_235" HPOS="1322" VPOS="1645" WIDTH="388" HEIGHT="50" WC="0.90" CONTENT="reservatiousanslag"/><SP WIDTH="29" VPOS="1645" HPOS="1710"/>
							<String ID="string_236" HPOS="1739" VPOS="1658" WIDTH="44" HEIGHT="22" WC="0.93" CONTENT="av"/><SP WIDTH="15" VPOS="1658" HPOS="1783"/>
							<String ID="string_237" HPOS="1798" VPOS="1645" WIDTH="153" HEIGHT="49" WC="0.91" CONTENT="17,500"/>
						</TextLine>
						<TextLine ID="line_27" HPOS="755" VPOS="1697" WIDTH="149" HEIGHT="36">
							<String ID="string_238" HPOS="755" VPOS="1697" WIDTH="149" HEIGHT="36" WC="0.96" CONTENT="kronor."/>
						</TextLine>
					</TextBlock>
				</ComposedBlock>
				<ComposedBlock ID="cblock_4" HPOS="387" VPOS="1919" WIDTH="1524" HEIGHT="49">
					<TextBlock ID="block_5" HPOS="387" VPOS="1919" WIDTH="1524" HEIGHT="49">
						<TextLine ID="line_28" HPOS="387" VPOS="1919" WIDTH="1524" HEIGHT="49">
							<String ID="string_239" HPOS="387" VPOS="1919" WIDTH="656" HEIGHT="49" WC="0.89" CONTENT="Uppfostringsanstalter"/><SP WIDTH="27" VPOS="1919" HPOS="1043"/>
							<String ID="string_240" HPOS="1070" VPOS="1920" WIDTH="84" HEIGHT="37" WC="0.96" CONTENT="för"/><SP WIDTH="28" VPOS="1920" HPOS="1154"/>
							<String ID="string_241" HPOS="1182" VPOS="1919" WIDTH="374" HEIGHT="48" WC="0.96" CONTENT="minderåriga"/><SP WIDTH="27" VPOS="1919" HPOS="1556"/>
							<String ID="string_242" HPOS="1583" VPOS="1919" WIDTH="328" HEIGHT="48" WC="0.96" CONTENT="förbrytare."/>
						</TextLine>
					</TextBlock>
				</ComposedBlock>
				<ComposedBlock ID="cblock_5" HPOS="127" VPOS="2029" WIDTH="1824" HEIGHT="164">
					<TextBlock ID="block_6" HPOS="127" VPOS="2029" WIDTH="1824" HEIGHT="164">
						<TextLine ID="line_29" HPOS="136" VPOS="2029" WIDTH="1814" HEIGHT="61">
							<String ID="string_243" HPOS="136" VPOS="2047" WIDTH="107" HEIGHT="39" WC="0.92" CONTENT="Statens"/><SP WIDTH="19" VPOS="2047" HPOS="243"/>
							<String ID="string_244" HPOS="262" VPOS="2055" WIDTH="64" HEIGHT="23" WC="0.7" CONTENT="upp:"/><SP WIDTH="157" VPOS="2055" HPOS="326"/>
							<String ID="string_245" HPOS="483" VPOS="2041" WIDTH="98" HEIGHT="49" WC="0.90" CONTENT="47:0)"/><SP WIDTH="28" VPOS="2041" HPOS="581"/>
							<String ID="string_246" HPOS="609" VPOS="2042" WIDTH="241" HEIGHT="36" WC="0.96" CONTENT="Beträffande"/><SP WIDTH="28" VPOS="2042" HPOS="850"/>
							<String ID="string_247" HPOS="878" VPOS="2042" WIDTH="141" HEIGHT="48" WC="0.95" CONTENT="Kungl."/><SP WIDTH="30" VPOS="2042" HPOS="1019"/>
							<String ID="string_248" HPOS="1049" VPOS="2042" WIDTH="126" HEIGHT="48" WC="0.96" CONTENT="Maj:ts"/><SP WIDTH="30" VPOS="2042" HPOS="1175"/>
							<String ID="string_249" HPOS="1205" VPOS="2042" WIDTH="144" HEIGHT="47" WC="0.96" CONTENT="förslag"/><SP WIDTH="28" VPOS="2042" HPOS="1349"/>
							<String ID="string_250" HPOS="1377" VPOS="2041" WIDTH="160" HEIGHT="37" WC="0.96" CONTENT="rörande"/><SP WIDTH="28" VPOS="2041" HPOS="1537"/>
							<String ID="string_251" HPOS="1565" VPOS="2041" WIDTH="136" HEIGHT="49" WC="0.96" CONTENT="anslag"/><SP WIDTH="27" VPOS="2041" HPOS="1701"/>
							<String ID="string_252" HPOS="1728" VPOS="2041" WIDTH="55" HEIGHT="36" WC="0.96" CONTENT="till"/><SP WIDTH="24" VPOS="2041" HPOS="1783"/>
							<String ID="string_253" HPOS="1807" VPOS="2046" WIDTH="143" HEIGHT="30" WC="0.96" CONTENT="statens"/>
						</TextLine>
						<TextLine ID="line_30" HPOS="127" VPOS="2084" WIDTH="1823" HEIGHT="65">
							<String ID="string_254" HPOS="127" VPOS="2084" WIDTH="199" HEIGHT="57" WC="0.4" CONTENT="slalt"/><SP WIDTH="-104" VPOS="2084" HPOS="326"/>
							<String ID="string_255" HPOS="222" VPOS="2080" WIDTH="17" HEIGHT="66" WC="0.41" CONTENT="a"/><SP WIDTH="20" VPOS="2080" HPOS="239"/>
							<String ID="string_256" HPOS="259" VPOS="2084" WIDTH="67" HEIGHT="57" WC="0.55" CONTENT="Berna"/><SP WIDTH="27" VPOS="2084" HPOS="326"/>
							<String ID="string_257" HPOS="353" VPOS="2093" WIDTH="406" HEIGHT="48" WC="0.80" CONTENT="Uppfostringsanstalt"/><SP WIDTH="27" VPOS="2093" HPOS="759"/>
							<String ID="string_258" HPOS="786" VPOS="2096" WIDTH="20" HEIGHT="33" WC="0.91" CONTENT="å"/><SP WIDTH="26" VPOS="2096" HPOS="806"/>
							<String ID="string_259" HPOS="832" VPOS="2094" WIDTH="107" HEIGHT="35" WC="0.93" CONTENT="Bona"/><SP WIDTH="28" VPOS="2094" HPOS="939"/>
							<String ID="string_260" HPOS="967" VPOS="2107" WIDTH="48" HEIGHT="22" WC="0.87" CONTENT="m."/><SP WIDTH="31" VPOS="2107" HPOS="1015"/>
							<String ID="string_261" HPOS="1046" VPOS="2107" WIDTH="47" HEIGHT="22" WC="0.92" CONTENT="m."/><SP WIDTH="31" VPOS="2107" HPOS="1093"/>
							<String ID="string_262" HPOS="1124" VPOS="2092" WIDTH="135" HEIGHT="50" WC="0.96" CONTENT="(punkt"/><SP WIDTH="28" VPOS="2092" HPOS="1259"/>
							<String ID="string_263" HPOS="1287" VPOS="2093" WIDTH="62" HEIGHT="49" WC="0.96" CONTENT="47)"/><SP WIDTH="20" VPOS="2093" HPOS="1349"/>
							<String ID="string_264" HPOS="1369" VPOS="2094" WIDTH="170" HEIGHT="35" WC="0.96" CONTENT="kommer"/><SP WIDTH="19" VPOS="2094" HPOS="1539"/>
							<String ID="string_265" HPOS="1558" VPOS="2093" WIDTH="184" HEIGHT="36" WC="0.96" CONTENT="utskottet"/><SP WIDTH="19" VPOS="2093" HPOS="1742"/>
							<String ID="string_266" HPOS="1761" VPOS="2097" WIDTH="55" HEIGHT="31" WC="0.62" CONTENT="ait"/><SP WIDTH="20" VPOS="2097" HPOS="1816"/>
							<String ID="string_267" HPOS="1836" VPOS="2092" WIDTH="114" HEIGHT="57" WC="0.93" CONTENT="fram-"/>
						</TextLine>
						<TextLine ID="line_31" HPOS="188" VPOS="2143" WIDTH="1763" HEIGHT="50">
							<String ID="string_268" HPOS="188" VPOS="2159" WIDTH="86" HEIGHT="15" WC="0.76" CONTENT="m.m."/><SP WIDTH="36" VPOS="2159" HPOS="274"/>
							<String ID="string_269" HPOS="310" VPOS="2139" WIDTH="19" HEIGHT="58" WC="0.0" CONTENT="—"/><SP WIDTH="25" VPOS="2139" HPOS="329"/>
							<String ID="string_270" HPOS="354" VPOS="2144" WIDTH="100" HEIGHT="36" WC="0.70" CONTENT="deles"/><SP WIDTH="41" VPOS="2144" HPOS="454"/>
							<String ID="string_271" HPOS="495" VPOS="2145" WIDTH="117" HEIGHT="36" WC="0.96" CONTENT="under"/><SP WIDTH="40" VPOS="2145" HPOS="612"/>
							<String ID="string_272" HPOS="652" VPOS="2145" WIDTH="204" HEIGHT="48" WC="0.93" CONTENT="riksdagen"/><SP WIDTH="43" VPOS="2145" HPOS="856"/>
							<String ID="string_273" HPOS="899" VPOS="2145" WIDTH="138" HEIGHT="48" WC="0.91" CONTENT="avgiva"/><SP WIDTH="40" VPOS="2145" HPOS="1037"/>
							<String ID="string_274" HPOS="1077" VPOS="2145" WIDTH="211" HEIGHT="45" WC="0.96" CONTENT="utlåtande;"/><SP WIDTH="45" VPOS="2145" HPOS="1288"/>
							<String ID="string_275" HPOS="1333" VPOS="2145" WIDTH="113" HEIGHT="36" WC="0.95" CONTENT="vilket"/><SP WIDTH="40" VPOS="2145" HPOS="1446"/>
							<String ID="string_276" HPOS="1486" VPOS="2145" WIDTH="185" HEIGHT="36" WC="0.95" CONTENT="utskottet"/><SP WIDTH="28" VPOS="2145" HPOS="1671"/>
							<String ID="string_277" HPOS="1699" VPOS="2144" WIDTH="124" HEIGHT="36" WC="0.93" CONTENT="skolat"/><SP WIDTH="27" VPOS="2144" HPOS="1823"/>
							<String ID="string_278" HPOS="1850" VPOS="2143" WIDTH="101" HEIGHT="35" WC="0.92" CONTENT="häri-"/>
						</TextLine>
					</TextBlock>
				</ComposedBlock>
				<ComposedBlock ID="cblock_6" HPOS="182" VPOS="2187" WIDTH="628" HEIGHT="58">
					<TextBlock ID="block_7" HPOS="182" VPOS="2187" WIDTH="628" HEIGHT="58">
						<TextLine ID="line_32" HPOS="182" VPOS="2187" WIDTH="628" HEIGHT="58">
							<String ID="string_279" HPOS="182" VPOS="2187" WIDTH="95" HEIGHT="46" WC="0.86" CONTENT="[47.]"/><SP WIDTH="76" VPOS="2187" HPOS="277"/>
							<String ID="string_280" HPOS="353" VPOS="2208" WIDTH="138" HEIGHT="36" WC="0.62" CONTENT="genom"/><SP WIDTH="31" VPOS="2208" HPOS="491"/>
							<String ID="string_281" HPOS="522" VPOS="2196" WIDTH="56" HEIGHT="36" WC="0.96" CONTENT="för"/><SP WIDTH="27" VPOS="2196" HPOS="578"/>
							<String ID="string_282" HPOS="605" VPOS="2196" WIDTH="205" HEIGHT="49" WC="0.96" CONTENT="riksdagen"/>
						</TextLine>
					</TextBlock>
				</ComposedBlock>
				<ComposedBlock ID="cblock_7" HPOS="881" VPOS="2283" WIDTH="158" HEIGHT="36">
					<TextBlock ID="block_8" HPOS="881" VPOS="2283" WIDTH="158" HEIGHT="36">
						<TextLine ID="line_33" HPOS="881" VPOS="2283" WIDTH="158" HEIGHT="36">
							<String ID="string_283" HPOS="881" VPOS="2283" WIDTH="158" HEIGHT="36" WC="0.90" CONTENT="anmäla."/>
						</TextLine>
					</TextBlock>
				</ComposedBlock>
			</PrintSpace>
		</Page>
	</Layout>
</alto>
