1878 2790
289 173 37 29 14
720 181 274 30 Statsutskottets
1017 182 174 31 utlåtande
1213 193 40 20 nr
1281 185 69 28 131.

336 255 165 38 Slutligen
531 257 59 29 vill
618 257 256 40 lärarkollegiet
901 260 142 29 anmäla
1069 262 49 28 att
1145 262 55 29 det
1229 262 124 30 tillsatt
1381 273 41 19 en
1450 264 184 30 kommitté
1662 266 54 29 för
1744 268 54 27 ut-

289 297 166 30 redandet
476 298 96 31 vilka
593 299 347 39 specialprofessurer
963 311 74 20 som
1059 304 198 37 ytterligare
1279 306 60 28 äro
1361 306 198 30 önskvärda
1580 308 56 29 vid
1657 308 140 29 institu-

289 341 48 27 tet
357 340 63 29 och
442 341 67 28 den
531 341 93 30 olika
645 342 402 40 angelägenhetsgraden
1069 355 41 20 av
1131 346 110 29 dessa.

291 407 474 38 Organisationskommittén
782 411 56 39 för
854 411 64 29 den
935 412 218 30 medicinska
1169 413 193 39 högskolan
1382 416 10 28 i
1409 415 179 39 Göteborg.

335 466 217 30 Motionerna
571 469 133 36 grunda
723 469 53 38 sig
793 469 44 39 på
854 471 46 28 ett
919 479 42 20 av
979 471 216 31 medicinska
1214 473 196 29 fakulteten
1428 475 10 28 i
1458 474 101 29 Lund
1578 476 133 37 avgivet
1729 478 67 37 ytt-

288 508 106 28 rande
415 509 80 28 över
516 509 377 39 medicinalstyrelsens
914 513 188 38 utredning
1122 523 55 19 om
1198 515 67 28 den
1286 516 114 38 öppna
1421 516 232 31 läkarvården
1673 519 10 28 i
1704 519 91 28 riket

295 549 99 30 (SOU
419 550 98 29 1948:
537 551 71 34 14),
631 552 121 30 därvid
775 553 194 29 fakulteten
991 555 220 30 beträffande
1234 557 159 38 åtgärder
1415 558 51 29 till
1490 559 240 31 förbättrande
1754 570 42 19 av

288 592 57 28 det
364 592 178 31 allmänna
561 593 294 31 hälsotillståndet
875 596 9 28 i
904 596 90 29 riket
1015 607 73 19 som
1110 598 51 29 sin
1180 599 143 39 mening
1342 600 155 33 anförde,
1518 603 50 27 att
1588 611 41 20 en
1649 603 146 29 förbätt-

288 634 78 37 ring
386 644 42 20 av
448 634 295 32 hälsotillståndet
766 637 111 30 bättre
900 638 195 39 främjades
1117 648 122 30 genom
1263 650 43 20 en
1328 642 44 38 på
1395 643 170 37 grundval
1588 654 42 19 av
1651 645 145 29 intensi-

287 675 110 30 fierad
422 677 196 30 medicinsk
644 678 186 39 forskning
856 689 140 20 vunnen
1025 682 189 39 fördjupad
1242 683 163 40 kunskap
1433 685 64 29 och
1524 686 109 29 insikt
1659 687 9 28 i
1696 687 98 38 sjuk-

287 718 187 29 domarnas
503 721 105 27 natur
635 721 42 28 än
707 728 124 30 genom
860 723 297 37 organisatoriska
1185 725 171 37 åtgärder.
1386 727 147 29 Särskilt
1562 728 109 37 gällde
1699 730 94 28 detta

286 760 91 30 vissa
404 761 348 40 sjukdomsgrupper,
780 765 215 29 reumatiska
1023 765 215 38 sjukdomar,
1267 768 329 39 sinnessjukdomar
1621 772 77 28 med
1725 772 69 29 sin-

287 802 184 35 nesslöhet,
502 803 442 41 förkylningssjukdomar,
972 807 218 39 blodtrycks-
1217 810 65 28 och
1310 810 389 40 blodkärlssjukdomar
1728 813 65 29 och

287 844 331 39 svulstsjukdomar,
637 847 93 30 vilka
749 848 12 29 i
782 849 140 29 särskilt
940 849 70 38 hög
1029 851 83 36 grad
1130 851 189 30 inverkade
1337 853 44 38 på
1401 853 236 39 sjukligheten
1657 856 63 28 och
1740 865 54 19 ar-

285 886 273 39 betsförmågan.
578 888 207 30 Fakulteten
803 891 125 38 ansåge
946 892 132 34 därför,
1098 894 48 27 att
1163 894 90 29 ökad
1274 895 217 39 samhällelig
1508 897 211 38 investering
1738 898 55 29 för

286 929 193 29 medicinsk
509 930 185 39 forskning
722 931 221 31 beträffande
973 934 103 30 dessa
1106 935 207 38 sjukdomar
1344 938 151 38 skapade
1525 939 182 38 möjlighet
1737 940 56 29 för

285 970 95 39 långt
396 972 230 38 väsentligare
643 973 210 39 förbättring
869 984 40 21 av
925 975 202 31 folkhälsan
1142 978 43 28 än
1202 978 9 28 i
1227 978 238 30 betänkandet
1480 980 199 39 föreslagna
1694 990 99 30 orga-

285 1013 209 29 nisatoriska
515 1014 170 39 åtgärder.

329 1055 76 29 Med
424 1056 265 39 utgångspunkt
708 1058 81 29 från
809 1060 64 29 vad
894 1059 197 30 fakulteten
1111 1061 146 30 sålunda
1278 1063 116 30 anfört
1415 1064 130 30 föreslå
1564 1066 228 29 motionärer-

283 1105 45 21 na
352 1097 244 31 intensifierad
621 1100 251 40 undervisning
896 1102 64 29 och
985 1103 186 40 forskning
1194 1105 150 29 rörande
1369 1107 154 29 nämnda
1550 1107 242 39 »>folksjukdo-

282 1147 96 20 mar»
403 1140 175 30 inklusive
602 1141 249 31 tuberkulosen
876 1151 122 30 genom
1023 1147 50 27 att
1096 1146 56 29 vid
1176 1147 161 39 samtliga
1361 1148 217 30 medicinska
1602 1150 190 29 fakulteter

282 1181 65 29 och
371 1181 188 38 högskolor
584 1183 140 31 förorda
750 1186 242 29 anordnandet
1017 1196 42 21 av
1083 1187 218 40 forsknings-
1325 1190 64 29 och
1414 1187 378 48 undervisningsklini-

282 1223 62 29 ker
363 1225 77 28 med
460 1224 220 39 professurer
699 1227 10 28 i
728 1227 182 39 psykiatri,
930 1230 241 38 reumatologi,
1191 1231 168 38 ftisiologi
1378 1233 64 28 och
1462 1233 222 40 radioterapi.
1704 1235 86 29 Där-

282 1267 92 27 emot
390 1266 148 30 föreslås
555 1268 75 29 icke
647 1269 108 38 några
771 1269 120 38 dylika
908 1270 161 38 åtgärder
1086 1273 77 29 med
1181 1273 169 31 avseende
1368 1275 43 38 på
1429 1274 246 40 förkylnings-,
1694 1277 96 29 blod-

281 1308 133 37 trycks-
440 1309 64 29 och
531 1309 399 40 blodkärlssjukdomar,
956 1313 114 32 vilkas
1097 1316 92 28 stora
1214 1315 175 38 betydelse
1417 1317 55 29 för
1498 1317 201 30 folkhälsan
1725 1319 65 29 lik-

281 1350 54 28 väl
357 1350 10 29 i
387 1351 252 39 motiveringen
659 1353 51 29 till
731 1354 219 30 motionerna
970 1355 94 29 intar
1085 1365 42 20 en
1147 1357 264 31 framträdande
1432 1358 103 40 plats.

326 1392 237 30 Motionernas
585 1394 160 38 syftemål
768 1396 39 28 är
827 1396 49 29 att
897 1396 177 31 förskaffa
1096 1398 145 31 läkarna
1262 1409 43 20 en
1326 1400 191 40 fördjupad
1539 1402 163 40 kunskap
1724 1403 65 29 och

280 1434 109 30 insikt
416 1435 10 28 i
453 1435 355 39 folksjukdomarnas
833 1440 113 28 natur.
974 1439 66 29 Det
1068 1441 37 28 är
1132 1441 9 28 i
1170 1441 112 30 första
1309 1442 93 30 hand
1431 1444 357 40 grundforskningen,

281 1485 74 20 som
377 1476 182 40 härvidlag
580 1479 37 28 är
638 1478 254 39 betydelsefull.
913 1480 167 30 Kliniken
1101 1482 63 29 och
1185 1484 297 39 undervisningen
1504 1486 44 28 ha
1570 1489 11 28 i
1602 1487 186 30 huvudsak

280 1519 50 28 att
356 1518 228 40 tillgodogöra
610 1521 49 38 sig
683 1521 65 29 och
774 1522 11 28 i
809 1522 186 39 praktiken
1022 1525 150 29 omsätta
1196 1525 65 29 och
1288 1535 149 31 anpassa
1462 1528 43 29 de
1531 1537 118 21 vunna
1674 1529 115 30 forsk-

280 1560 308 38 ningsresultaten.
609 1562 57 29 Ett
685 1562 119 31 intimt
824 1564 192 31 samarbete
1037 1566 127 29 mellan
1186 1568 346 39 grundforskningen
1553 1571 64 28 och
1637 1571 66 29 den
1723 1572 66 28 kli-

280 1602 103 30 niska
399 1603 230 40 forskningen
649 1606 37 28 är
701 1606 123 29 därför
843 1607 213 39 nödvändigt
1076 1608 54 29 för
1148 1609 173 29 ernående
1339 1619 45 20 av
1400 1613 49 27 ett
1470 1613 72 35 gott
1561 1612 155 30 resultat.
1736 1613 50 29 De

281 1654 24 20 s.
328 1645 32 29 k.
383 1645 332 39 folksjukdomarna
737 1648 119 38 intaga
876 1649 11 28 i
908 1649 94 30 detta
1025 1652 167 29 avseende
1214 1651 30 39 ej
1269 1652 114 38 någon
1405 1654 235 39 särställning.
1663 1655 52 29 En
1736 1656 52 28 in-

278 1687 203 30 tensifierad
504 1688 186 40 forskning
710 1690 66 29 och
798 1690 252 40 undervisning
1070 1692 221 32 beträffande
1314 1695 100 29 dessa
1437 1695 207 31 förutsätter
1666 1698 121 29 därför

278 1729 145 38 vidgade
442 1730 223 38 möjligheter
684 1731 56 29 för
761 1732 302 40 grundforskning
1082 1734 10 29 i
1111 1734 98 38 fråga
1229 1745 57 19 om
1306 1738 160 38 personal
1487 1739 65 29 och
1573 1740 213 38 utrustning,

281 1771 152 39 speciellt
452 1773 10 28 i
482 1772 156 39 virologi,
658 1772 237 40 bakterielogi,
915 1774 162 40 fysiologi
1096 1776 64 30 och
1179 1777 104 30 kemi.

324 1814 48 29 De
399 1814 103 30 flesta
530 1815 432 39 förkylningssjukdomar
989 1818 65 29 och
1081 1818 40 30 de
1149 1820 215 30 reumatiska
1393 1822 256 38 sjukdomarna
1675 1824 111 30 föror-

280 1856 103 30 sakas
410 1857 239 39 otvivelaktigt
676 1867 42 20 av
745 1858 283 31 virusinfektion.
1058 1860 115 38 Enligt
1201 1863 487 37 organisationskommitténs
1716 1876 70 20 me-

278 1897 86 39 ning
381 1898 109 30 måste
510 1898 230 39 forskningen
759 1900 11 29 i
789 1900 98 38 fråga
906 1910 55 20 om
981 1902 102 29 dessa
1103 1902 207 39 sjukdomar
1327 1905 11 28 i
1356 1905 148 31 främsta
1523 1909 152 28 rummet
1695 1909 60 30 ske
1774 1909 10 28 i

277 1940 93 28 form
392 1949 42 21 av
454 1940 295 40 virusforskning.
773 1942 53 29 En
848 1943 260 38 framgångsrik
1130 1945 132 30 klinisk
1284 1946 187 40 forskning
1491 1949 98 29 torde
1611 1950 11 29 i
1645 1950 61 29 allt
1728 1951 58 28 vä-

278 1982 139 39 sentligt
442 1982 46 29 ha
513 1984 51 27 att
591 1983 113 39 stödja
731 1984 52 39 sig
808 1984 44 39 på
877 1985 40 29 de
944 1995 42 20 av
1010 1986 329 41 virusforskningen
1365 1990 189 38 uppnådda
1581 1992 202 30 resultaten.

279 2024 186 39 Härvidlag
495 2025 65 28 har
589 2026 84 29 även
703 2026 66 30 den
800 2026 294 39 bakteriologiska
1123 2029 230 39 forskningen
1383 2032 53 28 sin
1466 2032 103 38 givna
1597 2033 187 39 betydelse.

275 2065 208 39 Virologien,
511 2076 81 20 vars
618 2068 442 39 utvecklingsmöjligheter
1085 2070 66 29 och
1176 2071 177 38 betydelse
1381 2074 59 29 äro
1468 2073 82 31 fullt
1578 2070 202 49 jämförliga

275 2108 81 29 med
374 2108 282 39 bakteriologien,
676 2109 194 30 företrädes
889 2111 10 29 i
918 2111 77 30 vårt
1016 2111 81 31 land
1115 2122 44 20 av
1177 2113 124 30 endast
1321 2123 42 20 en
1383 2114 192 40 professur,
1598 2126 73 20 som
1690 2117 91 31 dock

273 2151 95 28 ännu
392 2150 73 31 icke
491 2151 157 39 förfogar
673 2153 81 28 över
777 2161 42 20 en
846 2152 230 40 självständig
1100 2155 209 30 institution.
1335 2157 64 29 Vid
1424 2157 233 39 Sahlgrenska
1683 2160 98 38 sjuk-

273 2193 102 29 huset
399 2193 63 29 har
484 2193 178 29 dessutom
687 2194 139 39 nyligen
851 2195 162 29 inrättats
1038 2204 43 20 en
1105 2196 187 39 virologisk
1317 2199 185 40 avdelning
1525 2201 78 29 med
1630 2202 148 29 särskild

273 2234 251 31 föreståndare.

320 2277 52 29 En
396 2277 244 30 intensifierad
665 2278 188 39 forskning
875 2279 64 29 och
964 2280 252 39 undervisning
1239 2282 149 31 rörande
1413 2284 370 41 förkylningssjukdo-

274 2328 124 21 marna
422 2320 64 29 och
511 2320 42 29 de
578 2320 215 30 reumatiska
820 2320 254 39 sjukdomarna
1098 2323 205 30 förutsätter
1328 2334 41 21 en
1393 2326 195 38 betydande
1613 2329 170 29 förstärk-

273 2361 86 39 ning
377 2371 40 20 av
437 2361 209 39 virologiens
667 2362 167 39 ställning
854 2363 62 28 och
936 2363 344 40 arbetsmöjligheter
1299 2366 57 30 vid
1380 2368 159 38 samtliga
1562 2369 216 31 medicinska

274 2403 184 30 lärosäten.
481 2403 203 30 Detsamma
706 2404 107 38 gäller
834 2405 11 29 i
866 2405 98 38 fråga
986 2415 57 20 om
1066 2406 284 40 bakteriologien,
1374 2418 73 20 som
1472 2410 94 30 såväl
1589 2411 192 31 beträffan-

273 2445 42 28 de
338 2445 230 39 forskningen
590 2446 177 38 angående
791 2446 479 40 förkylningssjukdomarna
1293 2451 64 29 och
1380 2452 40 29 de
1443 2453 218 31 reumatiska
1683 2454 99 39 sjuk-

273 2487 169 30 domarna
465 2497 75 20 som
563 2487 250 30 tuberkulosen
835 2489 63 29 har
919 2490 79 30 vida
1020 2490 295 41 arbetsuppgifter
1337 2494 50 29 att
1408 2493 96 39 fylla.
1527 2494 138 31 Klinisk
1687 2496 94 29 Iabo-
