2246 2634
699 210 260 36 Statsutskottets
989 205 176 35 Utlåtande
1189 203 62 32 N:o
1272 204 28 31 2.
1742 195 16 26 8

197 310 257 38 utarrenderas.
509 300 282 40 Vidkommande
830 296 378 37 landträntmästarens
1247 289 76 43 lott,
1364 287 52 34 för
1455 283 145 35 hvilken
1636 277 165 38 arrendet

197 363 210 41 understege
446 355 215 38 sistnämnda
701 352 136 42 belopp,
878 347 116 36 kunde
1030 345 59 34 det
1115 339 238 47 ifrågasättas,
1381 334 176 38 huruvida
1583 332 78 35 icke
1689 330 113 34 denna

197 416 68 34 lott
304 422 83 25 vore
428 405 240 39 underkastad
706 404 42 33 de
787 402 12 34 i
825 399 116 44 kongl
970 396 138 36 brefvet
1131 394 65 34 den
1225 393 44 34 29
1299 389 67 45 maj
1399 387 92 35 1891
1522 381 199 38 meddelade
1748 381 54 32 be-

200 463 214 37 stimmelser
453 456 180 47 angående
674 451 208 46 försäljning
921 449 39 34 af
997 447 132 35 mindre
1169 440 330 45 Kronoegendomar,
1541 444 88 32 men,
1663 429 44 37 då
1735 431 69 34 alla

199 519 154 33 lotterna
381 512 87 35 hade
496 503 329 41 sammanblandade
853 511 82 34 egor
963 500 63 34 och
1051 497 381 41 delvis'gemensamma
1450 486 216 45 byggnader,
1686 484 120 42 syntes

204 569 59 34 det
301 561 275 48 uppenbarligen
611 557 96 44 ligga
747 555 12 33 i
800 556 132 32 statens
964 550 159 40 intresse,
1153 548 54 32 att
1233 541 376 37 landträntmästarens
1635 536 67 32 lott
1728 532 78 35 icke

203 616 207 46 afyttrades.
464 610 136 36 Härför
639 606 118 36 talade
798 604 103 35 äfven
942 601 66 34 den
1049 595 313 44 omständigheten,
1396 593 53 33 att
1477 599 53 24 om
1559 587 68 34 alla
1654 586 154 34 lotterna

204 667 172 38 förblefve
402 665 12 34 i
440 664 154 34 kronans
622 669 75 33 ego,
725 656 112 35 skulle
865 663 122 35 genom
1012 652 101 32 deras
1132 643 318 44 sammanslagning
1467 639 112 35 under
1598 640 45 32 ett
1661 633 148 37 arrende

204 722 122 33 kunna
353 716 109 35 bildas
491 723 43 25 en
561 711 115 43 lagom
704 711 73 31 stor
804 700 247 47 arrendegård,
1081 698 20 36 å
1128 698 142 35 hvilken
1297 694 108 35 redan
1431 701 48 25 nu
1506 690 131 34 funnes
1656 684 154 37 tillräck-

207 772 72 43 liga
306 768 105 35 uthus
438 766 64 33 och
530 763 39 34 af
592 760 156 41 hvilken,
778 757 106 35 sedan
910 752 213 44 boningshus
1150 749 54 35 för
1231 745 229 37 arrendatorn
1489 741 63 35 och
1580 737 165 46 möjligen
1770 745 42 24 en

209 816 287 41 arbetarebostad
527 812 118 36 blifvit
676 808 183 45 uppförda,
886 805 117 40 borde,
1033 803 76 34 med
1137 801 58 34 det
1221 795 234 44 fördelaktiga
1482 794 90 41 läge,
1601 788 212 45 egendomen

209 873 102 41 hade,
344 870 119 34 kunna
495 866 128 35 väntas
650 872 40 24 en
719 860 136 44 ganska
882 854 163 37 afsevärd
1073 853 151 34 inkomst
1251 849 54 34 för
1331 844 227 37 statsverket.
1611 839 108 36 Hvad
1748 840 67 32 sär-

210 922 108 36 skildt
357 918 149 44 anginge
545 915 64 34 den
653 913 54 33 del
748 911 39 34 af
816 902 344 50 kungsladugården,
1189 911 71 24 som
1288 896 169 44 anslagits
1484 890 330 38 slottsintendenien

212 974 59 35 vid
301 969 196 46 Gripsholm
524 964 46 46 på
595 965 69 41 lön,
694 965 119 40 syntes
840 958 156 35 bemälde
1024 953 182 36 intendent
1232 951 77 33 icke
1336 949 118 33 kunna
1484 945 174 35 förmenas
1678 943 65 40 att,
1764 949 52 24 om

212 1026 70 34 han
309 1020 38 37 så
374 1019 164 41 önskade,
568 1015 58 36 vid
654 1010 262 38 arrendetidens
943 1009 70 33 slut
1040 1005 82 45 sjelf
1146 1008 83 39 taga
1249 1002 112 33 denna
1376 999 65 34 lott
1462 1006 53 24 om
1533 994 103 35 hand.
1690 989 127 36 Blefve

214 1077 99 33 detta
338 1071 200 39 händelsen,
567 1065 112 36 skulle
706 1060 191 38 emellertid
925 1062 95 31 stora
1048 1054 220 44 svårigheter
1295 1046 125 49 uppstå
1447 1047 59 35 vid
1533 1043 222 43 brukningen
1782 1039 39 35 af

215 1128 42 33 de
298 1124 112 43 öfriga
448 1122 165 38 lotterna,
654 1112 45 48 på
732 1113 114 45 grund
873 1110 101 36 deraf
1000 1112 64 39 att,
1094 1106 109 43 enligt
1228 1103 95 35 hvad
1349 1111 41 24 en
1418 1099 60 35 vid
1505 1093 314 44 domänstyrelsens

216 1175 184 37 skrifvelse
427 1171 106 45 fogad
560 1170 105 33 karta
692 1164 173 42 utvisade,
894 1162 73 34 dels
994 1170 42 24 en
1065 1159 39 34 af
1119 1154 273 46 åbyggnaderna
1409 1150 60 35 vid
1488 1141 333 50 kungsladugården

217 1226 80 46 låge
337 1224 109 35 delvis
485 1219 45 47 på
569 1216 345 37 slottsintendentens
939 1213 68 33 lott
1034 1210 62 34 och
1125 1205 179 43 åtskilliga
1332 1202 108 35 andra
1468 1208 84 27 vore
1580 1195 170 45 uppförda
1778 1191 44 45 på

218 1280 67 33 den
325 1277 53 34 för
403 1275 154 33 lotterna
584 1275 256 38 gemensamma
867 1263 155 37 marken,
1052 1260 71 34 dels
1151 1257 64 35 ock
1242 1260 54 29 tre
1324 1252 128 35 skiften
1480 1250 39 34 af
1544 1244 279 39 slottsintenden-

220 1334 77 30 tens
323 1328 67 33 lott
416 1325 99 34 sköte
544 1320 102 45 djupt
672 1319 36 34 in
735 1318 11 33 i
773 1317 42 34 de
834 1314 112 44 öfriga
965 1313 153 34 lotterna
1139 1308 63 34 och
1221 1309 52 32 ett
1291 1304 105 35 skifte
1417 1302 53 35 till
1490 1301 63 34 och
1572 1298 77 35 med
1668 1295 156 35 sträckte

221 1381 54 43 sig
302 1375 79 37 från
407 1367 348 51 kungsladugårdens
783 1366 102 35 södra
912 1367 107 41 gräns
1046 1361 54 34 till
1128 1360 64 33 den
1211 1366 116 32 norra,
1347 1352 38 36 så
1403 1357 55 30 att
1477 1360 129 35 egorna
1626 1347 198 43 derigenom

222 1428 201 47 splittrades
454 1426 12 33 i
492 1421 63 38 två
581 1418 79 38 från
687 1417 202 37 hvarandra
916 1414 114 35 skilda
1058 1412 105 33 delar.
1218 1404 59 38 Då
1304 1402 201 42 emellertid,
1535 1411 52 24 om
1616 1397 209 37 slottsinten-

224 1482 145 34 dentens
395 1478 64 34 lott
490 1474 112 36 skulle
629 1472 175 42 utbrytas,
824 1464 299 47 egoblandningen
1145 1461 63 34 och
1228 1455 233 38 förhållandet
1480 1452 77 35 med
1575 1448 252 46 byggnaderna

225 1534 119 42 syntes
382 1529 138 34 komma
560 1527 54 31 att
649 1519 93 38 vålla
769 1520 12 34 i
808 1519 59 34 det
894 1517 176 35 närmaste
1096 1513 73 34 lika
1196 1513 95 31 stora
1319 1505 224 45 olägenheter
1570 1501 54 35 för
1649 1499 178 35 brukaren

227 1583 38 35 af
303 1581 111 34 denna
452 1579 68 33 lott
560 1584 71 25 som
672 1573 54 34 för
766 1571 42 34 de
848 1568 113 44 öfriga
992 1567 172 33 lotternas
1189 1558 229 37 innehafvare
1446 1555 64 35 och
1537 1553 55 34 till
1619 1550 85 44 följd
1732 1548 99 35 deraf

227 1633 113 35 skulle
378 1626 126 48 uppstå
540 1623 220 46 svårigheter
788 1623 54 33 att
868 1617 44 46 på
938 1615 185 46 nöjaktiga
1150 1612 115 35 vilkor
1292 1605 132 38 erhålla
1451 1605 154 35 brukare
1633 1601 38 35 af
1693 1600 136 44 jorden,

228 1694 84 24 vore
352 1682 58 33 det
449 1677 187 44 antagligt,
678 1678 54 30 att
768 1668 325 38 slottsintendenten
1122 1663 111 35 skulle
1260 1670 87 25 vara
1373 1660 88 32 mest
1487 1654 83 44 böjd
1596 1653 54 34 för
1677 1655 55 31 att
1758 1647 73 37 låta

229 1735 53 34 sin
322 1734 66 32 lott
426 1728 167 36 förblifva
632 1726 11 33 i
682 1722 166 41 sambruk
880 1719 74 35 med
990 1718 41 33 de
1059 1715 113 43 öfriga
1198 1714 152 33 lotterna
1377 1711 71 32 mot
1475 1703 201 37 erhållande
1704 1701 38 34 af
1768 1700 65 34 den

231 1784 102 35 andel
359 1783 11 33 i
398 1782 58 33 det
482 1779 55 35 för
563 1770 332 50 kungsladugården
922 1767 179 36 blifvande
1129 1763 159 40 arrende,
1317 1770 68 24 som
1414 1755 45 46 på
1484 1758 89 32 hans
1599 1755 67 33 lott
1683 1753 149 41 belöpte.

230 1833 140 37 Härvid
409 1840 84 26 vore
525 1828 89 34 dock
645 1829 54 32 att
726 1823 134 42 märka,
889 1823 53 32 att
968 1818 60 36 vid
1055 1809 347 50 kungsladugårdens
1428 1804 270 42 utarrendering
1726 1801 109 43 enligt

232 1896 48 25 nu
307 1881 160 48 gällande
495 1879 153 45 grunder
675 1877 53 34 för
755 1871 261 43 förvaltningen
1045 1868 38 34 af
1107 1867 154 33 kronans
1285 1859 354 47 jordbruksdomäner
1658 1854 42 34 de
1720 1861 115 26 arren-

233 1936 177 42 debelopp,
451 1941 72 25 som
564 1929 39 35 af
640 1926 230 36 arrendatorn
911 1919 227 39 inbetalades,
1171 1914 117 35 kunde
1314 1911 109 35 blifva
1451 1908 134 45 ganska
1614 1903 184 42 vexlande,
1827 1902 9 33 i

236 1988 59 33 det
334 1988 54 31 att
414 1981 232 36 arrendatorn
672 1977 117 35 kunde
817 1971 133 37 erhålla
977 1970 126 42 afdrag
1130 1967 20 34 a
1177 1964 164 36 arrendet
1369 1961 29 44 ej
1428 1960 133 34 mindre
1589 1957 53 34 för
1670 1953 166 36 erforder-

236 2038 73 43 liga
336 2033 214 45 byggnader,
579 2030 122 35 hvilka
728 2024 176 36 medförde
931 2023 108 42 högre
1054 2017 160 41 kostnad,
1234 2019 45 30 än
1296 2023 70 25 som
1384 2008 222 38 motsvarade
1624 2008 89 33 hans
1731 2005 105 42 bygg-

237 2083 290 45 nadsskyldighet
554 2080 110 43 enligt
691 2073 368 40 arrendekontraktet,
1088 2073 44 30 än
1160 2067 104 34 äfven
1291 2065 11 33 i
1329 2063 93 34 vissa
1449 2060 63 34 fall
1539 2058 53 34 för
1614 2055 225 47 jordförbätt-

239 2138 131 42 ringar,
399 2131 110 36 såsom
541 2129 220 45 nyodlingar,
789 2123 230 42 täckdikning
1047 2120 76 34 med
1150 2126 104 25 mera.
1316 2113 71 34 Den
1416 2109 199 42 minskning
1642 2107 11 33 i
1681 2104 159 35 arrende-

239 2187 162 40 inkomst,
429 2193 70 24 som
527 2179 45 46 på
599 2181 97 33 detta
723 2180 72 31 sätt
821 2174 127 38 kunde,
973 2170 167 36 särskildt
1166 2167 76 34 med
1270 2164 160 35 afseende
1458 2159 21 35 å
1497 2158 165 36 behofvet
1681 2156 39 33 ar
1737 2153 106 35 ökadt

239 2236 315 41 bostadsutrymme
582 2230 58 35 vid
668 2228 221 45 egendomen,
918 2224 53 33 för
999 2217 325 38 slottsintendenten
1352 2209 137 47 uppstå,
1517 2209 117 35 kunde
1657 2207 71 33 han
1746 2200 97 51 emel-

243 2287 105 36 lertid
375 2283 206 46 näppeligen
611 2284 148 39 antagas
788 2275 85 45 vilja
901 2273 214 36 underkasta
1143 2269 62 43 sig,
1226 2266 89 35 helst
1335 2264 63 34 den
1419 2259 200 46 förhöjning
1640 2258 10 34 i
1670 2250 175 53 arrendet,
