2180 2691
665 219 210 41 Bevillnings-
886 217 163 34 Utskottets
1079 215 169 34 Utlåtande
1272 216 59 31 N:o
1357 217 43 28 11.
1765 209 14 30 1

953 688 76 39 N:o
1059 686 59 39 11.

838 848 78 27 Ank.
941 846 47 27 till
1012 844 101 28 Biksd.
1138 842 103 30 Kansli
1267 842 55 28 den
1351 842 31 26 11
1411 840 60 36 Maj
1501 838 90 34 1878,
1607 834 48 51 ki.
1683 839 36 26 12
1744 837 89 28 midda.

452 997 199 44 Utlåtande,
682 997 10 33 i
720 994 184 44 amledning
931 992 44 43 af
998 991 219 36 Kamrarnes
1244 987 201 45 skiljaktiga
1474 983 106 37 beslut
1598 984 52 35 uti
1670 995 37 24 en
1725 984 112 45 punkt

645 1064 45 50 af
730 1060 431 47 Bevillnings-Utskottets
1202 1054 230 38 Betänkande
1474 1054 68 35 N:o
1582 1055 33 43 9,
1658 1050 179 49 angdende

645 1130 459 49 stämpelpappersafgiften.

383 1293 58 36 Uti
469 1291 156 48 punkten
655 1293 54 32 5:0
738 1288 37 35 af
800 1282 435 49 Bevillnings-Utskottets
1262 1277 228 38 Betänkande
1518 1276 67 35 N:o
1607 1279 31 41 9,
1659 1275 181 47 angående

251 1340 450 54 stämpelpappersafgiften
728 1340 90 35 hade
845 1337 181 37 Utskottet
1054 1333 174 41 hemstält,
1257 1337 50 30 att
1335 1329 204 46 Riksdagen
1564 1328 107 35 måtte
1706 1327 136 35 besluta

252 1403 51 32 att
329 1399 11 34 i
368 1395 219 46 underdånig
615 1392 184 37 skrifvelse
822 1391 63 35 hos
915 1388 129 46 Kongl.
1071 1386 101 46 Maj:t
1200 1384 150 45 anhålla,
1380 1383 56 34 det
1464 1380 129 47 Kongl.
1622 1379 109 47 Maj:t,
1757 1378 86 35 efter

254 1448 279 38 vederbörandes
572 1444 167 46 hörande,
781 1443 135 35 täcktes
953 1439 53 36 till
1039 1439 204 45 Riksdagen
1271 1435 194 45 framlägga
1494 1432 131 46 förslag
1653 1431 53 34 till
1734 1430 108 35 sådan

253 1500 189 38 förändrad
471 1497 222 48 lagstiftning
721 1496 11 34 i
760 1495 99 45 fråga
887 1504 55 24 om
970 1491 41 35 de
1039 1491 52 35 för
1112 1488 148 48 liqvider
1286 1486 129 36 mellan
1444 1484 143 46 Sverige
1604 1483 65 35 och
1686 1482 158 35 utlandet

254 1553 143 36 afsedda
440 1551 121 36 vexlar
601 1549 64 35 och
693 1548 11 35 i
732 1547 100 35 deras
861 1544 99 37 ställe
990 1541 225 36 användbara
1244 1538 239 45 anvisningar,
1511 1540 49 30 att
1588 1534 170 47 stämpeln
1789 1533 55 35 må

254 1607 141 34 komma
425 1610 48 28 att
501 1602 85 46 utgå
609 1602 10 34 i
649 1600 84 34 visst
762 1596 219 37 förhållande
1009 1594 53 35 till
1090 1592 143 36 vexelns
1261 1590 85 36 eller
1374 1588 250 45 anvisningens
1651 1586 134 46 belopp.

383 1656 69 34 Vid
497 1652 258 46 behandlingen
798 1649 37 35 af
873 1649 113 34 denna
1026 1645 197 36 Utskottets
1265 1639 257 47 framställning
1564 1638 74 44 har,
1667 1637 109 45 enligt
1804 1635 41 35 de

256 1709 182 36 Utskottet
480 1704 304 37 tillhandakomna
811 1698 331 50 protokollsutdrag,
1165 1694 190 48 ingendera
1383 1692 215 35 Kammaren
1625 1688 128 36 bifallit
1784 1687 61 35 Ut-

257 1762 145 34 skottets
430 1758 141 45 förslag,
601 1768 77 23 men
707 1753 198 36 Kamrarne
929 1755 138 31 stannat
1096 1749 10 34 i
1136 1747 94 35 olika
1253 1745 113 36 beslut
1393 1744 11 34 i
1431 1743 58 34 det
1517 1747 49 30 att
1592 1741 125 35 Första
1737 1739 109 35 Kam-

259 1823 119 25 maren
419 1810 134 46 antagit
577 1808 57 35 det
661 1806 131 45 förslag
820 1804 93 35 Herr
939 1802 134 35 Biesert
1100 1800 10 34 i
1139 1799 52 36 sin
1221 1804 69 29 mot
1317 1796 200 36 Utskottets
1545 1791 222 37 betänkande
1796 1791 50 35 af-

261 1865 96 47 gifna
385 1861 214 37 reservation
627 1857 183 40 framstält,
838 1855 101 36 hvari
968 1853 70 35 han
1066 1850 210 44 hemställer,
1306 1853 50 31 att
1383 1848 11 34 i
1432 1847 9 46 $
1472 1849 18 33 6
1521 1846 136 45 intages
1694 1842 154 48 följande

260 1915 189 37 föreskrift:

394 1965 261 45 «Anvisningar
695 1962 11 34 i
747 1959 165 37 utländsk
955 1960 170 44 myntsort
1161 1954 83 35 eller
1286 1966 25 22 s.
1352 1952 31 35 k.
1412 1949 143 36 mandat
1578 1948 166 46 beläggas
1774 1945 72 36 med

262 2019 147 47 stämpel
437 2018 20 34 å
487 2019 46 34 50
562 2020 93 41 öre";
684 2013 65 36 och

389 2074 50 31 att
466 2068 168 36 rubriken
662 2063 244 38 Primavexlar
935 2061 56 36 må
1014 2060 96 47 lyda:

395 2121 155 35 «Prima-
591 2119 65 35 och
699 2115 197 37 solavexlar
924 2114 11 34 i
962 2112 165 36 utländsk
1158 2113 179 43 myntsort,
1367 2105 109 36 ehvad
1507 2105 41 35 de
1577 2108 60 31 äro
1662 2102 112 36 stälda
1802 2105 50 31 att

264 2175 132 36 betalas
424 2174 93 34 inom
547 2171 84 35 eller
658 2177 95 27 utom
783 2167 151 45 Sverige,
964 2164 97 36 skola
1089 2162 167 45 antingen
1285 2160 107 35 förses
1422 2156 76 36 med
1528 2154 148 37 särskild
1706 2152 146 48 stämpel

264 2228 21 34 å
313 2239 42 23 en
382 2226 110 34 krona
521 2223 85 36 eller
634 2221 151 36 skrifvas
814 2219 20 34 å
862 2217 52 36 till
942 2216 149 35 nämnda
1121 2213 104 35 värde
1253 2210 190 49 stämplade
1471 2207 231 37 blanketter."

391 2278 183 34 hvaremot
615 2273 123 35 Andra
781 2271 214 35 Kammaren
1037 2266 151 41 beslutit,
1230 2269 50 29 att
1320 2263 11 35 i
1363 2261 117 36 stället
1507 2260 52 35 för
1587 2259 67 35 den
1681 2258 11 34 i
1720 2257 18 46 $
1769 2258 18 33 6
1819 2257 37 33 af

265 2329 162 49 gällande
469 2326 130 47 Kongl.
639 2322 210 48 kungörelse
884 2320 178 47 angående
1096 2312 444 52 stämpelpappersafgiften
1569 2307 283 39 förekommande

355 2387 71 32 Bih.
452 2386 49 32 till
525 2384 109 33 Riksd.
660 2383 86 32 Prot.
771 2382 93 31 1878.
911 2381 18 29 5
954 2377 96 33 Saml.
1096 2379 18 28 1
1138 2375 77 40 Afd.
1263 2377 21 29 8
1308 2373 94 39 Häft.
