2134 2618
396 213 39 29 14
905 217 236 41 Lagutskottets
1162 221 170 32 utlåtande
1355 223 53 31 Nr
1430 226 50 29 20.

393 299 148 36 straffas
570 300 118 47 enligt
716 301 353 48 lagbestämmelsen
1098 318 60 22 om
1188 306 181 36 anstiftan
1398 308 55 36 till
1480 308 102 38 brott
1603 311 97 50 (kap.
1728 312 76 49 3,$
1828 315 18 34 1
1869 316 120 35 straff-

392 349 139 49 lagen).
587 351 79 35 Här
706 357 41 30 är
783 352 96 37 blott
906 354 107 49 fråga
1041 368 61 23 om
1131 359 237 48 uppmaning,
1397 363 116 46 varpå
1540 362 114 48 ingen
1682 364 183 49 handling
1893 367 94 47 följt,

391 413 46 23 en
465 403 233 48 uppmaning
726 417 79 23 som
834 405 134 37 endast
997 407 166 36 förblivit
1192 410 75 35 ord.
1325 410 83 37 Vad
1436 412 37 36 vi
1501 412 115 37 kräva
1643 420 41 30 är
1711 416 106 37 alltså
1840 422 72 31 rätt
1931 419 57 35 för

390 454 104 46 varje
534 454 245 48 medborgare
821 462 55 30 att
918 457 193 51 frimodigt
1147 460 93 37 efter
1266 461 110 37 bästa
1404 464 169 36 förstånd
1602 466 68 35 och
1699 474 167 31 samvete
1895 474 92 44 säga

390 504 58 35 sin
477 505 154 48 mening
659 519 60 23 om
748 513 141 31 statens
917 509 133 37 brister
1078 511 69 36 och
1176 525 60 22 om
1265 514 148 36 medlen
1442 521 54 30 att
1525 516 174 50 avhjälpa
1727 518 119 38 dessa.
1903 521 81 36 Vad

389 555 38 35 vi
464 556 117 36 kräva
609 562 53 42 är,
692 564 52 30 att
771 560 193 48 yttrande-
993 562 68 36 och
1091 562 187 38 kritikrätt
1306 566 168 48 äntligen
1502 568 136 36 tillåtas
1667 569 128 37 okvalt
1824 573 161 36 existera

389 607 118 48 enligt
536 608 72 37 den
636 610 161 36 svenska
825 612 124 48 lagen.

491 660 65 35 Att
593 661 195 37 samhället
824 664 32 48 ej
898 664 118 37 skulle
1053 665 127 37 kunna
1221 667 73 36 tåla
1323 668 117 36 sådan
1469 669 112 37 kritik
1607 677 91 30 utan
1727 672 79 37 fara
1834 674 58 37 för
1920 676 64 36 sitt

387 709 171 50 bestånd,
576 717 40 31 är
639 718 54 30 ett
712 715 212 47 påstående,
946 730 80 22 som
1046 717 182 38 historien
1248 719 229 50 dagligdags
1496 721 162 50 beslagit
1677 725 84 36 med
1781 727 200 49 osanning.

386 760 73 37 Det
494 776 68 23 var
597 764 116 48 ingen
750 766 244 50 tillfällighet,
1032 774 53 31 att
1121 770 117 36 under
1273 771 177 37 debatten
1484 776 38 33 år
1552 776 96 35 1889
1678 776 306 51 häradshövding

385 812 218 51 Lilienberg
631 819 120 34 måste
779 818 118 48 fråga,
925 820 126 35 varför
1078 834 87 22 man
1193 823 32 48 ej
1255 823 194 49 redogjort
1469 825 57 35 för
1544 826 176 37 liknande
1739 828 244 51 lagstiftning

385 864 12 35 i
438 864 188 49 England.
682 868 175 48 England
900 871 137 36 saknar
1070 873 94 36 visst
1192 874 82 36 icke
1303 876 217 48 strafflagar
1546 877 59 36 för
1633 876 348 58 statsförbrytelser,

384 929 86 23 men
512 917 84 37 hela
637 919 84 37 dess
764 934 71 35 syn
862 925 49 45 på
940 923 140 36 sådana
1107 925 83 48 ting
1218 931 40 30 är
1285 926 97 37 dock
1410 928 327 51 grundväsentligt
1765 932 77 36 olik
1871 933 71 36 den
1969 934 12 36 i

384 970 66 33 vår
476 969 65 48 lag
567 983 154 23 numera
747 973 203 36 inskrivna.
997 974 128 37 Under
1154 976 70 36 den
1253 991 90 35 nyss
1371 979 228 49 utkämpade
1627 983 139 36 striden
1785 997 61 22 om
1867 985 113 48 själv-

384 1020 158 47 styrelse
583 1022 58 36 för
677 1023 122 37 Irland
829 1025 70 36 och
927 1025 62 37 det
1016 1029 296 46 protestantiska
1341 1029 145 38 Ulsters
1515 1033 180 49 ställning
1723 1035 132 45 därtill,
1886 1037 94 36 tillät

383 1070 61 48 sig
470 1075 104 45 gång
600 1076 47 46 på
674 1078 104 45 gång
805 1076 383 51 högeroppositionen
1217 1081 140 36 sådana
1384 1083 212 47 yttranden,
1626 1098 80 23 som
1737 1092 52 30 att
1809 1100 47 23 en
1874 1101 104 35 rege-

381 1122 98 49 ring,
509 1124 127 37 vilken
663 1127 86 36 ville
778 1128 133 48 tvinga
938 1134 52 31 ett
1016 1133 270 47 motspänstigt
1313 1133 127 37 Ulster
1467 1135 83 35 med
1578 1136 97 46 våld,
1705 1137 60 36 det
1792 1139 66 35 vill
1887 1145 92 43 säga

380 1179 115 31 utöva
524 1177 55 35 sin
607 1182 74 31 rätt
709 1184 55 30 att
792 1179 123 36 hävda
943 1181 74 48 lag,
1047 1182 121 37 skulle
1196 1183 143 49 hängas
1367 1188 48 45 på
1442 1185 178 38 Londons
1648 1194 117 42 gator,
1788 1191 70 35 och
1878 1191 100 37 detta

379 1231 92 30 utan
512 1241 124 23 annan
677 1229 93 50 följd
811 1236 48 31 än
901 1237 54 31 att
995 1234 223 48 regeringen
1258 1236 188 49 betygade
1474 1239 140 36 talarna
1642 1241 58 35 sin
1727 1241 248 50 högaktning.

379 1277 230 50 Visserligen
643 1281 162 48 åtnjuter
826 1283 44 47 ju
899 1284 11 35 i
939 1284 72 36 alla
1038 1286 130 36 länder
1195 1300 46 22 en
1269 1287 333 51 högeropposition
1630 1292 107 48 långt
1765 1299 119 31 större
1912 1295 64 36 fri-

378 1328 107 37 heter
513 1336 47 30 än
588 1344 46 23 en
662 1336 368 48 vänsteropposition
1058 1358 48 4 —
1136 1338 156 37 framför
1320 1340 65 35 allt
1413 1342 238 48 naturligtvis
1684 1344 68 36 hos
1773 1358 72 23 oss.
1889 1346 86 37 Men

379 1380 73 36 vad
493 1387 95 31 även
629 1397 46 22 en
715 1386 301 49 ytterliggående
1043 1391 336 47 vänsteragitation
1420 1393 57 35 får
1512 1394 117 36 tillåta
1658 1395 60 48 sig
1745 1396 12 35 1
1786 1397 187 49 England,

378 1432 167 48 framgår
564 1447 47 23 av
631 1435 71 36 den
722 1436 163 37 bekanta
903 1439 204 37 händelsen
1127 1441 58 36 för
1204 1445 119 46 några
1343 1445 40 34 år
1408 1444 124 46 sedan,
1554 1446 45 35 då
1619 1447 355 50 socialistagitatorn

379 1483 173 49 Grayson
591 1487 118 36 under
749 1501 46 23 en
837 1489 134 48 dyrtid,
1005 1491 105 49 långt
1137 1493 201 49 lindrigare
1367 1500 48 30 än
1444 1496 70 36 den
1543 1498 36 35 vi
1607 1511 50 23 nu
1685 1500 171 48 uppleva,
1888 1505 86 45 opå-

377 1535 70 35 talt
487 1536 72 36 fick
599 1551 190 36 uppmana
830 1541 196 36 arbetarna
1067 1549 54 30 att
1161 1544 77 36 helt
1280 1546 126 36 enkelt
1439 1553 88 43 taga
1554 1549 72 35 vad
1655 1550 44 36 de
1727 1551 171 38 behövde
1927 1567 46 22 av

375 1586 294 49 kapitalisterna.
726 1590 78 36 Har
840 1592 46 36 då
923 1592 121 37 denna
1072 1595 83 35 från
1183 1597 139 36 svensk
1351 1600 191 47 synpunkt
1571 1601 180 37 oerhörda
1778 1605 194 47 yttrande-

375 1638 112 37 frihet
528 1640 152 37 förstört
720 1642 148 37 landet?
922 1644 71 37 Om
1022 1645 63 37 det
1112 1648 182 46 engelska
1327 1650 225 37 världsriket
1580 1652 137 37 saknar
1744 1655 130 48 styrka
1902 1657 66 36 och

375 1690 149 47 fasthet,
567 1705 60 22 om
665 1693 84 37 dess
778 1695 79 35 folk
886 1696 69 36 och
983 1697 294 50 enkannerligen
1307 1701 85 36 dess
1422 1702 247 39 arbetarklass
1698 1705 136 37 saknar
1862 1708 109 36 offer-

373 1742 103 48 vilja,
506 1743 171 49 disciplin
706 1745 69 37 och
803 1747 370 48 fosterlandskärlek,
1203 1751 70 36 den
1303 1752 134 49 frågan
1465 1754 67 36 har
1549 1755 112 36 bland
1683 1763 123 41 annat,
1824 1758 63 37 det
1905 1762 64 46 på-

372 1793 147 47 gående
547 1796 252 50 världskriget
827 1798 185 37 besvarat.

476 1845 86 37 Man
600 1851 59 32 må
697 1848 56 36 för
789 1850 126 49 övrigt
951 1852 206 48 ingalunda
1188 1859 67 38 tro,
1299 1860 55 31 att
1383 1869 61 23 om
1476 1859 122 35 10:14
1627 1860 219 49 strafflagen
1874 1875 94 36 upp-

372 1896 151 46 hävdes,
565 1899 314 49 myndigheterna
922 1902 124 37 därför
1087 1904 121 37 skulle
1249 1906 117 36 sakna
1398 1908 136 49 rikliga
1562 1910 169 37 tillfällen
1760 1918 52 30 att
1841 1914 127 36 straffa

370 1948 176 48 politiska
587 1951 199 48 agitatorer
827 1967 46 22 av
906 1954 56 36 för
990 1955 83 36 dem
1102 1956 82 37 icke
1212 1958 188 36 önskvärd
1430 1966 65 30 art.
1551 1961 94 37 Herr
1672 1963 171 37 Herslow
1872 1966 96 35 erin-

370 1999 87 37 rade
489 2001 44 48 ju
573 2002 12 35 i
626 2002 173 38 debatten
841 2008 40 33 år
924 2008 107 44 1889,
1074 2013 55 30 att
1171 2009 116 47 Palm,
1329 2010 249 50 Lennstrand,
1617 2014 224 49 Lyngholm,
1873 2017 94 36 Axel

369 2050 224 39 Danielsson
635 2067 32 23 0.
711 2068 27 22 s.
776 2069 35 22 v.
841 2062 102 31 strax
972 2058 261 38 dessförinnan
1262 2063 108 35 suttit
1398 2063 87 36 inne
1513 2065 69 35 och
1611 2065 61 36 det
1699 2080 90 23 vore
1817 2068 68 36 lätt
1914 2075 52 30 att

368 2103 136 49 utfylla
540 2105 102 36 detta
678 2105 41 37 '0o.
750 2120 28 23 s.
807 2108 48 35 v.
886 2110 85 35 med
999 2123 162 24 namnen
1189 2113 195 49 Branting,
1414 2115 190 49 Rydgren,
1634 2117 248 48 (Proletärens
1910 2134 55 22 re-

369 2154 159 49 daktör),
557 2156 116 49 Björk
700 2157 189 49 (Arbetets
919 2162 204 49 ansvaring
1151 2164 94 36 efter
1271 2164 241 50 Danielsson)
1540 2182 48 21 m.
1609 2169 37 35 fl.
1693 2169 87 37 Just
1807 2173 98 34 1888
1926 2177 40 31 är

362 2205 45 49 ju
435 2207 155 37 framför
608 2209 117 36 andra
743 2210 72 37 ”det
836 2219 128 29 svarta
983 2214 88 35 året'
1091 2214 173 49 (frånsett
1283 2218 243 49 naturligtvis
1548 2220 113 48 1916)
1681 2221 11 35 i
1713 2221 70 36 den
1802 2224 163 36 svenska

367 2258 255 38 socialismens
660 2261 164 37 historia.
880 2265 56 35 De
965 2278 81 23 som
1075 2280 91 22 anse
1195 2267 60 36 det
1285 2269 58 35 för
1371 2283 47 22 en
1447 2270 106 37 deras
1581 2273 186 48 naturliga
1793 2280 87 42 rätt,
1910 2281 54 30 att
