1862 2782
254 120 38 29 32
647 124 124 29 Första
793 123 237 37 lagutskottets
1054 123 176 31 utlåtande
1251 133 43 20 nr
1314 124 52 30 39.

302 204 64 29 Det
390 203 199 38 föreslagna
615 203 225 38 stadgandets
865 203 177 39 placering
1066 203 11 29 i
1105 202 39 30 18
1170 203 80 39 kap.
1280 202 38 30 13
1347 203 14 36 8
1390 202 231 30 betecknades
1647 202 12 29 i
1683 211 79 31 pro-

256 254 195 29 memorian
472 263 74 20 som
566 255 47 28 ett
632 253 235 40 provisorium
887 253 10 29 i
918 254 173 29 avvaktan
1111 253 45 40 på
1179 253 234 30 slutförandet
1434 262 42 21 av
1496 253 66 29 den
1583 253 178 39 pågående

256 304 390 39 strafflagsrevisionen.
677 304 285 39 Begränsningen
990 303 53 30 till
1073 304 302 39 framställningar
1403 304 11 29 i
1445 304 104 29 skrift
1578 304 82 29 eller
1689 304 73 29 bild

256 355 232 29 motiverades
505 355 79 29 med
603 356 49 28 att
671 355 42 29 de
731 355 176 39 praktiskt
924 355 267 38 betydelsefulla
1210 354 108 30 fallen
1338 364 41 20 av
1397 354 267 39 ifrågavarande
1683 363 79 31 pro-

256 406 161 39 paganda
439 405 135 30 täcktes
598 415 42 20 av
663 406 116 29 denna
802 405 348 39 brottsbeskrivning.
1175 405 52 30 Av
1254 405 150 29 särskild
1427 405 74 29 vikt
1525 414 80 20 vore
1630 407 50 27 att
1705 405 57 29 det

258 456 112 29 skulle
395 455 92 30 bliva
512 455 137 40 möjligt
674 458 51 27 att
751 463 123 31 genom
899 465 43 20 en
966 456 12 29 i
1002 455 483 39 tryckfrihetsförordningen
1511 456 139 38 inryckt
1676 455 87 29 hän-

255 506 139 39 visning
417 506 53 29 till
495 506 56 30 det
575 516 69 29 nya
669 507 206 38 stadgandet
899 506 172 30 bestraffa
1096 507 87 29 även
1209 506 110 30 sådan
1344 506 314 40 hetspropaganda,
1686 515 74 20 som

258 557 128 29 skedde
410 557 146 29 medelst
578 558 117 38 tryckt
720 557 115 29 skrift.

303 607 12 29 I
341 608 40 29 de
406 608 198 38 yttranden,
631 617 74 20 som
732 608 220 30 inhämtades
978 609 80 28 över
1083 608 270 39 promemorian,
1380 608 77 29 blev
1482 608 56 29 det
1564 608 76 29 däri
1665 607 98 29 inne-

256 658 133 30 fattade
417 658 166 39 förslaget
610 658 149 30 föremål
786 658 54 30 för
867 659 95 39 livlig
988 659 119 29 kritik.
1135 659 49 29 De
1212 659 104 29 flesta
1344 668 41 20 av
1411 658 351 30 remissinstanserna

258 709 85 38 gåvo
366 708 202 39 visserligen
592 710 143 38 uttryck
759 709 35 29 åt
817 710 66 28 den
910 709 282 40 uppfattningen,
1218 711 50 28 att
1292 709 115 39 någon
1430 709 92 29 form
1547 718 42 20 av
1613 708 150 39 lagstift-

257 759 85 39 ning
366 761 72 27 mot
464 760 136 29 rashets
626 760 95 38 finge
748 769 101 20 anses
874 760 175 39 påkallad,
1075 769 79 20 men
1182 760 147 29 allmänt
1355 760 177 29 hävdades
1559 761 50 28 att
1635 760 57 28 det
1721 768 41 20 av

257 809 406 30 straffrättskommittén
687 810 46 39 på
757 810 54 29 sin
834 810 49 29 tid
906 809 196 39 framlagda
1127 809 167 39 förslaget
1317 810 53 28 till
1395 809 189 39 stadgande
1609 810 11 28 i
1644 809 118 28 ämnet

257 869 80 20 vore
360 862 49 27 att
434 860 184 39 föredraga
640 860 152 30 framför
814 860 165 39 förslaget
1004 870 56 20 om
1083 861 120 38 tillägg
1226 861 54 29 till
1307 860 39 30 18
1368 861 79 39 kap.
1474 860 38 30 13
1541 860 27 36 8.
1592 860 71 29 Mot
1687 860 77 29 sist-

256 911 155 29 nämnda
436 911 132 39 förslag
591 911 170 30 invändes
786 912 149 29 framför
961 911 71 34 allt,
1059 914 49 27 att
1133 912 57 29 det
1217 911 190 30 straffbara
1434 911 156 30 området
1616 911 76 29 icke
1717 911 46 39 på

254 963 51 27 ett
323 961 203 39 tillräckligt
545 961 125 39 tydligt
691 962 68 29 sätt
780 961 94 30 bleve
893 961 150 30 bestämt
1064 969 123 31 genom
1208 963 51 27 att
1278 962 11 29 i
1309 961 383 39 brottsbeskrivningen
1713 961 51 28 ta-

257 1012 96 29 lades
374 1021 56 20 om
451 1020 83 31 grov
550 1013 204 38 kränkning
772 1022 42 20 av
832 1013 128 29 andras
979 1013 306 29 människovärde.
1305 1013 116 38 Enligt
1440 1012 66 30 vad
1528 1021 74 20 som
1621 1012 142 29 utveck-

256 1063 96 29 lades
368 1063 10 28 i
394 1063 154 29 motiven
565 1063 112 30 skulle
693 1063 177 39 nämligen
887 1064 97 29 ordet
1003 1063 335 30 >människovärde»
1358 1063 64 29 här
1438 1063 46 29 ha
1501 1072 43 20 en
1563 1071 117 21 annan
1697 1062 64 29 och

256 1122 97 21 mera
375 1113 187 30 inskränkt
585 1114 176 39 betydelse
784 1115 44 28 än
852 1123 74 20 som
949 1114 282 30 överensstämde
1255 1114 79 29 med
1359 1114 56 29 det
1439 1114 178 29 allmänna
1642 1113 121 40 språk-

255 1163 137 30 bruket.
429 1163 94 30 Även
549 1164 193 30 oberoende
768 1165 109 29 härav
902 1165 113 29 skulle
1041 1165 106 38 enligt
1173 1165 68 29 den
1267 1165 197 29 framförda
1489 1164 154 29 kritiken
1671 1164 92 29 stad-

256 1214 126 38 gandet
404 1214 119 30 lämna
542 1223 96 21 mera
659 1214 183 39 försåtliga
862 1215 65 29 och
947 1214 126 39 farliga
1094 1215 131 29 former
1248 1224 42 20 av
1311 1214 305 39 hetspropaganda
1637 1213 127 30 ostraf-

254 1264 92 30 fade.
369 1264 125 29 Vidare
516 1264 112 30 funno
649 1264 90 30 flera
761 1264 312 34 remissinstanser,
1096 1266 50 28 att
1167 1264 190 39 tillräcklig
1378 1264 189 39 anledning
1590 1264 173 29 saknades

256 1317 51 28 att
325 1315 74 30 icke
418 1316 161 38 medtaga
595 1315 133 39 jämväl
749 1315 108 30 sådan
875 1315 152 39 muntlig
1044 1316 236 39 propaganda,
1302 1324 74 21 som
1396 1315 128 30 skedde
1544 1315 218 38 offentligen.

258 1366 168 38 Slutligen
451 1366 184 29 framhölls
659 1366 107 29 också
790 1366 80 29 från
894 1366 177 39 åtskilliga
1094 1366 71 29 håll
1192 1366 57 30 det
1276 1365 187 40 olämpliga
1489 1366 11 28 i
1525 1367 50 28 att
1600 1367 48 28 ett
1673 1366 92 28 stad-

257 1417 111 39 gande
393 1417 79 29 med
497 1417 56 29 det
577 1417 201 38 föreslagna
802 1417 191 29 innehållet
1018 1417 201 39 placerades
1244 1416 11 29 i
1283 1416 39 29 18
1347 1417 90 39 kap.,
1464 1425 74 20 som
1564 1416 106 39 enligt
1696 1416 67 29 den

254 1467 148 39 tidigare
423 1467 311 39 lagrådsremissen
756 1467 11 29 i
787 1467 110 39 övrigt
918 1467 123 29 endast
1063 1466 111 30 skulle
1195 1466 132 30 handla
1347 1475 57 20 om
1426 1466 292 38 sedlighetsbrott.

302 1518 13 29 I
340 1518 262 39 propositionen
626 1518 65 30 har
717 1518 192 29 emellertid
934 1518 178 39 upptagits
1138 1518 56 29 det
1219 1517 268 39 ifrågavarande
1513 1517 167 39 förslaget
1706 1526 57 20 om

256 1569 121 38 tillägg
396 1569 53 29 till
473 1569 39 29 18
532 1569 79 39 kap.
635 1568 38 30 13
697 1568 28 37 $.
746 1569 116 29 Under
884 1568 115 30 denna
1020 1568 164 40 paragraf
1204 1568 65 30 har
1294 1568 148 30 sålunda
1463 1568 198 39 föreslagits
1683 1569 48 28 ett
1752 1568 11 29 i

256 1619 221 30 förhållande
499 1620 52 28 till
573 1619 159 39 gällande
754 1620 69 29 rätt
844 1619 157 39 utvidgat
1023 1619 190 39 stadgande
1235 1619 11 29 i
1267 1619 229 39 paragrafens
1517 1619 112 29 första
1649 1619 114 39 punkt

257 1680 43 19 av
326 1670 166 34 innehåll,
521 1672 50 27 att
598 1670 67 29 den
695 1679 73 20 som
797 1670 186 39 utsprider,
1012 1670 110 29 håller
1150 1670 53 29 till
1233 1670 75 29 salu
1337 1670 83 29 eller
1452 1669 166 40 utbjuder
1647 1669 115 34 skrift,

256 1721 168 38 målning,
445 1721 165 39 teckning
632 1721 83 29 eller
735 1721 82 33 bild,
840 1730 73 20 som
936 1721 97 29 sårar
1053 1721 79 29 tukt
1154 1721 65 29 och
1242 1721 168 38 sedlighet
1431 1720 82 30 eller
1535 1728 123 31 genom
1681 1727 83 31 grov

256 1772 202 38 kränkning
476 1781 42 20 av
534 1772 128 29 andras
679 1772 295 29 människovärde
992 1772 38 29 är
1048 1771 113 39 ägnad
1179 1773 50 27 att
1246 1771 111 30 väcka
1378 1771 130 30 allmän
1527 1771 126 33 anstöt,
1674 1770 88 30 skall

256 1822 57 30 för
335 1822 179 39 anstötligt
536 1822 205 30 förfarande
764 1822 144 29 straffas
929 1822 80 29 med
1030 1822 97 29 böter
1149 1822 83 29 eller
1253 1822 166 39 fängelse.
1442 1822 64 29 Vid
1528 1821 236 39 framläggan-

256 1873 58 29 det
335 1882 41 20 av
396 1873 95 29 detta
512 1873 131 39 förslag
662 1873 65 29 har
749 1873 385 39 departementschefen
1155 1873 193 29 emellertid
1370 1872 205 33 framhållit,
1599 1874 49 27 att
1672 1872 92 29 stad-

258 1924 126 38 gandet
405 1923 11 29 i
438 1923 99 39 fråga
557 1924 125 29 endast
704 1924 95 38 finge
821 1924 178 29 betraktas
1023 1933 74 20 som
1120 1925 48 28 ett
1191 1923 244 40 provisorium,
1460 1924 110 28 avsett
1593 1925 50 27 att
1666 1922 98 30 bestå

256 1975 53 29 till
334 1975 78 28 dess
436 1975 67 28 den
526 1974 178 40 pågående
728 1974 196 30 revisionen
949 1984 43 20 av
1016 1974 226 39 strafflagens
1268 1974 161 39 speciella
1454 1974 54 29 del
1533 1974 119 29 hunne
1679 1973 85 30 slut-

256 2025 107 30 föras.
390 2025 147 30 Särskilt
562 2025 64 29 har
651 2025 387 39 departementschefen
1064 2025 122 29 härvid
1212 2024 163 30 hänvisat
1401 2024 52 30 till
1480 2026 49 28 att
1555 2024 125 39 frågan
1706 2033 57 20 om

256 2076 202 29 rashetsens
476 2076 92 29 rätta
587 2076 267 38 straffrättsliga
872 2075 212 39 behandling
1102 2076 70 29 kan
1191 2075 144 30 komma
1354 2075 11 29 i
1384 2084 42 20 en
1446 2084 46 30 ny
1511 2075 114 39 dager,
1646 2075 117 29 därest

255 2127 59 29 vid
339 2127 66 29 den
429 2126 220 30 förestående
674 2126 196 30 revisionen
895 2136 42 20 av
961 2126 594 39 ärekränkningsbestämmelserna
1579 2126 12 29 i
1618 2126 39 29 16
1682 2126 80 39 kap.

256 2180 50 27 ett
328 2178 146 29 allmänt
499 2178 190 38 stadgande
711 2186 57 20 om
790 2177 262 39 ärekränkning
1072 2179 72 27 mot
1166 2177 191 29 kollektiva
1379 2177 141 29 enheter
1543 2176 112 30 skulle
1677 2185 87 30 upp-

256 2230 100 37 tagas
374 2228 10 29 i
403 2228 111 39 lagen.

301 2279 14 28 I
338 2279 179 29 motionen
541 2279 29 28 I:
587 2278 63 29 280
674 2279 66 29 har
763 2278 131 39 yrkats,
920 2280 50 28 att
994 2278 198 39 riksdagen,
1217 2278 11 29 i
1254 2279 115 29 stället
1392 2279 55 29 för
1473 2281 49 27 att
1547 2280 126 37 antaga
1697 2278 67 28 den

256 2329 199 38 föreslagna
474 2329 194 38 ändringen
686 2338 43 21 av
749 2329 39 29 18
806 2329 78 39 kap.
906 2329 38 29 13
966 2329 27 36 8,
1012 2329 107 29 måtte
1137 2328 12 29 i
1169 2328 37 29 11
1227 2329 80 40 kap.
1326 2329 115 30 införa
1459 2338 43 21 en
1520 2327 244 31 bestämmelse

255 2386 43 22 av
314 2379 56 29 det
386 2380 166 33 innehåll,
571 2388 74 20 som
663 2379 409 30 straffrättskommittén
1088 2379 181 39 föreslagit
1287 2380 114 29 såsom
1420 2379 16 30 7
1457 2379 15 36 8
1491 2380 10 29 i
1518 2379 146 39 kapitlet
1681 2378 83 30 eller
