1896 2839
254 172 40 31 10
615 172 285 31 Statsutskottets
923 172 178 32 utlåtande
1124 183 43 20 nr
1189 174 19 29 4
1230 173 39 31 år
1293 174 83 29 1969

730 359 524 37 DRIFTBUDGCETEN

797 440 135 49 Fjärde
949 440 239 36 huvudtiteln

722 516 418 43 Försvarsdepartementet
1155 529 46 19 m.
1214 529 45 19 m.

290 600 28 29 6.
341 599 438 36 Försvarsdepartementet
799 609 44 20 m.
856 600 37 30 fl.
915 600 128 36 anslag.
1065 600 173 31 Utskottet
1257 599 191 38 tillstyrker
1469 599 123 38 Kungl.
1614 599 122 38 Maj:ts

249 653 131 39 förslag
402 654 211 38 (punkterna
631 654 27 29 A
679 654 88 30 1—4A
784 654 30 35 4,
833 664 25 20 s.
876 654 138 35 32—33)
1037 655 64 30 och
1118 655 198 30 hemställer

604 711 50 28 att
668 708 188 40 riksdagen
872 709 54 30 för
941 709 204 40 budgetåret
1163 708 147 36 1969/70
1326 709 139 30 anvisar

603 764 26 29 1.
648 763 52 30 till
710 763 447 40 Försvarsdepartementet
1169 765 47 28 ett
1229 763 273 40 förslagsanslag
1514 772 43 22 av
1568 762 18 31 6
1598 762 62 31 415
1675 762 62 31 000

558 817 62 35 kr.,

603 872 29 28 2.
658 871 52 29 till
730 871 98 29 Vissa
845 872 172 28 nämnder
1032 881 103 19 m.m.
1154 874 47 27 ett
1219 872 273 38 förslagsanslag
1509 881 42 19 av
1569 871 91 29 1545
1674 871 63 29 000

557 923 63 36 kris

603 978 29 31 3.
658 979 52 30 till
722 978 230 31 Kommittéer
965 988 45 20 m.
1023 988 45 21 m.
1081 981 48 28 ett
1143 979 357 39 reservationsanslag
1512 988 42 21 av
1567 978 18 30 2
1599 978 62 31 000
1674 978 63 30 000

557 1032 62 36 kr.,

602 1086 30 30 4.
657 1086 52 30 till
729 1087 107 30 Extra
859 1086 143 41 utgifter
1022 1089 47 28 ett
1089 1087 357 39 reservationsanslag
1466 1096 41 20 av
1527 1086 63 30 600
1603 1086 62 30 000
1684 1086 53 30 kr.

930 1184 126 32 Armén

291 1259 28 29 7.
342 1257 143 31 Armén:
511 1258 213 35 Avlöningar
746 1258 53 29 till
822 1257 95 30 aktiv
939 1258 161 36 personal
1124 1267 43 20 m.
1180 1257 37 30 fl.
1243 1257 123 37 Kungl.
1390 1257 104 37 Maj:t
1517 1257 64 30 har
1609 1256 128 38 (punkt

248 1311 27 29 B
296 1312 28 34 2,
347 1321 25 21 s.
393 1311 147 35 34—48)
565 1311 73 30 dels
658 1311 110 31 berett
788 1312 187 39 riksdagen
995 1311 137 31 tillfälle
1151 1313 49 30 att
1218 1313 94 38 yttra
1331 1312 51 39 sig
1401 1312 79 29 över
1498 1311 67 30 vad
1584 1320 75 21 som
1678 1320 59 21 an-

248 1367 89 30 förts
356 1367 11 30 i
386 1366 382 40 statsrådsprotokollet
787 1365 150 31 rörande
955 1366 94 30 vissa
1066 1366 178 39 personal-
1262 1366 65 29 och
1346 1365 207 39 driftfrågor
1571 1365 58 30 vid
1648 1364 90 30 mili-

247 1419 77 30 tära
347 1419 310 39 matinrättningar
680 1419 65 29 och
768 1420 144 34 mässar,
937 1419 73 30 dels
1033 1419 178 40 föreslagit
1234 1419 187 39 riksdagen
1444 1420 49 29 att
1515 1419 54 30 till
1590 1418 146 30 Armén:

247 1473 214 39 Avlöningar
483 1473 54 30 till
560 1472 97 31 aktiv
678 1473 162 40 personal
863 1483 45 20 m.
921 1473 36 29 fl.
982 1472 53 30 för
1057 1472 204 40 budgetåret
1286 1472 147 36 1969/70
1455 1472 121 30 anvisa
1599 1474 47 28 ett
1668 1472 70 30 för-

248 1527 216 40 slagsanslag
482 1537 42 20 av
540 1527 63 30 427
617 1527 62 30 200
693 1527 62 30 000
773 1528 52 29 kr.

293 1607 185 31 Utskottet.
498 1607 239 40 Utredningen
756 1617 57 20 om
832 1607 525 41 handräckningsvärnpliktiga
1373 1607 65 30 har
1457 1607 127 40 avgivit
1602 1608 48 29 ett
1668 1606 69 31 del-

247 1663 221 31 betänkande
488 1662 150 32 rörande
659 1663 93 30 vissa
774 1662 177 41 personal-
972 1663 65 30 och
1058 1661 206 41 driftfrågor
1285 1661 58 31 vid
1365 1661 154 32 militära
1540 1661 198 30 matinrätt-

247 1715 125 39 ningar
392 1716 65 29 och
478 1716 146 29 mässar.
645 1716 176 31 Utskottet
841 1716 96 29 delar
957 1717 11 29 i
987 1716 109 30 likhet
1117 1716 79 29 med
1216 1715 386 40 departementschefen
1622 1714 115 31 utred-

247 1769 148 40 ningens
419 1769 220 41 principiella
663 1769 227 40 uppfattning
915 1771 50 29 att
991 1769 189 30 försvarets
1204 1769 336 40 fredsorganisation
1564 1769 71 29 inte
1659 1768 79 30 med

249 1823 77 30 stöd
352 1833 43 20 av
419 1823 254 40 värnpliktslag
700 1833 101 20 m.m.
828 1824 62 29 bör
915 1823 236 30 tillförsäkras
1176 1823 213 31 arbetskraft
1415 1823 54 29 för
1494 1822 177 40 uppgifter
1696 1832 43 20 av

248 1877 80 30 civil
345 1878 115 29 natur.
478 1878 64 29 Det
559 1877 63 30 bör
639 1878 11 29 i
667 1877 94 30 detta
779 1877 256 39 sammanhang
1050 1877 134 30 erinras
1201 1886 57 20 om
1275 1879 49 28 att
1340 1877 171 30 utskottet
1527 1876 109 30 redan
1654 1875 84 30 1954

248 1930 11 30 i
276 1931 139 40 princip
432 1930 156 31 uttalade
608 1930 50 41 sig
676 1933 72 28 mot
766 1930 290 40 kommendering
1073 1940 42 20 av
1132 1930 213 40 värnpliktig
1362 1930 162 40 personal
1541 1930 53 30 till
1611 1929 126 40 tjänst-

251 1986 122 39 göring
391 1985 58 30 vid
468 1986 135 29 mässar
624 1995 41 19 av
684 1985 94 29 olika
797 1985 73 39 slag
895 1985 69 34 (SU
986 1984 186 35 1954:104,
1192 1985 90 28 rskr.
1303 1983 95 34 253).
1418 1983 85 30 Civil
1524 1983 212 30 arbetskraft

248 2037 63 30 bör
334 2038 10 29 i
366 2037 137 40 princip
526 2037 167 30 anställas
717 2037 54 29 för
794 2037 41 30 de
858 2037 154 39 göromål
1036 2046 74 21 som
1133 2037 68 30 f.n.
1224 2037 115 29 utförs
1361 2046 42 20 av
1423 2036 236 40 värnpliktiga
1680 2036 57 29 vid

247 2091 320 39 matinrättningar,
592 2091 136 31 mässar
752 2091 65 30 och
840 2090 298 31 marketenterier.
1163 2090 145 40 Hänsyn
1330 2090 111 30 måste
1464 2090 99 35 dock,
1588 2099 75 21 som
1685 2091 53 29 ut-

247 2144 194 40 redningen
458 2144 160 40 påpekat,
637 2146 53 29 tas
708 2145 52 30 till
778 2146 49 29 att
844 2144 221 40 geografiska
1081 2144 83 30 eller
1180 2144 110 30 andra
1306 2143 246 31 förhållanden
1567 2143 71 30 kan
1655 2144 82 39 göra

249 2199 57 30 det
323 2200 86 29 nära
425 2207 68 32 nog
509 2199 165 30 uteslutet
690 2201 50 27 att
756 2198 166 31 anskaffa
937 2198 78 31 civil
1031 2198 162 40 personal
1210 2199 10 28 i
1235 2198 91 29 vissa
1343 2198 72 29 fall.

293 2253 71 30 Mot
384 2252 380 39 anslagsberäkningen
783 2253 82 28 eller
884 2253 175 38 förslagen
1077 2252 11 29 i
1106 2251 110 40 övrigt
1235 2251 110 30 under
1363 2251 155 40 anslaget
1537 2251 96 30 finns
1651 2251 86 29 intet

246 2308 50 29 att
322 2307 125 30 erinra.

290 2360 177 32 Utskottet
491 2360 203 30 hemställer

606 2414 27 29 1.
659 2416 50 28 att
737 2413 187 39 riksdagen
954 2423 74 20 som
1058 2413 53 29 sin
1139 2412 141 40 mening
1309 2420 58 31 ger
1395 2412 126 39 Kungl.
1550 2411 105 39 Maj:t
1683 2410 53 31 till

560 2467 120 30 känna
710 2466 67 30 vad
808 2465 171 31 utskottet
1011 2464 118 31 anfört
1159 2465 149 30 rörande
1339 2464 94 31 vissa
1464 2465 176 39 personal-
1671 2464 66 29 och

558 2519 206 40 driftfrågor
785 2519 58 30 vid
866 2519 154 30 militära
1039 2518 312 40 matinrättningar
1374 2518 65 30 och
1461 2519 144 34 mässar,
