1902 2841
254 179 42 30 44
608 179 285 31 Statsutskottets
920 179 178 31 utlåtande
1125 188 42 21 nr
1192 180 20 29 4
1237 179 39 31 år
1304 180 83 30 1969

299 263 50 30 11.
374 262 58 31 vid
454 263 158 40 punkten
636 262 42 31 38
708 262 194 40 (Frivilliga
926 261 301 41 djursjukvården
1250 263 12 30 i
1285 261 94 41 krig)
1409 271 42 22 av
1474 262 121 30 herrar
1619 261 122 41 Virgin

259 317 83 36 (m),
367 317 211 41 Strandberg
605 317 82 36 (m),
711 317 159 31 Bohman
898 316 68 36 (m)
994 317 64 30 och
1080 317 185 30 Petersson
1286 317 12 29 i
1320 316 157 31 Gäddvik
1504 317 69 35 (m)
1601 325 75 22 som
1696 334 45 4 —

251 372 59 30 vid
329 372 99 31 bifall
448 372 53 30 till
521 372 259 30 reservationen
801 371 18 30 3
839 389 45 4 —
904 380 101 21 anser
1026 373 50 29 att
1097 372 189 30 utskottets
1306 371 162 40 yttrande
1489 372 65 30 och
1575 371 166 30 hemstäl-

251 426 59 30 lan
325 427 77 30 bort
418 427 46 30 ha
479 427 157 40 följande
651 426 146 41 lydelse:

301 480 195 31 »Utskottet
511 480 64 31 har
591 480 111 30 under
717 480 158 40 punkten
891 480 19 31 2
925 480 178 39 föreslagit
1119 489 42 21 en
1178 480 224 41 uppräkning
1417 489 42 21 av
1474 480 189 30 försvarets
1680 488 60 21 an-

255 534 170 39 slagsram
446 533 80 30 med
551 533 60 31 150
633 534 89 40 milj.
745 534 52 30 kr.
820 534 65 30 och
909 536 47 28 ett
979 534 82 30 ökat
1084 533 319 41 ianspråktagande
1426 543 42 20 av
1490 533 249 30 reservations-

253 588 123 30 medel.
400 588 137 30 Medlen
561 587 64 31 har
650 588 126 31 främst
801 590 129 28 avsetts
955 588 55 30 för
1034 588 401 40 materielanskaffning,
1462 587 186 40 forskning
1673 587 66 30 och

253 642 249 40 projektering.
520 642 185 40 Ökningen
722 652 43 21 av
782 643 262 40 anslagsramen
1061 642 62 30 bör
1142 643 86 29 även
1246 642 207 40 möjliggöra
1471 651 42 21 en
1530 641 149 41 höjning
1697 651 43 21 av

252 696 167 40 bidragen
444 696 53 31 till
523 696 93 31 vissa
642 696 433 41 frivilligorganisationer.
1102 696 109 31 Dessa
1238 696 112 31 medel
1377 696 62 31 bör
1466 697 11 30 i
1505 696 111 30 första
1642 695 96 31 hand

253 760 98 21 avses
368 751 55 30 för
439 760 43 21 en
498 751 91 30 ökad
605 751 199 41 utbildning
819 751 66 31 och
900 751 55 30 för
972 760 42 21 en
1031 751 140 31 fortsatt
1189 751 201 40 utbyggnad
1407 760 42 22 av
1464 750 275 41 ungdomsverk-

254 805 190 30 samheten.
470 806 210 39 Härigenom
706 805 217 30 underlättas
949 804 216 41 övergången
1189 805 53 30 till
1268 805 56 30 det
1349 815 68 30 nya
1443 807 129 37 system
1598 805 54 30 för
1678 804 60 31 fri-

251 858 441 38 villigorganisationernas
715 859 116 28 arbete
853 868 120 19 varom
995 859 170 29 utskottet
1188 858 205 30 förutsätter
1416 861 49 27 att
1488 858 132 39 förslag
1641 859 98 29 kom-

252 919 74 21 mer
344 912 50 29 att
412 910 194 41 föreläggas
627 909 82 32 1970
727 911 57 30 års
801 910 152 41 riksdag.

295 965 219 31 Motionerna
535 965 29 31 I:
579 964 63 32 432
664 966 64 30 och
749 966 45 30 II:
810 965 62 30 505
894 965 192 41 tillstyrkes
1109 965 149 31 sålunda
1279 965 104 31 såvitt
1404 975 48 21 nu
1474 967 38 29 är
1532 965 11 30 i
1564 966 109 39 fråga.

296 1019 177 30 Utskottet
493 1018 203 31 hemställer

607 1075 50 28 att
682 1073 188 40 riksdagen
895 1073 12 30 i
932 1073 188 40 anledning
1146 1083 42 20 av
1213 1073 126 40 Kungl.
1365 1073 125 40 Maj:ts
1516 1072 132 41 förslag
1673 1072 66 31 och

562 1126 79 30 med
665 1126 99 31 bifall
789 1127 52 29 till
866 1126 218 31 motionerna
1109 1126 29 30 I:
1154 1125 63 32 432
1242 1127 65 29 och
1331 1127 46 30 II:
1391 1126 72 36 505,
1489 1126 155 31 nämnda
1668 1135 72 20 mo-

562 1179 113 30 tioner
700 1179 103 31 såvitt
826 1189 48 21 nu
899 1180 38 30 är
960 1180 11 30 i
995 1179 107 40 fråga,
1127 1180 52 30 till
1203 1180 177 40 Frivilliga
1405 1180 299 40 djursjukvården
1731 1179 11 30 i

563 1233 78 39 krig
667 1233 54 30 för
746 1232 204 40 budgetåret
978 1234 140 34 1969/70
1145 1234 139 30 anvisar
1311 1236 48 28 ett
1384 1233 357 38 reservationsanslag

565 1295 42 21 av
630 1286 39 30 70
684 1286 63 32 000
770 1286 72 31 kr.>

842 1544 137 33 Särskilt
994 1546 154 41 yttrande

295 1630 42 21 av
357 1621 121 29 herrar
499 1621 77 29 Ivar
595 1621 200 29 Johansson
822 1619 89 40 (cp),
933 1620 175 39 Bengtson
1135 1620 89 40 (cp),
1246 1620 80 30 Eric
1347 1620 166 30 Peterson
1539 1620 87 40 (fp),
1648 1620 93 30 Dah-

251 1674 57 31 lén
332 1674 87 40 (fp),
439 1674 174 31 Lindblad
638 1674 86 41 (fp),
746 1674 190 30 Gustafson
956 1675 10 29 i
987 1674 169 40 Göteborg
1181 1673 86 41 (fp),
1289 1675 172 29 Mattsson
1487 1674 90 40 (cp),
1598 1675 142 40 Enskog

257 1728 86 40 (fp),
358 1728 201 30 Antonsson
579 1728 76 40 (cp)
673 1729 64 29 och
751 1728 177 40 Dahlgren
946 1728 75 40 (cp)
1042 1737 73 21 som
1130 1728 133 30 anfört:

298 1781 52 30 Då
370 1781 203 40 regeringen
594 1782 52 29 till
671 1781 83 30 1968
777 1781 56 30 års
855 1781 142 40 riksdag
1018 1781 77 30 lade
1118 1781 91 30 fram
1232 1783 48 28 ett
1303 1781 130 41 förslag
1455 1791 56 20 om
1534 1791 42 20 en
1599 1781 140 30 flerårs-

252 1834 83 39 plan
363 1835 54 29 för
445 1834 56 30 det
531 1835 148 29 svenska
708 1834 171 31 försvaret
907 1834 155 30 uttalade
1090 1835 245 38 centerpartiet
1364 1835 64 28 och
1457 1834 203 39 folkpartiet
1689 1836 49 27 att

253 1887 67 29 den
342 1897 60 19 var
425 1887 356 30 otillfredsställande.
804 1888 161 29 Framför
988 1888 60 30 allt
1070 1897 60 20 var
1153 1888 56 30 det
1231 1887 197 39 beklagligt,
1452 1889 50 28 att
1524 1887 215 39 planerings-

253 1940 106 30 nivån
377 1940 87 30 efter
482 1940 204 40 budgetåret
707 1941 140 33 1971/72
866 1941 71 30 inte
956 1949 64 32 gav
1036 1940 210 41 tillräckliga
1264 1950 156 20 resurser
1440 1940 53 31 för
1513 1942 50 28 att
1581 1940 158 40 upprätt-

254 1994 93 29 hålla
364 1995 48 28 ett
430 1994 112 29 starkt
560 1994 146 30 försvar.

297 2047 75 29 Den
398 2047 209 39 utveckling,
635 2056 75 21 som
737 2047 91 30 skett
856 2047 105 30 sedan
989 2047 88 35 dess,
1104 2047 64 29 har
1194 2048 61 29 lett
1281 2047 52 30 till
1360 2056 42 20 en
1428 2047 70 29 viss
1526 2046 212 40 försämring

252 2100 10 28 i
288 2100 56 29 det
370 2100 207 39 europeiska
603 2100 282 39 säkerhetsläget.
911 2100 93 30 även
1031 2110 55 20 om
1112 2100 114 40 någon
1251 2099 152 41 påtaglig
1430 2099 241 41 förskjutning
1697 2109 41 20 av

253 2153 267 30 maktbalansen
541 2153 11 30 i
574 2154 140 39 Europa
736 2154 71 30 inte
830 2153 177 30 förefaller
1029 2154 44 30 ha
1097 2155 56 39 ägt
1175 2163 89 26 rum,
1290 2163 101 30 synes
1414 2154 88 29 dock
1524 2163 43 20 en
1590 2153 148 39 ändring

254 2206 49 29 till
322 2206 55 29 det
396 2207 113 28 sämre
527 2206 45 30 ha
589 2206 162 30 inträffat
769 2206 110 30 under
897 2207 38 29 år
955 2206 93 31 1968.
1066 2207 123 30 Denna
1206 2207 199 39 utveckling
1423 2207 135 30 stärker
1575 2206 60 31 vår
1653 2215 85 31 upp-

252 2259 162 39 fattning,
445 2261 49 27 att
523 2259 57 30 det
608 2259 124 36 beslut,
763 2269 74 20 som
866 2261 11 29 i
906 2260 65 40 fjol
1000 2259 151 32 fattades
1181 2270 41 20 av
1250 2260 396 39 riksdagsmajoriteten,
1676 2269 61 19 var

252 2312 137 29 mindre
410 2312 56 30 väl
489 2312 161 40 grundat.

296 2365 12 29 I
333 2365 152 40 enlighet
510 2365 79 30 med
613 2365 67 31 vad
705 2375 74 21 som
804 2365 80 31 från
908 2365 76 31 vårt
1009 2365 71 31 håll
1104 2366 12 30 i
1140 2367 107 28 annat
1273 2365 255 42 sammanhang
1553 2366 183 30 framförts

252 2418 63 29 har
335 2419 33 29 vi
387 2418 151 30 beslutat
558 2420 50 28 att
629 2428 74 20 som
723 2418 259 41 huvudprincip
1002 2419 45 29 ha
1067 2420 49 29 att
1136 2419 72 31 inte
1228 2418 194 40 framlägga
1442 2419 130 40 förslag
1592 2428 56 20 om
1669 2428 68 31 nya

251 2471 143 39 utgifter
422 2472 54 29 för
503 2472 101 29 nästa
630 2471 179 39 budgetår.
837 2472 42 29 Vi
906 2472 63 29 har
997 2471 119 30 därför
1143 2472 107 29 heller
1278 2472 71 29 inte
1378 2472 177 39 föreslagit
1583 2473 154 38 anslags-

251 2524 189 40 höjningar
459 2524 53 30 för
533 2524 180 30 försvaret.
733 2525 102 29 Detta
855 2524 128 30 ändrar
1002 2525 71 30 inte
1092 2524 67 31 den
1178 2524 205 40 inställning
1401 2525 53 30 till
1473 2525 264 40 utformningen
