1899 2831
451 145 122 39 Tredje
595 145 245 39 lagutskottets
862 145 178 29 utlåtande
1061 154 43 20 nr
1123 146 42 28 24
1186 145 40 30 år
1248 145 83 30 1967
1594 148 39 30 17

308 225 225 35 (Nuvarande
560 225 145 40 lydelse)

149 290 36 39 ty
217 289 10 29 i
262 289 16 29 7
312 289 79 39 kap.
427 288 139 40 stadgas
601 288 117 30 ställes
752 288 111 30 under

150 333 348 40 tvångsförvaltning.

1079 225 225 40 (Föreslagen
1330 226 145 40 lydelse)

921 288 340 40 tvångsförvaltning
1283 288 108 40 enligt
1414 289 17 30 7
1456 289 79 40 kap.
1561 289 74 30 Vad

921 342 76 21 som
1020 342 50 21 nu
1093 333 219 40 föreskrivits
1335 333 109 41 gäller
1467 334 35 40 ej
1526 333 108 31 tillbe-

921 378 66 30 hör
1012 388 76 20 som
1116 379 107 30 redan
1251 378 86 31 sålts
1365 379 56 40 för
1448 379 53 40 sig
1528 379 107 40 enligt

924 424 61 29 100
1004 433 19 20 a
1041 424 30 36 $.

833 541 61 30 129
916 540 27 38 8.

191 594 166 30 Kommer
378 594 211 40 försäljning
609 594 52 30 till
683 594 112 36 stånd,
817 594 45 30 el-

149 639 49 29 ler
218 639 128 39 finnes,
369 639 62 30 där
452 639 119 29 anbud
592 639 35 39 ej
646 639 111 39 gjorts
780 639 82 29 eller

147 683 162 40 antagits,
351 683 211 40 avkastning
600 685 52 29 att
692 683 168 38 redovisa,

144 729 89 30 skall
249 729 390 34 auktionsförrättaren,
654 729 108 29 innan
776 729 85 29 auk-

146 774 121 29 tionen
296 774 166 34 avslutas,
492 774 158 30 meddela
679 774 183 30 underrät-

148 819 84 29 telse
254 828 57 20 om
332 819 105 35 tiden,
459 818 45 30 då
525 819 259 29 sammanträde
807 818 54 30 för

148 863 199 40 fördelning
374 873 43 21 av
445 863 154 30 influtna
629 864 111 29 medel
772 864 88 29 skall

147 908 123 35 hållas,
286 909 38 29 så
338 909 64 29 ock
417 918 57 20 om
488 909 115 29 stället
617 908 54 31 för
686 918 173 20 samman-

148 954 122 29 trädet.

963 595 165 29 Kommer
1170 594 212 40 försäljning
1422 595 54 30 till
1519 595 114 34 stånd,

919 640 88 29 skall
1021 639 389 35 auktionsförrättaren,
1425 640 109 30 innan
1548 640 85 30 auk-

921 684 118 30 tionen
1055 685 164 35 avslutas,
1237 685 159 29 meddela
1411 685 65 29 när
1491 685 66 30 och
1572 694 62 21 var

920 729 259 30 sammanträde
1197 730 88 29 skall
1303 729 112 30 hållas
1434 729 55 30 för
1506 729 127 31 fördel-

920 774 83 39 ning
1017 784 42 20 av
1071 774 154 30 influtna
1239 775 122 29 medel.

965 998 64 30 Om
1055 998 213 40 försäljning
1293 1008 42 20 av
1359 998 211 40 fastigheten
1598 999 35 39 ej

920 1044 92 29 skett
1031 1053 79 20 men
1130 1044 114 29 medel
1263 1043 135 40 influtit
1415 1053 125 30 genom
1560 1044 73 30 sär-

918 1088 93 30 skild
1025 1088 213 40 försäljning
1254 1098 42 20 av
1314 1088 161 30 tillbehör
1491 1089 82 30 eller
1590 1098 42 21 av

920 1142 117 21 annan
1058 1133 198 40 anledning,
1278 1134 81 38 äger
1390 1134 5 29 1
1419 1143 104 20 mom.
1545 1136 88 27 mot-

918 1178 170 30 svarande
1109 1178 230 40 tillämpning.

829 1295 60 30 132
912 1295 27 37 38.

193 1349 112 29 Sedan
326 1349 154 39 köparen
509 1368 30 3 —
570 1368 34 2 —
632 1369 33 2 —
694 1368 30 3 —
753 1368 38 2 —
811 1349 19 30 å
850 1349 223 39 egendomen.

962 1394 16 29 I
996 1394 256 39 försäljningen
1274 1394 99 39 ingår
1393 1394 66 30 vad
1477 1403 75 21 som
1574 1403 57 20 en-

920 1438 60 40 ligt
1004 1438 55 40 lag
1083 1439 100 39 utgör
1207 1438 161 30 tillbehör
1392 1438 51 30 till
1466 1439 166 39 fastighe-

920 1485 66 28 ten.
1003 1484 74 29 Har
1093 1483 57 30 vid
1165 1483 257 40 försäljningen
1441 1483 190 40 beträffan-

919 1528 40 30 de
977 1528 68 30 viss
1062 1528 167 40 egendom
1246 1528 143 30 särskilt
1405 1528 158 40 angivits,
1580 1530 52 29 att

920 1573 65 29 den
1000 1573 143 39 åtföljer
1156 1573 211 39 fastigheten
1383 1573 81 30 eller
1479 1575 50 28 att
1543 1574 39 30 så
1597 1574 35 38 ej

920 1619 39 28 är
979 1618 107 39 fallet,
1109 1618 39 29 är
1169 1618 89 30 dock
1281 1618 65 30 vad
1366 1618 148 30 sålunda
1537 1618 95 40 angi-

920 1663 64 29 vits
1003 1663 196 39 avgörande
1217 1663 56 40 för
1292 1663 66 30 vad
1374 1663 256 40 försäljningen

918 1707 176 40 omfattar.

830 1815 59 30 137
912 1815 28 38 8.

188 1869 52 29 Då
286 1869 127 28 utmätt
457 1869 49 29 lös
551 1869 167 39 egendom
764 1868 96 30 blivit

146 1913 86 36 såld,
309 1914 92 28 skall
439 1909 19 49 —
478 1913 380 40 utmätningsmannen,

144 1958 287 40 skyndsamligen
468 1958 74 37 och,
579 1959 62 29 där
677 1959 35 39 ej
745 1959 114 29 nedan

144 2003 222 30 annorlunda
391 2003 151 39 stadgas,
567 2003 64 30 sist
655 2003 94 30 inom
773 2003 87 40 fjor-

147 2049 57 28 ton
220 2048 107 39 dagar
352 2048 88 39 efter
452 2048 267 39 försäljningen,
734 2057 42 21 av
790 2049 70 39 för-

145 2092 351 40 säljningssumman,
520 2093 39 30 så
583 2093 95 39 långt
701 2093 66 29 den
790 2093 70 39 för-

143 2137 81 40 slår,
249 2137 265 30 tillhandahålla
537 2138 76 38 den,
635 2147 75 20 som
734 2138 126 29 utmät-

145 2182 85 39 ning
275 2182 132 36 vunnit,
454 2182 176 40 betalning
671 2183 57 39 för
770 2182 88 30 hans

142 2226 157 40 fordran.
337 2228 97 29 Hava
471 2227 195 40 penningar
701 2228 159 29 annorle-

147 2272 58 29 des
232 2272 44 29 än
304 2272 88 39 efter
416 2272 214 40 försäljning
656 2272 51 30 till
734 2273 126 29 utmät-

146 2316 258 40 ningsmannen
436 2317 143 39 influtit,
610 2317 98 30 skola
739 2318 40 29 de
811 2317 49 29 in-

145 2370 55 21 om
224 2361 69 30 lika
317 2361 49 30 tid
387 2361 153 40 därefter
560 2361 112 31 hållas
696 2362 163 40 borgenä-

146 2415 60 20 ren
224 2406 52 29 till
291 2406 127 30 handa.

192 2451 111 30 Innan
323 2452 81 29 dom

193 2497 71 28 Har
282 2497 200 38 utmätning
713 2516 9 2 -

963 1869 70 30 När
1063 1869 370 40 utmätningsmannen
1464 1869 87 40 efter
1581 1871 51 27 ut-

920 1914 158 39 mätning
1116 1923 43 20 av
1198 1914 49 29 lös
1288 1914 167 39 egendom
1493 1914 139 30 erhållit

920 1959 112 29 medel
1046 1968 124 30 genom
1187 1959 212 39 försäljning
1414 1959 82 29 eller
1511 1959 45 40 på
1571 1969 61 20 an-

918 2004 61 28 nat
1002 2004 80 36 sätt,
1107 2003 91 30 skall
1220 2003 71 30 han
1315 2006 140 28 snarast
1478 2003 65 30 och
1567 2004 64 28 sist

918 2049 93 30 inom
1039 2049 55 30 två
1120 2049 124 30 veckor
1268 2049 153 39 därefter
1446 2049 185 30 tillhanda-

917 2093 93 30 hålla
1034 2094 211 39 borgenären
1270 2094 176 39 betalning
1465 2094 56 39 för
1541 2094 89 30 hans

919 2138 145 39 fordran
1090 2139 39 30 så
1156 2139 95 39 långt
1277 2139 136 29 medlen
1439 2139 120 40 förslå.
1585 2140 47 29 Är

920 2183 157 40 beloppet
1102 2183 97 40 ringa
1226 2184 63 29 och
1315 2184 70 29 kan
1410 2185 145 39 antagas
1581 2186 51 28 att

920 2228 197 39 ytterligare
1150 2229 114 29 medel
1295 2229 98 29 skola
1417 2228 135 40 inflyta,
1576 2229 56 39 får

919 2273 88 30 dock
1024 2273 79 30 med
1120 2273 265 40 redovisningen
1402 2274 102 30 anstå
1522 2274 110 29 under

919 2317 102 40 högst
1052 2320 48 27 tre
1130 2318 168 30 månader
1328 2319 119 29 utöver
1478 2319 49 29 tid
1555 2328 76 20 som

917 2372 83 30 nyss
1019 2362 159 40 angivits.

907 2453 81 29 eller
1007 2453 139 39 borgen.

978 2498 214 39 borgenären
1213 2499 146 30 medlen.

178 2560 16 24 2
231 2558 113 31 Bihang
359 2558 47 24 till
419 2559 170 30 riksdagens
602 2559 148 31 protokoll
765 2559 75 25 1967.
855 2560 14 24 9
884 2560 83 24 saml.
981 2560 15 23 3
1011 2560 62 24 avd.
1087 2560 39 24 Nr
1142 2564 32 21 24
