<?xml version="1.0" encoding="UTF-8"?>
<alto xmlns="http://www.loc.gov/standards/alto/ns-v3#" xmlns:xlink="http://www.w3.org/1999/xlink" xmlns:xsi="http://www.w3.org/2001/XMLSchema-instance" xsi:schemaLocation="http://www.loc.gov/standards/alto/ns-v3# http://www.loc.gov/alto/v3/alto-3-0.xsd">
	<Description>
		<MeasurementUnit>pixel</MeasurementUnit>
		<sourceImageInformation>
			<fileName>/tmp/tess_3qyj0oay_input.PNG</fileName>
		</sourceImageInformation>
		<OCRProcessing ID="OCR_0">
			<ocrProcessingStep>
				<processingSoftware>
					<softwareName>tesseract 5.3.0</softwareName>
				</processingSoftware>
			</ocrProcessingStep>
		</OCRProcessing>
	</Description>
	<Layout>
		<Page WIDTH="1915" HEIGHT="2831" PHYSICAL_IMG_NR="0" ID="page_0">
			<PrintSpace HPOS="0" VPOS="0" WIDTH="1915" HEIGHT="2831">
				<ComposedBlock ID="cblock_0" HPOS="250" VPOS="144" WIDTH="1183" HEIGHT="41">
					<TextBlock ID="block_0" HPOS="250" VPOS="144" WIDTH="1183" HEIGHT="41">
						<TextLine ID="line_0" HPOS="250" VPOS="144" WIDTH="1183" HEIGHT="41">
							<String ID="string_0" HPOS="250" VPOS="144" WIDTH="40" HEIGHT="31" WC="0.96" CONTENT="72"/><SP WIDTH="262" VPOS="144" HPOS="290"/>
							<String ID="string_1" HPOS="552" VPOS="144" WIDTH="123" HEIGHT="41" WC="0.93" CONTENT="Tredje"/><SP WIDTH="22" VPOS="144" HPOS="675"/>
							<String ID="string_2" HPOS="697" VPOS="145" WIDTH="244" HEIGHT="39" WC="0.89" CONTENT="lagutskottets"/><SP WIDTH="22" VPOS="145" HPOS="941"/>
							<String ID="string_3" HPOS="963" VPOS="145" WIDTH="178" HEIGHT="30" WC="0.96" CONTENT="utlåtande"/><SP WIDTH="21" VPOS="145" HPOS="1141"/>
							<String ID="string_4" HPOS="1162" VPOS="154" WIDTH="43" HEIGHT="20" WC="0.96" CONTENT="nr"/><SP WIDTH="19" VPOS="154" HPOS="1205"/>
							<String ID="string_5" HPOS="1224" VPOS="145" WIDTH="43" HEIGHT="30" WC="0.96" CONTENT="24"/><SP WIDTH="21" VPOS="145" HPOS="1267"/>
							<String ID="string_6" HPOS="1288" VPOS="144" WIDTH="39" HEIGHT="31" WC="0.96" CONTENT="år"/><SP WIDTH="22" VPOS="144" HPOS="1327"/>
							<String ID="string_7" HPOS="1349" VPOS="144" WIDTH="84" HEIGHT="31" WC="0.95" CONTENT="1967"/>
						</TextLine>
					</TextBlock>
				</ComposedBlock>
				<ComposedBlock ID="cblock_1" HPOS="248" VPOS="225" WIDTH="1490" HEIGHT="2306">
					<TextBlock ID="block_1" HPOS="249" VPOS="225" WIDTH="1488" HEIGHT="422">
						<TextLine ID="line_1" HPOS="250" VPOS="225" WIDTH="1486" HEIGHT="42">
							<String ID="string_8" HPOS="250" VPOS="225" WIDTH="202" HEIGHT="32" WC="0.95" CONTENT="Emellertid"/><SP WIDTH="21" VPOS="225" HPOS="452"/>
							<String ID="string_9" HPOS="473" VPOS="235" WIDTH="101" HEIGHT="21" WC="0.96" CONTENT="anser"/><SP WIDTH="18" VPOS="235" HPOS="574"/>
							<String ID="string_10" HPOS="592" VPOS="226" WIDTH="59" HEIGHT="40" WC="0.96" CONTENT="jag"/><SP WIDTH="20" VPOS="226" HPOS="651"/>
							<String ID="string_11" HPOS="671" VPOS="227" WIDTH="50" HEIGHT="30" WC="0.96" CONTENT="att"/><SP WIDTH="20" VPOS="227" HPOS="721"/>
							<String ID="string_12" HPOS="741" VPOS="226" WIDTH="10" HEIGHT="30" WC="0.96" CONTENT="i"/><SP WIDTH="20" VPOS="226" HPOS="751"/>
							<String ID="string_13" HPOS="771" VPOS="226" WIDTH="72" HEIGHT="36" WC="0.96" CONTENT="fall,"/><SP WIDTH="21" VPOS="226" HPOS="843"/>
							<String ID="string_14" HPOS="864" VPOS="226" WIDTH="44" HEIGHT="31" WC="0.93" CONTENT="då"/><SP WIDTH="19" VPOS="226" HPOS="908"/>
							<String ID="string_15" HPOS="927" VPOS="226" WIDTH="373" HEIGHT="40" WC="0.91" CONTENT="utmätningsmannen"/><SP WIDTH="21" VPOS="226" HPOS="1300"/>
							<String ID="string_16" HPOS="1321" VPOS="226" WIDTH="55" HEIGHT="31" WC="0.96" CONTENT="får"/><SP WIDTH="21" VPOS="226" HPOS="1376"/>
							<String ID="string_17" HPOS="1397" VPOS="226" WIDTH="83" HEIGHT="31" WC="0.96" CONTENT="reda"/><SP WIDTH="20" VPOS="226" HPOS="1480"/>
							<String ID="string_18" HPOS="1500" VPOS="226" WIDTH="44" HEIGHT="41" WC="0.96" CONTENT="på"/><SP WIDTH="22" VPOS="226" HPOS="1544"/>
							<String ID="string_19" HPOS="1566" VPOS="227" WIDTH="49" HEIGHT="29" WC="0.93" CONTENT="att"/><SP WIDTH="23" VPOS="227" HPOS="1615"/>
							<String ID="string_20" HPOS="1638" VPOS="233" WIDTH="98" HEIGHT="33" WC="0.93" CONTENT="egen-"/>
						</TextLine>
						<TextLine ID="line_2" HPOS="250" VPOS="279" WIDTH="1486" HEIGHT="42">
							<String ID="string_21" HPOS="250" VPOS="279" WIDTH="81" HEIGHT="31" WC="0.96" CONTENT="dom"/><SP WIDTH="24" VPOS="279" HPOS="331"/>
							<String ID="string_22" HPOS="355" VPOS="280" WIDTH="163" HEIGHT="31" WC="0.95" CONTENT="besväras"/><SP WIDTH="26" VPOS="280" HPOS="518"/>
							<String ID="string_23" HPOS="544" VPOS="290" WIDTH="41" HEIGHT="21" WC="0.93" CONTENT="av"/><SP WIDTH="25" VPOS="290" HPOS="585"/>
							<String ID="string_24" HPOS="610" VPOS="280" WIDTH="358" HEIGHT="41" WC="0.91" CONTENT="företagsinteckning"/><SP WIDTH="26" VPOS="280" HPOS="968"/>
							<String ID="string_25" HPOS="994" VPOS="282" WIDTH="63" HEIGHT="29" WC="0.93" CONTENT="och"/><SP WIDTH="26" VPOS="282" HPOS="1057"/>
							<String ID="string_26" HPOS="1083" VPOS="281" WIDTH="245" HEIGHT="40" WC="0.91" CONTENT="utmätningen"/><SP WIDTH="25" VPOS="281" HPOS="1328"/>
							<String ID="string_27" HPOS="1353" VPOS="281" WIDTH="65" HEIGHT="30" WC="0.96" CONTENT="har"/><SP WIDTH="25" VPOS="281" HPOS="1418"/>
							<String ID="string_28" HPOS="1443" VPOS="281" WIDTH="138" HEIGHT="40" WC="0.96" CONTENT="begärts"/><SP WIDTH="28" VPOS="281" HPOS="1581"/>
							<String ID="string_29" HPOS="1609" VPOS="291" WIDTH="42" HEIGHT="20" WC="0.90" CONTENT="av"/><SP WIDTH="27" VPOS="291" HPOS="1651"/>
							<String ID="string_30" HPOS="1678" VPOS="290" WIDTH="58" HEIGHT="21" WC="0.90" CONTENT="an-"/>
						</TextLine>
						<TextLine ID="line_3" HPOS="250" VPOS="335" WIDTH="1487" HEIGHT="41">
							<String ID="string_31" HPOS="250" VPOS="344" WIDTH="69" HEIGHT="20" WC="0.95" CONTENT="nan"/><SP WIDTH="19" VPOS="344" HPOS="319"/>
							<String ID="string_32" HPOS="338" VPOS="335" WIDTH="44" HEIGHT="29" WC="0.93" CONTENT="än"/><SP WIDTH="18" VPOS="335" HPOS="382"/>
							<String ID="string_33" HPOS="400" VPOS="335" WIDTH="387" HEIGHT="40" WC="0.90" CONTENT="inteckningshavaren,"/><SP WIDTH="20" VPOS="335" HPOS="787"/>
							<String ID="string_34" HPOS="807" VPOS="336" WIDTH="71" HEIGHT="29" WC="0.95" CONTENT="han"/><SP WIDTH="18" VPOS="336" HPOS="878"/>
							<String ID="string_35" HPOS="896" VPOS="336" WIDTH="10" HEIGHT="29" WC="0.96" CONTENT="i"/><SP WIDTH="19" VPOS="336" HPOS="906"/>
							<String ID="string_36" HPOS="925" VPOS="335" WIDTH="111" HEIGHT="31" WC="0.96" CONTENT="första"/><SP WIDTH="18" VPOS="335" HPOS="1036"/>
							<String ID="string_37" HPOS="1054" VPOS="336" WIDTH="95" HEIGHT="30" WC="0.96" CONTENT="hand"/><SP WIDTH="18" VPOS="336" HPOS="1149"/>
							<String ID="string_38" HPOS="1167" VPOS="335" WIDTH="62" HEIGHT="31" WC="0.96" CONTENT="bör"/><SP WIDTH="20" VPOS="335" HPOS="1229"/>
							<String ID="string_39" HPOS="1249" VPOS="337" WIDTH="35" HEIGHT="29" WC="0.95" CONTENT="ta"/><SP WIDTH="19" VPOS="337" HPOS="1284"/>
							<String ID="string_40" HPOS="1303" VPOS="336" WIDTH="11" HEIGHT="29" WC="0.96" CONTENT="i"/><SP WIDTH="20" VPOS="336" HPOS="1314"/>
							<String ID="string_41" HPOS="1334" VPOS="335" WIDTH="154" HEIGHT="41" WC="0.96" CONTENT="anspråk"/><SP WIDTH="20" VPOS="335" HPOS="1488"/>
							<String ID="string_42" HPOS="1508" VPOS="335" WIDTH="109" HEIGHT="31" WC="0.93" CONTENT="sådan"/><SP WIDTH="20" VPOS="335" HPOS="1617"/>
							<String ID="string_43" HPOS="1637" VPOS="343" WIDTH="100" HEIGHT="32" WC="0.91" CONTENT="egen-"/>
						</TextLine>
						<TextLine ID="line_4" HPOS="250" VPOS="389" WIDTH="1486" HEIGHT="41">
							<String ID="string_44" HPOS="250" VPOS="389" WIDTH="80" HEIGHT="30" WC="0.96" CONTENT="dom"/><SP WIDTH="27" VPOS="389" HPOS="330"/>
							<String ID="string_45" HPOS="357" VPOS="399" WIDTH="75" HEIGHT="20" WC="0.96" CONTENT="som"/><SP WIDTH="26" VPOS="399" HPOS="432"/>
							<String ID="string_46" HPOS="458" VPOS="390" WIDTH="71" HEIGHT="30" WC="0.93" CONTENT="inte"/><SP WIDTH="26" VPOS="390" HPOS="529"/>
							<String ID="string_47" HPOS="555" VPOS="390" WIDTH="118" HEIGHT="30" WC="0.91" CONTENT="häftar"/><SP WIDTH="26" VPOS="390" HPOS="673"/>
							<String ID="string_48" HPOS="699" VPOS="390" WIDTH="55" HEIGHT="30" WC="0.93" CONTENT="för"/><SP WIDTH="27" VPOS="390" HPOS="754"/>
							<String ID="string_49" HPOS="781" VPOS="390" WIDTH="412" HEIGHT="40" WC="0.92" CONTENT="företagsinteckningen."/><SP WIDTH="28" VPOS="390" HPOS="1193"/>
							<String ID="string_50" HPOS="1221" VPOS="391" WIDTH="103" HEIGHT="29" WC="0.96" CONTENT="Detta"/><SP WIDTH="26" VPOS="391" HPOS="1324"/>
							<String ID="string_51" HPOS="1350" VPOS="390" WIDTH="99" HEIGHT="30" WC="0.96" CONTENT="torde"/><SP WIDTH="27" VPOS="390" HPOS="1449"/>
							<String ID="string_52" HPOS="1476" VPOS="390" WIDTH="80" HEIGHT="30" WC="0.93" CONTENT="med"/><SP WIDTH="27" VPOS="390" HPOS="1556"/>
							<String ID="string_53" HPOS="1583" VPOS="390" WIDTH="153" HEIGHT="30" WC="0.92" CONTENT="tillräck-"/>
						</TextLine>
						<TextLine ID="line_5" HPOS="255" VPOS="443" WIDTH="1480" HEIGHT="40">
							<String ID="string_54" HPOS="255" VPOS="444" WIDTH="47" HEIGHT="39" WC="0.95" CONTENT="lig"/><SP WIDTH="23" VPOS="444" HPOS="302"/>
							<String ID="string_55" HPOS="325" VPOS="443" WIDTH="170" HEIGHT="40" WC="0.96" CONTENT="tydlighet"/><SP WIDTH="23" VPOS="443" HPOS="495"/>
							<String ID="string_56" HPOS="518" VPOS="443" WIDTH="88" HEIGHT="39" WC="0.96" CONTENT="följa"/><SP WIDTH="24" VPOS="443" HPOS="606"/>
							<String ID="string_57" HPOS="630" VPOS="453" WIDTH="42" HEIGHT="21" WC="0.96" CONTENT="av"/><SP WIDTH="24" VPOS="453" HPOS="672"/>
							<String ID="string_58" HPOS="696" VPOS="444" WIDTH="66" HEIGHT="29" WC="0.96" CONTENT="den"/><SP WIDTH="25" VPOS="444" HPOS="762"/>
							<String ID="string_59" HPOS="787" VPOS="444" WIDTH="179" HEIGHT="30" WC="0.95" CONTENT="allmänna"/><SP WIDTH="23" VPOS="444" HPOS="966"/>
							<String ID="string_60" HPOS="989" VPOS="444" WIDTH="244" HEIGHT="29" WC="0.96" CONTENT="bestämmelse"/><SP WIDTH="26" VPOS="444" HPOS="1233"/>
							<String ID="string_61" HPOS="1259" VPOS="452" WIDTH="76" HEIGHT="21" WC="0.96" CONTENT="som"/><SP WIDTH="23" VPOS="452" HPOS="1335"/>
							<String ID="string_62" HPOS="1358" VPOS="443" WIDTH="60" HEIGHT="40" WC="0.96" CONTENT="jag"/><SP WIDTH="25" VPOS="443" HPOS="1418"/>
							<String ID="string_63" HPOS="1443" VPOS="443" WIDTH="147" HEIGHT="30" WC="0.95" CONTENT="föreslår"/><SP WIDTH="25" VPOS="443" HPOS="1590"/>
							<String ID="string_64" HPOS="1615" VPOS="444" WIDTH="11" HEIGHT="29" WC="0.86" CONTENT="i"/><SP WIDTH="25" VPOS="444" HPOS="1626"/>
							<String ID="string_65" HPOS="1651" VPOS="444" WIDTH="40" HEIGHT="29" WC="0.91" CONTENT="62"/><SP WIDTH="29" VPOS="444" HPOS="1691"/>
							<String ID="string_66" HPOS="1720" VPOS="443" WIDTH="15" HEIGHT="37" WC="0.87" CONTENT="$"/>
						</TextLine>
						<TextLine ID="line_6" HPOS="253" VPOS="498" WIDTH="1483" HEIGHT="40">
							<String ID="string_67" HPOS="253" VPOS="498" WIDTH="14" HEIGHT="29" WC="0.94" CONTENT="1"/><SP WIDTH="25" VPOS="498" HPOS="267"/>
							<String ID="string_68" HPOS="292" VPOS="507" WIDTH="105" HEIGHT="21" WC="0.96" CONTENT="mom."/><SP WIDTH="23" VPOS="507" HPOS="397"/>
							<String ID="string_69" HPOS="420" VPOS="498" WIDTH="67" HEIGHT="30" WC="0.95" CONTENT="UL."/><SP WIDTH="23" VPOS="498" HPOS="487"/>
							<String ID="string_70" HPOS="510" VPOS="499" WIDTH="123" HEIGHT="29" WC="0.96" CONTENT="Denna"/><SP WIDTH="23" VPOS="499" HPOS="633"/>
							<String ID="string_71" HPOS="656" VPOS="506" WIDTH="105" HEIGHT="32" WC="0.96" CONTENT="anger"/><SP WIDTH="23" VPOS="506" HPOS="761"/>
							<String ID="string_72" HPOS="784" VPOS="498" WIDTH="175" HEIGHT="40" WC="0.95" CONTENT="nämligen"/><SP WIDTH="24" VPOS="498" HPOS="959"/>
							<String ID="string_73" HPOS="983" VPOS="498" WIDTH="44" HEIGHT="30" WC="0.77" CONTENT="bl."/><SP WIDTH="16" VPOS="498" HPOS="1027"/>
							<String ID="string_74" HPOS="1043" VPOS="508" WIDTH="39" HEIGHT="25" WC="0.77" CONTENT="a.,"/><SP WIDTH="26" VPOS="508" HPOS="1082"/>
							<String ID="string_75" HPOS="1108" VPOS="500" WIDTH="49" HEIGHT="28" WC="0.96" CONTENT="att"/><SP WIDTH="23" VPOS="500" HPOS="1157"/>
							<String ID="string_76" HPOS="1180" VPOS="499" WIDTH="11" HEIGHT="29" WC="0.96" CONTENT="i"/><SP WIDTH="24" VPOS="499" HPOS="1191"/>
							<String ID="string_77" HPOS="1215" VPOS="498" WIDTH="111" HEIGHT="31" WC="0.96" CONTENT="första"/><SP WIDTH="23" VPOS="498" HPOS="1326"/>
							<String ID="string_78" HPOS="1349" VPOS="498" WIDTH="95" HEIGHT="30" WC="0.95" CONTENT="hand"/><SP WIDTH="25" VPOS="498" HPOS="1444"/>
							<String ID="string_79" HPOS="1469" VPOS="498" WIDTH="166" HEIGHT="40" WC="0.96" CONTENT="egendom"/><SP WIDTH="26" VPOS="498" HPOS="1635"/>
							<String ID="string_80" HPOS="1661" VPOS="507" WIDTH="75" HEIGHT="21" WC="0.96" CONTENT="som"/>
						</TextLine>
						<TextLine ID="line_7" HPOS="249" VPOS="552" WIDTH="1487" HEIGHT="40">
							<String ID="string_81" HPOS="249" VPOS="552" WIDTH="70" HEIGHT="30" WC="0.96" CONTENT="kan"/><SP WIDTH="20" VPOS="552" HPOS="319"/>
							<String ID="string_82" HPOS="339" VPOS="552" WIDTH="179" HEIGHT="31" WC="0.96" CONTENT="användas"/><SP WIDTH="20" VPOS="552" HPOS="518"/>
							<String ID="string_83" HPOS="538" VPOS="553" WIDTH="52" HEIGHT="29" WC="0.93" CONTENT="till"/><SP WIDTH="20" VPOS="553" HPOS="590"/>
							<String ID="string_84" HPOS="610" VPOS="552" WIDTH="233" HEIGHT="40" WC="0.92" CONTENT="borgenärens"/><SP WIDTH="20" VPOS="552" HPOS="843"/>
							<String ID="string_85" HPOS="863" VPOS="571" WIDTH="45" HEIGHT="3" WC="0.91" CONTENT="—"/><SP WIDTH="20" VPOS="571" HPOS="908"/>
							<String ID="string_86" HPOS="928" VPOS="553" WIDTH="72" HEIGHT="31" WC="0.93" CONTENT="dvs."/><SP WIDTH="22" VPOS="553" HPOS="1000"/>
							<String ID="string_87" HPOS="1022" VPOS="552" WIDTH="418" HEIGHT="40" WC="0.90" CONTENT="utmätningssökandens"/><SP WIDTH="21" VPOS="552" HPOS="1440"/>
							<String ID="string_88" HPOS="1461" VPOS="571" WIDTH="45" HEIGHT="3" WC="0.88" CONTENT="—"/><SP WIDTH="21" VPOS="571" HPOS="1506"/>
							<String ID="string_89" HPOS="1527" VPOS="553" WIDTH="209" HEIGHT="39" WC="0.91" CONTENT="förnöjande"/>
						</TextLine>
						<TextLine ID="line_8" HPOS="250" VPOS="606" WIDTH="349" HEIGHT="41">
							<String ID="string_90" HPOS="250" VPOS="606" WIDTH="62" HEIGHT="30" WC="0.95" CONTENT="bör"/><SP WIDTH="19" VPOS="606" HPOS="312"/>
							<String ID="string_91" HPOS="331" VPOS="608" WIDTH="54" HEIGHT="28" WC="0.95" CONTENT="tas"/><SP WIDTH="20" VPOS="608" HPOS="385"/>
							<String ID="string_92" HPOS="405" VPOS="607" WIDTH="11" HEIGHT="29" WC="0.96" CONTENT="i"/><SP WIDTH="20" VPOS="607" HPOS="416"/>
							<String ID="string_93" HPOS="436" VPOS="606" WIDTH="163" HEIGHT="41" WC="0.96" CONTENT="anspråk."/>
						</TextLine>
					</TextBlock>
					<TextBlock ID="block_2" HPOS="250" VPOS="661" WIDTH="1488" HEIGHT="849">
						<TextLine ID="line_9" HPOS="293" VPOS="661" WIDTH="1444" HEIGHT="42">
							<String ID="string_94" HPOS="293" VPOS="661" WIDTH="258" HEIGHT="40" WC="0.91" CONTENT="Beredningens"/><SP WIDTH="23" VPOS="661" HPOS="551"/>
							<String ID="string_95" HPOS="574" VPOS="661" WIDTH="134" HEIGHT="40" WC="0.96" CONTENT="förslag"/><SP WIDTH="25" VPOS="661" HPOS="708"/>
							<String ID="string_96" HPOS="733" VPOS="671" WIDTH="101" HEIGHT="31" WC="0.96" CONTENT="synes"/><SP WIDTH="26" VPOS="671" HPOS="834"/>
							<String ID="string_97" HPOS="860" VPOS="663" WIDTH="63" HEIGHT="29" WC="0.96" CONTENT="när"/><SP WIDTH="26" VPOS="663" HPOS="923"/>
							<String ID="string_98" HPOS="949" VPOS="662" WIDTH="56" HEIGHT="30" WC="0.96" CONTENT="det"/><SP WIDTH="26" VPOS="662" HPOS="1005"/>
							<String ID="string_99" HPOS="1031" VPOS="662" WIDTH="105" HEIGHT="39" WC="0.96" CONTENT="gäller"/><SP WIDTH="27" VPOS="662" HPOS="1136"/>
							<String ID="string_100" HPOS="1163" VPOS="663" WIDTH="49" HEIGHT="29" WC="0.96" CONTENT="att"/><SP WIDTH="26" VPOS="663" HPOS="1212"/>
							<String ID="string_101" HPOS="1238" VPOS="662" WIDTH="188" HEIGHT="41" WC="0.92" CONTENT="uppehålla"/><SP WIDTH="25" VPOS="662" HPOS="1426"/>
							<String ID="string_102" HPOS="1451" VPOS="661" WIDTH="286" HEIGHT="40" WC="0.92" CONTENT="företagsinteck-"/>
						</TextLine>
						<TextLine ID="line_10" HPOS="250" VPOS="715" WIDTH="1486" HEIGHT="41">
							<String ID="string_103" HPOS="250" VPOS="715" WIDTH="146" HEIGHT="40" WC="0.93" CONTENT="ningens"/><SP WIDTH="23" VPOS="715" HPOS="396"/>
							<String ID="string_104" HPOS="419" VPOS="716" WIDTH="221" HEIGHT="30" WC="0.91" CONTENT="kreditvärde"/><SP WIDTH="23" VPOS="716" HPOS="640"/>
							<String ID="string_105" HPOS="663" VPOS="716" WIDTH="91" HEIGHT="30" WC="0.96" CONTENT="klart"/><SP WIDTH="24" VPOS="716" HPOS="754"/>
							<String ID="string_106" HPOS="778" VPOS="716" WIDTH="190" HEIGHT="39" WC="0.96" CONTENT="överlägset"/><SP WIDTH="24" VPOS="716" HPOS="968"/>
							<String ID="string_107" HPOS="992" VPOS="716" WIDTH="56" HEIGHT="30" WC="0.96" CONTENT="det"/><SP WIDTH="24" VPOS="716" HPOS="1048"/>
							<String ID="string_108" HPOS="1072" VPOS="725" WIDTH="82" HEIGHT="31" WC="0.96" CONTENT="nyss"/><SP WIDTH="24" VPOS="725" HPOS="1154"/>
							<String ID="string_109" HPOS="1178" VPOS="716" WIDTH="147" HEIGHT="30" WC="0.96" CONTENT="berörda"/><SP WIDTH="24" VPOS="716" HPOS="1325"/>
							<String ID="string_110" HPOS="1349" VPOS="716" WIDTH="219" HEIGHT="30" WC="0.96" CONTENT="alternativet"/><SP WIDTH="24" VPOS="716" HPOS="1568"/>
							<String ID="string_111" HPOS="1592" VPOS="717" WIDTH="78" HEIGHT="29" WC="0.96" CONTENT="med"/><SP WIDTH="25" VPOS="717" HPOS="1670"/>
							<String ID="string_112" HPOS="1695" VPOS="725" WIDTH="41" HEIGHT="20" WC="0.96" CONTENT="en"/>
						</TextLine>
						<TextLine ID="line_11" HPOS="252" VPOS="769" WIDTH="1486" HEIGHT="41">
							<String ID="string_113" HPOS="252" VPOS="770" WIDTH="195" HEIGHT="39" WC="0.95" CONTENT="anordning"/><SP WIDTH="19" VPOS="770" HPOS="447"/>
							<String ID="string_114" HPOS="466" VPOS="769" WIDTH="87" HEIGHT="31" WC="0.96" CONTENT="efter"/><SP WIDTH="19" VPOS="769" HPOS="553"/>
							<String ID="string_115" HPOS="572" VPOS="771" WIDTH="155" HEIGHT="29" WC="0.96" CONTENT="mönster"/><SP WIDTH="20" VPOS="771" HPOS="727"/>
							<String ID="string_116" HPOS="747" VPOS="780" WIDTH="41" HEIGHT="21" WC="0.96" CONTENT="av"/><SP WIDTH="19" VPOS="780" HPOS="788"/>
							<String ID="string_117" HPOS="807" VPOS="770" WIDTH="269" HEIGHT="30" WC="0.96" CONTENT="bestämmelsen"/><SP WIDTH="21" VPOS="770" HPOS="1076"/>
							<String ID="string_118" HPOS="1097" VPOS="770" WIDTH="11" HEIGHT="30" WC="0.96" CONTENT="i"/><SP WIDTH="21" VPOS="770" HPOS="1108"/>
							<String ID="string_119" HPOS="1129" VPOS="770" WIDTH="82" HEIGHT="30" WC="0.91" CONTENT="1955"/><SP WIDTH="22" VPOS="770" HPOS="1211"/>
							<String ID="string_120" HPOS="1233" VPOS="770" WIDTH="56" HEIGHT="31" WC="0.96" CONTENT="års"/><SP WIDTH="21" VPOS="770" HPOS="1289"/>
							<String ID="string_121" HPOS="1310" VPOS="771" WIDTH="56" HEIGHT="39" WC="0.96" CONTENT="lag"/><SP WIDTH="20" VPOS="771" HPOS="1366"/>
							<String ID="string_122" HPOS="1386" VPOS="780" WIDTH="56" HEIGHT="21" WC="0.96" CONTENT="om"/><SP WIDTH="22" VPOS="780" HPOS="1442"/>
							<String ID="string_123" HPOS="1464" VPOS="770" WIDTH="211" HEIGHT="40" WC="0.95" CONTENT="försäljning"/><SP WIDTH="21" VPOS="770" HPOS="1675"/>
							<String ID="string_124" HPOS="1696" VPOS="780" WIDTH="42" HEIGHT="21" WC="0.96" CONTENT="av"/>
						</TextLine>
						<TextLine ID="line_12" HPOS="251" VPOS="824" WIDTH="1486" HEIGHT="40">
							<String ID="string_125" HPOS="251" VPOS="825" WIDTH="128" HEIGHT="29" WC="0.92" CONTENT="utmätt"/><SP WIDTH="17" VPOS="825" HPOS="379"/>
							<String ID="string_126" HPOS="396" VPOS="824" WIDTH="187" HEIGHT="40" WC="0.93" CONTENT="luftfartyg"/><SP WIDTH="17" VPOS="824" HPOS="583"/>
							<String ID="string_127" HPOS="600" VPOS="834" WIDTH="45" HEIGHT="20" WC="0.88" CONTENT="m."/><SP WIDTH="15" VPOS="834" HPOS="645"/>
							<String ID="string_128" HPOS="660" VPOS="834" WIDTH="45" HEIGHT="20" WC="0.88" CONTENT="m."/><SP WIDTH="19" VPOS="834" HPOS="705"/>
							<String ID="string_129" HPOS="724" VPOS="825" WIDTH="74" HEIGHT="29" WC="0.96" CONTENT="Den"/><SP WIDTH="20" VPOS="825" HPOS="798"/>
							<String ID="string_130" HPOS="818" VPOS="825" WIDTH="302" HEIGHT="39" WC="0.96" CONTENT="omständigheten"/><SP WIDTH="20" VPOS="825" HPOS="1120"/>
							<String ID="string_131" HPOS="1140" VPOS="826" WIDTH="49" HEIGHT="28" WC="0.93" CONTENT="att"/><SP WIDTH="19" VPOS="826" HPOS="1189"/>
							<String ID="string_132" HPOS="1208" VPOS="825" WIDTH="370" HEIGHT="39" WC="0.91" CONTENT="inteckningshavares"/><SP WIDTH="21" VPOS="825" HPOS="1578"/>
							<String ID="string_133" HPOS="1599" VPOS="825" WIDTH="67" HEIGHT="29" WC="0.91" CONTENT="rätt"/><SP WIDTH="21" VPOS="825" HPOS="1666"/>
							<String ID="string_134" HPOS="1687" VPOS="825" WIDTH="50" HEIGHT="29" WC="0.91" CONTENT="in-"/>
						</TextLine>
						<TextLine ID="line_13" HPOS="251" VPOS="878" WIDTH="1486" HEIGHT="38">
							<String ID="string_135" HPOS="251" VPOS="880" WIDTH="32" HEIGHT="26" WC="0.96" CONTENT="te"/><SP WIDTH="17" VPOS="880" HPOS="283"/>
							<String ID="string_136" HPOS="300" VPOS="878" WIDTH="143" HEIGHT="28" WC="0.96" CONTENT="beaktas"/><SP WIDTH="19" VPOS="878" HPOS="443"/>
							<String ID="string_137" HPOS="462" VPOS="878" WIDTH="228" HEIGHT="28" WC="0.96" CONTENT="automatiskt"/><SP WIDTH="18" VPOS="878" HPOS="690"/>
							<String ID="string_138" HPOS="708" VPOS="880" WIDTH="85" HEIGHT="26" WC="0.96" CONTENT="utan"/><SP WIDTH="18" VPOS="880" HPOS="793"/>
							<String ID="string_139" HPOS="811" VPOS="878" WIDTH="85" HEIGHT="28" WC="0.96" CONTENT="bara"/><SP WIDTH="17" VPOS="878" HPOS="896"/>
							<String ID="string_140" HPOS="913" VPOS="887" WIDTH="56" HEIGHT="19" WC="0.96" CONTENT="om"/><SP WIDTH="18" VPOS="887" HPOS="969"/>
							<String ID="string_141" HPOS="987" VPOS="879" WIDTH="70" HEIGHT="27" WC="0.96" CONTENT="han"/><SP WIDTH="19" VPOS="879" HPOS="1057"/>
							<String ID="string_142" HPOS="1076" VPOS="878" WIDTH="213" HEIGHT="29" WC="0.96" CONTENT="framställer"/><SP WIDTH="17" VPOS="878" HPOS="1289"/>
							<String ID="string_143" HPOS="1306" VPOS="879" WIDTH="157" HEIGHT="37" WC="0.96" CONTENT="yrkande"/><SP WIDTH="20" VPOS="879" HPOS="1463"/>
							<String ID="string_144" HPOS="1483" VPOS="879" WIDTH="131" HEIGHT="32" WC="0.96" CONTENT="därom,"/><SP WIDTH="22" VPOS="879" HPOS="1614"/>
							<String ID="string_145" HPOS="1636" VPOS="887" WIDTH="101" HEIGHT="20" WC="0.96" CONTENT="anser"/>
						</TextLine>
						<TextLine ID="line_14" HPOS="253" VPOS="930" WIDTH="1483" HEIGHT="40">
							<String ID="string_146" HPOS="253" VPOS="931" WIDTH="59" HEIGHT="39" WC="0.96" CONTENT="jag"/><SP WIDTH="20" VPOS="931" HPOS="312"/>
							<String ID="string_147" HPOS="332" VPOS="930" WIDTH="70" HEIGHT="30" WC="0.96" CONTENT="inte"/><SP WIDTH="21" VPOS="930" HPOS="402"/>
							<String ID="string_148" HPOS="423" VPOS="930" WIDTH="167" HEIGHT="30" WC="0.96" CONTENT="motivera"/><SP WIDTH="21" VPOS="930" HPOS="590"/>
							<String ID="string_149" HPOS="611" VPOS="930" WIDTH="165" HEIGHT="40" WC="0.96" CONTENT="farhågor"/><SP WIDTH="20" VPOS="930" HPOS="776"/>
							<String ID="string_150" HPOS="796" VPOS="930" WIDTH="55" HEIGHT="30" WC="0.96" CONTENT="för"/><SP WIDTH="20" VPOS="930" HPOS="851"/>
							<String ID="string_151" HPOS="871" VPOS="931" WIDTH="50" HEIGHT="29" WC="0.93" CONTENT="att"/><SP WIDTH="19" VPOS="931" HPOS="921"/>
							<String ID="string_152" HPOS="940" VPOS="930" WIDTH="266" HEIGHT="40" WC="0.90" CONTENT="inteckningens"/><SP WIDTH="21" VPOS="930" HPOS="1206"/>
							<String ID="string_153" HPOS="1227" VPOS="930" WIDTH="221" HEIGHT="31" WC="0.92" CONTENT="kreditvärde"/><SP WIDTH="22" VPOS="930" HPOS="1448"/>
							<String ID="string_154" HPOS="1470" VPOS="931" WIDTH="112" HEIGHT="29" WC="0.91" CONTENT="skulle"/><SP WIDTH="22" VPOS="931" HPOS="1582"/>
							<String ID="string_155" HPOS="1604" VPOS="930" WIDTH="132" HEIGHT="30" WC="0.91" CONTENT="försva-"/>
						</TextLine>
						<TextLine ID="line_15" HPOS="253" VPOS="985" WIDTH="1482" HEIGHT="39">
							<String ID="string_156" HPOS="253" VPOS="992" WIDTH="71" HEIGHT="32" WC="0.96" CONTENT="gas."/><SP WIDTH="24" VPOS="992" HPOS="324"/>
							<String ID="string_157" HPOS="348" VPOS="985" WIDTH="74" HEIGHT="29" WC="0.96" CONTENT="Inte"/><SP WIDTH="22" VPOS="985" HPOS="422"/>
							<String ID="string_158" HPOS="444" VPOS="985" WIDTH="108" HEIGHT="29" WC="0.96" CONTENT="heller"/><SP WIDTH="22" VPOS="985" HPOS="552"/>
							<String ID="string_159" HPOS="574" VPOS="985" WIDTH="98" HEIGHT="29" WC="0.96" CONTENT="torde"/><SP WIDTH="23" VPOS="985" HPOS="672"/>
							<String ID="string_160" HPOS="695" VPOS="985" WIDTH="57" HEIGHT="29" WC="0.96" CONTENT="det"/><SP WIDTH="22" VPOS="985" HPOS="752"/>
							<String ID="string_161" HPOS="774" VPOS="985" WIDTH="133" HEIGHT="30" WC="0.96" CONTENT="behöva"/><SP WIDTH="23" VPOS="985" HPOS="907"/>
							<String ID="string_162" HPOS="930" VPOS="985" WIDTH="95" HEIGHT="39" WC="0.96" CONTENT="spela"/><SP WIDTH="23" VPOS="985" HPOS="1025"/>
							<String ID="string_163" HPOS="1048" VPOS="985" WIDTH="114" HEIGHT="39" WC="0.96" CONTENT="någon"/><SP WIDTH="23" VPOS="985" HPOS="1162"/>
							<String ID="string_164" HPOS="1185" VPOS="985" WIDTH="65" HEIGHT="29" WC="0.96" CONTENT="roll"/><SP WIDTH="21" VPOS="985" HPOS="1250"/>
							<String ID="string_165" HPOS="1271" VPOS="985" WIDTH="57" HEIGHT="29" WC="0.93" CONTENT="för"/><SP WIDTH="23" VPOS="985" HPOS="1328"/>
							<String ID="string_166" HPOS="1351" VPOS="985" WIDTH="237" HEIGHT="30" WC="0.91" CONTENT="kreditvärdet"/><SP WIDTH="24" VPOS="985" HPOS="1588"/>
							<String ID="string_167" HPOS="1612" VPOS="987" WIDTH="50" HEIGHT="27" WC="0.93" CONTENT="att"/><SP WIDTH="23" VPOS="987" HPOS="1662"/>
							<String ID="string_168" HPOS="1685" VPOS="985" WIDTH="50" HEIGHT="29" WC="0.92" CONTENT="in-"/>
						</TextLine>
						<TextLine ID="line_16" HPOS="254" VPOS="1038" WIDTH="1483" HEIGHT="40">
							<String ID="string_169" HPOS="254" VPOS="1038" WIDTH="336" HEIGHT="39" WC="0.92" CONTENT="teckningshavaren"/><SP WIDTH="14" VPOS="1038" HPOS="590"/>
							<String ID="string_170" HPOS="604" VPOS="1039" WIDTH="70" HEIGHT="29" WC="0.96" CONTENT="kan"/><SP WIDTH="15" VPOS="1039" HPOS="674"/>
							<String ID="string_171" HPOS="689" VPOS="1039" WIDTH="142" HEIGHT="29" WC="0.96" CONTENT="komma"/><SP WIDTH="13" VPOS="1039" HPOS="831"/>
							<String ID="string_172" HPOS="844" VPOS="1040" WIDTH="50" HEIGHT="28" WC="0.96" CONTENT="att"/><SP WIDTH="14" VPOS="1040" HPOS="894"/>
							<String ID="string_173" HPOS="908" VPOS="1038" WIDTH="36" HEIGHT="30" WC="0.96" CONTENT="få"/><SP WIDTH="15" VPOS="1038" HPOS="944"/>
							<String ID="string_174" HPOS="959" VPOS="1038" WIDTH="53" HEIGHT="30" WC="0.96" CONTENT="stå"/><SP WIDTH="14" VPOS="1038" HPOS="1012"/>
							<String ID="string_175" HPOS="1026" VPOS="1038" WIDTH="144" HEIGHT="30" WC="0.96" CONTENT="tillbaka"/><SP WIDTH="14" VPOS="1038" HPOS="1170"/>
							<String ID="string_176" HPOS="1184" VPOS="1039" WIDTH="55" HEIGHT="29" WC="0.93" CONTENT="för"/><SP WIDTH="14" VPOS="1039" HPOS="1239"/>
							<String ID="string_177" HPOS="1253" VPOS="1038" WIDTH="411" HEIGHT="40" WC="0.91" CONTENT="utmätningssökanden,"/><SP WIDTH="16" VPOS="1038" HPOS="1664"/>
							<String ID="string_178" HPOS="1680" VPOS="1047" WIDTH="57" HEIGHT="21" WC="0.96" CONTENT="om"/>
						</TextLine>
						<TextLine ID="line_17" HPOS="254" VPOS="1092" WIDTH="1482" HEIGHT="41">
							<String ID="string_179" HPOS="254" VPOS="1092" WIDTH="199" HEIGHT="30" WC="0.96" CONTENT="återstoden"/><SP WIDTH="16" VPOS="1092" HPOS="453"/>
							<String ID="string_180" HPOS="469" VPOS="1102" WIDTH="40" HEIGHT="21" WC="0.96" CONTENT="av"/><SP WIDTH="17" VPOS="1102" HPOS="509"/>
							<String ID="string_181" HPOS="526" VPOS="1093" WIDTH="66" HEIGHT="29" WC="0.96" CONTENT="den"/><SP WIDTH="16" VPOS="1093" HPOS="592"/>
							<String ID="string_182" HPOS="608" VPOS="1093" WIDTH="168" HEIGHT="39" WC="0.96" CONTENT="egendom"/><SP WIDTH="17" VPOS="1093" HPOS="776"/>
							<String ID="string_183" HPOS="793" VPOS="1102" WIDTH="75" HEIGHT="21" WC="0.96" CONTENT="som"/><SP WIDTH="16" VPOS="1102" HPOS="868"/>
							<String ID="string_184" HPOS="884" VPOS="1093" WIDTH="210" HEIGHT="39" WC="0.96" CONTENT="gäldenären"/><SP WIDTH="17" VPOS="1093" HPOS="1094"/>
							<String ID="string_185" HPOS="1111" VPOS="1100" WIDTH="124" HEIGHT="32" WC="0.92" CONTENT="genom"/><SP WIDTH="16" VPOS="1100" HPOS="1235"/>
							<String ID="string_186" HPOS="1251" VPOS="1092" WIDTH="248" HEIGHT="40" WC="0.91" CONTENT="inteckningen"/><SP WIDTH="17" VPOS="1092" HPOS="1499"/>
							<String ID="string_187" HPOS="1516" VPOS="1093" WIDTH="83" HEIGHT="29" WC="0.96" CONTENT="eller"/><SP WIDTH="17" VPOS="1093" HPOS="1599"/>
							<String ID="string_188" HPOS="1616" VPOS="1093" WIDTH="45" HEIGHT="40" WC="0.93" CONTENT="på"/><SP WIDTH="17" VPOS="1093" HPOS="1661"/>
							<String ID="string_189" HPOS="1678" VPOS="1102" WIDTH="58" HEIGHT="20" WC="0.93" CONTENT="an-"/>
						</TextLine>
						<TextLine ID="line_18" HPOS="254" VPOS="1146" WIDTH="1482" HEIGHT="40">
							<String ID="string_190" HPOS="254" VPOS="1148" WIDTH="60" HEIGHT="28" WC="0.96" CONTENT="nat"/><SP WIDTH="23" VPOS="1148" HPOS="314"/>
							<String ID="string_191" HPOS="337" VPOS="1147" WIDTH="69" HEIGHT="29" WC="0.96" CONTENT="sätt"/><SP WIDTH="21" VPOS="1147" HPOS="406"/>
							<String ID="string_192" HPOS="427" VPOS="1147" WIDTH="65" HEIGHT="29" WC="0.96" CONTENT="har"/><SP WIDTH="23" VPOS="1147" HPOS="492"/>
							<String ID="string_193" HPOS="515" VPOS="1147" WIDTH="94" HEIGHT="29" WC="0.96" CONTENT="ställt"/><SP WIDTH="23" VPOS="1147" HPOS="609"/>
							<String ID="string_194" HPOS="632" VPOS="1156" WIDTH="75" HEIGHT="20" WC="0.96" CONTENT="som"/><SP WIDTH="23" VPOS="1156" HPOS="707"/>
							<String ID="string_195" HPOS="730" VPOS="1146" WIDTH="162" HEIGHT="30" WC="0.96" CONTENT="säkerhet"/><SP WIDTH="23" VPOS="1146" HPOS="892"/>
							<String ID="string_196" HPOS="915" VPOS="1147" WIDTH="70" HEIGHT="29" WC="0.96" CONTENT="kan"/><SP WIDTH="23" VPOS="1147" HPOS="985"/>
							<String ID="string_197" HPOS="1008" VPOS="1148" WIDTH="100" HEIGHT="28" WC="0.93" CONTENT="antas"/><SP WIDTH="25" VPOS="1148" HPOS="1108"/>
							<String ID="string_198" HPOS="1133" VPOS="1146" WIDTH="110" HEIGHT="31" WC="0.89" CONTENT="förslå"/><SP WIDTH="22" VPOS="1146" HPOS="1243"/>
							<String ID="string_199" HPOS="1265" VPOS="1147" WIDTH="52" HEIGHT="29" WC="0.93" CONTENT="till"/><SP WIDTH="24" VPOS="1147" HPOS="1317"/>
							<String ID="string_200" HPOS="1341" VPOS="1147" WIDTH="395" HEIGHT="39" WC="0.91" CONTENT="inteckningshavarens"/>
						</TextLine>
						<TextLine ID="line_19" HPOS="254" VPOS="1200" WIDTH="1482" HEIGHT="40">
							<String ID="string_201" HPOS="254" VPOS="1200" WIDTH="65" HEIGHT="30" WC="0.96" CONTENT="och"/><SP WIDTH="16" VPOS="1200" HPOS="319"/>
							<String ID="string_202" HPOS="335" VPOS="1200" WIDTH="247" HEIGHT="40" WC="0.93" CONTENT="efterföljande"/><SP WIDTH="15" VPOS="1200" HPOS="582"/>
							<String ID="string_203" HPOS="597" VPOS="1200" WIDTH="370" HEIGHT="40" WC="0.91" CONTENT="inteckningshavares"/><SP WIDTH="19" VPOS="1200" HPOS="967"/>
							<String ID="string_204" HPOS="986" VPOS="1200" WIDTH="219" HEIGHT="39" WC="0.88" CONTENT="förnöjande."/><SP WIDTH="18" VPOS="1200" HPOS="1205"/>
							<String ID="string_205" HPOS="1223" VPOS="1201" WIDTH="65" HEIGHT="39" WC="0.96" CONTENT="Jag"/><SP WIDTH="17" VPOS="1201" HPOS="1288"/>
							<String ID="string_206" HPOS="1305" VPOS="1200" WIDTH="110" HEIGHT="30" WC="0.96" CONTENT="måste"/><SP WIDTH="18" VPOS="1200" HPOS="1415"/>
							<String ID="string_207" HPOS="1433" VPOS="1200" WIDTH="192" HEIGHT="30" WC="0.93" CONTENT="emellertid"/><SP WIDTH="19" VPOS="1200" HPOS="1625"/>
							<String ID="string_208" HPOS="1644" VPOS="1200" WIDTH="92" HEIGHT="30" WC="0.92" CONTENT="med-"/>
						</TextLine>
						<TextLine ID="line_20" HPOS="254" VPOS="1254" WIDTH="1483" HEIGHT="40">
							<String ID="string_209" HPOS="254" VPOS="1262" WIDTH="39" HEIGHT="31" WC="0.96" CONTENT="ge"/><SP WIDTH="15" VPOS="1262" HPOS="293"/>
							<String ID="string_210" HPOS="308" VPOS="1256" WIDTH="50" HEIGHT="28" WC="0.96" CONTENT="att"/><SP WIDTH="15" VPOS="1256" HPOS="358"/>
							<String ID="string_211" HPOS="373" VPOS="1255" WIDTH="66" HEIGHT="29" WC="0.96" CONTENT="den"/><SP WIDTH="16" VPOS="1255" HPOS="439"/>
							<String ID="string_212" HPOS="455" VPOS="1255" WIDTH="84" HEIGHT="29" WC="0.96" CONTENT="sista"/><SP WIDTH="14" VPOS="1255" HPOS="539"/>
							<String ID="string_213" HPOS="553" VPOS="1255" WIDTH="257" HEIGHT="39" WC="0.96" CONTENT="bedömningen"/><SP WIDTH="15" VPOS="1255" HPOS="810"/>
							<String ID="string_214" HPOS="825" VPOS="1255" WIDTH="71" HEIGHT="29" WC="0.96" CONTENT="inte"/><SP WIDTH="17" VPOS="1255" HPOS="896"/>
							<String ID="string_215" HPOS="913" VPOS="1256" WIDTH="37" HEIGHT="28" WC="0.96" CONTENT="är"/><SP WIDTH="17" VPOS="1256" HPOS="950"/>
							<String ID="string_216" HPOS="967" VPOS="1254" WIDTH="178" HEIGHT="39" WC="0.96" CONTENT="självklar."/><SP WIDTH="17" VPOS="1254" HPOS="1145"/>
							<String ID="string_217" HPOS="1162" VPOS="1256" WIDTH="102" HEIGHT="28" WC="0.96" CONTENT="Detta"/><SP WIDTH="17" VPOS="1256" HPOS="1264"/>
							<String ID="string_218" HPOS="1281" VPOS="1254" WIDTH="294" HEIGHT="40" WC="0.96" CONTENT="sammanhänger"/><SP WIDTH="17" VPOS="1254" HPOS="1575"/>
							<String ID="string_219" HPOS="1592" VPOS="1255" WIDTH="78" HEIGHT="29" WC="0.96" CONTENT="med"/><SP WIDTH="17" VPOS="1255" HPOS="1670"/>
							<String ID="string_220" HPOS="1687" VPOS="1256" WIDTH="50" HEIGHT="28" WC="0.95" CONTENT="att"/>
						</TextLine>
						<TextLine ID="line_21" HPOS="254" VPOS="1308" WIDTH="1483" HEIGHT="40">
							<String ID="string_221" HPOS="254" VPOS="1309" WIDTH="182" HEIGHT="39" WC="0.96" CONTENT="vanskliga"/><SP WIDTH="25" VPOS="1309" HPOS="436"/>
							<String ID="string_222" HPOS="461" VPOS="1309" WIDTH="236" HEIGHT="39" WC="0.96" CONTENT="värderingar,"/><SP WIDTH="30" VPOS="1309" HPOS="697"/>
							<String ID="string_223" HPOS="727" VPOS="1318" WIDTH="75" HEIGHT="21" WC="0.96" CONTENT="som"/><SP WIDTH="27" VPOS="1318" HPOS="802"/>
							<String ID="string_224" HPOS="829" VPOS="1309" WIDTH="206" HEIGHT="29" WC="0.95" CONTENT="ankommer"/><SP WIDTH="28" VPOS="1309" HPOS="1035"/>
							<String ID="string_225" HPOS="1063" VPOS="1309" WIDTH="45" HEIGHT="39" WC="0.93" CONTENT="på"/><SP WIDTH="27" VPOS="1309" HPOS="1108"/>
							<String ID="string_226" HPOS="1135" VPOS="1308" WIDTH="383" HEIGHT="40" WC="0.90" CONTENT="utmätningsmannen,"/><SP WIDTH="29" VPOS="1308" HPOS="1518"/>
							<String ID="string_227" HPOS="1547" VPOS="1309" WIDTH="11" HEIGHT="29" WC="0.96" CONTENT="i"/><SP WIDTH="27" VPOS="1309" HPOS="1558"/>
							<String ID="string_228" HPOS="1585" VPOS="1308" WIDTH="70" HEIGHT="30" WC="0.93" CONTENT="viss"/><SP WIDTH="29" VPOS="1308" HPOS="1655"/>
							<String ID="string_229" HPOS="1684" VPOS="1310" WIDTH="53" HEIGHT="27" WC="0.92" CONTENT="ut-"/>
						</TextLine>
						<TextLine ID="line_22" HPOS="255" VPOS="1362" WIDTH="1482" HEIGHT="40">
							<String ID="string_230" HPOS="255" VPOS="1362" WIDTH="202" HEIGHT="39" WC="0.96" CONTENT="sträckning"/><SP WIDTH="20" VPOS="1362" HPOS="457"/>
							<String ID="string_231" HPOS="477" VPOS="1363" WIDTH="70" HEIGHT="28" WC="0.96" CONTENT="kan"/><SP WIDTH="19" VPOS="1363" HPOS="547"/>
							<String ID="string_232" HPOS="566" VPOS="1363" WIDTH="48" HEIGHT="28" WC="0.95" CONTENT="bli"/><SP WIDTH="20" VPOS="1363" HPOS="614"/>
							<String ID="string_233" HPOS="634" VPOS="1363" WIDTH="205" HEIGHT="39" WC="0.93" CONTENT="avgörande."/><SP WIDTH="22" VPOS="1363" HPOS="839"/>
							<String ID="string_234" HPOS="861" VPOS="1362" WIDTH="379" HEIGHT="39" WC="0.88" CONTENT="Utmätningsmannen"/><SP WIDTH="22" VPOS="1362" HPOS="1240"/>
							<String ID="string_235" HPOS="1262" VPOS="1363" WIDTH="88" HEIGHT="29" WC="0.96" CONTENT="skall"/><SP WIDTH="22" VPOS="1363" HPOS="1350"/>
							<String ID="string_236" HPOS="1372" VPOS="1362" WIDTH="176" HEIGHT="39" WC="0.94" CONTENT="nämligen"/><SP WIDTH="21" VPOS="1362" HPOS="1548"/>
							<String ID="string_237" HPOS="1569" VPOS="1362" WIDTH="57" HEIGHT="29" WC="0.93" CONTENT="vid"/><SP WIDTH="22" VPOS="1362" HPOS="1626"/>
							<String ID="string_238" HPOS="1648" VPOS="1371" WIDTH="89" HEIGHT="20" WC="0.91" CONTENT="sam-"/>
						</TextLine>
						<TextLine ID="line_23" HPOS="251" VPOS="1417" WIDTH="1487" HEIGHT="40">
							<String ID="string_239" HPOS="251" VPOS="1417" WIDTH="182" HEIGHT="29" WC="0.92" CONTENT="manträde"/><SP WIDTH="28" VPOS="1417" HPOS="433"/>
							<String ID="string_240" HPOS="461" VPOS="1417" WIDTH="55" HEIGHT="30" WC="0.93" CONTENT="för"/><SP WIDTH="26" VPOS="1417" HPOS="516"/>
							<String ID="string_241" HPOS="542" VPOS="1417" WIDTH="296" HEIGHT="40" WC="0.91" CONTENT="köpeskillingens"/><SP WIDTH="29" VPOS="1417" HPOS="838"/>
							<String ID="string_242" HPOS="867" VPOS="1417" WIDTH="198" HEIGHT="39" WC="0.96" CONTENT="fördelning"/><SP WIDTH="28" VPOS="1417" HPOS="1065"/>
							<String ID="string_243" HPOS="1093" VPOS="1417" WIDTH="89" HEIGHT="30" WC="0.96" CONTENT="fatta"/><SP WIDTH="28" VPOS="1417" HPOS="1182"/>
							<String ID="string_244" HPOS="1210" VPOS="1417" WIDTH="113" HEIGHT="30" WC="0.96" CONTENT="beslut"/><SP WIDTH="29" VPOS="1417" HPOS="1323"/>
							<String ID="string_245" HPOS="1352" VPOS="1417" WIDTH="11" HEIGHT="29" WC="0.96" CONTENT="i"/><SP WIDTH="29" VPOS="1417" HPOS="1363"/>
							<String ID="string_246" HPOS="1392" VPOS="1417" WIDTH="127" HEIGHT="34" WC="0.96" CONTENT="ämnet,"/><SP WIDTH="31" VPOS="1417" HPOS="1519"/>
							<String ID="string_247" HPOS="1550" VPOS="1426" WIDTH="56" HEIGHT="20" WC="0.92" CONTENT="om"/><SP WIDTH="30" VPOS="1426" HPOS="1606"/>
							<String ID="string_248" HPOS="1636" VPOS="1417" WIDTH="102" HEIGHT="29" WC="0.90" CONTENT="rätts-"/>
						</TextLine>
						<TextLine ID="line_24" HPOS="250" VPOS="1470" WIDTH="1325" HEIGHT="40">
							<String ID="string_249" HPOS="250" VPOS="1470" WIDTH="131" HEIGHT="39" WC="0.96" CONTENT="ägarna"/><SP WIDTH="15" VPOS="1470" HPOS="381"/>
							<String ID="string_250" HPOS="396" VPOS="1471" WIDTH="70" HEIGHT="29" WC="0.95" CONTENT="inte"/><SP WIDTH="15" VPOS="1471" HPOS="466"/>
							<String ID="string_251" HPOS="481" VPOS="1470" WIDTH="128" HEIGHT="30" WC="0.96" CONTENT="träffar"/><SP WIDTH="16" VPOS="1470" HPOS="609"/>
							<String ID="string_252" HPOS="625" VPOS="1471" WIDTH="337" HEIGHT="30" WC="0.96" CONTENT="överenskommelse"/><SP WIDTH="18" VPOS="1471" HPOS="962"/>
							<String ID="string_253" HPOS="980" VPOS="1480" WIDTH="56" HEIGHT="20" WC="0.96" CONTENT="om"/><SP WIDTH="16" VPOS="1480" HPOS="1036"/>
							<String ID="string_254" HPOS="1052" VPOS="1471" WIDTH="67" HEIGHT="29" WC="0.96" CONTENT="hur"/><SP WIDTH="17" VPOS="1471" HPOS="1119"/>
							<String ID="string_255" HPOS="1136" VPOS="1471" WIDTH="244" HEIGHT="39" WC="0.96" CONTENT="fördelningen"/><SP WIDTH="17" VPOS="1471" HPOS="1380"/>
							<String ID="string_256" HPOS="1397" VPOS="1471" WIDTH="89" HEIGHT="30" WC="0.96" CONTENT="skall"/><SP WIDTH="18" VPOS="1471" HPOS="1486"/>
							<String ID="string_257" HPOS="1504" VPOS="1471" WIDTH="71" HEIGHT="30" WC="0.96" CONTENT="ske."/>
						</TextLine>
					</TextBlock>
					<TextBlock ID="block_3" HPOS="248" VPOS="1524" WIDTH="1490" HEIGHT="685">
						<TextLine ID="line_25" HPOS="293" VPOS="1524" WIDTH="1443" HEIGHT="40">
							<String ID="string_258" HPOS="293" VPOS="1524" WIDTH="240" HEIGHT="39" WC="0.96" CONTENT="Beredningen"/><SP WIDTH="26" VPOS="1524" HPOS="533"/>
							<String ID="string_259" HPOS="559" VPOS="1525" WIDTH="64" HEIGHT="29" WC="0.96" CONTENT="har"/><SP WIDTH="25" VPOS="1525" HPOS="623"/>
							<String ID="string_260" HPOS="648" VPOS="1525" WIDTH="89" HEIGHT="30" WC="0.96" CONTENT="varit"/><SP WIDTH="27" VPOS="1525" HPOS="737"/>
							<String ID="string_261" HPOS="764" VPOS="1525" WIDTH="53" HEIGHT="30" WC="0.96" CONTENT="väl"/><SP WIDTH="27" VPOS="1525" HPOS="817"/>
							<String ID="string_262" HPOS="844" VPOS="1525" WIDTH="181" HEIGHT="30" WC="0.96" CONTENT="medveten"/><SP WIDTH="27" VPOS="1525" HPOS="1025"/>
							<String ID="string_263" HPOS="1052" VPOS="1534" WIDTH="56" HEIGHT="20" WC="0.97" CONTENT="om"/><SP WIDTH="28" VPOS="1534" HPOS="1108"/>
							<String ID="string_264" HPOS="1136" VPOS="1526" WIDTH="40" HEIGHT="29" WC="0.96" CONTENT="de"/><SP WIDTH="26" VPOS="1526" HPOS="1176"/>
							<String ID="string_265" HPOS="1202" VPOS="1525" WIDTH="184" HEIGHT="39" WC="0.96" CONTENT="praktiska"/><SP WIDTH="27" VPOS="1525" HPOS="1386"/>
							<String ID="string_266" HPOS="1413" VPOS="1525" WIDTH="221" HEIGHT="39" WC="0.96" CONTENT="olägenheter"/><SP WIDTH="29" VPOS="1525" HPOS="1634"/>
							<String ID="string_267" HPOS="1663" VPOS="1534" WIDTH="73" HEIGHT="20" WC="0.96" CONTENT="som"/>
						</TextLine>
						<TextLine ID="line_26" HPOS="250" VPOS="1577" WIDTH="1487" HEIGHT="41">
							<String ID="string_268" HPOS="250" VPOS="1578" WIDTH="69" HEIGHT="29" WC="0.96" CONTENT="kan"/><SP WIDTH="19" VPOS="1578" HPOS="319"/>
							<String ID="string_269" HPOS="338" VPOS="1587" WIDTH="85" HEIGHT="21" WC="0.96" CONTENT="vara"/><SP WIDTH="21" VPOS="1587" HPOS="423"/>
							<String ID="string_270" HPOS="444" VPOS="1577" WIDTH="165" HEIGHT="31" WC="0.96" CONTENT="förenade"/><SP WIDTH="22" VPOS="1577" HPOS="609"/>
							<String ID="string_271" HPOS="631" VPOS="1579" WIDTH="79" HEIGHT="29" WC="0.96" CONTENT="med"/><SP WIDTH="20" VPOS="1579" HPOS="710"/>
							<String ID="string_272" HPOS="730" VPOS="1579" WIDTH="79" HEIGHT="29" WC="0.96" CONTENT="dess"/><SP WIDTH="23" VPOS="1579" HPOS="809"/>
							<String ID="string_273" HPOS="832" VPOS="1578" WIDTH="141" HEIGHT="39" WC="0.93" CONTENT="förslag."/><SP WIDTH="23" VPOS="1578" HPOS="973"/>
							<String ID="string_274" HPOS="996" VPOS="1578" WIDTH="279" HEIGHT="40" WC="0.92" CONTENT="Olägenheterna"/><SP WIDTH="21" VPOS="1578" HPOS="1275"/>
							<String ID="string_275" HPOS="1296" VPOS="1578" WIDTH="62" HEIGHT="30" WC="0.96" CONTENT="bör"/><SP WIDTH="24" VPOS="1578" HPOS="1358"/>
							<String ID="string_276" HPOS="1382" VPOS="1578" WIDTH="88" HEIGHT="30" WC="0.96" CONTENT="dock"/><SP WIDTH="22" VPOS="1578" HPOS="1470"/>
							<String ID="string_277" HPOS="1492" VPOS="1578" WIDTH="71" HEIGHT="30" WC="0.91" CONTENT="inte"/><SP WIDTH="24" VPOS="1578" HPOS="1563"/>
							<String ID="string_278" HPOS="1587" VPOS="1578" WIDTH="150" HEIGHT="30" WC="0.91" CONTENT="överdri-"/>
						</TextLine>
						<TextLine ID="line_27" HPOS="254" VPOS="1631" WIDTH="1483" HEIGHT="40">
							<String ID="string_279" HPOS="254" VPOS="1640" WIDTH="70" HEIGHT="21" WC="0.95" CONTENT="vas."/><SP WIDTH="20" VPOS="1640" HPOS="324"/>
							<String ID="string_280" HPOS="344" VPOS="1632" WIDTH="64" HEIGHT="39" WC="0.96" CONTENT="Jag"/><SP WIDTH="18" VPOS="1632" HPOS="408"/>
							<String ID="string_281" HPOS="426" VPOS="1631" WIDTH="59" HEIGHT="30" WC="0.96" CONTENT="vill"/><SP WIDTH="20" VPOS="1631" HPOS="485"/>
							<String ID="string_282" HPOS="505" VPOS="1632" WIDTH="115" HEIGHT="29" WC="0.96" CONTENT="erinra"/><SP WIDTH="19" VPOS="1632" HPOS="620"/>
							<String ID="string_283" HPOS="639" VPOS="1640" WIDTH="56" HEIGHT="21" WC="0.96" CONTENT="om"/><SP WIDTH="20" VPOS="1640" HPOS="695"/>
							<String ID="string_284" HPOS="715" VPOS="1633" WIDTH="50" HEIGHT="28" WC="0.93" CONTENT="att"/><SP WIDTH="19" VPOS="1633" HPOS="765"/>
							<String ID="string_285" HPOS="784" VPOS="1632" WIDTH="373" HEIGHT="39" WC="0.85" CONTENT="utmälningsmannen"/><SP WIDTH="20" VPOS="1632" HPOS="1157"/>
							<String ID="string_286" HPOS="1177" VPOS="1632" WIDTH="80" HEIGHT="39" WC="0.96" CONTENT="äger"/><SP WIDTH="20" VPOS="1632" HPOS="1257"/>
							<String ID="string_287" HPOS="1277" VPOS="1632" WIDTH="148" HEIGHT="29" WC="0.95" CONTENT="tillkalla"/><SP WIDTH="21" VPOS="1632" HPOS="1425"/>
							<String ID="string_288" HPOS="1446" VPOS="1632" WIDTH="221" HEIGHT="38" WC="0.96" CONTENT="sakkunniga"/><SP WIDTH="21" VPOS="1632" HPOS="1667"/>
							<String ID="string_289" HPOS="1688" VPOS="1633" WIDTH="49" HEIGHT="27" WC="0.96" CONTENT="att"/>
						</TextLine>
						<TextLine ID="line_28" HPOS="250" VPOS="1685" WIDTH="1488" HEIGHT="41">
							<String ID="string_290" HPOS="250" VPOS="1685" WIDTH="137" HEIGHT="30" WC="0.96" CONTENT="biträda"/><SP WIDTH="17" VPOS="1685" HPOS="387"/>
							<String ID="string_291" HPOS="404" VPOS="1686" WIDTH="56" HEIGHT="30" WC="0.96" CONTENT="vid"/><SP WIDTH="17" VPOS="1686" HPOS="460"/>
							<String ID="string_292" HPOS="477" VPOS="1686" WIDTH="229" HEIGHT="39" WC="0.96" CONTENT="värderingen"/><SP WIDTH="24" VPOS="1686" HPOS="706"/>
							<String ID="string_293" HPOS="730" VPOS="1686" WIDTH="56" HEIGHT="34" WC="0.93" CONTENT="(73"/><SP WIDTH="23" VPOS="1686" HPOS="786"/>
							<String ID="string_294" HPOS="809" VPOS="1686" WIDTH="14" HEIGHT="37" WC="0.92" CONTENT="$"/><SP WIDTH="24" VPOS="1686" HPOS="823"/>
							<String ID="string_295" HPOS="847" VPOS="1687" WIDTH="13" HEIGHT="28" WC="0.92" CONTENT="1"/><SP WIDTH="21" VPOS="1687" HPOS="860"/>
							<String ID="string_296" HPOS="881" VPOS="1696" WIDTH="105" HEIGHT="20" WC="0.93" CONTENT="mom."/><SP WIDTH="19" VPOS="1696" HPOS="986"/>
							<String ID="string_297" HPOS="1005" VPOS="1686" WIDTH="89" HEIGHT="34" WC="0.96" CONTENT="UL)."/><SP WIDTH="19" VPOS="1686" HPOS="1094"/>
							<String ID="string_298" HPOS="1113" VPOS="1686" WIDTH="127" HEIGHT="30" WC="0.96" CONTENT="Vidare"/><SP WIDTH="19" VPOS="1686" HPOS="1240"/>
							<String ID="string_299" HPOS="1259" VPOS="1686" WIDTH="61" HEIGHT="30" WC="0.96" CONTENT="bör"/><SP WIDTH="19" VPOS="1686" HPOS="1320"/>
							<String ID="string_300" HPOS="1339" VPOS="1686" WIDTH="144" HEIGHT="30" WC="0.96" CONTENT="beaktas"/><SP WIDTH="20" VPOS="1686" HPOS="1483"/>
							<String ID="string_301" HPOS="1503" VPOS="1687" WIDTH="60" HEIGHT="33" WC="0.95" CONTENT="att,"/><SP WIDTH="22" VPOS="1687" HPOS="1563"/>
							<String ID="string_302" HPOS="1585" VPOS="1695" WIDTH="74" HEIGHT="21" WC="0.95" CONTENT="som"/><SP WIDTH="19" VPOS="1695" HPOS="1659"/>
							<String ID="string_303" HPOS="1678" VPOS="1687" WIDTH="60" HEIGHT="39" WC="0.96" CONTENT="jag"/>
						</TextLine>
						<TextLine ID="line_29" HPOS="250" VPOS="1739" WIDTH="1488" HEIGHT="38">
							<String ID="string_304" HPOS="250" VPOS="1748" WIDTH="82" HEIGHT="28" WC="0.96" CONTENT="nyss"/><SP WIDTH="20" VPOS="1748" HPOS="332"/>
							<String ID="string_305" HPOS="352" VPOS="1739" WIDTH="65" HEIGHT="30" WC="0.96" CONTENT="har"/><SP WIDTH="20" VPOS="1739" HPOS="417"/>
							<String ID="string_306" HPOS="437" VPOS="1740" WIDTH="129" HEIGHT="34" WC="0.95" CONTENT="nämnt,"/><SP WIDTH="22" VPOS="1740" HPOS="566"/>
							<String ID="string_307" HPOS="588" VPOS="1740" WIDTH="54" HEIGHT="29" WC="0.96" CONTENT="det"/><SP WIDTH="21" VPOS="1740" HPOS="642"/>
							<String ID="string_308" HPOS="663" VPOS="1740" WIDTH="38" HEIGHT="29" WC="0.96" CONTENT="är"/><SP WIDTH="21" VPOS="1740" HPOS="701"/>
							<String ID="string_309" HPOS="722" VPOS="1740" WIDTH="254" HEIGHT="36" WC="0.96" CONTENT="jämförelsevis"/><SP WIDTH="23" VPOS="1740" HPOS="976"/>
							<String ID="string_310" HPOS="999" VPOS="1740" WIDTH="36" HEIGHT="29" WC="0.96" CONTENT="få"/><SP WIDTH="21" VPOS="1740" HPOS="1035"/>
							<String ID="string_311" HPOS="1056" VPOS="1740" WIDTH="233" HEIGHT="37" WC="0.96" CONTENT="utmätningar"/><SP WIDTH="23" VPOS="1740" HPOS="1289"/>
							<String ID="string_312" HPOS="1312" VPOS="1749" WIDTH="75" HEIGHT="21" WC="0.96" CONTENT="som"/><SP WIDTH="21" VPOS="1749" HPOS="1387"/>
							<String ID="string_313" HPOS="1408" VPOS="1740" WIDTH="93" HEIGHT="29" WC="0.96" CONTENT="leder"/><SP WIDTH="21" VPOS="1740" HPOS="1501"/>
							<String ID="string_314" HPOS="1522" VPOS="1740" WIDTH="53" HEIGHT="29" WC="0.93" CONTENT="till"/><SP WIDTH="23" VPOS="1740" HPOS="1575"/>
							<String ID="string_315" HPOS="1598" VPOS="1740" WIDTH="140" HEIGHT="36" WC="0.92" CONTENT="försälj-"/>
						</TextLine>
						<TextLine ID="line_30" HPOS="249" VPOS="1793" WIDTH="1488" HEIGHT="38">
							<String ID="string_316" HPOS="249" VPOS="1793" WIDTH="93" HEIGHT="37" WC="0.95" CONTENT="ning."/><SP WIDTH="17" VPOS="1793" HPOS="342"/>
							<String ID="string_317" HPOS="359" VPOS="1793" WIDTH="63" HEIGHT="30" WC="0.96" CONTENT="Det"/><SP WIDTH="17" VPOS="1793" HPOS="422"/>
							<String ID="string_318" HPOS="439" VPOS="1794" WIDTH="96" HEIGHT="29" WC="0.96" CONTENT="finns"/><SP WIDTH="16" VPOS="1794" HPOS="535"/>
							<String ID="string_319" HPOS="551" VPOS="1794" WIDTH="70" HEIGHT="29" WC="0.96" CONTENT="inte"/><SP WIDTH="18" VPOS="1794" HPOS="621"/>
							<String ID="string_320" HPOS="639" VPOS="1794" WIDTH="186" HEIGHT="37" WC="0.96" CONTENT="anledning"/><SP WIDTH="18" VPOS="1794" HPOS="825"/>
							<String ID="string_321" HPOS="843" VPOS="1795" WIDTH="80" HEIGHT="29" WC="0.96" CONTENT="anta"/><SP WIDTH="18" VPOS="1795" HPOS="923"/>
							<String ID="string_322" HPOS="941" VPOS="1795" WIDTH="48" HEIGHT="29" WC="0.96" CONTENT="att"/><SP WIDTH="19" VPOS="1795" HPOS="989"/>
							<String ID="string_323" HPOS="1008" VPOS="1794" WIDTH="55" HEIGHT="30" WC="0.96" CONTENT="det"/><SP WIDTH="19" VPOS="1794" HPOS="1063"/>
							<String ID="string_324" HPOS="1082" VPOS="1794" WIDTH="110" HEIGHT="29" WC="0.96" CONTENT="skulle"/><SP WIDTH="19" VPOS="1794" HPOS="1192"/>
							<String ID="string_325" HPOS="1211" VPOS="1794" WIDTH="49" HEIGHT="29" WC="0.96" CONTENT="bli"/><SP WIDTH="18" VPOS="1794" HPOS="1260"/>
							<String ID="string_326" HPOS="1278" VPOS="1794" WIDTH="114" HEIGHT="37" WC="0.96" CONTENT="någon"/><SP WIDTH="18" VPOS="1794" HPOS="1392"/>
							<String ID="string_327" HPOS="1410" VPOS="1794" WIDTH="146" HEIGHT="37" WC="0.96" CONTENT="ändring"/><SP WIDTH="19" VPOS="1794" HPOS="1556"/>
							<String ID="string_328" HPOS="1575" VPOS="1794" WIDTH="12" HEIGHT="29" WC="0.96" CONTENT="i"/><SP WIDTH="19" VPOS="1794" HPOS="1587"/>
							<String ID="string_329" HPOS="1606" VPOS="1794" WIDTH="56" HEIGHT="30" WC="0.93" CONTENT="det"/><SP WIDTH="19" VPOS="1794" HPOS="1662"/>
							<String ID="string_330" HPOS="1681" VPOS="1803" WIDTH="56" HEIGHT="21" WC="0.92" CONTENT="av-"/>
						</TextLine>
						<TextLine ID="line_31" HPOS="249" VPOS="1847" WIDTH="1488" HEIGHT="40">
							<String ID="string_331" HPOS="249" VPOS="1847" WIDTH="140" HEIGHT="30" WC="0.91" CONTENT="seendet"/><SP WIDTH="23" VPOS="1847" HPOS="389"/>
							<String ID="string_332" HPOS="412" VPOS="1847" WIDTH="87" HEIGHT="30" WC="0.96" CONTENT="efter"/><SP WIDTH="24" VPOS="1847" HPOS="499"/>
							<String ID="string_333" HPOS="523" VPOS="1847" WIDTH="41" HEIGHT="30" WC="0.96" CONTENT="de"/><SP WIDTH="23" VPOS="1847" HPOS="564"/>
							<String ID="string_334" HPOS="587" VPOS="1856" WIDTH="69" HEIGHT="31" WC="0.93" CONTENT="nya"/><SP WIDTH="22" VPOS="1856" HPOS="656"/>
							<String ID="string_335" HPOS="678" VPOS="1847" WIDTH="175" HEIGHT="39" WC="0.91" CONTENT="reglernas"/><SP WIDTH="25" VPOS="1847" HPOS="853"/>
							<String ID="string_336" HPOS="878" VPOS="1847" WIDTH="290" HEIGHT="30" WC="0.96" CONTENT="ikraftträdande."/><SP WIDTH="25" VPOS="1847" HPOS="1168"/>
							<String ID="string_337" HPOS="1193" VPOS="1847" WIDTH="227" HEIGHT="30" WC="0.96" CONTENT="Beträffande"/><SP WIDTH="26" VPOS="1847" HPOS="1420"/>
							<String ID="string_338" HPOS="1446" VPOS="1847" WIDTH="40" HEIGHT="30" WC="0.93" CONTENT="de"/><SP WIDTH="25" VPOS="1847" HPOS="1486"/>
							<String ID="string_339" HPOS="1511" VPOS="1847" WIDTH="226" HEIGHT="40" WC="0.91" CONTENT="försäljning-"/>
						</TextLine>
						<TextLine ID="line_32" HPOS="249" VPOS="1900" WIDTH="1488" HEIGHT="40">
							<String ID="string_340" HPOS="249" VPOS="1911" WIDTH="38" HEIGHT="19" WC="0.96" CONTENT="ar"/><SP WIDTH="18" VPOS="1911" HPOS="287"/>
							<String ID="string_341" HPOS="305" VPOS="1910" WIDTH="41" HEIGHT="20" WC="0.93" CONTENT="av"/><SP WIDTH="17" VPOS="1910" HPOS="346"/>
							<String ID="string_342" HPOS="363" VPOS="1900" WIDTH="342" HEIGHT="40" WC="0.91" CONTENT="företagsintecknad"/><SP WIDTH="20" VPOS="1900" HPOS="705"/>
							<String ID="string_343" HPOS="725" VPOS="1901" WIDTH="167" HEIGHT="39" WC="0.96" CONTENT="egendom"/><SP WIDTH="20" VPOS="1901" HPOS="892"/>
							<String ID="string_344" HPOS="912" VPOS="1910" WIDTH="73" HEIGHT="20" WC="0.96" CONTENT="som"/><SP WIDTH="19" VPOS="1910" HPOS="985"/>
							<String ID="string_345" HPOS="1004" VPOS="1902" WIDTH="69" HEIGHT="28" WC="0.96" CONTENT="kan"/><SP WIDTH="18" VPOS="1902" HPOS="1073"/>
							<String ID="string_346" HPOS="1091" VPOS="1901" WIDTH="143" HEIGHT="29" WC="0.96" CONTENT="komma"/><SP WIDTH="18" VPOS="1901" HPOS="1234"/>
							<String ID="string_347" HPOS="1252" VPOS="1901" WIDTH="11" HEIGHT="29" WC="0.96" CONTENT="i"/><SP WIDTH="18" VPOS="1901" HPOS="1263"/>
							<String ID="string_348" HPOS="1281" VPOS="1901" WIDTH="100" HEIGHT="39" WC="0.96" CONTENT="fråga"/><SP WIDTH="17" VPOS="1901" HPOS="1381"/>
							<String ID="string_349" HPOS="1398" VPOS="1901" WIDTH="70" HEIGHT="30" WC="0.96" CONTENT="kan"/><SP WIDTH="20" VPOS="1901" HPOS="1468"/>
							<String ID="string_350" HPOS="1488" VPOS="1902" WIDTH="178" HEIGHT="29" WC="0.96" CONTENT="förmodas"/><SP WIDTH="22" VPOS="1902" HPOS="1666"/>
							<String ID="string_351" HPOS="1688" VPOS="1902" WIDTH="49" HEIGHT="29" WC="0.95" CONTENT="att"/>
						</TextLine>
						<TextLine ID="line_33" HPOS="249" VPOS="1955" WIDTH="1488" HEIGHT="30">
							<String ID="string_352" HPOS="249" VPOS="1955" WIDTH="40" HEIGHT="29" WC="0.96" CONTENT="de"/><SP WIDTH="22" VPOS="1955" HPOS="289"/>
							<String ID="string_353" HPOS="311" VPOS="1955" WIDTH="88" HEIGHT="29" WC="0.96" CONTENT="allra"/><SP WIDTH="19" VPOS="1955" HPOS="399"/>
							<String ID="string_354" HPOS="418" VPOS="1955" WIDTH="103" HEIGHT="30" WC="0.96" CONTENT="flesta"/><SP WIDTH="20" VPOS="1955" HPOS="521"/>
							<String ID="string_355" HPOS="541" VPOS="1956" WIDTH="159" HEIGHT="28" WC="0.96" CONTENT="kommer"/><SP WIDTH="22" VPOS="1956" HPOS="700"/>
							<String ID="string_356" HPOS="722" VPOS="1957" WIDTH="50" HEIGHT="27" WC="0.95" CONTENT="att"/><SP WIDTH="20" VPOS="1957" HPOS="772"/>
							<String ID="string_357" HPOS="792" VPOS="1964" WIDTH="80" HEIGHT="21" WC="0.95" CONTENT="avse"/><SP WIDTH="22" VPOS="1964" HPOS="872"/>
							<String ID="string_358" HPOS="894" VPOS="1955" WIDTH="137" HEIGHT="30" WC="0.95" CONTENT="relativt"/><SP WIDTH="22" VPOS="1955" HPOS="1031"/>
							<String ID="string_359" HPOS="1053" VPOS="1955" WIDTH="103" HEIGHT="30" WC="0.96" CONTENT="enkla"/><SP WIDTH="21" VPOS="1955" HPOS="1156"/>
							<String ID="string_360" HPOS="1177" VPOS="1955" WIDTH="256" HEIGHT="30" WC="0.95" CONTENT="förhållanden."/><SP WIDTH="24" VPOS="1955" HPOS="1433"/>
							<String ID="string_361" HPOS="1457" VPOS="1955" WIDTH="66" HEIGHT="30" WC="0.88" CONTENT="Om"/><SP WIDTH="24" VPOS="1955" HPOS="1523"/>
							<String ID="string_362" HPOS="1547" VPOS="1955" WIDTH="190" HEIGHT="30" WC="0.88" CONTENT="förhållan-"/>
						</TextLine>
						<TextLine ID="line_34" HPOS="249" VPOS="2008" WIDTH="1488" HEIGHT="41">
							<String ID="string_363" HPOS="249" VPOS="2008" WIDTH="90" HEIGHT="30" WC="0.96" CONTENT="dena"/><SP WIDTH="21" VPOS="2008" HPOS="339"/>
							<String ID="string_364" HPOS="360" VPOS="2008" WIDTH="38" HEIGHT="30" WC="0.96" CONTENT="är"/><SP WIDTH="21" VPOS="2008" HPOS="398"/>
							<String ID="string_365" HPOS="419" VPOS="2008" WIDTH="269" HEIGHT="41" WC="0.96" CONTENT="komplicerade,"/><SP WIDTH="24" VPOS="2008" HPOS="688"/>
							<String ID="string_366" HPOS="712" VPOS="2008" WIDTH="96" HEIGHT="30" WC="0.96" CONTENT="torde"/><SP WIDTH="24" VPOS="2008" HPOS="808"/>
							<String ID="string_367" HPOS="832" VPOS="2009" WIDTH="56" HEIGHT="30" WC="0.96" CONTENT="det"/><SP WIDTH="23" VPOS="2009" HPOS="888"/>
							<String ID="string_368" HPOS="911" VPOS="2008" WIDTH="74" HEIGHT="30" WC="0.96" CONTENT="ofta"/><SP WIDTH="22" VPOS="2008" HPOS="985"/>
							<String ID="string_369" HPOS="1007" VPOS="2008" WIDTH="47" HEIGHT="30" WC="0.96" CONTENT="bli"/><SP WIDTH="23" VPOS="2008" HPOS="1054"/>
							<String ID="string_370" HPOS="1077" VPOS="2009" WIDTH="214" HEIGHT="39" WC="0.96" CONTENT="nödvändigt"/><SP WIDTH="22" VPOS="2009" HPOS="1291"/>
							<String ID="string_371" HPOS="1313" VPOS="2009" WIDTH="80" HEIGHT="30" WC="0.96" CONTENT="med"/><SP WIDTH="23" VPOS="2009" HPOS="1393"/>
							<String ID="string_372" HPOS="1416" VPOS="2009" WIDTH="169" HEIGHT="30" WC="0.95" CONTENT="konkurs."/><SP WIDTH="25" VPOS="2009" HPOS="1585"/>
							<String ID="string_373" HPOS="1610" VPOS="2009" WIDTH="64" HEIGHT="30" WC="0.96" CONTENT="Det"/><SP WIDTH="25" VPOS="2009" HPOS="1674"/>
							<String ID="string_374" HPOS="1699" VPOS="2009" WIDTH="38" HEIGHT="29" WC="0.96" CONTENT="är"/>
						</TextLine>
						<TextLine ID="line_35" HPOS="248" VPOS="2062" WIDTH="1488" HEIGHT="40">
							<String ID="string_375" HPOS="248" VPOS="2064" WIDTH="72" HEIGHT="28" WC="0.96" CONTENT="mot"/><SP WIDTH="24" VPOS="2064" HPOS="320"/>
							<String ID="string_376" HPOS="344" VPOS="2062" WIDTH="230" HEIGHT="40" WC="0.96" CONTENT="bakgrunden"/><SP WIDTH="25" VPOS="2062" HPOS="574"/>
							<String ID="string_377" HPOS="599" VPOS="2072" WIDTH="42" HEIGHT="21" WC="0.96" CONTENT="av"/><SP WIDTH="24" VPOS="2072" HPOS="641"/>
							<String ID="string_378" HPOS="665" VPOS="2062" WIDTH="132" HEIGHT="30" WC="0.96" CONTENT="sådana"/><SP WIDTH="25" VPOS="2062" HPOS="797"/>
							<String ID="string_379" HPOS="822" VPOS="2063" WIDTH="221" HEIGHT="39" WC="0.96" CONTENT="antaganden"/><SP WIDTH="26" VPOS="2063" HPOS="1043"/>
							<String ID="string_380" HPOS="1069" VPOS="2071" WIDTH="74" HEIGHT="23" WC="0.96" CONTENT="som"/><SP WIDTH="26" VPOS="2071" HPOS="1143"/>
							<String ID="string_381" HPOS="1169" VPOS="2072" WIDTH="82" HEIGHT="20" WC="0.96" CONTENT="man"/><SP WIDTH="26" VPOS="2072" HPOS="1251"/>
							<String ID="string_382" HPOS="1277" VPOS="2063" WIDTH="106" HEIGHT="39" WC="0.95" CONTENT="enligt"/><SP WIDTH="26" VPOS="2063" HPOS="1383"/>
							<String ID="string_383" HPOS="1409" VPOS="2063" WIDTH="73" HEIGHT="29" WC="0.95" CONTENT="min"/><SP WIDTH="26" VPOS="2063" HPOS="1482"/>
							<String ID="string_384" HPOS="1508" VPOS="2063" WIDTH="141" HEIGHT="39" WC="0.96" CONTENT="mening"/><SP WIDTH="26" VPOS="2063" HPOS="1649"/>
							<String ID="string_385" HPOS="1675" VPOS="2063" WIDTH="61" HEIGHT="30" WC="0.96" CONTENT="bör"/>
						</TextLine>
						<TextLine ID="line_36" HPOS="248" VPOS="2116" WIDTH="1487" HEIGHT="40">
							<String ID="string_386" HPOS="248" VPOS="2116" WIDTH="147" HEIGHT="30" WC="0.96" CONTENT="bedöma"/><SP WIDTH="24" VPOS="2116" HPOS="395"/>
							<String ID="string_387" HPOS="419" VPOS="2116" WIDTH="253" HEIGHT="39" WC="0.95" CONTENT="beredningens"/><SP WIDTH="25" VPOS="2116" HPOS="672"/>
							<String ID="string_388" HPOS="697" VPOS="2116" WIDTH="141" HEIGHT="39" WC="0.96" CONTENT="förslag."/><SP WIDTH="27" VPOS="2116" HPOS="838"/>
							<String ID="string_389" HPOS="865" VPOS="2116" WIDTH="192" HEIGHT="30" WC="0.96" CONTENT="Resultatet"/><SP WIDTH="27" VPOS="2116" HPOS="1057"/>
							<String ID="string_390" HPOS="1084" VPOS="2126" WIDTH="41" HEIGHT="21" WC="0.96" CONTENT="av"/><SP WIDTH="24" VPOS="2126" HPOS="1125"/>
							<String ID="string_391" HPOS="1149" VPOS="2125" WIDTH="43" HEIGHT="21" WC="0.96" CONTENT="en"/><SP WIDTH="26" VPOS="2125" HPOS="1192"/>
							<String ID="string_392" HPOS="1218" VPOS="2116" WIDTH="111" HEIGHT="30" WC="0.96" CONTENT="sådan"/><SP WIDTH="24" VPOS="2116" HPOS="1329"/>
							<String ID="string_393" HPOS="1353" VPOS="2116" WIDTH="212" HEIGHT="40" WC="0.96" CONTENT="bedömning"/><SP WIDTH="24" VPOS="2116" HPOS="1565"/>
							<String ID="string_394" HPOS="1589" VPOS="2116" WIDTH="67" HEIGHT="31" WC="0.96" CONTENT="blir"/><SP WIDTH="26" VPOS="2116" HPOS="1656"/>
							<String ID="string_395" HPOS="1682" VPOS="2117" WIDTH="53" HEIGHT="29" WC="0.96" CONTENT="för"/>
						</TextLine>
						<TextLine ID="line_37" HPOS="249" VPOS="2170" WIDTH="828" HEIGHT="39">
							<String ID="string_396" HPOS="249" VPOS="2170" WIDTH="73" HEIGHT="29" WC="0.96" CONTENT="min"/><SP WIDTH="20" VPOS="2170" HPOS="322"/>
							<String ID="string_397" HPOS="342" VPOS="2171" WIDTH="54" HEIGHT="29" WC="0.96" CONTENT="del"/><SP WIDTH="20" VPOS="2171" HPOS="396"/>
							<String ID="string_398" HPOS="416" VPOS="2171" WIDTH="50" HEIGHT="29" WC="0.96" CONTENT="att"/><SP WIDTH="19" VPOS="2171" HPOS="466"/>
							<String ID="string_399" HPOS="485" VPOS="2170" WIDTH="95" HEIGHT="29" WC="0.96" CONTENT="detta"/><SP WIDTH="20" VPOS="2170" HPOS="580"/>
							<String ID="string_400" HPOS="600" VPOS="2170" WIDTH="130" HEIGHT="39" WC="0.96" CONTENT="förslag"/><SP WIDTH="20" VPOS="2170" HPOS="730"/>
							<String ID="string_401" HPOS="750" VPOS="2170" WIDTH="10" HEIGHT="29" WC="0.96" CONTENT="i"/><SP WIDTH="21" VPOS="2170" HPOS="760"/>
							<String ID="string_402" HPOS="781" VPOS="2170" WIDTH="62" HEIGHT="29" WC="0.96" CONTENT="sak"/><SP WIDTH="20" VPOS="2170" HPOS="843"/>
							<String ID="string_403" HPOS="863" VPOS="2170" WIDTH="61" HEIGHT="29" WC="0.96" CONTENT="bör"/><SP WIDTH="22" VPOS="2170" HPOS="924"/>
							<String ID="string_404" HPOS="946" VPOS="2170" WIDTH="131" HEIGHT="39" WC="0.95" CONTENT="godtas."/>
						</TextLine>
					</TextBlock>
					<TextBlock ID="block_4" HPOS="252" VPOS="2222" WIDTH="1483" HEIGHT="148">
						<TextLine ID="line_38" HPOS="296" VPOS="2222" WIDTH="1439" HEIGHT="41">
							<String ID="string_405" HPOS="296" VPOS="2224" WIDTH="75" HEIGHT="29" WC="0.92" CONTENT="Den"/><SP WIDTH="17" VPOS="2224" HPOS="371"/>
							<String ID="string_406" HPOS="388" VPOS="2223" WIDTH="220" HEIGHT="39" WC="0.92" CONTENT="lagtekniska"/><SP WIDTH="17" VPOS="2223" HPOS="608"/>
							<String ID="string_407" HPOS="625" VPOS="2223" WIDTH="264" HEIGHT="39" WC="0.96" CONTENT="utformningen"/><SP WIDTH="18" VPOS="2223" HPOS="889"/>
							<String ID="string_408" HPOS="907" VPOS="2233" WIDTH="41" HEIGHT="20" WC="0.96" CONTENT="av"/><SP WIDTH="17" VPOS="2233" HPOS="948"/>
							<String ID="string_409" HPOS="965" VPOS="2222" WIDTH="253" HEIGHT="40" WC="0.95" CONTENT="beredningens"/><SP WIDTH="17" VPOS="2222" HPOS="1218"/>
							<String ID="string_410" HPOS="1235" VPOS="2223" WIDTH="133" HEIGHT="40" WC="0.96" CONTENT="förslag"/><SP WIDTH="18" VPOS="2223" HPOS="1368"/>
							<String ID="string_411" HPOS="1386" VPOS="2223" WIDTH="64" HEIGHT="30" WC="0.96" CONTENT="har"/><SP WIDTH="18" VPOS="2223" HPOS="1450"/>
							<String ID="string_412" HPOS="1468" VPOS="2223" WIDTH="111" HEIGHT="30" WC="0.93" CONTENT="under"/><SP WIDTH="18" VPOS="2223" HPOS="1579"/>
							<String ID="string_413" HPOS="1597" VPOS="2224" WIDTH="138" HEIGHT="29" WC="0.90" CONTENT="remiss-"/>
						</TextLine>
						<TextLine ID="line_39" HPOS="252" VPOS="2277" WIDTH="1483" HEIGHT="40">
							<String ID="string_414" HPOS="252" VPOS="2277" WIDTH="258" HEIGHT="39" WC="0.96" CONTENT="behandlingen"/><SP WIDTH="22" VPOS="2277" HPOS="510"/>
							<String ID="string_415" HPOS="532" VPOS="2277" WIDTH="196" HEIGHT="29" WC="0.96" CONTENT="kritiserats"/><SP WIDTH="24" VPOS="2277" HPOS="728"/>
							<String ID="string_416" HPOS="752" VPOS="2277" WIDTH="11" HEIGHT="29" WC="0.96" CONTENT="i"/><SP WIDTH="21" VPOS="2277" HPOS="763"/>
							<String ID="string_417" HPOS="784" VPOS="2277" WIDTH="93" HEIGHT="30" WC="0.96" CONTENT="vissa"/><SP WIDTH="24" VPOS="2277" HPOS="877"/>
							<String ID="string_418" HPOS="901" VPOS="2277" WIDTH="204" HEIGHT="30" WC="0.95" CONTENT="avseenden."/><SP WIDTH="25" VPOS="2277" HPOS="1105"/>
							<String ID="string_419" HPOS="1130" VPOS="2277" WIDTH="93" HEIGHT="30" WC="0.96" CONTENT="Även"/><SP WIDTH="24" VPOS="2277" HPOS="1223"/>
							<String ID="string_420" HPOS="1247" VPOS="2277" WIDTH="107" HEIGHT="40" WC="0.96" CONTENT="enligt"/><SP WIDTH="23" VPOS="2277" HPOS="1354"/>
							<String ID="string_421" HPOS="1377" VPOS="2277" WIDTH="73" HEIGHT="29" WC="0.96" CONTENT="min"/><SP WIDTH="24" VPOS="2277" HPOS="1450"/>
							<String ID="string_422" HPOS="1474" VPOS="2277" WIDTH="141" HEIGHT="40" WC="0.96" CONTENT="mening"/><SP WIDTH="24" VPOS="2277" HPOS="1615"/>
							<String ID="string_423" HPOS="1639" VPOS="2278" WIDTH="96" HEIGHT="29" WC="0.96" CONTENT="torde"/>
						</TextLine>
						<TextLine ID="line_40" HPOS="252" VPOS="2330" WIDTH="1280" HEIGHT="40">
							<String ID="string_424" HPOS="252" VPOS="2331" WIDTH="92" HEIGHT="30" WC="0.91" CONTENT="vissa"/><SP WIDTH="16" VPOS="2331" HPOS="344"/>
							<String ID="string_425" HPOS="360" VPOS="2331" WIDTH="227" HEIGHT="39" WC="0.91" CONTENT="jämkningar"/><SP WIDTH="17" VPOS="2331" HPOS="587"/>
							<String ID="string_426" HPOS="604" VPOS="2331" WIDTH="84" HEIGHT="29" WC="0.96" CONTENT="böra"/><SP WIDTH="18" VPOS="2331" HPOS="688"/>
							<String ID="string_427" HPOS="706" VPOS="2331" WIDTH="196" HEIGHT="38" WC="0.95" CONTENT="övervägas."/><SP WIDTH="19" VPOS="2331" HPOS="902"/>
							<String ID="string_428" HPOS="921" VPOS="2330" WIDTH="132" HEIGHT="30" WC="0.96" CONTENT="Härom"/><SP WIDTH="17" VPOS="2330" HPOS="1053"/>
							<String ID="string_429" HPOS="1070" VPOS="2331" WIDTH="59" HEIGHT="29" WC="0.96" CONTENT="vill"/><SP WIDTH="17" VPOS="2331" HPOS="1129"/>
							<String ID="string_430" HPOS="1146" VPOS="2331" WIDTH="59" HEIGHT="39" WC="0.96" CONTENT="jag"/><SP WIDTH="18" VPOS="2331" HPOS="1205"/>
							<String ID="string_431" HPOS="1223" VPOS="2330" WIDTH="124" HEIGHT="31" WC="0.96" CONTENT="anföra"/><SP WIDTH="19" VPOS="2330" HPOS="1347"/>
							<String ID="string_432" HPOS="1366" VPOS="2330" WIDTH="166" HEIGHT="39" WC="0.96" CONTENT="följande."/>
						</TextLine>
					</TextBlock>
					<TextBlock ID="block_5" HPOS="252" VPOS="2384" WIDTH="1484" HEIGHT="147">
						<TextLine ID="line_41" HPOS="296" VPOS="2384" WIDTH="1440" HEIGHT="40">
							<String ID="string_433" HPOS="296" VPOS="2385" WIDTH="117" HEIGHT="39" WC="0.96" CONTENT="Enligt"/><SP WIDTH="13" VPOS="2385" HPOS="413"/>
							<String ID="string_434" HPOS="426" VPOS="2385" WIDTH="254" HEIGHT="38" WC="0.96" CONTENT="beredningens"/><SP WIDTH="15" VPOS="2385" HPOS="680"/>
							<String ID="string_435" HPOS="695" VPOS="2384" WIDTH="131" HEIGHT="39" WC="0.96" CONTENT="förslag"/><SP WIDTH="12" VPOS="2384" HPOS="826"/>
							<String ID="string_436" HPOS="838" VPOS="2385" WIDTH="91" HEIGHT="29" WC="0.93" CONTENT="skall"/><SP WIDTH="15" VPOS="2385" HPOS="929"/>
							<String ID="string_437" HPOS="944" VPOS="2385" WIDTH="401" HEIGHT="39" WC="0.91" CONTENT="utmätningssökanden"/><SP WIDTH="16" VPOS="2385" HPOS="1345"/>
							<String ID="string_438" HPOS="1361" VPOS="2386" WIDTH="63" HEIGHT="38" WC="0.96" CONTENT="äga"/><SP WIDTH="15" VPOS="2386" HPOS="1424"/>
							<String ID="string_439" HPOS="1439" VPOS="2385" WIDTH="174" HEIGHT="30" WC="0.93" CONTENT="företräde"/><SP WIDTH="16" VPOS="2385" HPOS="1613"/>
							<String ID="string_440" HPOS="1629" VPOS="2385" WIDTH="107" HEIGHT="30" WC="0.91" CONTENT="fram-"/>
						</TextLine>
						<TextLine ID="line_42" HPOS="253" VPOS="2438" WIDTH="1483" HEIGHT="39">
							<String ID="string_441" HPOS="253" VPOS="2439" WIDTH="54" HEIGHT="29" WC="0.93" CONTENT="för"/><SP WIDTH="18" VPOS="2439" HPOS="307"/>
							<String ID="string_442" HPOS="325" VPOS="2438" WIDTH="387" HEIGHT="39" WC="0.91" CONTENT="inteckningshavaren,"/><SP WIDTH="20" VPOS="2438" HPOS="712"/>
							<String ID="string_443" HPOS="732" VPOS="2448" WIDTH="57" HEIGHT="20" WC="0.96" CONTENT="om"/><SP WIDTH="18" VPOS="2448" HPOS="789"/>
							<String ID="string_444" HPOS="807" VPOS="2438" WIDTH="198" HEIGHT="30" WC="0.96" CONTENT="återstoden"/><SP WIDTH="18" VPOS="2438" HPOS="1005"/>
							<String ID="string_445" HPOS="1023" VPOS="2448" WIDTH="44" HEIGHT="20" WC="0.96" CONTENT="av"/><SP WIDTH="17" VPOS="2448" HPOS="1067"/>
							<String ID="string_446" HPOS="1084" VPOS="2439" WIDTH="67" HEIGHT="29" WC="0.96" CONTENT="den"/><SP WIDTH="19" VPOS="2439" HPOS="1151"/>
							<String ID="string_447" HPOS="1170" VPOS="2439" WIDTH="168" HEIGHT="38" WC="0.96" CONTENT="egendom"/><SP WIDTH="20" VPOS="2439" HPOS="1338"/>
							<String ID="string_448" HPOS="1358" VPOS="2447" WIDTH="75" HEIGHT="21" WC="0.96" CONTENT="som"/><SP WIDTH="19" VPOS="2447" HPOS="1433"/>
							<String ID="string_449" HPOS="1452" VPOS="2439" WIDTH="210" HEIGHT="38" WC="0.91" CONTENT="gäldenären"/><SP WIDTH="20" VPOS="2439" HPOS="1662"/>
							<String ID="string_450" HPOS="1682" VPOS="2446" WIDTH="54" HEIGHT="31" WC="0.91" CONTENT="ge-"/>
						</TextLine>
						<TextLine ID="line_43" HPOS="252" VPOS="2491" WIDTH="1484" HEIGHT="40">
							<String ID="string_451" HPOS="252" VPOS="2501" WIDTH="83" HEIGHT="20" WC="0.93" CONTENT="nom"/><SP WIDTH="21" VPOS="2501" HPOS="335"/>
							<String ID="string_452" HPOS="356" VPOS="2492" WIDTH="248" HEIGHT="39" WC="0.91" CONTENT="inteckningen"/><SP WIDTH="22" VPOS="2492" HPOS="604"/>
							<String ID="string_453" HPOS="626" VPOS="2492" WIDTH="82" HEIGHT="29" WC="0.96" CONTENT="eller"/><SP WIDTH="22" VPOS="2492" HPOS="708"/>
							<String ID="string_454" HPOS="730" VPOS="2492" WIDTH="101" HEIGHT="38" WC="0.96" CONTENT="eljest"/><SP WIDTH="21" VPOS="2492" HPOS="831"/>
							<String ID="string_455" HPOS="852" VPOS="2492" WIDTH="64" HEIGHT="29" WC="0.96" CONTENT="har"/><SP WIDTH="23" VPOS="2492" HPOS="916"/>
							<String ID="string_456" HPOS="939" VPOS="2492" WIDTH="94" HEIGHT="30" WC="0.96" CONTENT="ställt"/><SP WIDTH="22" VPOS="2492" HPOS="1033"/>
							<String ID="string_457" HPOS="1055" VPOS="2501" WIDTH="76" HEIGHT="20" WC="0.96" CONTENT="som"/><SP WIDTH="22" VPOS="2501" HPOS="1131"/>
							<String ID="string_458" HPOS="1153" VPOS="2492" WIDTH="163" HEIGHT="29" WC="0.96" CONTENT="säkerhet"/><SP WIDTH="21" VPOS="2492" HPOS="1316"/>
							<String ID="string_459" HPOS="1337" VPOS="2492" WIDTH="70" HEIGHT="30" WC="0.96" CONTENT="kan"/><SP WIDTH="22" VPOS="2492" HPOS="1407"/>
							<String ID="string_460" HPOS="1429" VPOS="2493" WIDTH="100" HEIGHT="29" WC="0.93" CONTENT="antas"/><SP WIDTH="23" VPOS="2493" HPOS="1529"/>
							<String ID="string_461" HPOS="1552" VPOS="2491" WIDTH="110" HEIGHT="30" WC="0.92" CONTENT="förslå"/><SP WIDTH="21" VPOS="2491" HPOS="1662"/>
							<String ID="string_462" HPOS="1683" VPOS="2492" WIDTH="53" HEIGHT="29" WC="0.96" CONTENT="till"/>
						</TextLine>
					</TextBlock>
				</ComposedBlock>
			</PrintSpace>
		</Page>
	</Layout>
</alto>
