1901 2833
266 121 42 30 40
569 121 124 40 Tredje
715 122 244 40 lagutskottets
982 124 178 31 utlåtande
1181 134 43 21 nr
1243 125 42 31 24
1305 126 40 30 år
1367 126 83 31 1967

267 200 145 31 innebär
432 211 42 20 en
495 202 70 30 viss
587 202 193 42 skärpning
801 204 10 30 i
833 204 219 31 förhållande
1073 206 52 30 till
1148 207 160 39 gällande
1328 208 79 30 rätt.
1430 208 50 30 De
1501 208 250 41 kompletteras

266 255 80 29 med
365 255 263 32 bestämmelser
648 267 76 21 som
745 259 59 39 gör
825 259 57 30 det
902 259 137 41 möjligt
1060 262 50 28 att
1132 261 205 32 säkerställa
1359 264 50 29 att
1429 263 66 30 vad
1517 272 76 22 som
1613 264 65 30 hör
1699 264 52 30 till

266 309 128 31 utmätt
418 310 166 39 fastighet
608 311 73 32 inte
704 311 171 41 skingras.
900 313 120 32 Andra
1044 314 220 32 föreskrifter
1290 326 75 21 som
1389 316 147 32 föreslås
1561 318 112 40 syftar
1697 319 52 29 till

266 364 50 29 att
335 364 109 41 skapa
462 364 137 32 klarhet
618 367 11 29 i
648 366 123 40 frågan
790 367 116 31 vilken
926 368 169 39 egendom
1113 379 75 21 som
1207 370 65 30 hör
1290 371 53 31 till
1363 381 42 21 en
1424 373 128 29 utmätt
1572 373 176 40 fastighet.

264 417 112 31 Bland
394 419 101 31 dessa
514 420 70 30 kan
603 421 148 30 nämnas
772 422 220 31 föreskrifter
1010 424 177 39 angående
1208 425 333 40 förrättningsmans
1562 427 187 40 utredning

264 479 58 22 om
345 473 67 29 vad
437 481 75 23 som
537 475 38 28 är
600 474 348 40 fastighetstillbehör
974 477 65 30 och
1064 478 178 39 angående
1268 480 305 40 handläggningen
1599 491 42 20 av
1666 482 82 30 tvist

263 533 58 23 om
340 525 172 33 tillbehör.
534 528 115 40 Lagen
671 539 57 21 om
749 529 358 44 företagsinteckning
1127 533 64 30 har
1213 536 70 37 gett
1303 534 235 41 beredningen
1560 536 188 40 anledning

263 581 49 30 att
334 581 141 31 särskilt
496 583 313 39 uppmärksamma
829 585 117 30 vilken
967 587 166 40 ställning
1153 588 351 41 inteckningshavare
1525 590 62 30 bör
1605 590 57 35 ha,
1684 592 63 29 när

263 634 199 42 utmätning
480 636 54 30 för
552 646 135 22 annans
706 638 144 31 fordran
866 658 41 4 —
923 641 78 30 med
1019 641 111 30 sämre
1148 641 226 32 förmånsrätt
1390 662 41 3 —
1449 643 78 31 sker
1544 645 12 29 i
1574 644 66 31 den
1658 645 89 30 före-

261 689 285 40 tagsintecknade
569 693 223 39 egendomen.
816 694 12 29 I
851 694 58 30 det
931 696 185 30 avseendet
1138 697 144 31 innebär
1304 697 377 43 beredningsförslaget
1704 709 42 21 en

260 744 194 41 avvägning
475 746 130 31 mellan
626 747 395 41 inteckningshavarens
1045 751 64 29 och
1132 752 419 40 utmätningssökandens
1574 755 171 30 intressen

261 798 38 30 så
317 800 50 29 att
386 800 67 29 den
473 800 217 31 sistnämnde
710 803 111 29 under
842 804 172 31 särskilda
1034 805 294 41 förutsättningar
1348 817 81 20 men
1449 808 70 30 inte
1541 818 128 21 annars
1691 809 54 30 får

259 852 176 31 företräde
456 855 54 30 för
532 855 53 29 sin
607 855 155 31 fordran.

303 906 127 30 Utöver
452 907 41 30 de
517 908 189 40 ändringar
730 919 73 21 som
828 910 113 31 direkt
964 911 178 32 föranleds
1166 922 42 22 av
1231 913 66 32 den
1321 923 68 31 nya
1412 914 240 42 civilrättsliga
1675 916 70 41 lag-

259 958 206 41 stiftningen
492 961 115 40 lägger
632 962 235 41 beredningen
893 964 93 31 fram
1012 965 131 41 förslag
1169 976 75 21 som
1271 968 111 40 syftar
1408 969 53 30 till
1488 971 49 28 att
1564 971 180 29 motverka

257 1015 51 28 att
326 1016 129 29 utmätt
472 1017 168 38 egendom
659 1018 85 39 säljs
765 1018 49 30 till
834 1020 195 39 underpris.
1048 1021 447 42 Underhandsförsäljning
1514 1034 42 21 av
1574 1025 51 29 lös
1645 1033 99 32 egen-

258 1067 80 31 dom
357 1068 88 31 skall
465 1069 148 32 sålunda
630 1071 122 32 kunna
769 1072 142 31 komma
929 1075 10 29 i
958 1073 97 41 fråga
1075 1084 74 21 som
1168 1076 185 31 alternativ
1371 1077 51 31 till
1441 1078 157 31 auktion.
1616 1079 127 31 Vidare

257 1120 148 32 föreslås
424 1132 69 31 nya
513 1124 111 39 regler
646 1134 76 21 som
744 1133 57 32 ger
823 1127 117 39 vidgat
962 1129 174 39 utrymme
1158 1129 55 30 för
1236 1130 212 41 försäljning
1468 1132 45 39 på
1534 1132 124 31 kredit.
1682 1134 61 29 Be-

257 1176 266 32 stämmelserna
540 1188 57 21 om
613 1179 212 41 försäljning
841 1182 110 29 under
968 1182 94 32 hand
1080 1184 65 29 och
1161 1184 45 39 på
1222 1184 114 31 kredit
1355 1195 97 21 avses
1470 1186 47 30 bli
1535 1183 207 49 tillämpliga

255 1228 107 32 också
383 1231 57 30 vid
463 1235 138 35 separat
624 1232 213 42 försäljning
858 1245 43 20 av
922 1235 359 40 fastighetstillbehör.
1305 1238 188 32 Dessutom
1517 1240 146 30 föreslår
1686 1241 56 29 be-

255 1284 193 40 redningen
466 1287 51 29 att
536 1286 67 30 den
623 1296 76 22 som
719 1287 167 33 förrättar
906 1290 145 32 auktion
1070 1291 45 40 på
1135 1291 69 31 fast
1224 1292 82 31 eller
1326 1293 50 31 lös
1398 1295 167 38 egendom
1587 1295 88 31 skall
1696 1296 44 30 ha

254 1338 70 29 rätt
344 1340 51 28 att
414 1340 104 38 vägra
540 1341 102 38 godta
663 1342 111 39 inrop,
797 1352 54 21 om
874 1344 71 29 han
966 1344 115 30 finner
1103 1346 178 29 sannolikt
1302 1349 50 28 att
1374 1349 158 28 avsevärt
1552 1349 113 30 bättre
1686 1359 55 20 ve-

254 1391 118 41 derlag
392 1392 72 30 kan
485 1394 148 39 uppnås.

297 1446 260 40 Beredningens
589 1448 131 41 förslag
751 1450 64 30 har
848 1451 67 30 fått
946 1453 47 28 ett
1026 1453 237 40 övervägande
1297 1458 187 36 gynnsamt
1515 1459 224 38 mottagande

254 1499 111 30 under
392 1501 395 42 remissbehandlingen.
819 1505 47 29 På
895 1505 92 31 vissa
1016 1507 151 39 punkter
1196 1508 65 29 har
1290 1509 56 29 det
1375 1510 90 29 dock
1494 1511 88 29 mött
1612 1521 42 20 en
1684 1512 54 30 del

253 1553 204 40 erinringar.
478 1555 79 30 Som
577 1557 161 30 närmare
757 1558 158 30 kommer
934 1561 49 28 att
1002 1559 138 41 framgå
1158 1571 41 20 av
1217 1563 56 29 det
1293 1563 157 40 följande
1470 1573 102 21 anser
1589 1565 60 40 jag
1668 1566 71 40 mig

252 1607 122 32 kunna
393 1609 103 39 godta
517 1609 175 41 förslagen
713 1613 10 30 i
744 1612 196 31 huvudsak.
961 1614 133 30 Endast
1113 1615 45 40 på
1177 1616 93 30 vissa
1290 1617 152 39 punkter
1463 1618 116 30 finner
1598 1619 60 40 jag
1679 1629 60 21 an-

251 1660 141 42 ledning
408 1663 53 30 till
480 1664 202 31 avvikelser.

294 1715 240 41 Beredningen
562 1718 64 29 har
653 1720 106 39 enligt
787 1722 72 29 min
887 1722 141 39 mening
1055 1723 134 39 lyckats
1217 1724 100 31 finna
1345 1726 298 41 ändamålsenliga
1671 1728 66 30 lös-

250 1769 124 40 ningar
399 1772 46 38 på
470 1772 40 29 de
538 1772 367 42 exekutionsrättsliga
930 1776 157 39 problem
1115 1786 74 21 som
1216 1778 41 30 de
1285 1780 240 38 nyssnämnda
1552 1781 184 32 civilrätts-

250 1822 68 40 liga
346 1822 144 40 lagarna
520 1825 208 31 föranleder.
758 1827 116 31 Delvis
904 1829 64 29 har
997 1830 234 40 beredningen
1263 1831 121 31 därvid
1415 1834 129 30 använt
1574 1835 161 30 metoden

249 1878 49 28 att
320 1876 71 31 låta
414 1879 302 40 utmätningsman
740 1881 81 31 eller
844 1883 249 31 överexekutor
1116 1894 95 21 mera
1235 1885 75 31 fritt
1331 1905 44 3 —
1397 1888 10 29 i
1430 1889 91 38 regel
1544 1890 89 29 dock
1656 1891 78 29 med

248 1929 143 41 ledning
408 1941 42 21 av
467 1932 93 31 vissa
577 1933 150 40 angivna
744 1935 144 31 rekvisit
906 1955 44 3 —
968 1938 127 39 avgöra
1113 1947 57 22 om
1189 1938 122 40 åtgärd
1330 1950 43 20 av
1391 1941 56 30 det
1466 1951 66 21 ena
1550 1943 82 30 eller
1651 1944 84 30 and-

247 1993 40 20 ra
309 1984 108 40 slaget
441 1986 88 30 skall
553 1987 143 32 komma
718 1990 11 29 i
753 1989 108 39 fråga.
886 1990 175 31 Eftersom
1086 1993 344 41 omständigheterna
1454 1996 10 29 i
1489 1997 159 31 enskilda
1673 1998 61 30 fall

246 2037 71 30 kan
341 2039 108 30 skifta
472 2042 169 33 avsevärt,
666 2051 101 30 synes
792 2044 57 29 det
873 2044 250 41 ofrånkomligt
1147 2049 51 27 att
1221 2048 160 30 använda
1406 2058 41 20 en
1474 2050 108 31 sådan
1606 2053 127 29 metod.

246 2090 50 30 De
312 2093 183 31 exekutiva
512 2095 290 39 myndigheterna
818 2097 54 30 får
889 2098 192 31 emellertid
1097 2100 206 39 härigenom
1318 2102 93 30 vissa
1427 2112 69 31 nya
1512 2105 221 39 utrednings-

246 2144 65 30 och
335 2145 380 42 prövningsuppgifter.
742 2150 65 30 Det
832 2150 110 31 måste
969 2151 130 36 därför,
1126 2162 74 22 som
1228 2154 87 31 flera
1340 2156 302 32 remissinstanser
1668 2159 64 30 har

246 2197 128 36 anfört,
393 2202 102 28 antas
512 2202 50 29 att
582 2200 100 32 dessa
701 2203 260 40 myndigheters
981 2205 225 33 arbetsbörda
1225 2207 159 32 kommer
1404 2211 49 29 att
1473 2211 68 30 öka
1559 2211 12 30 i
1589 2212 70 30 viss
1680 2214 52 28 ut-

246 2252 212 40 sträckning.
478 2254 65 30 Det
561 2256 39 28 är
619 2256 90 30 dock
727 2259 50 27 att
796 2258 124 30 märka
938 2260 50 29 att
1008 2259 151 31 flertalet
1178 2271 43 20 av
1239 2262 175 40 förslagen
1433 2265 58 29 rör
1511 2266 220 30 exekutions-

245 2304 62 30 fall
328 2315 76 21 som
424 2306 72 31 inte
516 2307 65 31 hör
600 2309 53 30 till
675 2309 66 30 den
763 2310 87 31 allra
870 2312 192 39 vanligaste
1083 2315 116 38 typen,
1221 2316 176 39 nämligen
1419 2318 187 31 exekution
1627 2320 12 29 i
1660 2320 71 30 fast

244 2358 168 38 egendom
438 2361 66 30 och
531 2362 11 30 i
570 2361 342 41 företagsintecknad
940 2367 178 38 egendom.
1148 2368 64 31 Det
1240 2369 95 31 finns
1364 2371 71 30 inte
1463 2372 190 41 anledning
1680 2376 49 28 att

242 2411 113 32 räkna
376 2415 79 29 med
476 2416 50 29 att
548 2415 43 31 de
611 2415 236 41 föreliggande
869 2418 194 41 förslagens
1085 2422 274 38 genomförande
1380 2424 160 32 kommer
1560 2428 51 29 att
1633 2428 37 30 få
1692 2429 38 30 så

243 2466 220 32 omedelbara
480 2469 149 30 effekter
645 2471 45 38 på
706 2471 40 29 de
764 2472 184 31 exekutiva
963 2475 308 39 myndigheternas
1289 2478 116 30 arbete
1422 2481 49 28 att
1489 2481 56 29 det
1561 2481 66 30 blir
1645 2482 85 30 nöd-
