2321 2708
692 145 99 31 Stats-
802 145 155 31 Utskottets
987 144 165 32 Memorial
1180 143 60 32 N:o
1268 145 49 30 88.
1760 147 17 27 9

197 247 51 19 om
290 241 45 24 att
376 234 58 31 den
479 233 198 42 afbetalning
729 235 37 40 på
804 232 200 32 sistnämnda
1031 232 62 36 lån,
1125 243 67 20 som
1223 232 71 31 med
1324 232 197 38 2,000,000
1551 231 81 32 R:dr
1661 231 120 42 årligen

198 287 81 31 skall
307 288 69 29 från
407 286 59 30 och
496 286 72 30 med
597 287 33 29 år
662 286 93 30 1870
785 296 58 31 ega
863 296 80 26 rum,
972 285 8 30 i
1010 284 147 42 förening
1185 285 72 30 med
1287 284 38 30 de
1354 284 84 31 circa
1468 284 194 38 5,000,000
1689 283 90 39 R:dr,

198 351 67 20 som
293 339 45 31 uti
369 336 291 43 ränteafbetalning
688 337 59 31 och
778 336 195 43 amortering
1001 338 17 28 å
1046 336 159 32 fonderad
1233 336 94 31 skuld
1356 335 91 32 skola
1474 337 87 42 utgå,
1589 335 130 32 komme
1735 342 46 24 att

197 393 41 41 på
265 398 44 24 ett
336 390 181 41 betänkligt
544 396 62 24 sätt
634 396 98 35 tynga
759 391 41 40 på
829 389 39 31 de
898 395 156 24 närmaste
1081 390 90 30 årens
1192 388 240 42 statsreglering
1452 388 59 32 och
1535 388 101 31 under
1657 388 125 31 mindre

196 454 213 32 gynnsamma
437 442 221 30 förhållanden
680 442 194 30 åtminstone
889 440 148 31 inveckla
1053 439 112 33 Staten
1191 441 45 30 uti
1260 452 62 30 nya
1345 439 211 32 ekonomiska
1571 439 209 43 svårigheter.

323 494 65 42 Jag
405 495 47 29 får
481 494 124 30 derföre
634 492 127 37 föreslå,
791 500 45 23 att
864 492 185 41 Riksdagen
1080 495 50 27 må
1158 492 124 30 besluta
1310 500 45 22 att
1383 492 155 30 fastställa
1567 492 61 30 den
1645 503 135 26 summa,

196 559 68 19 som
307 546 31 31 af
378 544 345 42 Riksgälds-kontoret
765 544 79 31 skall
887 543 166 42 upplånas,
1083 544 45 30 till
1158 544 96 30 minst
1285 544 221 38 24,000,000
1535 543 96 37 R:dr;
1662 542 118 31 under-

197 598 148 43 stigande
386 597 107 31 denna
538 608 125 20 summa
693 596 141 31 likafullt
862 596 84 30 hvad
976 596 32 30 af
1042 595 343 43 Riksgälds-kontoret
1414 594 105 32 blifvit
1547 594 159 32 utbetaldt
1733 612 48 3 —-

198 651 46 30 till
287 650 129 32 Statens
454 649 59 31 och
556 648 147 32 enskilda
739 647 346 43 jernvägsbyggnader
1120 665 40 3 —
1187 649 126 30 utöfver
1341 647 83 31 hvad
1452 647 46 30 uti
1527 647 176 31 fonderade
1729 646 51 31 lån

197 702 151 32 erhållits.

325 806 32 31 af
396 805 85 32 Herr
515 804 148 32 Friherre
692 803 208 32 Beck-Friis:
927 802 51 31 Då
1007 803 45 31 till
1081 803 157 42 fyllandet
1265 805 31 29 af
1324 803 60 31 den
1415 802 87 39 brist,
1535 814 66 19 som
1631 803 49 30 för
1707 803 75 30 åren

201 858 93 31 1868
326 857 58 32 och
417 858 92 30 1869
541 856 182 35 förefinnes,
753 855 273 32 Stats-Utskottet
1054 855 154 42 tillstyrkt
1236 855 223 42 upptagandet
1487 855 30 30 af
1545 861 42 23 ett
1609 854 174 31 fonderadt

198 909 142 39 statslån,
383 911 34 29 så
450 920 93 19 anser
579 909 57 41 jag
677 913 45 25 att
750 919 83 25 man,
864 906 46 31 till
939 906 209 32 undvikande
1177 908 31 31 af
1235 914 44 24 ett
1307 907 153 41 förnyadt
1488 905 226 43 uppträdande
1742 907 41 40 på

196 961 272 31 lånemarknaden
511 960 97 31 redan
650 965 90 25 nästa
769 962 43 33 år,
842 958 100 31 borde
970 958 8 30 i
1008 958 60 31 den
1098 971 43 18 nu
1170 959 181 39 föreslagna
1378 958 281 42 låneoperationen
1688 957 93 30 äfven

196 1013 168 42 inbegripa
393 1012 151 42 beloppet
572 1012 31 30 af
631 1011 53 31 det
712 1016 179 37 temporära
919 1010 50 30 lån
1000 1011 18 29 å
1048 1011 193 38 6,000,000
1271 1011 91 37 R:dr,
1379 1021 67 20 som
1464 1010 46 31 till
1528 1009 166 40 betalning
1715 1009 64 30 för-

196 1065 92 31 faller
316 1067 74 29 åren
425 1065 105 37 1870,
564 1064 90 30 1871
688 1063 59 32 och
780 1063 107 40 1872,
916 1061 58 32 och
1005 1063 120 33 således
1146 1063 225 42 lånebeloppet
1390 1062 90 41 höjas
1497 1062 46 30 till
1564 1060 218 41 24,000,000

196 1116 182 32 Riksdaler.

308 2310 72 34 Bih.
410 2311 47 32 till
486 2311 107 32 Riksd.
622 2311 87 31 Prot.
744 2308 93 33 1868.
892 2310 19 30 4
944 2308 96 31 Saml.
1074 2305 15 32 1
1122 2305 81 42 Afd.
1232 2305 44 31 42
1307 2300 93 46 Häft.
1719 2299 18 33 2
