1912 2856
525 176 293 35 Statsutskottets
843 179 188 33 utlåtande
1053 181 53 31 Nr
1135 182 71 30 104.
1536 183 40 30 17

103 252 138 37 tillägg
267 254 38 30 åt
333 253 97 32 vissa
458 255 362 37 befattningshavare
844 257 12 31 i
883 260 135 29 statens
1047 259 124 36 tjänst,
1198 260 114 37 enligt
1340 260 113 32 vilket
1481 261 138 37 förslag

106 303 271 38 lärarpersonal
400 307 21 30 å
443 306 145 37 dyraste
609 309 95 30 orter
727 308 114 32 skulle
863 309 238 32 tillerkännas
1123 311 277 37 dyrortstillägg
1421 312 13 31 i
1457 312 95 32 form
1572 323 47 21 av

111 356 211 37 förhöjning
349 367 45 21 av
422 358 68 31 den
515 359 244 36 provisoriska
787 360 469 38 avlöningsförbättringen.
1304 363 71 31 Till
1402 363 133 38 frågan
1561 372 56 24 om

111 408 115 31 härav
254 408 171 36 påkallad
452 410 281 38 anslagsökning
763 411 56 32 för
846 413 498 36 navigationsskolelärarnas
1373 415 244 33 vidkomman-

110 460 45 31 de
181 460 101 31 torde
306 460 62 37 jag
393 461 13 31 i
433 462 59 31 det
517 462 160 36 följande
701 463 39 31 få
766 464 231 31 återkomma.

151 520 226 33 Beträffande
412 522 41 31 de
488 523 133 32 villkor
655 524 63 31 och
752 525 275 37 bestämmelser,
1062 537 74 21 som
1170 528 85 30 böra
1280 529 96 36 gälla
1400 529 12 30 i
1436 529 102 37 fråga
1561 540 56 21 om

103 572 264 38 ålderstillägg,
391 575 166 37 tillfällig
570 576 298 38 löneförbättring
890 579 63 30 och
977 579 464 39 förflyttningsskyldighet,
1458 582 160 32 förordar

103 625 65 37 jag
192 625 69 31 vad
285 626 374 37 kommerskollegium
682 629 63 31 och
769 630 251 32 statskontoret
1044 631 219 32 därutinnan
1287 633 195 37 föreslagit.

151 677 118 31 Innan
291 678 61 36 jag
376 679 139 31 lämnar
540 680 127 36 frågan
692 691 56 21 om
772 681 158 32 lärarnas
954 683 260 32 löneförmåner
1237 685 64 31 och
1325 686 174 36 ställning
1524 687 12 30 i
1559 688 58 29 öv-

109 729 83 37 rigt,
216 729 96 32 torde
335 730 61 36 jag
420 731 58 31 till
502 732 65 30 sist
591 732 37 31 få
653 733 120 31 beröra
797 736 50 29 ett
870 736 110 29 annat
1004 735 77 31 med
1106 735 233 32 förevarande
1356 738 261 36 organisations

107 782 275 36 genomförande
419 783 190 32 förbundet
633 786 182 34 spörsmål,
839 787 183 36 nämligen
1046 787 128 36 frågan
1198 798 55 21 om
1278 790 339 36 navigationsskole-

108 833 226 32 rektorernas
357 836 159 35 pension.

152 884 420 38 Navigationsskolornas
606 888 241 32 föreståndare
883 890 62 31 och
968 891 115 31 lärare
1106 892 194 32 innefattas
1324 903 49 21 nu
1397 894 13 30 i
1433 894 104 37 fråga
1561 905 55 20 om

110 939 72 29 rätt
216 938 59 31 till
310 939 148 36 pension
493 940 13 30 i
530 940 18 30 5
573 936 18 38 S
614 950 104 21 mom.
741 938 35 35 k)
793 942 13 30 i
822 942 105 36 lagen
943 943 180 36 angående
1139 944 111 31 civila
1266 945 350 36 tjänstinnehavares

108 991 71 29 rätt
213 990 59 31 till
307 991 147 35 pension
487 989 173 39 (gruppen
699 993 130 31 »andra
857 996 133 29 ämnes-
1015 995 63 31 och
1101 996 272 37 övningslärare
1397 998 62 31 vid
1483 1000 133 30 statens

107 1041 167 32 läroverk
297 1044 46 29 än
367 1042 40 31 de
436 1043 112 31 under
571 1041 41 39 e),
637 1042 46 38 g),
707 1041 35 38 h)
767 1045 63 31 och
854 1043 25 36 i)
903 1046 145 31 särskilt
1071 1046 203 37 angivna»).
1321 1049 295 33 Kommerskolle-

107 1094 100 35 gium
231 1094 64 30 har
318 1094 108 36 jämte
450 1095 145 31 erinran
618 1097 62 35 att,
703 1107 55 20 om
780 1107 49 21 nu
847 1097 200 38 föreslagna
1064 1100 70 30 stat
1151 1100 54 31 för
1221 1101 395 36 navigationsskolorna

107 1145 117 31 skulle
258 1146 55 30 för
347 1147 117 35 någon
497 1147 123 37 längre
655 1148 52 31 tid
742 1149 131 31 framåt
907 1150 155 32 förbliva
1093 1152 206 32 oförändrat
1323 1154 176 36 gällande,
1523 1154 94 32 det
1600 1141 21 53 i

108 1198 97 30 vissa
228 1197 66 31 fall
318 1198 115 31 skulle
457 1199 123 31 kunna
600 1200 156 36 inträffa,
780 1203 53 29 att
857 1202 118 31 rektor
999 1203 60 31 vid
1083 1205 143 35 avgång
1243 1205 78 31 med
1338 1206 145 35 pension
1499 1207 116 31 skulle

106 1249 79 31 med
206 1250 231 31 oförändrade
462 1251 429 35 pensionsbestämmelser
918 1254 136 31 erhålla
1078 1255 59 31 till
1160 1256 63 31 och
1247 1257 78 31 med
1348 1258 98 36 lägre
1469 1259 148 35 pension

102 1304 51 28 än
191 1301 124 32 lektor.
362 1302 63 31 Att
463 1303 193 37 kollegium
686 1305 11 30 i
733 1306 88 30 trots
845 1306 110 31 härav
979 1307 76 31 ieke
1079 1317 48 21 nu
1153 1308 186 37 föreslagit
1361 1310 187 31 införande
1571 1321 44 20 av

107 1353 177 31 särskilda
319 1354 261 33 bestämmelser
614 1356 13 30 i
660 1357 364 35 pensionshänseende
1048 1359 217 33 beträffande
1289 1362 129 36 rektor,
1442 1372 174 22 samman-

109 1405 134 36 hänger
267 1406 78 31 med
369 1406 57 31 det
443 1407 250 37 förhållandet,
716 1410 53 30 att
793 1409 61 31 vid
878 1410 67 31 den
968 1411 114 36 enligt
1105 1412 147 36 kollegii
1272 1414 145 36 mening
1439 1415 58 30 till
1514 1424 102 27 synes

107 1460 89 28 nära
233 1458 217 31 förestående
474 1459 306 37 löneregleringen
803 1461 61 31 vid
889 1463 132 30 statens
1045 1463 433 38 undervisningsväsende
1503 1466 113 31 denna

106 1509 272 36 pensionsfråga
411 1511 116 30 skulle
562 1513 77 29 rent
661 1513 235 31 automatiskt
919 1514 111 31 vinna
1053 1515 58 30 sin
1133 1515 153 37 lösning.

151 1560 120 37 Några
295 1562 196 35 ändringar
516 1563 13 30 i
549 1564 272 36 pensionslagen
838 1565 84 31 eller
938 1566 227 31 meddelande
1181 1578 45 20 av
1243 1568 112 31 andra
1371 1569 245 37 författnings-

107 1613 264 31 bestämmelser
402 1614 78 31 lära
515 1615 76 30 icke
626 1625 48 21 nu
707 1626 87 20 vara
828 1617 184 35 påkallade
1047 1619 44 35 på
1115 1619 114 36 grund
1254 1631 45 20 av
1324 1621 56 31 det
1404 1622 212 36 ifrågasatta

106 1664 212 32 förändrade
341 1667 106 29 sättet
471 1666 55 31 för
550 1666 238 33 tillsättandet
812 1679 45 20 av
881 1670 346 36 rektorstjänsterna.
1275 1671 143 33 Oavsett
1435 1674 69 31 vad
1521 1674 95 32 kom-

107 1717 289 35 merskollegium
432 1718 11 30 i
479 1718 115 31 denna
628 1719 63 31 sak
725 1730 74 20 som
824 1721 75 30 skäl
924 1722 54 30 för
1002 1723 49 30 ett
1075 1724 160 35 uppskov
1260 1724 129 37 anfört,
1413 1735 104 27 synes
1541 1727 73 36 mig

106 1768 234 32 förevarande
362 1770 173 36 spörsmål
560 1774 76 28 rent
660 1771 268 33 interimistiskt
951 1774 122 30 kunna
1097 1775 112 31 vinna
1225 1786 43 21 en
1284 1777 331 32 tillfredsställande

106 1820 143 37 lösning
284 1822 46 35 på
362 1821 127 32 sådant
524 1824 81 34 sätt,
640 1824 52 30 att
726 1824 234 37 medgivande
990 1826 179 32 inhämtas
1192 1838 45 20 av
1262 1828 199 38 riksdagen,
1485 1831 53 30 att
1561 1831 54 31 för

106 1873 119 30 rektor
260 1872 61 31 vid
356 1874 329 35 navigationsskola
722 1894 39 4 —
801 1876 122 31 vilken
958 1878 114 36 enligt
1100 1878 57 31 det
1181 1889 44 21 av
1250 1880 74 37 mig
1341 1881 182 32 förordade
1547 1882 68 31 för-

106 1924 114 35 slaget
259 1925 13 29 i
306 1925 94 35 regel
432 1925 116 31 skulle
571 1925 170 32 tillsättas
764 1929 44 34 på
832 1928 234 32 förordnande
1090 1930 111 31 under
1226 1931 73 31 viss
1317 1932 51 30 tid
1393 1952 38 3 —
1456 1934 59 30 må
1538 1934 78 31 med

106 1975 235 36 tillämpning
358 1986 44 20 av
419 1977 309 31 bestämmelserna
746 1979 12 29 i
775 1980 268 36 pensionslagen
1060 1982 96 35 gälla
1174 1992 134 21 samma
1324 1980 292 44 pensionsunder-

106 2027 58 36 lag
188 2027 64 31 och
275 2028 333 36 pensionsavgifter,
636 2039 72 21 som
734 2040 55 20 om
813 2031 70 31 han
907 2032 164 31 innehaft
1084 2033 171 32 fullmakt
1272 2035 21 30 å
1310 2035 305 38 rektorstjänsten,

106 2082 92 27 samt
221 2080 53 29 att
298 2081 90 29 även
412 2080 68 31 vad
505 2081 12 29 i
541 2081 118 35 övrigt
685 2082 105 31 blivit
814 2083 139 36 stadgat
970 2093 124 27 genom
1115 2086 156 31 nämnda
1288 2087 60 35 lag
1369 2087 13 30 1
1398 2087 217 38 tillämpliga

107 2130 96 31 delar
227 2131 93 31 skall
345 2132 95 35 gälla
465 2132 109 31 sådan
600 2133 249 33 tillförordnad
875 2136 128 30 rektor.

150 2183 78 31 Vad
255 2184 117 36 angår
398 2184 465 39 kostnadsberäkningarnu
890 2188 46 31 ha
964 2188 56 31 till
1049 2189 41 31 de
1118 2190 246 37 sakkunnigas
1391 2192 224 32 betänkande

110 2235 119 36 fogats
247 2236 136 36 förslag
403 2236 55 31 till
476 2237 247 36 specialstater
742 2239 56 30 för
816 2240 408 38 navigationsskolorna,
1244 2243 57 30 till
1321 2243 98 32 vilka
1435 2244 63 36 jag
1518 2245 98 31 torde

110 2286 38 31 få
168 2287 165 32 hänvisa.
374 2288 283 32 Fastställandet
678 2300 45 21 av
742 2291 128 35 dylika
890 2293 112 29 stater
1022 2293 95 30 lärer
1137 2294 92 31 efter
1250 2297 167 29 närmare
1436 2296 179 36 prövning

109 2348 48 21 av
175 2339 185 32 desamma
378 2340 85 31 böra
482 2340 191 32 ankomma
692 2343 46 33 på
756 2342 134 36 Kungl.
911 2343 119 36 Maj:t.
1053 2344 78 31 Den
1150 2355 46 20 av
1213 2345 44 31 de
1277 2346 229 37 sakkunniga
1526 2348 90 31 före-

110 2391 127 36 slagna
254 2393 186 31 allmänna
459 2394 119 29 staten
597 2392 58 36 för
673 2393 399 36 navigationsskolorna
1094 2395 77 36 (sid.
1191 2396 51 35 44)
1264 2397 68 31 har
1352 2398 92 36 givit
1462 2399 75 36 mig
1556 2410 59 21 an-

110 2443 148 36 ledning
279 2444 58 31 till
358 2444 159 37 följande
538 2444 214 37 erinringar.

154 2494 16 31 I
215 2496 156 35 enlighet
417 2497 79 30 med
540 2497 71 31 vad
636 2496 62 36 jag
724 2498 97 31 förut
846 2498 121 32 anfört
992 2499 99 31 torde
1114 2499 57 32 det
1197 2501 36 30 åt
1257 2502 311 32 examensledaren
1594 2505 21 30 å

104 2563 114 32 Bihang
241 2565 40 23 till
305 2564 164 31 riksdagens
492 2566 144 30 protokoll
663 2567 71 23 1931.
770 2570 15 21 6
805 2570 79 23 saml.
923 2570 33 23 45
977 2570 67 30 häft.
1082 2566 53 28 (Nr
1159 2568 157 31 104-105)
1566 2573 16 22 2
