1874 2792
473 140 285 31 Statsutskottets
778 138 179 30 ullåtande
976 147 41 20 nr
1039 137 60 30 146
1120 136 38 30 år
1178 135 84 30 1955
1578 132 40 31 35

111 226 295 30 sonalsektionen.
428 224 247 39 Befattningen
696 223 61 29 bör
778 222 156 40 placeras
958 230 75 21 som
1052 219 244 41 byrådirektör
1318 219 10 29 i
1350 219 45 39 Cg
1417 217 50 30 31.
1491 217 124 30 Samti-

111 277 74 40 digt
202 277 205 30 förutsätter
428 273 386 42 departementschefen
832 272 90 29 dock
940 274 50 28 att
1009 272 66 29 den
1095 270 44 40 på
1156 269 264 40 övergångsstat
1438 268 101 30 förda
1559 268 57 28 be-

112 328 198 39 fattningen
334 335 75 21 som
431 326 109 30 förste
560 324 303 41 byråsekreterare
885 323 9 29 i
917 323 45 30 Ca
985 322 41 30 29
1046 320 161 31 kvarstår
1228 320 20 30 å
1268 319 273 40 övergångsstat.
1562 318 55 29 En

112 388 48 20 nu
181 377 194 40 förefintlig
396 377 110 39 tjänst
527 385 75 21 som
624 375 108 30 förste
752 373 304 41 expeditionsvakt
1077 372 11 29 i
1108 372 46 30 Ca
1178 372 36 29 11
1238 371 98 29 torde
1357 371 85 29 böra
1462 368 154 31 bibehål-

115 429 51 31 Jas
185 430 20 30 å
225 429 273 39 övergångsstat.
520 427 42 30 Så
582 427 100 38 länge
702 426 111 29 denne
833 423 345 39 befattningshavare
1198 421 162 31 kvarstår
1380 421 12 29 i
1411 420 122 40 tjänst,
1554 420 63 29 bör

113 489 44 20 en
175 477 502 42 expeditionsvaktbefattning
694 476 11 29 i
724 476 46 30 Ca
790 476 38 30 10
848 474 112 30 hållas
980 474 141 31 vakant.

158 531 75 29 Den
258 529 199 39 föreslagna
484 526 408 41 lönegradsplaceringen
919 525 54 30 för
999 524 198 40 tjänsterna
1223 531 76 21 som
1325 522 200 29 kamrerare
1552 520 65 30 och

113 581 207 30 biträdande
348 580 200 29 kamrerare
575 578 20 30 å
622 576 352 35 kameralsektionen,
1004 574 238 30 innebärande
1270 573 142 38 förhöjd
1441 571 176 31 löneställ-

115 632 83 39 ning
216 631 54 30 för
289 631 89 33 dem,
396 630 71 29 kan
485 627 385 41 departementschefen
890 626 11 29 i
922 625 152 40 enlighet
1091 625 79 29 med
1187 624 147 39 tidigare
1355 623 149 30 anförda
1523 622 95 40 prin-

115 682 136 39 cipiella
274 681 77 30 skäl
371 680 77 30 icke
469 679 186 40 tillstyrka.
678 679 52 28 En
752 678 112 38 tjänst
885 685 76 21 som
981 675 159 30 aktuarie
1161 675 11 29 i
1194 675 46 29 Ca
1262 675 51 33 25,
1336 683 42 21 en
1399 673 220 30 bokhållare-

119 732 107 39 tjänst
244 732 10 29 i
274 732 46 30 Ca
340 732 39 29 21
400 731 65 29 och
483 739 42 20 en
543 727 455 39 kansliskrivarbefattning
1018 726 11 29 i
1049 727 42 29 Ce
1114 726 38 29 15
1172 725 98 30 torde
1291 734 76 20 som
1385 723 233 39 utredningen

116 782 179 40 föreslagit
318 783 123 29 kunna
462 781 175 39 indragas.
660 777 394 42 Departementschefen
1078 785 102 21 anser
1203 775 178 39 nämligen
1403 776 51 29 att
1476 776 58 29 det
1555 774 64 29 bör

116 834 118 29 finnas
255 833 88 39 goda
363 831 295 39 förutsättningar
678 831 50 28 att
749 828 243 30 rationalisera
1013 828 57 29 det
1090 827 180 30 kamerala
1291 826 142 33 arbetet,
1457 834 75 20 som
1552 824 69 29 hit-

116 885 71 29 tills
208 884 129 30 utförts
357 883 11 28 i
390 882 78 40 fyra
487 882 93 29 olika
602 881 94 33 verk,
718 881 62 29 när
800 880 58 29 det
876 879 67 29 blir
965 878 153 30 överfört
1138 877 52 30 till
1211 876 330 40 sjöfartsstyrelsen.
1563 875 57 30 Vi-

117 935 82 29 dare
222 934 61 30 vill
307 931 387 42 departementschefen
718 930 115 30 erinra
859 938 58 20 om
941 931 51 28 att
1013 929 58 30 vid
1097 928 259 38 behandlingen
1380 936 42 21 av
1448 926 172 39 sjökarte-

117 985 111 40 byrån
253 984 199 39 föreslagits
478 984 50 28 att
553 982 221 34 kontoristen
799 980 11 29 i
838 980 46 31 Ca
913 979 37 30 13
978 980 19 30 å
1024 979 229 30 förevarande
1280 977 136 30 sektion
1442 977 177 30 överföres

121 1036 50 29 till
197 1034 279 40 sjökartebyrån.
502 1032 256 39 Utredningens
783 1030 131 39 förslag
939 1039 58 21 om
1023 1029 242 39 förstärkning
1290 1037 41 21 av
1359 1028 66 30 den
1451 1028 93 38 lägre
1570 1027 50 29 bi-

118 1084 328 41 trädespersonalen
464 1083 19 30 å
499 1082 342 31 kameralsektionen
859 1081 154 29 biträder
1031 1079 386 40 departementschefen
1435 1078 185 33 såtillvida,

118 1139 51 27 att
193 1136 71 29 han
288 1135 161 30 förordar
476 1136 49 27 att
549 1143 43 20 en
616 1132 268 39 biträdestjänst
908 1131 11 28 i
943 1131 156 40 reglerad
1122 1129 314 39 befordringsgång
1461 1129 159 29 inrättas.

645 1286 309 39 Juridisk-sociala
976 1285 111 44 byrån

161 1388 50 29 De
231 1386 257 39 huvudsakliga
509 1383 343 41 arbetsuppgifterna
872 1382 55 31 för
947 1382 178 40 juridiska
1143 1381 111 40 byrån
1275 1381 65 30 och
1362 1380 128 32 sociala
1510 1380 110 40 byrån

118 1438 116 30 består
262 1437 108 39 enligt
399 1436 233 39 utredningen
661 1444 42 21 av
731 1434 162 39 åtgärder
922 1433 11 29 i
963 1432 188 39 anledning
1180 1441 43 21 av
1251 1431 130 30 timade
1411 1431 210 39 sjöolyckor,

119 1488 152 30 ärenden
293 1487 170 30 avseende
484 1485 204 39 behörighet
710 1486 50 28 att
782 1485 106 30 utöva
907 1483 94 30 befäl
1022 1483 20 29 å
1064 1482 150 30 svenska
1235 1481 296 31 handelsflottans
1553 1481 70 30 far-

117 1542 68 37 tyg,
203 1537 368 41 fartygsregistrering,
587 1536 121 39 tillsyn
723 1545 41 20 av
780 1534 345 40 sjöbefälsskolorna,
1142 1532 403 41 sjöfartslagstiftnings-
1559 1532 64 30 och

120 1589 111 29 andra
252 1587 177 40 juridiska
453 1586 127 39 frågor,
605 1584 307 40 sjöfartsavgifter,
937 1584 40 29 de
1001 1582 341 31 ombordanställdas
1366 1581 168 30 arbetstid
1559 1581 66 30 och

121 1640 113 38 skydd
253 1640 73 28 mot
344 1637 186 40 olycksfall
550 1638 92 28 samt
661 1636 41 30 de
723 1634 278 41 sjöfartssociala
1020 1634 127 39 frågor,
1168 1642 76 21 som
1264 1633 10 29 i
1294 1632 113 40 övrigt
1426 1633 57 29 rör
1503 1632 121 39 sjöfol-

120 1689 77 32 kets
218 1689 127 30 villkor
366 1688 66 30 och
454 1687 129 30 sociala
604 1686 227 30 omvårdnad.
854 1685 53 30 Då
929 1685 175 30 ärendena
1126 1683 178 40 angående
1328 1682 297 40 sjöfarlsavgifter

124 1741 63 29 har
206 1741 86 29 nära
310 1739 170 30 samband
499 1738 78 29 med
596 1738 42 29 de
657 1737 229 29 ekonomiska
905 1736 161 33 ärenden,
1087 1735 54 30 för
1162 1735 113 29 vilkas
1294 1733 256 30 handhavande
1570 1733 57 29 de-

122 1789 342 41 partementschefen
484 1789 9 29 i
515 1788 57 30 det
594 1787 157 39 följande
772 1785 147 31 föreslår
940 1795 43 20 en
1005 1785 150 30 särskild
1176 1784 147 36 sektion,
1347 1792 102 21 anser
1469 1784 157 39 departe-

122 1840 242 30 mentschefen
385 1841 51 27 att
456 1839 114 29 denna
592 1838 243 38 ärendegrupp
856 1836 62 29 bör
939 1836 178 30 överföras
1138 1835 53 29 till
1212 1835 157 29 nämnda
1389 1834 147 29 sektion.

167 1891 257 30 Statskontoret
455 1889 64 29 och
551 1888 155 39 Sveriges
737 1886 286 39 redareförening
1054 1886 170 33 förordar,
1256 1886 51 29 att
1339 1886 67 29 den
1437 1894 42 20 av
1509 1884 116 30 utred-

121 1941 128 39 ningen
277 1940 199 39 föreslagna
504 1938 219 39 socialbyrån
750 1938 79 30 med
856 1937 140 39 hänsyn
1022 1936 52 29 till
1101 1936 42 29 de
1171 1935 130 30 sociala
1328 1935 183 39 frågornas
1539 1935 87 29 nära

122 1991 169 30 samband
317 1991 80 29 med
423 1990 42 29 de
490 1988 177 40 juridiska
693 1987 232 31 sammanslås
952 1986 79 30 med
1057 1987 68 29 den
1149 1985 178 40 juridiska
1351 1984 120 40 byrån.
1500 1984 126 31 Social-

123 2041 180 39 styrelsen,
335 2049 75 21 som
441 2049 101 20 anser
572 2040 56 29 det
658 2048 84 20 vara
770 2047 43 21 en
843 2036 282 41 rationalisering
1155 2037 60 33 att,
1247 2035 117 30 såsom
1394 2035 232 39 utredningen

123 2091 189 38 föreslagit,
337 2089 240 31 sammanföra
600 2090 42 29 de
664 2088 126 30 hittills
812 2088 45 40 på
881 2088 94 29 olika
997 2087 124 39 byråer
1145 2086 142 40 spridda
1310 2086 175 30 ärendena
1509 2095 42 21 av
1575 2094 52 21 so-

123 2141 65 30 cial
210 2142 114 33 natur,
347 2149 103 21 anser
472 2140 50 39 sig
545 2140 121 28 kunna
689 2148 75 20 som
786 2141 48 27 ett
857 2137 185 31 alternativ
1064 2137 179 30 diskutera
1266 2138 51 28 att
1340 2137 67 29 den
1428 2135 199 39 föreslagna

122 2191 177 38 juridiska
320 2190 111 39 byrån
453 2189 193 30 förstärkes
670 2190 64 29 och
757 2190 51 28 att
829 2188 52 30 dit
903 2188 172 39 förlägges
1098 2196 42 21 en
1164 2185 256 40 sjöfartssocial
1442 2185 185 39 avdelning

125 2242 78 29 med
229 2241 11 28 i
266 2243 87 27 stort
380 2242 67 27 sett
473 2240 202 28 nuvarande
701 2237 404 41 personaluppsättning.
1132 2235 376 39 Kommerskollegium
1534 2235 94 29 beto-

124 2299 65 21 nar
211 2290 104 29 också
338 2291 41 28 de
402 2289 128 30 sociala
551 2289 184 38 frågornas
758 2288 238 38 samhörighet
1018 2288 79 28 med
1120 2287 41 29 de
1183 2286 177 39 juridiska
1382 2286 63 29 och
1470 2284 157 34 föreslår,

126 2341 54 29 för
204 2341 50 28 att
278 2340 93 30 detta
397 2339 169 30 samband
591 2339 90 29 skall
705 2340 149 37 tryggas,
880 2347 43 20 en
947 2336 209 30 modifierad
1181 2335 338 39 ärendefördelning.
1545 2335 84 29 Che-

127 2390 59 30 fen
213 2390 54 29 för
295 2389 360 39 kommerskollegicts
684 2387 278 40 sjöfartssociala
988 2386 185 39 avdelning
1200 2386 74 29 åter
1301 2395 102 21 anser
1430 2386 42 29 de
1500 2383 129 31 sociala

127 2440 267 39 synpunkterna
416 2448 81 21 vara
522 2439 238 39 övervägande
784 2438 57 31 vid
866 2437 267 40 tillämpningen
1157 2446 42 20 av
1223 2437 41 29 de
1289 2436 95 39 lagar
1410 2436 56 29 det
1491 2435 63 29 här
1578 2436 51 38 yt-
