1878 2792
460 134 287 33 Statsutskottets
766 132 179 31 utlåtande
964 141 43 20 nr
1028 131 61 29 146
1109 130 39 30 år
1168 128 84 31 1955
1567 124 38 32 17

143 222 36 35 2)
208 220 222 42 prickrullor,
451 219 91 30 dock
561 218 31 40 ej
616 216 169 31 avseende
805 215 146 31 militär-
970 214 65 30 och
1057 212 207 40 krigsleder;

143 273 36 34 3)
210 271 230 41 sjötrafikens
470 267 288 41 framkomlighet
786 266 12 30 i
828 265 171 31 samband
1031 263 79 31 med
1139 261 267 40 framdragning
1435 269 44 21 av
1508 261 95 29 över-

98 324 66 30 och
182 320 397 40 undervattensledning
598 321 90 28 samt
706 317 181 40 byggande
905 316 11 29 i
933 317 136 33 vatten;

143 374 37 34 4)
210 371 427 42 navigationsvarningar;

144 425 36 34 5)
210 423 197 40 redigering
430 422 66 30 och
522 420 182 41 utgivning
728 428 43 21 av
795 417 308 42 publikationerna
1129 413 300 32 »Underrättelser
1454 412 55 30 för
1535 411 70 40 sjö-

100 475 179 35 farande>,
303 473 155 31 »Svensk
479 473 87 29 lots>
591 471 65 30 och
680 470 154 31 »Svensk
855 468 176 40 fyrlista>;

145 526 36 34 6)
211 523 385 39 lotsledsförteckning;

146 576 35 35 7)
212 573 443 41 utbildningsföreskrifter
678 572 55 30 för
755 570 294 40 lotspersonalen;

146 627 36 34 8)
214 624 418 42 sjöräddningsväsende;

146 678 36 33 9)
201 676 200 39 arkivering
425 684 42 21 av
489 673 191 31 utländska
703 672 137 40 sjökort
861 671 66 30 och
950 667 436 42 seglingsbeskrivningar;

149 728 56 34 10)
236 727 118 40 frågor
373 727 11 28 i
403 725 193 30 allmänhet
617 733 42 20 av
678 723 144 30 nautisk
839 721 258 31 beskaffenhet.

147 779 75 29 Den
241 778 111 29 andra
372 776 183 31 sektionen
575 775 96 29 inom
689 773 166 30 nautiska
873 772 112 39 byrån
1004 780 99 21 avses
1123 769 100 30 skola
1240 768 114 30 bildas
1374 776 43 21 av
1436 766 172 40 sjökarte-

102 829 139 30 verkets
270 826 305 42 jordmagnetiska
606 824 195 40 avdelning.
833 824 124 29 Denna
988 821 138 31 sektion
1157 820 91 30 skall
1277 819 104 30 alltså
1409 817 199 39 handlägga

104 880 153 30 ärenden
278 878 179 40 angående
477 875 282 42 jordmagnetisk
779 873 186 40 forskning
986 872 65 30 och
1074 870 256 40 kartläggning,
1352 878 101 21 svara
1474 868 55 30 för
1551 868 58 30 det

104 929 302 41 jordmagnetiska
435 926 251 32 observatoriet
714 927 45 39 på
788 925 92 30 Lovö
910 925 92 28 samt
1030 922 143 30 handha
1201 919 323 31 kontrollväsendet
1553 918 56 30 för

105 981 315 40 fartygslanternor
445 979 66 29 och
534 978 216 39 kompasser.
775 976 75 29 Den
873 974 148 31 föreslås
1047 973 99 30 skola
1169 972 192 29 benämnas
1387 970 223 40 jordmagne-

107 1032 91 30 tiska
219 1031 195 30 sektionen.

149 1082 68 30 Till
246 1080 166 31 nautiska
440 1079 113 40 byrån
581 1079 63 29 bör
672 1077 120 30 vidare
821 1076 81 30 från
931 1072 372 40 kommerskollegium
1333 1070 205 39 överflyttas
1569 1070 41 29 de

107 1132 163 34 ärenden,
293 1140 76 21 som
390 1139 100 21 avser
511 1127 423 42 isbrytarverksamheten
956 1125 66 30 och
1042 1123 315 40 issignaltjänsten.
1380 1122 111 29 Dessa
1513 1122 99 29 ären-

107 1184 67 29 den
199 1182 90 30 skall
312 1181 207 30 handhavas
544 1189 42 21 av
612 1181 132 28 statens
767 1176 320 41 isbrytardirektör.
1113 1173 240 40 Utredningen
1378 1173 65 28 har
1468 1171 144 31 föresla-

107 1234 58 39 git,
190 1235 51 28 att
263 1234 163 28 ansvaret
448 1232 55 30 för
526 1230 185 30 underhåll
734 1229 65 30 och
820 1228 86 30 vård
929 1236 42 22 av
992 1224 359 41 isbrytarmaterielen
1374 1223 90 30 skall
1487 1221 126 40 övergå

108 1285 81 29 från
213 1282 379 39 marinförvaltningen
615 1281 53 29 till
693 1278 330 42 sjöfartsstyrelsen.
1050 1276 137 32 Sådana
1212 1275 153 31 ärenden
1389 1282 99 21 avses
1514 1272 99 31 skola

108 1335 216 39 handläggas
354 1334 45 39 på
428 1331 338 41 sjöfartsstyrelsens
795 1329 233 40 fartygsbyrå.
1060 1328 14 29 I
1104 1326 111 40 övrigt
1243 1325 147 30 innebär
1420 1319 194 49 emellertid

109 1384 296 41 överflyttningen
433 1393 43 20 av
504 1380 330 41 isbrytarärendena
861 1380 81 29 från
971 1376 371 40 kommerskollegium
1371 1375 53 30 till
1453 1374 162 40 sjöfarts-

110 1436 172 40 styrelsen
301 1435 76 29 icke
396 1434 116 39 någon
531 1432 207 39 förändring
757 1431 11 29 i
787 1430 221 31 förhållande
1027 1429 53 29 till
1098 1427 176 35 marinen;
1294 1426 45 30 bl.
1359 1435 30 21 a.
1408 1425 206 31 förutsättes

110 1485 356 41 isbrytardirektören
487 1483 150 30 sålunda
656 1482 153 39 alltjämt
829 1480 99 31 skola
947 1488 84 21 vara
1052 1478 162 40 placerad
1233 1477 12 29 i
1265 1476 250 30 marinstaben.
1537 1476 14 29 I
1571 1475 45 29 is-

111 1535 300 42 brytarnämnden
434 1536 38 29 är
496 1534 108 39 enligt
626 1532 203 30 nuvarande
850 1530 265 31 bestämmelser
1137 1528 126 30 chefen
1284 1527 56 30 för
1362 1521 255 49 kommerskol-

112 1587 120 40 legiets
261 1585 234 41 sjöfartsbyrå
522 1583 228 35 ordförande;
780 1581 234 39 utredningen
1042 1579 171 35 förordar,
1245 1580 50 28 att
1323 1576 294 31 ordförandeska-

112 1640 58 38 pet
189 1637 59 30 vid
270 1636 298 39 överflyttningen
588 1643 42 22 av
651 1632 330 41 isbrytarärendena
1002 1630 53 30 till
1077 1628 319 42 sjöfartsstyrelsen
1419 1627 198 40 uppdrages

114 1688 35 30 åt
167 1687 343 40 generaldirektören
529 1685 12 30 i
560 1685 170 39 styrelsen
749 1684 82 29 eller
850 1684 68 30 den
935 1682 72 29 han
1009 1673 19 58 i
1056 1681 60 31 sitt
1135 1680 100 30 ställe
1254 1678 197 31 förordnar.
1470 1678 67 29 Det
1555 1677 63 29 bör

113 1739 119 29 vidare
253 1738 10 29 i
283 1737 274 38 fortsättningen
576 1735 190 30 ankomma
784 1735 44 39 på
847 1731 321 41 sjöfartsstyrelsen
1187 1730 11 29 i
1218 1730 115 30 stället
1351 1729 55 30 för
1426 1728 193 30 kommers-

115 1788 191 40 kollegium
327 1789 50 28 att
400 1787 130 30 föreslå
552 1786 190 30 ledamöter
764 1784 11 29 i
797 1783 188 31 nämnden.
1009 1783 54 29 En
1084 1781 243 40 representant
1349 1779 54 31 för
1426 1779 193 29 kommers-

119 1840 190 39 kollegium
334 1839 62 30 bör
420 1839 90 30 dock
536 1838 152 39 alltjämt
713 1837 81 39 ingå
819 1836 11 29 i
855 1835 188 30 nämnden.

160 1889 141 29 Antalet
318 1887 348 39 befattningshavare
686 1887 45 39 på
750 1884 165 30 nautiska
932 1883 112 40 byrån
1062 1882 185 34 beräknas,
1268 1881 117 30 såsom
1403 1879 156 40 framgår
1579 1887 42 21 av

120 1940 248 40 efterföljande
390 1938 338 39 sammanställning,
751 1937 53 29 till
830 1935 49 36 14,
902 1937 98 28 utom
1021 1932 355 41 isbrytardirektören
1399 1931 79 30 med
1499 1930 127 30 under-

120 1992 103 29 ställd
245 1990 172 41 personal.

163 2039 350 39 Chefsbefattningen
542 2040 195 27 motsvaras
767 2036 11 29 i
807 2035 204 30 nuvarande
1040 2032 240 41 organisation
1309 2041 41 20 av
1379 2031 244 39 befattningen

120 2099 75 21 som
218 2090 80 30 chef
323 2090 54 30 för
399 2089 191 39 lotsbyrån.
614 2088 66 30 För
703 2087 165 29 nautiska
892 2085 202 31 sektionens
1118 2083 80 30 chef
1286 2083 118 29 vilken
1427 2081 90 31 skall
1540 2090 84 21 vara

121 2141 159 29 nautiskt
303 2139 158 31 utbildad
482 2157 46 4 —
548 2139 62 29 bör
632 2138 148 29 inrättas
803 2146 42 21 en
867 2135 199 39 befattning
1089 2144 75 20 som
1188 2133 268 40 byråinspektör
1479 2132 12 29 i
1514 2132 46 30 Ca
1583 2131 40 30 27

120 2191 12 28 i
152 2191 116 29 stället
287 2190 54 30 för
361 2199 42 20 en
423 2199 47 20 nu
490 2189 11 29 i
522 2189 240 38 lotsstyrelsen
782 2186 154 30 inrättad
957 2186 110 30 förste
1086 2183 397 41 byråsekreterartjänst
1503 2182 11 29 i
1535 2191 91 20 sam-

121 2250 57 20 ma
201 2240 176 39 lönegrad,
398 2239 118 29 vilken
538 2239 111 39 tjänst
670 2238 10 29 i
702 2238 94 29 detta
820 2236 257 38 sammanhang
1098 2235 62 29 bör
1182 2235 93 38 utgå.
1298 2234 75 29 Den
1394 2232 231 39 befattnings-

122 2291 129 28 havare
272 2290 58 29 vid
354 2289 278 39 sjökarteverket
655 2288 79 29 med
757 2287 143 29 nautisk
923 2285 210 39 utbildning,
1157 2293 76 20 som
1257 2283 214 38 ombesörjer
1495 2282 132 39 redige-

124 2340 121 39 ringen
278 2349 43 20 av
353 2339 308 39 publikationerna
694 2336 299 31 »Underrättelser
1027 2335 54 30 för
1114 2333 224 40 sjöfarande»
1373 2333 66 29 och
1473 2331 155 32 >»Svensk

125 2390 98 34 lots»,
249 2390 64 29 har
338 2388 390 40 tjänstebenämningen
753 2387 174 30 redaktör.
955 2385 264 38 Benämningen
1244 2383 147 31 föreslås
1416 2383 135 29 ändrad
1576 2381 52 30 till

152 2457 17 26 2
209 2457 114 31 Bihang
334 2457 46 23 till
391 2457 170 31 riksdagens
571 2456 147 32 protokoll
731 2455 76 24 1955.
827 2455 16 24 6
854 2453 83 25 saml.
956 2454 41 24 Nr
1018 2454 132 25 146—147
