1870 2784
275 155 38 29 42
625 157 285 30 Statsutskottets
930 157 177 30 utlåtande
1126 167 43 20 nr
1190 159 62 29 146
1272 159 38 29 år
1330 159 83 30 1955

275 241 159 30 Befattning
1641 246 139 30 Lönegrad

274 296 20 29 4
316 296 100 30 förste
439 297 265 39 byråingenjöref
723 322 903 8 s.sssosessereseererrererrrrrr
1307 292 54 50 rst
1370 292 10 50 r
1388 292 32 50 rr
1432 292 54 50 ers
1498 292 29 50 tr
1535 292 51 50 rer
1598 292 32 50 sa
1673 301 42 30 Ce
1740 302 39 30 29

277 347 13 28 1
316 347 100 29 förste
438 347 252 39 byråilnspektör
707 372 919 9 s.ssssssssesesereserersreerer
1244 343 54 50 ere
1307 343 51 50 rer
1369 343 33 50 rr
1413 343 51 50 ers
1476 343 154 50 resterna
1673 351 42 30 Ce
1739 353 40 29 27

277 397 13 28 1
315 397 100 30 förste
438 398 281 38 byråsekreterare
741 422 885 9 .ssssoseessesesseserererreeeer
1307 393 54 50 rst
1369 393 95 50 stress
1473 393 32 50 rr
1516 393 29 50 rr
1557 393 29 50 sr
1598 393 32 50 ss
1672 402 43 29 Ce
1739 402 40 30 27

276 448 13 28 1
315 447 100 30 förste
438 448 467 39 skeppsmätningskontrollör
926 473 700 8 ....ssssesseeserersrrrsrrrsse
1515 443 74 49 rese
1595 443 34 49 ea
1672 452 43 29 Ce
1739 453 40 29 27

273 497 19 30 D
315 497 265 40 byråingenjÖörer
597 523 1029 8 s.sssssesseerseserereeerrrr
1117 493 31 49 rr
1157 493 77 49 reser
1242 493 35 49 rr
1285 493 10 49 r
1307 493 31 49 rr
1347 493 31 49 rr
1389 493 32 49 rr
1432 493 53 49 rss
1497 493 50 49 ser
1555 493 74 49 seder
1672 502 42 30 Ce
1739 503 39 29 27

322 591 193 30 Härutöver
544 592 158 29 kommer
732 593 206 38 personalen
967 593 94 29 inom
1090 593 319 39 sjöfartsstyrelsen
1437 596 51 28 att
1516 596 140 38 utgöras
1685 604 43 21 av
1757 595 18 29 2

276 641 281 39 byrådirektörer
576 642 10 29 i
605 642 46 39 Cg
669 642 52 34 31,
746 643 13 29 1
782 643 107 29 förste
910 643 301 39 byråsekreterare
1230 644 65 29 och
1317 647 13 28 1
1353 644 248 40 byråingenjör
1623 645 11 29 i
1655 645 46 39 Cg
1723 645 51 32 27,

276 692 20 28 4
314 691 297 40 byråingenjörer,
632 693 18 30 2
669 692 309 40 byråinspektörer
998 694 64 29 och
1084 695 14 29 1
1119 694 254 40 byråassistent
1392 695 11 29 i
1418 696 43 29 Ce
1476 696 51 34 25,
1542 696 19 29 8
1574 696 203 39 byråsekre-

276 744 111 28 terare
406 742 83 30 eller
508 752 232 20 amanuenser
760 743 9 29 i
790 744 155 38 reglerad
964 744 322 40 befordringsgång,
1309 745 18 29 3
1348 745 199 39 ingenjörer
1566 747 64 28 och
1652 747 13 29 1
1689 747 86 28 assi-

277 794 92 28 stent
389 792 11 29 i
423 793 43 29 Ce
488 792 50 35 23,
561 793 17 30 2
599 793 210 39 ingenjörer,
841 795 6 27 I
871 794 293 30 maskinmästare
1186 795 66 29 och
1275 795 17 29 2
1315 795 238 30 verkmästare
1576 796 11 29 i
1611 796 43 30 Ce
1679 797 52 34 21,
1758 798 14 27 1

276 842 238 31 verkmästare
534 844 10 28 i
566 844 45 39 Cg
631 844 51 33 21,
703 844 18 29 2
742 845 170 38 gravörer,
933 845 18 29 2
974 844 270 40 kartlitografer,
1266 846 18 28 6
1307 846 229 39 kartografer,
1560 848 14 29 1
1598 846 176 33 assistent,

279 894 14 29 1
314 893 348 35 radioverkmästare,
684 894 19 29 3
724 894 104 30 ritare
850 895 64 29 och
936 895 18 29 2
977 895 303 30 kontorsskrivare
1301 897 10 28 i
1335 896 42 32 Ce
1401 897 49 35 19,
1476 898 14 29 1
1516 897 109 29 förste
1645 897 130 29 instru-

275 943 241 32 mentmakare
534 945 64 29 och
618 946 12 28 1
651 945 260 29 radiotekniker
927 946 11 29 i
956 945 43 30 Ce
1019 946 49 33 18,
1088 948 13 28 1
1122 946 108 30 förste
1247 946 236 30 arkivbiträde
1503 948 63 29 och
1587 948 13 29 1
1620 948 155 30 förråds-

275 995 152 28 mästare
444 996 11 29 i
472 995 43 29 Ce
535 995 48 34 17,
606 996 13 28 1
641 995 295 29 elektrotekniker
954 996 10 28 i
984 996 46 39 Cg
1050 996 48 34 17,
1118 997 18 28 2
1154 997 227 30 maskinister
1401 998 9 29 i
1428 997 43 31 Ce
1493 998 48 34 16,
1563 999 13 29 1
1597 998 109 30 förste
1726 998 48 29 la-

274 1044 319 35 boratoriebiträde,
613 1047 14 28 1
648 1045 238 30 radiomontör
903 1047 65 29 och
988 1047 14 28 1
1023 1047 273 29 kansliskrivare
1313 1048 10 29 i
1343 1048 42 29 Ce
1406 1048 50 33 15,
1475 1048 19 29 2
1510 1048 264 30 hantverksför-

275 1096 91 33 män,
387 1095 14 28 1
421 1095 187 30 maskinist
624 1096 66 29 och
707 1096 18 30 2
743 1096 297 40 koppartryckare
1057 1097 9 29 i
1084 1097 42 30 Ce
1146 1097 49 36 14,
1213 1098 19 29 2
1249 1098 214 30 kontorister
1479 1099 12 28 i
1508 1099 43 30 Ce
1571 1099 49 35 13,
1639 1099 18 30 3
1675 1099 101 29 hant-

275 1145 142 30 verkare
437 1145 10 29 i
465 1145 43 32 Ce
529 1146 48 35 12,
600 1147 13 28 I
635 1146 156 31 tekniskt
808 1146 144 36 biträde,
973 1147 18 30 3
1009 1147 206 30 ritbiträden
1235 1148 64 29 och
1321 1150 13 28 1
1356 1148 252 30 kanslibiträde
1626 1149 11 29 i
1656 1149 43 30 Ce
1723 1150 49 32 11,

272 1196 109 38 jämte
398 1205 118 21 annan
533 1196 267 30 icke-ordinarie
817 1197 171 39 personal,
1007 1198 204 39 uppgående
1229 1198 52 30 till
1302 1198 39 30 23
1359 1207 177 31 personer.

319 1246 74 29 Den
416 1246 154 30 militära
594 1247 208 39 personalen
824 1247 178 31 redovisas
1024 1248 76 30 icke
1123 1248 20 30 å
1167 1248 339 40 sjöfartsstyrelsens
1529 1250 246 40 personalstat.

276 1296 73 29 Den
366 1297 140 38 utgöres
524 1306 42 21 av
582 1297 18 30 2
617 1297 266 39 tjänstgörande
900 1298 185 37 officerare
1107 1299 5 29 i
1131 1299 56 29 Ma
1203 1299 41 31 33
1263 1299 81 29 eller
1362 1300 54 29 Ma
1433 1300 52 34 30,
1503 1301 18 29 2
1538 1300 237 40 tjänstgöran-

275 1346 41 29 de
334 1346 186 30 officerare
537 1347 11 29 i
567 1348 56 29 Ma
641 1347 51 36 27,
715 1348 14 29 1
750 1347 265 40 tjänstgörande
1035 1348 123 31 officer
1178 1349 11 29 i
1207 1349 57 29 Ma
1283 1350 38 29 27
1343 1350 82 29 eller
1443 1350 58 30 Ma
1518 1350 106 36 23/19
1644 1353 92 28 samt
1759 1352 13 28 1

275 1396 264 40 tjänstgörande
557 1397 238 30 underofficer
813 1398 11 29 i
841 1399 56 29 Ma
916 1399 50 29 19.

316 1446 74 30 Den
412 1447 149 30 sålunda
582 1447 200 40 föreslagna
802 1449 207 38 personalen
1029 1449 63 30 bör
1113 1451 11 28 i
1144 1449 188 30 huvudsak
1354 1450 133 30 erhålla
1508 1451 67 29 den
1596 1452 178 39 placering

274 1497 44 38 på
339 1498 41 29 de
405 1498 91 30 olika
520 1497 170 40 byråerna
713 1508 75 20 som
810 1500 10 29 i
842 1499 57 32 det
921 1499 206 40 föregående
1150 1500 213 40 föreslagits;
1388 1501 385 40 departementschefen

275 1546 204 32 förutsätter
502 1548 88 30 dock
614 1550 59 34 att,
699 1549 115 31 därest
838 1550 57 29 det
915 1550 95 30 visar
1034 1550 50 40 sig
1106 1550 166 40 påkallat,
1297 1551 226 41 omflyttning
1547 1561 42 21 av
1610 1553 162 39 personal

274 1596 169 39 byråerna
466 1598 148 30 emellan
639 1599 87 30 skall
751 1599 120 30 kunna
895 1600 63 39 äga
982 1609 88 21 rum.

318 1648 73 30 Den
408 1658 40 20 av
465 1649 383 39 departementsehefen
865 1650 196 40 föreslagna
1077 1651 447 41 personalorganisationen
1542 1653 53 30 för
1613 1653 160 40 sjöfarts-

275 1698 167 38 styrelsen
463 1699 152 34 innebär,
637 1702 49 27 att
708 1700 8 29 i
737 1701 57 28 det
814 1701 174 30 närmaste
1009 1702 138 39 samtlig
1166 1703 161 38 personal
1348 1702 79 30 från
1447 1704 239 39 lotsstyrelsen
1709 1705 64 30 och

275 1747 275 38 sjökarteverket
568 1750 142 39 övergår
730 1750 51 30 till
802 1751 55 29 det
876 1760 68 30 nya
964 1751 127 30 verket.
1111 1752 87 39 Väg-
1218 1753 65 29 och
1301 1753 471 40 vattenbyggnadsstyrelsen

275 1801 89 27 samt
387 1799 386 40 vägförvaltningarnas
796 1801 440 40 personalorganisationer
1261 1803 128 39 nedgår
1413 1804 79 29 med
1517 1804 56 30 det
1599 1805 94 29 antal
1717 1805 56 30 be-

274 1848 299 40 fattningshavare
593 1860 73 20 som
688 1851 228 40 utredningen
936 1852 172 30 redovisat
1127 1852 115 31 såsom
1262 1862 46 20 nu
1329 1854 208 31 tillhörande
1555 1855 100 30 dessa
1674 1865 99 30 myn-

274 1897 164 40 digheter.
474 1900 365 40 Kommerskollegiets
874 1902 236 39 organisation
1146 1903 161 40 slutligen
1331 1905 158 29 minskar
1513 1906 78 29 med
1615 1905 157 40 följande

273 1948 157 38 tjänster,
447 1950 93 30 vilka
557 1952 37 28 är
611 1951 136 30 knutna
765 1951 51 31 till
834 1952 65 29 den
916 1953 220 31 verksamhet
1155 1963 75 20 som
1247 1955 176 38 övertages
1443 1964 42 22 av
1503 1955 269 40 sjöfartsstyrel-

274 2008 69 26 sen,
361 2001 175 39 nämligen
553 2002 17 29 2
587 2002 261 30 kommerseråd
864 2003 10 28 i
891 2003 45 29 Ca
953 2003 51 35 37,
1022 2004 19 29 2
1057 2004 301 39 överinspektörer
1376 2005 10 29 i
1403 2005 46 31 Ca
1466 2005 51 35 33,
1535 2006 18 29 3
1570 2006 202 39 byrådirek-

274 2050 90 29 törer
385 2052 10 28 i
418 2051 44 30 Ca
485 2052 51 33 31,
561 2053 14 28 1
600 2052 108 29 förste
730 2052 277 40 byråinspektör,
1031 2054 17 29 2
1071 2054 107 30 förste
1200 2054 312 40 byråsekreterare,
1536 2065 105 22 varav
1663 2065 41 21 en
1726 2057 45 40 på

272 2100 271 40 övergångsstat,
566 2103 65 29 och
655 2104 14 28 1
693 2103 187 30 konsulent
902 2104 10 28 i
934 2104 46 30 Ca
1003 2104 49 35 29,
1077 2105 13 29 1
1115 2105 109 29 förste
1246 2105 267 40 byråinspektör
1535 2107 62 29 och
1621 2107 19 30 2
1663 2107 107 30 förste

272 2150 300 39 byråsekreterare
593 2154 10 28 i
624 2153 44 30 Ca
690 2153 51 34 27,
764 2155 17 29 2
803 2153 299 39 byråsekreterare
1123 2156 10 28 i
1155 2155 44 30 Ca
1223 2156 50 35 25,
1298 2157 13 28 1
1336 2156 108 31 förste
1464 2157 275 30 kansliskrivare
1760 2157 11 29 i

273 2200 44 30 Ca
336 2202 48 33 17,
403 2203 14 28 1
436 2202 272 31 kansliskrivare
724 2204 10 29 i
750 2204 45 30 Ca
814 2204 48 34 15,
880 2205 20 29 2
915 2205 212 30 kontorister
1143 2206 9 29 i
1169 2206 47 30 Ca
1234 2207 49 34 13,
1300 2207 18 30 5
1335 2207 275 30 kanslibiträden
1628 2208 10 29 i
1656 2208 45 30 Ca
1720 2208 50 34 11,

275 2251 13 28 1
311 2252 299 38 expeditionsvakt
629 2254 10 29 i
660 2254 45 30 Ca
727 2255 38 29 10
784 2255 65 29 och
870 2256 17 29 2
907 2255 307 31 kontorsbiträden
1234 2257 10 28 i
1265 2256 45 30 Ca
1330 2256 33 35 8;
1388 2258 14 29 1
1427 2257 218 40 sjöåklagare
1667 2259 64 29 och
1754 2259 14 29 1

272 2301 262 41 överinspektör
552 2305 10 29 i
581 2304 43 30 Ce
643 2304 50 35 33,
716 2306 13 27 1
753 2304 107 30 förste
878 2305 301 39 byråsekreterare
1200 2307 63 29 och
1285 2307 14 29 1
1321 2307 107 30 förste
1449 2308 321 41 skeppsmätnings-

272 2351 191 32 kontrollör
491 2354 9 28 i
528 2354 42 29 Ce
598 2354 50 34 27,
683 2357 13 27 1
728 2355 106 30 förste
861 2355 301 39 byråsekreterare
1189 2357 10 29 i
1228 2357 46 40 Cg
1301 2358 50 35 27,
1379 2358 21 30 2
1425 2357 307 41 byråinspektörer
1758 2359 12 29 i

272 2401 42 30 Ce
336 2403 51 34 25,
413 2404 13 29 1
453 2404 502 40 skeppsmätningskontrollör
977 2407 11 29 i
1012 2406 45 40 Cg
1079 2407 50 34 25,
1153 2407 21 30 3
1195 2407 302 39 byråsekreterare
1521 2408 80 32 eller
1626 2418 144 21 amanu-

272 2461 98 22 enser
397 2454 9 28 i
433 2454 155 39 reglerad
614 2454 321 42 befordringsgång,
965 2457 14 29 1
1009 2457 162 30 assistent
1198 2458 11 29 i
1236 2458 44 31 Ce
1307 2458 50 37 23,
1387 2459 13 29 1
1431 2459 301 39 expeditionsvakt
1758 2460 11 29 i

271 2502 46 40 Cg
339 2504 18 29 8
384 2507 90 27 samt
497 2506 17 29 3
539 2504 306 32 kontorsbiträden
868 2507 10 29 i
900 2507 157 39 reglerad
1079 2507 321 41 befordringsgång.
