1884 2786
278 140 39 29 60
629 144 283 32 Statsutskottets
932 148 180 31 utlåtande
1131 159 41 20 nr
1193 151 61 29 146
1274 152 39 29 år
1332 152 85 31 1955

281 223 294 32 lokalkännedom
594 227 62 30 hos
674 229 257 31 vederbörande
950 231 225 39 tjänstemän,
1194 244 57 19 om
1270 236 117 30 landet
1404 239 169 38 uppdelas
1591 240 45 40 på
1655 242 124 30 endast

278 273 57 30 två
356 274 150 31 distrikt.
529 277 176 30 Utskottet
726 279 58 29 vill
807 280 105 30 också
933 281 116 31 erinra
1071 292 57 20 om
1149 286 50 28 att
1221 287 78 38 väg-
1320 287 65 28 och
1406 290 370 42 vattenbyggnadssty-

277 325 122 34 relsen,
421 335 74 20 som
516 327 55 29 för
592 329 216 30 närvarande
828 331 260 31 omhänderhar
1107 334 147 30 berörda
1273 337 232 37 verksamhet,
1527 340 10 28 i
1559 341 59 29 sitt
1638 342 138 30 remiss-

278 374 159 37 yttrande
459 377 136 35 uttalat,
617 380 49 27 att
689 378 132 40 frågan,
844 389 55 21 om
920 382 382 42 hamnavdelningarna
1326 387 82 30 böra
1431 389 88 39 ligga
1541 391 85 29 kvar
1648 392 44 39 på
1713 403 62 19 nu-

277 426 150 29 varande
447 429 94 27 orter
561 428 65 29 och
646 438 57 20 om
724 431 41 29 de
785 430 84 30 böra
890 433 128 30 ändras
1042 434 51 29 till
1113 436 104 34 antal,
1240 436 61 30 bör
1322 438 46 29 bli
1388 438 172 34 beroende
1581 441 44 39 på
1646 443 130 29 arbets-

275 475 242 39 uppgifternas
545 479 212 40 omfattning
785 481 64 29 och
864 482 230 42 förläggning.
1110 485 174 31 Utskottet
1298 497 102 21 anser
1415 489 9 28 i
1439 490 204 41 anslutning
1656 493 119 29 härtill

275 525 64 29 och
360 526 50 29 till
429 528 65 29 vad
515 528 386 39 departementschefen
921 535 137 34 uttalat,
1079 537 50 28 att
1149 536 379 41 lokalorganisationen
1547 542 30 38 ej
1601 542 61 30 bör
1683 543 90 30 låsas

275 575 70 30 fast
366 579 84 27 utan
471 578 122 30 kunna
614 581 100 29 växla
736 582 77 29 med
835 583 138 40 hänsyn
995 585 52 29 till
1068 588 354 39 omständigheterna.
1445 591 65 29 Det
1531 592 70 29 kan
1622 593 44 30 bl.
1688 603 29 21 a.
1740 594 30 39 ej

273 634 83 21 vara
377 628 175 36 uteslutet,
576 632 50 27 att
647 631 56 29 det
725 631 102 31 tidvis
850 634 177 31 erfordras
1049 636 86 30 flera
1157 638 222 31 lokalkontor
1401 642 45 28 än
1468 641 55 30 för
1544 644 228 33 närvarande,

273 676 111 30 ehuru
403 687 42 20 av
463 679 136 31 mindre
618 682 221 40 omfattning.
859 684 51 30 Av
927 685 57 29 det
1003 687 149 29 anförda
1170 688 114 39 följer,
1303 692 50 27 att
1372 692 171 30 utskottet
1562 693 75 30 icke
1657 694 116 30 finner

273 726 51 40 sig
347 727 120 31 kunna
490 729 139 31 biträda
652 732 42 30 de
718 732 11 29 i
754 736 240 36 nyssnämnda
1019 737 171 31 motioner
1214 739 222 32 framställda
1459 743 205 38 yrkandena
1689 745 10 28 i
1724 754 45 21 nu

271 776 116 31 berört
412 781 180 29 avseende.

318 828 12 29 I
353 829 176 31 motionen
554 832 45 29 II:
616 832 62 30 599
703 833 143 31 föreslås
869 836 44 29 bl.
937 846 29 20 a.
991 839 49 29 att
1064 838 292 33 handelsflottans
1380 843 238 31 välfärdsråds
1640 845 131 30 kansli-

273 880 158 35 personal
460 880 133 39 intages
621 883 43 38 på
691 883 283 40 sjöfartsverkets
1003 890 241 37 personalstat,
1280 893 2 28 i
1311 892 169 30 samband
1508 895 141 29 varmed
1678 896 91 29 vissa

272 927 187 41 ändringar
486 940 41 21 av
551 932 195 38 tjänsterna
770 935 161 39 påyrkas.
956 937 53 30 Då
1033 939 168 30 utskottet
1226 941 9 28 i
1260 941 110 30 likhet
1394 944 78 28 med
1497 944 275 40 departements-

271 977 123 31 chefen
413 979 76 31 icke
505 990 102 21 anser
627 983 50 39 sig
695 984 119 30 kunna
835 986 149 36 förorda,
1004 990 50 28 att
1072 989 283 41 befattningarna
1374 994 169 39 uppföras
1562 995 44 39 på
1625 996 56 29 det
1702 1006 67 29 nya

273 1028 133 31 verkets
425 1032 78 33 stat,
523 1031 69 31 kan
612 1034 168 31 utskottet
798 1035 74 30 icke
890 1037 137 31 biträda
1046 1040 175 30 motionen
1240 1041 10 29 i
1270 1043 149 38 angivna
1438 1044 64 29 del.

314 1079 69 30 Mot
404 1080 66 30 den
493 1081 197 41 föreslagna
712 1084 312 43 byråindelningen
1046 1089 64 29 och
1132 1090 242 42 fördelningen
1396 1102 42 21 av
1460 1095 309 41 arbetsuppgifter-

268 1137 46 21 na
332 1129 95 30 inom
445 1131 41 30 de
505 1132 94 30 olika
618 1135 450 38 organisationsenheterna
1087 1149 101 30 synes
1209 1142 169 30 utskottet
1397 1143 76 31 icke
1494 1145 104 39 något
1616 1156 82 20 vara
1718 1150 51 27 att

267 1179 125 31 erinra.
415 1180 52 31 Då
487 1182 59 30 det
567 1182 75 31 icke
665 1185 96 30 torde
783 1186 69 30 låta
874 1188 51 39 sig
947 1190 84 37 göra
1052 1192 50 27 att
1123 1191 44 39 på
1188 1191 151 32 förhand
1362 1202 87 31 ange
1471 1195 41 30 de
1534 1196 125 30 exakta
1682 1207 86 30 upp-

266 1229 150 38 gifterna
443 1231 55 30 för
522 1234 98 38 varje
646 1235 138 31 enskild
807 1237 356 41 befattningshavare,
1190 1251 103 21 anser
1320 1244 170 31 utskottet
1516 1246 10 29 i
1554 1246 108 31 likhet
1689 1249 78 29 med

265 1279 396 40 departementschefen,
683 1287 51 28 att
753 1287 57 29 vid
831 1288 137 31 verkets
990 1289 171 32 tillkomst
1182 1292 41 30 de
1245 1295 202 30 nuvarande
1470 1296 296 41 lönegradsplace-

266 1330 164 40 ringarna
447 1332 11 29 i
476 1334 193 31 allmänhet
685 1336 85 30 böra
785 1337 203 32 bibehållas.
1007 1340 101 31 Först
1126 1343 106 29 sedan
1251 1344 56 29 det
1325 1344 11 29 i
1353 1345 188 39 praktiken
1559 1347 98 30 blivit
1675 1349 92 29 klar-

266 1380 70 40 lagt
352 1390 56 21 om
425 1383 190 41 anledning
631 1385 52 30 till
700 1387 133 30 ändrad
850 1389 248 42 löneställning
1115 1392 193 41 föreligger,
1325 1395 85 29 böra
1426 1396 102 30 dessa
1546 1397 117 40 frågor
1680 1408 86 30 upp-

264 1432 97 37 tagas
386 1432 52 30 till
462 1433 223 42 behandling.
712 1437 73 30 Den
811 1448 42 19 av
877 1439 387 40 departementschefen
1290 1445 199 40 föreslagna
1514 1449 252 39 personalupp-

264 1482 199 40 sättningen
486 1484 65 30 har
574 1486 180 37 utskottet,
779 1488 95 31 såväl
895 1491 67 29 vad
985 1491 172 31 beträffar
1180 1495 96 29 antal
1300 1504 75 21 som
1398 1496 216 42 inplacering
1637 1499 11 29 i
1673 1500 91 30 löne-

262 1532 95 37 grad,
383 1536 113 28 ansett
521 1535 86 30 böra
632 1537 175 40 godtagas.
834 1540 125 31 Vidare
984 1541 154 31 biträder
1164 1545 170 30 utskottet
1359 1546 404 39 departementschefens

264 1582 204 31 uttalanden
486 1594 56 20 om
560 1586 207 40 vidtagande
785 1598 41 21 av
843 1591 430 43 övergångsanordningar
1289 1595 10 29 i
1318 1597 169 30 samband
1506 1599 77 29 med
1604 1599 159 39 sjöfarts-

261 1633 137 32 verkets
420 1634 210 33 inrättande.

307 1683 115 40 Enligt
449 1685 168 41 förslaget
644 1688 99 30 skola
771 1689 51 30 till
851 1691 267 39 sjöfartsverket
1145 1695 86 30 höra
1260 1696 56 30 två
1344 1697 213 36 lokalstater,
1586 1701 176 39 nämligen

261 1732 81 31 lots-
362 1735 63 29 och
445 1735 174 40 fyrstaten
639 1741 90 27 samt
750 1740 382 42 fartygsinspektionen
1152 1754 44 21 m.
1219 1755 44 20 m.
1284 1747 176 31 Utskottet
1481 1749 192 40 tillstyrker
1693 1752 69 29 för-

261 1783 107 39 slaget
392 1786 65 28 och
482 1786 118 31 finner
625 1789 50 39 sig
699 1789 85 30 böra
808 1792 147 39 godtaga
980 1793 66 30 den
1072 1795 197 40 föreslagna
1294 1798 285 39 organisationen
1604 1801 54 29 för
1684 1802 77 29 sist-

259 1834 155 31 nämnda
439 1836 175 37 lokalstat,
641 1840 52 29 till
717 1840 117 31 vilken
860 1843 99 30 skola
984 1846 258 30 sammanföras
1270 1848 400 41 fartygsinspektionens
1696 1853 64 28 och

259 1880 495 51 skeppsmätningsväsendets
773 1892 271 41 distriktsorgan
1064 1898 90 28 samt
1172 1897 325 32 kontrollstationer
1517 1901 55 29 för
1590 1903 171 39 prövning

258 1943 43 21 av
317 1937 164 30 nautiska
496 1938 223 33 instrument.
737 1942 175 31 Utskottet
928 1953 103 22 anser
1047 1946 11 29 i
1075 1946 109 30 likhet
1200 1949 79 29 med
1296 1951 395 37 departementschefen,
1709 1955 50 27 att

257 1984 58 31 det
333 1986 62 29 bör
414 1988 191 31 ankomma
624 1991 44 38 på
689 1991 319 42 sjöfartsstyrelsen
1028 1998 51 28 att
1099 1998 161 30 närmare
1280 2000 169 39 överväga
1470 2001 227 40 möjligheten
1717 2013 42 19 av

257 2037 51 27 att
325 2036 187 32 framdeles
530 2042 241 30 sammanföra
787 2043 41 30 de
845 2044 90 30 båda
952 2046 261 37 lokalstaterna,
1232 2049 38 29 så
1288 2052 50 27 att
1354 2059 42 21 en
1414 2051 153 40 enhetlig
1584 2052 174 31 distrikts-

255 2085 181 42 indelning
461 2098 43 20 av
530 2090 248 41 lokalorganen
804 2093 96 30 inom
927 2095 267 40 sjöfartsverket
1220 2099 90 30 skall
1336 2100 121 31 kunna
1484 2101 272 32 åstadkommas.

256 2136 74 30 Vad
353 2137 10 29 i
385 2139 263 39 propositionen
672 2143 143 30 uttalats
838 2153 58 21 om
917 2146 230 32 överförande
1170 2149 52 30 till
1245 2150 268 39 sjöfartsverket
1536 2162 42 20 av
1600 2154 157 30 materiel

255 2194 43 21 av
319 2187 92 30 olika
434 2190 73 39 slag
529 2191 66 29 har
616 2191 75 31 icke
714 2193 165 32 föranlett
902 2196 114 40 någon
1039 2198 140 30 erinran
1202 2200 80 29 från
1304 2202 189 30 utskottets
1517 2203 84 30 sida.

301 2237 120 31 Såsom
441 2240 386 39 departementschefen
849 2247 124 29 nämnt
994 2248 118 30 finnas
1134 2249 54 30 för
1209 2252 218 29 närvarande
1448 2255 49 27 ett
1518 2254 96 29 antal
1636 2255 120 39 anslag

254 2288 175 38 uppförda
455 2291 113 30 under
594 2292 208 34 riksstatens
829 2296 124 38 fjärde,
983 2298 104 39 sjätte
1114 2300 64 29 och
1205 2301 117 30 tionde
1349 2302 220 31 huvudtitlar
1595 2307 90 27 samt
1712 2306 43 38 på

253 2337 320 42 kapitalbudgeten,
595 2343 93 30 vilka
710 2344 203 40 disponeras
936 2357 43 20 av
1000 2349 41 29 de
1062 2350 93 35 verk,
1179 2360 75 20 som
1276 2361 98 21 avses
1397 2353 98 29 skola
1518 2355 115 38 uppgå
1654 2355 11 29 i
1687 2356 68 38 sjö-

253 2387 219 33 fartsverket.
493 2392 111 30 Dessa
624 2395 120 39 anslag
762 2396 85 29 böra
867 2397 10 29 i
897 2398 272 41 fortsättningen
1189 2401 205 40 disponeras
1415 2412 42 20 av
1477 2404 277 38 sjöfartsverket.

252 2438 53 30 Då
321 2440 118 30 verket
457 2441 148 32 föreslås
623 2445 97 29 skola
738 2447 98 29 träda
854 2447 10 29 i
883 2448 165 31 funktion
1066 2450 66 30 den
1153 2452 12 28 1
1186 2452 142 38 januari
1348 2453 92 35 1956,
1459 2454 107 30 vilket
1584 2456 170 30 utskottet
