1872 2786
252 138 18 29 6
557 139 121 31 Första
702 140 245 38 lagutskottets
972 142 178 30 utlåtande
1174 153 40 19 nr
1238 144 41 28 25
1302 144 39 29 år
1367 144 81 30 1955

254 222 430 39 rangordningsmetoden.
709 223 67 30 Till
801 225 139 29 förmån
965 225 55 29 för
1046 235 42 19 en
1114 227 171 38 övergång
1310 227 52 29 till
1387 227 113 30 denna
1525 229 115 29 metod
1665 230 85 29 även

253 272 58 29 vid
329 272 100 30 valen
447 282 41 20 av
505 273 237 39 borgmästare
761 275 64 29 och
845 275 147 30 rådman
1014 275 88 30 talar
1121 277 104 38 enligt
1244 277 250 39 utredningens
1513 278 141 40 mening
1671 280 80 29 med

254 322 152 30 särskild
432 323 129 39 styrka,
587 325 51 28 att
661 324 161 39 samtliga
849 325 41 29 de
915 326 271 39 proportionella
1213 327 53 29 val
1295 337 74 20 som
1396 328 234 30 förekommer
1655 329 95 30 inom

254 373 320 40 stadsfullmäktige
596 374 202 39 därigenom
822 375 112 30 skulle
955 375 143 31 komma
1122 379 48 28 att
1194 377 167 32 förrättas
1384 378 106 40 enligt
1511 388 42 20 en
1575 380 64 29 och
1661 389 90 20 sam-

253 432 57 20 ma
330 424 126 29 metod.

296 473 135 29 Bakom
451 474 250 40 utredningens
721 475 132 40 förslag
875 476 71 38 står
967 477 161 40 samtliga
1149 478 41 30 de
1212 479 233 40 sakkunniga.
1468 480 52 29 En
1541 490 41 20 av
1603 481 150 30 ledamö-

252 524 101 29 terna
374 523 10 29 i
407 524 233 40 utredningen
662 525 64 30 har
748 526 193 30 emellertid
964 527 11 29 i
998 529 49 27 ett
1069 528 142 30 särskilt
1231 530 163 38 yttrande
1417 531 106 38 pekat
1544 531 44 39 på
1612 533 51 28 att
1686 532 67 30 den

253 572 198 41 föreslagna
468 575 161 29 metoden
646 575 70 30 kan
733 576 78 30 leda
827 577 53 29 till
896 578 50 28 att
964 586 42 20 en
1023 587 136 30 person,
1178 588 75 21 som
1271 579 72 30 står
1360 589 75 20 som
1454 580 111 30 första
1584 591 108 20 namn
1708 583 45 39 på

252 632 74 20 mer
343 624 46 29 än
407 633 42 20 en
466 625 168 39 tredjedel
651 635 43 21 av
710 626 231 35 valsedlarna,
962 627 70 29 kan
1050 629 170 29 uteslutas
1240 629 80 30 från
1337 630 231 40 förslagsrum
1585 632 10 29 i
1614 632 57 30 det
1690 633 63 29 fall

252 674 51 28 att
329 674 119 39 övriga
474 676 164 29 röstande
665 676 44 39 på
737 676 87 30 visst
853 678 69 29 sätt
948 685 192 32 grupperar
1168 680 194 39 ordningen
1391 681 129 29 mellan
1547 682 41 30 de
1616 691 137 31 gemen-

252 732 137 21 samma
414 733 108 21 namn
547 734 76 20 som
648 726 237 30 förekommer
909 728 45 39 på
978 728 102 30 deras
1106 730 123 29 sedlar.
1256 731 67 29 För
1351 732 51 28 att
1428 734 184 36 garantera
1637 733 115 30 denna

251 773 170 39 tredjedel
443 775 78 29 dess
545 776 273 39 proportionella
842 779 69 28 rätt
932 778 53 29 till
1008 779 58 29 det
1089 780 111 39 tredje
1222 781 181 30 mandatet
1426 784 86 27 utan
1534 784 51 29 ait
1607 784 11 29 i
1641 784 111 39 övrigt

251 823 125 40 frångå
394 824 67 30 den
482 834 43 21 av
545 826 232 40 utredningen
798 827 186 31 förordade
1004 830 162 29 metoden
1185 830 65 30 har
1271 830 10 29 i
1302 831 57 30 det
1380 832 173 37 särskilda
1574 835 179 38 yttrandet

251 872 198 41 föreslagits
467 884 43 20 en
526 875 240 41 tilläggsregel,
784 887 43 21 av
843 878 169 30 innebörd
1028 881 52 29 att
1095 880 111 39 tredje
1224 881 306 40 förslagsrummet
1546 884 98 30 alltid
1662 885 89 31 skall

250 925 203 37 garanteras
477 926 67 28 den
569 935 75 20 som
669 927 163 40 uppförts
855 929 114 29 överst
992 929 46 39 på
1063 930 107 30 minst
1193 940 43 21 en
1261 932 169 39 tredjedel
1456 942 42 22 av
1521 934 229 35 valsedlarna,

249 972 118 31 därest
391 983 131 22 samme
544 976 169 30 kandidat
735 977 103 39 eljest
861 978 75 31 icke
958 980 163 39 uppförts
1144 981 43 39 på
1209 981 141 40 förslag.

896 1147 209 31 Yttrandena

294 1226 75 30 Den
388 1236 42 20 av
449 1227 231 40 utredningen
699 1229 198 40 föreslagna
916 1231 219 31 valmetoden
1155 1233 55 30 vid
1231 1233 234 40 borgmästar-
1484 1235 64 29 och
1568 1237 181 29 rådmans-

249 1276 56 29 val
331 1276 64 30 har
422 1277 186 40 tillstyrkts
634 1279 82 29 eller
741 1280 152 31 lämnats
918 1282 86 29 utan
1030 1282 140 31 erinran
1196 1285 11 29 i
1234 1285 163 39 samtliga
1423 1282 323 48 remissyttranden.

248 1326 266 40 Länsstyrelsen
539 1330 11 29 i
573 1329 151 39 Uppsala
750 1331 56 30 län
830 1331 64 29 har
916 1332 99 34 dock,
1040 1333 111 30 under
1174 1334 211 40 hänvisning
1407 1336 51 29 till
1479 1337 178 39 professor
1680 1338 67 30 Hå-

249 1378 96 29 stads
366 1378 172 31 särskilda
557 1379 171 39 yttrande,
750 1381 158 30 förordat
927 1384 50 28 att
997 1384 249 39 utredningens
1267 1385 131 40 förslag
1420 1387 166 39 utbygges
1605 1389 79 29 med
1705 1398 42 20 en

249 1426 231 41 tilläggsregel
500 1438 42 21 av
561 1429 169 31 innebörd
751 1433 50 28 att
821 1432 112 39 tredje
952 1433 304 39 förslagsrummet
1276 1436 99 30 alltid
1397 1437 90 29 skall
1509 1437 149 31 tilldelas
1680 1440 66 29 den

250 1487 76 20 som
350 1479 162 39 uppförts
537 1481 115 29 överst
678 1481 45 39 på
749 1481 109 30 minst
883 1492 42 20 en
951 1484 169 39 tredjedel
1148 1494 41 21 av
1215 1486 229 36 valsedlarna,
1473 1488 116 30 därest
1615 1498 131 21 samme

248 1528 172 31 kandidat
440 1530 101 39 eljest
563 1530 76 30 icke
660 1532 163 39 uppförts
844 1533 45 39 på
910 1533 141 40 förslag.

806 1692 383 36 Departementschefen

288 1772 267 39 Föredragande
578 1774 396 41 departementschefen,
997 1779 189 29 statsrådet
1207 1779 210 40 Zetterberg,
1441 1781 101 30 anför
1564 1782 44 30 bl.
1632 1792 29 20 a.
1684 1783 64 30 föl-

244 1820 124 39 jande:

292 1872 34 29 »I
350 1871 109 31 likhet
479 1873 78 30 med
578 1874 343 32 remissinstanserna
942 1877 116 30 finner
1079 1878 57 38 jag
1159 1879 54 30 för
1234 1888 83 29 egen
1338 1882 54 29 del
1415 1883 48 28 att
1484 1883 66 29 den
1571 1892 42 21 av
1634 1884 113 29 utred-

245 1920 129 40 ningen
395 1922 198 40 föreslagna
613 1925 221 30 valmetoden
856 1928 37 29 är
915 1927 66 30 den
1003 1937 48 20 nu
1073 1929 159 38 gällande
1252 1931 221 31 valmetoden
1494 1933 137 39 avgjort
1651 1935 95 29 över-

245 1971 129 39 lägsen.
396 1973 48 29 På
464 1974 113 38 grund
598 1974 109 30 härav
727 1976 66 29 och
813 1976 45 30 då
877 1978 67 29 den
965 1979 38 29 är
1024 1979 182 41 lättfattlig
1227 1981 65 29 och
1313 1982 101 30 enkel
1436 1984 50 28 att
1508 1983 158 40 tillämpa
1686 1985 59 30 vill

244 2021 59 40 jag
324 2022 152 35 förorda,
498 2026 50 29 att
569 2025 67 29 den
657 2027 204 30 nuvarande
883 2029 161 29 metoden
1066 2029 55 30 för
1141 2031 99 29 valen
1262 2040 42 20 av
1323 2032 240 39 borgmästare
1584 2035 65 29 och
1669 2035 77 30 råd-

245 2073 82 29 män
349 2074 146 30 ersättes
518 2084 43 20 av
583 2076 160 29 metoden
767 2078 78 29 med
867 2079 102 29 enkel
991 2079 138 30 absolut
1151 2082 247 39 rangordning.
1423 2083 58 29 Ett
1504 2084 143 30 särskilt
1670 2086 76 29 skäl

245 2122 55 30 för
326 2125 50 28 att
402 2124 56 30 vid
487 2126 99 29 valen
613 2136 41 20 av
679 2127 239 39 borgmästare
945 2130 65 29 och
1036 2130 148 31 rådmän
1210 2132 159 40 tillämpa
1396 2134 162 30 metoden
1584 2136 79 29 med
1690 2145 57 20 en-

245 2173 55 30 kel
324 2174 140 31 absolut
490 2177 237 39 rangordning
753 2179 38 28 är
818 2179 115 34 också,
960 2181 50 29 att
1038 2190 56 21 om
1121 2182 112 29 denna
1262 2183 116 30 metod
1406 2184 116 30 såsom
1549 2185 197 40 föreslagits

243 2223 159 31 kommer
425 2227 49 28 att
496 2226 11 28 i
530 2227 191 32 allmänhet
745 2228 176 40 tillämpas
944 2230 57 30 vid
1023 2232 273 38 proportionella
1319 2234 56 29 val
1397 2234 96 30 inom
1516 2235 228 32 kommunala

243 2274 205 31 beslutande
476 2276 257 41 församlingar,
763 2280 162 39 samtliga
952 2281 41 29 de
1021 2282 273 39 proportionella
1321 2284 57 29 val
1406 2294 75 20 som
1509 2286 235 30 förekommer

242 2324 96 30 inom
360 2326 319 41 stadsfullmäktige
701 2329 204 39 därigenom
927 2331 112 30 skulle
1061 2332 142 30 komma
1225 2335 51 27 att
1297 2334 167 31 förrättas
1486 2336 107 39 enligt
1615 2346 42 20 en
1679 2337 64 29 och

245 2384 135 21 samma
403 2378 125 29 metod.
552 2378 64 39 Jag
639 2379 116 30 finner
779 2380 75 30 icke
878 2381 209 41 tillräckliga
1112 2384 75 29 skäl
1211 2385 59 32 att,
1295 2384 116 31 såsom
1435 2386 202 39 ifrågasatts
1662 2387 11 29 i
1697 2389 48 28 ett

242 2427 163 37 yttrande
426 2427 94 30 inom
542 2430 231 39 utredningen
795 2431 65 30 och
881 2432 175 30 förordats
1079 2443 42 20 av
1142 2443 41 20 en
1205 2434 273 36 remissinstans,
1500 2437 150 39 utbygga
1675 2447 70 20 me-
