2133 2650
416 203 109 31 Första
552 202 201 33 Kammarens
780 202 165 45 Tillfälliga
973 204 127 33 Utskotts
1125 205 76 40 (N:o
1230 210 24 36 1)
1282 207 160 32 Utlåtande
1468 208 62 32 N:o
1552 212 30 30 6.
1788 214 16 28 5

202 283 83 37 bäst
313 283 71 37 och
413 284 85 36 med
527 290 139 32 största
693 285 182 50 trygghet
902 286 118 37 borde
1049 287 127 37 kunna
1203 287 250 39 öfverlemnas
1482 293 38 34 åt
1540 291 133 49 högsta
1694 292 112 48 polis-

202 335 272 49 myndigheten
504 337 101 35 inom
634 342 121 40 orten,
784 350 80 23 som
894 341 19 33 å
942 352 69 22 ena
1039 340 107 36 sidan
1174 341 60 35 väl
1262 341 70 35 bör
1357 341 109 37 hafva
1486 355 141 23 samma
1646 344 158 36 intresse

200 386 57 37 för
298 387 152 49 lugnets
487 388 214 37 bevarande
740 389 70 35 och
841 389 228 50 ordningens
1099 392 334 48 upprätthållande
1462 406 80 24 som
1571 394 234 38 kommunal-

199 439 187 48 styrelsen
415 439 70 35 och
515 443 19 31 å
563 440 117 35 andra
708 440 106 35 sidan
844 448 40 28 är
912 442 253 36 underkastad
1196 443 418 38 embetsmannaansvar
1641 445 58 36 för
1724 447 80 35 sina

199 489 138 44 beslut,
380 489 79 37 dels
500 496 56 30 att
589 490 122 36 denna
740 497 103 42 magt
871 492 82 36 icke
983 493 69 36 bör
1079 494 222 37 inskränkas
1329 495 99 37 blott
1456 497 58 35 till
1543 502 54 31 att
1625 498 80 35 helt
1733 498 71 36 och

200 541 119 36 hållet
360 540 176 49 förbjuda
578 542 72 35 den
690 541 332 50 försäljningsrätt,
1065 545 155 37 hvarom
1262 560 49 22 nu
1351 554 39 29 är
1418 546 117 49 fråga,
1570 554 91 30 utan
1695 548 108 37 äfven

200 593 85 35 att
278 588 20 60 i
312 592 73 36 den
413 593 181 48 rigtning,
624 593 67 36 här
719 593 111 36 ofvan
860 594 125 37 blifvit
1013 597 144 47 antydt,
1185 596 225 38 föreskrifva
1438 599 139 36 sådana
1611 600 194 36 inskränk-

199 644 136 47 ningar
363 644 11 35 i
403 643 227 46 densamma,
672 657 80 23 som
781 645 127 37 kunna
936 660 89 22 vara
1053 646 58 37 för
1140 648 214 37 ändamålet
1384 649 258 49 erforderliga.
1698 651 107 37 Klart

200 702 41 28 är
282 694 123 45 äfven,
447 700 55 31 att
544 695 126 48 dylika
712 695 137 37 förbud
892 698 92 35 eller
1021 699 315 49 inskränkningar
1368 701 82 36 icke
1480 702 90 36 böra
1600 703 203 45 meddelas,

199 751 91 31 utan
319 751 56 31 att
403 746 84 45 den,
508 746 110 37 hvars
643 752 76 31 rätt
745 755 39 28 är
805 748 10 35 i
835 747 117 50 fråga,
982 748 192 38 äfvensom
1203 751 286 37 vederbörande
1519 755 284 47 ortmyndighet

199 796 127 38 blifvit
354 797 129 36 hörda.

299 848 53 36 På
380 848 107 37 dessa
516 848 81 36 skäl
625 848 57 36 får
709 849 187 38 utskottet
925 851 210 46 hemställa,

701 940 56 30 att
797 935 215 36 kammaren
1054 937 193 48 behagade
1288 938 59 36 för
1384 940 55 35 sin
1482 940 60 36 del
1571 941 149 37 besluta
1748 948 56 31 att

601 985 55 36 uti
698 984 196 38 skrifvelse
936 987 57 35 till
1031 987 134 49 Kongl.
1198 988 104 48 Maj:t
1330 990 149 36 anhålla
1509 1004 59 23 om
1597 993 114 35 sådan
1741 1001 62 28 än-

601 1036 111 47 dring
751 1037 11 34 i
803 1050 50 22 nu
895 1038 173 46 gällande
1110 1039 238 48 lagstiftning
1389 1042 193 46 angående
1624 1045 62 34 vin
1732 1045 69 36 och

601 1087 255 50 maltdrycker
893 1102 44 21 m.
968 1102 46 22 m.
1045 1095 65 40 att,
1140 1091 67 35 der
1235 1092 218 36 tillverkare
1482 1092 40 37 af
1547 1095 257 48 maltdrycker

600 1138 121 35 håller
761 1139 138 36 sådana
941 1140 161 49 drycker
1129 1142 58 35 till
1221 1143 79 35 salu
1339 1144 161 36 medelst
1528 1144 274 51 kringförning,

601 1189 69 36 och
689 1190 230 47 oordningar
940 1190 107 37 deraf
1065 1191 225 48 föranledas,
1310 1194 231 49 Konungens
1562 1197 241 48 befallnings-

600 1239 186 37 hafvande
816 1245 59 32 må
904 1255 68 34 ega
1000 1248 67 39 att,
1096 1244 115 36 sedan
1241 1244 84 45 den,
1354 1246 111 36 hvars
1492 1253 77 30 rätt
1594 1255 40 28 är
1655 1249 10 34 i
1685 1243 117 57 fråga,

601 1290 193 37 äfvensom
823 1292 10 35 i
862 1293 82 35 stad
987 1294 245 48 magistraten
1267 1297 69 35 och
1367 1300 19 32 å
1415 1297 127 37 landet
1570 1299 233 36 kommunal-

601 1343 186 35 nämnden
816 1343 126 37 blifvit
970 1344 129 45 hörda,
1128 1345 58 36 för
1214 1347 75 36 viss
1317 1348 54 35 tid
1401 1348 91 36 eller
1520 1349 58 36 för
1602 1350 105 36 alltid
1728 1350 74 36 för-

600 1393 116 48 bjuda
757 1394 114 36 sådan
913 1395 216 37 tillverkare
1162 1398 49 35 all
1245 1398 104 48 dylik
1378 1399 222 50 försäljning
1627 1402 102 35 inom
1758 1415 42 23 en

600 1445 91 35 eller
732 1446 89 35 flere
854 1446 223 37 kommuner
1110 1449 90 35 eller
1233 1450 68 35 ock
1330 1449 224 38 föreskrifva
1583 1452 138 36 sådana
1749 1454 54 35 in-

600 1496 275 48 skränkningar
894 1497 12 35 i
925 1497 162 37 berörda
1112 1498 333 51 försäljningsrätt,
1467 1502 152 36 hvartill
1640 1509 162 31 omstän-

600 1546 222 48 digheterna
850 1548 126 36 kunna
1004 1548 205 38 föranleda.

299 1628 220 37 Stockholm
550 1630 71 36 den
651 1634 45 34 20
726 1645 97 22 mars
855 1634 105 35 1888.

764 1784 50 35 På
844 1784 205 38 utskottets
1079 1794 154 40 vägnar:

731 1935 43 39 O.
805 1937 45 36 M.
880 1931 393 46 BJÖRNSTJERNA.

297 2339 66 26 Bih.
383 2340 42 26 till
443 2340 96 27 Riksd.
560 2341 73 26 Prot.
656 2342 83 27 1868.
776 2343 18 25 &
811 2341 85 29 Saml.
931 2344 19 25 2
969 2345 68 32 Afd.
1073 2345 16 24 1
1109 2345 94 25 Band.
1224 2345 16 26 4
1259 2345 80 34 Häft.
1688 2352 14 22 2
