1924 2846
312 172 37 30 16
760 173 282 30 Bankoutskottets
1062 174 165 30 utlåtande
1248 175 47 29 Nr
1323 182 51 26 31.

315 258 134 38 talning
467 270 40 20 ur
527 258 151 40 bolagets
700 260 187 39 tillgångar
909 273 69 20 som
1000 262 234 39 förlagsbevis,
1258 263 202 33 tillhörande
1483 264 55 32 det
1560 277 41 19 av
1623 265 135 38 bolaget
1779 266 38 31 år

317 309 84 32 1925
424 309 141 38 utgivna
588 310 232 38 förlagslånet.
842 311 280 38 Förlagsbevisen
1145 313 104 38 finge,
1278 313 5 31 i
1307 313 63 32 den
1392 315 77 31 mån
1491 314 326 39 riksgäldskontoret

316 359 37 32 så
373 359 105 32 funne
496 359 167 40 lämpligt,
686 372 41 21 av
747 360 156 34 kontoret
923 362 169 38 försäljas.
1126 362 142 39 Bolaget
1287 375 79 20 vore
1387 364 185 38 berättigat
1592 368 51 29 att
1664 369 60 28 när
1746 377 70 20 som

315 409 89 33 helst
425 410 54 32 till
500 410 74 38 pari
597 414 160 35 övertaga
780 411 40 33 de
843 412 234 40 förlagsbevis,
1102 425 69 20 som
1194 413 145 33 befunne
1363 414 53 38 sig
1439 414 12 32 i
1472 414 343 39 riksgäldskontorets

313 464 74 35 ägo,
409 460 81 32 eller
510 464 105 29 större
636 461 80 32 eller
736 462 130 32 mindre
884 466 113 35 poster
1016 475 42 20 av
1080 463 108 33 dessa.
1210 463 124 33 Därest
1355 464 218 39 avbetalning
1593 465 223 32 verkställdes

315 511 20 32 å
360 510 152 39 bolagets
540 511 188 39 förlagslån
754 524 43 20 av
823 513 39 31 år
889 514 95 39 1925,
1012 513 109 33 skulle
1148 514 178 38 samtidigt
1350 518 83 28 utan
1459 514 147 33 särskild
1632 515 184 32 anfordran

314 561 126 33 inlösas
461 562 101 32 minst
581 574 128 20 samma
726 562 120 39 belopp
868 575 42 20 av
930 563 39 32 de
990 564 83 32 1932
1095 564 54 32 års
1171 564 235 39 förlagsbevis,
1427 577 70 20 som
1518 565 42 32 då
1581 565 148 38 alltjämt
1748 565 67 32 till-

312 612 102 32 hörde
436 612 335 39 riksgäldskontoret.

359 661 121 39 Enligt
500 662 128 33 avtalet
648 662 108 33 skulle
778 663 128 40 vidare,
929 664 177 39 samtidigt
1127 665 74 32 med
1224 665 225 38 övertagande
1473 678 42 19 av
1538 665 277 39 förlagsbevisen,

315 712 328 38 riksgäldskontoret
670 713 125 38 bevilja
822 713 137 39 bolaget
987 718 67 29 mot
1083 715 221 32 avlämnande
1334 727 43 20 av
1405 715 210 39 vederbörlig
1645 715 169 33 skuldför-

314 762 150 33 bindelse
484 767 49 28 ett
553 763 56 32 lån
630 764 20 31 å
672 765 91 31 114.7
784 764 154 38 miljoner
959 764 130 34 kronor.
1110 761 33 36 Å
1165 765 92 32 detta
1278 765 57 32 lån
1357 765 110 32 skulle
1487 766 83 38 utgå
1592 769 98 29 ränta
1709 765 108 38 enligt

311 813 66 33 vad
402 813 94 33 förut
518 814 160 38 angivits.
723 814 66 33 Det
812 814 111 33 skulle
945 815 116 38 åligga
1083 815 135 38 bolaget
1241 819 59 34 att,
1326 816 111 32 såsom
1460 816 156 32 säkerhet
1639 816 53 32 för
1715 816 101 37 lånet,

311 864 54 32 till
386 863 327 39 riksgäldskontoret
732 865 158 32 avlämna
911 865 149 39 följande
1080 866 58 32 vid
1159 866 143 32 avtalets
1323 866 165 38 ingående
1508 866 12 32 i
1540 866 203 33 riksbanken
1763 866 53 32 be-

312 914 123 32 lånade
453 914 129 40 växlar,
604 915 169 38 nämligen

359 964 37 40 a)
426 964 99 38 tjugu
548 964 130 40 växlar,
703 965 167 32 utställda
893 977 42 21 av
959 966 80 32 Ivar
1064 966 172 38 Kreugers
1262 967 159 32 stärbhus
1446 967 61 32 och
1533 967 214 38 accepterade
1773 978 42 20 av

315 1013 154 34 Svenska
491 1015 430 40 tändsticksaktiebolaget,
946 1016 146 38 lydande
1116 1017 20 32 å
1159 1017 143 38 tillhopa
1327 1018 196 37 20,000,000
1546 1017 136 38 kronor;

355 1063 38 41 b)
423 1066 99 38 tjugu
546 1066 129 39 växlar,
701 1066 166 32 utställda
891 1078 43 20 av
958 1066 80 32 Ivar
1061 1067 154 37 Kreuger
1240 1067 59 31 och
1326 1066 215 39 accepterade
1567 1078 41 20 av
1634 1066 181 32 aktiebola-

310 1120 56 33 get
387 1116 153 38 Kreuger
560 1117 27 31 &
606 1115 86 40 Toll,
711 1116 147 38 lydande
879 1117 19 31 å
917 1116 142 39 tillhopa
1080 1117 195 38 20,000,000
1295 1116 137 39 kronor;

356 1165 34 40 ce)
420 1167 154 31 trettioen
601 1166 128 39 växlar,
758 1167 164 32 utställda
951 1179 41 20 av
1019 1167 80 32 Ivar
1128 1167 154 38 Kreuger
1310 1167 61 33 och
1400 1168 211 38 accepterade
1641 1180 41 20 av
1712 1167 104 32 aktie-

309 1215 135 39 bolaget
463 1216 153 38 Kreuger
634 1217 27 31 &
679 1216 85 39 Toll,
785 1216 147 38 lydande
951 1217 20 31 å
987 1217 143 38 tillhopa
1150 1218 195 37 30,575,000
1366 1216 136 39 kronor;
1522 1221 87 28 samt

354 1264 37 40 d)
422 1265 177 39 fyrtiofem
623 1266 129 38 växlar,
776 1265 168 33 utställda
968 1278 41 20 av
1032 1267 81 31 Ivar
1138 1267 170 37 Kreugers
1335 1267 157 31 stärbhus
1517 1267 60 31 och
1602 1266 214 39 accepterade

310 1327 42 20 av
379 1315 152 33 Svenska
556 1316 429 39 tändsticksaktiebolaget,
1010 1317 146 38 lydande
1181 1318 20 31 å
1226 1317 143 38 tillhopa
1395 1318 196 38 44,125,000
1616 1317 131 33 kronor.

354 1365 51 32 De
426 1366 62 32 här
508 1378 85 20 ovan
614 1366 105 32 under
739 1365 36 40 a)
802 1367 61 31 och
885 1365 37 41 b)
948 1367 222 32 omförmälda
1190 1367 165 32 växlarna
1375 1367 109 32 skulle
1504 1379 82 21 vara
1607 1368 145 38 åtföljda
1774 1380 43 20 av

312 1416 151 38 hypotek
487 1428 42 20 av
556 1416 108 32 aktier
689 1417 20 31 å
735 1416 174 32 nominellt
935 1417 195 38 39,375,650
1155 1416 121 32 kronor
1302 1416 12 31 1
1339 1416 158 32 Bolidens
1525 1417 290 38 gruvaktiebolag.

310 1466 77 32 Med
409 1466 40 32 de
469 1466 104 32 under
594 1465 34 41 c)
655 1466 60 33 och
737 1466 38 39 d)
802 1466 223 33 omförmälda
1045 1467 164 32 växlarna
1229 1466 109 33 skulle
1360 1468 110 31 såsom
1491 1468 149 38 hypotek
1661 1468 84 38 följa
1768 1480 47 20 re-

309 1516 153 38 spektive
485 1516 173 33 nominellt
681 1517 195 38 11,500,000
902 1517 123 32 dollars
1049 1517 60 32 och
1133 1517 172 32 nominellt
1330 1519 195 37 17,500,000
1550 1518 123 32 dollars
1699 1518 116 38 Tyska

310 1566 104 32 rikets
439 1568 18 31 6
479 1568 22 32 &
523 1566 220 39 obligationer
764 1579 42 20 av
829 1567 38 31 år
891 1568 95 31 1930.

354 1616 57 32 Nu
435 1616 222 33 omförmälda
678 1616 108 32 aktier
809 1617 61 31 och
895 1616 220 38 obligationer
1139 1617 108 32 skulle
1271 1616 107 39 enligt
1402 1617 127 32 avtalet
1552 1617 92 38 gälla
1668 1629 69 20 som
1762 1629 53 26 ge-

313 1677 147 21 mensam
479 1666 156 33 säkerhet
655 1667 53 31 för
726 1666 75 32 hela
821 1666 263 38 ifrågavarande
1103 1667 56 31 lån
1178 1668 20 31 å
1218 1668 90 31 114.7
1327 1667 154 38 miljoner
1499 1667 122 32 kronor
1638 1668 12 31 i
1669 1667 61 32 den
1750 1680 65 20 om-

310 1716 162 39 fattning,
494 1717 74 31 vari
588 1716 341 39 kreditaktiebolaget
950 1717 106 38 enligt
1077 1717 54 32 till
1153 1717 134 39 bolaget
1308 1718 120 38 gjorda
1451 1718 271 38 förskrivningar
1744 1719 71 37 lag-

307 1765 91 39 ligen
423 1766 85 38 ägde
531 1766 138 38 förfoga
693 1771 76 27 över
793 1778 128 21 samma
945 1767 285 38 pantsäkerheter.
1276 1767 109 33 Dessa
1410 1768 272 38 förskrivningar
1706 1768 109 32 skulle

308 1817 208 33 överlämnas
539 1817 54 32 till
614 1817 337 39 riksgäldskontoret,
975 1817 158 33 försedda
1155 1818 73 32 med
1250 1818 232 38 vederbörliga
1504 1819 222 32 överlåtelser.

356 1867 69 32 Till
448 1867 406 39 riksgäldsfullmäktiges
875 1868 166 38 protokoll
1062 1873 76 27 över
1159 1868 217 32 låneärenden
1400 1869 54 32 för
1475 1869 60 32 den
1557 1870 40 31 21
1619 1869 88 39 april
1730 1870 83 31 1932

309 1918 62 32 har
393 1918 207 39 antecknats,
625 1922 52 28 att
698 1917 275 33 Skandinaviska
994 1918 342 38 kreditaktiebolaget
1358 1919 64 32 den
1446 1921 39 31 19
1508 1919 13 31 i
1544 1931 126 20 samma
1692 1920 121 31 månad

308 1968 55 32 till
382 1968 327 38 riksgäldskontoret
726 1968 208 32 överlämnat
952 1969 13 31 i
984 1969 127 32 avtalet
1130 1969 223 32 omförmälda
1373 1969 223 39 förlagsbevis
1617 1970 20 31 å
1658 1971 62 31 100
1741 1970 71 32 mil-

308 2019 93 37 joner
422 2018 121 32 kronor
563 2023 88 27 samt
670 2018 307 33 skuldförbindelse
999 2019 53 32 för
1073 2019 92 32 lånet
1185 2020 19 31 å
1227 2020 91 31 114.7
1341 2020 153 37 miljoner
1515 2019 121 33 kronor
1658 2025 155 27 ävensom

309 2072 51 29 att
387 2069 39 32 de
451 2069 202 38 handlingar
679 2069 11 31 i
717 2069 120 38 övrigt,
866 2081 70 20 som
962 2069 105 38 enligt
1093 2069 194 33 kontraktet
1311 2070 212 32 erfordrades
1551 2070 53 32 för
1631 2071 182 32 stödaktio-

307 2130 79 21 nens
408 2119 268 38 genomförande,
697 2118 98 32 blivit
815 2118 203 38 upprättade
1038 2119 61 32 och
1120 2119 209 32 sistnämnda
1350 2119 67 38 dag
1438 2119 196 33 avlämnade
1654 2119 54 33 till
1729 2120 83 32 riks-

309 2169 264 38 gäldskontoret.
622 2169 18 32 I
669 2169 161 32 skrivelse
859 2181 128 20 samma
1014 2169 66 38 dag
1107 2169 85 32 hade
1219 2169 248 39 kreditbolaget
1492 2170 116 33 vidare
1636 2171 177 37 meddelat,

306 2221 52 29 att
375 2218 136 38 bolaget
531 2230 117 26 genom
669 2218 189 38 insättning
880 2220 44 37 på
945 2218 144 39 kapital-
1110 2218 83 33 eller
1214 2219 351 39 depositionsräkning
1588 2220 77 32 från
1686 2224 49 28 ett
1757 2232 54 20 an-

307 2270 49 31 tal
380 2269 144 33 svenska
547 2269 241 32 affärsbanker
810 2270 11 31 i
845 2269 148 38 enlighet
1015 2270 74 32 med
1111 2270 66 32 vad
1200 2270 12 31 i
1233 2270 196 32 kontraktet
1452 2270 179 33 förutsatts
1656 2271 157 38 mottagit

307 2322 48 29 ett
377 2320 120 38 belopp
521 2331 42 20 av
586 2321 41 31 40
653 2319 151 38 miljoner
828 2319 132 32 kronor.
1006 2318 110 33 Sedan
1139 2320 54 32 till
1216 2320 118 32 chefen
1357 2320 54 32 för
1434 2320 378 39 finansdepartementet

308 2369 139 33 avlåtits
474 2369 225 38 meddelande,
725 2373 51 29 att
802 2369 78 32 från
906 2369 341 38 riksgäldskontorets
1272 2370 75 32 sida
1372 2370 85 32 intet
1482 2371 120 32 funnes
1629 2375 51 28 att
1703 2372 110 31 erinra

308 2423 68 29 mot
398 2423 51 29 att
471 2420 127 38 Kungl.
620 2420 112 38 Maj:t,
753 2420 44 38 på
820 2423 69 28 sätt
911 2419 11 31 i
945 2419 197 38 riksdagens
1165 2420 161 33 skrivelse
1346 2420 12 31 i
1380 2424 112 29 ämnet
1513 2420 189 40 förutsatts,
1724 2422 87 32 med-

308 2469 116 33 delade
445 2470 109 32 beslut
575 2469 170 39 angående
765 2469 214 38 utbetalning
998 2481 41 20 av
1060 2469 39 33 de
1118 2470 134 38 bolaget
1272 2470 166 38 beviljade
1458 2470 248 41 lånebeloppen,
1726 2472 86 32 hade
