2158 2630
664 186 279 35 Bankoutskottets
966 182 163 34 utlåtande
1153 181 53 45 Nr
1228 181 52 32 29.
1694 175 39 32 21

176 269 283 42 mästaresysslan,
484 273 36 28 är
543 268 55 33 det
620 267 102 42 givet,
747 266 69 32 dels
840 266 51 31 att
914 264 62 32 den
999 262 85 33 skall
1107 261 51 32 för
1182 271 40 22 en
1244 258 123 33 kvinna
1382 257 55 33 vid
1455 257 123 32 hennes
1595 255 89 33 ålder
1699 264 82 22 vara

178 316 112 33 alltför
312 313 176 38 krävande,
513 312 68 33 dels
606 314 50 30 att
679 311 105 32 första
808 306 359 41 vaktmästaresysslan
1189 304 55 32 vid
1268 304 49 31 ett
1341 313 41 21 av
1405 301 104 32 rikets
1532 301 124 31 största
1678 298 102 40 högre

178 360 163 33 allmänna
374 357 153 33 läroverk
560 356 59 33 bör
654 355 167 32 överlåtas
856 353 35 32 åt
923 363 40 22 en
986 350 124 40 manlig
1131 348 209 33 innehavare.
1386 346 52 31 Dä
1459 345 65 31 hon
1546 343 55 32 vid
1624 352 157 23 mannens

179 404 62 32 död
275 401 210 34 förordnades
515 402 50 31 att
591 399 163 33 innehava
776 396 236 40 befattningen,
1038 395 119 39 avsågs
1181 392 133 32 därmed
1337 390 114 33 endast
1474 400 40 21 en
1538 387 179 40 anordning
1741 397 40 21 av

178 447 146 41 tillfällig
356 447 106 31 natur.
508 445 64 31 Det
610 454 79 22 vore
724 441 181 33 emellertid
939 438 129 41 obilligt
1103 439 50 30 att
1187 436 84 32 efter
1300 435 121 31 hennes
1445 434 37 31 så
1504 431 192 42 långvariga
1721 430 61 32 och

177 494 121 39 trogna
322 491 110 31 arbete
455 489 12 32 i
490 489 54 32 det
568 488 182 31 allmännas
772 485 105 41 tjänst
901 483 164 41 entlediga
1088 481 114 38 henne,
1227 480 112 31 förrän
1361 478 121 32 hennes
1506 475 166 33 ålderdom
1687 473 95 33 blivit

179 537 42 41 på
254 536 102 39 något
388 534 69 32 sätt
478 532 12 32 i
513 531 210 33 ekonomiskt
747 529 160 32 avseende
930 526 152 42 tryggad,
1108 525 61 32 och
1193 534 97 31 synes
1313 523 110 31 staten
1445 519 117 34 härvid
1584 520 81 31 böra
1687 518 94 32 träda

179 579 174 42 hjälpande
388 577 138 33 emellan
559 576 110 31 såsom
700 573 140 41 tidigare
864 572 91 32 skett
977 571 11 32 i
1011 571 80 31 flera
1114 568 153 32 liknande
1290 566 68 39 fall,
1382 566 81 31 varå
1486 563 148 42 exempel
1656 562 126 32 lämnas

181 634 70 22 som
275 622 110 41 bilaga
408 621 52 32 till
482 620 105 32 denna
609 617 154 34 motion.»

309 684 75 37 Till
419 683 185 36 utskottet
646 681 68 36 har
751 679 144 50 jämväl
939 677 253 36 överlämnats
1234 678 53 32 ett
1316 686 46 27 av
1389 671 153 36 rektorn
1571 669 62 36 vid
1664 668 120 48 högre

180 735 293 39 realläroverket
502 737 20 34 å
550 732 216 38 Norrmalm
797 731 41 37 C.
870 729 197 38 Svedelius
1095 726 179 47 utfärdat,
1305 725 72 36 den
1405 725 22 34 4
1453 735 99 24 mars
1575 722 97 36 1920
1694 720 90 48 dag-

183 790 153 36 tecknat
364 788 111 48 intyg
504 800 46 22 av
578 785 168 46 föliande
774 783 159 48 lydelse:

316 838 163 33 »Härmed
514 837 51 32 får
592 837 58 41 jag
671 835 162 41 bestyrka
855 832 201 41 riktigheten
1081 842 41 20 av
1147 830 39 31 de
1209 828 168 42 uppgifter
1400 826 137 32 rörande
1561 825 139 32 änkefru
1722 824 62 31 Lo-

182 884 73 32 visa
288 883 155 33 Adolfina
465 880 218 33 Anderholms
707 878 200 40 anställning
931 887 70 21 som
1025 874 183 38 städerska,
1233 872 128 32 biträde
1385 870 35 32 åt
1443 870 49 31 sin
1515 880 77 21 man
1614 869 171 31 vaktmäs-

181 931 74 30 tare
288 927 41 33 N.
362 926 199 33 Anderholm
585 926 87 30 samt
694 923 154 40 slutligen
872 921 229 32 vaktmästare
1125 918 53 31 vid
1202 917 111 40 Högre
1336 913 260 34 realläroverket
1618 913 42 41 på
1683 912 103 31 Norr-

182 972 110 39 malm,
317 971 91 31 vilka
431 969 137 41 intagits
592 968 11 32 i
626 968 114 32 herrar
764 965 185 43 Kjellbergs
973 963 60 33 och
1057 961 187 42 Tengdahls
1267 959 133 39 motion,
1418 957 166 42 angående
1600 956 135 43 pension
1752 955 35 32 åt

183 1016 138 33 änkefru
343 1014 228 33 Anderholm.»

312 1113 59 36 Av
412 1110 255 47 utredningen
708 1108 12 36 i
761 1106 155 37 ärendet
957 1105 180 48 framgår,
1172 1107 55 32 att
1255 1101 125 36 änkan
1407 1097 234 39 Anderholm
1669 1096 120 36 under

185 1164 252 48 sammanlagt
478 1165 48 33 43
569 1164 40 33 år
645 1163 91 33 stått
771 1159 54 36 uti
853 1155 292 51 ifrågavarande
1173 1153 192 37 läroverks
1393 1152 129 48 tjänst.
1579 1150 57 36 Av
1664 1149 123 36 denna

184 1218 52 37 tid
280 1217 69 36 har
389 1216 77 35 hon
506 1213 120 37 under
660 1215 119 45 något
807 1224 79 23 mer
913 1215 48 30 än
989 1209 84 48 fyra
1102 1210 40 33 år
1168 1209 48 47 på
1245 1219 96 35 egen
1369 1204 101 36 hand
1526 1203 124 35 bestritt
1679 1200 107 37 vakt-

185 1268 293 48 mästarsysslan
519 1265 64 36 vid
624 1264 225 36 läroverket.
904 1261 73 36 Det
1019 1272 112 37 synes
1173 1257 185 37 utskottet
1399 1255 118 54 under
1544 1253 141 37 sådana
1715 1252 73 36 för-

185 1320 204 38 hållanden
431 1318 128 48 billigt
601 1322 55 31 att
697 1318 119 45 något
850 1312 206 38 understöd
1086 1324 45 22 av
1160 1308 218 38 statsmedel
1406 1306 155 37 beredes
1590 1306 122 35 henne
1741 1307 48 46 på

187 1374 142 36 hennes
358 1369 202 45 ålderdom,
590 1368 70 37 och
690 1368 69 36 bar
788 1366 184 36 utskottet
1001 1363 85 36 med
1115 1362 149 46 hänsyn
1293 1360 56 36 till
1368 1359 73 37 vad
1463 1372 79 23 som
1563 1358 159 46 tidigare
1744 1370 44 21 av

185 1424 206 48 riksdagen
419 1423 12 36 i
458 1420 184 38 likartade
672 1419 66 37 fall
766 1418 175 48 beviljats
973 1420 124 32 ansett
1126 1414 61 49 sig
1214 1413 94 36 böra
1337 1411 138 37 föreslå
1503 1415 55 32 ett
1585 1409 137 49 belopp
1744 1421 46 24 av

160 1479 102 35 "400
293 1476 149 35 kronor.
1186 1490 7 6 :

291 1527 195 38 Utskottet
514 1524 229 46 hemställer,

718 1615 56 31 atl
801 1609 208 47 riksdagen
1037 1607 12 35 1
1070 1604 211 47 anledning
1301 1617 46 22 av
1367 1601 248 38 förevarande
1635 1600 155 47 motion,

589 1667 64 33 må
689 1662 192 47 medgiva,
926 1665 54 31 att
1023 1658 284 37 vaktmästaren
1348 1655 65 36 vid
1454 1655 120 47 högre
1615 1652 177 37 realläro-

588 1714 129 37 verket
738 1716 47 46 på
805 1711 215 37 Norrmalm
1041 1710 13 35 i
1076 1708 233 41 Stockholm,
1327 1707 123 35 änkan
1465 1705 138 37 Lovisa
1621 1703 161 36 Adolfins

588 1765 235 37 Anderholm
852 1766 60 34 må
941 1763 83 35 från
1054 1761 70 36 och
1153 1759 85 36 med
1267 1758 185 36 månaden
1481 1761 84 32 näst
1594 1756 94 36 efter
1708 1755 83 46 den,

590 1819 46 35 då
680 1818 73 35 hon
800 1815 212 37 frånträder
1048 1814 58 34 sin
1135 1810 168 37 nämnda
1331 1809 228 48 befattning,
1588 1820 120 24 under
1736 1807 57 35 sin

590 1868 237 38 återstående
865 1866 130 37 livstid
1026 1868 20 32 å
1075 1865 191 35 allmänna
1293 1861 377 48 indragningsstaten
1700 1872 93 35 upp-

590 1922 93 36 bära
712 1934 46 22 en
788 1920 98 48 årlig
914 1918 161 48 pension
1105 1930 46 21 av
1183 1914 230 50 fyrabundra
1444 1913 150 36 kronor.

638 2031 56 33 IV.
741 2030 89 41 Ang.
851 2026 495 46 jordbruksdepartementet.

322 2131 99 46 28:0)
451 2129 15 35 I
496 2142 46 23 en
569 2128 103 35 inom
705 2127 116 36 första
849 2127 217 35 kammaren
1097 2137 45 21 av
1172 2123 128 36 herrar
1329 2123 127 42 Rosén,
1490 2121 214 34 Barlhelson
1724 2118 67 35 och

193 2185 189 42 Bergqvist
410 2180 113 36 väckt
554 2179 153 41 motion,
738 2192 44 22 nr
812 2180 59 38 28,
904 2177 65 35 har
997 2177 145 34 anförts
1174 2173 183 40 fölande:

326 2233 78 30 »Den
432 2232 39 30 29
490 2230 182 41 september
693 2230 80 31 1918
792 2228 94 31 avled
907 2229 95 29 extra
1015 2227 225 40 jägmästaren
1258 2225 81 31 Bror
1350 2223 125 40 Ludvig
1488 2223 110 39 Eugen
1609 2220 185 32 Rossander

194 2277 10 32 i
228 2275 198 34 Vilhelmina
448 2275 10 31 i
482 2276 102 30 sviter
608 2284 42 22 av
674 2273 142 41 spanska
840 2271 127 42 sjukan,
985 2269 258 32 ofterlämnande
1261 2268 105 39 maka,
1384 2267 66 32 Rut
1467 2266 113 32 Astrid
1600 2265 192 38 Rossander,

1844 1112 131 24 Uiskotiet.

1883 2115 65 30 Ang.

1814 2149 86 31 årliga
1924 2149 94 23 under-

1813 2186 58 22 stöd
1896 2185 26 22 åt
1943 2186 77 21 extra

1819 2220 185 31 Jjägmästaren

1813 2256 30 21 B.
1863 2255 29 22 L.
1913 2254 30 22 E.
1958 2254 61 22 Ros:

1813 2290 109 23 sanders
1950 2289 69 23 änka

1830 2324 45 24 och
1893 2324 113 23 minder-

1830 2359 77 32 åriga
1925 2360 75 23 barn.
