1842 2768
224 143 19 29 8
676 144 252 27 Statsutskottets
953 145 160 28 utlåtande
1136 155 40 18 nr
1199 147 64 26 130.

283 221 73 29 Vad
392 222 108 37 angår
537 223 40 28 de
610 223 90 29 båda
726 224 116 38 övriga
867 233 199 31 grupperna
1090 235 40 19 av
1156 227 177 29 allmänna
1358 229 115 37 vägar,
1500 229 213 30 länshuvud-

226 266 104 37 vägar
353 266 63 28 och
438 266 186 51 bygdeväg:
619 277 46 24 ar,
691 277 102 29 synes
816 269 69 38 mig
908 271 195 37 avgörande
1127 271 74 29 skäl
1226 272 68 28 tala
1317 272 53 29 för
1393 274 50 27 att
1466 273 41 29 de
1529 273 183 40 begrepps-

226 310 144 37 mässigt
394 310 94 29 såväl
513 320 72 20 som
608 312 9 28 i
639 312 100 38 fråga
762 322 55 20 om
839 292 248 72 planläggning
1109 315 63 29 och
1196 316 319 39 medelsanvisning
1538 326 174 21 samman-

227 353 92 29 föres
338 332 50 51 till
406 364 41 19 en
467 363 112 42 grupp
597 357 77 29 med
693 335 258 61 benämningen
969 359 192 38 länsvägar.
1181 360 71 28 Mot
1269 370 41 19 en
1330 360 141 30 sådan
1451 355 24 48 s
1457 340 255 62 sammanlägg-

226 398 83 38 ning
329 399 62 28 har
413 399 107 38 några
542 401 256 38 invändningar
818 402 74 29 icke
914 381 241 51 framkommit
1177 405 56 28 vid
1255 406 393 39 remissbehandlingen.

280 478 12 29 I
317 479 150 39 enlighet
492 482 77 28 med
594 482 63 28 vad
683 481 147 31 sålunda
855 482 135 30 anförts
1015 483 159 30 förordar
1198 485 289 39 föredraganden,
1512 488 49 27 att
1586 488 39 28 de
1650 489 59 27 all-

223 532 130 30 männa
375 534 153 37 vägarna
553 535 167 38 uppdelas
746 535 9 28 i
779 537 50 27 tre
853 544 162 31 grupper,
1040 538 175 38 nämligen
1239 539 72 28 dels
1335 539 181 39 riksvägar
1541 542 167 28 avseende

223 585 114 38 vägar,
358 595 75 19 som
457 588 38 27 är
518 597 41 19 av
580 588 177 39 synnerlig
778 589 174 38 betydelse
975 590 55 29 för
1051 591 64 29 den
1137 591 268 39 genomgående,
1428 592 168 40 långväga
1620 603 89 20 sam-

222 638 166 35 färdseln,
415 640 74 29 dels
517 640 191 39 länsvägar,
736 642 51 29 till
812 642 93 30 vilka
932 643 113 29 skulle
1070 644 168 29 hänföras
1265 646 98 28 andra
1399 646 179 31 allmänna
1604 648 103 38 vägar

222 691 46 28 än
289 692 180 38 riksvägar
491 694 65 28 och
576 694 291 40 ödebygdsvägar,
890 696 73 29 dels
986 697 63 28 ock
1072 697 290 39 ödebygdsvägar,
1385 708 74 19 som
1483 700 111 29 skulle
1617 700 91 29 bibe-

221 743 94 30 hålla
337 745 52 28 sin
412 747 201 29 nuvarande
635 747 230 40 bestämning.

277 797 226 31 Beträffande
528 801 76 37 väg-
627 801 64 28 och
715 802 490 40 vattenbyggnadsstyrelsens
1231 804 129 39 förslag
1385 805 50 29 till
1461 806 247 29 medelsanvis-

221 850 147 38 ningens
391 853 309 29 sammanförande
726 854 50 29 till
800 856 47 27 elt
870 856 89 29 enda
983 857 120 38 anslag
1127 857 203 29 framhåller
1355 858 278 39 föredraganden
1658 862 49 27 att

219 903 194 30 detsamma
450 905 214 35 förutsätter,
691 909 50 27 att
777 908 204 39 riksdagens
1018 910 200 38 reglerande
1243 910 195 39 inflytande
1464 911 43 39 på
1532 913 176 28 verksam-

220 956 121 29 hetens
376 958 196 39 inriktning
606 959 210 39 tillgodoses,
841 969 123 31 genom
990 964 48 27 att
1063 963 123 38 Kungl.
1211 964 105 38 Maj:t
1340 964 53 29 för
1417 965 97 38 varje
1537 965 169 39 budgetår

220 1009 208 40 framlägger
454 1021 43 19 en
521 1012 192 40 beräkning
738 1023 41 19 av
804 1015 173 38 anslagets
1003 1016 121 29 tänkta
1148 1016 218 39 disposition,
1392 1018 7 28 i
1426 1018 203 39 anslutning
1655 1020 50 27 till

219 1062 116 30 vilken
359 1064 188 38 riksdagen
571 1066 68 28 kan
664 1074 38 30 ge
728 1067 54 28 sin
805 1068 140 38 mening
969 1068 52 29 till
1045 1069 116 29 känna
1185 1071 148 28 rörande
1358 1071 39 28 de
1423 1071 164 30 anvisade
1613 1073 94 28 med-

219 1115 74 30 lens
316 1118 234 38 användning,
575 1122 87 27 samt
685 1120 102 28 anför
808 1121 117 28 vidare
947 1122 9 28 i
979 1122 112 29 denna
1114 1122 98 39 fråga
1236 1123 165 39 följande.

276 1184 179 38 Därjämte
484 1185 203 29 förutsätter
717 1185 173 38 förslaget,
919 1187 50 28 att
996 1186 185 38 riksdagen
1209 1187 8 28 i
1247 1186 183 30 efterhand
1459 1187 87 29 skall
1575 1187 128 29 erhålla

218 1228 216 38 redogörelse
459 1229 55 29 för
538 1230 411 38 anslagsanvändningen
973 1231 63 28 och
1060 1231 84 28 även
1168 1231 201 37 därigenom
1392 1231 46 29 bli
1463 1232 10 28 i
1498 1231 134 30 tillfälle
1656 1234 49 27 att

220 1273 104 28 utöva
363 1273 152 29 kontroll
557 1275 78 27 över
675 1274 278 29 verksamheten.
985 1274 91 29 Även
1106 1284 55 19 om
1191 1276 78 37 väg-
1298 1276 63 28 och
1391 1276 314 38 vattenbyggnads-

219 1317 168 38 styrelsen
410 1319 126 31 ansett,
559 1320 49 26 att
630 1328 41 18 en
695 1318 109 29 sådan
827 1319 148 38 ordning
998 1320 116 28 kunde
1136 1319 173 29 utformas
1333 1320 46 33 så,
1403 1322 50 27 att
1475 1321 66 28 den
1564 1321 139 38 erbjöde

218 1361 173 37 garantier
412 1362 10 28 i
443 1363 66 28 vad
531 1371 96 20 avser
648 1363 206 38 riksdagens
874 1364 64 28 och
960 1364 124 37 Kungl.
1106 1364 123 38 Maj:ts
1251 1365 220 38 möjligheter
1492 1366 51 28 till
1564 1366 139 37 ledning

217 1406 65 28 och
311 1406 150 29 kontroll
492 1416 41 19 av
561 1407 525 38 vägbyggnadsverksamheten,
1114 1408 139 30 befarar
1281 1409 68 38 jag,
1379 1411 48 27 att
1459 1410 245 29 medelsanvis-

218 1449 84 38 ning
326 1451 78 28 över
430 1452 47 27 ett
505 1452 86 28 enda
618 1453 86 27 stort
730 1452 291 39 kollektivanslag
1046 1453 8 28 i
1080 1453 186 39 praktiken
1293 1454 114 29 kunde
1434 1455 76 28 leda
1537 1455 49 28 till
1611 1455 90 28 vissa

217 1493 223 40 svårigheter,
469 1495 94 29 såväl
589 1496 64 29 vad
681 1496 107 38 gäller
816 1497 290 29 statsmakternas
1133 1498 220 38 möjligheter
1380 1500 48 27 att
1457 1499 154 38 entydigt
1639 1500 62 28 och

216 1538 93 29 klart
334 1546 37 30 ge
397 1539 75 30 sina
500 1540 148 28 direktiv
672 1540 222 30 beträffande
920 1542 66 28 den
1013 1543 147 28 avsedda
1187 1543 414 38 medelsanvändningen,
1629 1553 73 19 som

215 1582 9 27 i
250 1582 98 37 fråga
380 1593 57 19 om
472 1584 66 28 den
572 1584 247 39 efterföljande
842 1585 266 39 redovisningen
1133 1587 63 27 och
1221 1587 195 29 kontrollen
1441 1597 41 19 av
1505 1588 123 29 denna.
1652 1589 50 28 Då

215 1626 59 39 jag
294 1628 114 28 därtill
428 1628 76 29 icke
525 1629 194 37 övertygats
740 1638 56 19 om
815 1631 49 26 att
882 1631 48 27 ett
950 1616 309 43 sammanförande
1279 1641 39 18 av
1338 1632 361 39 medelsanvisningen

216 1671 52 28 till
291 1673 46 27 ett
359 1672 88 29 enda
470 1673 121 37 anslag
613 1674 36 28 är
673 1674 212 38 nödvändigt
908 1674 54 29 för
986 1676 50 27 att
1058 1675 117 39 uppnå
1199 1676 40 28 de
1263 1677 76 28 med
1363 1676 165 38 förslaget
1553 1679 146 28 avsedda

215 1715 258 39 huvudsakliga
496 1717 188 34 vinsterna,
710 1719 37 27 är
771 1718 58 38 jag
850 1736 43 2 —
917 1728 75 19 som
1017 1719 103 29 också
1145 1721 107 28 redan
1278 1720 164 39 framgått
1468 1731 41 19 av
1533 1723 54 28 det
1614 1722 88 29 före-

215 1759 130 37 gående
426 1761 76 29 icke
523 1762 124 29 beredd
669 1764 50 27 att
741 1771 45 20 nu
808 1763 141 29 förorda
969 1773 42 19 en
1032 1763 37 30 så
1088 1764 93 38 långt
1202 1765 130 37 gående
1352 1766 348 38 anslagskoncentra-

215 1804 83 33 tion,
326 1813 71 20 som
435 1806 67 28 den
540 1815 40 19 av
616 1807 172 37 styrelsen
812 1807 208 39 föreslagna.
1046 1808 64 29 Vid
1135 1810 238 37 övervägande
1399 1810 19 29 å
1444 1820 64 20 ena
1534 1812 99 29 sidan
1658 1821 42 19 av

212 1848 228 29 önskemålen
465 1859 57 19 om
548 1850 199 39 förenkling
772 1861 40 19 av
837 1829 308 61 anslagstekniken
1171 1854 63 28 och
1261 1840 142 44 därmed
1431 1856 270 38 sammanhäng-

213 1893 89 28 ande
326 1893 279 30 administrativa
630 1873 174 51 lättnader
829 1898 88 27 samt
941 1896 19 29 å
984 1897 107 29 andra
1117 1897 98 29 sidan
1241 1908 39 19 av
1304 1899 120 29 kravet
1448 1900 44 38 på
1516 1902 45 27 ett
1584 1879 113 51 direkt

211 1936 196 39 inflytande
432 1938 54 29 via
514 1939 362 39 medelsanvisningen
902 1940 81 29 från
1009 1942 291 29 statsmakternas
1326 1944 73 28 sida
1426 1945 80 28 över
1519 1945 181 72 VäSbyggr

212 1968 378 43 nadsverksamhetens
612 1983 196 39 inriktning
814 1962 77 51 har
913 1985 59 50 jag
995 1985 117 29 funnit
1135 1987 56 28 det
1215 1987 159 38 riktigast
1398 1990 50 27 alt
1471 1989 23 29 f.
1545 2013 4 5 n.
1573 1991 122 28 stanna

210 2025 59 29 vid
286 2027 49 27 alt
351 2027 85 28 även
453 2027 58 29 vid
529 2028 370 39 anslagsanvisningen
918 2030 164 39 särskilja
1099 2031 40 28 de
1158 2033 49 27 tre
1225 2032 19 28 k
1250 2010 168 60 ategorier
1436 2043 42 19 av
1493 1999 75 73 väg
1570 2043 37 24 ir,
1624 2035 72 28 vari

210 2069 60 38 jag
289 2070 10 28 i
320 2071 56 28 det
395 2070 208 39 föregående
624 2072 189 39 föreslagit,
834 2051 48 51 att
903 2074 56 29 det
980 2075 176 29 allmänna
1177 2062 162 52 vägnätet
1359 2078 89 28 skall
1469 2079 143 31 indelas,
1624 2044 71 64 och

210 2115 51 27 att
277 2114 130 38 jämväl
426 2115 9 28 i
454 2116 71 29 viss
543 2117 244 38 utsträckning
806 2118 103 39 skilja
927 2118 45 39 på
990 2098 362 61 medelsanvisningen
1372 2121 53 29 för
1444 2123 252 39 ombyggnads-

209 2158 65 28 och
294 2160 300 38 nyanläggningsv
597 2140 211 50 erksamhet.
828 2162 166 30 Intresset
1014 2173 40 19 av
1074 2144 234 50 sistnämnda
1312 2167 281 39 särredovisning
1613 2169 84 28 hän-

209 2202 55 29 för
288 2203 50 37 sig
359 2204 50 28 till
434 2190 92 43 läns-
536 2182 74 52 "och
632 2206 341 39 ödebygdsvägarna,
997 2208 53 29 för
1072 2208 91 30 vilka
1186 2209 59 38 jag
1269 2209 52 30 för
1344 2211 66 28 den
1434 2211 92 29 skull
1551 2192 144 50 föreslår

210 2225 171 50 särskilda
409 2249 413 39 nyanläggningsanslag.
850 2251 109 29 Medel
987 2252 51 29 till
1065 2253 218 39 ombyggnad
1310 2264 40 19 av
1376 2256 101 30 dessa
1504 2255 88 30 båda
1619 2259 77 37 väg-

208 2289 194 39 kategorier
421 2301 104 29 synes
543 2294 154 28 däremot
717 2296 84 27 utan
820 2296 183 37 olägenhet
1021 2296 118 30 kunna
1159 2299 139 28 anvisas
1316 2300 79 28 över
1414 2302 47 27 ett
1480 2288 213 50 gemensamt

207 2320 329 53 ombyggnadsansl:
531 2345 49 30 ag.
601 2338 64 38 Jag
688 2338 146 29 föreslår
854 2318 151 51 sålunda
1027 2341 154 39 följande
1205 2342 77 39 fyra
1305 2345 171 30 särskilda
1500 2346 119 38 anslag
1641 2346 53 29 för

204 2379 67 28 den
302 2380 136 39 statliga
470 2383 79 36 väg-
578 2383 62 28 och
671 2383 524 39 brobyggnadsverksamheten,
1228 2388 174 38 nämligen
1433 2368 185 59 Byggande
1650 2400 41 19 av

206 2402 210 60 riksvägar,
437 2425 53 38 Ny
494 2403 209 62 anläggning
744 2437 41 19 av
826 2428 193 39 länsvägar,
1049 2430 264 40 Nyanläggning
1342 2443 39 19 av
1411 2434 283 39 ödebygdsvägar

206 2470 91 27 samt
325 2457 229 50 Ombyggnad
583 2480 39 19 av
650 2449 154 61 länsvägs
807 2481 27 19 rr
861 2473 63 29 och
949 2454 255 59 ödebygdsväg:
1198 2485 47 20 ar:
