2200 2608
711 150 274 31 Bankoutskottets
1009 151 163 32 utlåtande
1197 152 51 30 Nr
1272 153 50 30 42.
1748 155 16 29 7

211 226 71 31 med
318 229 67 29 rätt
419 227 72 30 från
527 227 60 31 och
611 227 71 31 med
707 227 59 31 den
796 230 10 28 1
836 228 135 31 oktober
1001 230 77 29 1895
1103 229 48 31 till
1178 239 39 21 en
1241 229 83 40 årlig
1347 229 134 41 pension
1505 241 40 20 av
1574 232 58 29 120
1656 231 119 31 kronor
1800 231 8 31 i

214 271 37 29 10
285 270 130 31 klassen
448 281 40 20 av
513 271 127 30 arméns
663 270 251 42 pensionskassa
938 272 58 31 och
1021 272 277 41 fyllnadspension
1321 273 72 31 med
1419 274 62 30 240
1505 274 119 31 kronor
1647 285 41 20 av
1712 276 96 30 stats-

210 313 102 32 medel
337 313 79 32 eller
439 313 136 41 tillhopa
598 315 62 30 360
684 314 128 38 kronor,
830 318 80 28 varå
926 315 100 31 Sköld
1042 316 143 39 åtnjuter
1201 316 245 40 dyrtidstillägg
1462 317 8 30 i
1488 317 103 32 likhet
1607 317 72 31 med
1696 318 113 40 övriga

210 356 21 31 f.
257 357 28 31 d.
312 356 325 40 befattningshavare
661 357 9 31 i
694 359 127 30 statens
844 360 104 39 tjänst
971 370 41 19 m.
1038 360 29 30 fl.
1092 359 218 41 pensionärer,
1327 360 105 31 vilket
1448 360 244 41 dyrtidstillägg
1708 360 50 32 för
1774 363 36 29 är

214 401 81 30 1920
319 400 51 31 till
394 400 100 31 Sköld
519 401 177 31 utbetalats
719 402 73 30 med
815 402 219 39 sammanlagt
1057 404 60 30 601
1144 403 120 31 kronor
1288 404 40 29 20
1353 408 65 26 öre.

340 443 63 31 För
427 445 51 30 att
501 444 117 31 bereda
641 455 39 20 en
703 444 51 31 del
777 445 69 31 före
871 446 36 30 år
933 447 81 29 1902
1039 447 172 39 avgångna
1235 446 270 32 underofficerare
1521 448 106 39 någon
1642 447 166 41 pensions-

211 486 184 41 förhöjning
429 486 161 41 beviljade
625 487 173 40 riksdagen
835 489 35 30 år
901 489 79 30 1907
1005 490 42 39 på
1070 489 98 39 nådig
1190 489 201 40 proposition
1415 491 48 30 ett
1487 490 257 41 förslagsanslag
1768 502 40 20 av

209 529 118 37 34,360
350 529 121 32 kronor
493 530 51 31 för
567 530 169 31 utdelande
761 541 40 20 av
825 530 165 41 tillfälliga
1015 532 173 31 understöd
1212 533 35 30 åt
1263 532 184 32 avskedade
1464 533 268 32 underofficerare
1749 534 59 31 och

208 571 185 32 vederlikar
416 573 54 30 vid
494 574 120 36 armén,
640 573 99 31 under
762 573 120 31 villkor
906 576 49 29 att
979 575 210 31 understödet
1213 575 28 40 ej
1265 576 85 39 finge
1374 575 143 32 tilldelas
1541 587 105 20 annan
1670 581 40 26 än
1734 577 70 37 den,

210 625 68 21 som
313 616 112 40 styrkt
460 615 51 41 sig
538 627 80 20 vara
642 616 10 31 i
675 616 188 32 behövande
888 617 278 41 omständigheter
1190 618 60 31 och
1271 618 68 31 före
1364 620 36 30 år
1427 620 81 29 1902
1533 619 130 32 erhållit
1686 620 122 31 avsked

210 659 72 31 med
317 658 134 41 pension
487 659 59 32 och
581 659 277 41 fyllnadspension
893 660 72 32 från
1001 663 127 30 arméns
1156 661 253 41 pensionskassa
1432 662 79 32 eller
1534 663 42 40 på
1598 663 102 40 grund
1724 673 41 21 av
1789 664 18 30 8

209 702 144 41 punkten
376 702 11 31 i
410 703 110 40 kungl.
545 703 114 32 brevet
681 703 61 32 den
766 705 41 30 22
827 704 71 41 juni
924 705 81 30 1877
1029 704 74 32 från
1126 704 163 32 allmänna
1312 705 321 41 indragningsstaten
1657 708 86 30 samt
1759 708 50 30 att

209 745 52 32 för
294 746 70 38 den,
400 746 128 32 vilkens
555 746 134 42 pension
712 747 60 31 och
795 747 278 42 fyllnadspension
1096 748 72 32 icke
1192 748 162 42 uppginge
1378 749 52 31 till
1454 750 62 31 200
1539 749 129 39 kronor,
1693 750 114 31 under-

209 790 108 31 stödet
340 789 72 32 icke
436 790 85 40 finge
543 790 216 32 tillsammans
782 791 72 31 med
878 791 134 41 pension
1035 792 60 31 och
1119 791 278 42 fyllnadspension
1421 792 166 41 överstiga
1610 794 63 31 300
1689 793 120 32 kronor

210 832 60 32 och
305 834 50 30 att
388 832 52 33 till
474 844 106 21 annan
613 834 173 41 pensionär
815 835 174 31 understöd
1013 834 72 32 icke
1107 836 86 39 finge
1217 836 79 39 utgå
1319 837 73 31 med
1416 836 101 40 högre
1540 837 116 41 belopp
1680 841 41 27 än
1747 838 60 30 100

209 876 120 31 kronor
352 876 79 31 eller
454 876 216 32 tillsammans
693 878 72 30 med
787 878 134 40 pension
945 877 61 32 och
1029 878 278 41 fyllnadspension
1331 879 168 41 överstiga
1524 881 61 30 600
1600 880 130 38 kronor,
1747 880 61 32 och

209 918 86 32 hava
322 929 114 22 senare
459 919 172 41 riksdagar
654 920 51 32 för
727 931 125 21 samma
876 921 150 32 ändamål
1049 922 60 31 och
1133 922 42 40 på
1198 933 125 20 samma
1345 922 120 32 villkor
1488 922 136 42 beviljat
1647 923 160 32 erforder-

210 961 66 42 liga
299 963 124 40 anslag.

340 1005 100 33 Sköld
463 1006 60 32 har
545 1007 73 31 från
641 1007 91 32 detta
755 1007 114 41 anslag
892 1007 124 41 årligen
1039 1008 160 32 alltsedan
1221 1009 74 31 dess
1310 1008 163 33 tillkomst
1488 1009 131 33 erhållit
1634 1010 174 32 understöd

209 1049 73 32 med
309 1050 60 31 100
392 1050 122 31 kronor
536 1052 86 30 samt
645 1050 124 42 uppbär
792 1051 165 32 dessutom
981 1052 102 40 enligt
1106 1062 42 21 av
1171 1052 118 31 honom
1313 1052 50 32 hit
1385 1052 129 32 lämnad
1540 1053 128 42 uppgift
1691 1054 116 31 under-

209 1093 73 32 stöd
316 1094 73 31 med
424 1094 41 31 90
499 1094 121 31 kronor
652 1094 123 40 årligen
798 1094 73 32 från
895 1095 101 32 andra
1019 1100 40 27 än
1083 1096 100 31 under
1207 1095 220 33 direktionens
1450 1097 201 40 förvaltning
1674 1098 133 31 stående

209 1136 123 32 fonder.

340 1180 304 41 Förslagsanslaget
677 1181 50 31 till
761 1181 166 41 tillfälliga
962 1183 174 31 understöd
1171 1183 35 31 åt
1235 1183 270 32 underofficerare
1529 1185 72 30 med
1624 1184 184 32 vederlikar

209 1223 54 32 vid
287 1226 111 29 armén
422 1229 37 26 är
482 1224 50 32 för
556 1225 36 31 år
618 1226 79 31 1921
723 1225 100 31 under
846 1225 79 33 elfte
948 1226 205 32 huvudtiteln
1178 1226 129 32 anvisat
1330 1227 72 31 med
1429 1228 115 37 14,000
1559 1227 129 39 kronor,
1707 1238 100 22 varav

209 1266 68 32 tills
311 1267 76 32 dato
422 1267 158 33 utbetalts
614 1270 48 30 ett
693 1268 116 42 belopp
833 1279 41 21 av
899 1271 94 37 9,100
1016 1270 121 31 kronor
1160 1269 10 32 i
1194 1270 175 32 understöd
1393 1271 35 31 åt
1451 1272 41 30 94
1516 1271 138 40 stycken
1677 1271 69 32 före
1770 1273 37 30 år

212 1311 82 31 1902
320 1311 185 32 avskedade
528 1311 11 32 i
561 1311 189 32 behövande
774 1313 278 40 omständigheter
1075 1314 142 31 varande
1241 1313 281 40 underofficerare,
1547 1315 101 31 därav
1671 1315 50 31 till
1744 1315 61 31 föl-

207 1353 96 41 jande
328 1354 90 31 antal
441 1355 19 30 å
483 1354 137 32 kassans
643 1355 230 41 pensionsstat,
898 1356 176 40 nämligen:
1273 1371 3 2 |

339 1399 39 30 41
404 1398 138 40 stycken
565 1399 74 31 med
662 1400 62 30 510
748 1399 120 31 kronor
892 1399 83 41 årlig
997 1400 132 41 pension
1155 1400 75 40 (180
1254 1400 120 32 kronor
1397 1400 10 31 i
1432 1402 18 30 9
1474 1401 131 31 klassen
1621 1412 41 21 av
1679 1403 127 30 arméns

209 1440 252 42 pensionskassa
484 1442 60 31 och
568 1442 62 31 330
654 1442 120 32 kronor
796 1442 300 42 fyllnadspension),

340 1486 18 30 6
383 1485 139 40 stycken
545 1486 72 31 med
641 1486 62 31 500
725 1485 121 33 kronor
869 1486 84 41 årlig
974 1487 135 41 pension
1133 1487 76 41 (120
1232 1487 121 32 kronor
1375 1487 11 32 i
1412 1489 39 30 10
1474 1488 131 31 klassen
1621 1499 41 21 av
1679 1490 127 30 arméns

209 1527 254 42 pensionskassa
486 1529 60 32 och
570 1530 63 31 390
656 1530 121 31 kronor
799 1530 301 42 fyllnadspension),

342 1573 14 30 1
387 1572 140 41 stycken
550 1573 72 31 med
646 1574 62 31 500
731 1573 121 32 kronor
875 1574 84 41 årlig
981 1574 133 42 pension
1139 1574 54 41 (75
1217 1575 119 31 kronor
1360 1574 10 32 i
1397 1576 35 30 11
1459 1575 130 32 klassen
1613 1586 41 21 av
1678 1578 128 30 arméns

209 1615 252 42 pensionskassa
484 1616 60 32 och
568 1617 62 31 425
653 1617 121 32 kronor
797 1617 300 42 fyllnadspension),

339 1660 41 30 33
404 1660 138 40 stycken
564 1661 73 31 med
660 1661 63 31 360
746 1661 122 32 kronor
891 1661 83 41 årlig
995 1662 135 41 pension
1154 1662 76 40 (120
1253 1662 147 32 kronor
1378 1656 20 52 i
1419 1663 39 31 10
1474 1663 131 32 klassen
1621 1674 41 20 av
1678 1664 128 31 arméns

208 1702 253 41 pensionskassa
484 1703 60 32 och
568 1705 62 30 240
653 1704 120 32 kronor
795 1704 286 42 fyllnadspension,
1105 1705 169 32 däribland
1297 1705 123 42 Sköld),

339 1748 20 29 4
391 1747 139 41 stycken
553 1748 72 31 med
649 1749 62 30 360
734 1748 120 32 kronor
877 1749 83 40 årlig
982 1749 133 41 pension
1140 1749 54 41 (75
1219 1749 119 31 kronor
1361 1749 10 31 i
1398 1751 35 30 11
1459 1750 131 32 klassen
1613 1760 41 22 av
1677 1752 128 30 arméns

208 1789 252 42 pensionskassa
484 1791 59 31 och
568 1792 62 31 285
653 1792 121 32 kronor
797 1792 300 42 fyllnadspension),

339 1835 19 29 9
393 1834 139 41 stycken
565 1835 74 32 med
675 1836 60 31 180
758 1835 122 32 kronor
903 1836 10 31 i
938 1837 18 31 9
980 1836 130 32 klassen
1134 1847 41 20 av
1200 1837 127 31 arméns
1350 1836 252 41 pensionskassa
1626 1838 78 30 utan
1727 1837 76 41 fyll-

207 1877 226 41 nadspension,

340 1922 14 31 1
392 1921 138 41 stycken
554 1922 73 31 med
652 1924 60 30 120
736 1923 120 32 kronor
880 1922 10 32 i
917 1925 38 29 10
978 1923 131 32 klassen
1133 1934 42 20 av
1199 1924 128 31 arméns
1349 1923 253 42 pensionskassa
1626 1926 77 30 utan
1727 1925 76 40 fyll-

207 1964 224 42 nadspension,

338 2011 87 30 samt
458 2008 51 32 till
543 2010 19 31 3
596 2020 153 31 personer
783 2010 72 32 med
888 2010 135 42 pension
1058 2011 19 31 å
1112 2010 163 32 allmänna
1308 2010 324 42 indragningsstaten
1659 2011 101 33 därav
1787 2013 14 30 1

208 2052 137 40 stycken
369 2053 73 31 med
466 2053 62 31 510
552 2053 120 32 kronor
695 2053 83 41 årlig
800 2054 135 41 pension
959 2054 60 32 och
1043 2056 18 29 2
1086 2054 139 40 stycken
1247 2054 73 32 med
1344 2055 63 31 360
1424 2055 121 31 kronor
1561 2055 83 41 årlig
1658 2055 145 42 pension.

337 2095 52 32 Av
412 2096 94 32 dessa
528 2096 87 32 hava
638 2097 96 32 alltså
757 2098 41 31 39
822 2098 138 39 stycken
983 2108 124 21 samma
1131 2097 105 41 årliga
1258 2098 268 42 pensionsbelopp
1556 2109 70 22 som
1650 2099 108 38 Sköld,
1783 2100 19 30 5

211 2140 60 31 180
305 2139 121 32 kronor
457 2139 124 32 mindre
616 2140 60 32 och
702 2142 14 30 1
744 2142 62 30 240
834 2141 121 32 kronor
978 2141 123 32 mindre
1126 2146 42 27 än
1191 2141 98 32 Sköld
1313 2144 86 29 samt
1422 2142 126 32 befinna
1571 2142 50 41 sig
1644 2142 11 31 i
1678 2153 126 21 samma

207 2183 188 32 behövande
431 2183 277 41 omständigheter
731 2195 68 21 som
824 2185 111 39 denne,
961 2186 111 31 varför
1095 2184 203 33 direktionen
1322 2196 95 21 anser
1439 2187 108 31 såsom
1571 2186 234 41 ofrånkomligt

209 2228 49 30 att
282 2231 82 27 även
388 2227 95 32 dessa
506 2228 134 31 beredas
663 2228 339 42 pensionsförhöjning
1017 2229 10 31 i
1043 2228 104 32 likhet
1170 2228 73 33 med
1260 2229 62 32 vad
1339 2240 69 21 som
1425 2229 187 41 föreslagits
1628 2229 51 33 för
1694 2230 108 32 Sköld.
