2230 2626
459 214 20 24 4
845 206 371 41 DBevillningsutskottets
1239 205 198 32 betänkande
1460 205 52 31 Nr
1535 208 29 29 3.

417 294 201 49 åsyftades,
660 292 181 37 nämndes
882 293 12 35 i
923 291 224 37 skrifvelsen
1176 291 177 37 särskildt
1381 291 85 46 den,
1496 291 245 49 hvarigenom
1769 290 64 36 vid
1862 290 148 49 försälj-

418 346 94 49 ving
541 346 39 36 af
604 345 234 49 fastigheter,
867 347 21 33 å
916 344 129 36 hvilka
1072 342 313 50 afverkningsbar
1400 343 99 48 skog
1517 342 56 37 till
1592 347 119 32 större
1730 342 115 37 värde
1860 342 149 48 funnes,

420 398 71 37 den
532 398 12 36 i
585 397 261 49 verkligheten
874 396 59 36 för
960 395 230 49 fastigheten
1218 395 203 49 betingade
1449 394 304 50 köpeskillingen
1780 394 230 50 uppdelades

420 449 168 48 sålunda,
617 454 54 31 att
699 448 132 37 endast
859 462 46 23 en
934 448 144 36 mindre
1107 448 58 36 del
1194 447 108 36 däraf
1318 453 187 43 upptoges
1524 447 13 36 1
1555 446 371 50 köpeafhandlingen
1955 449 56 33 så-

421 515 79 23 som
529 501 116 37 likvid
674 501 58 36 för
759 500 136 50 själfva
924 500 230 48 fastigheten
1183 500 71 36 och
1281 499 122 37 blefve
1433 499 154 36 föremål
1610 499 57 36 för
1686 498 326 49 stämpelbeskatt-

419 554 107 48 ning,
567 553 118 36 under
726 553 61 36 det
829 558 54 31 att
912 552 72 36 den
1013 557 117 31 större
1159 551 106 37 delen
1294 551 39 36 af
1357 551 302 49 köpeskillingen
1687 550 238 37 betraktades
1954 555 58 31 ut-

421 611 93 43 göra
542 605 209 49 ersättning
778 605 58 36 för
863 604 373 48 afverkningsrätten
1264 603 55 36 till
1348 603 147 49 skogen
1524 603 69 36 och
1622 602 218 49 därigenom
1869 602 143 36 undan-

422 658 137 48 droges
587 657 83 36 från
699 656 416 50 stämpelbeskattning.
1172 655 112 37 Såväl
1311 669 44 22 ur
1382 655 243 49 synpunkten
1654 655 41 36 af
1710 659 142 32 statens
1873 654 139 37 skatte-

421 710 158 36 intresse
619 722 80 23 som
736 709 83 36 med
848 708 148 49 hänsyn
1024 708 56 36 till
1107 708 45 36 de
1180 707 199 37 moraliska
1407 707 129 46 vådor,
1564 707 128 36 hvilka
1720 719 45 23 en
1793 706 220 49 ytterligare

421 761 232 48 utbredning
681 761 40 36 af
745 760 166 49 antydda
939 759 282 49 förfaringssätt
1249 759 119 36 skulle
1396 758 180 48 medföra,
1597 758 90 37 fann
1704 758 218 48 Riksdagen
1938 759 75 36 för-

423 813 163 49 ändring
626 812 40 37 af
703 812 293 49 lagstiftningen
1025 814 20 34 å
1071 811 289 49 ifrågavarande
1389 810 149 38 område
1565 824 89 23 vara
1682 810 39 37 af
1745 810 179 37 behofvet
1952 810 61 36 väl

421 865 184 49 påkallad.
662 865 56 36 Då
744 864 221 49 Riksdagen
994 862 204 38 emellertid
1225 866 121 46 ansåg
1373 876 46 23 en
1439 876 102 23 mera
1561 862 230 37 omfattande
1809 862 206 49 utredning

423 923 47 30 än
499 917 84 47 den,
611 916 218 49 Riksdagen
857 917 98 35 varit
982 916 13 36 i
1022 915 145 37 tillfälle
1194 920 54 31 att
1275 915 214 48 verkställa,
1518 928 89 23 vara
1635 914 221 49 erforderlig
1884 914 57 36 för
1960 919 54 31 att

423 969 142 49 afgöra,
595 968 128 36 hvilka
751 968 176 49 åtgärder
955 968 227 36 härutinnan
1201 967 115 37 borde
1335 967 186 49 vidtagas,
1542 966 220 37 hemställde
1781 966 231 49 Riksdagen,

424 1026 53 31 att
518 1021 142 47 Kungl.
689 1020 107 49 Maj:t
824 1023 116 33 måtte
967 1025 90 42 taga
1084 1019 119 36 under
1231 1019 256 49 ompröfning,
1516 1032 138 35 genom
1681 1018 129 36 hvilka
1838 1018 176 48 åtgärder

424 1073 45 36 de
498 1072 195 36 anmärkta
720 1072 375 37 missförhållandena
1122 1071 127 36 kunde
1277 1071 200 49 afhjälpas,
1507 1075 96 32 samt
1629 1071 56 36 till
1712 1070 219 48 Riksdagen
1959 1070 55 36 in-

422 1124 151 37 komma
600 1124 85 37 med
713 1124 62 36 det
803 1124 155 48 förslag,
987 1123 149 36 hvartill
1165 1123 122 37 denna
1314 1123 182 49 pröfning
1523 1122 124 37 kunde
1675 1122 203 37 föranleda.

525 1176 18 35 I
571 1176 61 37 det
660 1176 144 48 förslag
831 1176 56 36 till
916 1189 52 35 ny
995 1175 225 48 förordning
1239 1175 196 48 angående
1455 1174 334 49 stämpelafgiften,
1811 1187 80 23 som
1910 1173 105 37 inne-

425 1228 113 36 fattas
578 1228 12 36 i
630 1228 284 49 propositionen
950 1241 58 22 n:r
1038 1228 71 35 160
1138 1227 57 36 till
1225 1228 95 35 19038
1351 1229 58 34 års
1438 1226 181 49 Riksdag,
1648 1239 101 24 vann
1777 1226 237 49 Riksdagens

425 1280 113 36 ofvan
566 1280 246 36 omförmälda
841 1279 279 49 framställning
1147 1278 217 37 beaktande.

527 1331 54 37 Af
605 1331 63 37 det
697 1331 374 50 statsrådsprotokoll
1100 1330 106 37 öfver
1234 1330 301 48 finansärenden,
1564 1343 79 24 som
1663 1330 119 36 finnes
1804 1330 133 48 fogadt
1951 1330 65 36 vid

424 1383 157 37 berörda
609 1383 245 50 proposition,
884 1383 179 48 framgår,
1093 1387 53 32 att
1170 1382 106 37 öfver
1294 1382 237 49 Riksdagens
1551 1382 244 36 omförmälda
1815 1382 201 36 framställ-

425 1436 95 48 ning
556 1436 105 36 hörts
703 1436 78 36 dels
822 1435 468 37 öfverståthållarämbetet
1326 1434 68 37 och
1425 1434 176 49 samtliga
1629 1434 141 48 Kungl.
1801 1433 124 49 Maj:ts
1954 1434 63 36 be-

425 1487 370 49 fallningshafvande
823 1488 11 35 i
862 1488 112 35 länen
1002 1487 78 35 dels
1110 1487 70 36 ock
1208 1486 280 37 statskontoret.
1546 1485 277 37 Statskontoret
1842 1486 175 36 framhöll

425 1539 11 36 i
479 1539 64 36 sitt
579 1539 203 47 utlåtande,
819 1538 113 37 bland
974 1543 125 43 annat,
1143 1542 53 33 att
1236 1539 11 35 i
1289 1538 134 49 frågan
1458 1537 178 37 inkomna
1675 1538 202 48 yttranden
1914 1538 103 48 finge

426 1604 110 23 anses
576 1590 114 36 hafva
729 1592 142 35 lämnat
899 1591 68 35 full
995 1590 142 37 visshet
1166 1590 141 47 därom,
1335 1595 55 31 att
1419 1590 45 36 de
1493 1589 266 49 öfverklagade
1787 1590 230 36 missförhål-

425 1643 162 37 landena
614 1642 231 37 förekomme
873 1643 11 35 i
913 1642 72 36 den
1013 1642 277 49 utsträckning,
1320 1647 64 42 att,
1413 1645 49 46 på
1490 1647 74 31 sätt
1584 1643 96 35 1904
1695 1644 58 34 års
1769 1642 170 48 Riksdag
1955 1655 62 22 an-

426 1695 109 49 tagit,
577 1694 182 37 särskilda
798 1694 178 49 åtgärder
1003 1695 55 36 till
1086 1695 108 36 deras
1224 1694 188 49 stäfjande
1440 1707 89 23 vore
1556 1694 42 36 af
1621 1694 165 48 verkligt
1812 1694 119 36 behof
1954 1696 63 47 på-

426 1747 157 46 kallade,
613 1747 194 36 hvaremot
845 1747 62 36 det
935 1746 170 37 förefölle
1133 1759 80 24 som
1242 1759 60 23 om
1330 1746 247 48 meningarna
1605 1746 97 36 varit
1729 1748 119 46 något
1876 1745 140 47 delade,

426 1804 69 31 när
536 1799 61 36 det
638 1799 93 48 gällt
772 1804 54 31 att
866 1799 149 45 föreslå,
1057 1798 128 36 hvilka
1227 1798 174 48 åtgärder
1441 1798 215 49 lämpligast
1687 1797 116 37 borde
1831 1797 184 49 vidtagas.

426 1850 109 36 Efter
572 1856 54 30 att
662 1850 111 36 hafva
814 1850 212 36 omförmält
1067 1850 69 36 och
1178 1850 182 48 granskat
1389 1849 45 37 de
1461 1850 12 35 i
1502 1849 133 37 sådant
1662 1849 213 37 hänseende
1903 1849 113 36 fram-

426 1902 137 36 komna
604 1902 154 49 förslag,
799 1902 64 36 vid
904 1902 130 36 hvilka
1074 1902 120 48 enligt
1235 1902 289 36 statskontorets
1552 1901 153 49 mening
1732 1902 286 49 uppmärksam-

426 1954 65 36 het
531 1954 177 36 särskildt
747 1954 115 36 borde
903 1954 129 47 fästas,
1073 1954 167 36 uttalade
1281 1954 283 47 statskontoret,
1602 1959 55 31 att
1689 1953 62 37 det
1788 1953 230 37 hufvudsak-

425 2006 79 48 liga
544 2006 115 49 syftet
700 2006 93 37 efter
833 2006 289 36 statskontorets
1163 2006 213 49 antagande
1416 2006 117 36 borde
1569 2008 58 34 stå
1653 2010 56 31 att
1737 2005 115 36 vinna
1879 2018 139 35 genom

427 2058 197 36 införande
658 2057 78 37 dels
765 2058 40 36 af
829 2058 261 36 bestämmelse
1132 2071 60 23 om
1221 2058 217 48 ovillkorlig
1466 2057 218 49 skyldighet
1712 2062 54 30 att
1795 2057 224 48 stämpelbe-

427 2109 114 49 lägga
582 2110 129 49 hvarje
752 2109 560 50 skogsafverkningskontrakt,
1355 2109 78 37 dels
1476 2109 69 36 ock
1573 2109 42 36 af
1639 2113 53 32 ett
1720 2108 209 48 stadgande
1958 2122 60 22 om

428 2174 171 23 ansvars-
644 2162 70 36 och
755 2161 452 50 ersättningsskyldighet
1244 2162 56 36 för
1326 2161 286 53 underlåtenhet
1640 2165 54 31 att
1722 2160 109 36 ställa
1859 2159 59 49 sig
1946 2159 72 37 den

428 2212 155 37 sålunda
610 2213 107 49 gifna
746 2214 288 36 bestämmelsen
1061 2214 53 36 till
1146 2214 258 36 efterrättelse.
1460 2213 126 37 ÅAfven
1607 2212 411 50 departementschefen

427 2264 164 37 uttalade
618 2265 56 36 till
702 2265 157 37 berörda
887 2266 386 49 statsrådsprotokoll,
1303 2271 53 31 att
1385 2266 62 36 det
1475 2265 95 37 efter
1598 2264 74 37 den
1699 2278 127 22 vunna
1845 2264 174 49 allsidiga

428 2316 252 50 utredningen
708 2318 40 35 af
772 2317 136 49 frågan
936 2317 102 49 finge
1067 2331 108 23 anses
1205 2317 56 37 till
1289 2317 142 37 visshet
1461 2317 240 49 ådagalagdt,
1730 2321 55 32 att
1814 2316 45 36 de
1878 2316 11 37 i
1909 2316 109 37 Riks-
