1918 2840
271 159 18 30 2
737 163 229 29 Statsutskottets
989 166 149 28 utlåtande
1159 167 49 27 Nr
1228 165 52 31 26.

269 234 141 32 anvisat.
456 235 176 43 Täckning
653 237 53 31 för
728 238 213 32 sistnämnda
964 239 128 42 belopp
1115 240 169 33 bereddes
1307 253 40 20 av
1372 243 80 31 1918
1469 244 54 30 års
1539 243 139 42 lagtima
1693 244 81 33 riks-

270 284 65 42 dag
356 296 122 31 genom
502 287 157 31 tillstånd
682 289 50 30 att
755 289 112 32 därför
890 291 76 40 taga
988 290 11 30 i
1023 291 148 41 anspråk
1194 292 176 31 överskott
1392 295 19 29 å
1426 293 94 32 vissa
1535 294 105 31 andra
1657 295 118 42 anslag

268 346 41 20 av
331 335 199 33 lånemedel.

323 412 19 31 I
375 412 164 33 skrivelse
573 414 67 31 den
675 415 37 31 17
747 416 194 41 september
965 418 82 30 1929
1070 418 61 30 har
1146 418 315 42 järnvägsstyrelsen
1483 421 91 41 gjort
1596 421 177 33 framställ-

267 462 84 42 ning
384 474 54 20 om
472 464 208 42 upprivning
712 476 40 20 av
784 466 256 42 ifrågavarande
1073 468 125 32 bandel
1232 471 89 30 samt
1355 481 54 20 om
1432 471 204 42 försäljning
1658 484 39 20 av
1720 473 53 31 till

268 513 319 43 bananläggningen
624 515 152 32 hörande
814 518 94 30 mark
949 529 42 20 m.
1031 530 42 20 m.
1133 519 119 42 Enligt
1288 521 199 41 preliminär
1523 523 250 42 uppskattning

268 563 168 33 beräknas
476 567 49 29 ett
563 566 229 32 realiserande
827 579 39 20 av
898 568 191 32 bandelens
1123 570 181 42 tillgångar
1335 571 158 43 inbringa
1530 573 92 31 cirka
1659 574 115 38 40,000

267 614 135 33 kronor.
447 615 69 32 För
549 617 166 31 täckande
749 628 40 21 av
823 618 65 32 den
921 619 53 31 för
1007 620 320 43 bananläggningen
1350 622 101 42 givna
1473 623 297 41 anslagssumman

268 667 53 30 stå
354 666 177 32 dessutom
565 667 54 32 till
651 668 200 41 förfogande
884 670 136 37 328,644
1054 671 126 31 kronor
1203 672 40 31 25
1267 674 66 37 öre,
1359 674 189 40 utgörande
1572 686 40 19 av
1634 674 137 42 bolaget

265 716 139 42 utgiven
428 718 190 42 ersättning
640 719 52 31 för
714 721 50 29 att
786 720 213 32 kontraktets
1022 722 260 32 bestämmelser
1305 724 175 40 angående
1503 725 172 49 frakterna
1696 726 74 31 icke

265 767 177 42 uppfyllts,
467 768 65 31 och
555 769 114 38 22,572
692 770 126 31 kronor
840 782 40 20 av
903 773 132 30 statens
1058 773 195 41 järnvägars
1269 774 267 42 förnyelsefond.
1561 776 208 32 Återstoden

266 818 83 31 eller
371 820 105 40 något
498 831 73 20 mer
594 822 42 29 än
661 821 134 38 100,000
817 822 125 31 kronor
965 834 101 20 anser
1089 825 168 40 styrelsen
1281 825 83 31 böra
1387 825 133 33 avföras
1545 837 74 21 som
1647 827 124 31 förlust

263 868 12 31 i
300 869 81 31 1930
404 871 54 30 års
481 870 348 34 driftskostnadsstat.

318 919 156 32 Häröver
496 920 86 32 hava
616 922 200 32 utlåtanden
839 923 143 41 avgivits
1006 936 41 19 av
1073 925 247 42 länsstyrelsen
1354 927 11 30 i
1399 927 268 33 Västmanlands
1701 929 67 39 län,

264 970 297 42 domänstyrelsen
585 972 65 31 och
672 973 409 42 riksräkenskapsverket.

317 1021 245 41 Länsstyrelsen
595 1023 61 31 har
685 1024 163 31 förklarat
870 1025 52 41 sig
944 1025 74 32 icke
1042 1026 114 31 kunna
1178 1029 82 39 göra
1283 1029 112 40 någon
1419 1028 135 32 erinran
1578 1031 72 29 mot
1672 1029 97 32 bifall

262 1071 53 31 till
337 1072 349 42 järnvägsstyrelsens
709 1074 135 42 förslag.

315 1122 282 41 Domänstyrelsen
620 1124 61 31 har
703 1125 113 31 anfört
838 1126 105 31 bland
966 1129 105 29 annat
1092 1128 164 41 följande:

315 1172 77 31 Den
426 1173 249 43 huvudsakliga
708 1176 228 42 anledningen
971 1177 53 31 till
1055 1178 204 42 järnvägens
1293 1180 188 40 uppkomst
1514 1181 62 30 har
1609 1181 86 32 varit
1717 1184 50 29 att

262 1215 195 32 underlätta
480 1217 214 41 transporter
717 1229 39 20 av
778 1218 177 41 järnmalm
980 1220 64 30 och
1068 1220 150 41 tackjärn
1235 1222 52 30 för
1304 1222 155 31 enskilda
1475 1222 121 42 bolags
1612 1224 153 41 räkning.

315 1257 126 32 Därest
461 1258 185 42 järnvägen
669 1259 74 31 från
766 1260 121 41 början
909 1261 88 31 hade
1021 1262 170 41 utdragits
1214 1265 73 29 mot
1302 1266 113 29 väster
1431 1266 80 29 över
1526 1265 239 42 kronoparken

261 1299 139 40 Kloten,
423 1300 88 32 hade
546 1301 66 31 den
646 1302 146 31 förvisso
826 1303 72 31 haft
921 1305 110 30 större
1054 1304 179 42 betydelse
1256 1305 53 31 för
1332 1306 252 40 domänverket,
1609 1319 42 20 en
1673 1309 92 41 bety-

261 1341 106 39 delse,
392 1353 73 20 som
490 1343 111 31 skulle
624 1343 86 32 hava
732 1344 143 32 kommit
898 1347 49 29 att
971 1348 132 39 stegras
1131 1347 77 31 med
1232 1349 81 29 åren
1336 1348 11 30 i
1371 1348 66 32 den
1461 1351 78 29 mån
1575 1361 73 20 som
1671 1351 94 31 virke

261 1395 41 20 av
325 1387 127 29 smärre
476 1385 233 32 dimensioner
732 1388 121 30 vunnit
876 1387 87 31 ökad
987 1389 404 42 avsättningsmöjlighet.

315 1427 74 32 Vad
413 1427 293 42 domänstyrelsen
733 1431 44 39 på
800 1430 53 30 sin
876 1430 50 30 tid
949 1431 113 30 anfört
1078 1432 144 31 rörande
1239 1432 203 41 betydelsen
1458 1433 53 31 för
1526 1434 238 42 kronoparken

260 1468 129 33 Kloten
413 1481 39 20 av
475 1470 256 42 ifrågavarande
752 1471 140 42 järnväg
915 1475 88 28 samt
1027 1473 80 31 dess
1131 1475 191 31 eventuella
1337 1475 260 42 framdragande
1613 1479 152 30 västerut

261 1512 81 31 över
375 1512 237 41 kronoparken
636 1513 105 41 gäller
764 1516 100 29 ännu.
909 1514 212 42 Visserligen
1144 1516 62 31 har
1227 1519 113 39 någon
1363 1519 188 30 nämnvärd
1575 1519 190 42 utlastning

260 1564 41 20 av
323 1554 111 31 träkol
456 1555 74 31 icke
555 1556 92 30 skett
670 1557 79 30 över
772 1556 111 31 denna
896 1557 150 42 järnväg,
1063 1558 171 32 beroende
1250 1561 45 39 på
1311 1561 49 30 att
1375 1560 101 31 kolen
1493 1561 125 31 hittills
1634 1562 130 31 kunnat

259 1596 158 41 försäljas
451 1597 53 31 till
537 1597 239 42 kronoparken
800 1599 218 41 närliggande
1041 1600 172 41 järnbruk,
1238 1613 78 20 men
1340 1602 245 33 domänverket
1608 1604 61 31 har
1691 1604 73 31 haft

260 1649 42 20 en
335 1639 187 41 kolbrygga
555 1640 150 41 uppförd
738 1641 58 31 vid
818 1641 164 38 Hultebo,
1008 1653 74 20 som
1106 1643 104 32 tidvis
1233 1644 74 31 haft
1330 1647 49 28 ett
1402 1645 29 41 ej
1455 1645 98 42 ringa
1576 1646 186 41 inflytande

259 1682 44 39 på
325 1681 167 41 kolpriset
515 1682 58 31 vid
596 1682 112 31 denna
731 1684 284 41 ortsförsäljning,

311 1723 126 32 Vidare
471 1724 62 31 har
566 1725 128 31 utfrakt
728 1726 140 31 enstaka
901 1732 36 25 år
972 1727 91 31 skett
1089 1739 39 19 av
1151 1730 67 29 rätt
1241 1728 195 42 betydande
1459 1730 164 41 mängder
1645 1742 116 31 props,

257 1766 180 31 massaved
460 1766 64 31 och
547 1767 185 32 brännved.

311 1808 82 31 Med
427 1808 65 31 den
516 1809 204 41 utveckling,
745 1810 239 32 motordriften
1008 1822 141 21 numera
1171 1812 72 38 fått,
1267 1813 66 31 kan
1357 1814 192 31 emellertid
1572 1815 190 42 utlastning

256 1860 41 20 av
330 1852 127 30 smärre
490 1851 298 32 virkessortiment
821 1854 81 29 utan
936 1855 110 30 större
1080 1854 219 42 fraktökning
1332 1856 58 31 ske
1413 1857 124 40 jämväl
1560 1857 57 31 vid
1642 1857 119 32 Skinn-

255 1892 213 42 skattebergs
490 1894 300 42 järnvägsstation.
837 1895 116 31 Skulle
978 1896 190 31 emellertid
1190 1897 111 31 träkol
1324 1898 11 30 i
1358 1898 182 32 framtiden
1556 1899 74 32 icke
1646 1900 115 31 kunna

254 1934 157 41 försäljas
444 1935 12 31 i
490 1938 98 29 orten
622 1937 64 30 och
719 1937 451 41 Dagarn—Hultebobanan
1203 1939 76 32 icke
1312 1940 52 31 för
1397 1941 113 31 denna
1543 1942 218 42 befraktning

254 1976 124 32 funnes
412 1979 50 29 att
495 1978 105 40 tillgå,
636 1979 96 31 bleve
766 1980 53 30 för
852 1982 92 29 stora
978 1980 94 31 delar
1106 1992 40 20 av
1178 1982 148 32 Klotens
1357 1983 194 41 kronopark
1574 1984 184 42 kolningen

255 2019 174 31 sannolikt
463 2020 249 42 omöjliggjord.
758 2021 307 43 Domänstyrelsen
1099 2024 109 30 finner
1239 2024 52 41 sig
1313 2024 102 32 likväl
1439 2025 74 32 icke
1536 2026 84 31 böra
1642 2027 116 41 ifråga-

252 2062 90 30 sätta
366 2064 49 28 att
447 2062 256 42 ifrågavarande
733 2064 125 31 bandel
891 2064 78 31 med
992 2065 67 31 den
1082 2066 212 41 begränsade
1319 2067 196 42 sträckning
1538 2069 66 30 den
1627 2080 46 20 nu
1697 2069 62 31 har

251 2103 209 32 fortfarande
495 2105 86 31 skall
611 2105 200 39 bibehållas,
836 2109 80 29 enär
939 2107 80 32 dess
1043 2108 176 41 betydelse
1243 2109 120 31 enbart
1386 2110 53 31 för
1461 2111 150 32 kronans
1635 2112 123 42 skogar

250 2145 74 32 icke
347 2146 67 31 kan
437 2147 166 32 motivera
626 2148 197 32 detsamma.

303 2213 390 42 FKuksräkenskapsverket
714 2216 61 31 har
797 2216 162 32 förklarat
983 2217 52 41 sig
1057 2217 74 32 icke
1154 2219 92 30 finna
1270 2219 72 31 skäl
1362 2220 53 31 till
1432 2220 135 32 erinran
1584 2224 71 29 mot
1668 2222 87 41 järn-

247 2265 272 40 vägsstyrelsens
543 2265 135 42 förslag.

302 2331 359 43 Departementechefen
684 2334 60 31 har
766 2335 53 30 för
842 2346 82 30 egen
948 2335 56 32 del
1028 2337 112 30 anfört
1162 2337 166 41 följande:

303 2382 70 31 >Av
396 2383 66 31 den
485 2384 205 41 föregående
713 2385 240 41 redogörelsen
978 2387 98 31 torde
1099 2387 137 41 framgå,
1260 2390 51 29 att
1333 2389 256 41 ifrågavarande
1600 2391 150 42 järnväg,

246 2434 73 21 som
355 2424 198 33 tillkommit
586 2427 272 42 huvudsakligen
891 2428 52 31 för
976 2431 177 39 transport
1175 2441 40 21 av
1238 2431 101 31 malm
1364 2432 63 30 och
1452 2432 151 41 tackjärn
1627 2433 52 31 för
1702 2436 48 28 ett

244 2466 128 32 enskilt
394 2467 120 43 bolags
538 2469 152 42 räkning,
722 2481 141 21 numera
885 2470 73 32 icke
981 2471 100 41 fyller
1104 2474 110 39 någon
1240 2473 143 42 uppgift,
1409 2485 74 20 som
1508 2485 103 31 synes
1634 2476 116 31 kunna
