1902 2826
115 1908 148 26 Utskottet.

314 179 19 30 6
731 177 287 35 Statsutskottets
1037 177 181 36 utlåtande
1238 179 54 34 Nr
1315 182 74 31 212.

362 257 76 33 Det
462 268 101 31 synes
585 256 159 41 rättvist,
767 262 55 29 att
848 257 114 34 denna
988 257 154 43 alltjämt
1167 258 160 43 gällande
1352 258 448 43 undantagsbestämmelse

317 300 54 34 för
392 313 45 21 en
459 313 111 31 grupp
592 302 112 33 lärare
726 301 59 35 vid
808 302 44 34 de
874 302 107 43 högre
1002 302 230 35 kommunala
1255 303 163 34 skolorna
1441 303 164 43 utvidgas
1631 308 56 30 att
1711 307 89 31 även

317 345 93 43 gälla
424 357 45 22 en
486 358 116 21 annan
618 346 86 34 liten
721 358 113 31 grupp
850 359 31 21 e.
900 359 31 21 o.
948 347 110 33 lärare
1075 348 59 33 vid
1152 348 228 33 kommunala
1398 348 201 33 flickskolor
1616 348 67 34 och
1701 349 98 33 kom-

316 389 145 34 munala
487 390 256 40 mellanskolor,
769 391 184 42 praktiska
980 392 245 34 mellanskolor
1251 392 63 34 och
1342 392 106 43 högre
1475 392 202 40 folkskolor,
1703 393 96 33 vilka

317 435 46 41 på
385 434 113 43 grund
520 446 43 21 av
583 435 146 42 statliga
749 435 240 34 restriktioner
1009 448 46 21 nu
1077 437 81 41 löpa
1181 437 70 33 risk
1273 441 54 30 att
1349 437 129 33 förlora
1500 437 75 33 sina
1597 437 161 42 tjänster.
1781 437 18 33 I

316 484 110 29 annat
446 478 58 34 fall
523 479 70 34 kan
613 480 59 33 det
691 480 237 43 egendomliga
948 480 140 35 inträffa
1108 486 55 29 att
1184 494 41 21 en
1245 482 109 32 lärare
1373 482 81 33 med
1475 486 19 29 5
1515 481 172 42 tjänsteår
1706 481 10 34 i
1736 481 65 43 pri-

317 527 64 29 vat
397 523 307 35 statsunderstödd
720 524 182 34 flickskola
920 530 200 37 garanteras
1138 530 75 29 mot
1230 525 222 43 uppsägning
1468 525 162 43 skyddad
1645 538 31 21 e.
1694 538 30 21 o.
1742 526 56 34 be-

317 566 157 44 fattning
488 567 10 34 i
513 567 207 35 kommunal
736 568 195 41 flickskola,
948 569 126 34 medan
1091 582 43 21 en
1156 570 5 33 i
1178 570 205 33 kommunal
1401 570 229 33 mellanskola
1648 570 152 34 anställd

317 623 28 22 e.
364 624 34 21 o.
418 612 230 34 ämneslärare
666 613 82 34 med
766 617 42 29 30
827 613 312 42 tjänsteterminer,
1160 615 109 33 därav
1290 618 40 30 14
1349 614 12 34 i
1382 615 67 33 den
1467 614 230 34 kommunala
1715 615 83 33 mel-

317 656 195 40 lanskolan,
532 657 62 33 där
613 657 73 33 hon
706 660 38 30 är
763 658 163 39 anställd,
946 658 119 34 mister
1085 658 53 34 sin
1157 659 124 42 tjänst.

362 700 57 34 De
444 700 142 43 skärpta
611 701 311 34 bestämmelserna
946 703 146 33 rörande
1117 703 215 42 uppdelning
1357 716 45 20 av
1427 703 94 34 klass
1545 703 11 33 i
1580 703 218 42 parallellav-

318 744 182 43 delningar
517 745 45 33 ha
581 745 108 34 redan
709 746 146 34 berövat
876 747 128 42 många
1024 759 27 21 e.
1071 759 33 21 o.
1126 747 231 33 ämneslärare
1378 747 100 34 deras
1498 747 162 42 tjänster.
1681 748 56 33 Av
1757 748 43 34 de

320 792 64 30 133
406 800 31 22 e.
457 801 32 21 o.
512 789 375 43 ämneslärartjänster,
910 803 75 21 som
1007 792 38 32 år
1068 795 87 30 1939
1182 792 24 41 (i
1230 792 106 42 några
1358 791 62 34 fall
1445 793 132 41 senare)
1605 791 194 35 tilldelades

317 833 176 40 skolorna,
513 833 45 34 ha
579 838 42 30 25
647 834 125 42 (därav
795 838 40 30 13
858 835 61 34 vid
939 835 230 34 kommunala
1188 836 212 40 flickskolor,
1424 839 41 30 12
1488 836 59 34 vid
1569 836 231 34 kommunala

315 878 255 42 mellanskolor)
598 879 93 33 måst
716 879 246 34 vakanssättas
986 885 85 28 utan
1097 880 142 34 vikarie.
1275 881 68 33 För
1367 880 215 34 närvarande
1607 880 127 35 riskera
1761 884 41 30 15

318 934 28 21 e.
365 934 33 21 o.
418 922 242 40 ämneslärare,
679 924 110 33 därav
808 927 18 30 9
845 924 83 34 med
944 924 108 34 minst
1070 928 19 30 5
1108 924 174 42 tjänsteår
1301 924 60 34 vid
1381 926 68 33 den
1469 924 107 40 skola,
1596 925 63 33 där
1677 926 43 33 de
1741 928 58 30 äro

317 966 187 40 anställda,
530 971 54 29 att
609 967 106 34 mista
742 967 74 34 sina
842 968 160 42 tjänster.
1028 969 68 33 Vid
1121 969 183 42 praktiska
1329 969 248 33 mellanskolor
1602 969 66 34 och
1694 970 105 41 högre

316 1010 203 40 folkskolor,
537 1011 95 34 vilka
652 1015 59 30 äro
731 1012 259 35 underkastade
1010 1025 135 21 samma
1164 1012 395 43 restriktionsåtgärder,
1577 1013 143 34 komme
1740 1014 60 34 det

317 1055 110 42 enligt
442 1055 347 43 skolöverstyrelsens
805 1057 232 42 beräkningar
1053 1057 126 34 endast
1193 1058 45 42 på
1255 1057 52 34 sin
1322 1057 88 43 höjd
1425 1062 55 29 att
1495 1058 47 33 bli
1558 1057 100 43 fråga
1674 1070 58 21 om
1748 1062 52 30 ett

317 1098 90 35 fåtal
429 1111 29 22 e.
480 1112 30 21 o.
534 1100 232 34 ämneslärare
787 1102 80 33 med
890 1101 139 43 flerårig
1052 1102 222 42 anställning,
1298 1114 75 21 som
1396 1102 81 42 löpa
1498 1102 72 33 risk
1593 1107 56 29 att
1671 1102 129 34 förlora

317 1143 77 34 sina
415 1143 159 43 tjänster.

363 1187 157 43 Sveriges
542 1188 100 34 flick-
667 1189 67 34 och
759 1189 211 35 samskolors
993 1189 326 36 lärarinneförbund
1344 1190 66 34 har
1434 1191 80 33 med
1541 1190 189 44 anledning
1755 1203 45 21 av

318 1232 102 34 dessa
436 1232 143 42 skärpta
594 1233 262 34 bestämmelser
872 1234 116 42 ingått
1003 1234 51 34 till
1072 1234 332 43 skolöverstyrelsen
1420 1235 82 34 med
1518 1235 210 34 hemställan
1746 1240 54 30 att

317 1276 254 43 överstyrelsen
591 1277 83 34 ville
694 1277 143 43 vidtaga
858 1278 163 42 åtgärder
1040 1278 55 33 för
1114 1278 188 43 utredning
1323 1291 46 21 av
1390 1278 235 43 provisoriska
1647 1279 152 34 bestäm-

316 1320 126 34 melser
460 1333 43 21 av
521 1321 110 34 sådan
648 1322 181 39 innebörd,
848 1327 56 29 att
922 1322 215 43 uppdelning
1155 1335 45 21 av
1218 1322 149 34 årsklass
1386 1323 10 33 i
1415 1323 385 43 parallellavdelningar

317 1366 59 32 må
394 1365 172 43 vidtagas,
585 1368 91 31 även
695 1378 57 21 om
770 1366 170 34 villkoren
959 1366 53 34 för
1030 1366 98 43 dylik
1146 1367 215 42 uppdelning
1379 1367 78 34 icke
1473 1367 190 43 uppfyllas,
1683 1369 117 33 därest

317 1409 210 43 indragning
553 1422 46 21 av
626 1410 346 43 parallellavdelning
999 1410 109 34 skulle
1136 1411 181 34 föranleda
1345 1412 221 43 uppsägning
1594 1425 46 21 av
1668 1425 44 21 en
1740 1413 59 33 vid

318 1454 126 33 skolan
463 1454 150 34 anställd
633 1466 29 22 e.
683 1467 31 21 o.
735 1455 243 40 ämneslärare,
999 1467 73 22 som
1092 1455 112 34 under
1223 1455 108 34 minst
1352 1459 19 30 5
1393 1457 40 32 år
1452 1456 92 34 varit
1565 1457 154 34 anställd
1739 1457 60 34 vid

317 1498 216 34 densamma.

360 1577 334 44 Skolöverstyrelsen
717 1578 72 40 har,
813 1578 106 43 enligt
942 1579 68 33 vad
1033 1579 10 33 i
1065 1579 176 35 motionen
1264 1580 174 42 upplyses,
1460 1579 53 35 för
1536 1580 50 33 sin
1609 1580 53 33 del
1686 1585 115 30 ansett

315 1630 383 35 lärarinneförbundets
731 1631 260 43 framställning
1023 1632 219 42 synnerligen
1275 1632 294 42 behjärtansvärd
1604 1633 66 33 och
1703 1634 95 33 hem-

315 1684 113 40 ställt,
446 1689 53 29 att
515 1684 132 43 Kungl.
665 1684 111 42 Maj:t
793 1685 114 34 måtte
924 1684 124 34 föreslå
1068 1688 88 31 1942
1176 1686 53 33 års
1249 1685 141 43 riksdag
1408 1690 55 30 att
1481 1686 118 34 lämna
1616 1686 66 34 sitt
1700 1686 98 34 bifall

316 1737 55 34 till
395 1742 55 30 att
472 1737 263 34 bestämmelser
756 1737 10 34 i
790 1737 145 43 åsyftad
955 1737 157 43 riktning
1134 1737 170 34 utfärdas.
1328 1738 19 33 I
1372 1739 67 33 den
1462 1738 236 44 föreliggande
1721 1751 77 31 pro-

311 1790 199 43 positionen
529 1790 91 34 hade
644 1791 114 33 denna
778 1790 99 43 fråga
897 1790 189 35 emellertid
1107 1791 31 42 ej
1161 1791 192 43 upptagits.

362 1906 187 34 Utskottet
574 1906 194 43 tillstyrker
791 1905 99 35 bifall
915 1906 53 34 till
993 1906 131 43 Kungl.
1150 1906 126 43 Maj:ts
1302 1906 141 44 förslag,
1469 1913 54 29 att
1549 1908 42 35 de
1616 1907 55 35 för
1695 1908 105 43 högre

314 1959 230 34 kommunala
563 1959 120 34 skolor
703 1960 160 42 gällande
885 1959 234 43 provisoriska
1142 1960 91 33 löne-
1256 1960 64 34 och
1343 1961 456 42 statsbidragsbestämmel-

316 2024 103 23 serna
442 2012 96 35 skola
561 2016 66 39 äga
648 2012 147 35 fortsatt
816 2013 161 43 giltighet
999 2016 88 31 även
1110 2013 56 34 för
1188 2013 210 43 budgetåret
1422 2013 166 44 1942/43.
1612 2015 187 33 Utskottet

315 2066 66 34 har
395 2066 76 35 icke
484 2066 105 34 heller
603 2066 121 34 funnit
738 2066 188 43 anledning
939 2066 53 34 till
1008 2066 137 34 erinran
1159 2072 77 29 mot
1252 2067 403 43 departementschefens
1671 2068 129 43 förslag

314 2120 152 33 rörande
486 2119 228 43 omreglering
735 2132 44 21 av
799 2119 337 35 timlärararvodena
1159 2120 59 34 vid
1240 2121 60 34 det
1320 2120 146 43 statliga
1486 2121 66 34 och
1573 2121 107 43 högre
1701 2122 97 33 kom-

314 2173 147 33 munala
481 2173 246 34 skolväsendet
746 2173 79 35 eller
844 2172 222 35 beträffande
1085 2173 195 43 ersättning
1298 2174 10 33 i
1328 2173 94 35 vissa
1442 2174 61 34 fall
1523 2173 53 35 för
1595 2174 203 43 flyttnings-

313 2225 167 34 kostnad.

361 2278 400 43 Departementschefen
789 2279 65 34 har
881 2279 181 40 förutsatt,
1092 2284 56 29 att
1176 2292 47 21 nu
1253 2280 161 42 gällande
1442 2280 356 43 besparingsbestäm-

315 2332 127 34 melser
457 2331 54 34 för
525 2332 44 33 de
587 2332 108 42 högre
709 2332 231 34 kommunala
956 2332 292 34 läroanstalterna
1266 2332 97 34 skola
1383 2333 129 35 erhålla
1530 2333 161 43 giltighet
1710 2338 89 30 även

314 2384 56 35 för
386 2387 103 31 nästa
506 2384 184 44 budgetår,
706 2385 90 35 dock
814 2390 55 29 att
887 2385 67 34 den
972 2385 204 34 nuvarande
1193 2388 143 40 spärren
1354 2385 223 35 beträffande
1595 2386 204 35 inrättande

316 2451 46 21 av
380 2437 398 44 nybörjaravdelningar
797 2438 108 34 borde
924 2438 195 43 upphävas.
1139 2438 229 35 Beträffande
1388 2439 218 35 sistnämnda
1626 2439 100 44 fråga
1745 2439 54 35 får

314 2492 176 34 utskottet
513 2491 121 40 erinra,
659 2496 55 29 att
739 2491 233 34 innevarande
997 2493 54 32 års
1075 2492 140 43 riksdag
1238 2491 53 35 för
1315 2492 43 33 de
1383 2492 172 34 allmänna
1581 2493 219 34 läroverkens
