2216 2624
413 131 17 29 2
850 131 91 30 första
965 131 214 41 lagutskottets
1201 133 163 30 utlåtande
1387 133 53 31 Nr
1463 135 51 30 24.

371 223 140 32 tarvas.
567 220 145 34 Genom
741 231 45 22 en
815 220 63 43 lag
915 220 72 34 den
1020 221 43 33 17
1093 232 102 24 mars
1227 222 94 34 1905
1350 223 214 34 bestämdes
1593 223 64 35 det
1685 226 312 44 utmätningsfria

370 271 185 42 avdraget
594 270 58 34 till
693 270 168 34 nämnda
901 271 149 43 belopp,
1092 272 341 35 etthundrafemtio
1461 273 151 42 kronor;
1643 274 266 36 dessförinnan
1939 280 59 32 ut-

369 321 134 43 gjorde
531 320 294 44 ifrågavarande
852 321 233 43 värdegräns
1114 323 162 33 allenast
1304 322 212 43 sjuttiofem
1541 324 148 35 kronor.

505 371 18 33 I
565 371 45 34 67
653 368 23 45 $&
717 371 335 44 utsökningslagen
1094 372 237 43 föreskrives,
1374 374 116 33 bland
1531 378 128 39 annat,
1704 375 80 35 dels
1824 377 12 33 i
1877 376 120 36 första

370 421 158 43 stycket,
557 424 57 31 att
641 421 201 43 gäldenärs
870 421 246 35 innestående
1145 423 180 44 avlöning
1351 423 60 35 för
1439 425 139 33 allmän
1599 426 91 34 eller
1710 427 146 34 enskild
1876 427 123 43 tjänst

369 473 91 33 eller
487 471 247 35 innestående
762 472 158 43 pension
949 472 22 34 å
998 473 114 34 rikets
1142 476 76 31 stat
1245 474 80 33 icke
1352 474 62 34 må
1442 478 165 31 utmätas
1635 476 80 35 förr
1742 480 47 31 än
1818 478 179 43 gäldenä-

368 534 67 23 ren
464 525 42 31 är
533 522 215 44 berättigad
789 524 56 32 att
878 523 229 43 avlöningen
1137 524 91 34 eller
1255 525 209 42 pensionen
1492 525 109 43 lyfta,
1631 527 81 35 dels
1741 528 67 34 ock
1836 528 13 34 i
1877 529 120 34 andra

370 573 158 43 stycket,
558 576 71 39 att,
658 584 61 23 om
747 573 13 33 i
787 573 63 43 lag
877 573 91 34 eller
998 573 231 44 författning
1268 577 42 31 är
1337 575 153 35 särskilt
1517 576 163 43 stadgat,
1699 581 56 31 att
1781 579 77 33 viss
1887 591 110 32 egen-

370 624 88 33 dom
487 623 34 43 ej
553 624 61 33 må
643 625 178 40 utmätas,
851 624 90 33 eller
968 635 48 22 av
1039 624 216 44 Konungen
1285 625 58 34 för
1369 626 78 34 viss
1475 626 197 43 pensions-
1701 628 90 34 eller
1817 629 179 35 livränte-

369 675 143 33 anstalt
538 673 229 43 förordnats,
797 676 55 31 att
880 674 168 34 därifrån
1077 674 191 44 utgående
1296 676 159 43 pension
1484 677 89 33 eller
1600 677 167 35 livränta
1794 678 33 43 ej
1859 679 62 34 må
1940 683 57 31 ta-

368 736 68 31 gas
464 724 12 33 i
504 728 90 38 mät,
624 724 65 35 det
717 724 95 34 skall
840 724 114 34 lända
982 725 57 34 till
1067 725 262 35 efterrättelse.
1371 726 102 34 Från
1501 727 177 35 förbudet
1698 732 78 31 mot
1795 729 201 35 exekution

368 775 12 33 i
409 774 33 43 ej
475 775 176 34 förfallen
681 775 180 42 avlöning
888 776 90 33 eller
1004 776 159 42 pension
1192 777 119 42 gäller
1337 777 57 34 till
1423 777 148 34 förmån
1591 778 59 34 för
1673 779 325 36 underhållsford-

368 825 140 43 ringar,
537 826 145 34 skatter
710 825 89 33 eller
826 826 193 33 allmänna
1047 826 165 43 avgifter
1234 826 200 44 undantag
1459 827 153 43 jämlikt
1630 829 112 43 lagen
1763 841 59 22 om
1842 831 156 34 införsel

368 876 13 33 i
409 876 192 43 avlöning,
644 875 158 44 pension
844 876 91 34 eller
961 876 165 35 livränta
1154 876 73 35 den
1260 878 44 33 14
1331 877 87 44 juni
1448 878 94 34 1917
1572 879 86 33 med
1687 880 134 43 tillägg
1848 881 72 34 den
1950 882 42 34 31

370 925 197 35 december
597 926 108 34 1918.

506 976 188 44 Slutligen
736 976 155 44 stadgas
931 976 13 34 i
973 977 46 34 30
1052 975 23 44 $
1103 978 293 44 konkurslagen,
1426 979 115 34 bland
1569 983 131 39 annat,
1730 983 56 32 att
1813 982 183 43 gäldenär

369 1029 100 41 äger,
511 1027 166 35 förutom
718 1030 77 31 rätt
829 1030 57 31 att
912 1027 113 43 njuta
1051 1028 135 44 nödigt
1214 1028 200 35 underhåll
1442 1030 120 33 under
1589 1031 78 33 viss
1696 1031 67 42 tid,
1792 1031 85 34 från
1906 1033 91 34 kon-

369 1078 178 34 kursboet
574 1078 244 34 utbekomma
846 1078 70 34 och
945 1077 148 35 behålla
1117 1078 81 34 dels
1218 1078 140 44 nödiga
1377 1079 117 43 gång-
1514 1080 68 33 och
1603 1082 228 43 sängkläder
1850 1082 59 34 för
1928 1084 68 42 sig,

370 1128 135 34 hustru
526 1129 69 33 och
616 1127 214 43 oförsörjda
849 1128 94 33 barn
964 1128 90 33 eller
1072 1128 266 43 adoptivbarn,
1359 1129 81 34 dels
1456 1130 79 42 ock,
1551 1130 57 34 till
1625 1134 54 31 ett
1693 1132 116 34 värde
1825 1144 48 22 av
1888 1134 112 43 högst

370 1178 340 34 etthundrafemtio
738 1178 147 41 kronor,
915 1177 141 44 nödiga
1083 1179 290 43 arbetsredskap
1403 1181 90 33 eller
1520 1181 119 33 andra
1668 1182 140 44 nödiga
1836 1184 160 34 lösören.

171 1227 180 39 Riksdagens
509 1229 18 33 I
555 1229 180 34 skrivelse
764 1228 72 34 den
868 1229 42 33 11
940 1228 85 43 juni
1057 1229 94 34 1917
1182 1230 128 33 anhöll
1337 1230 203 44 riksdagen
1560 1231 12 33 i
1592 1232 209 45 anledning
1820 1245 48 22 av
1886 1235 114 34 väckt

157 1261 122 67 je
281 1261 58 60 ss
338 1270 188 51 motion,
569 1282 57 31 att
666 1279 142 42 Kungl.
845 1278 111 43 Maj:t
983 1280 88 33 ville
1100 1283 91 40 taga
1218 1280 13 33 i
1259 1281 277 43 övervägande,
1566 1281 192 36 huruvida
1786 1284 69 33 och
1883 1285 12 33 i
1923 1285 75 34 vad

370 1329 88 34 mån
500 1329 178 44 gällande
719 1329 242 44 lagstiftning
992 1329 117 35 måtte
1144 1331 131 33 kunna
1303 1331 170 44 skäligen
1501 1332 138 34 ändras
1668 1333 11 33 i
1709 1334 110 43 syfte,
1849 1338 57 31 att
1933 1347 64 22 av-

370 1380 131 43 löning
519 1381 59 33 för
606 1380 142 33 allmän
777 1380 89 33 eller
894 1380 146 34 enskild
1068 1380 124 43 tjänst
1220 1381 90 34 eller
1327 1382 160 42 pension
1507 1382 105 34 bleve
1632 1384 58 33 till
1710 1385 77 33 viss
1807 1385 60 33 del
1887 1386 113 43 skyd-

371 1430 75 34 dad
474 1430 59 34 för
560 1430 229 42 utmätning,
819 1433 99 31 samt
936 1430 59 34 för
1013 1430 204 44 riksdagen
1237 1431 213 44 framlägga
1470 1432 63 34 det
1552 1432 155 45 förslag,
1727 1435 128 33 vartill
1875 1436 125 34 denna

370 1480 207 43 utredning
604 1479 127 34 kunde
758 1479 209 35 föranleda.

160 1531 109 39 Kungl.
297 1539 62 29 pro-
507 1530 145 35 Genom
673 1530 235 43 proposition
929 1530 73 34 den
1024 1531 19 33 8
1064 1532 205 34 november
1291 1532 107 42 1918,
1416 1544 45 22 nr
1476 1533 58 41 32,
1550 1533 207 36 framlades
1776 1535 59 34 för
1854 1547 146 23 samma

159 1560 135 71 postelen,
310 1564 50 60 vad
370 1581 61 34 års
451 1582 140 33 urtima
610 1580 156 43 riksdag
785 1580 119 34 delvis
924 1581 84 33 med
1028 1581 275 35 föranledande
1323 1594 47 22 av
1385 1584 269 34 ovannämnda
1669 1585 222 44 riksdagens
1907 1587 94 34 skri-

203 1632 112 38 urtima
370 1632 113 40 velse,
504 1631 116 34 bland
640 1634 118 31 annat
792 1631 143 43 förslag
953 1632 58 33 till
1026 1632 63 43 lag
1108 1643 61 22 om
1189 1632 146 34 ändrad
1354 1634 145 42 lydelse
1518 1645 46 22 av
1584 1635 46 33 65
1652 1636 70 33 och
1744 1637 44 33 67
1806 1634 48 44 £$
1874 1638 126 33 utsök-

197 1665 127 35 riksdags
370 1683 225 42 ningslagen
625 1685 100 30 samt
753 1682 46 33 30
828 1679 22 43 $
870 1681 291 44 konkurslagen.
1203 1683 55 33 De
1278 1683 216 44 föreslagna
1522 1685 259 43 ändringarna
1799 1687 201 35 inneburo:

507 1735 53 31 att
586 1732 12 33 i
628 1733 45 33 65
704 1729 22 44 $
755 1732 338 44 utsökningslagen
1123 1733 64 34 det
1215 1734 147 43 belopp,
1392 1735 58 33 till
1477 1735 117 34 vilket
1622 1736 142 44 nödiga
1792 1738 209 34 arbetsred-

371 1783 95 43 skap
495 1783 90 33 eller
613 1782 121 34 andra
761 1782 140 44 nödiga
929 1783 146 34 lösören
1104 1783 102 44 finge
1233 1783 84 34 från
1348 1785 217 43 utmätning
1592 1786 252 45 undantagas,
1866 1788 135 43 höjdes

369 1833 87 33 från
497 1832 340 35 etthundrafemtio
877 1833 57 34 till
976 1833 229 34 femhundra
1234 1834 147 42 kronor,
1412 1839 99 31 samt
1537 1839 57 31 att
1620 1836 292 36 bestämmelsen
1941 1850 59 23 om

369 1886 77 31 rätt
473 1886 56 31 att
556 1894 48 23 av
632 1882 139 43 förråd,
793 1894 79 23 som
893 1884 12 33 i
925 1883 150 34 hushåll
1095 1884 150 43 funnes,
1267 1885 233 44 undantaga,
1528 1886 74 34 vad
1631 1887 59 34 till
1718 1888 199 34 underhåll
1945 1889 59 35 för

371 1945 45 22 en
445 1933 139 34 månad
626 1933 188 43 tarvades,
843 1933 320 44 fullständigades
1192 1935 85 34 med
1305 1935 195 35 föreskrift
1527 1948 59 22 om
1615 1940 78 32 rätt
1720 1942 68 38 att,
1817 1939 12 33 i
1857 1940 146 34 saknad

372 1995 48 23 av
447 1984 140 42 förråd,
617 1984 224 44 undantaga
869 1984 240 44 erforderligt
1136 1986 308 43 penningbelopp
1472 1986 58 34 för
1558 1988 251 35 anskaffande
1838 1989 134 41 därav;

509 2037 53 31 att
589 2034 12 33 i
642 2034 44 34 67
717 2031 23 45 $
781 2035 339 43 utsökningslagen
1159 2035 85 35 från
1285 2037 73 33 den
1387 2037 184 43 stadgade
1604 2038 246 35 oinskränkta
1877 2044 125 31 rätten

375 2085 58 34 till
462 2085 219 43 utmätning
708 2095 48 23 av
784 2085 176 34 förfallen
990 2086 181 43 avlöning
1198 2086 153 43 gjordes
1371 2087 65 34 det
1454 2087 208 45 undantag,
1684 2092 56 31 att
1758 2090 83 34 från
1864 2094 139 31 utmät-

375 2135 94 43 ning
496 2135 121 34 skulle
647 2135 118 34 därav
792 2135 242 44 undantagas
1078 2136 76 34 vad
1183 2148 80 22 som
1292 2137 238 35 erfordrades
1557 2138 57 34 till
1643 2139 133 44 nödigt
1804 2141 199 35 underhåll

375 2185 41 35 åt
455 2185 245 45 gäldenären,
742 2186 95 33 hans
879 2186 135 34 hustru
1055 2187 70 34 och
1168 2187 214 44 oförsörjda
1423 2188 92 34 barn
1549 2189 90 34 eller
1666 2190 252 44 adoptivbarn
1946 2193 58 34 till
