1890 2808
239 175 121 30 Första
387 174 220 30 kammarens
633 174 154 30 andra
813 173 171 39 tillfälliga
1011 173 147 30 utskotts
1185 171 175 31 utlåtande
1386 182 42 20 nr
1454 172 49 30 10.
1599 169 18 30 5

128 265 90 39 syfte
240 268 48 27 att
311 264 82 31 ernå
418 264 339 31 överensstämmelse
781 264 126 30 mellan
932 264 41 30 de
996 262 90 31 båda
1111 262 293 38 författningarna
1429 261 9 29 i
1463 260 41 31 de
1528 262 87 36 styc-

130 311 77 34 ken,
228 311 62 29 där
308 310 109 30 sådan
435 318 123 31 genom
577 319 121 21 senare
711 309 188 38 ändringar
912 309 9 29 i
936 309 55 29 det
1005 307 276 30 internationella
1296 306 174 38 fördraget
1483 304 134 31 brutits.

176 356 170 38 Styrelsen
367 356 200 29 förutsätter
587 354 198 35 emellertid,
808 357 48 27 att
876 353 45 39 på
941 353 111 39 grund
1072 362 42 20 av
1135 362 47 20 nu
1203 351 151 30 rådande
1375 349 243 31 förhållanden

131 402 112 30 denna
269 402 145 37 översyn
439 400 75 30 icke
539 400 212 30 omedelbart
776 398 209 32 verkställes,
1012 400 84 27 utan
1121 397 64 29 bör
1211 396 104 38 enligt
1341 395 181 39 styrelsens
1549 403 68 20 me-

130 447 82 37 ning
235 446 141 30 därmed
398 444 107 36 anstå,
528 445 67 30 tills
618 454 94 21 mera
734 443 157 31 normala
913 441 244 31 förhållanden
1180 441 71 30 åter
1273 441 127 29 inträtt.

178 492 73 30 Vad
275 491 170 30 beträffar
468 490 124 39 frågan
618 500 57 20 om
701 489 144 39 höjning
870 499 42 20 av
938 490 55 29 det
1018 489 9 30 i
1052 487 428 40 järnvägstrafikstadgan,
1507 486 114 38 bilaga

133 538 36 34 A,
192 538 75 30 avd.
288 537 36 35 ÅA,
347 546 104 20 mom.
473 537 28 33 3,
523 536 149 39 angivna
693 535 121 39 högsta
836 534 368 39 ersättningsbeloppet
1225 533 56 29 för
1301 532 233 38 dyrbarheter,
1559 530 62 30 590

129 583 130 30 kronor
281 582 54 30 för
358 581 94 38 varje
476 581 180 38 sändning,
682 579 54 31 får
758 579 332 39 järnvägsstyrelsen
1114 577 167 35 meddela,
1307 580 47 27 att
1379 576 165 39 styrelsen
1568 584 48 21 se-

137 629 68 29 dan
224 627 113 39 någon
356 627 49 29 tid
425 626 141 30 tillbaka
585 626 77 29 haft
681 624 122 40 frågan
822 634 57 21 om
898 624 146 38 ändring
1064 633 39 20 av
1124 622 304 31 bestämmelserna
1447 620 178 38 angående

136 673 206 39 järnvägens
368 681 124 21 ansvar
518 671 55 30 för
600 670 225 39 dyrbarheter
849 669 110 30 under
984 667 221 38 behandling,
1233 667 82 30 enär
1342 665 199 30 nuvarande
1568 665 55 29 be-

136 718 214 31 stämmelser
368 716 88 30 vålla
475 715 210 39 svårigheter
703 715 10 29 i
731 714 263 38 tillämpningen
1013 713 64 30 och
1096 711 164 38 missnöje
1279 712 62 29 hos
1360 710 261 31 trafikanterna.

136 764 171 38 Styrelsen
331 763 63 29 har
419 761 118 30 därvid
564 760 97 30 tänkt
685 760 59 38 sig,
770 762 48 27 att
843 758 115 39 någon
984 757 149 30 skillnad
1158 756 125 30 mellan
1310 755 223 38 dyrbarheter
1559 753 63 30 och

134 811 106 29 annat
262 808 81 39 gods
366 807 74 30 icke
460 806 108 31 skulle
591 806 100 38 göras
712 804 110 30 under
842 801 257 39 förutsättning,
1122 804 49 28 att
1192 804 45 27 ett
1259 801 119 38 högsta
1401 798 219 39 ersättnings-

133 855 125 37 belopp
279 863 41 21 av
341 852 197 39 förslagsvis
563 852 58 29 125
643 851 129 30 kronor
792 860 61 29 per
872 850 170 38 kilogram
1063 849 185 30 fastställes
1270 848 54 29 för
1346 847 67 30 alla
1434 845 187 39 godssänd-

135 900 131 38 ningar.
295 898 209 38 Härigenom
530 897 110 30 skulle
667 906 81 20 man
774 896 86 29 även
886 894 82 30 ernå
993 894 112 30 bättre
1130 891 339 32 överensstämmelse
1496 886 127 46 mellan

135 944 253 38 trafikstadgan
412 943 64 29 och
499 943 55 29 det
578 940 276 31 internationella
877 939 185 38 fördraget.
1088 938 170 38 Styrelsen
1282 945 101 21 anser
1406 935 115 31 starka
1548 933 75 31 skäl

135 991 68 29 tala
228 989 53 30 för
301 992 49 26 alt
371 998 42 20 en
434 986 107 32 sådan
563 986 148 39 ändring
731 985 190 30 behandlas
944 984 75 30 före
1040 984 65 29 den
1128 983 175 30 allmänna
1325 981 145 37 Översyn
1492 989 41 21 av
1556 982 66 26 tra-

135 1035 208 38 fikstadgan,
389 1042 74 21 som
496 1032 146 39 angivits
677 1031 9 30 i
708 1031 56 30 det
787 1028 216 40 föregående,
1050 1028 65 30 och
1137 1028 64 29 har
1223 1026 118 30 därför
1363 1026 55 29 för
1441 1024 111 32 avsikt
1574 1025 48 28 att

135 1080 192 38 framlägga
353 1078 129 38 förslag
506 1078 133 29 härom.

179 1125 13 30 I
217 1124 122 39 frågan
365 1122 176 40 angående
565 1122 148 38 ändring
738 1131 41 21 av
803 1120 255 38 trafikstadgan
1082 1118 20 40 $
1127 1120 42 29 93
1194 1127 103 21 mom.
1326 1119 16 28 7
1369 1115 177 40 angående
1572 1125 48 20 er-

134 1170 151 38 sättning
306 1169 50 30 till
377 1168 233 31 ledamöterna
634 1167 8 30 i
666 1166 242 38 skiljenämnd,
933 1164 53 31 får
1009 1164 165 39 styrelsen
1196 1162 165 35 meddela,
1385 1165 48 27 att
1456 1160 166 39 styrelsen

135 1217 65 29 den
219 1216 41 29 29
280 1214 180 31 december
480 1213 81 30 1942
582 1211 119 31 avlåtit
720 1210 215 39 underdånig
955 1209 163 30 skrivelse
1139 1218 57 21 om
1215 1207 144 39 höjning
1378 1216 41 21 av
1440 1207 113 29 denna
1572 1214 49 22 er-

136 1261 160 38 sättning.

178 1332 153 31 Svenska
365 1331 368 39 järnvägsföreningen
769 1337 57 31 ger
849 1329 10 30 i
883 1329 57 30 sitt
962 1327 178 31 utlåtande
1164 1326 138 39 uttryck
1325 1326 55 30 för
1405 1325 7 30 i
1438 1323 182 32 huvudsak

134 1397 133 20 samma
293 1385 215 39 synpunkter
532 1394 74 21 som
631 1383 341 40 järnvägsstyrelsen.
1318 1380 3 3 |

180 1440 369 38 Kommerskollegium
575 1439 102 30 anför
704 1439 9 29 i
741 1438 185 30 huvudsak
951 1437 168 39 följande:

178 1502 90 31 Från
290 1502 235 40 järnvägshåll
547 1503 65 29 har
634 1502 355 39 uppmärksamheten
1012 1502 86 30 fästs
1122 1501 44 40 på
1189 1502 55 30 det
1267 1501 170 39 naturliga
1460 1500 156 31 samban-

134 1550 56 29 det
220 1549 126 29 mellan
377 1548 339 38 godstrafikstadgan
748 1548 64 29 och
844 1548 54 29 det
930 1546 276 31 internationella
1237 1546 175 38 fördraget
1443 1544 178 40 angående

133 1593 287 40 godsbefordring
443 1592 44 40 på
511 1593 154 38 järnväg.
690 1592 65 30 Vid
779 1591 239 40 avvägningen
1041 1602 42 20 av
1109 1592 55 29 det
1189 1590 274 31 internationella
1487 1590 134 29 fördra-

136 1643 71 35 gets
228 1648 138 20 normer
385 1638 54 30 för
459 1637 263 39 ansvarigheten
743 1638 54 29 för
818 1637 108 30 skada
948 1636 20 30 å
989 1636 83 39 gods
1094 1646 100 29 synes
1216 1635 187 30 emellertid
1424 1634 199 39 järnvägar-

137 1694 61 20 nas
221 1685 168 29 intressen
411 1683 64 31 fått
497 1683 179 30 dominera
699 1683 9 29 i
731 1692 42 20 en
796 1682 37 30 så
855 1682 68 39 hög
946 1682 93 38 grad,
1065 1684 49 27 att
1137 1680 339 30 överensstämmelse
1500 1679 31 38 ej
1555 1679 69 29 kan

135 1728 135 40 uppnås
291 1732 84 27 utan
394 1728 196 39 ytterligare
609 1727 257 31 åsidosättande
886 1737 42 20 av
948 1726 271 30 trafikanternas
1239 1724 211 39 berättigade
1470 1722 153 40 anspråk

133 1774 46 40 på
199 1784 42 20 en
261 1774 109 38 skälig
390 1772 210 39 bedömning
620 1782 42 20 av
683 1773 98 29 deras
802 1770 326 32 skadeståndskrav.
1151 1770 175 30 Alltsedan
1346 1768 276 30 internationella

137 1819 278 39 godsfördragets
437 1818 166 30 tillkomst
623 1818 64 30 har
707 1818 54 29 för
780 1816 110 39 övrigt
910 1816 85 30 strid
1015 1815 68 30 rått
1102 1825 57 20 om
1180 1815 207 29 detsammas
1408 1812 216 38 utformning

135 1864 44 39 på
202 1865 111 29 denna
335 1863 119 39 punkt,
477 1863 119 30 varvid
618 1863 87 29 även
728 1862 78 29 från
826 1860 237 39 järnvägshåll
1085 1859 181 39 medgivits
1287 1862 49 27 att
1358 1857 265 39 ifrågavarande

135 1909 259 30 bestämmelser
418 1908 77 29 med
521 1907 74 30 sina
620 1906 127 39 många
772 1905 198 39 uppställda
995 1904 177 38 undantag
1199 1904 65 29 och
1289 1901 201 31 invecklade
1513 1900 109 31 bevis-

135 1955 109 38 regler
263 1954 59 29 äro
343 1954 54 28 för
416 1952 252 30 trafikanterna
689 1951 130 39 ganska
839 1950 149 37 stränga.

181 2000 48 29 De
255 1999 189 30 avvikelser
470 1997 77 30 från
574 1997 275 30 internationella
877 1996 192 38 fördragets
1095 1994 258 30 bestämmelser
1380 1994 48 29 till
1454 1992 168 31 trafikan-

136 2048 113 26 ternas
271 2042 147 36 förmån,
442 2053 73 19 som
536 2042 147 30 svenska
704 2041 340 39 godstrafikstadgan
1066 2039 199 35 innehåller,
1288 2048 102 30 synas
1411 2038 212 38 jämförelse-

136 2090 49 29 vis
210 2089 211 37 begränsade
443 2088 63 29 och
530 2088 7 29 i
564 2087 95 37 varje
681 2088 61 29 fall
765 2097 41 19 ur
828 2085 270 31 trafikanternas
1122 2084 176 39 synpunkt
1321 2082 236 38 otillräckliga.

182 2135 73 29 Den
279 2135 6 28 i
311 2133 175 30 motionen
507 2133 149 38 begärda
682 2132 192 30 revisionen
897 2132 88 29 skall
1008 2130 189 31 emellertid
1220 2131 44 29 ha
1287 2130 50 30 till
1361 2129 151 39 speciellt
1535 2128 89 39 syfte

136 2182 49 27 att
210 2179 107 38 skapa
343 2179 106 28 större
475 2177 208 39 enhetlighet
706 2196 44 3 —
775 2177 29 37 ej
831 2176 127 30 mellan
984 2174 275 31 internationella
1285 2173 341 39 järnvägsfördraget

137 2224 65 30 och
223 2222 419 39 järnvägstrafikstadgan
663 2240 42 3 —
729 2224 81 26 utan
834 2221 126 29 mellan
983 2221 112 28 denna
1118 2228 137 21 senares
1277 2218 107 38 regler
1406 2219 65 28 och
1493 2218 41 29 de
1557 2226 67 29 nya

137 2268 304 30 bestämmelserna
461 2267 9 28 i
490 2267 162 37 sjölagen.
675 2266 10 28 I
708 2266 90 29 detta
818 2264 169 30 avseende
1006 2264 57 29 vill
1084 2263 185 38 kollegium
1290 2263 122 34 erinra,
1433 2265 49 27 att
1501 2261 122 38 sjöfar-

139 2317 72 26 tens
229 2313 63 29 och
309 2311 333 38 järnvägstrafikens
660 2319 137 20 normer
815 2308 164 38 föreligga
997 2308 197 29 utformade
1212 2307 9 29 i
1240 2306 91 30 olika
1348 2305 277 30 internationella

137 2358 101 30 avtal.
267 2356 260 37 Möjligheterna
553 2357 48 27 att
629 2352 276 38 sammanjämka
936 2351 207 30 hithörande
1168 2350 257 30 bestämmelser
1453 2348 171 30 försvåras

138 2402 188 29 emellertid
347 2409 122 29 genom
490 2402 44 26 att
559 2400 136 36 hänsyn
717 2397 103 29 också
842 2396 108 30 måste
972 2399 94 35 tagas
1088 2396 49 29 till
1160 2395 55 30 det
1235 2404 67 21 nya
1324 2393 301 37 transportmedlet

140 2449 113 37 flyget,
277 2446 53 29 för
352 2445 89 29 vilket
477 2444 106 36 gäller
608 2444 82 28 1929
712 2442 54 30 års
788 2439 407 32 Warschaukonvention
1219 2439 145 29 rörande
1387 2437 238 31 fastställande

137 2503 41 19 av
198 2492 87 29 vissa
307 2498 253 31 gemensamma
582 2486 259 32 bestämmelser
861 2486 8 29 i
890 2485 98 39 fråga
1009 2494 56 21 om
1085 2483 252 31 internationell
1358 2482 263 30 luftbefordran.
