1872 2796
478 163 126 40 Tredje
627 162 246 40 lagutskottets
897 160 180 31 utlåtande
1098 169 44 21 nr
1169 160 49 31 11.
1565 158 40 31 53

96 250 189 39 Förslaget.

142 302 13 29 I
175 300 263 41 propositionen
457 298 148 31 föreslås
624 297 52 30 till
696 307 42 20 en
757 296 127 40 början
906 298 50 28 att
976 296 57 29 det
1055 295 55 30 för
1165 293 437 40 tvångsägoutbyte

99 353 9 28 i
138 350 357 40 gränsrätningssyfte
527 348 200 41 uppställda
757 348 172 33 villkoret,
958 349 51 28 att
1037 347 149 39 gränsen
1216 345 82 39 »går
1325 344 12 30 i
1366 344 126 30 bukter
1519 343 83 31 eller

98 402 237 39 brytningar»,
361 400 191 31 avskaffas.

142 451 125 32 Vidare
291 452 150 30 föreslås
465 453 49 28 att
538 459 42 21 en
604 459 47 30 ny
673 451 54 29 art
750 458 43 22 av
816 448 313 40 tvångsägoutbyte
1152 447 144 30 införes.
1323 445 281 39 Förutsättning-

99 513 85 21 arna
207 503 54 30 för
285 504 115 28 denna
424 502 97 30 skola
543 511 84 20 vara
651 503 49 28 att
727 500 202 39 ägoutbytet
953 499 102 30 berör
1078 497 371 41 jordbruksfastighet,
1474 497 51 29 att
1550 503 54 32 ge-

98 564 81 20 nom
204 554 195 30 detsamma
425 562 43 20 en
490 553 208 29 bekvämare
726 550 264 40 ägoanordning
1014 549 123 30 vinnes
1163 549 56 29 för
1243 547 362 41 jordbruksfastighe-

98 607 59 27 ten
181 605 65 30 och
269 606 50 28 att
343 604 201 39 ägoutbytet
568 602 135 30 medför
727 601 196 39 betydande
946 600 113 30 fördel
1083 600 56 30 för
1162 598 375 40 jordbruksnäringen.

146 655 332 31 Särbestämmelsen
499 655 12 29 i
534 654 19 30 6
577 653 79 40 kap.
680 652 19 30 8
725 652 15 37 $
765 652 113 30 första
901 651 136 40 stycket
1060 649 467 41 fastighetsbildningslagen
1550 656 57 21 om

102 706 310 39 tvångsägoutbyte
431 705 11 29 i
464 704 90 39 syfte
576 706 50 28 alt
646 703 122 39 bringa
790 701 414 40 fastighetsindelningen
1223 700 11 29 i
1256 698 349 32 överensstämmelse

100 757 79 30 med
204 757 84 40 plan
314 756 89 29 skall
430 755 107 39 enligt
562 754 263 41 propositionen
851 752 207 39 överflyttas
1082 751 53 30 till
1160 750 357 40 jorddelningslagen.
1543 749 62 30 Be-

102 808 225 30 stämmelsen
347 806 67 30 blir
437 806 202 39 därigenom
659 803 187 41 tillämplig
865 804 87 29 även
972 803 45 40 på
1039 802 177 34 områden,
1243 810 75 21 som
1339 800 76 30 icke
1437 800 85 30 falla
1542 808 64 21 un-

100 859 61 29 der
184 856 477 41 fastighetsbildningslagen.
687 855 112 30 Bland
823 855 41 29 de
891 853 227 41 planformer,
1145 862 74 20 som
1244 852 101 30 skola
1370 852 122 29 kunna
1514 850 92 39 ligga

101 909 53 29 till
174 909 112 39 grund
304 908 58 30 för
379 908 115 29 denna
512 910 54 27 art
585 916 41 20 av
647 906 196 40 ägoutbyle,
863 906 171 38 upptages
1053 903 275 40 byggnadsplan,
1349 902 167 39 antingen
1536 900 69 30 frå-

101 967 43 31 ga
168 961 39 29 är
232 968 57 21 om
316 958 110 30 sådan
451 957 84 41 plan
563 957 106 39 enligt
694 965 69 30 nya
789 954 284 41 byggnadslagen
1099 953 82 30 eller
1207 962 57 20 om
1294 952 96 30 äldre
1415 951 194 40 byggnads-

102 1011 92 40 plan.

146 1060 337 41 Tvåprocentregeln
512 1060 146 29 ersättes
687 1058 106 39 enligt
823 1057 167 39 förslaget
1019 1056 80 30 med
1130 1064 43 21 en
1203 1053 322 41 femprocentregel.
1554 1052 53 30 Då

103 1112 202 39 ägoutbytet
328 1111 101 31 berör
456 1110 165 30 samfälld
644 1109 111 33 mark,
782 1108 90 30 skall
895 1106 205 41 jämförelse
1127 1107 100 38 göras
1254 1105 131 30 mellan
1409 1105 41 30 de
1473 1104 54 29 till
1554 1104 54 29 ut-

102 1163 79 39 byte
204 1162 209 40 ifrågasatta
437 1162 149 38 ägornas
610 1159 162 34 skillnad,
799 1159 20 30 å
844 1168 74 25 ena,
945 1158 65 29 och
1032 1156 165 39 samtliga
1223 1156 42 30 de
1291 1155 215 39 fastigheter,
1532 1163 75 21 som

101 1215 65 38 äga
188 1213 54 30 del
263 1212 12 30 i
301 1211 292 40 samfälligheten,
616 1210 20 30 å
657 1210 111 30 andra
791 1209 111 30 sidan.
926 1207 108 31 Avser
1057 1207 203 39 ägoutbytet
1282 1207 52 29 att
1356 1204 132 40 främja
1510 1205 96 30 över-

104 1263 264 31 ensstämmelse
395 1263 80 29 med
501 1262 84 40 plan
613 1261 106 39 enligt
748 1260 68 30 den
844 1259 96 30 förut
968 1257 235 31 omförmälda
1231 1257 54 30 till
1315 1255 294 41 jorddelningsla-

105 1322 64 31 gen
192 1313 232 40 överflyttade
449 1312 127 40 regeln,
602 1311 57 30 må
683 1311 81 39 byte
788 1320 42 21 av
853 1310 80 39 jord
957 1311 74 28 mot
1056 1316 131 33 pengar
1212 1308 65 30 ske
1300 1307 97 30 inom
1422 1315 43 21 en
1490 1306 119 39 tjugu-

103 1365 336 40 femprocentgräns.

149 1416 73 29 Vad
247 1414 220 30 fortfarande
495 1413 106 39 gäller
627 1411 312 40 tvångsägoutbyte
964 1410 149 30 föreslås
1138 1409 52 30 till
1218 1409 140 30 förmån
1385 1408 56 30 för
1464 1407 145 30 inneha-

105 1475 80 21 vare
218 1475 41 20 av
289 1465 214 39 begränsade
533 1464 173 29 sakrätter
735 1472 44 20 en
808 1461 149 40 generell
987 1459 184 31 föreskrift
1201 1468 58 21 om
1290 1458 227 39 nedsättning
1544 1457 65 30 och

105 1516 199 38 fördelning
325 1525 42 20 av
388 1513 395 42 penningersättningen
806 1513 12 29 i
841 1512 110 29 likhet
974 1511 80 29 med
1076 1511 66 30 vad
1165 1519 75 20 som
1262 1510 39 30 är
1322 1508 209 31 föreskrivet
1551 1506 58 31 vid

106 1566 271 40 expropriation.
405 1566 122 29 Denna
557 1563 182 31 föreskrift
768 1562 89 30 skall
885 1562 89 30 dock
1001 1561 77 30 icke
1109 1560 99 40 gälla,
1237 1569 57 20 om
1324 1559 161 39 samtliga
1513 1558 97 30 inne-

104 1619 127 28 havare
269 1626 43 21 av
349 1615 214 40 begränsade
594 1614 178 30 sakrätter
808 1612 169 40 medgiva,
1017 1613 50 29 att
1095 1609 451 40 nedsättningsförfarande
1575 1607 31 40 ej

108 1668 88 29 skall
217 1669 64 37 äga
302 1676 90 25 rum,
415 1667 82 29 eller
518 1666 57 29 det
598 1666 38 29 är
658 1663 207 42 uppenbart,
889 1665 50 28 att
963 1662 137 40 utbytet
1121 1661 77 31 icke
1219 1662 71 30 kan
1314 1660 105 30 lända
1441 1659 98 40 dylik
1558 1658 53 30 in-

105 1719 172 29 nehavare
302 1717 53 30 till
378 1717 119 30 skada.

151 1819 64 29 Det
237 1818 11 29 i
270 1817 159 40 gällande
449 1817 56 39 lag
526 1816 150 39 angivna
698 1815 106 39 syftet
824 1815 80 29 med
946 1812 258 39 frivilligt
1246 1811 274 40 ägoutbyte
1560 1811 51 28 ati

107 1870 245 29 åstadkomma
374 1868 113 29 bättre
507 1866 263 40 ägoanordning
787 1865 94 30 skall
902 1864 106 39 enligt
1030 1862 264 41 propositionen
1315 1862 77 29 icke
1415 1861 118 38 längre
1558 1861 54 28 ut-

109 1920 82 38 göra
212 1928 43 20 en
278 1917 256 39 förutsättning
555 1917 55 29 för
633 1916 124 30 sådant
780 1914 197 39 ägoutbyte.
1003 1914 13 29 I
1041 1913 114 30 stället
1178 1912 150 30 föreslås
1352 1921 41 20 en
1418 1906 193 47 föreskrift,

109 1971 51 28 att
187 1969 187 39 ägoutbyte
401 1968 75 29 icke
504 1967 58 30 må
589 1967 142 29 komma
760 1965 52 30 till
842 1964 112 34 stånd,
984 1973 58 20 om
1071 1973 43 19 en
1142 1962 200 30 försämrad
1371 1960 240 40 fastighetsin-

109 2021 140 38 delning
275 2019 113 30 skulle
414 2018 88 40 följa
526 2018 108 30 därav
659 2017 81 30 eller
767 2015 202 40 ägoutbytet
996 2013 113 31 skulle
1135 2012 158 31 försvåra
1320 2011 295 40 fastighetsindel-

109 2070 145 39 ningens
280 2069 191 39 bringande
495 2068 11 29 i
532 2066 347 32 överensstämmelse
903 2065 79 30 med
1006 2064 94 41 plan.

154 2120 227 39 Möjligheten
405 2121 50 28 att
478 2118 57 30 vid
559 2117 157 39 frivilligt
740 2116 187 39 ägoutbyte
952 2115 119 39 utgiva
1093 2114 161 39 vederlag
1277 2113 12 29 i
1315 2119 131 34 pengar
1470 2112 55 30 för
1550 2120 64 20 un-

110 2171 157 29 derskott
293 2170 11 29 i
329 2169 196 38 tilldelning
551 2178 42 20 av
618 2168 100 29 mark
744 2167 148 29 föreslås
920 2166 162 38 slutligen
1112 2164 11 29 i
1150 2163 263 41 propositionen
1438 2161 93 31 bliva
1558 2161 56 30 be-

112 2221 113 29 stämd
249 2221 44 38 på
319 2220 57 29 det
402 2221 113 31 sättet,
543 2220 50 28 att
619 2227 41 20 en
686 2217 167 38 fastighet
879 2217 75 28 icke
982 2216 56 29 får
1065 2215 160 29 minskas
1250 2213 79 30 med
1355 2221 95 21 mera
1477 2213 45 29 än
1547 2212 66 30 vad

111 2280 73 19 som
207 2271 196 28 motsvarar
429 2269 46 29 tio
499 2270 143 37 procent
668 2277 40 20 av
732 2267 79 29 dess
837 2264 442 41 uppskattningsinnehåll.

111 2368 609 42 Fastighetsbildningssakkunniga.

156 2422 48 28 De
231 2419 222 38 sakkunniga
481 2419 44 28 ha
554 2416 203 34 framhållit,
787 2418 50 28 att
864 2415 221 30 förarbetena
1114 2414 49 29 till
1190 2412 346 41 jorddelningslagen
1562 2413 54 27 ut-

110 2472 126 32 visade,
261 2472 50 28 att
334 2470 85 29 flera
444 2468 296 38 omständigheter
764 2467 142 29 orsakat
933 2464 278 40 begränsningen
1236 2463 10 29 i
1270 2463 269 39 möjligheterna
1564 2463 52 28 att
