1912 2830
292 151 19 31 6
734 154 264 29 Statsutskottets
1023 154 165 29 utlåtande
1210 155 45 27 Nr
1279 154 68 28 131.

954 543 59 40 Nr
1044 543 82 41 131.

607 669 198 36 Utlåtande
831 670 14 35 i
872 670 193 49 anledning
1095 683 43 23 av
1166 669 137 49 Kungl.
1332 669 129 49 Maj:ts
1484 669 223 48 proposition
1727 682 64 22 an-

703 730 140 48 gående
880 730 129 48 anslag
1040 730 66 49 för
1143 729 203 49 budgetåret
1382 727 165 40 1947/48
1576 729 55 35 till
1659 733 131 32 avsätt-

706 790 88 48 ning
824 790 54 35 till
899 790 490 49 försäkringsinspektionens
1409 789 107 49 fond.

1568 847 62 42 (1:a
1652 848 86 41 avd.)

338 949 18 31 I
390 950 261 41 propositionen
685 962 41 20 nr
761 951 15 30 1
802 950 61 32 har
885 950 124 42 Kungl.
1035 951 97 41 Maj:t
1155 950 109 32 under
1287 950 118 32 tionde
1428 950 218 32 huvudtiteln
1669 950 122 42 (punkt

290 1000 51 41 37)
373 1000 178 42 föreslagit
583 1001 182 42 riksdagen
791 1004 58 36 att,
872 1001 12 32 i
907 1002 146 31 avbidan
1077 1004 44 39 på
1144 1001 147 32 särskild
1314 1001 216 42 proposition
1555 1001 11 31 i
1589 1002 124 36 ämnet,
1738 1001 53 32 till

289 1050 255 42 ifrågavarande
577 1052 158 31 ändamål
769 1052 53 31 för
854 1052 205 42 budgetåret
1093 1053 135 38 1947/48
1262 1052 150 31 beräkna
1445 1053 49 30 ett
1524 1052 267 42 förslagsanslag

290 1113 40 19 av
353 1102 62 31 340
426 1102 62 31 000
510 1102 135 32 kronor.

348 1152 201 32 Sedermera
583 1153 60 31 har
677 1153 127 42 Kungl.
839 1153 97 42 Maj:t
958 1154 11 31 i
993 1153 263 42 propositionen
1280 1164 41 20 nr
1343 1153 71 38 215,
1438 1153 110 31 under
1570 1152 220 43 åberopande

289 1214 40 20 av
352 1203 107 42 bilagt
481 1203 123 42 utdrag
626 1215 40 20 av
689 1204 382 41 statsrådsprotokollet
1091 1206 78 30 över
1185 1203 296 32 handelsärenden
1496 1204 52 31 för
1564 1203 66 32 den
1648 1205 36 30 11
1702 1204 88 41 april

291 1254 90 38 1947,
405 1254 175 41 föreslagit
603 1253 181 42 riksdagen
809 1256 49 29 att

343 1304 73 31 dels
449 1304 208 41 bemyndiga
679 1304 127 41 Kungl.
831 1305 97 40 Maj:t
950 1307 51 29 att
1023 1304 136 42 vidtaga
1181 1304 42 32 de
1246 1304 184 42 ändringar
1452 1304 11 31 i
1486 1305 303 41 personalförteck-

290 1355 126 41 ningen
451 1355 52 31 för
525 1355 468 42 försäkringsinspektionen,
1011 1366 74 21 som
1101 1355 157 42 betingas
1275 1366 40 20 av
1332 1355 63 31 vad
1412 1355 374 42 departementschefen

288 1405 12 31 i
323 1405 145 32 berörda
491 1406 344 41 statsrådsprotokoll
858 1406 121 38 anfört,

343 1456 74 32 dels
440 1456 180 42 godkänna
643 1467 40 20 av
706 1456 380 42 departementschefen
1109 1456 161 32 förordad
1294 1458 69 30 stat
1378 1456 52 32 för
1444 1456 347 42 försäkringsinspek-

290 1507 127 38 tionen,
441 1509 50 29 att
513 1507 173 41 tillämpas
709 1507 73 31 tills
806 1507 114 31 vidare
942 1507 74 31 från
1040 1507 63 32 och
1126 1507 78 32 med
1226 1507 203 41 budgetåret
1453 1507 146 36 1947/48,

343 1557 75 32 dels
441 1557 63 32 ock
527 1557 53 31 till
603 1557 209 42 Avsättning
833 1557 54 31 till
908 1557 476 42 försäkringsinspektionens
1407 1558 82 31 fond
1512 1558 53 31 för
1586 1557 205 42 budgetåret

293 1607 136 32 1947/48
452 1608 119 32 anvisa
593 1610 50 30 ett
664 1608 269 41 förslagsanslag
955 1619 40 20 av
1018 1603 62 51 340
1095 1603 58 51 000
1175 1608 135 32 kronor.

343 1693 30 40 Å
406 1702 205 32 riksstatens
638 1702 200 41 utgiftssida
861 1702 164 41 uppföres
1048 1702 128 42 årligen
1199 1703 53 31 för
1274 1702 195 42 avsättning
1492 1702 53 32 till
1568 1703 222 42 försäkrings-

290 1752 262 42 inspektionens
585 1752 82 32 fond
695 1754 50 30 ett
767 1752 267 42 förslagsanslag
1056 1764 40 20 av
1119 1752 179 32 enahanda
1321 1753 128 31 storlek
1472 1764 74 20 som
1570 1753 58 32 det
1650 1753 138 42 belopp,

291 1803 104 32 vilket
418 1813 130 22 samma
570 1805 36 30 år
628 1803 193 32 redovisats
838 1803 108 32 under
961 1803 253 32 inkomsttiteln
1231 1803 129 42 Bidrag
1375 1804 52 31 till
1443 1804 347 42 försäkringsinspek-

291 1855 127 31 tionen.
450 1854 69 32 För
540 1854 148 42 löpande
711 1854 170 41 budgetår
903 1856 100 40 utgör
1026 1854 94 32 detta
1141 1854 129 42 belopp
1294 1855 136 31 290000
1452 1854 135 32 kronor.
1626 1854 165 42 Bidraget

290 1905 239 41 tillgodoföres
563 1907 80 30 över
675 1905 373 41 avsättningsanslaget
1080 1905 474 42 försäkringsinspektionens
1588 1905 92 38 fond,
1714 1905 74 31 från

291 1956 111 31 vilken
426 1956 185 41 utgifterna
633 1956 52 31 för
707 1955 244 42 inspektionen
974 1955 181 32 bestridas.

344 2006 81 32 Med
458 2006 134 42 hänsyn
626 2006 52 31 till
711 2006 281 32 beskaffenheten
1027 2017 40 20 av
1099 2006 42 32 de
1164 2006 301 42 arbetsuppgifter,
1490 2017 74 21 som
1588 2006 88 32 åvila
1698 2006 92 32 inne-

290 2057 146 31 havaren
460 2068 39 20 av
522 2056 513 42 kontorsskrivarbefattningen
1060 2057 10 31 i
1093 2057 206 41 lönegraden
1323 2057 30 31 A
1368 2057 47 38 15,
1439 2057 60 31 har
1523 2056 268 42 departements-

290 2107 120 32 ehefen
444 2107 175 41 tillstyrkt,
654 2109 50 30 att
737 2107 237 42 befattningen
998 2108 188 41 uppflyttas
1209 2107 54 32 till
1286 2107 207 42 lönegraden
1516 2107 31 32 ÅA
1561 2108 46 31 18.
1646 2108 143 31 Benäm-

290 2158 126 42 ningen
440 2160 19 29 å
480 2158 236 42 befattningen
741 2158 62 31 har
825 2158 195 42 föreslagits
1043 2158 129 32 ändrad
1187 2158 54 32 till
1256 2158 346 32 revisionsassistent.
1627 2159 162 41 Departe-

292 2209 233 32 mentschefen
560 2209 61 31 har
653 2209 116 32 vidare
792 2209 176 42 tillstyrkt,
992 2210 51 30 att
1066 2209 111 32 medel
1199 2209 169 32 beräknas
1390 2209 53 31 för
1465 2220 42 20 en
1531 2220 45 30 ny
1598 2208 193 42 befattning

291 2262 113 30 såsom
439 2259 265 32 kansliskrivare
728 2259 11 32 i
762 2259 207 42 lönegraden
993 2260 52 31 Eo
1059 2261 46 36 11,
1129 2259 116 32 varvid
1268 2260 202 31 förutsättes
1493 2261 51 30 att
1566 2259 128 32 vikarie
1717 2259 74 31 icke

289 2311 153 32 komrner
458 2312 50 30 att
522 2310 180 32 förordnas
718 2311 19 30 å
753 2310 67 32 den
837 2310 170 32 ordinarie
1024 2310 513 41 kanslibiträdesbefattningen.
1561 2309 226 43 Regleringen

292 2373 42 20 av
356 2361 352 42 befordringsgången
731 2360 54 32 för
807 2361 359 42 biträdespersonalen
1189 2360 143 39 medför,
1357 2363 50 29 att
1422 2372 41 20 en
1479 2359 310 33 kontorsbiträdes-

289 2411 193 42 befattning
504 2411 12 32 i
538 2410 209 43 lönegraden
770 2411 22 31 A
812 2413 21 29 4
854 2412 165 41 uppföres
1042 2413 20 30 å
1083 2411 431 42 personalförteckningen.

343 2462 388 42 Departementschefen
763 2461 63 32 har
851 2462 197 42 ytterligare
1071 2462 185 42 föreslagit,
1280 2464 51 29 att
1353 2461 367 43 livförsäkringsbyrån
1745 2472 45 20 er-
