1902 2810
494 155 397 33 Jordbruksutskottets
918 153 188 32 utlåtande
1133 153 52 31 Nr
1208 153 51 30 49.
1564 149 18 30 3

803 506 57 38 Nr
887 503 64 42 49.

633 617 109 24 Ankom
764 616 41 23 till
825 615 161 31 riksdagens
1006 615 88 23 kansli
1115 614 53 23 den
1189 614 32 23 26
1241 613 69 30 april
1335 614 63 22 1927
1420 612 34 24 kl.
1476 612 14 22 5
1510 620 21 16 e.
1553 619 34 16 m.

235 703 194 31 Utlåtande
452 704 13 29 i
488 703 191 34 anledning
714 710 44 22 av
790 700 107 31 väckt
924 700 133 31 motion
1080 699 181 35 angående
1285 697 164 31 rationell
1471 696 153 31 hushåll-

409 754 86 36 ning
518 754 22 30 å
562 754 95 30 vissa
680 752 182 31 allmänna
885 751 136 36 skogar.

1405 802 64 35 (2:a
1494 800 87 34 avd.)

165 921 62 32 Uti
249 931 42 21 en
315 922 93 30 inom
432 920 201 36 riksdagens
656 919 106 30 första
784 919 177 29 kammare
977 917 112 35 väckt,
1106 917 55 31 till
1177 916 346 36 jordbruksutskottet
1539 915 82 30 hän-

119 973 100 31 visad
243 973 140 35 motion,
407 982 43 20 nr
473 971 74 36 163,
570 982 44 19 av
638 971 80 32 herr
742 970 206 36 Lindhagen
972 969 63 30 har
1054 969 204 34 hemställts,
1274 970 52 29 att
1340 967 182 36 riksdagen
1539 967 83 30 ville

120 1025 61 30 hos
204 1025 132 36 Kungl.
361 1024 101 35 Maj:t
484 1023 127 36 begära
633 1032 47 27 ny
702 1022 188 35 utredning
912 1021 61 30 och
996 1021 127 35 förslag
1146 1021 56 30 till
1226 1020 156 30 rationell
1399 1019 225 35 hushållning

119 1079 23 28 å
164 1076 41 31 de
228 1076 60 31 vid
313 1075 83 31 1923
421 1076 56 30 års
500 1074 140 35 riksdag
664 1074 9 29 i
700 1073 253 36 propositionen
976 1083 42 20 nr
1041 1073 62 30 157
1127 1071 226 31 omförmälda
1376 1072 131 35 skogar,
1531 1073 94 28 näm-

122 1128 93 37 ligen
250 1127 302 36 kommunskogar,
588 1125 485 36 sockenallmänningsskogar
1106 1126 90 29 samt
1230 1125 92 29 vissa
1356 1123 180 31 stiftelsers
1564 1124 61 29 och

121 1177 170 39 sällskaps
313 1180 135 36 skogar.

165 1233 217 31 Motionären
404 1232 135 30 erinrar
563 1231 55 31 till
642 1240 41 21 en
707 1230 134 36 början,
864 1231 52 29 att
938 1230 60 30 vid
1015 1229 184 36 riksdagen
1216 1229 84 30 1923
1317 1228 193 36 framlades,
1527 1230 95 29 utom

117 1284 321 37 skogsvårdslagen,
473 1283 130 37 jämväl
637 1283 129 36 förslag
800 1282 56 31 till
890 1283 56 35 lag
980 1281 177 37 angående
1191 1281 86 31 vård
1303 1291 42 20 av
1368 1291 81 26 nyss
1471 1281 149 30 nämnda

118 1339 127 35 skogar
267 1339 107 36 (prop.
399 1338 86 35 157).
521 1336 120 35 Enligt
664 1336 163 35 förslaget
850 1335 111 31 skulle
983 1335 143 30 berörda
1150 1335 57 35 lag
1231 1334 75 30 med
1331 1334 91 30 vissa
1445 1333 176 36 undantag

118 1391 178 35 tillämpas
319 1391 13 29 i
355 1390 101 35 fråga
478 1399 69 20 om:

168 1444 51 35 »1)
253 1442 303 35 kommunskogar,
584 1440 143 31 varmed
751 1440 125 30 förstås
899 1440 132 35 skogar,
1054 1449 72 21 som
1152 1439 140 30 tillhöra
1315 1439 201 30 kommuner
1539 1439 83 29 eller

118 1495 111 30 andra
264 1494 274 36 samfälligheter
571 1493 54 30 för
648 1492 176 31 vårdande
847 1501 44 21 av
914 1500 252 28 gemensamma
1189 1490 294 37 angelägenheter,
1508 1490 113 30 vilkas

120 1547 139 36 uppgift
280 1549 39 28 är
342 1545 154 32 bestämd
519 1554 122 28 genom
665 1544 251 36 författningar
938 1554 44 20 av
1005 1543 277 36 kommunallags
1306 1545 116 32 natur;

164 1601 33 36 2)
224 1600 124 35 skogar
371 1599 62 31 och
457 1597 393 36 sockenallmänningar,
873 1606 72 21 som
968 1596 140 36 jämlikt
1132 1596 39 30 16
1196 1596 76 35 kap.
1297 1595 324 37 byggningabalken

120 1654 58 28 må
201 1651 130 37 nyttjas
354 1661 44 20 av
422 1651 88 35 dem,
533 1660 73 21 som
629 1650 12 29 i
665 1650 147 30 socknen
835 1651 75 33 äro;

165 1704 30 37 3)
220 1704 134 35 skogar,
371 1712 72 22 som
461 1702 141 31 tillhöra
618 1701 247 31 fideikommiss
880 1701 84 30 eller
979 1711 116 20 annan
1111 1701 154 35 stiftelse,
1283 1700 75 31 däri
1374 1700 30 36 ej
1422 1700 198 35 inbegripen

118 1756 157 35 stiftelse,
299 1756 215 31 tillkommen
537 1754 110 36 enligt
669 1753 235 36 stadgandena
927 1754 12 29 i
964 1753 39 31 16
1027 1753 76 36 kap.
1129 1754 18 29 1
1172 1753 18 38 $
1213 1752 247 35 ärvdabalken;

164 1810 33 35 4)
232 1809 124 35 skogar
389 1807 181 36 tillhöriga
603 1806 407 36 hushållningssällskap,
1044 1808 162 28 ävensom
1239 1805 198 35 föreningar
1460 1805 61 30 och
1544 1805 78 30 säll-

119 1862 95 35 skap,
237 1860 137 31 bildade
397 1860 55 31 för
474 1858 225 32 befordrande
721 1869 45 20 av
791 1858 189 36 skogsvård
1002 1858 13 30 i
1036 1858 148 30 allmänt
1206 1859 169 29 intresse.»

164 1913 97 31 Efter
284 1914 150 34 erinran,
458 1913 52 30 att
533 1912 92 30 detta
649 1911 131 36 Kungl.
805 1910 116 36 Maj:ts
944 1911 128 36 förslag
1096 1912 43 34 på
1161 1910 206 31 hemställan
1387 1920 45 21 av
1454 1910 166 30 särskilda

120 1965 165 31 utskottet
336 1983 24 2 —
395 1966 72 28 mot
500 1963 117 31 vilken
652 1962 206 31 hemställan
890 1962 85 31 dock
998 1962 77 37 fyra
1094 1962 185 31 ledamöter
1295 1964 186 29 reserverat
1503 1962 53 35 sig

119 2017 136 36 avslogs
286 2027 45 20 av
367 2016 192 36 riksdagen,
589 2015 99 31 anför
711 2015 225 35 motionären,
960 2014 102 31 bland
1085 2016 117 33 annat,
1225 2016 52 29 att
1300 2014 43 30 då
1365 2014 63 30 den
1452 2014 168 36 uthålliga

120 2068 389 37 skogshushållningens
537 2066 258 37 nödvändighet
829 2066 54 31 för
910 2066 115 32 landet
1047 2067 159 30 alltmera
1230 2066 116 31 trädde
1369 2066 12 30 i
1404 2066 119 36 dagen,
1546 2066 75 30 skäl

119 2122 116 35 syntes
267 2121 168 35 föreligga
458 2121 52 30 att
532 2119 60 31 vid
616 2119 146 36 förnyad
785 2119 173 36 prövning
980 2120 225 35 återupptaga
1229 2119 64 31 den
1318 2118 227 36 landvinning
1570 2118 51 30 för

118 2173 211 35 densamma,
353 2182 73 21 som
450 2172 73 35 låge
547 2172 12 30 i
582 2171 224 31 förenämnda
829 2171 196 36 lagförslag.

165 2268 173 32 Utskottet
371 2268 53 30 får
447 2268 55 30 till
526 2277 43 21 en
592 2267 122 36 början
738 2267 196 36 framhålla,
958 2269 51 29 att
1032 2269 172 30 motionen
1228 2287 39 1 —
1291 2270 110 28 såsom
1424 2267 61 31 ock
1508 2268 12 29 i
1545 2266 77 31 den-

119 2330 132 21 samma
283 2320 142 37 antydes
451 2339 37 2 —
514 2321 70 30 står
611 2320 12 30 i
647 2321 84 29 nära
762 2319 251 37 sammanhang
1048 2320 76 31 med
1159 2330 131 21 samma
1322 2318 300 38 förslagsställares

119 2373 141 36 motion,
295 2383 42 20 nr
360 2373 74 35 162,
460 2373 76 30 vari
559 2371 197 32 hemställes
778 2381 56 21 om
857 2372 186 36 utredning
1068 2373 144 30 rörande
1235 2371 214 37 påbjudande
1471 2382 44 20 av
1539 2381 25 20 s.
1589 2372 32 29 k.

120 2425 167 35 uthålligt
310 2424 190 36 skogsbruk
523 2426 21 29 å
566 2423 157 32 enskilda
746 2423 134 35 skogar.

1674 2269 136 23 Utskottet.
