1902 2808
327 149 18 29 a
642 146 394 32 Jordbruksutskottets
1065 145 187 32 utlåtande
1282 146 50 31 Nr
1358 146 52 30 459.

326 226 221 32 Beträffande
582 225 213 32 sistnämnda
830 226 129 29 motion
991 225 63 30 har
1077 225 164 30 utskottet
1264 225 113 30 denna
1400 225 66 35 dag
1489 225 137 35 avgivit
1648 225 136 30 särskilt

282 279 186 34 utlåtande,
494 279 74 29 vari
593 278 164 30 utskottet
784 278 159 35 avstyrkt
966 277 206 30 densamma.
1218 277 118 30 Under
1359 277 212 35 hänvisning
1596 277 119 30 härtill
1733 278 55 29 får

282 331 164 30 utskottet
462 331 12 29 i
490 331 115 34 övrigt
629 330 124 34 erinra,
767 330 51 29 att
839 328 171 31 särskilda
1034 328 164 30 utskottet
1222 328 58 30 vid
1306 328 82 30 1923
1413 330 56 28 ärs
1488 328 139 35 riksdag
1644 329 140 29 motive-

284 383 79 31 rade
386 383 60 30 sitt
468 382 199 30 förberörda
689 380 292 36 avslagsyrkande
1005 381 12 29 i
1041 380 180 31 huvudsak
1245 380 109 36 enligt
1377 380 162 36 följande.

326 444 119 35 Enligt
480 444 161 34 förslaget
675 443 111 29 skulle
820 442 352 34 fideikommisskogar
1208 441 77 35 lyda
1319 441 109 30 under
1458 441 110 36 lagen.
1618 441 168 31 Utskottet

284 488 125 35 ansåge
443 486 190 31 emellertid
667 486 206 34 tillräckligt
908 486 55 34 fog
997 485 30 34 ej
1061 485 111 29 finnas
1197 484 52 30 för
1272 484 56 30 det
1350 485 178 29 allmänna
1550 486 53 29 att
1626 484 160 35 påfordra

284 530 312 31 särbestämmelser
620 530 53 29 för
696 529 128 30 sådana
847 529 133 35 skogar,
996 528 61 30 och
1074 528 122 35 frågan
1213 537 53 20 om
1285 527 503 31 fideikommissinstitutionens

284 573 219 37 upphörande
536 583 80 20 vore
650 573 37 35 ju
711 573 53 30 för
798 573 115 34 övrigt
948 571 108 31 under
1093 571 192 35 utredning.
1333 571 64 30 Det
1429 571 114 30 kunde
1577 571 123 30 härvid
1725 571 61 30 ock

284 617 215 35 framhållas,
522 618 50 29 att
594 617 79 30 herr
696 616 202 35 Lindhagen
923 616 11 29 i
957 616 54 29 sin
1035 615 42 30 då
1101 614 232 36 föreliggande
1358 615 129 29 motion
1507 616 54 35 (nr
1578 615 75 37 188)
1669 616 118 35 yttrat,

284 662 163 30 hurusom
470 661 180 35 lösningen
673 670 44 20 av
738 659 418 36 fideikommisskogarnas
1172 658 85 31 vård
1273 658 102 30 hörde
1391 668 157 21 samman
1565 658 77 31 med
1658 658 129 31 vården

284 714 44 22 av
352 705 123 35 övriga
509 705 132 35 skogar,
676 704 139 30 alldeles
850 703 183 31 oberoende
1057 713 43 19 av
1126 702 307 31 fideikommissens
1456 702 227 36 upphävande
1706 703 82 29 eller

284 749 85 35 icke,
400 750 89 28 samt
522 749 51 29 att
606 747 117 31 därför
757 746 343 37 jordkommissionen
1135 746 100 30 också
1258 746 132 29 lämnat
1414 746 64 29 den
1502 746 122 35 frågan
1650 756 41 19 ur
1714 746 76 29 räk-

287 793 127 35 ningen
437 792 12 29 i
473 791 60 30 sitt
566 790 158 36 yttrande
758 800 54 20 om
846 790 208 35 upplösning
1088 799 44 19 av
1166 789 322 36 Jordfideikommiss
1526 789 61 30 och
1626 790 12 28 i
1674 788 113 30 stället

286 835 193 36 inbegripet
502 834 65 31 den
590 835 13 29 i
626 834 54 30 sin
705 833 270 35 framställning,
998 842 55 20 om
1077 832 215 36 påbjudande
1316 842 43 20 av
1383 842 23 19 s.
1432 832 32 29 k.
1491 832 162 35 uthålligt
1677 832 112 35 skogs-

285 879 89 30 bruk
397 879 20 29 å
441 879 91 29 vissa
564 877 156 31 enskilda
752 877 133 35 skogar.
932 875 63 32 Om
1018 876 109 35 enligt
1150 876 65 30 den
1240 876 232 36 uppfattning,
1497 876 164 30 utskottet
1684 876 101 29 alltså

285 923 146 30 kommit
465 921 64 35 till,
562 921 355 35 fideikommisskogar
950 920 110 30 skulle
1094 921 84 35 utgå
1213 929 42 21 ur
1289 919 64 31 den
1388 919 194 36 föreslagna
1609 919 179 30 kommun-

284 966 214 36 skogslagen,
533 967 115 35 syntes
683 964 139 32 därmed
856 964 133 36 jämväl
1025 964 80 30 böra
1139 963 86 35 följa
1259 965 48 29 ett
1341 963 215 30 uteslutande
1587 973 44 20 av
1665 963 122 36 skogar

286 1009 206 32 tillhörande
526 1008 108 31 andra
657 1008 170 35 stiftelser,
851 1018 73 20 som
947 1008 74 29 icke
1043 1007 86 31 hade
1153 1008 113 34 någon
1289 1007 156 34 offentlig
1469 1006 174 30 karaktär.
1690 1006 100 30 Hade

285 1054 153 35 återigen
470 1062 42 20 en
535 1052 106 31 sådan
663 1052 141 30 stiftelse
828 1051 106 31 sådan
958 1051 174 34 karaktär,
1157 1050 113 30 kunde
1294 1050 63 30 den
1381 1050 57 29 väl
1461 1049 83 30 böra
1567 1049 90 31 föras
1681 1049 107 30 under

287 1096 253 32 bestämmelser
562 1106 44 20 av
630 1095 388 36 kommunskogslagens
1042 1094 175 35 innebörd,
1241 1103 78 21 men
1344 1093 43 31 då
1411 1093 108 30 under
1544 1093 82 31 1894
1650 1094 57 29 års
1722 1093 66 30 för-

285 1141 145 35 ordning
454 1139 172 37 angående
650 1139 269 36 hushållningen
943 1139 11 30 i
977 1138 41 31 de
1041 1138 177 30 allmänna
1241 1137 170 37 skogarna
1427 1137 12 29 i
1455 1137 89 30 riket
1566 1137 82 30 fölle
1663 1137 125 36 skogar

283 1188 21 27 å
331 1184 150 37 »kyrko-,
513 1183 180 36 akademi-,
716 1183 188 36 hospitals-,
927 1182 274 36 krigsmanshus-
1224 1183 90 28 samt
1336 1181 108 30 andra
1466 1181 178 30 allmänna
1667 1181 120 30 inrätt-

284 1228 143 36 ningars
460 1228 162 30 hemman
657 1226 61 31 och
753 1226 229 35 lägenheter»,
1017 1227 115 34 syntes
1158 1225 164 31 stiftelser
1345 1224 76 31 med
1445 1224 156 36 offentlig
1624 1224 164 31 karaktär

284 1272 119 30 endast
425 1272 12 29 i
461 1271 156 35 skäligen
652 1271 100 35 ringa
787 1270 210 34 omfattning
1034 1269 137 30 komma
1196 1269 10 29 i
1231 1269 98 35 fråga
1363 1269 52 29 att
1449 1268 92 30 föras
1565 1268 107 30 under
1695 1268 95 29 kom-

285 1314 297 36 munskogslagen.
630 1313 127 31 Vidare
791 1322 81 21 vore
906 1312 40 31 de
981 1312 108 31 under
1121 1312 112 35 punkt
1256 1312 32 36 2)
1325 1313 172 34 upptagna
1521 1311 267 30 sockenallmän-

284 1358 273 36 ningsskogarna
591 1368 44 19 av
669 1358 38 30 så
741 1357 84 30 liten
861 1356 180 36 betydelse,
1076 1357 51 29 att
1161 1355 40 31 de
1226 1355 112 30 kunde
1362 1355 134 30 lämnas
1520 1365 41 20 ur
1584 1354 204 36 räkningen.

289 1402 60 30 Det
372 1402 111 30 skulle
517 1401 101 30 alltså
651 1402 129 29 återstå
811 1400 41 30 de
883 1400 110 30 under
1016 1400 192 35 punkterna
1233 1400 31 35 1)
1287 1399 62 29 och
1374 1399 31 36 4)
1429 1398 154 36 angivna
1606 1398 179 35 skogarna.

284 1445 80 31 Men
388 1445 124 30 härvid
536 1454 80 20 vore
639 1446 51 28 att
713 1444 130 34 märka,
867 1445 51 29 att
941 1443 96 30 dessa
1059 1443 140 35 jämlikt
1224 1443 39 29 19
1279 1443 18 36 $
1321 1442 11 29 i
1357 1442 162 35 förslaget
1541 1441 112 30 skulle
1669 1442 116 29 kunna

284 1489 60 30 och
369 1488 76 30 med
468 1488 49 30 all
549 1487 158 31 säkerhet
729 1487 132 36 jämväl
884 1487 136 29 komme
1043 1488 51 28 att
1117 1486 118 30 ställas
1259 1485 139 30 utanför
1423 1485 117 34 lagens
1563 1485 225 35 tillämpning

285 1534 42 33 på
350 1531 112 36 grund
485 1541 43 20 av
556 1531 202 35 anslutning
794 1530 55 31 till
883 1529 294 37 skogssällskapet.
1223 1529 149 30 Komme
1396 1528 118 30 härtill
1539 1528 173 35 slutligen,
1736 1529 51 28 att

285 1576 55 30 det
362 1575 114 30 kunde
510 1576 104 29 sättas
649 1574 122 36 ifråga,
807 1583 55 21 om
896 1573 75 31 icke
998 1572 77 31 med
1099 1573 134 35 hänsyn
1257 1572 56 30 till
1337 1571 299 31 bestämmelserna
1659 1572 12 29 i
1694 1571 93 36 lapp-

286 1618 364 36 marksförordningen
686 1617 39 31 de
759 1617 172 31 därunder
964 1616 152 31 hörande
1150 1616 170 36 skogarna
1345 1615 101 31 borde
1470 1615 215 36 undantagas
1708 1615 76 30 från

284 1662 381 36 kommunskogslagen,
701 1672 55 20 om
792 1662 38 30 de
864 1661 97 36 eljest
995 1660 110 31 skulle
1130 1661 136 29 komma
1289 1660 52 30 att
1364 1659 85 31 falla
1472 1659 109 31 under
1604 1659 122 36 denna,
1751 1660 37 29 så

285 1708 115 34 syntes
434 1706 55 30 det
524 1706 174 34 utskottet,
732 1707 51 28 att
818 1705 110 30 denna
963 1705 56 34 lag
1046 1704 110 30 skulle
1180 1704 12 29 i
1216 1704 266 34 tillämpningen
1507 1703 36 30 få
1565 1712 39 20 en
1632 1702 152 35 skäligen

285 1751 100 34 ringa
420 1749 218 35 omfattning.
685 1749 66 29 Det
785 1750 113 34 syntes
933 1748 72 30 icke
1040 1748 108 30 heller
1182 1747 83 30 böra
1299 1746 134 30 lämnas
1467 1756 42 20 ur
1536 1746 98 34 sikte,
1657 1747 52 29 att
1732 1746 56 29 det

284 1792 202 31 nuvarande
520 1793 157 30 intresset
712 1792 54 30 för
800 1792 105 34 inköp
939 1792 61 29 och
1029 1790 163 31 bildande
1214 1800 45 20 av
1283 1790 292 34 kommunskogar
1598 1789 115 30 kunde
1736 1789 53 30 be-

285 1837 92 30 faras
411 1840 44 32 på
488 1846 73 20 mer
595 1838 45 28 än
675 1837 47 29 ett
757 1835 71 30 håll
863 1835 95 30 bliva
993 1834 215 36 väsentligen
1241 1833 162 36 minskat,
1433 1843 54 20 om
1511 1832 145 31 sålunda
1679 1832 107 31 åstad-

285 1881 126 30 komna
434 1880 124 36 skogar
581 1880 92 30 lades
696 1879 109 31 under
828 1879 111 31 denna
963 1879 66 35 lag.
1069 1878 78 31 Med
1172 1878 132 35 hänsyn
1321 1877 120 30 härtill
1458 1877 62 30 och
1537 1877 9 29 i
1565 1876 223 31 betraktande

286 1935 43 20 av
352 1924 66 31 den
441 1924 189 35 skärpning
666 1926 83 28 utav
779 1922 195 32 dåvarande
997 1922 265 35 bestämmelser,
1286 1931 71 21 som
1382 1921 190 30 innehölles
1595 1921 9 29 i
1632 1920 64 30 den
1719 1930 68 25 nya

286 1967 316 37 skogsvårdslagen,
637 1968 105 35 ansåg
776 1967 164 30 utskottet
963 1966 111 35 alltså,
1097 1967 51 29 att
1172 1965 222 36 lagförslaget
1416 1965 75 30 icke
1514 1964 102 30 borde
1639 1964 148 35 bifallas,

285 2013 85 28 utan
393 2011 142 35 jämväl,
570 2012 51 29 att
645 2010 39 30 de
708 2010 76 30 däri
809 2012 173 33 upptagna
1006 2010 170 34 skogarna
1200 2008 101 30 borde
1325 2008 91 30 föras
1440 2008 108 30 under
1571 2007 217 35 skogsvårds-

287 2055 214 35 vårdslagen,
535 2054 76 30 med
643 2053 176 36 undantag
844 2054 84 30 utav
952 2053 175 30 städernas
1151 2052 133 35 skogar,
1310 2061 70 20 som
1407 2051 102 31 redan
1533 2050 87 31 hade
1643 2051 53 29 sin
1720 2052 68 28 sär-

287 2098 112 31 skilda
423 2098 213 36 förordning.

330 2151 48 31 De
402 2151 84 35 skäl,
510 2160 71 21 som
616 2150 169 31 särskilda
821 2150 162 30 utskottet
1005 2149 145 30 salunda
1173 2148 151 36 anförde,
1349 2147 94 31 torde
1466 2149 64 34 äga
1554 2146 231 31 oförminskad

287 2204 170 36 giltighet.
504 2203 16 31 I
545 2204 96 35 varje
666 2203 62 30 fall
752 2212 99 27 synes
875 2202 56 31 det
954 2202 74 30 icke
1053 2202 160 35 rimligen
1235 2201 117 30 kunna
1368 2200 231 35 ifrågasättas,
1616 2200 51 29 att
1683 2199 102 30 redan

289 2267 46 20 nu
352 2257 146 35 uppriva
515 2256 83 30 1923
613 2257 55 29 års
692 2255 156 36 riksdags
866 2255 110 30 beslut
991 2255 13 29 i
1020 2254 112 30 denna
1155 2254 63 34 del,
1243 2254 91 29 desto
1359 2252 134 31 mindre
1516 2262 72 20 som
1610 2251 64 30 den
1690 2251 94 30 korta

288 2309 67 30 tids
379 2308 194 31 erfarenhet
606 2307 213 31 beträffande
854 2307 64 30 den
942 2317 69 25 nya
1034 2305 316 36 skogsvårdslagen,
1375 2314 71 20 som
1471 2304 193 34 föreligger,
1689 2312 102 26 synes

290 2361 84 35 peka
397 2362 12 28 i
435 2369 168 28 gynnsam
627 2360 167 35 riktning.
