1914 2856
471 145 399 34 Jordbruksutskottets
897 144 188 33 utlåtande
1111 145 54 32 Nr
1187 144 50 31 58.
1542 143 18 31 3

98 227 169 31 närmare
287 224 193 37 utredning
499 224 152 33 rörande
672 223 396 38 sänkningsföretagets
1089 222 185 32 allmänna
1292 223 80 35 läge
1392 222 91 31 hade
1503 222 101 31 dessa

100 275 314 37 framställningar
444 279 98 29 ännu
572 276 77 31 icke
680 285 45 22 av
756 275 135 36 Kungl.
922 274 111 37 Maj:t
1060 274 174 37 slutligen
1263 273 173 37 avgjorts,
1467 273 45 32 då
1543 273 61 32 vid

99 329 78 30 1928
203 328 60 31 års
289 327 147 37 riksdag
462 327 12 31 1
501 328 93 31 båda
618 327 197 31 kamrarna
840 326 146 32 väcktes
1010 325 137 32 motion
1172 335 58 22 om
1255 327 51 30 ett
1332 325 188 32 räntefritt
1543 325 61 31 lån

98 380 58 32 till
179 380 178 36 företaget
379 381 21 30 å
422 379 127 37 350,000
570 379 141 31 kronor.
754 378 18 31 I
794 378 188 31 utlåtande
1005 379 84 30 över
1112 377 103 32 dessa
1235 377 175 31 motioner
1434 376 169 32 framhöll

98 431 370 38 jordbruksutskottet
503 430 202 36 (utlåtande
735 440 43 21 nr
810 428 159 37 59/1928),
998 430 54 30 att
1084 429 13 31 i
1130 429 149 31 ärendet
1312 428 205 37 vitsordats,
1549 429 53 31 att

98 482 315 38 Hornborgasjöns
444 481 368 37 sänkningsförening
841 481 157 31 befunne
1030 480 55 37 sig
1118 481 13 31 i
1162 480 189 37 allvarligt
1382 480 220 32 ekonomiskt

98 535 193 37 trångmål.
338 535 184 32 Utskottet
549 534 152 32 anförde
730 533 134 37 vidare,
891 534 55 30 att
975 533 59 31 det
1062 533 122 36 syntes
1213 532 174 32 utskottet
1414 533 55 31 stå
1497 532 106 36 klart,

98 589 53 30 att
182 587 267 32 vederbörande
478 585 357 37 lantbruksingenjör
865 585 65 31 vid
958 584 322 36 handläggningen
1309 594 46 21 av
1385 584 59 31 det
1475 584 128 31 honom

97 639 238 32 anförtrodda
365 638 202 37 uppdraget
597 637 230 32 beträffande
858 636 438 37 sjösänkningsföretaget
1325 635 79 32 icke
1431 635 172 37 iakttagit

98 691 67 32 den
191 699 141 28 omsorg
358 690 65 31 och
449 689 243 37 grundlighet,
718 698 76 21 som
819 688 95 31 varit
940 687 180 38 påkallad.
1166 685 33 34 Å
1224 687 115 31 andra
1364 687 105 31 sidan
1492 687 110 36 torde,

96 742 115 37 enligt
239 742 184 36 utskottet,
453 741 213 36 föreningen
695 740 122 31 kunna
846 740 128 36 läggas
1003 739 57 32 till
1090 739 71 31 last
1190 740 55 30 att
1274 739 77 31 icke
1382 739 95 31 hava
1505 739 13 30 i
1547 739 54 31 tid

95 794 192 32 verkställt
309 792 213 37 erforderlig
545 791 252 37 utdebitering.
830 791 184 32 Utskottet
1036 790 206 32 förklarade
1265 790 54 37 sig
1343 790 154 36 givetvis
1521 790 76 31 icke

97 845 133 32 förbise
256 846 58 31 det
337 844 193 37 allvarliga
553 844 91 36 läge,
668 844 82 31 vari
773 853 43 21 en
842 843 32 36 ej
901 842 182 37 obetydlig
1110 842 57 32 del
1192 852 46 21 av
1263 842 256 36 befolkningen
1543 842 54 31 uti

96 897 283 36 ifrågavarande
404 897 97 36 bygd
527 896 113 31 skulle
667 895 90 31 råka
784 895 12 31 i
822 894 170 32 händelse
1018 905 46 20 av
1090 896 51 30 ett
1168 894 429 36 sänkningsföreningens

96 948 229 32 ekonomiska
341 948 259 32 sammanbrott
616 947 65 31 och
698 947 119 31 kunde
835 946 124 32 därför
976 946 77 32 icke
1070 946 120 36 undgå
1211 948 55 29 att
1283 946 115 31 räkna
1414 946 79 31 med
1511 946 85 36 möj-

96 999 160 37 ligheten
277 1010 45 20 av
342 1001 51 30 ett
414 1000 135 30 statens
569 999 215 36 ytterligare
805 997 304 37 understödjande
1131 1008 46 21 av
1198 998 187 36 företaget.
1424 998 55 31 Då
1499 998 102 31 emel-

95 1051 110 32 lertid
237 1051 164 31 oklarhet
433 1051 110 31 rådde
576 1050 231 31 beträffande
841 1050 196 36 företagets
1070 1049 185 32 allmänna
1287 1049 90 37 läge,
1412 1049 188 32 återbetal-

96 1103 274 36 ningsförmåga
390 1112 45 21 m.
455 1112 56 26 m.,
532 1104 92 29 samt
644 1101 98 32 olika
762 1101 280 37 uppfattningar
1064 1100 114 37 gjorts
1200 1101 167 36 gällande
1386 1101 13 30 i
1421 1101 106 36 fråga
1545 1111 56 21 om

95 1156 108 30 sättet
223 1155 55 31 för
297 1154 240 32 anskaffande
555 1164 45 21 av
618 1153 115 32 medel
752 1153 57 32 till
825 1155 51 30 ett
893 1152 196 32 eventuellt
1107 1153 288 36 låneunderstöd,
1413 1154 112 35 ansåg
1543 1154 52 30 ut-

95 1206 132 31 skottet
244 1206 55 36 sig
319 1206 55 31 för
393 1206 57 31 det
467 1205 206 32 dåvarande
692 1205 77 31 icke
788 1205 122 31 kunna
929 1204 186 37 tillstyrka
1132 1205 112 36 något
1262 1204 211 37 ytterligare
1493 1206 102 30 stats-

95 1258 205 31 understöd.
346 1257 183 32 Utskottet
554 1256 211 32 hemställde
792 1256 209 36 emellertid,
1027 1258 55 30 att
1108 1256 194 37 riksdagen
1329 1257 111 31 måtte
1468 1256 12 31 i
1507 1256 88 32 skri-

94 1308 95 32 velse
216 1308 60 32 till
303 1309 135 36 Kungl.
466 1308 110 36 Maj:t
604 1308 158 37 anhålla,
790 1310 54 30 att
872 1308 135 36 Kungl.
1036 1307 110 38 Maj:t
1172 1308 86 31 ville
1286 1309 75 31 låta
1388 1308 210 37 skyndsamt

94 1360 198 32 verkställa
322 1360 68 32 den
419 1363 167 28 närmare
615 1360 205 36 utredning,
851 1370 75 21 som
956 1360 209 36 påkallades
1196 1360 56 31 för
1283 1362 50 29 ett
1366 1360 232 36 fullständigt

93 1412 261 36 klarläggande
380 1422 46 21 av
453 1412 41 31 de
522 1412 252 31 förhållanden
799 1412 81 31 med
906 1412 175 31 avseende
1106 1413 22 29 å
1154 1411 315 37 Hornborgasjöns
1496 1412 102 31 sänk-

94 1463 260 37 ningsföretag,
377 1464 98 30 vilka
493 1463 117 31 kunde
631 1473 103 21 anses
756 1473 88 21 vara
863 1473 45 21 av
929 1463 205 36 avgörande
1152 1463 181 37 betydelse
1354 1464 56 30 för
1430 1464 51 30 ett
1502 1463 97 31 ställ-

94 1515 265 36 ningstagande
383 1515 56 30 till
463 1515 131 35 frågan
617 1524 58 21 om
696 1515 214 36 ytterligare
935 1514 290 32 statsunderstöd
1247 1514 58 32 till
1328 1515 157 31 nämnda
1510 1514 87 31 före-

93 1569 71 34 tag,
188 1567 94 30 samt
305 1566 56 31 för
385 1566 194 36 riksdagen
603 1566 205 36 framlägga
831 1566 41 31 de
896 1565 147 37 förslag,
1067 1565 125 32 vartill
1216 1566 241 36 utredningen
1479 1566 118 31 kunde

94 1619 85 36 giva
201 1618 205 36 anledning.

133 1670 118 31 Sedan
278 1670 194 31 utskottets
501 1669 187 31 utlåtande
721 1669 176 37 godkänts
927 1679 47 20 av
1004 1668 204 37 riksdagen,
1240 1669 200 31 tillkallade
1471 1669 126 31 chefen

93 1722 55 31 för
181 1721 478 37 jordbruksdepartementet
692 1720 146 37 jämlikt
870 1720 136 37 Kungl.
1039 1720 129 37 Maj:ts
1201 1721 287 37 bemyndigande
1520 1722 76 30 vat-

94 1773 326 32 tenrättsdomaren
439 1781 106 28 greve
564 1773 44 30 H.
627 1772 43 31 A.
690 1772 188 31 Hamilton
897 1772 65 31 och
980 1772 24 31 f.
1024 1773 31 31 d.
1073 1772 404 36 lantbruksingenjören
1495 1772 41 31 A.
1556 1772 42 32 V.

93 1825 140 31 Nordin
261 1826 53 30 att
341 1824 145 32 biträda
512 1824 62 31 vid
602 1824 284 31 verkställandet
914 1834 47 21 av
989 1824 68 31 den
1084 1834 47 21 av
1156 1824 194 37 riksdagen
1379 1825 217 36 ifrågasatta

92 1877 250 36 utredningen.

132 1928 63 31 Uti
219 1938 44 20 en
288 1928 67 31 den
379 1928 18 30 4
422 1927 160 31 februari
605 1927 78 30 1930
708 1927 224 36 dagtecknad
957 1926 171 32 skrivelse
1154 1929 140 34 avgåvo
1320 1928 157 30 därefter
1501 1928 91 36 före-

91 1979 158 31 nämnda
284 1978 297 37 utredningsmän
615 1978 223 36 redogörelse
874 1978 56 31 för
967 1978 247 36 föreliggande
1251 1978 250 32 förhållanden
1537 1980 54 30 be-

93 2029 186 32 träffande
333 2029 445 37 sjösänkningsföretaget.
832 2029 381 37 Utredningsmännen
1266 2030 149 31 anförde
1469 2031 128 31 därvid

90 2081 111 32 bland
220 2082 111 30 annat
354 2081 169 36 följande.

130 2142 56 30 Då
212 2141 195 36 företagets
432 2141 229 31 ekonomiska
686 2141 173 36 ställning
886 2151 83 21 vore
994 2141 168 37 ytterligt
1187 2141 293 37 bekymmersam,
1505 2142 91 32 hade

92 2185 58 32 det
172 2186 102 35 synts
295 2185 378 36 utredningsmännen,
695 2185 55 30 att
770 2195 83 20 man
874 2185 109 31 borde
1005 2187 86 34 taga
1113 2185 114 31 under
1251 2186 258 36 övervägande,
1533 2186 62 30 hu-

91 2228 133 32 ruvida
243 2228 77 31 icke
357 2229 111 30 redan
488 2229 45 30 då
551 2247 40 3 —
608 2231 92 28 även
721 2238 56 21 om
797 2238 98 20 mera
916 2228 270 31 interimistiskt
1204 2248 41 2 —
1263 2229 101 36 hjälp
1383 2229 107 31 borde
1511 2230 83 30 från

91 2274 136 29 statens
249 2272 78 30 sida
347 2272 148 30 beredas
516 2271 196 36 delägarna
733 2271 12 30 i
768 2271 186 36 företaget.
996 2271 66 31 Att
1083 2271 77 31 skäl
1184 2272 56 30 för
1262 2273 136 30 statens
1420 2273 175 30 trädande

91 2316 153 30 emellan
265 2315 310 35 överhuvudtaget
596 2314 159 35 förelåge
776 2315 121 34 syntes
917 2314 178 36 knappast
1115 2314 123 31 kunna
1260 2324 88 21 vara
1367 2315 150 30 föremål
1539 2316 55 30 för

92 2358 142 31 tvekan.
275 2358 205 35 Delägarna
500 2357 90 31 hade
610 2357 183 35 nämligen
814 2356 150 31 kommit
985 2357 12 29 i
1017 2356 57 31 sin
1095 2356 190 37 betryckta
1306 2357 210 36 belägenhet
1537 2358 57 31 till

92 2401 180 36 väsentlig
299 2400 55 31 del
381 2403 88 28 utan
494 2400 79 36 eget
600 2400 235 31 förvållande.
882 2399 71 31 Till
979 2399 34 37 ej
1040 2400 202 36 oväsentlig
1269 2400 56 31 del
1352 2402 113 30 måste
1492 2401 103 31 deras

91 2453 259 28 ogynnsamma
375 2443 173 36 ställning
573 2452 103 22 anses
702 2452 89 22 vara
815 2442 173 32 beroende
1011 2443 46 36 på
1082 2443 170 36 felaktigt
1277 2443 209 32 förfarande
1511 2445 84 30 från
