1902 2762
275 166 18 29 4
569 167 124 29 Första
716 167 245 39 lagutskottets
986 167 177 30 utlåtande
1186 176 42 20 nr
1250 168 41 29 28
1313 167 39 30 år
1376 168 84 29 1962

319 246 12 28 I
347 245 100 39 fråga
461 254 57 21 om
532 246 69 29 mål
618 255 74 21 som
709 246 170 39 fullföljes
893 247 54 29 till
963 247 122 38 högsta
1100 247 195 29 domstolen
1310 248 80 38 äger
1406 247 40 29 de
1463 247 54 29 för
1532 247 225 39 rättegången

274 299 10 28 i
297 298 139 30 hovrätt
450 299 201 29 meddelade
665 299 311 30 bestämmelserna
990 300 244 29 motsvarande
1248 300 234 39 tillämpning.

317 352 81 29 Part
421 360 74 21 som
517 351 145 40 åtnjutit
684 352 45 29 fri
750 352 181 39 rättegång
953 353 38 29 är
1011 353 57 29 vid
1089 353 263 39 verkställighet
1374 362 41 20 av
1437 353 81 29 dom
1540 353 81 29 eller
1644 353 113 38 utslag

273 405 10 28 i
308 404 106 30 målet
437 404 136 30 befriad
597 405 80 29 från
703 405 128 29 honom
858 406 108 38 enligt
991 406 54 39 lag
1072 405 180 40 åliggande
1279 406 197 39 skyldighet
1503 408 50 28 att
1580 406 177 39 förskjuta

274 457 150 30 kostnad
441 457 55 30 för
512 457 266 40 förrättningen,
796 459 64 28 och
877 458 90 30 skall
985 468 41 20 av
1043 459 176 29 allmänna
1236 459 111 29 medel
1366 459 119 39 gäldas
1503 459 45 29 all
1566 459 103 39 nödig
1689 459 67 29 för-

274 511 335 38 rättningskostnad,
632 511 10 29 i
665 511 65 29 den
753 511 80 30 mån
856 512 66 29 den
946 512 30 39 ej
1001 512 70 29 kan
1093 521 42 20 av
1156 512 174 39 tappande
1353 515 124 36 parten
1500 515 148 36 uttagas.

317 564 12 28 I
353 564 208 39 kungörelse
585 564 65 29 den
674 565 42 28 26
738 564 197 39 september
961 564 82 30 1947
1072 565 60 34 (nr
1157 565 79 34 776)
1265 565 79 29 med
1368 565 262 30 bestämmelser
1653 565 104 39 angå-

272 617 84 29 ende
378 616 265 40 tillämpningen
664 626 42 21 av
726 618 98 39 lagen
846 627 56 20 om
923 618 48 39 fri
990 618 180 39 rättegång
1190 618 92 39 gives
1304 618 176 39 åtskilliga
1501 619 256 38 tillämpnings-

272 669 230 30 föreskrifter.
523 670 48 29 Bl.
593 679 29 20 a.
642 670 210 30 föreskrives
872 673 61 32 att,
955 672 62 28 där
1037 671 97 39 fråga
1154 680 56 20 om
1230 671 198 39 beviljande
1448 681 42 20 av
1510 671 44 30 fri
1576 672 179 39 rättegång

271 723 29 38 ej
325 723 69 29 kan
416 723 153 39 allsidigt
588 724 125 38 prövas
734 724 44 39 på
797 724 171 39 grundval
990 734 42 20 av
1051 724 241 39 ansökningen
1313 725 78 29 med
1414 724 194 39 åtföljande
1629 725 127 29 ekono-

270 776 92 29 misk
383 775 149 40 uppgift,
555 776 115 30 rätten
690 777 64 29 har
775 779 49 28 att
846 777 216 30 införskaffa
1083 777 66 30 den
1170 777 199 39 ytterligare
1392 778 187 39 utredning
1602 787 74 20 som
1699 778 57 29 må

270 838 82 20 vara
373 828 214 40 erforderlig.
610 829 127 30 Vidare
758 830 57 29 må
836 831 208 29 omnämnas
1067 839 42 21 en
1131 830 253 34 bestämmelse,
1408 833 50 27 att
1481 831 113 29 rätten
1616 831 62 29 bör
1700 831 56 29 be-

271 882 80 29 reda
373 884 154 37 motpart
548 882 137 30 tillfälle
707 885 49 28 att
777 883 96 29 inom
894 884 71 29 viss
988 884 79 29 kort
1089 884 49 29 tid
1159 885 94 37 yttra
1275 884 50 39 sig
1347 884 81 29 över
1451 884 157 29 ansökan
1629 894 58 20 om
1710 884 45 29 fri

271 935 190 39 rättegång,
487 944 56 20 om
568 936 95 29 detta
687 936 69 29 kan
781 938 144 37 antagas
952 936 129 40 främja
1106 936 142 40 frivillig
1273 937 206 39 uppgörelse
1504 938 10 28 i
1541 937 107 30 saken
1673 937 82 30 eller

268 987 100 40 eljest
386 989 174 29 särskilda
579 989 74 29 skäl
672 989 39 29 är
730 989 125 30 därtill.

613 1120 171 43 Förslaget
800 1121 49 30 till
865 1122 55 41 lag
937 1133 55 19 om
1008 1122 283 42 rättegångshjälp
1307 1133 100 20 m.m.

312 1201 80 29 1951
415 1201 57 29 års
493 1201 385 40 rättegångskommitté
899 1202 172 30 framlade
1090 1204 10 28 i
1121 1203 186 29 november
1330 1203 83 30 1958
1433 1203 221 30 betänkande
1675 1204 79 29 med

268 1253 130 40 förslag
411 1254 53 30 till
476 1254 56 39 lag
543 1263 55 21 om
612 1255 302 40 rättegångshjälp
927 1266 45 20 m.
986 1266 45 20 m.
1051 1256 100 34 (SOU
1167 1256 98 30 1958:
1281 1256 74 34 40).

312 1307 13 29 I
341 1307 67 29 den
424 1307 178 30 allmänna
618 1309 252 39 motiveringen
886 1309 53 30 till
957 1310 60 30 sitt
1034 1309 129 40 förslag
1180 1309 102 30 anför
1297 1310 210 30 kommittén
1523 1310 106 30 bland
1646 1312 107 27 annat

267 1359 166 40 följande.

312 1422 52 29 En
381 1431 43 20 av
441 1422 41 30 de
499 1423 185 39 viktigaste
702 1424 313 39 rättsprinciperna
1033 1426 38 28 är
1088 1425 181 39 principen
1288 1434 56 20 om
1363 1426 86 29 allas
1468 1426 109 29 likhet
1595 1425 94 29 inför
1707 1425 48 29 la-

269 1474 73 31 gen.
365 1467 123 29 Denna
511 1468 136 38 princip
670 1468 145 29 innebär
837 1469 10 29 i
871 1468 112 31 första
1005 1469 103 35 hand,
1132 1472 50 27 att
1206 1479 133 20 samma
1363 1470 97 39 lagar
1483 1470 89 39 gälla
1597 1469 54 30 för
1676 1470 76 33 alla,

268 1510 192 30 oberoende
483 1521 40 19 av
545 1512 346 40 samhällsställning,
914 1514 66 29 och
1000 1514 176 39 tillämpas
1198 1514 72 29 lika
1290 1523 78 20 vem
1391 1515 56 29 det
1469 1515 44 28 än
1536 1514 116 39 gäller.
1674 1515 79 28 Men

268 1555 85 29 även
374 1564 58 21 om
453 1556 11 28 i
485 1565 47 19 nu
553 1557 147 38 angiven
722 1557 140 39 mening
884 1557 69 30 alla
975 1559 59 29 äro
1055 1558 73 29 lika
1148 1558 93 29 inför
1262 1559 110 38 lagen,
1396 1560 38 28 är
1456 1559 56 29 det
1535 1558 217 30 fördenskull

267 1599 75 30 icke
359 1600 118 29 säkert
494 1602 50 28 att
560 1601 67 29 alla
644 1601 47 29 ha
707 1611 133 20 samma
857 1601 158 31 faktiska
1030 1602 222 39 möjligheter
1268 1605 50 27 att
1335 1603 11 29 i
1363 1603 159 38 rättsliga
1540 1602 117 39 frågor
1673 1605 80 36 taga

266 1643 52 29 till
335 1652 84 21 vara
438 1644 78 29 sina
532 1645 183 29 intressen.
734 1646 74 29 Den
827 1655 76 21 som
922 1645 55 31 för
995 1648 50 28 att
1063 1647 114 29 hävda
1196 1647 53 29 sin
1268 1647 70 29 rätt
1355 1647 133 39 nödgas
1507 1656 171 30 processa,
1699 1647 52 29 så-

267 1696 73 20 som
361 1687 156 30 kärande
538 1689 81 29 eller
641 1690 179 34 svarande,
842 1690 56 30 får
919 1690 90 40 själv
1028 1691 11 30 i
1060 1690 111 31 första
1190 1691 96 30 hand
1305 1692 115 29 betala
1441 1692 77 29 sina
1538 1692 213 39 rättegångs-

266 1731 199 31 kostnader.
481 1733 144 30 Förmår
640 1734 114 39 någon
768 1735 76 29 icke
858 1735 87 30 bära
959 1735 101 30 dessa
1074 1736 64 29 och
1153 1735 131 40 nödgas
1299 1736 72 29 han
1385 1736 78 29 med
1479 1736 137 39 hänsyn
1631 1736 118 29 härtill

267 1778 49 28 att
331 1777 98 30 avstå
445 1777 79 30 från
539 1779 54 28 sin
607 1778 80 35 rätt,
703 1779 68 29 kan
787 1779 154 30 likheten
958 1779 93 30 inför
1065 1780 99 39 lagen
1179 1780 31 39 ej
1229 1780 99 39 sägas
1343 1790 84 20 vara
1442 1781 52 29 till
1510 1780 87 30 fullo
1612 1788 139 31 genom-

264 1821 87 30 förd.

309 1865 166 30 Gällande
494 1866 54 39 lag
567 1875 57 21 om
643 1867 45 29 fri
708 1868 180 39 rättegång
908 1868 185 39 möjliggör
1113 1869 54 29 för
1187 1869 41 29 de
1247 1869 223 30 obemedlade
1490 1870 64 28 och
1574 1878 42 20 en
1636 1869 53 29 del
1710 1879 41 20 av

266 1909 41 30 de
331 1910 136 30 mindre
492 1911 202 29 bemedlade
719 1914 49 27 att
794 1913 9 28 i
830 1912 182 40 rättegång
1035 1913 133 29 bevaka
1193 1913 77 30 sina
1294 1914 184 34 intressen,
1505 1914 119 29 oaktat
1650 1914 40 29 de
1717 1914 29 38 ej

265 1954 111 39 själva
401 1954 115 30 förmå
540 1955 153 30 bestrida
718 1957 389 38 processkostnaderna.
1134 1958 58 29 Ett
1217 1958 85 30 känt
1329 1958 220 29 förhållande
1572 1976 45 2 —
1638 1976 44 3 -—
1707 1976 44 3 —

263 1998 39 30 är
324 1999 194 30 emellertid
542 2001 50 28 att
615 2000 123 31 endast
762 2010 41 20 en
826 2001 141 39 mycket
990 2001 194 39 begränsad
1208 2002 155 39 kategori
1388 2002 226 39 medborgare
1639 2002 111 30 erhål-

263 2042 49 30 ler
333 2043 114 30 denna
469 2043 148 30 förmån.
639 2044 75 29 Den
737 2047 92 28 stora
851 2054 143 21 massan
1015 2046 95 29 inom
1131 2046 248 40 befolkningen
1401 2047 39 29 är
1464 2047 185 39 utestängd
1670 2047 79 30 från

264 2087 214 31 densamma.
493 2088 102 30 Detta
609 2088 219 31 förhållande
844 2090 65 29 och
924 2090 42 29 de
980 2090 119 30 ibland
1113 2091 139 39 mycket
1266 2091 89 39 höga
1370 2091 379 39 processkostnaderna

263 2131 44 30 ha
326 2131 176 35 föranlett,
523 2134 49 28 att
591 2133 9 29 i
620 2133 67 29 den
707 2133 176 30 allmänna
904 2134 247 30 diskussionen
1171 2135 148 39 påståtts
1340 2138 50 28 att
1409 2137 123 31 endast
1554 2138 41 29 de
1615 2137 133 40 fattiga,

264 2175 30 30 d.
310 2185 30 20 v.
358 2185 25 21 s.
401 2176 42 29 de
460 2185 75 21 som
552 2176 36 30 få
604 2176 46 30 fri
666 2177 190 40 rättegång,
875 2178 65 29 och
957 2179 41 29 de
1015 2179 86 34 rika,
1119 2179 31 30 d.
1167 2189 30 20 v.
1217 2189 24 20 s.
1260 2180 41 29 de
1318 2189 75 21 som
1411 2181 115 30 förmå
1542 2182 86 29 bära
1644 2183 105 29 också

263 2220 107 39 dryga
388 2221 200 34 kostnader,
608 2221 45 30 ha
673 2222 183 39 möjlighet
875 2225 51 28 att
950 2223 5 29 i
976 2223 128 39 dagens
1124 2224 169 30 samhälle
1312 2224 96 30 inför
1426 2226 149 30 domstol
1597 2227 152 29 tillvara-

262 2266 78 37 taga
359 2265 78 29 sina
454 2266 171 29 intressen
645 2269 91 27 samt
755 2269 49 28 att
822 2266 80 30 hela
921 2267 66 29 den
1007 2269 92 28 stora
1118 2268 299 40 mellangruppen,
1438 2270 31 30 d.
1488 2280 30 20 v.
1539 2280 26 20 s.
1585 2271 41 29 de
1646 2271 102 30 flesta

261 2309 264 39 medborgarna,
544 2310 113 29 skulle
675 2311 111 29 sakna
802 2311 115 30 denna
935 2311 193 40 möjlighet.
1146 2312 93 30 även
1257 2322 57 20 om
1333 2314 94 30 detta
1446 2314 189 40 påstående
1652 2316 96 30 inne-

261 2352 62 30 bär
342 2362 42 20 en
406 2354 98 29 stark
525 2354 178 34 överdrift,
725 2363 101 30 synes
848 2355 57 30 det
925 2355 107 30 likväl
1054 2356 29 39 ej
1107 2366 82 20 vara
1211 2357 140 31 alldeles
1374 2361 85 27 utan
1480 2359 123 39 grund.
1627 2359 119 31 Såsom

262 2397 134 30 anförts
411 2398 11 29 i
439 2398 194 30 direktiven
647 2399 52 29 till
715 2399 210 30 kommittén
939 2402 33 28 te
988 2401 51 38 sig
1054 2401 238 40 otvivelaktigt
1308 2402 438 40 rättegångskostnaderna

261 2441 54 30 för
333 2442 128 39 många
479 2452 42 20 av
539 2443 88 34 dem,
648 2452 75 21 som
741 2443 30 39 ej
792 2444 123 29 kunna
933 2444 131 30 erhålla
1084 2444 44 30 fri
1147 2446 191 40 rättegång,
1358 2448 150 38 oskäligt
1527 2448 219 40 betungande

261 2486 82 29 eller
361 2489 78 27 rent
459 2496 41 20 av
521 2496 73 20 som
615 2489 47 28 ett
683 2488 251 39 oöverkomligt
954 2489 125 30 hinder
1096 2493 73 27 mot
1190 2492 50 29 att
1260 2491 123 39 bringa
1402 2501 42 20 en
1466 2492 63 29 sak
1548 2493 111 29 under
1679 2495 68 28 rät-
