2202 2566
433 174 34 28 10
851 172 289 33 Stats-Utskottets
1169 172 174 32 Utlåtande
1366 173 67 32 N:o
1457 176 52 29 64.

584 250 75 47 7:0)
688 260 53 27 att
765 252 94 35 Herr
881 253 91 35 Axel
995 252 243 37 Lundströms
1266 253 274 49 ifrågavarande
1569 253 224 36 motion:må
1820 254 39 35 af
1873 253 115 36 Riks-

646 304 116 47 dagen
790 303 139 35 lemnas
958 310 86 29 utan
1073 304 182 35 afseende.

633 405 210 36 Stockholm
868 406 70 35 den
968 409 44 33 13
1041 406 104 48 April
1175 409 107 33 1869.

1076 497 9 22 '

893 523 54 36 På
974 523 328 36 Stats-Utskottets
1330 529 148 42 vägnar:

927 641 144 35 Arvid
1100 641 162 36 Fr:son
1290 642 156 35 Posse.

957 1190 442 36 Reservationer:

511 1311 59 35 vid
610 1312 89 35 I:sta
734 1309 158 50 punkten
933 1306 203 53 (angående
1178 1310 123 48 anslag
1340 1310 56 35 för
1424 1309 298 49 Skogsstyrelsen
1751 1309 66 36 och
1846 1309 135 50 Skogs-

377 1359 152 48 staten):

510 1414 39 33 af
574 1412 95 35 Herr
695 1412 42 35 F.
767 1411 194 36 Brusewitz
989 1412 67 34 och
1084 1411 169 35 Friherre
1281 1411 42 36 F.
1349 1423 65 23 von
1443 1411 124 40 Essen,
1589 1411 121 34 hvilka
1725 1411 136 47 yrkade
1877 1411 101 35 bifall

374 1463 56 35 till
458 1462 133 48 Kongl.
619 1462 123 48 Maj:ts
770 1462 131 46 nådiga
928 1462 144 47 förslag.

511 1513 38 34 af
575 1512 135 35 Herrar
738 1512 42 35 L.
806 1511 35 36 J.
865 1511 136 41 Hierta,
1029 1513 43 33 A.
1107 1510 48 36 W.
1184 1510 139 59 Björck,
1351 1510 40 36 P.
1420 1509 40 37 O.
1487 1510 203 58 Hörnfeldt,
1716 1510 75 35 Jan
1820 1511 158 35 Anders-

374 1576 62 23 son
477 1563 67 35 och
585 1561 85 38 Carl
708 1562 199 47 Ifvarsson,
960 1562 121 35 hvilka
1131 1563 121 35 såsom
1291 1562 55 35 sin
1387 1561 221 36 reservation
1650 1561 203 49 åberopade
1889 1566 88 31 1:sta

375 1613 394 50 Utgiftsafdelningens
797 1613 135 48 förslag
958 1613 56 35 till
1044 1613 197 39 utlåtande,
1269 1615 40 32 så
1336 1613 173 47 lydande:

507 1664 138 35 »Sedan
673 1664 133 47 Kongl.
834 1664 105 47 Maj:t
966 1664 114 34 under
1108 1664 68 34 den
1205 1667 46 31 20
1280 1662 88 35 Juni
1399 1666 94 31 1855
1524 1663 240 47 uppdragit
1728 1657 41 58 åt
1779 1675 41 21 en
1838 1661 135 35 komité

374 1721 66 34 att,
466 1715 92 34 efter
586 1714 190 34 delfående
805 1714 39 34 af
868 1713 57 35 till
954 1713 150 34 ärendet
1132 1713 159 34 hörande
1320 1713 223 47 handlingar,
1573 1713 134 46 afgifva
1735 1712 241 46 underdånigt

373 1765 144 47 förslag,
556 1776 59 22 om
656 1764 66 34 och
750 1763 122 35 hvilka
899 1764 168 56 åtgärder
1094 1763 81 35 från
1204 1763 232 47 lagstiftande
1465 1763 88 34 eller
1579 1762 264 35 verkställande
1873 1774 102 35 mag-

372 1822 81 29 tens
491 1814 79 36 sida
597 1827 82 22 vore
709 1820 52 29 att
788 1814 145 48 vidtaga
960 1814 11 35 i
999 1813 169 36 ändamål
1196 1820 52 29 att
1276 1813 225 35 förekomma
1528 1814 69 34 den
1625 1812 261 43 öfverklagade,
1915 1811 57 36 till

371 1866 173 36 framtida
571 1864 201 59 skogsbrist
795 1865 67 35 och
890 1864 158 49 menliga
1076 1865 208 34 klimatiska
1306 1864 251 36 förhållanden
1586 1864 149 35 ledande
1758 1856 211 42 förödelsen

372 1918 39 34 af
450 1917 175 47 skogarne
666 1916 12 34 i
711 1916 132 40 landet,
872 1922 94 28 samt
994 1922 53 28 att
1074 1916 11 34 i
1113 1915 199 35 allmänhet
1340 1915 177 47 befrämja
1544 1927 43 22 en
1614 1914 201 35 förbättrad
1844 1914 126 47 skogs-

370 1966 244 47 hushållning,
653 1973 95 27 samt
775 1966 117 34 denna
919 1965 136 34 komité
1084 1966 114 33 under
1225 1965 69 34 den
1323 1968 46 31 28
1397 1964 88 35 Juni
1515 1967 93 32 1856
1637 1964 10 34 i
1676 1970 123 28 ämnet
1827 1963 142 47 afgifvit

369 2016 227 36 betänkande
625 2015 67 35 och
715 2015 144 48 förslag,
887 2015 184 48 behagade
1099 2014 134 48 Kongl.
1261 2014 104 48 Maj:t
1392 2015 52 34 uti
1473 2015 107 46 nådig
1607 2013 199 36 Skrifvelse
1834 2014 39 33 af
1898 2013 70 34 den

370 2070 46 33 30
458 2065 75 49 Maj
577 2067 106 39 1857,
711 2066 83 34 med
822 2065 215 48 hänvisning
1063 2065 56 35 till
1146 2065 199 35 innehållet
1372 2065 39 35 af
1435 2064 201 36 komitéens
1664 2063 151 36 berörda
1842 2063 127 35 betän-

369 2118 117 35 kande
527 2117 10 34 i
577 2117 83 35 dess
701 2116 134 41 helhet,
863 2123 95 28 samt
986 2116 83 35 med
1097 2115 228 48 åberopande
1353 2116 39 34 af
1420 2116 42 34 de
1491 2115 264 48 upplysningar
1781 2115 185 46 angående

369 2167 243 35 förhållandet
635 2167 83 34 med
746 2167 174 46 skogarne
949 2166 11 34 i
987 2166 133 40 landet,
1148 2178 78 22 som
1255 2166 80 34 från
1363 2166 105 34 länen
1496 2165 204 39 inkommit,
1728 2164 67 35 och
1818 2165 43 34 de
1877 2165 89 34 vits-

369 2217 75 41 ord,
482 2229 78 23 som
594 2217 80 34 från
713 2218 31 48 ej
787 2216 139 35 mindre
966 2216 263 48 vetenskapens
1257 2221 44 30 än
1330 2215 272 35 erfarenhetens
1631 2215 186 48 synpunkt
1847 2214 118 35 blifvit
