2246 2644
468 216 38 30 16
857 214 356 41 Bevillningsutskottets
1238 213 208 33 Betänkande
1469 215 61 31 N:o
1553 215 54 31 24.

1307 359 256 41 Förordning

860 466 190 48 angående
1078 467 200 47 utgörande
1306 466 45 49 af
1375 479 42 22 en
1445 465 162 36 särskild
1635 461 336 50 tilläggsbevilning

1285 518 59 46 för
1372 517 44 35 ar
1444 517 109 35 1854.

950 620 176 37 Svenska
1166 620 157 36 Folkets
1352 620 61 36 vid
1444 618 159 50 lagtima
1632 618 180 35 riksmöte
1841 615 12 36 i
1882 614 133 37 Stock-

822 672 99 36 holm
966 685 49 23 nu
1046 671 228 37 församlade
1308 671 140 36 ombud
1477 675 95 44 göre
1601 668 191 49 veterligt,
1823 673 54 30 att
1904 666 111 37 Riks-

822 725 122 48 dagen
981 727 126 33 såsom
1150 723 135 48 bidrag
1326 723 58 36 till
1413 722 168 49 fyllande
1609 721 41 36 af
1669 720 253 36 statsverkets
1950 718 65 36 be-

822 776 68 36 hof
914 775 58 37 för
1000 778 41 33 år
1074 777 94 34 1894
1196 775 159 49 beviljat
1383 788 44 23 en
1460 773 164 37 särskild
1641 769 373 52 tilläggsbevillning

822 827 41 36 af
889 829 206 44 4,400,000
1129 827 140 36 kronor
1297 832 67 42 att,
1394 833 89 29 utan
1513 822 386 48 sammanblandning
1928 822 86 35 med

824 878 260 48 bevillningen
1127 878 39 36 af
1202 879 74 35 fast
1318 878 185 48 egendom
1548 883 97 30 samt
1682 876 41 35 af
1751 875 180 43 inkomst,
1966 876 48 45 på

821 930 124 49 grund
987 931 42 35 af
1066 930 162 36 nämnda
1271 932 61 34 års
1366 927 414 49 bevillningstaxering
1808 928 92 46 utgå
1928 924 86 36 med

824 995 45 23 en
912 983 120 35 krona
1068 982 56 36 för
1154 981 355 49 bevillningskrona
1538 983 21 33 å
1587 979 258 48 bevillningen
1875 976 40 36 af
1938 976 77 36 fast

823 1033 189 49 egendom
1043 1040 97 29 samt
1168 1033 40 36 af
1231 1033 180 44 inkomst,
1440 1033 98 36 dock
1569 1035 52 44 så,
1651 1038 54 29 att
1726 1031 58 42 de,
1806 1028 130 37 hvilka
1956 1028 58 36 för

822 1085 167 37 inkomst
1031 1090 65 31 äro
1136 1085 180 36 taxerade
1357 1085 57 36 till
1442 1085 152 48 belopp,
1623 1083 56 36 för
1706 1082 130 36 hvilka
1859 1079 156 47 jemlikt

823 1137 21 49 3
877 1139 40 34 11
950 1150 111 23 mom.
1096 1140 15 32 1i
1165 1136 179 48 gällande
1369 1134 457 50 bevillningsförordning
1847 1131 169 48 lindring

823 1189 10 35 1
863 1188 259 48 bevillningen
1164 1201 91 36 eger
1284 1202 94 33 rum,
1412 1188 120 46 skola,
1563 1187 46 36 då
1637 1186 217 36 inkomsten
1883 1185 133 34 under-

822 1242 107 46 stiger
971 1242 74 35 800
1087 1240 150 47 kronor,
1275 1240 83 35 från
1395 1237 395 50 tilläggsbevillnings
1833 1240 180 42 utgöran-

822 1292 45 36 de
910 1304 89 24 vara
1038 1291 182 46 befriade;
1263 1291 167 37 börande
1475 1291 126 36 denna
1641 1286 373 50 tilläggsbevillning

822 1346 47 46 på
909 1343 201 37 enahanda
1151 1348 75 31 sätt
1268 1356 79 24 som
1392 1342 212 47 bevillning
1645 1341 41 36 af
1722 1341 75 36 fast
1825 1338 187 50 egendom

821 1402 97 29 samt
959 1396 42 35 af
1038 1395 167 36 inkomst
1246 1397 41 34 af
1325 1394 285 37 vederbörande
1652 1392 62 36 vid
1748 1393 47 35 de
1825 1390 118 37 under
1973 1392 41 33 år

824 1448 95 35 1895
948 1446 207 37 infallande
1183 1447 382 49 uppbördsstämmor
1592 1445 191 49 uppbäras
1804 1448 97 31 samt
1921 1442 12 35 i
1950 1441 64 36 be-

822 1499 111 48 hörig
961 1498 169 49 ordning
1156 1499 234 44 redovisas»;

554 1607 98 31 samt
680 1602 41 36 af
744 1602 89 37 herr
860 1602 36 37 S.
927 1603 51 35 M.
1012 1601 140 38 Olsson:

554 1688 76 36 »Då
651 1688 69 49 jag
747 1688 103 36 inom
872 1688 190 37 utskottet
1078 1688 172 37 vidhållit
1267 1688 75 36 den
1359 1688 99 49 åsigt
1473 1693 56 30 att
1545 1686 176 38 befrielse
1737 1685 84 36 från
1839 1685 175 47 tilläggs-

424 1739 261 49 bevillningen
724 1740 117 36 borde
883 1740 213 48 medgifvas
1135 1741 32 46 ej
1200 1739 94 37 blott
1322 1739 58 37 för
1408 1739 146 37 mindre
1584 1737 309 48 inkomstbelopp
1923 1741 90 30 utan

425 1791 113 37 äfven
580 1791 57 36 för
674 1792 148 36 mindre
850 1792 239 49 fastigheter,
1118 1792 72 36 kan
1215 1792 71 48 jag
1313 1791 83 36 icke
1425 1790 149 37 biträda
1603 1791 62 36 det
1692 1788 137 47 beslut,
1860 1786 155 37 hvartill

424 1842 188 38 utskottet
641 1843 171 37 kommit.

553 1894 69 37 Om
652 1895 62 37 det
741 1896 116 36 också
885 1895 74 36 kan
988 1908 92 24 vara
1108 1908 47 23 en
1184 1894 177 48 sanning,
1392 1900 55 31 att
1467 1895 64 36 det
1545 1894 122 36 finnes
1684 1904 115 36 egare
1815 1891 40 36 af
1867 1890 146 37 mindre

425 1946 242 49 fastigheter,
697 1960 81 23 som
807 1947 12 36 i
848 1947 106 49 fråga
983 1960 60 23 om
1074 1946 197 48 förmågan
1291 1952 57 30 att
1369 1946 65 37 der
1453 1946 195 48 förutgöra
1669 1943 212 48 bevillning
1901 1942 114 36 hafva

426 2011 47 24 en
501 1998 124 37 bättre
653 1998 184 50 ställning
865 2004 45 31 än
940 1999 46 36 de
1018 1998 145 36 mindre
1191 1998 344 49 inkomsttagarne,
1564 1996 222 50 isynnerhet
1815 2008 59 23 om
1904 1994 111 36 dessa

425 2050 110 36 skola
577 2056 87 43 taga
707 2051 59 36 sin
808 2051 170 36 inkomst
1021 2050 42 36 af
1099 2050 128 36 arbete
1271 2049 90 37 eller
1403 2049 152 37 enskild
1585 2050 126 47 tjeust,
1742 2050 41 32 så
1811 2052 63 30 äro
1903 2046 112 36 dessa

427 2101 327 50 fastighetsegare
792 2102 93 37 dock
915 2103 137 35 endast
1081 2101 194 49 undantag
1300 2102 69 35 och
1399 2106 137 44 utgöra
1565 2101 9 35 i
1603 2098 236 39 förhållande
1867 2097 55 36 till
1951 2097 65 35 det

426 2159 103 31 stora
571 2153 84 37 hela
696 2160 55 30 ett
785 2154 100 36 fåtal.
939 2154 77 49 Jag
1046 2159 41 31 är
1114 2167 119 34 gerna
1263 2153 109 47 villig
1400 2152 205 49 medgifva,
1636 2158 53 30 att
1718 2164 87 22 man
1834 2150 83 37 icke
1945 2149 70 36 bör

425 2205 121 37 befria
574 2205 140 37 sådana
743 2206 83 36 från
856 2206 112 46 skatt,
1000 2219 80 23 som
1110 2218 69 36 ega
1209 2204 151 49 verklig
1387 2204 172 49 förmåga
1580 2209 55 31 att
1649 2203 156 48 erlägga
1822 2202 88 45 den;
1928 2213 86 24 men

426 2257 47 36 då
515 2270 88 23 man
638 2257 82 36 icke
749 2261 48 45 på
826 2264 114 30 annat
969 2262 78 32 sätt
1075 2257 74 36 kan
1178 2256 116 36 vinna
1323 2255 174 37 befrielse
1527 2256 57 36 för
1612 2255 46 37 de
1686 2256 81 34 små
1795 2253 221 48 fastighets-

426 2322 156 35 egarne,
624 2309 150 37 hvilkas
817 2310 170 47 förmåga
1029 2309 11 35 i
1082 2308 129 49 regeln
1242 2308 107 36 torde
1377 2321 89 23 vara
1494 2307 147 37 mindre
1670 2311 45 31 än
1745 2305 56 36 till
1831 2305 69 36 och
1931 2303 84 36 med
