<?xml version="1.0" encoding="UTF-8"?>
<alto xmlns="http://www.loc.gov/standards/alto/ns-v3#" xmlns:xlink="http://www.w3.org/1999/xlink" xmlns:xsi="http://www.w3.org/2001/XMLSchema-instance" xsi:schemaLocation="http://www.loc.gov/standards/alto/ns-v3# http://www.loc.gov/alto/v3/alto-3-0.xsd">
	<Description>
		<MeasurementUnit>pixel</MeasurementUnit>
		<sourceImageInformation>
			<fileName>/tmp/tess_rpc2nupe_input.PNG</fileName>
		</sourceImageInformation>
		<OCRProcessing ID="OCR_0">
			<ocrProcessingStep>
				<processingSoftware>
					<softwareName>tesseract 5.3.0</softwareName>
				</processingSoftware>
			</ocrProcessingStep>
		</OCRProcessing>
	</Description>
	<Layout>
		<Page WIDTH="2255" HEIGHT="2576" PHYSICAL_IMG_NR="0" ID="page_0">
			<PrintSpace HPOS="0" VPOS="0" WIDTH="2255" HEIGHT="2576">
				<ComposedBlock ID="cblock_0" HPOS="401" VPOS="182" WIDTH="1119" HEIGHT="41">
					<TextBlock ID="block_0" HPOS="401" VPOS="182" WIDTH="1119" HEIGHT="41">
						<TextLine ID="line_0" HPOS="401" VPOS="182" WIDTH="1119" HEIGHT="41">
							<String ID="string_0" HPOS="401" VPOS="184" WIDTH="42" HEIGHT="32" WC="0.96" CONTENT="30"/><SP WIDTH="459" VPOS="184" HPOS="443"/>
							<String ID="string_1" HPOS="902" VPOS="182" WIDTH="242" HEIGHT="41" WC="0.88" CONTENT="Lagutskottets"/><SP WIDTH="32" VPOS="182" HPOS="1144"/>
							<String ID="string_2" HPOS="1176" VPOS="182" WIDTH="175" HEIGHT="33" WC="0.95" CONTENT="Utlåtande"/><SP WIDTH="25" VPOS="182" HPOS="1351"/>
							<String ID="string_3" HPOS="1376" VPOS="182" WIDTH="63" HEIGHT="32" WC="0.95" CONTENT="N:o"/><SP WIDTH="29" VPOS="182" HPOS="1439"/>
							<String ID="string_4" HPOS="1468" VPOS="184" WIDTH="52" HEIGHT="30" WC="0.47" CONTENT="75."/>
						</TextLine>
					</TextBlock>
				</ComposedBlock>
				<ComposedBlock ID="cblock_1" HPOS="399" VPOS="263" WIDTH="1636" HEIGHT="2024">
					<TextBlock ID="block_1" HPOS="399" VPOS="263" WIDTH="1629" HEIGHT="101">
						<TextLine ID="line_1" HPOS="400" VPOS="263" WIDTH="1628" HEIGHT="50">
							<String ID="string_5" HPOS="400" VPOS="266" WIDTH="143" HEIGHT="35" WC="0.96" CONTENT="landets"/><SP WIDTH="20" VPOS="266" HPOS="543"/>
							<String ID="string_6" HPOS="563" VPOS="266" WIDTH="167" HEIGHT="47" WC="0.96" CONTENT="nordliga"/><SP WIDTH="28" VPOS="266" HPOS="730"/>
							<String ID="string_7" HPOS="758" VPOS="266" WIDTH="142" HEIGHT="35" WC="0.96" CONTENT="trakter"/><SP WIDTH="20" VPOS="266" HPOS="900"/>
							<String ID="string_8" HPOS="920" VPOS="264" WIDTH="288" HEIGHT="35" WC="0.95" CONTENT="understundom"/><SP WIDTH="21" VPOS="264" HPOS="1208"/>
							<String ID="string_9" HPOS="1229" VPOS="263" WIDTH="139" HEIGHT="48" WC="0.95" CONTENT="fortgår"/><SP WIDTH="19" VPOS="263" HPOS="1368"/>
							<String ID="string_10" HPOS="1387" VPOS="263" WIDTH="14" HEIGHT="36" WC="0.93" CONTENT="i"/><SP WIDTH="19" VPOS="263" HPOS="1401"/>
							<String ID="string_11" HPOS="1420" VPOS="264" WIDTH="71" HEIGHT="48" WC="0.96" CONTENT="maj"/><SP WIDTH="22" VPOS="264" HPOS="1491"/>
							<String ID="string_12" HPOS="1513" VPOS="264" WIDTH="142" HEIGHT="44" WC="0.93" CONTENT="månad,"/><SP WIDTH="28" VPOS="264" HPOS="1655"/>
							<String ID="string_13" HPOS="1683" VPOS="265" WIDTH="147" HEIGHT="35" WC="0.90" CONTENT="hvadan"/><SP WIDTH="20" VPOS="265" HPOS="1830"/>
							<String ID="string_14" HPOS="1850" VPOS="264" WIDTH="56" HEIGHT="36" WC="0.96" CONTENT="för"/><SP WIDTH="20" VPOS="264" HPOS="1906"/>
							<String ID="string_15" HPOS="1926" VPOS="265" WIDTH="102" HEIGHT="35" WC="0.96" CONTENT="dessa"/>
						</TextLine>
						<TextLine ID="line_2" HPOS="399" VPOS="317" WIDTH="1116" HEIGHT="47">
							<String ID="string_16" HPOS="399" VPOS="320" WIDTH="143" HEIGHT="35" WC="0.96" CONTENT="trakter"/><SP WIDTH="29" VPOS="320" HPOS="542"/>
							<String ID="string_17" HPOS="571" VPOS="333" WIDTH="46" HEIGHT="22" WC="0.96" CONTENT="en"/><SP WIDTH="29" VPOS="333" HPOS="617"/>
							<String ID="string_18" HPOS="646" VPOS="321" WIDTH="114" HEIGHT="34" WC="0.92" CONTENT="sådan"/><SP WIDTH="27" VPOS="321" HPOS="760"/>
							<String ID="string_19" HPOS="787" VPOS="317" WIDTH="307" HEIGHT="47" WC="0.92" CONTENT="sönderklyfning"/><SP WIDTH="28" VPOS="317" HPOS="1094"/>
							<String ID="string_20" HPOS="1122" VPOS="317" WIDTH="142" HEIGHT="36" WC="0.96" CONTENT="ändock"/><SP WIDTH="28" VPOS="317" HPOS="1264"/>
							<String ID="string_21" HPOS="1292" VPOS="318" WIDTH="119" HEIGHT="35" WC="0.96" CONTENT="skulle"/><SP WIDTH="29" VPOS="318" HPOS="1411"/>
							<String ID="string_22" HPOS="1440" VPOS="318" WIDTH="75" HEIGHT="35" WC="0.96" CONTENT="ske."/>
						</TextLine>
					</TextBlock>
					<TextBlock ID="block_2" HPOS="400" VPOS="370" WIDTH="1629" HEIGHT="263">
						<TextLine ID="line_3" HPOS="509" VPOS="370" WIDTH="1518" HEIGHT="51">
							<String ID="string_23" HPOS="509" VPOS="374" WIDTH="70" HEIGHT="35" WC="0.96" CONTENT="Att"/><SP WIDTH="29" VPOS="374" HPOS="579"/>
							<String ID="string_24" HPOS="608" VPOS="373" WIDTH="96" HEIGHT="48" WC="0.95" CONTENT="välja"/><SP WIDTH="20" VPOS="373" HPOS="704"/>
							<String ID="string_25" HPOS="724" VPOS="375" WIDTH="120" HEIGHT="43" WC="0.96" CONTENT="någon"/><SP WIDTH="20" VPOS="375" HPOS="844"/>
							<String ID="string_26" HPOS="864" VPOS="377" WIDTH="99" HEIGHT="29" WC="0.96" CONTENT="ännu"/><SP WIDTH="19" VPOS="377" HPOS="963"/>
							<String ID="string_27" HPOS="982" VPOS="371" WIDTH="157" HEIGHT="47" WC="0.96" CONTENT="tidigare"/><SP WIDTH="20" VPOS="371" HPOS="1139"/>
							<String ID="string_28" HPOS="1159" VPOS="372" WIDTH="70" HEIGHT="46" WC="0.96" CONTENT="dag"/><SP WIDTH="20" VPOS="372" HPOS="1229"/>
							<String ID="string_29" HPOS="1249" VPOS="372" WIDTH="116" HEIGHT="34" WC="0.96" CONTENT="under"/><SP WIDTH="25" VPOS="372" HPOS="1365"/>
							<String ID="string_30" HPOS="1390" VPOS="374" WIDTH="77" HEIGHT="33" WC="0.95" CONTENT="året"/><SP WIDTH="23" VPOS="374" HPOS="1467"/>
							<String ID="string_31" HPOS="1490" VPOS="371" WIDTH="58" HEIGHT="36" WC="0.95" CONTENT="till"/><SP WIDTH="14" VPOS="371" HPOS="1548"/>
							<String ID="string_32" HPOS="1562" VPOS="377" WIDTH="110" HEIGHT="41" WC="0.96" CONTENT="gräns"/><SP WIDTH="15" VPOS="377" HPOS="1672"/>
							<String ID="string_33" HPOS="1687" VPOS="370" WIDTH="56" HEIGHT="36" WC="0.93" CONTENT="för"/><SP WIDTH="15" VPOS="370" HPOS="1743"/>
							<String ID="string_34" HPOS="1758" VPOS="371" WIDTH="269" HEIGHT="47" WC="0.92" CONTENT="beskattnings-"/>
						</TextLine>
						<TextLine ID="line_4" HPOS="400" VPOS="424" WIDTH="1629" HEIGHT="49">
							<String ID="string_35" HPOS="400" VPOS="427" WIDTH="184" HEIGHT="46" WC="0.95" CONTENT="perioden,"/><SP WIDTH="33" VPOS="427" HPOS="584"/>
							<String ID="string_36" HPOS="617" VPOS="438" WIDTH="108" HEIGHT="35" WC="0.96" CONTENT="synes"/><SP WIDTH="28" VPOS="438" HPOS="725"/>
							<String ID="string_37" HPOS="753" VPOS="425" WIDTH="82" HEIGHT="35" WC="0.96" CONTENT="icke"/><SP WIDTH="28" VPOS="425" HPOS="835"/>
							<String ID="string_38" HPOS="863" VPOS="425" WIDTH="128" HEIGHT="35" WC="0.96" CONTENT="kunna"/><SP WIDTH="26" VPOS="425" HPOS="991"/>
							<String ID="string_39" HPOS="1017" VPOS="424" WIDTH="243" HEIGHT="47" WC="0.96" CONTENT="ifrågasättas,"/><SP WIDTH="23" VPOS="424" HPOS="1260"/>
							<String ID="string_40" HPOS="1283" VPOS="427" WIDTH="91" HEIGHT="33" WC="0.96" CONTENT="utan"/><SP WIDTH="19" VPOS="427" HPOS="1374"/>
							<String ID="string_41" HPOS="1393" VPOS="426" WIDTH="62" HEIGHT="34" WC="0.96" CONTENT="det"/><SP WIDTH="18" VPOS="426" HPOS="1455"/>
							<String ID="string_42" HPOS="1473" VPOS="425" WIDTH="102" HEIGHT="35" WC="0.96" CONTENT="torde"/><SP WIDTH="20" VPOS="425" HPOS="1575"/>
							<String ID="string_43" HPOS="1595" VPOS="426" WIDTH="117" HEIGHT="34" WC="0.96" CONTENT="under"/><SP WIDTH="20" VPOS="426" HPOS="1712"/>
							<String ID="string_44" HPOS="1732" VPOS="425" WIDTH="71" HEIGHT="35" WC="0.96" CONTENT="den"/><SP WIDTH="19" VPOS="425" HPOS="1803"/>
							<String ID="string_45" HPOS="1822" VPOS="425" WIDTH="207" HEIGHT="47" WC="0.96" CONTENT="uppställda"/>
						</TextLine>
						<TextLine ID="line_5" HPOS="400" VPOS="478" WIDTH="1625" HEIGHT="48">
							<String ID="string_46" HPOS="400" VPOS="480" WIDTH="325" HEIGHT="46" WC="0.96" CONTENT="förutsättningen,"/><SP WIDTH="16" VPOS="480" HPOS="725"/>
							<String ID="string_47" HPOS="741" VPOS="482" WIDTH="53" HEIGHT="32" WC="0.95" CONTENT="att"/><SP WIDTH="14" VPOS="482" HPOS="794"/>
							<String ID="string_48" HPOS="808" VPOS="479" WIDTH="74" HEIGHT="34" WC="0.95" CONTENT="mål"/><SP WIDTH="15" VPOS="479" HPOS="882"/>
							<String ID="string_49" HPOS="897" VPOS="491" WIDTH="58" HEIGHT="22" WC="0.93" CONTENT="om"/><SP WIDTH="15" VPOS="491" HPOS="955"/>
							<String ID="string_50" HPOS="970" VPOS="478" WIDTH="295" HEIGHT="47" WC="0.90" CONTENT="virkestaxering"/><SP WIDTH="14" VPOS="478" HPOS="1265"/>
							<String ID="string_51" HPOS="1279" VPOS="479" WIDTH="88" HEIGHT="35" WC="0.95" CONTENT="böra"/><SP WIDTH="10" VPOS="479" HPOS="1367"/>
							<String ID="string_52" HPOS="1377" VPOS="479" WIDTH="123" HEIGHT="46" WC="0.95" CONTENT="läggas"/><SP WIDTH="12" VPOS="479" HPOS="1500"/>
							<String ID="string_53" HPOS="1512" VPOS="479" WIDTH="116" HEIGHT="34" WC="0.93" CONTENT="under"/><SP WIDTH="10" VPOS="479" HPOS="1628"/>
							<String ID="string_54" HPOS="1638" VPOS="478" WIDTH="387" HEIGHT="47" WC="0.90" CONTENT="pröfningsnämnden,"/>
						</TextLine>
						<TextLine ID="line_6" HPOS="401" VPOS="531" WIDTH="1627" HEIGHT="48">
							<String ID="string_55" HPOS="401" VPOS="537" WIDTH="136" HEIGHT="33" WC="0.93" CONTENT="återstå"/><SP WIDTH="29" VPOS="537" HPOS="537"/>
							<String ID="string_56" HPOS="566" VPOS="533" WIDTH="154" HEIGHT="35" WC="0.92" CONTENT="allenast"/><SP WIDTH="29" VPOS="533" HPOS="720"/>
							<String ID="string_57" HPOS="749" VPOS="535" WIDTH="53" HEIGHT="32" WC="0.96" CONTENT="att"/><SP WIDTH="28" VPOS="535" HPOS="802"/>
							<String ID="string_58" HPOS="830" VPOS="532" WIDTH="73" HEIGHT="35" WC="0.96" CONTENT="låta"/><SP WIDTH="29" VPOS="532" HPOS="903"/>
							<String ID="string_59" HPOS="932" VPOS="532" WIDTH="173" HEIGHT="46" WC="0.93" CONTENT="perioden"/><SP WIDTH="32" VPOS="532" HPOS="1105"/>
							<String ID="string_60" HPOS="1137" VPOS="531" WIDTH="251" HEIGHT="36" WC="0.96" CONTENT="sammanfalla"/><SP WIDTH="23" VPOS="531" HPOS="1388"/>
							<String ID="string_61" HPOS="1411" VPOS="533" WIDTH="83" HEIGHT="34" WC="0.96" CONTENT="med"/><SP WIDTH="20" VPOS="533" HPOS="1494"/>
							<String ID="string_62" HPOS="1514" VPOS="532" WIDTH="264" HEIGHT="35" WC="0.95" CONTENT="kalenderåret."/><SP WIDTH="45" VPOS="532" HPOS="1778"/>
							<String ID="string_63" HPOS="1823" VPOS="533" WIDTH="74" HEIGHT="34" WC="0.95" CONTENT="Det"/><SP WIDTH="19" VPOS="533" HPOS="1897"/>
							<String ID="string_64" HPOS="1916" VPOS="532" WIDTH="112" HEIGHT="47" WC="0.95" CONTENT="gäller"/>
						</TextLine>
						<TextLine ID="line_7" HPOS="402" VPOS="585" WIDTH="1625" HEIGHT="48">
							<String ID="string_65" HPOS="402" VPOS="589" WIDTH="46" HEIGHT="34" WC="0.96" CONTENT="då"/><SP WIDTH="29" VPOS="589" HPOS="448"/>
							<String ID="string_66" HPOS="477" VPOS="590" WIDTH="55" HEIGHT="32" WC="0.96" CONTENT="att"/><SP WIDTH="29" VPOS="590" HPOS="532"/>
							<String ID="string_67" HPOS="561" VPOS="586" WIDTH="217" HEIGHT="44" WC="0.96" CONTENT="undersöka,"/><SP WIDTH="32" VPOS="586" HPOS="778"/>
							<String ID="string_68" HPOS="810" VPOS="598" WIDTH="57" HEIGHT="22" WC="0.96" CONTENT="om"/><SP WIDTH="30" VPOS="598" HPOS="867"/>
							<String ID="string_69" HPOS="897" VPOS="598" WIDTH="46" HEIGHT="22" WC="0.96" CONTENT="en"/><SP WIDTH="29" VPOS="598" HPOS="943"/>
							<String ID="string_70" HPOS="972" VPOS="586" WIDTH="114" HEIGHT="35" WC="0.96" CONTENT="sådan"/><SP WIDTH="29" VPOS="586" HPOS="1086"/>
							<String ID="string_71" HPOS="1115" VPOS="585" WIDTH="205" HEIGHT="47" WC="0.93" CONTENT="anordning"/><SP WIDTH="19" VPOS="585" HPOS="1320"/>
							<String ID="string_72" HPOS="1339" VPOS="585" WIDTH="88" HEIGHT="48" WC="0.91" CONTENT="eljes"/><SP WIDTH="20" VPOS="585" HPOS="1427"/>
							<String ID="string_73" HPOS="1447" VPOS="591" WIDTH="39" HEIGHT="29" WC="0.96" CONTENT="är"/><SP WIDTH="19" VPOS="591" HPOS="1486"/>
							<String ID="string_74" HPOS="1505" VPOS="585" WIDTH="150" HEIGHT="47" WC="0.96" CONTENT="lämplig"/><SP WIDTH="20" VPOS="585" HPOS="1655"/>
							<String ID="string_75" HPOS="1675" VPOS="586" WIDTH="66" HEIGHT="35" WC="0.93" CONTENT="och"/><SP WIDTH="20" VPOS="586" HPOS="1741"/>
							<String ID="string_76" HPOS="1761" VPOS="585" WIDTH="266" HEIGHT="47" WC="0.92" CONTENT="genomförbar."/>
						</TextLine>
					</TextBlock>
					<TextBlock ID="block_3" HPOS="401" VPOS="639" WIDTH="1631" HEIGHT="1167">
						<TextLine ID="line_8" HPOS="511" VPOS="639" WIDTH="1518" HEIGHT="47">
							<String ID="string_77" HPOS="511" VPOS="641" WIDTH="19" HEIGHT="34" WC="0.96" CONTENT="I"/><SP WIDTH="28" VPOS="641" HPOS="530"/>
							<String ID="string_78" HPOS="558" VPOS="639" WIDTH="104" HEIGHT="47" WC="0.96" CONTENT="fråga"/><SP WIDTH="28" VPOS="639" HPOS="662"/>
							<String ID="string_79" HPOS="690" VPOS="639" WIDTH="91" HEIGHT="36" WC="0.96" CONTENT="först"/><SP WIDTH="25" VPOS="639" HPOS="781"/>
							<String ID="string_80" HPOS="806" VPOS="652" WIDTH="58" HEIGHT="22" WC="0.96" CONTENT="om"/><SP WIDTH="19" VPOS="652" HPOS="864"/>
							<String ID="string_81" HPOS="883" VPOS="639" WIDTH="263" HEIGHT="47" WC="0.96" CONTENT="lämpligheten"/><SP WIDTH="18" VPOS="639" HPOS="1146"/>
							<String ID="string_82" HPOS="1164" VPOS="639" WIDTH="65" HEIGHT="35" WC="0.96" CONTENT="bör"/><SP WIDTH="20" VPOS="639" HPOS="1229"/>
							<String ID="string_83" HPOS="1249" VPOS="639" WIDTH="210" HEIGHT="35" WC="0.96" CONTENT="densamma"/><SP WIDTH="18" VPOS="639" HPOS="1459"/>
							<String ID="string_84" HPOS="1477" VPOS="639" WIDTH="167" HEIGHT="47" WC="0.96" CONTENT="tydligen"/><SP WIDTH="18" VPOS="639" HPOS="1644"/>
							<String ID="string_85" HPOS="1662" VPOS="639" WIDTH="171" HEIGHT="35" WC="0.96" CONTENT="bedömas"/><SP WIDTH="20" VPOS="639" HPOS="1833"/>
							<String ID="string_86" HPOS="1853" VPOS="639" WIDTH="108" HEIGHT="44" WC="0.96" CONTENT="olika,"/><SP WIDTH="23" VPOS="639" HPOS="1961"/>
							<String ID="string_87" HPOS="1984" VPOS="640" WIDTH="45" HEIGHT="33" WC="0.96" CONTENT="då"/>
						</TextLine>
						<TextLine ID="line_9" HPOS="402" VPOS="691" WIDTH="1628" HEIGHT="49">
							<String ID="string_88" HPOS="402" VPOS="695" WIDTH="61" HEIGHT="34" WC="0.96" CONTENT="det"/><SP WIDTH="29" VPOS="695" HPOS="463"/>
							<String ID="string_89" HPOS="492" VPOS="694" WIDTH="114" HEIGHT="46" WC="0.93" CONTENT="gäller"/><SP WIDTH="29" VPOS="694" HPOS="606"/>
							<String ID="string_90" HPOS="635" VPOS="692" WIDTH="469" HEIGHT="47" WC="0.89" CONTENT="skogsskattekommitténs"/><SP WIDTH="29" VPOS="692" HPOS="1104"/>
							<String ID="string_91" HPOS="1133" VPOS="691" WIDTH="135" HEIGHT="47" WC="0.96" CONTENT="förslag"/><SP WIDTH="29" VPOS="691" HPOS="1268"/>
							<String ID="string_92" HPOS="1297" VPOS="692" WIDTH="66" HEIGHT="35" WC="0.96" CONTENT="och"/><SP WIDTH="29" VPOS="692" HPOS="1363"/>
							<String ID="string_93" HPOS="1392" VPOS="693" WIDTH="97" HEIGHT="35" WC="0.96" CONTENT="hvad"/><SP WIDTH="28" VPOS="693" HPOS="1489"/>
							<String ID="string_94" HPOS="1517" VPOS="695" WIDTH="113" HEIGHT="44" WC="0.96" CONTENT="angår"/><SP WIDTH="25" VPOS="695" HPOS="1630"/>
							<String ID="string_95" HPOS="1655" VPOS="693" WIDTH="62" HEIGHT="34" WC="0.95" CONTENT="det"/><SP WIDTH="15" VPOS="693" HPOS="1717"/>
							<String ID="string_96" HPOS="1732" VPOS="705" WIDTH="52" HEIGHT="22" WC="0.95" CONTENT="nu"/><SP WIDTH="19" VPOS="705" HPOS="1784"/>
							<String ID="string_97" HPOS="1803" VPOS="692" WIDTH="227" HEIGHT="35" WC="0.95" CONTENT="framställda"/>
						</TextLine>
						<TextLine ID="line_10" HPOS="401" VPOS="745" WIDTH="1629" HEIGHT="48">
							<String ID="string_98" HPOS="401" VPOS="747" WIDTH="185" HEIGHT="46" WC="0.96" CONTENT="förslaget."/><SP WIDTH="60" VPOS="747" HPOS="586"/>
							<String ID="string_99" HPOS="646" VPOS="747" WIDTH="19" HEIGHT="34" WC="0.95" CONTENT="I"/><SP WIDTH="29" VPOS="747" HPOS="665"/>
							<String ID="string_100" HPOS="694" VPOS="747" WIDTH="62" HEIGHT="34" WC="0.96" CONTENT="det"/><SP WIDTH="28" VPOS="747" HPOS="756"/>
							<String ID="string_101" HPOS="784" VPOS="746" WIDTH="96" HEIGHT="35" WC="0.96" CONTENT="förra"/><SP WIDTH="29" VPOS="746" HPOS="880"/>
							<String ID="string_102" HPOS="909" VPOS="746" WIDTH="184" HEIGHT="47" WC="0.96" CONTENT="förslaget,"/><SP WIDTH="33" VPOS="746" HPOS="1093"/>
							<String ID="string_103" HPOS="1126" VPOS="758" WIDTH="76" HEIGHT="23" WC="0.93" CONTENT="som"/><SP WIDTH="29" VPOS="758" HPOS="1202"/>
							<String ID="string_104" HPOS="1231" VPOS="745" WIDTH="95" HEIGHT="35" WC="0.92" CONTENT="afser"/><SP WIDTH="29" VPOS="745" HPOS="1326"/>
							<String ID="string_105" HPOS="1355" VPOS="748" WIDTH="55" HEIGHT="33" WC="0.96" CONTENT="att"/><SP WIDTH="27" VPOS="748" HPOS="1410"/>
							<String ID="string_106" HPOS="1437" VPOS="745" WIDTH="210" HEIGHT="47" WC="0.96" CONTENT="genomföra"/><SP WIDTH="30" VPOS="745" HPOS="1647"/>
							<String ID="string_107" HPOS="1677" VPOS="758" WIDTH="46" HEIGHT="22" WC="0.96" CONTENT="en"/><SP WIDTH="28" VPOS="758" HPOS="1723"/>
							<String ID="string_108" HPOS="1751" VPOS="745" WIDTH="84" HEIGHT="35" WC="0.96" CONTENT="från"/><SP WIDTH="27" VPOS="745" HPOS="1835"/>
							<String ID="string_109" HPOS="1862" VPOS="746" WIDTH="168" HEIGHT="46" WC="0.96" CONTENT="grunden"/>
						</TextLine>
						<TextLine ID="line_11" HPOS="402" VPOS="798" WIDTH="1630" HEIGHT="47">
							<String ID="string_110" HPOS="402" VPOS="800" WIDTH="224" HEIGHT="36" WC="0.96" CONTENT="reformerad"/><SP WIDTH="43" VPOS="800" HPOS="626"/>
							<String ID="string_111" HPOS="669" VPOS="800" WIDTH="66" HEIGHT="35" WC="0.96" CONTENT="och"/><SP WIDTH="43" VPOS="800" HPOS="735"/>
							<String ID="string_112" HPOS="778" VPOS="799" WIDTH="219" HEIGHT="36" WC="0.96" CONTENT="åtminstone"/><SP WIDTH="42" VPOS="799" HPOS="997"/>
							<String ID="string_113" HPOS="1039" VPOS="799" WIDTH="57" HEIGHT="35" WC="0.96" CONTENT="för"/><SP WIDTH="43" VPOS="799" HPOS="1096"/>
							<String ID="string_114" HPOS="1139" VPOS="811" WIDTH="45" HEIGHT="23" WC="0.96" CONTENT="en"/><SP WIDTH="42" VPOS="811" HPOS="1184"/>
							<String ID="string_115" HPOS="1226" VPOS="799" WIDTH="126" HEIGHT="46" WC="0.94" CONTENT="längre"/><SP WIDTH="42" VPOS="799" HPOS="1352"/>
							<String ID="string_116" HPOS="1394" VPOS="798" WIDTH="150" HEIGHT="36" WC="0.95" CONTENT="framtid"/><SP WIDTH="29" VPOS="798" HPOS="1544"/>
							<String ID="string_117" HPOS="1573" VPOS="799" WIDTH="181" HEIGHT="46" WC="0.96" CONTENT="slutgiltig"/><SP WIDTH="27" VPOS="799" HPOS="1754"/>
							<String ID="string_118" HPOS="1781" VPOS="799" WIDTH="183" HEIGHT="46" WC="0.95" CONTENT="reglering"/><SP WIDTH="28" VPOS="799" HPOS="1964"/>
							<String ID="string_119" HPOS="1992" VPOS="799" WIDTH="40" HEIGHT="34" WC="0.96" CONTENT="af"/>
						</TextLine>
						<TextLine ID="line_12" HPOS="402" VPOS="852" WIDTH="1627" HEIGHT="48">
							<String ID="string_120" HPOS="402" VPOS="853" WIDTH="407" HEIGHT="47" WC="0.92" CONTENT="skogsbeskattningen,"/><SP WIDTH="23" VPOS="853" HPOS="809"/>
							<String ID="string_121" HPOS="832" VPOS="853" WIDTH="76" HEIGHT="34" WC="0.92" CONTENT="kan"/><SP WIDTH="18" VPOS="853" HPOS="908"/>
							<String ID="string_122" HPOS="926" VPOS="852" WIDTH="247" HEIGHT="47" WC="0.91" CONTENT="tilläfventyrs"/><SP WIDTH="20" VPOS="852" HPOS="1173"/>
							<String ID="string_123" HPOS="1193" VPOS="855" WIDTH="91" HEIGHT="32" WC="0.96" CONTENT="utan"/><SP WIDTH="15" VPOS="855" HPOS="1284"/>
							<String ID="string_124" HPOS="1299" VPOS="853" WIDTH="191" HEIGHT="45" WC="0.96" CONTENT="olägenhet"/><SP WIDTH="15" VPOS="853" HPOS="1490"/>
							<String ID="string_125" HPOS="1505" VPOS="855" WIDTH="180" HEIGHT="44" WC="0.96" CONTENT="upptagas"/><SP WIDTH="16" VPOS="855" HPOS="1685"/>
							<String ID="string_126" HPOS="1701" VPOS="865" WIDTH="46" HEIGHT="22" WC="0.93" CONTENT="en"/><SP WIDTH="14" VPOS="865" HPOS="1747"/>
							<String ID="string_127" HPOS="1761" VPOS="852" WIDTH="268" HEIGHT="47" WC="0.92" CONTENT="beskattnings-"/>
						</TextLine>
						<TextLine ID="line_13" HPOS="402" VPOS="905" WIDTH="1628" HEIGHT="49">
							<String ID="string_128" HPOS="402" VPOS="907" WIDTH="137" HEIGHT="47" WC="0.95" CONTENT="period,"/><SP WIDTH="46" VPOS="907" HPOS="539"/>
							<String ID="string_129" HPOS="585" VPOS="919" WIDTH="76" HEIGHT="23" WC="0.95" CONTENT="som"/><SP WIDTH="38" VPOS="919" HPOS="661"/>
							<String ID="string_130" HPOS="699" VPOS="906" WIDTH="81" HEIGHT="36" WC="0.95" CONTENT="icke"/><SP WIDTH="29" VPOS="906" HPOS="780"/>
							<String ID="string_131" HPOS="809" VPOS="906" WIDTH="270" HEIGHT="35" WC="0.96" CONTENT="sammanfaller"/><SP WIDTH="29" VPOS="906" HPOS="1079"/>
							<String ID="string_132" HPOS="1108" VPOS="906" WIDTH="83" HEIGHT="35" WC="0.96" CONTENT="med"/><SP WIDTH="29" VPOS="906" HPOS="1191"/>
							<String ID="string_133" HPOS="1220" VPOS="906" WIDTH="71" HEIGHT="35" WC="0.93" CONTENT="den"/><SP WIDTH="27" VPOS="906" HPOS="1291"/>
							<String ID="string_134" HPOS="1318" VPOS="905" WIDTH="173" HEIGHT="48" WC="0.92" CONTENT="tidrymd,"/><SP WIDTH="32" VPOS="905" HPOS="1491"/>
							<String ID="string_135" HPOS="1523" VPOS="905" WIDTH="153" HEIGHT="37" WC="0.96" CONTENT="hvilken"/><SP WIDTH="28" VPOS="905" HPOS="1676"/>
							<String ID="string_136" HPOS="1704" VPOS="906" WIDTH="285" HEIGHT="46" WC="0.95" CONTENT="beskattningen"/><SP WIDTH="29" VPOS="906" HPOS="1989"/>
							<String ID="string_137" HPOS="2018" VPOS="906" WIDTH="12" HEIGHT="34" WC="0.96" CONTENT="i"/>
						</TextLine>
						<TextLine ID="line_14" HPOS="403" VPOS="958" WIDTH="1627" HEIGHT="49">
							<String ID="string_138" HPOS="403" VPOS="960" WIDTH="112" HEIGHT="47" WC="0.93" CONTENT="öfrigt"/><SP WIDTH="29" VPOS="960" HPOS="515"/>
							<String ID="string_139" HPOS="544" VPOS="960" WIDTH="107" HEIGHT="35" WC="0.86" CONTENT="afser."/><SP WIDTH="60" VPOS="960" HPOS="651"/>
							<String ID="string_140" HPOS="711" VPOS="961" WIDTH="68" HEIGHT="34" WC="0.96" CONTENT="För"/><SP WIDTH="29" VPOS="961" HPOS="779"/>
							<String ID="string_141" HPOS="808" VPOS="972" WIDTH="46" HEIGHT="22" WC="0.96" CONTENT="en"/><SP WIDTH="28" VPOS="972" HPOS="854"/>
							<String ID="string_142" HPOS="882" VPOS="960" WIDTH="100" HEIGHT="35" WC="0.96" CONTENT="skatt"/><SP WIDTH="30" VPOS="960" HPOS="982"/>
							<String ID="string_143" HPOS="1012" VPOS="960" WIDTH="171" HEIGHT="43" WC="0.96" CONTENT="däremot,"/><SP WIDTH="32" VPOS="960" HPOS="1183"/>
							<String ID="string_144" HPOS="1215" VPOS="959" WIDTH="153" HEIGHT="36" WC="0.96" CONTENT="hvilken"/><SP WIDTH="19" VPOS="959" HPOS="1368"/>
							<String ID="string_145" HPOS="1387" VPOS="962" WIDTH="116" HEIGHT="32" WC="0.96" CONTENT="såsom"/><SP WIDTH="20" VPOS="962" HPOS="1503"/>
							<String ID="string_146" HPOS="1523" VPOS="960" WIDTH="72" HEIGHT="34" WC="0.95" CONTENT="den"/><SP WIDTH="18" VPOS="960" HPOS="1595"/>
							<String ID="string_147" HPOS="1613" VPOS="972" WIDTH="52" HEIGHT="21" WC="0.95" CONTENT="nu"/><SP WIDTH="18" VPOS="972" HPOS="1665"/>
							<String ID="string_148" HPOS="1683" VPOS="958" WIDTH="206" HEIGHT="48" WC="0.93" CONTENT="föreslagna"/><SP WIDTH="20" VPOS="958" HPOS="1889"/>
							<String ID="string_149" HPOS="1909" VPOS="960" WIDTH="121" HEIGHT="45" WC="0.91" CONTENT="skogs-"/>
						</TextLine>
						<TextLine ID="line_15" HPOS="403" VPOS="1012" WIDTH="1624" HEIGHT="47">
							<String ID="string_150" HPOS="403" VPOS="1014" WIDTH="143" HEIGHT="35" WC="0.91" CONTENT="accisen"/><SP WIDTH="42" VPOS="1014" HPOS="546"/>
							<String ID="string_151" HPOS="588" VPOS="1020" WIDTH="39" HEIGHT="28" WC="0.92" CONTENT="är"/><SP WIDTH="34" VPOS="1020" HPOS="627"/>
							<String ID="string_152" HPOS="661" VPOS="1013" WIDTH="127" HEIGHT="35" WC="0.92" CONTENT="afsedd"/><SP WIDTH="33" VPOS="1013" HPOS="788"/>
							<String ID="string_153" HPOS="821" VPOS="1015" WIDTH="54" HEIGHT="33" WC="0.96" CONTENT="att"/><SP WIDTH="29" VPOS="1015" HPOS="875"/>
							<String ID="string_154" HPOS="904" VPOS="1015" WIDTH="129" HEIGHT="44" WC="0.93" CONTENT="utgöra"/><SP WIDTH="29" VPOS="1015" HPOS="1033"/>
							<String ID="string_155" HPOS="1062" VPOS="1013" WIDTH="153" HEIGHT="34" WC="0.90" CONTENT="allenast"/><SP WIDTH="30" VPOS="1013" HPOS="1215"/>
							<String ID="string_156" HPOS="1245" VPOS="1025" WIDTH="46" HEIGHT="22" WC="0.93" CONTENT="en"/><SP WIDTH="27" VPOS="1025" HPOS="1291"/>
							<String ID="string_157" HPOS="1318" VPOS="1012" WIDTH="143" HEIGHT="47" WC="0.92" CONTENT="fyllnad"/><SP WIDTH="28" VPOS="1012" HPOS="1461"/>
							<String ID="string_158" HPOS="1489" VPOS="1012" WIDTH="41" HEIGHT="35" WC="0.96" CONTENT="af"/><SP WIDTH="25" VPOS="1012" HPOS="1530"/>
							<String ID="string_159" HPOS="1555" VPOS="1025" WIDTH="46" HEIGHT="22" WC="0.96" CONTENT="en"/><SP WIDTH="28" VPOS="1025" HPOS="1601"/>
							<String ID="string_160" HPOS="1629" VPOS="1012" WIDTH="260" HEIGHT="36" WC="0.96" CONTENT="förutvarande"/><SP WIDTH="30" VPOS="1012" HPOS="1889"/>
							<String ID="string_161" HPOS="1919" VPOS="1013" WIDTH="108" HEIGHT="43" WC="0.96" CONTENT="skatt,"/>
						</TextLine>
						<TextLine ID="line_16" HPOS="404" VPOS="1065" WIDTH="1624" HEIGHT="48">
							<String ID="string_162" HPOS="404" VPOS="1067" WIDTH="464" HEIGHT="46" WC="0.91" CONTENT="kommunalutskylderna,"/><SP WIDTH="46" VPOS="1067" HPOS="868"/>
							<String ID="string_163" HPOS="914" VPOS="1078" WIDTH="76" HEIGHT="23" WC="0.96" CONTENT="som"/><SP WIDTH="42" VPOS="1078" HPOS="990"/>
							<String ID="string_164" HPOS="1032" VPOS="1066" WIDTH="86" HEIGHT="35" WC="0.94" CONTENT="bero"/><SP WIDTH="43" VPOS="1066" HPOS="1118"/>
							<String ID="string_165" HPOS="1161" VPOS="1066" WIDTH="40" HEIGHT="35" WC="0.96" CONTENT="af"/><SP WIDTH="40" VPOS="1066" HPOS="1201"/>
							<String ID="string_166" HPOS="1241" VPOS="1067" WIDTH="71" HEIGHT="34" WC="0.96" CONTENT="den"/><SP WIDTH="41" VPOS="1067" HPOS="1312"/>
							<String ID="string_167" HPOS="1353" VPOS="1065" WIDTH="56" HEIGHT="36" WC="0.96" CONTENT="för"/><SP WIDTH="43" VPOS="1065" HPOS="1409"/>
							<String ID="string_168" HPOS="1452" VPOS="1066" WIDTH="81" HEIGHT="46" WC="0.93" CONTENT="låga"/><SP WIDTH="27" VPOS="1066" HPOS="1533"/>
							<String ID="string_169" HPOS="1560" VPOS="1065" WIDTH="252" HEIGHT="47" WC="0.91" CONTENT="bevillningen"/><SP WIDTH="27" VPOS="1065" HPOS="1812"/>
							<String ID="string_170" HPOS="1839" VPOS="1065" WIDTH="57" HEIGHT="36" WC="0.96" CONTENT="för"/><SP WIDTH="33" VPOS="1065" HPOS="1896"/>
							<String ID="string_171" HPOS="1929" VPOS="1066" WIDTH="99" HEIGHT="46" WC="0.96" CONTENT="skog,"/>
						</TextLine>
						<TextLine ID="line_17" HPOS="402" VPOS="1119" WIDTH="1629" HEIGHT="48">
							<String ID="string_172" HPOS="402" VPOS="1123" WIDTH="116" HEIGHT="33" WC="0.96" CONTENT="måste"/><SP WIDTH="43" VPOS="1123" HPOS="518"/>
							<String ID="string_173" HPOS="561" VPOS="1121" WIDTH="62" HEIGHT="34" WC="0.93" CONTENT="det"/><SP WIDTH="41" VPOS="1121" HPOS="623"/>
							<String ID="string_174" HPOS="664" VPOS="1120" WIDTH="240" HEIGHT="46" WC="0.72" CONTENT="naturligaste"/><SP WIDTH="43" VPOS="1120" HPOS="904"/>
							<String ID="string_175" HPOS="947" VPOS="1132" WIDTH="97" HEIGHT="32" WC="0.96" CONTENT="vara,"/><SP WIDTH="46" VPOS="1132" HPOS="1044"/>
							<String ID="string_176" HPOS="1090" VPOS="1122" WIDTH="55" HEIGHT="32" WC="0.96" CONTENT="att"/><SP WIDTH="42" VPOS="1122" HPOS="1145"/>
							<String ID="string_177" HPOS="1187" VPOS="1120" WIDTH="71" HEIGHT="34" WC="0.96" CONTENT="den"/><SP WIDTH="42" VPOS="1120" HPOS="1258"/>
							<String ID="string_178" HPOS="1300" VPOS="1122" WIDTH="106" HEIGHT="43" WC="0.94" CONTENT="utgår"/><SP WIDTH="42" VPOS="1122" HPOS="1406"/>
							<String ID="string_179" HPOS="1448" VPOS="1119" WIDTH="56" HEIGHT="35" WC="0.96" CONTENT="för"/><SP WIDTH="43" VPOS="1119" HPOS="1504"/>
							<String ID="string_180" HPOS="1547" VPOS="1131" WIDTH="137" HEIGHT="23" WC="0.96" CONTENT="samma"/><SP WIDTH="28" VPOS="1131" HPOS="1684"/>
							<String ID="string_181" HPOS="1712" VPOS="1119" WIDTH="55" HEIGHT="35" WC="0.96" CONTENT="tid"/><SP WIDTH="29" VPOS="1119" HPOS="1767"/>
							<String ID="string_182" HPOS="1796" VPOS="1131" WIDTH="75" HEIGHT="23" WC="0.90" CONTENT="som"/><SP WIDTH="31" VPOS="1131" HPOS="1871"/>
							<String ID="string_183" HPOS="1902" VPOS="1119" WIDTH="129" HEIGHT="48" WC="0.90" CONTENT="själfva"/>
						</TextLine>
						<TextLine ID="line_18" HPOS="403" VPOS="1172" WIDTH="1629" HEIGHT="48">
							<String ID="string_184" HPOS="403" VPOS="1174" WIDTH="465" HEIGHT="46" WC="0.90" CONTENT="kommunalutskylderna,"/><SP WIDTH="46" VPOS="1174" HPOS="868"/>
							<String ID="string_185" HPOS="914" VPOS="1172" WIDTH="126" HEIGHT="37" WC="0.96" CONTENT="hvilka"/><SP WIDTH="43" VPOS="1172" HPOS="1040"/>
							<String ID="string_186" HPOS="1083" VPOS="1173" WIDTH="277" HEIGHT="46" WC="0.94" CONTENT="undantagslöst"/><SP WIDTH="43" VPOS="1173" HPOS="1360"/>
							<String ID="string_187" HPOS="1403" VPOS="1172" WIDTH="142" HEIGHT="47" WC="0.96" CONTENT="påföras"/><SP WIDTH="43" VPOS="1172" HPOS="1545"/>
							<String ID="string_188" HPOS="1588" VPOS="1172" WIDTH="55" HEIGHT="35" WC="0.96" CONTENT="för"/><SP WIDTH="30" VPOS="1172" HPOS="1643"/>
							<String ID="string_189" HPOS="1673" VPOS="1173" WIDTH="226" HEIGHT="34" WC="0.95" CONTENT="kalenderår."/><SP WIDTH="59" VPOS="1173" HPOS="1899"/>
							<String ID="string_190" HPOS="1958" VPOS="1174" WIDTH="74" HEIGHT="33" WC="0.95" CONTENT="Det"/>
						</TextLine>
						<TextLine ID="line_19" HPOS="405" VPOS="1225" WIDTH="1626" HEIGHT="47">
							<String ID="string_191" HPOS="405" VPOS="1227" WIDTH="119" HEIGHT="35" WC="0.96" CONTENT="skulle"/><SP WIDTH="35" VPOS="1227" HPOS="524"/>
							<String ID="string_192" HPOS="559" VPOS="1227" WIDTH="128" HEIGHT="34" WC="0.93" CONTENT="kunna"/><SP WIDTH="27" VPOS="1227" HPOS="687"/>
							<String ID="string_193" HPOS="714" VPOS="1227" WIDTH="189" HEIGHT="43" WC="0.90" CONTENT="invändas,"/><SP WIDTH="33" VPOS="1227" HPOS="903"/>
							<String ID="string_194" HPOS="936" VPOS="1228" WIDTH="53" HEIGHT="33" WC="0.96" CONTENT="att"/><SP WIDTH="29" VPOS="1228" HPOS="989"/>
							<String ID="string_195" HPOS="1018" VPOS="1227" WIDTH="101" HEIGHT="34" WC="0.96" CONTENT="detta"/><SP WIDTH="29" VPOS="1227" HPOS="1119"/>
							<String ID="string_196" HPOS="1148" VPOS="1226" WIDTH="80" HEIGHT="35" WC="0.96" CONTENT="skäl"/><SP WIDTH="28" VPOS="1226" HPOS="1228"/>
							<String ID="string_197" HPOS="1256" VPOS="1225" WIDTH="57" HEIGHT="35" WC="0.96" CONTENT="får"/><SP WIDTH="29" VPOS="1225" HPOS="1313"/>
							<String ID="string_198" HPOS="1342" VPOS="1238" WIDTH="46" HEIGHT="23" WC="0.96" CONTENT="en"/><SP WIDTH="28" VPOS="1238" HPOS="1388"/>
							<String ID="string_199" HPOS="1416" VPOS="1225" WIDTH="142" HEIGHT="35" WC="0.96" CONTENT="mindre"/><SP WIDTH="28" VPOS="1225" HPOS="1558"/>
							<String ID="string_200" HPOS="1586" VPOS="1226" WIDTH="198" HEIGHT="46" WC="0.96" CONTENT="betydelse,"/><SP WIDTH="32" VPOS="1226" HPOS="1784"/>
							<String ID="string_201" HPOS="1816" VPOS="1226" WIDTH="46" HEIGHT="34" WC="0.93" CONTENT="då"/><SP WIDTH="29" VPOS="1226" HPOS="1862"/>
							<String ID="string_202" HPOS="1891" VPOS="1226" WIDTH="140" HEIGHT="35" WC="0.49" CONTENT="acceisen"/>
						</TextLine>
						<TextLine ID="line_20" HPOS="403" VPOS="1278" WIDTH="1629" HEIGHT="48">
							<String ID="string_203" HPOS="403" VPOS="1280" WIDTH="83" HEIGHT="35" WC="0.96" CONTENT="icke"/><SP WIDTH="30" VPOS="1280" HPOS="486"/>
							<String ID="string_204" HPOS="516" VPOS="1280" WIDTH="94" HEIGHT="35" WC="0.95" CONTENT="skall"/><SP WIDTH="29" VPOS="1280" HPOS="610"/>
							<String ID="string_205" HPOS="639" VPOS="1280" WIDTH="163" HEIGHT="46" WC="0.96" CONTENT="erläggas"/><SP WIDTH="30" VPOS="1280" HPOS="802"/>
							<String ID="string_206" HPOS="832" VPOS="1279" WIDTH="40" HEIGHT="35" WC="0.96" CONTENT="af"/><SP WIDTH="26" VPOS="1279" HPOS="872"/>
							<String ID="string_207" HPOS="898" VPOS="1279" WIDTH="330" HEIGHT="47" WC="0.96" CONTENT="fastighetsägaren"/><SP WIDTH="28" VPOS="1279" HPOS="1228"/>
							<String ID="string_208" HPOS="1256" VPOS="1282" WIDTH="90" HEIGHT="32" WC="0.96" CONTENT="utan"/><SP WIDTH="29" VPOS="1282" HPOS="1346"/>
							<String ID="string_209" HPOS="1375" VPOS="1278" WIDTH="39" HEIGHT="35" WC="0.93" CONTENT="af"/><SP WIDTH="26" VPOS="1278" HPOS="1414"/>
							<String ID="string_210" HPOS="1440" VPOS="1279" WIDTH="228" HEIGHT="44" WC="0.91" CONTENT="afverkaren,"/><SP WIDTH="32" VPOS="1279" HPOS="1668"/>
							<String ID="string_211" HPOS="1700" VPOS="1291" WIDTH="84" HEIGHT="22" WC="0.96" CONTENT="men"/><SP WIDTH="29" VPOS="1291" HPOS="1784"/>
							<String ID="string_212" HPOS="1813" VPOS="1279" WIDTH="130" HEIGHT="35" WC="0.96" CONTENT="härvid"/><SP WIDTH="24" VPOS="1279" HPOS="1943"/>
							<String ID="string_213" HPOS="1967" VPOS="1280" WIDTH="65" HEIGHT="34" WC="0.96" CONTENT="bör"/>
						</TextLine>
						<TextLine ID="line_21" HPOS="404" VPOS="1332" WIDTH="1627" HEIGHT="48">
							<String ID="string_214" HPOS="404" VPOS="1334" WIDTH="93" HEIGHT="35" WC="0.93" CONTENT="dock"/><SP WIDTH="28" VPOS="1334" HPOS="497"/>
							<String ID="string_215" HPOS="525" VPOS="1334" WIDTH="262" HEIGHT="46" WC="0.91" CONTENT="ihågkommas,"/><SP WIDTH="33" VPOS="1334" HPOS="787"/>
							<String ID="string_216" HPOS="820" VPOS="1335" WIDTH="53" HEIGHT="33" WC="0.96" CONTENT="att"/><SP WIDTH="29" VPOS="1335" HPOS="873"/>
							<String ID="string_217" HPOS="902" VPOS="1332" WIDTH="14" HEIGHT="35" WC="0.90" CONTENT="i"/><SP WIDTH="29" VPOS="1332" HPOS="916"/>
							<String ID="string_218" HPOS="945" VPOS="1335" WIDTH="52" HEIGHT="33" WC="0.96" CONTENT="ett"/><SP WIDTH="30" VPOS="1335" HPOS="997"/>
							<String ID="string_219" HPOS="1027" VPOS="1335" WIDTH="91" HEIGHT="33" WC="0.96" CONTENT="stort"/><SP WIDTH="29" VPOS="1335" HPOS="1118"/>
							<String ID="string_220" HPOS="1147" VPOS="1333" WIDTH="100" HEIGHT="34" WC="0.95" CONTENT="antal"/><SP WIDTH="28" VPOS="1333" HPOS="1247"/>
							<String ID="string_221" HPOS="1275" VPOS="1332" WIDTH="65" HEIGHT="35" WC="0.96" CONTENT="fall"/><SP WIDTH="29" VPOS="1332" HPOS="1340"/>
							<String ID="string_222" HPOS="1369" VPOS="1332" WIDTH="330" HEIGHT="47" WC="0.95" CONTENT="fastighetsägaren"/><SP WIDTH="28" VPOS="1332" HPOS="1699"/>
							<String ID="string_223" HPOS="1727" VPOS="1333" WIDTH="66" HEIGHT="34" WC="0.92" CONTENT="och"/><SP WIDTH="21" VPOS="1333" HPOS="1793"/>
							<String ID="string_224" HPOS="1814" VPOS="1332" WIDTH="217" HEIGHT="36" WC="0.90" CONTENT="afverkaren"/>
						</TextLine>
						<TextLine ID="line_22" HPOS="403" VPOS="1385" WIDTH="1628" HEIGHT="47">
							<String ID="string_225" HPOS="403" VPOS="1388" WIDTH="104" HEIGHT="34" WC="0.96" CONTENT="torde"/><SP WIDTH="42" VPOS="1388" HPOS="507"/>
							<String ID="string_226" HPOS="549" VPOS="1386" WIDTH="116" HEIGHT="36" WC="0.95" CONTENT="blifva"/><SP WIDTH="43" VPOS="1386" HPOS="665"/>
							<String ID="string_227" HPOS="708" VPOS="1399" WIDTH="136" HEIGHT="22" WC="0.96" CONTENT="samma"/><SP WIDTH="29" VPOS="1399" HPOS="844"/>
							<String ID="string_228" HPOS="873" VPOS="1398" WIDTH="141" HEIGHT="34" WC="0.95" CONTENT="person."/><SP WIDTH="60" VPOS="1398" HPOS="1014"/>
							<String ID="string_229" HPOS="1074" VPOS="1386" WIDTH="137" HEIGHT="35" WC="0.95" CONTENT="Vidare"/><SP WIDTH="29" VPOS="1386" HPOS="1211"/>
							<String ID="string_230" HPOS="1240" VPOS="1391" WIDTH="39" HEIGHT="30" WC="0.96" CONTENT="är"/><SP WIDTH="29" VPOS="1391" HPOS="1279"/>
							<String ID="string_231" HPOS="1308" VPOS="1388" WIDTH="54" HEIGHT="33" WC="0.96" CONTENT="att"/><SP WIDTH="29" VPOS="1388" HPOS="1362"/>
							<String ID="string_232" HPOS="1391" VPOS="1386" WIDTH="137" HEIGHT="43" WC="0.95" CONTENT="märka,"/><SP WIDTH="32" VPOS="1386" HPOS="1528"/>
							<String ID="string_233" HPOS="1560" VPOS="1388" WIDTH="54" HEIGHT="33" WC="0.93" CONTENT="att"/><SP WIDTH="29" VPOS="1388" HPOS="1614"/>
							<String ID="string_234" HPOS="1643" VPOS="1385" WIDTH="142" HEIGHT="35" WC="0.83" CONTENT="accisen"/><SP WIDTH="28" VPOS="1385" HPOS="1785"/>
							<String ID="string_235" HPOS="1813" VPOS="1385" WIDTH="13" HEIGHT="34" WC="0.90" CONTENT="i"/><SP WIDTH="29" VPOS="1385" HPOS="1826"/>
							<String ID="string_236" HPOS="1855" VPOS="1385" WIDTH="58" HEIGHT="35" WC="0.93" CONTENT="sin"/><SP WIDTH="28" VPOS="1385" HPOS="1913"/>
							<String ID="string_237" HPOS="1941" VPOS="1385" WIDTH="90" HEIGHT="35" WC="0.92" CONTENT="före-"/>
						</TextLine>
						<TextLine ID="line_23" HPOS="404" VPOS="1438" WIDTH="1627" HEIGHT="49">
							<String ID="string_238" HPOS="404" VPOS="1441" WIDTH="127" HEIGHT="46" WC="0.96" CONTENT="slagna"/><SP WIDTH="42" VPOS="1441" HPOS="531"/>
							<String ID="string_239" HPOS="573" VPOS="1440" WIDTH="95" HEIGHT="35" WC="0.96" CONTENT="form"/><SP WIDTH="43" VPOS="1440" HPOS="668"/>
							<String ID="string_240" HPOS="711" VPOS="1440" WIDTH="56" HEIGHT="34" WC="0.95" CONTENT="får"/><SP WIDTH="40" VPOS="1440" HPOS="767"/>
							<String ID="string_241" HPOS="807" VPOS="1439" WIDTH="190" HEIGHT="35" WC="0.95" CONTENT="betraktas"/><SP WIDTH="42" VPOS="1439" HPOS="997"/>
							<String ID="string_242" HPOS="1039" VPOS="1451" WIDTH="87" HEIGHT="24" WC="0.96" CONTENT="vara"/><SP WIDTH="43" VPOS="1451" HPOS="1126"/>
							<String ID="string_243" HPOS="1169" VPOS="1438" WIDTH="39" HEIGHT="36" WC="0.96" CONTENT="af"/><SP WIDTH="39" VPOS="1438" HPOS="1208"/>
							<String ID="string_244" HPOS="1247" VPOS="1451" WIDTH="99" HEIGHT="22" WC="0.93" CONTENT="mera"/><SP WIDTH="37" VPOS="1451" HPOS="1346"/>
							<String ID="string_245" HPOS="1383" VPOS="1438" WIDTH="162" HEIGHT="47" WC="0.95" CONTENT="tillfällig"/><SP WIDTH="33" VPOS="1438" HPOS="1545"/>
							<String ID="string_246" HPOS="1578" VPOS="1439" WIDTH="264" HEIGHT="43" WC="0.96" CONTENT="beskaffenhet,"/><SP WIDTH="32" VPOS="1439" HPOS="1842"/>
							<String ID="string_247" HPOS="1874" VPOS="1439" WIDTH="66" HEIGHT="34" WC="0.96" CONTENT="och"/><SP WIDTH="29" VPOS="1439" HPOS="1940"/>
							<String ID="string_248" HPOS="1969" VPOS="1439" WIDTH="62" HEIGHT="35" WC="0.96" CONTENT="vid"/>
						</TextLine>
						<TextLine ID="line_24" HPOS="404" VPOS="1492" WIDTH="1627" HEIGHT="48">
							<String ID="string_249" HPOS="404" VPOS="1494" WIDTH="130" HEIGHT="35" WC="0.96" CONTENT="sådant"/><SP WIDTH="43" VPOS="1494" HPOS="534"/>
							<String ID="string_250" HPOS="577" VPOS="1493" WIDTH="227" HEIGHT="35" WC="0.96" CONTENT="förhållande"/><SP WIDTH="43" VPOS="1493" HPOS="804"/>
							<String ID="string_251" HPOS="847" VPOS="1504" WIDTH="108" HEIGHT="35" WC="0.96" CONTENT="synes"/><SP WIDTH="44" VPOS="1504" HPOS="955"/>
							<String ID="string_252" HPOS="999" VPOS="1493" WIDTH="61" HEIGHT="34" WC="0.96" CONTENT="det"/><SP WIDTH="24" VPOS="1493" HPOS="1060"/>
							<String ID="string_253" HPOS="1084" VPOS="1492" WIDTH="137" HEIGHT="48" WC="0.96" CONTENT="jämväl"/><SP WIDTH="29" VPOS="1492" HPOS="1221"/>
							<String ID="string_254" HPOS="1250" VPOS="1492" WIDTH="39" HEIGHT="34" WC="0.96" CONTENT="af"/><SP WIDTH="28" VPOS="1492" HPOS="1289"/>
							<String ID="string_255" HPOS="1317" VPOS="1493" WIDTH="119" HEIGHT="34" WC="0.96" CONTENT="denna"/><SP WIDTH="28" VPOS="1493" HPOS="1436"/>
							<String ID="string_256" HPOS="1464" VPOS="1492" WIDTH="198" HEIGHT="47" WC="0.95" CONTENT="anledning"/><SP WIDTH="30" VPOS="1492" HPOS="1662"/>
							<String ID="string_257" HPOS="1692" VPOS="1492" WIDTH="30" HEIGHT="48" WC="0.94" CONTENT="ej"/><SP WIDTH="32" VPOS="1492" HPOS="1722"/>
							<String ID="string_258" HPOS="1754" VPOS="1504" WIDTH="87" HEIGHT="23" WC="0.96" CONTENT="vara"/><SP WIDTH="28" VPOS="1504" HPOS="1841"/>
							<String ID="string_259" HPOS="1869" VPOS="1492" WIDTH="80" HEIGHT="35" WC="0.96" CONTENT="skäl"/><SP WIDTH="28" VPOS="1492" HPOS="1949"/>
							<String ID="string_260" HPOS="1977" VPOS="1495" WIDTH="54" HEIGHT="32" WC="0.96" CONTENT="att"/>
						</TextLine>
						<TextLine ID="line_25" HPOS="403" VPOS="1545" WIDTH="1628" HEIGHT="48">
							<String ID="string_261" HPOS="403" VPOS="1547" WIDTH="58" HEIGHT="35" WC="0.93" CONTENT="till"/><SP WIDTH="43" VPOS="1547" HPOS="461"/>
							<String ID="string_262" HPOS="504" VPOS="1548" WIDTH="121" HEIGHT="45" WC="0.95" CONTENT="grund"/><SP WIDTH="42" VPOS="1548" HPOS="625"/>
							<String ID="string_263" HPOS="667" VPOS="1546" WIDTH="56" HEIGHT="35" WC="0.93" CONTENT="för"/><SP WIDTH="44" VPOS="1546" HPOS="723"/>
							<String ID="string_264" HPOS="767" VPOS="1546" WIDTH="141" HEIGHT="35" WC="0.89" CONTENT="accisen"/><SP WIDTH="37" VPOS="1546" HPOS="908"/>
							<String ID="string_265" HPOS="945" VPOS="1546" WIDTH="107" HEIGHT="46" WC="0.96" CONTENT="lägga"/><SP WIDTH="34" VPOS="1546" HPOS="1052"/>
							<String ID="string_266" HPOS="1086" VPOS="1558" WIDTH="46" HEIGHT="22" WC="0.96" CONTENT="en"/><SP WIDTH="28" VPOS="1558" HPOS="1132"/>
							<String ID="string_267" HPOS="1160" VPOS="1558" WIDTH="123" HEIGHT="22" WC="0.93" CONTENT="annan"/><SP WIDTH="27" VPOS="1558" HPOS="1283"/>
							<String ID="string_268" HPOS="1310" VPOS="1545" WIDTH="385" HEIGHT="47" WC="0.90" CONTENT="beskattningsperiod"/><SP WIDTH="30" VPOS="1545" HPOS="1695"/>
							<String ID="string_269" HPOS="1725" VPOS="1551" WIDTH="47" HEIGHT="28" WC="0.96" CONTENT="än"/><SP WIDTH="29" VPOS="1551" HPOS="1772"/>
							<String ID="string_270" HPOS="1801" VPOS="1546" WIDTH="80" HEIGHT="43" WC="0.96" CONTENT="den,"/><SP WIDTH="33" VPOS="1546" HPOS="1881"/>
							<String ID="string_271" HPOS="1914" VPOS="1557" WIDTH="74" HEIGHT="23" WC="0.95" CONTENT="som"/><SP WIDTH="30" VPOS="1557" HPOS="1988"/>
							<String ID="string_272" HPOS="2018" VPOS="1545" WIDTH="13" HEIGHT="34" WC="0.88" CONTENT="i"/>
						</TextLine>
						<TextLine ID="line_26" HPOS="404" VPOS="1598" WIDTH="1626" HEIGHT="49">
							<String ID="string_273" HPOS="404" VPOS="1601" WIDTH="99" HEIGHT="46" WC="0.96" CONTENT="regel"/><SP WIDTH="28" VPOS="1601" HPOS="503"/>
							<String ID="string_274" HPOS="531" VPOS="1600" WIDTH="114" HEIGHT="46" WC="0.96" CONTENT="gäller"/><SP WIDTH="30" VPOS="1600" HPOS="645"/>
							<String ID="string_275" HPOS="675" VPOS="1599" WIDTH="55" HEIGHT="36" WC="0.93" CONTENT="för"/><SP WIDTH="25" VPOS="1599" HPOS="730"/>
							<String ID="string_276" HPOS="755" VPOS="1599" WIDTH="498" HEIGHT="46" WC="0.91" CONTENT="kommunalbeskattningen"/><SP WIDTH="18" VPOS="1599" HPOS="1253"/>
							<String ID="string_277" HPOS="1271" VPOS="1599" WIDTH="14" HEIGHT="34" WC="0.76" CONTENT="i"/><SP WIDTH="19" VPOS="1599" HPOS="1285"/>
							<String ID="string_278" HPOS="1304" VPOS="1598" WIDTH="121" HEIGHT="47" WC="0.96" CONTENT="öfrigt."/><SP WIDTH="52" VPOS="1598" HPOS="1425"/>
							<String ID="string_279" HPOS="1477" VPOS="1599" WIDTH="107" HEIGHT="35" WC="0.93" CONTENT="Olika"/><SP WIDTH="24" VPOS="1599" HPOS="1584"/>
							<String ID="string_280" HPOS="1608" VPOS="1598" WIDTH="422" HEIGHT="47" WC="0.92" CONTENT="beskattningsperioder"/>
						</TextLine>
						<TextLine ID="line_27" HPOS="404" VPOS="1651" WIDTH="1628" HEIGHT="48">
							<String ID="string_281" HPOS="404" VPOS="1653" WIDTH="56" HEIGHT="35" WC="0.93" CONTENT="för"/><SP WIDTH="39" VPOS="1653" HPOS="460"/>
							<String ID="string_282" HPOS="499" VPOS="1652" WIDTH="396" HEIGHT="47" WC="0.91" CONTENT="skogsbeskattningen"/><SP WIDTH="43" VPOS="1652" HPOS="895"/>
							<String ID="string_283" HPOS="938" VPOS="1653" WIDTH="66" HEIGHT="35" WC="0.96" CONTENT="och"/><SP WIDTH="42" VPOS="1653" HPOS="1004"/>
							<String ID="string_284" HPOS="1046" VPOS="1652" WIDTH="56" HEIGHT="35" WC="0.94" CONTENT="för"/><SP WIDTH="40" VPOS="1652" HPOS="1102"/>
							<String ID="string_285" HPOS="1142" VPOS="1653" WIDTH="71" HEIGHT="34" WC="0.96" CONTENT="den"/><SP WIDTH="29" VPOS="1653" HPOS="1213"/>
							<String ID="string_286" HPOS="1242" VPOS="1651" WIDTH="116" HEIGHT="47" WC="0.93" CONTENT="öfriga"/><SP WIDTH="29" VPOS="1651" HPOS="1358"/>
							<String ID="string_287" HPOS="1387" VPOS="1651" WIDTH="498" HEIGHT="46" WC="0.90" CONTENT="kommunalbeskattningen"/><SP WIDTH="29" VPOS="1651" HPOS="1885"/>
							<String ID="string_288" HPOS="1914" VPOS="1652" WIDTH="118" HEIGHT="35" WC="0.96" CONTENT="skulle"/>
						</TextLine>
						<TextLine ID="line_28" HPOS="404" VPOS="1705" WIDTH="1628" HEIGHT="49">
							<String ID="string_289" HPOS="404" VPOS="1706" WIDTH="194" HEIGHT="48" WC="0.92" CONTENT="tydligtvis"/><SP WIDTH="42" VPOS="1706" HPOS="598"/>
							<String ID="string_290" HPOS="640" VPOS="1707" WIDTH="128" HEIGHT="34" WC="0.96" CONTENT="kunna"/><SP WIDTH="39" VPOS="1707" HPOS="768"/>
							<String ID="string_291" HPOS="807" VPOS="1707" WIDTH="135" HEIGHT="34" WC="0.96" CONTENT="bereda"/><SP WIDTH="43" VPOS="1707" HPOS="942"/>
							<String ID="string_292" HPOS="985" VPOS="1706" WIDTH="225" HEIGHT="46" WC="0.95" CONTENT="svårigheter"/><SP WIDTH="29" VPOS="1706" HPOS="1210"/>
							<String ID="string_293" HPOS="1239" VPOS="1705" WIDTH="63" HEIGHT="35" WC="0.96" CONTENT="vid"/><SP WIDTH="29" VPOS="1705" HPOS="1302"/>
							<String ID="string_294" HPOS="1331" VPOS="1718" WIDTH="46" HEIGHT="22" WC="0.93" CONTENT="en"/><SP WIDTH="27" VPOS="1718" HPOS="1377"/>
							<String ID="string_295" HPOS="1404" VPOS="1705" WIDTH="188" HEIGHT="36" WC="0.90" CONTENT="blifvande"/><SP WIDTH="29" VPOS="1705" HPOS="1592"/>
							<String ID="string_296" HPOS="1621" VPOS="1705" WIDTH="133" HEIGHT="35" WC="0.95" CONTENT="reform"/><SP WIDTH="30" VPOS="1705" HPOS="1754"/>
							<String ID="string_297" HPOS="1784" VPOS="1705" WIDTH="41" HEIGHT="34" WC="0.95" CONTENT="af"/><SP WIDTH="25" VPOS="1705" HPOS="1825"/>
							<String ID="string_298" HPOS="1850" VPOS="1705" WIDTH="82" HEIGHT="35" WC="0.95" CONTENT="hela"/><SP WIDTH="29" VPOS="1705" HPOS="1932"/>
							<String ID="string_299" HPOS="1961" VPOS="1706" WIDTH="71" HEIGHT="34" WC="0.96" CONTENT="den"/>
						</TextLine>
						<TextLine ID="line_29" HPOS="404" VPOS="1759" WIDTH="561" HEIGHT="47">
							<String ID="string_300" HPOS="404" VPOS="1760" WIDTH="236" HEIGHT="35" WC="0.95" CONTENT="kommunala"/><SP WIDTH="29" VPOS="1760" HPOS="640"/>
							<String ID="string_301" HPOS="669" VPOS="1759" WIDTH="296" HEIGHT="47" WC="0.95" CONTENT="beskattningen."/>
						</TextLine>
					</TextBlock>
					<TextBlock ID="block_4" HPOS="404" VPOS="1811" WIDTH="1631" HEIGHT="476">
						<TextLine ID="line_30" HPOS="517" VPOS="1811" WIDTH="1515" HEIGHT="48">
							<String ID="string_302" HPOS="517" VPOS="1814" WIDTH="68" HEIGHT="34" WC="0.96" CONTENT="Om"/><SP WIDTH="44" VPOS="1814" HPOS="585"/>
							<String ID="string_303" HPOS="629" VPOS="1814" WIDTH="138" HEIGHT="34" WC="0.90" CONTENT="således"/><SP WIDTH="42" VPOS="1814" HPOS="767"/>
							<String ID="string_304" HPOS="809" VPOS="1812" WIDTH="229" HEIGHT="47" WC="0.96" CONTENT="principiella"/><SP WIDTH="43" VPOS="1812" HPOS="1038"/>
							<String ID="string_305" HPOS="1081" VPOS="1812" WIDTH="80" HEIGHT="35" WC="0.96" CONTENT="skäl"/><SP WIDTH="27" VPOS="1812" HPOS="1161"/>
							<String ID="string_306" HPOS="1188" VPOS="1812" WIDTH="14" HEIGHT="34" WC="0.96" CONTENT="i"/><SP WIDTH="29" VPOS="1812" HPOS="1202"/>
							<String ID="string_307" HPOS="1231" VPOS="1811" WIDTH="73" HEIGHT="37" WC="0.96" CONTENT="viss"/><SP WIDTH="34" VPOS="1811" HPOS="1304"/>
							<String ID="string_308" HPOS="1338" VPOS="1814" WIDTH="85" HEIGHT="33" WC="0.96" CONTENT="mån"/><SP WIDTH="28" VPOS="1814" HPOS="1423"/>
							<String ID="string_309" HPOS="1451" VPOS="1811" WIDTH="56" HEIGHT="36" WC="0.96" CONTENT="för"/><SP WIDTH="28" VPOS="1811" HPOS="1507"/>
							<String ID="string_310" HPOS="1535" VPOS="1813" WIDTH="228" HEIGHT="34" WC="0.96" CONTENT="närvarande"/><SP WIDTH="28" VPOS="1813" HPOS="1763"/>
							<String ID="string_311" HPOS="1791" VPOS="1812" WIDTH="74" HEIGHT="35" WC="0.96" CONTENT="tala"/><SP WIDTH="29" VPOS="1812" HPOS="1865"/>
							<String ID="string_312" HPOS="1894" VPOS="1812" WIDTH="56" HEIGHT="35" WC="0.96" CONTENT="för"/><SP WIDTH="29" VPOS="1812" HPOS="1950"/>
							<String ID="string_313" HPOS="1979" VPOS="1815" WIDTH="53" HEIGHT="32" WC="0.95" CONTENT="att"/>
						</TextLine>
						<TextLine ID="line_31" HPOS="405" VPOS="1865" WIDTH="1627" HEIGHT="48">
							<String ID="string_314" HPOS="405" VPOS="1867" WIDTH="254" HEIGHT="46" WC="0.75" CONTENT="skogsaceisen"/><SP WIDTH="28" VPOS="1867" HPOS="659"/>
							<String ID="string_315" HPOS="687" VPOS="1867" WIDTH="66" HEIGHT="35" WC="0.96" CONTENT="bör"/><SP WIDTH="27" VPOS="1867" HPOS="753"/>
							<String ID="string_316" HPOS="780" VPOS="1866" WIDTH="182" HEIGHT="35" WC="0.96" CONTENT="beräknas"/><SP WIDTH="29" VPOS="1866" HPOS="962"/>
							<String ID="string_317" HPOS="991" VPOS="1865" WIDTH="56" HEIGHT="35" WC="0.96" CONTENT="för"/><SP WIDTH="28" VPOS="1865" HPOS="1047"/>
							<String ID="string_318" HPOS="1075" VPOS="1865" WIDTH="227" HEIGHT="44" WC="0.96" CONTENT="kalenderår,"/><SP WIDTH="33" VPOS="1865" HPOS="1302"/>
							<String ID="string_319" HPOS="1335" VPOS="1868" WIDTH="38" HEIGHT="32" WC="0.97" CONTENT="så"/><SP WIDTH="28" VPOS="1868" HPOS="1373"/>
							<String ID="string_320" HPOS="1401" VPOS="1866" WIDTH="117" HEIGHT="33" WC="0.96" CONTENT="finner"/><SP WIDTH="29" VPOS="1866" HPOS="1518"/>
							<String ID="string_321" HPOS="1547" VPOS="1878" WIDTH="96" HEIGHT="31" WC="0.96" CONTENT="man,"/><SP WIDTH="23" VPOS="1878" HPOS="1643"/>
							<String ID="string_322" HPOS="1666" VPOS="1868" WIDTH="53" HEIGHT="32" WC="0.96" CONTENT="att"/><SP WIDTH="21" VPOS="1868" HPOS="1719"/>
							<String ID="string_323" HPOS="1740" VPOS="1865" WIDTH="30" HEIGHT="48" WC="0.96" CONTENT="ej"/><SP WIDTH="23" VPOS="1865" HPOS="1770"/>
							<String ID="string_324" HPOS="1793" VPOS="1866" WIDTH="114" HEIGHT="35" WC="0.93" CONTENT="heller"/><SP WIDTH="20" VPOS="1866" HPOS="1907"/>
							<String ID="string_325" HPOS="1927" VPOS="1865" WIDTH="105" HEIGHT="47" WC="0.91" CONTENT="prak-"/>
						</TextLine>
						<TextLine ID="line_32" HPOS="404" VPOS="1918" WIDTH="1628" HEIGHT="47">
							<String ID="string_326" HPOS="404" VPOS="1920" WIDTH="99" HEIGHT="35" WC="0.95" CONTENT="tiska"/><SP WIDTH="43" VPOS="1920" HPOS="503"/>
							<String ID="string_327" HPOS="546" VPOS="1921" WIDTH="81" HEIGHT="35" WC="0.96" CONTENT="skäl"/><SP WIDTH="42" VPOS="1921" HPOS="627"/>
							<String ID="string_328" HPOS="669" VPOS="1932" WIDTH="80" HEIGHT="23" WC="0.96" CONTENT="resa"/><SP WIDTH="42" VPOS="1932" HPOS="749"/>
							<String ID="string_329" HPOS="791" VPOS="1919" WIDTH="55" HEIGHT="46" WC="0.96" CONTENT="sig"/><SP WIDTH="42" VPOS="1919" HPOS="846"/>
							<String ID="string_330" HPOS="888" VPOS="1921" WIDTH="75" HEIGHT="33" WC="0.96" CONTENT="mot"/><SP WIDTH="43" VPOS="1921" HPOS="963"/>
							<String ID="string_331" HPOS="1006" VPOS="1931" WIDTH="46" HEIGHT="22" WC="0.95" CONTENT="en"/><SP WIDTH="34" VPOS="1931" HPOS="1052"/>
							<String ID="string_332" HPOS="1086" VPOS="1919" WIDTH="114" HEIGHT="35" WC="0.96" CONTENT="sådan"/><SP WIDTH="28" VPOS="1919" HPOS="1200"/>
							<String ID="string_333" HPOS="1228" VPOS="1918" WIDTH="166" HEIGHT="47" WC="0.96" CONTENT="ordning."/><SP WIDTH="59" VPOS="1918" HPOS="1394"/>
							<String ID="string_334" HPOS="1453" VPOS="1920" WIDTH="57" HEIGHT="33" WC="0.93" CONTENT="Då"/><SP WIDTH="30" VPOS="1920" HPOS="1510"/>
							<String ID="string_335" HPOS="1540" VPOS="1918" WIDTH="251" HEIGHT="47" WC="0.70" CONTENT="skogsaccisen"/><SP WIDTH="29" VPOS="1918" HPOS="1791"/>
							<String ID="string_336" HPOS="1820" VPOS="1922" WIDTH="114" HEIGHT="32" WC="0.93" CONTENT="måste"/><SP WIDTH="28" VPOS="1922" HPOS="1934"/>
							<String ID="string_337" HPOS="1962" VPOS="1918" WIDTH="70" HEIGHT="36" WC="0.92" CONTENT="för-"/>
						</TextLine>
						<TextLine ID="line_33" HPOS="404" VPOS="1971" WIDTH="1628" HEIGHT="49">
							<String ID="string_338" HPOS="404" VPOS="1973" WIDTH="132" HEIGHT="36" WC="0.96" CONTENT="bindas"/><SP WIDTH="33" VPOS="1973" HPOS="536"/>
							<String ID="string_339" HPOS="569" VPOS="1975" WIDTH="83" HEIGHT="34" WC="0.96" CONTENT="med"/><SP WIDTH="29" VPOS="1975" HPOS="652"/>
							<String ID="string_340" HPOS="681" VPOS="1973" WIDTH="211" HEIGHT="47" WC="0.96" CONTENT="skyldighet"/><SP WIDTH="28" VPOS="1973" HPOS="892"/>
							<String ID="string_341" HPOS="920" VPOS="1972" WIDTH="56" HEIGHT="35" WC="0.93" CONTENT="för"/><SP WIDTH="29" VPOS="1972" HPOS="976"/>
							<String ID="string_342" HPOS="1005" VPOS="1971" WIDTH="219" HEIGHT="37" WC="0.92" CONTENT="afverkaren"/><SP WIDTH="28" VPOS="1971" HPOS="1224"/>
							<String ID="string_343" HPOS="1252" VPOS="1974" WIDTH="53" HEIGHT="33" WC="0.93" CONTENT="att"/><SP WIDTH="29" VPOS="1974" HPOS="1305"/>
							<String ID="string_344" HPOS="1334" VPOS="1971" WIDTH="139" HEIGHT="47" WC="0.91" CONTENT="afgifva"/><SP WIDTH="28" VPOS="1971" HPOS="1473"/>
							<String ID="string_345" HPOS="1501" VPOS="1972" WIDTH="229" HEIGHT="35" WC="0.96" CONTENT="deklaration"/><SP WIDTH="28" VPOS="1972" HPOS="1730"/>
							<String ID="string_346" HPOS="1758" VPOS="1985" WIDTH="57" HEIGHT="23" WC="0.95" CONTENT="om"/><SP WIDTH="30" VPOS="1985" HPOS="1815"/>
							<String ID="string_347" HPOS="1845" VPOS="1972" WIDTH="40" HEIGHT="35" WC="0.95" CONTENT="af"/><SP WIDTH="16" VPOS="1972" HPOS="1885"/>
							<String ID="string_348" HPOS="1901" VPOS="1973" WIDTH="131" HEIGHT="34" WC="0.95" CONTENT="honom"/>
						</TextLine>
						<TextLine ID="line_34" HPOS="405" VPOS="2024" WIDTH="1628" HEIGHT="50">
							<String ID="string_349" HPOS="405" VPOS="2027" WIDTH="117" HEIGHT="34" WC="0.93" CONTENT="under"/><SP WIDTH="29" VPOS="2027" HPOS="522"/>
							<String ID="string_350" HPOS="551" VPOS="2026" WIDTH="432" HEIGHT="48" WC="0.91" CONTENT="beskattningsperioden"/><SP WIDTH="28" VPOS="2026" HPOS="983"/>
							<String ID="string_351" HPOS="1011" VPOS="2025" WIDTH="194" HEIGHT="36" WC="0.91" CONTENT="afverkadt"/><SP WIDTH="29" VPOS="2025" HPOS="1205"/>
							<String ID="string_352" HPOS="1234" VPOS="2025" WIDTH="114" HEIGHT="44" WC="0.96" CONTENT="virke,"/><SP WIDTH="32" VPOS="2025" HPOS="1348"/>
							<String ID="string_353" HPOS="1380" VPOS="2025" WIDTH="74" HEIGHT="35" WC="0.96" CONTENT="kan"/><SP WIDTH="28" VPOS="2025" HPOS="1454"/>
							<String ID="string_354" HPOS="1482" VPOS="2024" WIDTH="131" HEIGHT="47" WC="0.96" CONTENT="frågan"/><SP WIDTH="28" VPOS="2024" HPOS="1613"/>
							<String ID="string_355" HPOS="1641" VPOS="2024" WIDTH="392" HEIGHT="37" WC="0.89" CONTENT="således"/><SP WIDTH="-240" VPOS="2024" HPOS="2033"/>
							<String ID="string_356" HPOS="1793" VPOS="2020" WIDTH="19" HEIGHT="58" WC="0.89" CONTENT="i"/><SP WIDTH="20" VPOS="2020" HPOS="1812"/>
							<String ID="string_357" HPOS="1832" VPOS="2024" WIDTH="201" HEIGHT="37" WC="0.92" CONTENT="hufvudsak"/>
						</TextLine>
						<TextLine ID="line_35" HPOS="406" VPOS="2078" WIDTH="1626" HEIGHT="49">
							<String ID="string_358" HPOS="406" VPOS="2080" WIDTH="125" HEIGHT="35" WC="0.96" CONTENT="ställas"/><SP WIDTH="43" VPOS="2080" HPOS="531"/>
							<String ID="string_359" HPOS="574" VPOS="2084" WIDTH="49" HEIGHT="41" WC="0.96" CONTENT="så,"/><SP WIDTH="47" VPOS="2084" HPOS="623"/>
							<String ID="string_360" HPOS="670" VPOS="2084" WIDTH="54" HEIGHT="32" WC="0.96" CONTENT="att"/><SP WIDTH="34" VPOS="2084" HPOS="724"/>
							<String ID="string_361" HPOS="758" VPOS="2082" WIDTH="70" HEIGHT="34" WC="0.95" CONTENT="den"/><SP WIDTH="33" VPOS="2082" HPOS="828"/>
							<String ID="string_362" HPOS="861" VPOS="2080" WIDTH="124" HEIGHT="47" WC="0.95" CONTENT="gäller,"/><SP WIDTH="31" VPOS="2080" HPOS="985"/>
							<String ID="string_363" HPOS="1016" VPOS="2078" WIDTH="183" HEIGHT="37" WC="0.93" CONTENT="huruvida"/><SP WIDTH="29" VPOS="2078" HPOS="1199"/>
							<String ID="string_364" HPOS="1228" VPOS="2078" WIDTH="218" HEIGHT="36" WC="0.92" CONTENT="afverkaren"/><SP WIDTH="28" VPOS="2078" HPOS="1446"/>
							<String ID="string_365" HPOS="1474" VPOS="2079" WIDTH="75" HEIGHT="35" WC="0.96" CONTENT="kan"/><SP WIDTH="29" VPOS="2079" HPOS="1549"/>
							<String ID="string_366" HPOS="1578" VPOS="2082" WIDTH="90" HEIGHT="32" WC="0.95" CONTENT="utan"/><SP WIDTH="29" VPOS="2082" HPOS="1668"/>
							<String ID="string_367" HPOS="1697" VPOS="2082" WIDTH="114" HEIGHT="33" WC="0.96" CONTENT="större"/><SP WIDTH="29" VPOS="2082" HPOS="1811"/>
							<String ID="string_368" HPOS="1840" VPOS="2078" WIDTH="192" HEIGHT="47" WC="0.96" CONTENT="olägenhet"/>
						</TextLine>
						<TextLine ID="line_36" HPOS="406" VPOS="2131" WIDTH="1627" HEIGHT="49">
							<String ID="string_369" HPOS="406" VPOS="2133" WIDTH="177" HEIGHT="47" WC="0.92" CONTENT="uppgifva"/><SP WIDTH="42" VPOS="2133" HPOS="583"/>
							<String ID="string_370" HPOS="625" VPOS="2135" WIDTH="97" HEIGHT="35" WC="0.96" CONTENT="hvad"/><SP WIDTH="43" VPOS="2135" HPOS="722"/>
							<String ID="string_371" HPOS="765" VPOS="2135" WIDTH="73" HEIGHT="34" WC="0.93" CONTENT="han"/><SP WIDTH="42" VPOS="2135" HPOS="838"/>
							<String ID="string_372" HPOS="880" VPOS="2133" WIDTH="168" HEIGHT="37" WC="0.86" CONTENT="afverkat"/><SP WIDTH="39" VPOS="2133" HPOS="1048"/>
							<String ID="string_373" HPOS="1087" VPOS="2133" WIDTH="116" HEIGHT="34" WC="0.96" CONTENT="under"/><SP WIDTH="29" VPOS="2133" HPOS="1203"/>
							<String ID="string_374" HPOS="1232" VPOS="2132" WIDTH="264" HEIGHT="35" WC="0.96" CONTENT="kalenderåret."/><SP WIDTH="58" VPOS="2132" HPOS="1496"/>
							<String ID="string_375" HPOS="1554" VPOS="2133" WIDTH="145" HEIGHT="36" WC="0.56" CONTENT="Härvid"/><SP WIDTH="28" VPOS="2133" HPOS="1699"/>
							<String ID="string_376" HPOS="1727" VPOS="2133" WIDTH="65" HEIGHT="34" WC="0.96" CONTENT="bör"/><SP WIDTH="29" VPOS="2133" HPOS="1792"/>
							<String ID="string_377" HPOS="1821" VPOS="2131" WIDTH="212" HEIGHT="48" WC="0.96" CONTENT="ytterligare"/>
						</TextLine>
						<TextLine ID="line_37" HPOS="404" VPOS="2184" WIDTH="1629" HEIGHT="50">
							<String ID="string_378" HPOS="404" VPOS="2186" WIDTH="191" HEIGHT="36" WC="0.92" CONTENT="fasthållas"/><SP WIDTH="43" VPOS="2186" HPOS="595"/>
							<String ID="string_379" HPOS="638" VPOS="2188" WIDTH="72" HEIGHT="34" WC="0.96" CONTENT="den"/><SP WIDTH="41" VPOS="2188" HPOS="710"/>
							<String ID="string_380" HPOS="751" VPOS="2187" WIDTH="242" HEIGHT="47" WC="0.96" CONTENT="bestämning,"/><SP WIDTH="36" VPOS="2187" HPOS="993"/>
							<String ID="string_381" HPOS="1029" VPOS="2186" WIDTH="173" HEIGHT="47" WC="0.93" CONTENT="förslaget"/><SP WIDTH="28" VPOS="2186" HPOS="1202"/>
							<String ID="string_382" HPOS="1230" VPOS="2185" WIDTH="118" HEIGHT="47" WC="0.92" CONTENT="gifver"/><SP WIDTH="30" VPOS="2185" HPOS="1348"/>
							<String ID="string_383" HPOS="1378" VPOS="2198" WIDTH="57" HEIGHT="23" WC="0.96" CONTENT="om"/><SP WIDTH="28" VPOS="2198" HPOS="1435"/>
							<String ID="string_384" HPOS="1463" VPOS="2191" WIDTH="66" HEIGHT="30" WC="0.96" CONTENT="när"/><SP WIDTH="29" VPOS="2191" HPOS="1529"/>
							<String ID="string_385" HPOS="1558" VPOS="2185" WIDTH="312" HEIGHT="47" WC="0.96" CONTENT="skattskyldighet"/><SP WIDTH="29" VPOS="2185" HPOS="1870"/>
							<String ID="string_386" HPOS="1899" VPOS="2184" WIDTH="55" HEIGHT="36" WC="0.93" CONTENT="för"/><SP WIDTH="29" VPOS="2184" HPOS="1954"/>
							<String ID="string_387" HPOS="1983" VPOS="2184" WIDTH="50" HEIGHT="35" WC="0.92" CONTENT="af-"/>
						</TextLine>
						<TextLine ID="line_38" HPOS="405" VPOS="2238" WIDTH="1630" HEIGHT="49">
							<String ID="string_388" HPOS="405" VPOS="2240" WIDTH="157" HEIGHT="36" WC="0.92" CONTENT="verkadt"/><SP WIDTH="32" VPOS="2240" HPOS="562"/>
							<String ID="string_389" HPOS="594" VPOS="2240" WIDTH="105" HEIGHT="36" WC="0.96" CONTENT="virke"/><SP WIDTH="33" VPOS="2240" HPOS="699"/>
							<String ID="string_390" HPOS="732" VPOS="2241" WIDTH="93" HEIGHT="35" WC="0.96" CONTENT="skall"/><SP WIDTH="29" VPOS="2241" HPOS="825"/>
							<String ID="string_391" HPOS="854" VPOS="2246" WIDTH="104" HEIGHT="41" WC="0.96" CONTENT="göras"/><SP WIDTH="29" VPOS="2246" HPOS="958"/>
							<String ID="string_392" HPOS="987" VPOS="2240" WIDTH="168" HEIGHT="47" WC="0.96" CONTENT="gällande"/><SP WIDTH="28" VPOS="2240" HPOS="1155"/>
							<String ID="string_393" HPOS="1183" VPOS="2239" WIDTH="86" HEIGHT="35" WC="0.96" CONTENT="eller"/><SP WIDTH="29" VPOS="2239" HPOS="1269"/>
							<String ID="string_394" HPOS="1298" VPOS="2245" WIDTH="66" HEIGHT="29" WC="0.96" CONTENT="när"/><SP WIDTH="28" VPOS="2245" HPOS="1364"/>
							<String ID="string_395" HPOS="1392" VPOS="2239" WIDTH="104" HEIGHT="36" WC="0.96" CONTENT="virke"/><SP WIDTH="29" VPOS="2239" HPOS="1496"/>
							<String ID="string_396" HPOS="1525" VPOS="2240" WIDTH="94" HEIGHT="35" WC="0.96" CONTENT="skall"/><SP WIDTH="27" VPOS="2240" HPOS="1619"/>
							<String ID="string_397" HPOS="1646" VPOS="2239" WIDTH="14" HEIGHT="34" WC="0.70" CONTENT="i"/><SP WIDTH="27" VPOS="2239" HPOS="1660"/>
							<String ID="string_398" HPOS="1687" VPOS="2238" WIDTH="348" HEIGHT="47" WC="0.90" CONTENT="beskattningsafse-"/>
						</TextLine>
					</TextBlock>
				</ComposedBlock>
				<ComposedBlock ID="cblock_2" HPOS="1168" VPOS="2339" WIDTH="9" HEIGHT="10">
					<TextBlock ID="block_5" HPOS="1168" VPOS="2339" WIDTH="9" HEIGHT="10">
						<TextLine ID="line_39" HPOS="1168" VPOS="2339" WIDTH="9" HEIGHT="10">
							<String ID="string_399" HPOS="1168" VPOS="2339" WIDTH="9" HEIGHT="10" WC="0.6" CONTENT="[1"/>
						</TextLine>
					</TextBlock>
				</ComposedBlock>
			</PrintSpace>
		</Page>
	</Layout>
</alto>
