1882 2804
282 166 40 30 24
689 169 116 30 Andra
824 169 238 36 lagutskottets
1081 167 178 31 utlåtande
1278 177 42 20 nr
1340 167 50 30 18.

422 253 140 34 (Kungl.
585 252 119 36 Maj:ts
727 250 157 39 förslag.)
1231 250 207 37 (Utskottets
1460 249 158 37 förslag.)

289 346 233 32 kostnaderna
543 345 56 31 för
618 346 69 30 den
710 344 133 35 bostad,
869 344 67 31 den
958 343 229 37 värnpliktige
1211 343 171 31 innehade
1403 341 21 31 å
1444 342 348 36 inryckningsdagen,

287 398 75 30 däri
386 397 207 30 inberäknat
616 396 188 30 kostnader
826 395 56 30 för
903 394 267 37 uppvärmning,
1193 394 79 30 med
1296 395 129 34 avdrag
1445 393 57 30 för
1524 394 68 29 den
1615 392 174 37 värnplik-

287 449 85 36 tiges
395 448 65 30 och
481 446 303 37 familjemedlems
807 446 153 30 inkomst
982 446 111 29 under
1115 445 95 31 tiden
1235 445 56 30 för
1311 444 273 36 tjänstgöringen
1607 443 105 36 enligt
1737 443 54 30 be-

288 499 224 35 stämmelser,
534 507 75 21 som
629 497 176 31 meddelas
827 506 43 21 av
888 497 200 35 Konungen.

334 549 67 31 Om
423 549 192 36 beräkning
640 558 42 21 av
705 547 264 36 bostadsbidrag
993 547 51 30 till
1069 546 220 36 värnpliktig,
1315 555 77 21 som
1415 545 128 37 fullgör
1564 544 230 37 tjänstgöring

289 600 87 31 efter
397 604 75 32 eget
492 599 180 37 åtagande,
693 598 177 31 meddelar
892 598 191 36 Konungen
1104 598 160 30 närmare
1283 596 227 32 föreskrifter.

332 653 21 29 2
372 661 104 21 mom.
510 650 227 31 Beträffande
755 649 264 36 bostadsbidrag
1036 648 12 33 i
1072 651 107 28 annat
1201 648 61 30 fall
1283 649 45 29 än
1347 649 12 29 i
1390 649 4 29 I
1419 657 104 20 mom.
1547 647 76 36 sägs
1645 647 147 29 bestäm-

287 712 73 21 mes
379 702 172 36 bidragets
568 701 128 36 belopp
713 700 87 31 efter
817 700 170 36 prövning
1006 709 41 20 av
1064 699 236 36 föreliggande
1317 698 113 30 behov
1448 697 106 37 enligt
1572 698 42 30 de
1633 698 161 30 närmare

290 753 227 35 föreskrifter,
546 762 76 20 som
651 752 191 35 Konungen
868 750 186 31 meddelar.

335 805 21 29 3
380 813 103 21 mom.
521 803 66 30 Vid
606 802 262 31 bestämmande
890 811 42 22 av
956 801 234 30 kostnaderna
1211 800 54 30 för
1287 800 125 30 bostad
1434 799 104 37 enligt
1561 799 115 30 denna
1696 808 99 27 para-

291 854 77 37 graf
386 855 90 30 skall
495 853 112 37 skälig
627 854 137 35 hänsyn
783 856 97 33 tagas
901 852 51 30 till
972 852 146 30 behovet
1139 861 44 21 av
1202 852 124 29 bostad
1344 853 92 28 samt
1457 850 52 30 till
1531 850 68 30 den
1621 849 174 36 värnplik-

291 906 84 36 tiges
402 906 64 29 och
489 906 88 29 hans
602 905 141 30 hustrus
767 903 201 31 bundenhet
993 912 42 21 av
1058 902 198 37 hyresavtal
1280 902 83 30 eller
1385 901 110 31 andra
1518 900 195 36 åtaganden
1741 900 56 30 för

287 957 305 31 bostadsbehovets
613 956 277 37 tillgodoseende.
912 954 52 32 Då
985 954 98 37 fråga
1103 955 39 30 är
1161 963 57 21 om
1239 954 123 30 bostad
1382 953 11 30 i
1414 954 65 29 den
1500 951 230 37 värnpliktige
1749 952 44 29 el-

291 1007 51 30 ler
362 1007 89 30 hans
475 1007 124 29 hustru
620 1005 153 36 tillhörig
798 1004 172 36 fastighet,
993 1003 59 31 må
1073 1003 267 36 bostadsbidrag
1362 1002 32 37 ej
1418 1002 145 36 beviljas
1589 1002 81 30 med
1692 1002 107 36 högre

291 1058 127 36 belopp
450 1058 44 29 än
520 1066 77 21 som
629 1060 194 27 motsvarar
849 1055 185 31 bostadens
1064 1054 210 37 hyresvärde
1304 1054 80 30 med
1414 1053 118 36 tillägg
1561 1052 56 31 för
1645 1053 152 30 bränsle-

292 1109 196 30 kostnader.

338 1160 123 30 Därest
483 1159 139 36 ombyte
643 1168 42 21 av
705 1158 123 30 bostad
850 1157 88 31 skett
957 1157 87 30 efter
1063 1155 347 38 inryckningsdagen,
1432 1155 91 30 skall
1543 1155 138 36 hänsyn
1702 1158 96 32 tagas

292 1211 52 32 till
365 1210 234 31 kostnaderna
621 1209 56 30 för
697 1209 66 30 den
784 1217 69 28 nya
872 1208 177 34 bostaden,
1071 1217 58 20 om
1152 1208 99 29 dessa
1271 1207 60 29 äro
1354 1207 92 35 lägre
1468 1207 44 29 än
1535 1206 57 29 för
1615 1206 66 30 den
1704 1205 93 30 förra

291 1261 169 31 bostaden
483 1261 82 31 eller
585 1260 100 36 eljest
705 1259 115 37 giltiga
845 1259 75 30 skäl
941 1259 165 35 förelegat
1127 1257 56 31 för
1204 1258 154 35 ombytet
1378 1267 43 20 av
1441 1256 134 32 bostad,

338 1313 15 29 I
375 1311 99 37 fråga
496 1321 57 21 om
576 1310 220 37 värnpliktig,
822 1320 75 20 som
921 1310 127 36 fullgör
1071 1309 110 30 första
1203 1308 229 36 tjänstgöring
1460 1306 242 41 (tjänstgöring
1723 1306 12 30 1
1758 1315 42 21 en

294 1359 117 41 följd),
439 1361 57 32 må
520 1362 59 31 vid
601 1361 277 31 bestämmandet
901 1371 42 20 av
966 1359 266 37 bostadsbidrag
1256 1359 104 36 enligt
1388 1359 113 30 denna
1526 1357 167 37 paragraf
1715 1357 84 30 hän-

295 1423 65 29 syn
380 1414 77 30 icke
478 1418 96 31 tagas
599 1413 52 31 till
675 1414 108 29 större
803 1411 294 31 bostadskostnad
1119 1411 46 29 än
1188 1420 75 20 som
1285 1419 120 21 svarar
1426 1413 73 26 mot
1522 1409 114 36 hyran
1659 1408 21 30 å
1703 1411 96 26 orten

290 1466 55 30 för
368 1466 123 30 bostad
517 1474 57 21 om
600 1469 47 26 ett
672 1474 77 21 rum
773 1464 66 30 och
865 1464 80 35 kök,
973 1463 63 30 där
1060 1462 31 37 ej
1120 1463 12 30 i
1159 1461 139 31 särskilt
1326 1461 62 30 fall
1415 1458 382 39 tillsynsmyndigheten

289 1516 184 37 medgiver,
498 1518 48 28 att
567 1515 299 36 bostadsbidraget
887 1515 206 30 bestämmes
1116 1513 79 31 med
1217 1513 138 36 hänsyn
1375 1511 52 32 till
1447 1512 113 36 hyran
1581 1511 21 31 å
1623 1513 99 28 orten
1743 1510 54 31 för

292 1567 123 31 bostad
436 1576 58 21 om
516 1566 56 31 två
594 1576 79 20 rum
697 1566 64 30 och
784 1566 81 30 kök.

1000 1649 38 29 13
1063 1648 29 37 8.

342 1711 16 28 1
389 1718 103 21 mom.
525 1707 300 37 Familjepenning
853 1705 100 38 utgår
979 1705 80 31 från
1086 1706 67 30 och
1180 1706 80 30 med
1286 1704 340 37 inryckningsdagen
1655 1703 53 30 till
1737 1703 64 31 och

295 1760 81 30 med
398 1760 110 35 dagen
529 1759 56 30 för
606 1758 290 39 tjänstgöringens
920 1757 230 36 upphörande
1180 1753 378 42 (utryckningsdagen).
1583 1755 75 30 Har
1680 1753 121 36 tjänst-

296 1810 165 36 göringen
489 1813 99 27 varat
617 1808 106 31 minst
751 1808 114 31 trettio
895 1809 114 35 dagar,
1041 1807 89 31 skall
1158 1807 123 36 bidrag
1308 1805 82 37 utgå
1419 1806 56 30 för
1506 1805 197 36 ytterligare
1731 1804 71 30 fem

297 1861 120 35 dagar;
445 1860 87 30 dock
556 1864 52 26 att
634 1859 52 30 till
711 1858 219 37 värnpliktig,
960 1868 75 21 som
1062 1857 158 37 fullgjort
1245 1857 230 36 tjänstgöring
1500 1855 140 37 jämlikt
1668 1856 39 29 27
1737 1855 18 37 8
1785 1855 14 28 1

297 1920 104 21 mom.
428 1910 303 36 värnpliktslagen,
756 1910 123 29 endast
902 1908 58 31 må
988 1908 81 36 utgå
1094 1908 124 36 bidrag
1242 1907 56 30 för
1322 1908 164 35 resdagar
1509 1907 123 29 utöver
1656 1905 49 30 in-
1733 1904 65 31 och

295 1961 345 36 utryckningsdagar.

342 2011 270 37 Bostadsbidrag
641 2011 56 30 för
726 2011 124 30 bostad
879 2010 11 29 i
919 2011 66 29 den
1012 2008 231 37 värnpliktige
1271 2009 81 30 eller
1381 2008 88 30 hans
1498 2008 125 29 hustru
1650 2005 153 37 tillhörig

296 2062 165 36 fastighet
481 2064 89 28 samt
590 2061 267 37 bostadsbidrag
877 2060 137 39 jämlikt
1041 2060 38 30 10
1103 2061 18 36 8
1142 2058 109 37 utgår,
1272 2058 172 30 beräknat
1465 2058 56 30 för
1541 2056 260 37 tjänstgörings-

296 2113 75 37 dag,
402 2113 110 30 under
538 2112 95 30 tiden
660 2111 78 30 från
767 2112 65 30 och
859 2113 80 29 med
965 2110 338 37 inryckningsdagen
1330 2109 52 30 till
1410 2109 66 30 och
1503 2109 80 29 med
1611 2108 111 36 dagen
1748 2107 56 30 för

294 2162 292 37 tjänstgöringens
607 2163 238 35 upphörande.
868 2161 270 36 Bostadsbidrag
1155 2160 12 30 i
1185 2164 107 27 annat
1311 2160 62 30 fall
1392 2161 45 29 än
1454 2168 49 20 nu
1522 2162 91 32 sagts
1634 2157 100 37 utgår
1752 2157 50 30 till

292 2213 172 36 gäldande
484 2223 42 20 av
549 2212 150 37 utgifter,
724 2212 93 30 vilka
837 2211 141 30 förfalla
1002 2210 79 30 från
1103 2211 66 29 och
1192 2211 80 30 med
1295 2209 308 35 inställelsedagen,
1629 2209 65 30 och
1716 2217 84 26 upp-

295 2264 111 38 bäres,
426 2266 63 29 där
506 2264 30 36 ej
557 2265 193 35 Konungen
770 2263 218 31 annorlunda
1007 2262 196 36 förordnar,
1222 2261 51 30 till
1294 2261 65 30 och
1381 2261 80 30 med
1480 2258 174 38 utgången
1674 2269 42 20 av
1737 2259 64 30 den

296 2314 139 38 månad,
468 2316 111 29 under
609 2314 117 30 vilken
755 2313 272 39 tjänstgöringen
1057 2313 162 35 upphört,
1251 2312 89 30 dock
1370 2314 50 28 att
1448 2321 60 20 om
1536 2309 266 36 bostadsbidrag

296 2365 139 39 jämlikt
464 2367 9 29 9
495 2366 17 36 8
533 2365 160 30 kommer
712 2368 49 27 att
782 2364 50 30 till
852 2364 160 36 beloppet
1032 2362 200 37 understiga
1252 2363 56 30 det
1327 2361 131 37 bidrag,
1481 2371 74 20 som
1579 2361 111 30 skulle
1711 2360 91 29 hava

295 2415 120 37 utgått,
439 2417 112 29 därest
571 2417 192 29 detsamma
783 2414 186 31 beräknats
989 2414 56 30 för
1065 2412 324 37 tjänstgöringsdag,
1411 2412 196 30 skillnaden
1626 2409 100 37 utgår
1745 2410 58 30 vid

297 2466 289 37 tjänstgöringens
608 2467 79 30 slut.
