1876 2802
264 156 39 30 36

398 242 141 37 (Kungl.
564 242 119 36 Maj:ts
708 236 155 41 förslag.)

270 335 191 34 ordningen
487 334 88 30 skall
603 334 64 34 äga
693 333 137 37 fortsatt
856 331 149 34 tillämp-

262 387 83 35 ning
367 386 56 37 för
445 384 218 37 värnpliktig,
684 392 74 20 som
783 381 135 36 uppbär
941 389 57 20 av-

270 437 115 36 löning
412 435 103 38 enligt
537 432 461 39 krigsavlöningsreglemen-

264 490 45 27 tet
335 487 68 29 den
432 486 39 30 15
500 486 74 35 juni
602 484 84 30 1939
710 487 59 32 (nr
794 481 92 37 278).

306 536 227 37 Värnpliktig,
558 544 77 21 som
660 534 66 30 den
755 535 14 28 1
796 532 90 37 april
914 531 84 31 1946

263 587 127 36 fullgör
431 585 237 37 tjänstgöring,
711 582 66 37 må,
807 583 88 30 efter
929 582 68 29 sär-

263 637 89 31 skild
381 637 168 36 ansökan,
574 633 133 33 erhålla
735 632 265 35 bostadsbidrag

264 688 103 35 enligt
391 689 20 28 9
438 687 67 29 och
536 686 38 29 10
601 686 40 36 388
667 684 128 37 jämväl
824 683 55 30 för
905 682 94 29 tiden

264 739 74 29 före
355 737 155 31 nämnda
530 736 74 36 dag,
622 735 114 31 under
754 732 246 35 förutsättning

264 792 50 27 att
339 788 67 31 den
428 786 107 37 enligt
559 782 441 38 fredsfamiljebidragsför-

264 839 192 35 ordningen
493 836 170 37 utgående
699 833 301 37 familjepenning-

265 898 42 20 en
325 888 88 31 varit
431 885 273 38 uppenbarligen
724 883 204 36 otillräcklig
947 881 54 31 för

264 936 352 33 bostadskostnadens
642 935 183 35 täckande;
853 934 89 30 dock
968 931 32 37 ej

269 990 54 30 för
354 990 120 35 längre
502 988 49 30 tid
579 986 144 31 tillbaka
753 987 44 29 än
828 984 80 38 från
937 983 66 31 och

268 1040 78 31 med
371 1040 66 30 den
462 1041 15 29 1
502 1038 143 31 oktober
669 1037 94 31 1945.

674 156 117 30 Andra
812 154 238 38 lagutskottets
1072 151 177 32 utlåtande
1269 161 42 20 nr
1335 151 49 30 18.

1205 235 206 33 (Utskottets
1436 233 158 38 förslag.)

1091 527 226 38 Värnpliktig,
1347 537 76 21 som
1451 527 67 30 den
1548 525 65 37 dag
1643 523 133 39 förord-

1038 580 125 35 ningen
1193 578 114 30 träder
1335 579 10 29 i
1374 577 96 37 kraft
1498 577 126 35 fullgör
1652 574 120 36 tjänst-

1039 630 128 36 göring,
1208 627 67 36 må,
1313 628 89 30 efter
1427 625 151 32 särskild
1608 625 167 34 ansökan,

1038 679 131 31 erhålla
1192 678 265 36 bostadsbidrag
1478 677 104 35 enligt
1602 676 20 30 9
1647 675 65 30 och
1737 675 38 29 10

1038 730 40 37 88
1096 729 131 37 jämväl
1246 729 54 30 för
1318 728 95 30 tiden
1432 728 74 29 före
1524 726 153 30 nämnda
1697 725 76 36 dag,

1039 780 109 30 under
1188 778 246 36 förutsättning
1477 779 49 28 att
1566 776 65 30 den
1672 775 103 35 enligt

1045 827 624 38 fredsfamiljebidragsförordningen
1711 825 67 30 den

1043 883 43 29 30
1104 882 77 36 juni
1199 881 84 30 1942
1301 880 59 37 (nr
1377 879 82 31 524)
1478 876 168 38 utgående
1664 875 113 32 famil-

1043 931 231 37 jepenningen
1293 929 89 31 varit
1401 928 271 37 uppenbarligen
1691 926 86 30 otill-

1043 981 132 37 räcklig
1191 981 55 30 för
1265 978 354 32 bostadskostnadens
1637 977 140 30 täckan-

1045 1033 53 35 de;
1120 1032 90 30 dock
1230 1030 31 37 ej
1285 1031 56 30 för
1360 1031 119 35 längre
1499 1029 49 30 tid
1570 1027 143 31 tillbaka
1734 1028 46 29 än

1045 1092 58 22 sex
1157 1082 168 31 månader
1382 1081 75 36 före
1514 1078 265 38 förordningens

1044 1132 286 38 ikraftträdande.

626 1272 36 30 B.
684 1275 50 27 att
752 1270 217 31 motionerna
991 1269 27 30 I:
1034 1269 72 35 256,
1129 1267 44 30 11:
1189 1267 61 29 407
1273 1266 67 30 och
1360 1265 45 30 II:
1420 1265 74 36 408,
1520 1264 5 30 i
1548 1264 66 30 den
1634 1261 82 32 mån
1737 1262 42 30 de

582 1323 77 30 icke
695 1322 175 30 besvarats
910 1328 123 29 genom

1070 1318 68 30 vad
1177 1317 166 30 utskottet
1381 1316 111 30 under
1518 1315 36 29 A.
1593 1313 184 34 hemställt,

581 1373 77 31 icke
682 1371 105 31 måtte
809 1371 182 31 föranleda
1012 1369 51 31 till
1085 1367 116 38 någon
1222 1367 204 35 riksdagens
1450 1364 130 37 åtgärd.

318 1475 202 31 Stockholm
543 1475 66 30 den
634 1474 39 29 21
700 1482 92 21 mars
818 1472 95 30 1946.

722 1589 48 32 På
792 1590 111 30 andra
927 1587 239 37 lagutskottets
1191 1586 142 36 vägnar:

844 1664 138 31 DAVID
1008 1662 199 32 NORMAN.

310 1876 55 25 Vid
388 1876 132 25 ärendets
543 1875 175 31 behandling
740 1874 36 24 ha
798 1872 128 25 närvarit

309 1934 66 26 från
396 1935 137 25 första
552 1934 179 25 kammaren:
753 1933 98 24 herrar
870 1931 139 29 Norman,
1028 1928 129 31 Linder",
1182 1927 153 30 Wistrand,
1356 1925 153 30 Forslund,
1528 1924 167 31 Björkman,
1714 1922 67 25 Hal-

277 1978 108 32 lagård,
403 1977 167 26 Söderkvist
589 1977 55 25 och
661 1975 144 32 Englund;

311 2036 66 25 från
406 2036 127 25 andra
557 2036 180 24 kammaren:
764 2034 99 24 herrar
889 2032 126 25 Olovson
1041 2031 9 24 i
1075 2028 161 30 Västerås",
1262 2028 185 30 Hellbacken,
1476 2026 120 31 Håstad,
1623 2025 124 25 Larsson
1774 2024 9 25 i

276 2076 185 32 Östersund?,
493 2078 132 25 Carlsson
654 2077 9 25 i
692 2076 139 29 Bakeröd,
864 2075 165 25 Andersson

277 2122 118 32 Igelsbo.

313 2197 24 32 +)
364 2197 36 33 Ej
421 2197 180 26 närvarande
622 2197 48 25 vid
693 2195 173 26 utlåtandets
889 2194 148 33 justering.

1057 2074 9 24 i
1095 2072 192 29 Eskilstuna",
1318 2071 153 31 Lundberg
1501 2070 54 25 och
1583 2068 161 26 Jacobsson
1773 2068 10 24 i
