2230 2674
467 207 21 37 8
900 212 243 41 Lagutskottets
1176 212 177 34 Utlåtande
1379 212 65 34 N:o
1474 214 56 32 42.

413 295 217 37 införandet
667 294 40 38 af
741 294 152 38 officielt
931 295 167 37 erkända
1131 295 70 38 och
1229 295 203 50 ansvariga
1459 296 198 37 revisorer.
1715 294 187 39 BSärskildt
1930 295 75 38 den

413 347 289 51 tystnadspligt,
732 361 82 24 som
841 347 150 38 komme
1021 353 55 32 att
1105 348 127 50 åligga
1260 349 122 48 dessa,
1411 349 107 37 torde
1548 349 126 37 kunna
1702 353 158 46 antagas
1878 349 128 37 föran-

414 401 85 37 leda
528 401 136 49 dertill,
694 406 54 32 att
777 401 45 37 de
852 401 125 38 blefve
1006 401 12 37 i
1047 406 122 33 större
1197 401 267 50 utsträckning
1492 402 175 37 anlitade.

517 454 53 37 På
597 454 126 50 grund
752 454 40 37 af
818 454 64 37 det
910 454 156 39 anförda
1095 455 217 38 hemställer
1337 455 204 37 utskottet:

918 558 72 50 1:0)
1033 564 56 32 att
1125 559 204 49 motionen,
1359 559 11 37 i
1399 559 99 37 hvad
1527 559 72 37 den
1626 558 204 38 innefattar
1858 558 148 51 förslag

813 625 60 24 om
901 612 198 38 införande
1128 613 42 36 af
1194 612 350 50 lagbestämmelser
1572 612 12 37 1
1613 612 99 50 syfte
1741 617 55 32 att
1822 612 116 37 minst
1958 625 48 24 en

812 665 42 37 af
890 665 237 37 revisorerna
1168 666 12 36 i
1221 666 216 49 aktiebolag
1470 665 70 37 och
1568 665 233 49 registrerad
1828 664 179 50 förening

813 718 59 35 för
905 718 223 36 ekonomisk
1156 718 246 36 verksamhet
1430 717 97 37 skall
1554 730 91 23 vara
1674 730 48 22 en
1750 717 41 36 af
1815 717 191 49 företaget

813 770 227 47 oberoende,
1088 770 223 50 offentligen
1356 769 206 49 vitsordad,
1605 769 225 50 legaliserad
1871 769 134 50 yrkes-

811 823 157 48 revisor,
997 823 83 37 icke
1109 826 59 34 må
1196 824 41 36 af
1262 824 222 48 Riksdagen
1511 823 170 45 bifallas;
1712 823 70 36 och

916 875 74 50 2:0)
1021 880 54 32 att
1103 876 217 48 Riksdagen
1349 878 127 46 måtte,
1506 875 85 37 med
1621 875 207 49 anledning
1847 875 42 36 af
1905 875 101 37 hvad

811 928 12 37 i
861 928 249 38 förevarande
1147 929 145 36 motion
1327 929 13 36 i
1376 929 118 49 öfrigt
1521 928 213 48 hemstälts,
1763 928 12 36 i
1804 927 200 38 skrifvelse

812 981 57 36 till
911 981 140 50 Kongl.
1095 981 106 49 Maj:t
1242 981 160 49 anhålla,
1446 982 63 36 det
1546 980 141 50 Kongl.
1722 980 108 49 Maj:t
1857 981 148 37 täcktes

812 1039 89 44 taga
937 1034 118 37 under
1089 1034 297 50 öfvervägande,
1415 1034 184 37 huruvida
1628 1034 71 37 och
1726 1033 121 37 under
1875 1033 130 38 hvilka

811 1087 125 36 vilkor
972 1100 48 24 en
1056 1087 192 37 minoritet
1276 1087 102 37 inom
1406 1087 219 49 aktiebolag
1654 1086 91 37 eller
1772 1086 233 49 registrerad

812 1139 176 50 förening
1024 1139 58 38 för
1119 1140 223 37 ekonomisk
1378 1139 244 37 verksamhet
1654 1142 60 33 må
1743 1152 72 36 ega
1844 1139 160 48 besluta,

811 1197 56 31 att
895 1206 47 22 en
969 1197 105 31 utom
1103 1192 153 49 bolaget
1286 1193 90 36 eller
1395 1192 229 48 föreningen
1645 1192 168 45 stående,
1833 1192 59 35 för
1907 1192 98 36 revi-

812 1244 279 50 sionsuppdrag
1110 1244 178 38 särskildt
1308 1244 240 49 qvalificerad
1576 1257 141 36 person
1737 1243 95 38 skall
1852 1243 153 50 deltaga

810 1296 13 36 i
852 1297 73 36 den
953 1297 250 49 lagstadgade
1232 1297 288 50 granskningen
1550 1297 39 36 af
1615 1297 208 49 styrelsens
1848 1296 155 37 förvalt-

811 1348 94 50 ning
933 1350 70 36 och
1030 1350 173 48 bolagets
1232 1350 92 36 eller
1351 1350 246 47 föreningens
1617 1349 268 49 räkenskaper,
1907 1354 98 31 samt

810 1402 61 36 för
898 1401 220 50 Riksdagen
1145 1402 213 49 framlägga
1386 1402 46 37 de
1461 1402 145 48 förslag
1634 1401 57 36 till
1718 1401 287 50 lagstiftnings-

813 1454 177 49 åtgärder
1019 1454 240 49 härutinnan,
1288 1454 152 38 hvartill
1468 1454 286 37 förhållandena
1781 1454 127 37 kunna
1927 1454 78 37 för-

812 1506 144 38 anleda.

516 1574 222 36 Stockholm
767 1574 73 38 den
872 1577 42 36 17
947 1576 94 49 april
1072 1578 108 35 1902.

940 1663 53 36 På
1019 1662 272 50 lagutskottets
1320 1667 158 45 vägnar:

936 1749 130 37 CARL
1096 1749 40 37 B.
1166 1749 312 39 HASSELROT.

1063 1856 295 35 Reservationer:

516 1932 40 36 af
581 1931 131 38 herrar
740 1933 198 45 Hasselrot,
967 1933 134 48 grefve
1126 1934 252 48 Lewenhaupt,
1408 1933 196 50 Sandqvist
1632 1933 70 36 och
1732 1934 152 45 Leman;

517 1985 41 35 af
582 1984 89 37 herr
703 1984 193 39 Sörensson
924 1985 11 36 i
964 1985 109 49 fråga
1102 1999 60 23 om
1190 1985 102 38 vissa
1321 1985 104 37 delar
1453 1985 41 37 af
1518 1986 208 37 utskottets
1760 1985 240 50 motivering.

515 2115 140 37 Herrar
692 2117 185 36 Rudebeck
915 2116 70 37 och
1019 2116 159 37 Jansson
1215 2116 114 37 hafva
1365 2116 137 49 begärt
1533 2116 38 37 få
1600 2117 242 47 antecknadt,
1872 2121 55 32 att
1955 2117 46 36 de

412 2167 82 37 icke
524 2168 160 48 deltagit
711 2168 11 36 i
751 2168 178 37 ärendets
957 2168 235 49 behandling
1219 2169 104 36 inom
1350 2169 198 36 utskottet.

926 2362 140 26 Stockholm,
1086 2363 27 20 K.
1135 2363 24 20 L.
1180 2363 131 20 Beckmans
1330 2363 86 26 Boktr,,
1431 2365 58 19 1902.
