<?xml version="1.0" encoding="UTF-8"?>
<alto xmlns="http://www.loc.gov/standards/alto/ns-v3#" xmlns:xlink="http://www.w3.org/1999/xlink" xmlns:xsi="http://www.w3.org/2001/XMLSchema-instance" xsi:schemaLocation="http://www.loc.gov/standards/alto/ns-v3# http://www.loc.gov/alto/v3/alto-3-0.xsd">
	<Description>
		<MeasurementUnit>pixel</MeasurementUnit>
		<sourceImageInformation>
			<fileName>/tmp/tess_y_o6qmkl_input.PNG</fileName>
		</sourceImageInformation>
		<OCRProcessing ID="OCR_0">
			<ocrProcessingStep>
				<processingSoftware>
					<softwareName>tesseract 5.3.0</softwareName>
				</processingSoftware>
			</ocrProcessingStep>
		</OCRProcessing>
	</Description>
	<Layout>
		<Page WIDTH="1918" HEIGHT="2856" PHYSICAL_IMG_NR="0" ID="page_0">
			<PrintSpace HPOS="0" VPOS="0" WIDTH="1918" HEIGHT="2856">
				<ComposedBlock ID="cblock_0" HPOS="497" VPOS="138" WIDTH="1092" HEIGHT="47">
					<TextBlock ID="block_0" HPOS="497" VPOS="138" WIDTH="1092" HEIGHT="47">
						<TextLine ID="line_0" HPOS="497" VPOS="138" WIDTH="1092" HEIGHT="47">
							<String ID="string_0" HPOS="497" VPOS="149" WIDTH="397" HEIGHT="36" WC="0.92" CONTENT="Jordbruksutskottets"/><SP WIDTH="27" VPOS="149" HPOS="894"/>
							<String ID="string_1" HPOS="921" VPOS="144" WIDTH="187" HEIGHT="33" WC="0.95" CONTENT="utlåtande"/><SP WIDTH="23" VPOS="144" HPOS="1108"/>
							<String ID="string_2" HPOS="1131" VPOS="143" WIDTH="52" HEIGHT="31" WC="0.94" CONTENT="Nr"/><SP WIDTH="24" VPOS="143" HPOS="1183"/>
							<String ID="string_3" HPOS="1207" VPOS="142" WIDTH="50" HEIGHT="31" WC="0.95" CONTENT="89."/><SP WIDTH="315" VPOS="142" HPOS="1257"/>
							<String ID="string_4" HPOS="1572" VPOS="138" WIDTH="17" HEIGHT="30" WC="0.72" CONTENT="T"/>
						</TextLine>
					</TextBlock>
				</ComposedBlock>
				<ComposedBlock ID="cblock_1" HPOS="123" VPOS="216" WIDTH="1529" HEIGHT="2311">
					<TextBlock ID="block_1" HPOS="123" VPOS="216" WIDTH="1511" HEIGHT="157">
						<TextLine ID="line_1" HPOS="123" VPOS="216" WIDTH="1511" HEIGHT="52">
							<String ID="string_5" HPOS="123" VPOS="235" WIDTH="172" HEIGHT="33" WC="0.96" CONTENT="utfärdas"/><SP WIDTH="18" VPOS="235" HPOS="295"/>
							<String ID="string_6" HPOS="313" VPOS="244" WIDTH="45" HEIGHT="21" WC="0.96" CONTENT="av"/><SP WIDTH="19" VPOS="244" HPOS="358"/>
							<String ID="string_7" HPOS="377" VPOS="231" WIDTH="135" HEIGHT="36" WC="0.95" CONTENT="Kungl."/><SP WIDTH="16" VPOS="231" HPOS="512"/>
							<String ID="string_8" HPOS="528" VPOS="229" WIDTH="112" HEIGHT="36" WC="0.96" CONTENT="Maj:t"/><SP WIDTH="25" VPOS="229" HPOS="640"/>
							<String ID="string_9" HPOS="665" VPOS="228" WIDTH="5" HEIGHT="31" WC="0.96" CONTENT="i"/><SP WIDTH="18" VPOS="228" HPOS="670"/>
							<String ID="string_10" HPOS="688" VPOS="225" WIDTH="173" HEIGHT="33" WC="0.96" CONTENT="samband"/><SP WIDTH="17" VPOS="225" HPOS="861"/>
							<String ID="string_11" HPOS="878" VPOS="224" WIDTH="79" HEIGHT="32" WC="0.96" CONTENT="med"/><SP WIDTH="18" VPOS="224" HPOS="957"/>
							<String ID="string_12" HPOS="975" VPOS="222" WIDTH="126" HEIGHT="36" WC="0.96" CONTENT="övriga"/><SP WIDTH="19" VPOS="222" HPOS="1101"/>
							<String ID="string_13" HPOS="1120" VPOS="219" WIDTH="264" HEIGHT="34" WC="0.95" CONTENT="bestämmelser"/><SP WIDTH="17" VPOS="219" HPOS="1384"/>
							<String ID="string_14" HPOS="1401" VPOS="227" WIDTH="57" HEIGHT="22" WC="0.93" CONTENT="om"/><SP WIDTH="18" VPOS="227" HPOS="1458"/>
							<String ID="string_15" HPOS="1476" VPOS="216" WIDTH="158" HEIGHT="36" WC="0.91" CONTENT="tillämp-"/>
						</TextLine>
						<TextLine ID="line_2" HPOS="125" VPOS="266" WIDTH="1509" HEIGHT="58">
							<String ID="string_16" HPOS="125" VPOS="288" WIDTH="91" HEIGHT="36" WC="0.93" CONTENT="ning"/><SP WIDTH="22" VPOS="288" HPOS="216"/>
							<String ID="string_17" HPOS="238" VPOS="288" WIDTH="22" HEIGHT="30" WC="0.87" CONTENT="å"/><SP WIDTH="22" VPOS="288" HPOS="260"/>
							<String ID="string_18" HPOS="282" VPOS="281" WIDTH="436" HEIGHT="37" WC="0.90" CONTENT="distriktsveterinärerna"/><SP WIDTH="21" VPOS="281" HPOS="718"/>
							<String ID="string_19" HPOS="739" VPOS="288" WIDTH="45" HEIGHT="21" WC="0.96" CONTENT="av"/><SP WIDTH="21" VPOS="288" HPOS="784"/>
							<String ID="string_20" HPOS="805" VPOS="272" WIDTH="424" HEIGHT="39" WC="0.90" CONTENT="avlöningsreglementet"/><SP WIDTH="22" VPOS="272" HPOS="1229"/>
							<String ID="string_21" HPOS="1251" VPOS="271" WIDTH="55" HEIGHT="31" WC="0.96" CONTENT="för"/><SP WIDTH="22" VPOS="271" HPOS="1306"/>
							<String ID="string_22" HPOS="1328" VPOS="270" WIDTH="185" HEIGHT="31" WC="0.93" CONTENT="allmänna"/><SP WIDTH="20" VPOS="270" HPOS="1513"/>
							<String ID="string_23" HPOS="1533" VPOS="266" WIDTH="101" HEIGHT="34" WC="0.90" CONTENT="civil-"/>
						</TextLine>
						<TextLine ID="line_3" HPOS="129" VPOS="337" WIDTH="281" HEIGHT="36">
							<String ID="string_24" HPOS="129" VPOS="337" WIDTH="281" HEIGHT="36" WC="0.96" CONTENT="förvaltningen."/>
						</TextLine>
					</TextBlock>
					<TextBlock ID="block_2" HPOS="125" VPOS="371" WIDTH="1524" HEIGHT="1741">
						<TextLine ID="line_4" HPOS="169" VPOS="371" WIDTH="1465" HEIGHT="50">
							<String ID="string_25" HPOS="169" VPOS="389" WIDTH="125" HEIGHT="32" WC="0.95" CONTENT="Såsom"/><SP WIDTH="23" VPOS="389" HPOS="294"/>
							<String ID="string_26" HPOS="317" VPOS="388" WIDTH="41" HEIGHT="31" WC="0.96" CONTENT="de"/><SP WIDTH="24" VPOS="388" HPOS="358"/>
							<String ID="string_27" HPOS="382" VPOS="384" WIDTH="229" HEIGHT="36" WC="0.95" CONTENT="sakkunniga"/><SP WIDTH="23" VPOS="384" HPOS="611"/>
							<String ID="string_28" HPOS="634" VPOS="382" WIDTH="186" HEIGHT="32" WC="0.96" CONTENT="omnämnt"/><SP WIDTH="21" VPOS="382" HPOS="820"/>
							<String ID="string_29" HPOS="841" VPOS="379" WIDTH="159" HEIGHT="31" WC="0.96" CONTENT="kommer"/><SP WIDTH="24" VPOS="379" HPOS="1000"/>
							<String ID="string_30" HPOS="1024" VPOS="375" WIDTH="277" HEIGHT="37" WC="0.96" CONTENT="tillämpningen"/><SP WIDTH="25" VPOS="375" HPOS="1301"/>
							<String ID="string_31" HPOS="1326" VPOS="383" WIDTH="46" HEIGHT="21" WC="0.96" CONTENT="av"/><SP WIDTH="24" VPOS="383" HPOS="1372"/>
							<String ID="string_32" HPOS="1396" VPOS="372" WIDTH="67" HEIGHT="32" WC="0.96" CONTENT="den"/><SP WIDTH="25" VPOS="372" HPOS="1463"/>
							<String ID="string_33" HPOS="1488" VPOS="382" WIDTH="47" HEIGHT="20" WC="0.96" CONTENT="av"/><SP WIDTH="23" VPOS="382" HPOS="1535"/>
							<String ID="string_34" HPOS="1558" VPOS="371" WIDTH="76" HEIGHT="36" WC="0.96" CONTENT="mig"/>
						</TextLine>
						<TextLine ID="line_5" HPOS="129" VPOS="422" WIDTH="1506" HEIGHT="52">
							<String ID="string_35" HPOS="129" VPOS="440" WIDTH="191" HEIGHT="32" WC="0.93" CONTENT="förordade"/><SP WIDTH="20" VPOS="440" HPOS="320"/>
							<String ID="string_36" HPOS="340" VPOS="437" WIDTH="212" HEIGHT="37" WC="0.91" CONTENT="löneplanen"/><SP WIDTH="22" VPOS="437" HPOS="552"/>
							<String ID="string_37" HPOS="574" VPOS="436" WIDTH="54" HEIGHT="30" WC="0.96" CONTENT="att"/><SP WIDTH="22" VPOS="436" HPOS="628"/>
							<String ID="string_38" HPOS="650" VPOS="434" WIDTH="56" HEIGHT="31" WC="0.96" CONTENT="för"/><SP WIDTH="20" VPOS="434" HPOS="706"/>
							<String ID="string_39" HPOS="726" VPOS="432" WIDTH="98" HEIGHT="32" WC="0.93" CONTENT="vissa"/><SP WIDTH="19" VPOS="432" HPOS="824"/>
							<String ID="string_40" HPOS="843" VPOS="427" WIDTH="390" HEIGHT="39" WC="0.90" CONTENT="distriktsveterinärer"/><SP WIDTH="22" VPOS="427" HPOS="1233"/>
							<String ID="string_41" HPOS="1255" VPOS="424" WIDTH="163" HEIGHT="32" WC="0.96" CONTENT="medföra"/><SP WIDTH="19" VPOS="424" HPOS="1418"/>
							<String ID="string_42" HPOS="1437" VPOS="433" WIDTH="44" HEIGHT="21" WC="0.95" CONTENT="en"/><SP WIDTH="20" VPOS="433" HPOS="1481"/>
							<String ID="string_43" HPOS="1501" VPOS="422" WIDTH="134" HEIGHT="32" WC="0.92" CONTENT="minsk-"/>
						</TextLine>
						<TextLine ID="line_6" HPOS="131" VPOS="473" WIDTH="1504" HEIGHT="56">
							<String ID="string_44" HPOS="131" VPOS="493" WIDTH="88" HEIGHT="36" WC="0.95" CONTENT="ning"/><SP WIDTH="29" VPOS="493" HPOS="219"/>
							<String ID="string_45" HPOS="248" VPOS="502" WIDTH="46" HEIGHT="21" WC="0.96" CONTENT="av"/><SP WIDTH="30" VPOS="502" HPOS="294"/>
							<String ID="string_46" HPOS="324" VPOS="490" WIDTH="66" HEIGHT="32" WC="0.93" CONTENT="den"/><SP WIDTH="30" VPOS="490" HPOS="390"/>
							<String ID="string_47" HPOS="420" VPOS="487" WIDTH="181" HEIGHT="36" WC="0.92" CONTENT="avlöning,"/><SP WIDTH="31" VPOS="487" HPOS="601"/>
							<String ID="string_48" HPOS="632" VPOS="495" WIDTH="77" HEIGHT="22" WC="0.93" CONTENT="som"/><SP WIDTH="29" VPOS="495" HPOS="709"/>
							<String ID="string_49" HPOS="738" VPOS="482" WIDTH="206" HEIGHT="33" WC="0.91" CONTENT="tillerkänts"/><SP WIDTH="28" VPOS="482" HPOS="944"/>
							<String ID="string_50" HPOS="972" VPOS="480" WIDTH="79" HEIGHT="32" WC="0.96" CONTENT="dem"/><SP WIDTH="28" VPOS="480" HPOS="1051"/>
							<String ID="string_51" HPOS="1079" VPOS="489" WIDTH="47" HEIGHT="21" WC="0.96" CONTENT="av"/><SP WIDTH="28" VPOS="489" HPOS="1126"/>
							<String ID="string_52" HPOS="1154" VPOS="475" WIDTH="266" HEIGHT="34" WC="0.96" CONTENT="vederbörande"/><SP WIDTH="29" VPOS="475" HPOS="1420"/>
							<String ID="string_53" HPOS="1449" VPOS="473" WIDTH="186" HEIGHT="37" WC="0.96" CONTENT="landsting"/>
						</TextLine>
						<TextLine ID="line_7" HPOS="126" VPOS="525" WIDTH="1511" HEIGHT="50">
							<String ID="string_54" HPOS="126" VPOS="544" WIDTH="70" HEIGHT="31" WC="0.96" CONTENT="och"/><SP WIDTH="18" VPOS="544" HPOS="196"/>
							<String ID="string_55" HPOS="214" VPOS="543" WIDTH="122" HEIGHT="31" WC="0.96" CONTENT="vilken"/><SP WIDTH="20" VPOS="543" HPOS="336"/>
							<String ID="string_56" HPOS="356" VPOS="541" WIDTH="40" HEIGHT="32" WC="0.96" CONTENT="de"/><SP WIDTH="19" VPOS="541" HPOS="396"/>
							<String ID="string_57" HPOS="415" VPOS="551" WIDTH="48" HEIGHT="20" WC="0.96" CONTENT="nu"/><SP WIDTH="18" VPOS="551" HPOS="463"/>
							<String ID="string_58" HPOS="481" VPOS="538" WIDTH="163" HEIGHT="37" WC="0.96" CONTENT="uppbära"/><SP WIDTH="18" VPOS="538" HPOS="644"/>
							<String ID="string_59" HPOS="662" VPOS="535" WIDTH="86" HEIGHT="32" WC="0.93" CONTENT="eller"/><SP WIDTH="20" VPOS="535" HPOS="748"/>
							<String ID="string_60" HPOS="768" VPOS="532" WIDTH="191" HEIGHT="33" WC="0.92" CONTENT="framdeles"/><SP WIDTH="18" VPOS="532" HPOS="959"/>
							<String ID="string_61" HPOS="977" VPOS="530" WIDTH="114" HEIGHT="33" WC="0.96" CONTENT="skulle"/><SP WIDTH="18" VPOS="530" HPOS="1091"/>
							<String ID="string_62" HPOS="1109" VPOS="530" WIDTH="144" HEIGHT="31" WC="0.95" CONTENT="komma"/><SP WIDTH="17" VPOS="530" HPOS="1253"/>
							<String ID="string_63" HPOS="1270" VPOS="529" WIDTH="54" HEIGHT="30" WC="0.95" CONTENT="att"/><SP WIDTH="18" VPOS="529" HPOS="1324"/>
							<String ID="string_64" HPOS="1342" VPOS="525" WIDTH="149" HEIGHT="33" WC="0.89" CONTENT="erhålla."/><SP WIDTH="18" VPOS="525" HPOS="1491"/>
							<String ID="string_65" HPOS="1509" VPOS="525" WIDTH="128" HEIGHT="31" WC="0.96" CONTENT="Ehuru"/>
						</TextLine>
						<TextLine ID="line_8" HPOS="128" VPOS="576" WIDTH="1508" HEIGHT="56">
							<String ID="string_66" HPOS="128" VPOS="595" WIDTH="66" HEIGHT="37" WC="0.96" CONTENT="jag"/><SP WIDTH="24" VPOS="595" HPOS="194"/>
							<String ID="string_67" HPOS="218" VPOS="594" WIDTH="77" HEIGHT="32" WC="0.96" CONTENT="icke"/><SP WIDTH="23" VPOS="594" HPOS="295"/>
							<String ID="string_68" HPOS="318" VPOS="592" WIDTH="139" HEIGHT="32" WC="0.96" CONTENT="bortser"/><SP WIDTH="24" VPOS="592" HPOS="457"/>
							<String ID="string_69" HPOS="481" VPOS="591" WIDTH="93" HEIGHT="34" WC="0.96" CONTENT="från,"/><SP WIDTH="24" VPOS="591" HPOS="574"/>
							<String ID="string_70" HPOS="598" VPOS="590" WIDTH="55" HEIGHT="30" WC="0.96" CONTENT="att"/><SP WIDTH="25" VPOS="590" HPOS="653"/>
							<String ID="string_71" HPOS="678" VPOS="588" WIDTH="59" HEIGHT="31" WC="0.96" CONTENT="det"/><SP WIDTH="23" VPOS="588" HPOS="737"/>
							<String ID="string_72" HPOS="760" VPOS="587" WIDTH="113" HEIGHT="30" WC="0.96" CONTENT="måste"/><SP WIDTH="24" VPOS="587" HPOS="873"/>
							<String ID="string_73" HPOS="897" VPOS="593" WIDTH="102" HEIGHT="23" WC="0.96" CONTENT="anses"/><SP WIDTH="23" VPOS="593" HPOS="999"/>
							<String ID="string_74" HPOS="1022" VPOS="592" WIDTH="90" HEIGHT="22" WC="0.96" CONTENT="vara"/><SP WIDTH="23" VPOS="592" HPOS="1112"/>
							<String ID="string_75" HPOS="1135" VPOS="580" WIDTH="140" HEIGHT="32" WC="0.92" CONTENT="mindre"/><SP WIDTH="23" VPOS="580" HPOS="1275"/>
							<String ID="string_76" HPOS="1298" VPOS="576" WIDTH="338" HEIGHT="35" WC="0.92" CONTENT="tillfredsställande"/>
						</TextLine>
						<TextLine ID="line_9" HPOS="125" VPOS="629" WIDTH="1511" HEIGHT="50">
							<String ID="string_77" HPOS="125" VPOS="648" WIDTH="61" HEIGHT="30" WC="0.96" CONTENT="att"/><SP WIDTH="24" VPOS="648" HPOS="186"/>
							<String ID="string_78" HPOS="210" VPOS="645" WIDTH="63" HEIGHT="32" WC="0.96" CONTENT="vid"/><SP WIDTH="23" VPOS="645" HPOS="273"/>
							<String ID="string_79" HPOS="296" VPOS="654" WIDTH="44" HEIGHT="21" WC="0.96" CONTENT="en"/><SP WIDTH="23" VPOS="654" HPOS="340"/>
							<String ID="string_80" HPOS="363" VPOS="640" WIDTH="306" HEIGHT="39" WC="0.96" CONTENT="omorganisation"/><SP WIDTH="23" VPOS="640" HPOS="669"/>
							<String ID="string_81" HPOS="692" VPOS="639" WIDTH="117" HEIGHT="31" WC="0.96" CONTENT="såsom"/><SP WIDTH="26" VPOS="639" HPOS="809"/>
							<String ID="string_82" HPOS="835" VPOS="637" WIDTH="67" HEIGHT="31" WC="0.96" CONTENT="den"/><SP WIDTH="25" VPOS="637" HPOS="902"/>
							<String ID="string_83" HPOS="927" VPOS="632" WIDTH="248" HEIGHT="39" WC="0.96" CONTENT="föreliggande"/><SP WIDTH="23" VPOS="632" HPOS="1175"/>
							<String ID="string_84" HPOS="1198" VPOS="629" WIDTH="361" HEIGHT="38" WC="0.90" CONTENT="befattningshavare"/><SP WIDTH="25" VPOS="629" HPOS="1559"/>
							<String ID="string_85" HPOS="1584" VPOS="637" WIDTH="52" HEIGHT="22" WC="0.91" CONTENT="er-"/>
						</TextLine>
						<TextLine ID="line_10" HPOS="130" VPOS="679" WIDTH="1507" HEIGHT="52">
							<String ID="string_86" HPOS="130" VPOS="697" WIDTH="102" HEIGHT="32" WC="0.95" CONTENT="hålla"/><SP WIDTH="24" VPOS="697" HPOS="232"/>
							<String ID="string_87" HPOS="256" VPOS="695" WIDTH="209" HEIGHT="36" WC="0.96" CONTENT="minskning"/><SP WIDTH="24" VPOS="695" HPOS="465"/>
							<String ID="string_88" HPOS="489" VPOS="694" WIDTH="12" HEIGHT="30" WC="0.96" CONTENT="i"/><SP WIDTH="25" VPOS="694" HPOS="501"/>
							<String ID="string_89" HPOS="526" VPOS="692" WIDTH="156" HEIGHT="36" WC="0.96" CONTENT="tidigare"/><SP WIDTH="23" VPOS="692" HPOS="682"/>
							<String ID="string_90" HPOS="705" VPOS="689" WIDTH="193" HEIGHT="37" WC="0.96" CONTENT="uppburna"/><SP WIDTH="25" VPOS="689" HPOS="898"/>
							<String ID="string_91" HPOS="923" VPOS="687" WIDTH="96" HEIGHT="31" WC="0.93" CONTENT="fasta"/><SP WIDTH="23" VPOS="687" HPOS="1019"/>
							<String ID="string_92" HPOS="1042" VPOS="684" WIDTH="275" HEIGHT="35" WC="0.90" CONTENT="löneförmåner,"/><SP WIDTH="27" VPOS="684" HPOS="1317"/>
							<String ID="string_93" HPOS="1344" VPOS="690" WIDTH="105" HEIGHT="23" WC="0.96" CONTENT="anser"/><SP WIDTH="25" VPOS="690" HPOS="1449"/>
							<String ID="string_94" HPOS="1474" VPOS="680" WIDTH="62" HEIGHT="37" WC="0.96" CONTENT="jag"/><SP WIDTH="25" VPOS="680" HPOS="1536"/>
							<String ID="string_95" HPOS="1561" VPOS="679" WIDTH="76" HEIGHT="37" WC="0.96" CONTENT="mig"/>
						</TextLine>
						<TextLine ID="line_11" HPOS="128" VPOS="731" WIDTH="1511" HEIGHT="49">
							<String ID="string_96" HPOS="128" VPOS="748" WIDTH="94" HEIGHT="32" WC="0.96" CONTENT="dock"/><SP WIDTH="25" VPOS="748" HPOS="222"/>
							<String ID="string_97" HPOS="247" VPOS="748" WIDTH="77" HEIGHT="31" WC="0.96" CONTENT="icke"/><SP WIDTH="24" VPOS="748" HPOS="324"/>
							<String ID="string_98" HPOS="348" VPOS="746" WIDTH="88" HEIGHT="31" WC="0.96" CONTENT="böra"/><SP WIDTH="25" VPOS="746" HPOS="436"/>
							<String ID="string_99" HPOS="461" VPOS="742" WIDTH="205" HEIGHT="34" WC="0.96" CONTENT="framställa"/><SP WIDTH="24" VPOS="742" HPOS="666"/>
							<String ID="string_100" HPOS="690" VPOS="741" WIDTH="111" HEIGHT="36" WC="0.96" CONTENT="något"/><SP WIDTH="25" VPOS="741" HPOS="801"/>
							<String ID="string_101" HPOS="826" VPOS="738" WIDTH="146" HEIGHT="37" WC="0.95" CONTENT="förslag,"/><SP WIDTH="27" VPOS="738" HPOS="972"/>
							<String ID="string_102" HPOS="999" VPOS="738" WIDTH="54" HEIGHT="30" WC="0.92" CONTENT="att"/><SP WIDTH="24" VPOS="738" HPOS="1053"/>
							<String ID="string_103" HPOS="1077" VPOS="733" WIDTH="351" HEIGHT="34" WC="0.91" CONTENT="distriktsveterinär"/><SP WIDTH="24" VPOS="733" HPOS="1428"/>
							<String ID="string_104" HPOS="1452" VPOS="731" WIDTH="62" HEIGHT="32" WC="0.93" CONTENT="vid"/><SP WIDTH="24" VPOS="731" HPOS="1514"/>
							<String ID="string_105" HPOS="1538" VPOS="733" WIDTH="101" HEIGHT="30" WC="0.91" CONTENT="över-"/>
						</TextLine>
						<TextLine ID="line_12" HPOS="132" VPOS="782" WIDTH="1507" HEIGHT="54">
							<String ID="string_106" HPOS="132" VPOS="801" WIDTH="97" HEIGHT="35" WC="0.96" CONTENT="gång"/><SP WIDTH="24" VPOS="801" HPOS="229"/>
							<String ID="string_107" HPOS="253" VPOS="798" WIDTH="57" HEIGHT="32" WC="0.92" CONTENT="till"/><SP WIDTH="21" VPOS="798" HPOS="310"/>
							<String ID="string_108" HPOS="331" VPOS="794" WIDTH="315" HEIGHT="37" WC="0.91" CONTENT="statsanställning"/><SP WIDTH="22" VPOS="794" HPOS="646"/>
							<String ID="string_109" HPOS="668" VPOS="792" WIDTH="93" HEIGHT="33" WC="0.96" CONTENT="skall"/><SP WIDTH="22" VPOS="792" HPOS="761"/>
							<String ID="string_110" HPOS="783" VPOS="790" WIDTH="139" HEIGHT="33" WC="0.96" CONTENT="erhålla"/><SP WIDTH="22" VPOS="790" HPOS="922"/>
							<String ID="string_111" HPOS="944" VPOS="787" WIDTH="215" HEIGHT="39" WC="0.96" CONTENT="gottgörelse"/><SP WIDTH="23" VPOS="787" HPOS="1159"/>
							<String ID="string_112" HPOS="1182" VPOS="786" WIDTH="56" HEIGHT="31" WC="0.96" CONTENT="för"/><SP WIDTH="20" VPOS="786" HPOS="1238"/>
							<String ID="string_113" HPOS="1258" VPOS="785" WIDTH="67" HEIGHT="32" WC="0.91" CONTENT="den"/><SP WIDTH="21" VPOS="785" HPOS="1325"/>
							<String ID="string_114" HPOS="1346" VPOS="782" WIDTH="293" HEIGHT="33" WC="0.91" CONTENT="inkomstminsk-"/>
						</TextLine>
						<TextLine ID="line_13" HPOS="133" VPOS="834" WIDTH="1507" HEIGHT="54">
							<String ID="string_115" HPOS="133" VPOS="851" WIDTH="99" HEIGHT="37" WC="0.96" CONTENT="ning,"/><SP WIDTH="21" VPOS="851" HPOS="232"/>
							<String ID="string_116" HPOS="253" VPOS="859" WIDTH="75" HEIGHT="22" WC="0.96" CONTENT="som"/><SP WIDTH="21" VPOS="859" HPOS="328"/>
							<String ID="string_117" HPOS="349" VPOS="847" WIDTH="173" HEIGHT="37" WC="0.96" CONTENT="möjligen"/><SP WIDTH="20" VPOS="847" HPOS="522"/>
							<String ID="string_118" HPOS="542" VPOS="846" WIDTH="72" HEIGHT="31" WC="0.96" CONTENT="kan"/><SP WIDTH="21" VPOS="846" HPOS="614"/>
							<String ID="string_119" HPOS="635" VPOS="844" WIDTH="132" HEIGHT="37" WC="0.96" CONTENT="uppstå"/><SP WIDTH="20" VPOS="844" HPOS="767"/>
							<String ID="string_120" HPOS="787" VPOS="843" WIDTH="56" HEIGHT="31" WC="0.96" CONTENT="för"/><SP WIDTH="22" VPOS="843" HPOS="843"/>
							<String ID="string_121" HPOS="865" VPOS="842" WIDTH="139" HEIGHT="31" WC="0.96" CONTENT="honom."/><SP WIDTH="43" VPOS="842" HPOS="1004"/>
							<String ID="string_122" HPOS="1047" VPOS="839" WIDTH="69" HEIGHT="31" WC="0.96" CONTENT="Det"/><SP WIDTH="20" VPOS="839" HPOS="1116"/>
							<String ID="string_123" HPOS="1136" VPOS="838" WIDTH="117" HEIGHT="37" WC="0.96" CONTENT="ligger"/><SP WIDTH="21" VPOS="838" HPOS="1253"/>
							<String ID="string_124" HPOS="1274" VPOS="836" WIDTH="182" HEIGHT="36" WC="0.96" CONTENT="nämligen"/><SP WIDTH="21" VPOS="836" HPOS="1456"/>
							<String ID="string_125" HPOS="1477" VPOS="834" WIDTH="12" HEIGHT="31" WC="0.96" CONTENT="i"/><SP WIDTH="21" VPOS="834" HPOS="1489"/>
							<String ID="string_126" HPOS="1510" VPOS="834" WIDTH="130" HEIGHT="31" WC="0.96" CONTENT="sakens"/>
						</TextLine>
						<TextLine ID="line_14" HPOS="135" VPOS="885" WIDTH="1506" HEIGHT="53">
							<String ID="string_127" HPOS="135" VPOS="903" WIDTH="119" HEIGHT="35" WC="0.95" CONTENT="natur,"/><SP WIDTH="21" VPOS="903" HPOS="254"/>
							<String ID="string_128" HPOS="275" VPOS="902" WIDTH="54" HEIGHT="30" WC="0.96" CONTENT="att"/><SP WIDTH="18" VPOS="902" HPOS="329"/>
							<String ID="string_129" HPOS="347" VPOS="900" WIDTH="62" HEIGHT="31" WC="0.96" CONTENT="vid"/><SP WIDTH="21" VPOS="900" HPOS="409"/>
							<String ID="string_130" HPOS="430" VPOS="896" WIDTH="278" HEIGHT="38" WC="0.95" CONTENT="tillämpningen"/><SP WIDTH="21" VPOS="896" HPOS="708"/>
							<String ID="string_131" HPOS="729" VPOS="905" WIDTH="46" HEIGHT="22" WC="0.96" CONTENT="av"/><SP WIDTH="22" VPOS="905" HPOS="775"/>
							<String ID="string_132" HPOS="797" VPOS="894" WIDTH="41" HEIGHT="32" WC="0.96" CONTENT="de"/><SP WIDTH="21" VPOS="894" HPOS="838"/>
							<String ID="string_133" HPOS="859" VPOS="903" WIDTH="99" HEIGHT="21" WC="0.96" CONTENT="mera"/><SP WIDTH="20" VPOS="903" HPOS="958"/>
							<String ID="string_134" HPOS="978" VPOS="890" WIDTH="183" HEIGHT="37" WC="0.91" CONTENT="enhetliga"/><SP WIDTH="21" VPOS="890" HPOS="1161"/>
							<String ID="string_135" HPOS="1182" VPOS="885" WIDTH="361" HEIGHT="39" WC="0.91" CONTENT="avlöningsgrunder,"/><SP WIDTH="20" VPOS="885" HPOS="1543"/>
							<String ID="string_136" HPOS="1563" VPOS="893" WIDTH="78" HEIGHT="24" WC="0.96" CONTENT="som"/>
						</TextLine>
						<TextLine ID="line_15" HPOS="132" VPOS="935" WIDTH="1507" HEIGHT="49">
							<String ID="string_137" HPOS="132" VPOS="952" WIDTH="203" HEIGHT="32" WC="0.96" CONTENT="innefattas"/><SP WIDTH="29" VPOS="952" HPOS="335"/>
							<String ID="string_138" HPOS="364" VPOS="951" WIDTH="12" HEIGHT="31" WC="0.96" CONTENT="i"/><SP WIDTH="31" VPOS="951" HPOS="376"/>
							<String ID="string_139" HPOS="407" VPOS="950" WIDTH="59" HEIGHT="32" WC="0.96" CONTENT="det"/><SP WIDTH="30" VPOS="950" HPOS="466"/>
							<String ID="string_140" HPOS="496" VPOS="947" WIDTH="150" HEIGHT="37" WC="0.93" CONTENT="statliga"/><SP WIDTH="29" VPOS="947" HPOS="646"/>
							<String ID="string_141" HPOS="675" VPOS="944" WIDTH="372" HEIGHT="38" WC="0.91" CONTENT="avlöningssystemet,"/><SP WIDTH="33" VPOS="944" HPOS="1047"/>
							<String ID="string_142" HPOS="1080" VPOS="952" WIDTH="42" HEIGHT="21" WC="0.96" CONTENT="en"/><SP WIDTH="30" VPOS="952" HPOS="1122"/>
							<String ID="string_143" HPOS="1152" VPOS="939" WIDTH="208" HEIGHT="38" WC="0.96" CONTENT="utjämning"/><SP WIDTH="31" VPOS="939" HPOS="1360"/>
							<String ID="string_144" HPOS="1391" VPOS="938" WIDTH="160" HEIGHT="31" WC="0.96" CONTENT="kommer"/><SP WIDTH="30" VPOS="938" HPOS="1551"/>
							<String ID="string_145" HPOS="1581" VPOS="935" WIDTH="58" HEIGHT="33" WC="0.96" CONTENT="till"/>
						</TextLine>
						<TextLine ID="line_16" HPOS="132" VPOS="989" WIDTH="1510" HEIGHT="49">
							<String ID="string_146" HPOS="132" VPOS="1003" WIDTH="118" HEIGHT="32" WC="0.96" CONTENT="stånd."/><SP WIDTH="43" VPOS="1003" HPOS="250"/>
							<String ID="string_147" HPOS="293" VPOS="1001" WIDTH="65" HEIGHT="33" WC="0.96" CONTENT="Om"/><SP WIDTH="21" VPOS="1001" HPOS="358"/>
							<String ID="string_148" HPOS="379" VPOS="1002" WIDTH="63" HEIGHT="36" WC="0.96" CONTENT="jag"/><SP WIDTH="23" VPOS="1002" HPOS="442"/>
							<String ID="string_149" HPOS="465" VPOS="1000" WIDTH="106" HEIGHT="31" WC="0.95" CONTENT="alltså"/><SP WIDTH="21" VPOS="1000" HPOS="571"/>
							<String ID="string_150" HPOS="592" VPOS="999" WIDTH="77" HEIGHT="31" WC="0.96" CONTENT="icke"/><SP WIDTH="23" VPOS="999" HPOS="669"/>
							<String ID="string_151" HPOS="692" VPOS="998" WIDTH="119" HEIGHT="31" WC="0.96" CONTENT="finner"/><SP WIDTH="22" VPOS="998" HPOS="811"/>
							<String ID="string_152" HPOS="833" VPOS="994" WIDTH="194" HEIGHT="36" WC="0.96" CONTENT="anledning"/><SP WIDTH="21" VPOS="994" HPOS="1027"/>
							<String ID="string_153" HPOS="1048" VPOS="992" WIDTH="180" HEIGHT="37" WC="0.96" CONTENT="föreligga"/><SP WIDTH="21" VPOS="992" HPOS="1228"/>
							<String ID="string_154" HPOS="1249" VPOS="991" WIDTH="54" HEIGHT="31" WC="0.96" CONTENT="att"/><SP WIDTH="21" VPOS="991" HPOS="1303"/>
							<String ID="string_155" HPOS="1324" VPOS="989" WIDTH="133" HEIGHT="32" WC="0.96" CONTENT="föreslå"/><SP WIDTH="21" VPOS="989" HPOS="1457"/>
							<String ID="string_156" HPOS="1478" VPOS="998" WIDTH="43" HEIGHT="21" WC="0.93" CONTENT="en"/><SP WIDTH="20" VPOS="998" HPOS="1521"/>
							<String ID="string_157" HPOS="1541" VPOS="990" WIDTH="101" HEIGHT="29" WC="0.85" CONTENT="över-"/>
						</TextLine>
						<TextLine ID="line_17" HPOS="133" VPOS="1040" WIDTH="1509" HEIGHT="52">
							<String ID="string_158" HPOS="133" VPOS="1052" WIDTH="367" HEIGHT="40" WC="0.77" CONTENT="gångsbestämmelse"/><SP WIDTH="29" VPOS="1052" HPOS="500"/>
							<String ID="string_159" HPOS="529" VPOS="1061" WIDTH="47" HEIGHT="21" WC="0.96" CONTENT="av"/><SP WIDTH="27" VPOS="1061" HPOS="576"/>
							<String ID="string_160" HPOS="603" VPOS="1060" WIDTH="86" HEIGHT="27" WC="0.95" CONTENT="nyss"/><SP WIDTH="29" VPOS="1060" HPOS="689"/>
							<String ID="string_161" HPOS="718" VPOS="1049" WIDTH="148" HEIGHT="36" WC="0.95" CONTENT="angivet"/><SP WIDTH="30" VPOS="1049" HPOS="866"/>
							<String ID="string_162" HPOS="896" VPOS="1044" WIDTH="169" HEIGHT="37" WC="0.95" CONTENT="innehåll,"/><SP WIDTH="29" VPOS="1044" HPOS="1065"/>
							<String ID="string_163" HPOS="1094" VPOS="1044" WIDTH="67" HEIGHT="31" WC="0.96" CONTENT="vill"/><SP WIDTH="29" VPOS="1044" HPOS="1161"/>
							<String ID="string_164" HPOS="1190" VPOS="1043" WIDTH="62" HEIGHT="37" WC="0.96" CONTENT="jag"/><SP WIDTH="30" VPOS="1043" HPOS="1252"/>
							<String ID="string_165" HPOS="1282" VPOS="1042" WIDTH="88" HEIGHT="32" WC="0.96" CONTENT="dock"/><SP WIDTH="31" VPOS="1042" HPOS="1370"/>
							<String ID="string_166" HPOS="1401" VPOS="1040" WIDTH="155" HEIGHT="35" WC="0.96" CONTENT="förorda,"/><SP WIDTH="29" VPOS="1040" HPOS="1556"/>
							<String ID="string_167" HPOS="1585" VPOS="1040" WIDTH="57" HEIGHT="31" WC="0.96" CONTENT="att"/>
						</TextLine>
						<TextLine ID="line_18" HPOS="133" VPOS="1090" WIDTH="1508" HEIGHT="48">
							<String ID="string_168" HPOS="133" VPOS="1107" WIDTH="11" HEIGHT="30" WC="0.95" CONTENT="i"/><SP WIDTH="52" VPOS="1107" HPOS="144"/>
							<String ID="string_169" HPOS="196" VPOS="1104" WIDTH="173" HEIGHT="33" WC="0.96" CONTENT="samband"/><SP WIDTH="47" VPOS="1104" HPOS="369"/>
							<String ID="string_170" HPOS="416" VPOS="1103" WIDTH="81" HEIGHT="31" WC="0.96" CONTENT="med"/><SP WIDTH="28" VPOS="1103" HPOS="497"/>
							<String ID="string_171" HPOS="525" VPOS="1102" WIDTH="229" HEIGHT="36" WC="0.95" CONTENT="övergången"/><SP WIDTH="28" VPOS="1102" HPOS="754"/>
							<String ID="string_172" HPOS="782" VPOS="1097" WIDTH="197" HEIGHT="38" WC="0.96" CONTENT="stadgande"/><SP WIDTH="29" VPOS="1097" HPOS="979"/>
							<String ID="string_173" HPOS="1008" VPOS="1095" WIDTH="180" HEIGHT="32" WC="0.96" CONTENT="meddelas"/><SP WIDTH="28" VPOS="1095" HPOS="1188"/>
							<String ID="string_174" HPOS="1216" VPOS="1094" WIDTH="133" HEIGHT="35" WC="0.96" CONTENT="därom,"/><SP WIDTH="30" VPOS="1094" HPOS="1349"/>
							<String ID="string_175" HPOS="1379" VPOS="1093" WIDTH="55" HEIGHT="30" WC="0.96" CONTENT="att"/><SP WIDTH="28" VPOS="1093" HPOS="1434"/>
							<String ID="string_176" HPOS="1462" VPOS="1090" WIDTH="179" HEIGHT="33" WC="0.91" CONTENT="distrikts-"/>
						</TextLine>
						<TextLine ID="line_19" HPOS="132" VPOS="1143" WIDTH="1510" HEIGHT="47">
							<String ID="string_177" HPOS="132" VPOS="1157" WIDTH="187" HEIGHT="31" WC="0.96" CONTENT="veterinär"/><SP WIDTH="47" VPOS="1157" HPOS="319"/>
							<String ID="string_178" HPOS="366" VPOS="1155" WIDTH="92" HEIGHT="31" WC="0.96" CONTENT="skall"/><SP WIDTH="49" VPOS="1155" HPOS="458"/>
							<String ID="string_179" HPOS="507" VPOS="1156" WIDTH="69" HEIGHT="34" WC="0.95" CONTENT="äga"/><SP WIDTH="49" VPOS="1156" HPOS="576"/>
							<String ID="string_180" HPOS="625" VPOS="1153" WIDTH="57" HEIGHT="31" WC="0.95" CONTENT="för"/><SP WIDTH="36" VPOS="1153" HPOS="682"/>
							<String ID="string_181" HPOS="718" VPOS="1150" WIDTH="185" HEIGHT="38" WC="0.93" CONTENT="placering"/><SP WIDTH="38" VPOS="1150" HPOS="903"/>
							<String ID="string_182" HPOS="941" VPOS="1150" WIDTH="21" HEIGHT="30" WC="0.92" CONTENT="å"/><SP WIDTH="36" VPOS="1150" HPOS="962"/>
							<String ID="string_183" HPOS="998" VPOS="1148" WIDTH="67" HEIGHT="31" WC="0.96" CONTENT="den"/><SP WIDTH="34" VPOS="1148" HPOS="1065"/>
							<String ID="string_184" HPOS="1099" VPOS="1157" WIDTH="73" HEIGHT="26" WC="0.89" CONTENT="nya"/><SP WIDTH="35" VPOS="1157" HPOS="1172"/>
							<String ID="string_185" HPOS="1207" VPOS="1144" WIDTH="211" HEIGHT="37" WC="0.89" CONTENT="löneplanen"/><SP WIDTH="36" VPOS="1144" HPOS="1418"/>
							<String ID="string_186" HPOS="1454" VPOS="1143" WIDTH="65" HEIGHT="31" WC="0.93" CONTENT="och"/><SP WIDTH="34" VPOS="1143" HPOS="1519"/>
							<String ID="string_187" HPOS="1553" VPOS="1152" WIDTH="89" HEIGHT="27" WC="0.91" CONTENT="upp-"/>
						</TextLine>
						<TextLine ID="line_20" HPOS="137" VPOS="1194" WIDTH="1506" HEIGHT="52">
							<String ID="string_188" HPOS="137" VPOS="1208" WIDTH="181" HEIGHT="38" WC="0.96" CONTENT="flyttning"/><SP WIDTH="25" VPOS="1208" HPOS="318"/>
							<String ID="string_189" HPOS="343" VPOS="1207" WIDTH="11" HEIGHT="31" WC="0.96" CONTENT="i"/><SP WIDTH="25" VPOS="1207" HPOS="354"/>
							<String ID="string_190" HPOS="379" VPOS="1207" WIDTH="111" HEIGHT="36" WC="0.93" CONTENT="högre"/><SP WIDTH="26" VPOS="1207" HPOS="490"/>
							<String ID="string_191" HPOS="516" VPOS="1204" WIDTH="179" HEIGHT="32" WC="0.92" CONTENT="löneklass"/><SP WIDTH="25" VPOS="1204" HPOS="695"/>
							<String ID="string_192" HPOS="720" VPOS="1201" WIDTH="267" HEIGHT="38" WC="0.96" CONTENT="tillgodoräkna"/><SP WIDTH="25" VPOS="1201" HPOS="987"/>
							<String ID="string_193" HPOS="1012" VPOS="1199" WIDTH="81" HEIGHT="32" WC="0.96" CONTENT="hela"/><SP WIDTH="25" VPOS="1199" HPOS="1093"/>
							<String ID="string_194" HPOS="1118" VPOS="1198" WIDTH="55" HEIGHT="31" WC="0.96" CONTENT="sin"/><SP WIDTH="26" VPOS="1198" HPOS="1173"/>
							<String ID="string_195" HPOS="1199" VPOS="1195" WIDTH="190" HEIGHT="39" WC="0.96" CONTENT="tjänstetid"/><SP WIDTH="26" VPOS="1195" HPOS="1389"/>
							<String ID="string_196" HPOS="1415" VPOS="1196" WIDTH="115" HEIGHT="30" WC="0.91" CONTENT="såsom"/><SP WIDTH="27" VPOS="1196" HPOS="1530"/>
							<String ID="string_197" HPOS="1557" VPOS="1194" WIDTH="86" HEIGHT="31" WC="0.90" CONTENT="dist-"/>
						</TextLine>
						<TextLine ID="line_21" HPOS="136" VPOS="1243" WIDTH="1509" HEIGHT="51">
							<String ID="string_198" HPOS="136" VPOS="1258" WIDTH="289" HEIGHT="36" WC="0.92" CONTENT="riktsveterinär,"/><SP WIDTH="24" VPOS="1258" HPOS="425"/>
							<String ID="string_199" HPOS="449" VPOS="1258" WIDTH="169" HEIGHT="29" WC="0.96" CONTENT="ävensom"/><SP WIDTH="24" VPOS="1258" HPOS="618"/>
							<String ID="string_200" HPOS="642" VPOS="1254" WIDTH="66" HEIGHT="31" WC="0.96" CONTENT="den"/><SP WIDTH="25" VPOS="1254" HPOS="708"/>
							<String ID="string_201" HPOS="733" VPOS="1253" WIDTH="62" HEIGHT="36" WC="0.96" CONTENT="tid,"/><SP WIDTH="25" VPOS="1253" HPOS="795"/>
							<String ID="string_202" HPOS="820" VPOS="1253" WIDTH="72" HEIGHT="30" WC="0.96" CONTENT="han"/><SP WIDTH="27" VPOS="1253" HPOS="892"/>
							<String ID="string_203" HPOS="919" VPOS="1251" WIDTH="75" HEIGHT="31" WC="0.96" CONTENT="före"/><SP WIDTH="25" VPOS="1251" HPOS="994"/>
							<String ID="string_204" HPOS="1019" VPOS="1247" WIDTH="311" HEIGHT="38" WC="0.92" CONTENT="överflyttningen"/><SP WIDTH="25" VPOS="1247" HPOS="1330"/>
							<String ID="string_205" HPOS="1355" VPOS="1245" WIDTH="57" HEIGHT="31" WC="0.93" CONTENT="till"/><SP WIDTH="25" VPOS="1245" HPOS="1412"/>
							<String ID="string_206" HPOS="1437" VPOS="1243" WIDTH="208" HEIGHT="36" WC="0.91" CONTENT="statstjänst"/>
						</TextLine>
						<TextLine ID="line_22" HPOS="136" VPOS="1290" WIDTH="1508" HEIGHT="51">
							<String ID="string_207" HPOS="136" VPOS="1309" WIDTH="169" HEIGHT="32" WC="0.93" CONTENT="innehaft"/><SP WIDTH="28" VPOS="1309" HPOS="305"/>
							<String ID="string_208" HPOS="333" VPOS="1303" WIDTH="481" HEIGHT="36" WC="0.90" CONTENT="länsveterinärbefattning."/><SP WIDTH="70" VPOS="1303" HPOS="814"/>
							<String ID="string_209" HPOS="884" VPOS="1301" WIDTH="100" HEIGHT="36" WC="0.96" CONTENT="Något"/><SP WIDTH="29" VPOS="1301" HPOS="984"/>
							<String ID="string_210" HPOS="1013" VPOS="1298" WIDTH="138" HEIGHT="36" WC="0.96" CONTENT="avdrag"/><SP WIDTH="29" VPOS="1298" HPOS="1151"/>
							<String ID="string_211" HPOS="1180" VPOS="1297" WIDTH="12" HEIGHT="31" WC="0.96" CONTENT="i"/><SP WIDTH="32" VPOS="1297" HPOS="1192"/>
							<String ID="string_212" HPOS="1224" VPOS="1296" WIDTH="106" HEIGHT="36" WC="0.96" CONTENT="fråga"/><SP WIDTH="28" VPOS="1296" HPOS="1330"/>
							<String ID="string_213" HPOS="1358" VPOS="1304" WIDTH="57" HEIGHT="21" WC="0.96" CONTENT="om"/><SP WIDTH="30" VPOS="1304" HPOS="1415"/>
							<String ID="string_214" HPOS="1445" VPOS="1292" WIDTH="116" HEIGHT="32" WC="0.96" CONTENT="denna"/><SP WIDTH="28" VPOS="1292" HPOS="1561"/>
							<String ID="string_215" HPOS="1589" VPOS="1290" WIDTH="55" HEIGHT="32" WC="0.96" CONTENT="tid"/>
						</TextLine>
						<TextLine ID="line_23" HPOS="136" VPOS="1344" WIDTH="1509" HEIGHT="54">
							<String ID="string_216" HPOS="136" VPOS="1371" WIDTH="110" HEIGHT="27" WC="0.96" CONTENT="synes"/><SP WIDTH="25" VPOS="1371" HPOS="246"/>
							<String ID="string_217" HPOS="271" VPOS="1360" WIDTH="77" HEIGHT="31" WC="0.96" CONTENT="icke"/><SP WIDTH="23" VPOS="1360" HPOS="348"/>
							<String ID="string_218" HPOS="371" VPOS="1358" WIDTH="206" HEIGHT="36" WC="0.96" CONTENT="berättigat,"/><SP WIDTH="25" VPOS="1358" HPOS="577"/>
							<String ID="string_219" HPOS="602" VPOS="1366" WIDTH="81" HEIGHT="21" WC="0.96" CONTENT="men"/><SP WIDTH="26" VPOS="1366" HPOS="683"/>
							<String ID="string_220" HPOS="709" VPOS="1354" WIDTH="99" HEIGHT="32" WC="0.96" CONTENT="torde"/><SP WIDTH="25" VPOS="1354" HPOS="808"/>
							<String ID="string_221" HPOS="833" VPOS="1354" WIDTH="12" HEIGHT="31" WC="0.96" CONTENT="i"/><SP WIDTH="26" VPOS="1354" HPOS="845"/>
							<String ID="string_222" HPOS="871" VPOS="1353" WIDTH="121" HEIGHT="36" WC="0.96" CONTENT="övrigt"/><SP WIDTH="25" VPOS="1353" HPOS="992"/>
							<String ID="string_223" HPOS="1017" VPOS="1351" WIDTH="88" HEIGHT="31" WC="0.96" CONTENT="böra"/><SP WIDTH="25" VPOS="1351" HPOS="1105"/>
							<String ID="string_224" HPOS="1130" VPOS="1349" WIDTH="183" HEIGHT="35" WC="0.96" CONTENT="tillämpas"/><SP WIDTH="25" VPOS="1349" HPOS="1313"/>
							<String ID="string_225" HPOS="1338" VPOS="1346" WIDTH="41" HEIGHT="31" WC="0.95" CONTENT="de"/><SP WIDTH="26" VPOS="1346" HPOS="1379"/>
							<String ID="string_226" HPOS="1405" VPOS="1344" WIDTH="240" HEIGHT="35" WC="0.95" CONTENT="föreskrifter,"/>
						</TextLine>
						<TextLine ID="line_24" HPOS="136" VPOS="1391" WIDTH="1510" HEIGHT="54">
							<String ID="string_227" HPOS="136" VPOS="1420" WIDTH="79" HEIGHT="22" WC="0.93" CONTENT="som"/><SP WIDTH="23" VPOS="1420" HPOS="215"/>
							<String ID="string_228" HPOS="238" VPOS="1407" WIDTH="427" HEIGHT="38" WC="0.88" CONTENT="avlöningsreglementet"/><SP WIDTH="22" VPOS="1407" HPOS="665"/>
							<String ID="string_229" HPOS="687" VPOS="1403" WIDTH="201" HEIGHT="32" WC="0.96" CONTENT="innehåller"/><SP WIDTH="24" VPOS="1403" HPOS="888"/>
							<String ID="string_230" HPOS="912" VPOS="1400" WIDTH="152" HEIGHT="32" WC="0.96" CONTENT="rörande"/><SP WIDTH="25" VPOS="1400" HPOS="1064"/>
							<String ID="string_231" HPOS="1089" VPOS="1395" WIDTH="308" HEIGHT="40" WC="0.92" CONTENT="tillgodoräkning"/><SP WIDTH="25" VPOS="1395" HPOS="1397"/>
							<String ID="string_232" HPOS="1422" VPOS="1404" WIDTH="46" HEIGHT="21" WC="0.96" CONTENT="av"/><SP WIDTH="23" VPOS="1404" HPOS="1468"/>
							<String ID="string_233" HPOS="1491" VPOS="1394" WIDTH="75" HEIGHT="31" WC="0.96" CONTENT="viss"/><SP WIDTH="25" VPOS="1394" HPOS="1566"/>
							<String ID="string_234" HPOS="1591" VPOS="1391" WIDTH="55" HEIGHT="32" WC="0.96" CONTENT="tid"/>
						</TextLine>
						<TextLine ID="line_25" HPOS="139" VPOS="1443" WIDTH="1506" HEIGHT="53">
							<String ID="string_235" HPOS="139" VPOS="1461" WIDTH="57" HEIGHT="31" WC="0.96" CONTENT="för"/><SP WIDTH="27" VPOS="1461" HPOS="196"/>
							<String ID="string_236" HPOS="223" VPOS="1458" WIDTH="183" HEIGHT="38" WC="0.96" CONTENT="placering"/><SP WIDTH="25" VPOS="1458" HPOS="406"/>
							<String ID="string_237" HPOS="431" VPOS="1458" WIDTH="12" HEIGHT="30" WC="0.96" CONTENT="i"/><SP WIDTH="26" VPOS="1458" HPOS="443"/>
							<String ID="string_238" HPOS="469" VPOS="1456" WIDTH="64" HEIGHT="32" WC="0.96" CONTENT="och"/><SP WIDTH="25" VPOS="1456" HPOS="533"/>
							<String ID="string_239" HPOS="558" VPOS="1453" WIDTH="252" HEIGHT="38" WC="0.96" CONTENT="uppflyttning"/><SP WIDTH="27" VPOS="1453" HPOS="810"/>
							<String ID="string_240" HPOS="837" VPOS="1452" WIDTH="12" HEIGHT="30" WC="0.96" CONTENT="i"/><SP WIDTH="25" VPOS="1452" HPOS="849"/>
							<String ID="string_241" HPOS="874" VPOS="1449" WIDTH="186" HEIGHT="33" WC="0.90" CONTENT="löneklass."/><SP WIDTH="47" VPOS="1449" HPOS="1060"/>
							<String ID="string_242" HPOS="1107" VPOS="1445" WIDTH="219" HEIGHT="33" WC="0.96" CONTENT="Nuvarande"/><SP WIDTH="26" VPOS="1445" HPOS="1326"/>
							<String ID="string_243" HPOS="1352" VPOS="1443" WIDTH="219" HEIGHT="32" WC="0.96" CONTENT="innehavare"/><SP WIDTH="26" VPOS="1443" HPOS="1571"/>
							<String ID="string_244" HPOS="1597" VPOS="1450" WIDTH="48" HEIGHT="21" WC="0.96" CONTENT="av"/>
						</TextLine>
						<TextLine ID="line_26" HPOS="137" VPOS="1493" WIDTH="1508" HEIGHT="51">
							<String ID="string_245" HPOS="137" VPOS="1508" WIDTH="470" HEIGHT="36" WC="0.91" CONTENT="distriktsveterinärtjänst"/><SP WIDTH="22" VPOS="1508" HPOS="607"/>
							<String ID="string_246" HPOS="629" VPOS="1507" WIDTH="94" HEIGHT="30" WC="0.95" CONTENT="lärer"/><SP WIDTH="24" VPOS="1507" HPOS="723"/>
							<String ID="string_247" HPOS="747" VPOS="1504" WIDTH="76" HEIGHT="31" WC="0.96" CONTENT="icke"/><SP WIDTH="24" VPOS="1504" HPOS="823"/>
							<String ID="string_248" HPOS="847" VPOS="1504" WIDTH="86" HEIGHT="30" WC="0.96" CONTENT="böra"/><SP WIDTH="21" VPOS="1504" HPOS="933"/>
							<String ID="string_249" HPOS="954" VPOS="1502" WIDTH="73" HEIGHT="30" WC="0.95" CONTENT="mot"/><SP WIDTH="23" VPOS="1502" HPOS="1027"/>
							<String ID="string_250" HPOS="1050" VPOS="1500" WIDTH="57" HEIGHT="31" WC="0.96" CONTENT="sin"/><SP WIDTH="21" VPOS="1500" HPOS="1107"/>
							<String ID="string_251" HPOS="1128" VPOS="1498" WIDTH="93" HEIGHT="36" WC="0.95" CONTENT="vilja"/><SP WIDTH="21" VPOS="1498" HPOS="1221"/>
							<String ID="string_252" HPOS="1242" VPOS="1496" WIDTH="187" HEIGHT="36" WC="0.96" CONTENT="förflyttas"/><SP WIDTH="23" VPOS="1496" HPOS="1429"/>
							<String ID="string_253" HPOS="1452" VPOS="1494" WIDTH="57" HEIGHT="31" WC="0.96" CONTENT="till"/><SP WIDTH="23" VPOS="1494" HPOS="1509"/>
							<String ID="string_254" HPOS="1532" VPOS="1493" WIDTH="113" HEIGHT="31" WC="0.95" CONTENT="annat"/>
						</TextLine>
						<TextLine ID="line_27" HPOS="138" VPOS="1545" WIDTH="1506" HEIGHT="50">
							<String ID="string_255" HPOS="138" VPOS="1563" WIDTH="151" HEIGHT="32" WC="0.96" CONTENT="distrikt"/><SP WIDTH="29" VPOS="1563" HPOS="289"/>
							<String ID="string_256" HPOS="318" VPOS="1561" WIDTH="86" HEIGHT="31" WC="0.95" CONTENT="eller"/><SP WIDTH="29" VPOS="1561" HPOS="404"/>
							<String ID="string_257" HPOS="433" VPOS="1560" WIDTH="57" HEIGHT="31" WC="0.95" CONTENT="till"/><SP WIDTH="28" VPOS="1560" HPOS="490"/>
							<String ID="string_258" HPOS="518" VPOS="1567" WIDTH="120" HEIGHT="23" WC="0.90" CONTENT="annan"/><SP WIDTH="27" VPOS="1567" HPOS="638"/>
							<String ID="string_259" HPOS="665" VPOS="1556" WIDTH="211" HEIGHT="32" WC="0.90" CONTENT="stationsort"/><SP WIDTH="28" VPOS="1556" HPOS="876"/>
							<String ID="string_260" HPOS="904" VPOS="1554" WIDTH="11" HEIGHT="30" WC="0.96" CONTENT="i"/><SP WIDTH="23" VPOS="1554" HPOS="915"/>
							<String ID="string_261" HPOS="938" VPOS="1553" WIDTH="112" HEIGHT="31" WC="0.96" CONTENT="annat"/><SP WIDTH="28" VPOS="1553" HPOS="1050"/>
							<String ID="string_262" HPOS="1078" VPOS="1550" WIDTH="67" HEIGHT="31" WC="0.95" CONTENT="fall"/><SP WIDTH="28" VPOS="1550" HPOS="1145"/>
							<String ID="string_263" HPOS="1173" VPOS="1552" WIDTH="46" HEIGHT="28" WC="0.95" CONTENT="än"/><SP WIDTH="29" VPOS="1552" HPOS="1219"/>
							<String ID="string_264" HPOS="1248" VPOS="1548" WIDTH="45" HEIGHT="31" WC="0.96" CONTENT="då"/><SP WIDTH="28" VPOS="1548" HPOS="1293"/>
							<String ID="string_265" HPOS="1321" VPOS="1547" WIDTH="99" HEIGHT="31" WC="0.96" CONTENT="detta"/><SP WIDTH="29" VPOS="1547" HPOS="1420"/>
							<String ID="string_266" HPOS="1449" VPOS="1545" WIDTH="114" HEIGHT="36" WC="0.93" CONTENT="enligt"/><SP WIDTH="29" VPOS="1545" HPOS="1563"/>
							<String ID="string_267" HPOS="1592" VPOS="1554" WIDTH="52" HEIGHT="21" WC="0.92" CONTENT="re-"/>
						</TextLine>
						<TextLine ID="line_28" HPOS="136" VPOS="1595" WIDTH="1510" HEIGHT="51">
							<String ID="string_268" HPOS="136" VPOS="1615" WIDTH="76" HEIGHT="31" WC="0.96" CONTENT="dan"/><SP WIDTH="26" VPOS="1615" HPOS="212"/>
							<String ID="string_269" HPOS="238" VPOS="1625" WIDTH="48" HEIGHT="20" WC="0.96" CONTENT="nu"/><SP WIDTH="27" VPOS="1625" HPOS="286"/>
							<String ID="string_270" HPOS="313" VPOS="1614" WIDTH="56" HEIGHT="30" WC="0.96" CONTENT="för"/><SP WIDTH="24" VPOS="1614" HPOS="369"/>
							<String ID="string_271" HPOS="393" VPOS="1613" WIDTH="130" HEIGHT="30" WC="0.96" CONTENT="honom"/><SP WIDTH="24" VPOS="1613" HPOS="523"/>
							<String ID="string_272" HPOS="547" VPOS="1608" WIDTH="167" HEIGHT="38" WC="0.96" CONTENT="gällande"/><SP WIDTH="24" VPOS="1608" HPOS="714"/>
							<String ID="string_273" HPOS="738" VPOS="1604" WIDTH="266" HEIGHT="34" WC="0.96" CONTENT="bestämmelser"/><SP WIDTH="25" VPOS="1604" HPOS="1004"/>
							<String ID="string_274" HPOS="1029" VPOS="1602" WIDTH="92" HEIGHT="31" WC="0.96" CONTENT="låter"/><SP WIDTH="26" VPOS="1602" HPOS="1121"/>
							<String ID="string_275" HPOS="1147" VPOS="1601" WIDTH="54" HEIGHT="36" WC="0.96" CONTENT="sig"/><SP WIDTH="28" VPOS="1601" HPOS="1201"/>
							<String ID="string_276" HPOS="1229" VPOS="1602" WIDTH="95" HEIGHT="34" WC="0.95" CONTENT="göra."/><SP WIDTH="26" VPOS="1602" HPOS="1324"/>
							<String ID="string_277" HPOS="1350" VPOS="1598" WIDTH="171" HEIGHT="31" WC="0.96" CONTENT="Däremot"/><SP WIDTH="23" VPOS="1598" HPOS="1521"/>
							<String ID="string_278" HPOS="1544" VPOS="1595" WIDTH="102" HEIGHT="31" WC="0.96" CONTENT="torde"/>
						</TextLine>
						<TextLine ID="line_29" HPOS="139" VPOS="1647" WIDTH="1507" HEIGHT="52">
							<String ID="string_279" HPOS="139" VPOS="1667" WIDTH="73" HEIGHT="31" WC="0.96" CONTENT="han"/><SP WIDTH="22" VPOS="1667" HPOS="212"/>
							<String ID="string_280" HPOS="234" VPOS="1666" WIDTH="88" HEIGHT="31" WC="0.96" CONTENT="böra"/><SP WIDTH="20" VPOS="1666" HPOS="322"/>
							<String ID="string_281" HPOS="342" VPOS="1675" WIDTH="90" HEIGHT="20" WC="0.96" CONTENT="vara"/><SP WIDTH="22" VPOS="1675" HPOS="432"/>
							<String ID="string_282" HPOS="454" VPOS="1662" WIDTH="143" HEIGHT="37" WC="0.96" CONTENT="skyldig"/><SP WIDTH="24" VPOS="1662" HPOS="597"/>
							<String ID="string_283" HPOS="621" VPOS="1662" WIDTH="54" HEIGHT="29" WC="0.96" CONTENT="att"/><SP WIDTH="21" VPOS="1662" HPOS="675"/>
							<String ID="string_284" HPOS="696" VPOS="1658" WIDTH="220" HEIGHT="31" WC="0.96" CONTENT="underkasta"/><SP WIDTH="21" VPOS="1658" HPOS="916"/>
							<String ID="string_285" HPOS="937" VPOS="1656" WIDTH="55" HEIGHT="35" WC="0.96" CONTENT="sig"/><SP WIDTH="22" VPOS="1656" HPOS="992"/>
							<String ID="string_286" HPOS="1014" VPOS="1656" WIDTH="91" HEIGHT="29" WC="0.96" CONTENT="även"/><SP WIDTH="24" VPOS="1656" HPOS="1105"/>
							<String ID="string_287" HPOS="1129" VPOS="1652" WIDTH="137" HEIGHT="37" WC="0.96" CONTENT="ganska"/><SP WIDTH="20" VPOS="1652" HPOS="1266"/>
							<String ID="string_288" HPOS="1286" VPOS="1648" WIDTH="223" HEIGHT="33" WC="0.93" CONTENT="omfattande"/><SP WIDTH="22" VPOS="1648" HPOS="1509"/>
							<String ID="string_289" HPOS="1531" VPOS="1647" WIDTH="115" HEIGHT="36" WC="0.92" CONTENT="jämk-"/>
						</TextLine>
						<TextLine ID="line_30" HPOS="141" VPOS="1697" WIDTH="1505" HEIGHT="57">
							<String ID="string_290" HPOS="141" VPOS="1718" WIDTH="133" HEIGHT="36" WC="0.96" CONTENT="ningar"/><SP WIDTH="22" VPOS="1718" HPOS="274"/>
							<String ID="string_291" HPOS="296" VPOS="1717" WIDTH="12" HEIGHT="30" WC="0.92" CONTENT="i"/><SP WIDTH="22" VPOS="1717" HPOS="308"/>
							<String ID="string_292" HPOS="330" VPOS="1710" WIDTH="469" HEIGHT="41" WC="0.91" CONTENT="tjänstgöringsdistriktets"/><SP WIDTH="22" VPOS="1710" HPOS="799"/>
							<String ID="string_293" HPOS="821" VPOS="1706" WIDTH="230" HEIGHT="36" WC="0.94" CONTENT="omfattning."/><SP WIDTH="44" VPOS="1706" HPOS="1051"/>
							<String ID="string_294" HPOS="1095" VPOS="1704" WIDTH="72" HEIGHT="36" WC="0.96" CONTENT="Jag"/><SP WIDTH="24" VPOS="1704" HPOS="1167"/>
							<String ID="string_295" HPOS="1191" VPOS="1702" WIDTH="222" HEIGHT="35" WC="0.96" CONTENT="förutsätter,"/><SP WIDTH="23" VPOS="1702" HPOS="1413"/>
							<String ID="string_296" HPOS="1436" VPOS="1701" WIDTH="54" HEIGHT="29" WC="0.96" CONTENT="att"/><SP WIDTH="20" VPOS="1701" HPOS="1490"/>
							<String ID="string_297" HPOS="1510" VPOS="1697" WIDTH="136" HEIGHT="37" WC="0.94" CONTENT="Kungl."/>
						</TextLine>
						<TextLine ID="line_31" HPOS="138" VPOS="1750" WIDTH="1509" HEIGHT="56">
							<String ID="string_298" HPOS="138" VPOS="1769" WIDTH="115" HEIGHT="37" WC="0.95" CONTENT="Maj:t"/><SP WIDTH="26" VPOS="1769" HPOS="253"/>
							<String ID="string_299" HPOS="279" VPOS="1767" WIDTH="155" HEIGHT="32" WC="0.96" CONTENT="erhåller"/><SP WIDTH="25" VPOS="1767" HPOS="434"/>
							<String ID="string_300" HPOS="459" VPOS="1762" WIDTH="287" HEIGHT="39" WC="0.96" CONTENT="bemyndigande"/><SP WIDTH="27" VPOS="1762" HPOS="746"/>
							<String ID="string_301" HPOS="773" VPOS="1762" WIDTH="54" HEIGHT="30" WC="0.96" CONTENT="att"/><SP WIDTH="26" VPOS="1762" HPOS="827"/>
							<String ID="string_302" HPOS="853" VPOS="1758" WIDTH="149" HEIGHT="33" WC="0.96" CONTENT="utfärda"/><SP WIDTH="24" VPOS="1758" HPOS="1002"/>
							<String ID="string_303" HPOS="1026" VPOS="1755" WIDTH="240" HEIGHT="35" WC="0.93" CONTENT="erforderliga"/><SP WIDTH="26" VPOS="1755" HPOS="1266"/>
							<String ID="string_304" HPOS="1292" VPOS="1750" WIDTH="355" HEIGHT="39" WC="0.91" CONTENT="övergångsbestäm-"/>
						</TextLine>
						<TextLine ID="line_32" HPOS="141" VPOS="1803" WIDTH="1508" HEIGHT="54">
							<String ID="string_305" HPOS="141" VPOS="1821" WIDTH="139" HEIGHT="36" WC="0.91" CONTENT="melser,"/><SP WIDTH="20" VPOS="1821" HPOS="280"/>
							<String ID="string_306" HPOS="300" VPOS="1819" WIDTH="64" HEIGHT="31" WC="0.96" CONTENT="och"/><SP WIDTH="20" VPOS="1819" HPOS="364"/>
							<String ID="string_307" HPOS="384" VPOS="1827" WIDTH="104" HEIGHT="22" WC="0.96" CONTENT="anser"/><SP WIDTH="18" VPOS="1827" HPOS="488"/>
							<String ID="string_308" HPOS="506" VPOS="1817" WIDTH="62" HEIGHT="37" WC="0.96" CONTENT="jag"/><SP WIDTH="20" VPOS="1817" HPOS="568"/>
							<String ID="string_309" HPOS="588" VPOS="1815" WIDTH="75" HEIGHT="36" WC="0.96" CONTENT="mig"/><SP WIDTH="21" VPOS="1815" HPOS="663"/>
							<String ID="string_310" HPOS="684" VPOS="1814" WIDTH="78" HEIGHT="31" WC="0.92" CONTENT="icke"/><SP WIDTH="21" VPOS="1814" HPOS="762"/>
							<String ID="string_311" HPOS="783" VPOS="1813" WIDTH="87" HEIGHT="31" WC="0.96" CONTENT="böra"/><SP WIDTH="19" VPOS="1813" HPOS="870"/>
							<String ID="string_312" HPOS="889" VPOS="1811" WIDTH="57" HEIGHT="31" WC="0.96" CONTENT="för"/><SP WIDTH="19" VPOS="1811" HPOS="946"/>
							<String ID="string_313" HPOS="965" VPOS="1806" WIDTH="238" HEIGHT="37" WC="0.96" CONTENT="närvarande,"/><SP WIDTH="21" VPOS="1806" HPOS="1203"/>
							<String ID="string_314" HPOS="1224" VPOS="1806" WIDTH="12" HEIGHT="30" WC="0.91" CONTENT="i"/><SP WIDTH="20" VPOS="1806" HPOS="1236"/>
							<String ID="string_315" HPOS="1256" VPOS="1804" WIDTH="125" HEIGHT="32" WC="0.96" CONTENT="vidare"/><SP WIDTH="20" VPOS="1804" HPOS="1381"/>
							<String ID="string_316" HPOS="1401" VPOS="1803" WIDTH="84" HEIGHT="31" WC="0.95" CONTENT="mån"/><SP WIDTH="20" VPOS="1803" HPOS="1485"/>
							<String ID="string_317" HPOS="1505" VPOS="1804" WIDTH="46" HEIGHT="28" WC="0.96" CONTENT="än"/><SP WIDTH="20" VPOS="1804" HPOS="1551"/>
							<String ID="string_318" HPOS="1571" VPOS="1809" WIDTH="78" HEIGHT="23" WC="0.96" CONTENT="som"/>
						</TextLine>
						<TextLine ID="line_33" HPOS="139" VPOS="1852" WIDTH="1510" HEIGHT="56">
							<String ID="string_319" HPOS="139" VPOS="1873" WIDTH="107" HEIGHT="35" WC="0.96" CONTENT="skett,"/><SP WIDTH="25" VPOS="1873" HPOS="246"/>
							<String ID="string_320" HPOS="271" VPOS="1870" WIDTH="179" HEIGHT="32" WC="0.96" CONTENT="behandla"/><SP WIDTH="23" VPOS="1870" HPOS="450"/>
							<String ID="string_321" HPOS="473" VPOS="1867" WIDTH="115" HEIGHT="32" WC="0.96" CONTENT="denna"/><SP WIDTH="26" VPOS="1867" HPOS="588"/>
							<String ID="string_322" HPOS="614" VPOS="1866" WIDTH="116" HEIGHT="36" WC="0.96" CONTENT="fråga,"/><SP WIDTH="25" VPOS="1866" HPOS="730"/>
							<String ID="string_323" HPOS="755" VPOS="1864" WIDTH="46" HEIGHT="31" WC="0.96" CONTENT="då"/><SP WIDTH="24" VPOS="1864" HPOS="801"/>
							<String ID="string_324" HPOS="825" VPOS="1863" WIDTH="59" HEIGHT="31" WC="0.96" CONTENT="det"/><SP WIDTH="25" VPOS="1863" HPOS="884"/>
							<String ID="string_325" HPOS="909" VPOS="1860" WIDTH="154" HEIGHT="38" WC="0.96" CONTENT="givetvis"/><SP WIDTH="26" VPOS="1860" HPOS="1063"/>
							<String ID="string_326" HPOS="1089" VPOS="1859" WIDTH="92" HEIGHT="30" WC="0.96" CONTENT="först"/><SP WIDTH="31" VPOS="1859" HPOS="1181"/>
							<String ID="string_327" HPOS="1212" VPOS="1857" WIDTH="5" HEIGHT="31" WC="0.96" CONTENT="i"/><SP WIDTH="26" VPOS="1857" HPOS="1217"/>
							<String ID="string_328" HPOS="1243" VPOS="1854" WIDTH="173" HEIGHT="33" WC="0.96" CONTENT="samband"/><SP WIDTH="24" VPOS="1854" HPOS="1416"/>
							<String ID="string_329" HPOS="1440" VPOS="1853" WIDTH="79" HEIGHT="31" WC="0.92" CONTENT="med"/><SP WIDTH="26" VPOS="1853" HPOS="1519"/>
							<String ID="string_330" HPOS="1545" VPOS="1852" WIDTH="104" HEIGHT="31" WC="0.91" CONTENT="verk-"/>
						</TextLine>
						<TextLine ID="line_34" HPOS="139" VPOS="1904" WIDTH="1507" HEIGHT="52">
							<String ID="string_331" HPOS="139" VPOS="1922" WIDTH="197" HEIGHT="34" WC="0.92" CONTENT="ställandet"/><SP WIDTH="30" VPOS="1922" HPOS="336"/>
							<String ID="string_332" HPOS="366" VPOS="1931" WIDTH="46" HEIGHT="21" WC="0.96" CONTENT="av"/><SP WIDTH="29" VPOS="1931" HPOS="412"/>
							<String ID="string_333" HPOS="441" VPOS="1919" WIDTH="229" HEIGHT="36" WC="0.96" CONTENT="övergången"/><SP WIDTH="28" VPOS="1919" HPOS="670"/>
							<String ID="string_334" HPOS="698" VPOS="1915" WIDTH="100" HEIGHT="32" WC="0.96" CONTENT="torde"/><SP WIDTH="31" VPOS="1915" HPOS="798"/>
							<String ID="string_335" HPOS="829" VPOS="1915" WIDTH="144" HEIGHT="30" WC="0.96" CONTENT="komma"/><SP WIDTH="30" VPOS="1915" HPOS="973"/>
							<String ID="string_336" HPOS="1003" VPOS="1912" WIDTH="54" HEIGHT="30" WC="0.96" CONTENT="att"/><SP WIDTH="29" VPOS="1912" HPOS="1057"/>
							<String ID="string_337" HPOS="1086" VPOS="1910" WIDTH="80" HEIGHT="31" WC="0.96" CONTENT="visa"/><SP WIDTH="29" VPOS="1910" HPOS="1166"/>
							<String ID="string_338" HPOS="1195" VPOS="1909" WIDTH="54" HEIGHT="35" WC="0.94" CONTENT="sig"/><SP WIDTH="30" VPOS="1909" HPOS="1249"/>
							<String ID="string_339" HPOS="1279" VPOS="1907" WIDTH="101" HEIGHT="30" WC="0.96" CONTENT="vilka"/><SP WIDTH="29" VPOS="1907" HPOS="1380"/>
							<String ID="string_340" HPOS="1409" VPOS="1904" WIDTH="237" HEIGHT="36" WC="0.95" CONTENT="svårigheter,"/>
						</TextLine>
						<TextLine ID="line_35" HPOS="139" VPOS="1954" WIDTH="1509" HEIGHT="56">
							<String ID="string_341" HPOS="139" VPOS="1985" WIDTH="78" HEIGHT="21" WC="0.96" CONTENT="som"/><SP WIDTH="23" VPOS="1985" HPOS="217"/>
							<String ID="string_342" HPOS="240" VPOS="1974" WIDTH="131" HEIGHT="36" WC="0.96" CONTENT="uppstå"/><SP WIDTH="24" VPOS="1974" HPOS="371"/>
							<String ID="string_343" HPOS="395" VPOS="1972" WIDTH="56" HEIGHT="31" WC="0.96" CONTENT="för"/><SP WIDTH="22" VPOS="1972" HPOS="451"/>
							<String ID="string_344" HPOS="473" VPOS="1971" WIDTH="54" HEIGHT="30" WC="0.96" CONTENT="att"/><SP WIDTH="22" VPOS="1971" HPOS="527"/>
							<String ID="string_345" HPOS="549" VPOS="1969" WIDTH="113" HEIGHT="30" WC="0.95" CONTENT="ordna"/><SP WIDTH="22" VPOS="1969" HPOS="662"/>
							<String ID="string_346" HPOS="684" VPOS="1967" WIDTH="117" HEIGHT="32" WC="0.95" CONTENT="denna"/><SP WIDTH="20" VPOS="1967" HPOS="801"/>
							<String ID="string_347" HPOS="821" VPOS="1966" WIDTH="46" HEIGHT="36" WC="0.96" CONTENT="på"/><SP WIDTH="22" VPOS="1966" HPOS="867"/>
							<String ID="string_348" HPOS="889" VPOS="1965" WIDTH="51" HEIGHT="30" WC="0.95" CONTENT="ett"/><SP WIDTH="22" VPOS="1965" HPOS="940"/>
							<String ID="string_349" HPOS="962" VPOS="1962" WIDTH="101" HEIGHT="31" WC="0.95" CONTENT="såväl"/><SP WIDTH="21" VPOS="1962" HPOS="1063"/>
							<String ID="string_350" HPOS="1084" VPOS="1960" WIDTH="80" HEIGHT="31" WC="0.96" CONTENT="med"/><SP WIDTH="23" VPOS="1960" HPOS="1164"/>
							<String ID="string_351" HPOS="1187" VPOS="1960" WIDTH="140" HEIGHT="34" WC="0.95" CONTENT="hänsyn"/><SP WIDTH="22" VPOS="1960" HPOS="1327"/>
							<String ID="string_352" HPOS="1349" VPOS="1956" WIDTH="57" HEIGHT="32" WC="0.93" CONTENT="till"/><SP WIDTH="23" VPOS="1956" HPOS="1406"/>
							<String ID="string_353" HPOS="1429" VPOS="1954" WIDTH="219" HEIGHT="32" WC="0.92" CONTENT="statsverket"/>
						</TextLine>
						<TextLine ID="line_36" HPOS="138" VPOS="2004" WIDTH="1509" HEIGHT="54">
							<String ID="string_354" HPOS="138" VPOS="2037" WIDTH="79" HEIGHT="21" WC="0.95" CONTENT="som"/><SP WIDTH="48" VPOS="2037" HPOS="217"/>
							<String ID="string_355" HPOS="265" VPOS="2022" WIDTH="209" HEIGHT="34" WC="0.91" CONTENT="nuvarande"/><SP WIDTH="38" VPOS="2022" HPOS="474"/>
							<String ID="string_356" HPOS="512" VPOS="2021" WIDTH="220" HEIGHT="31" WC="0.96" CONTENT="innehavare"/><SP WIDTH="41" VPOS="2021" HPOS="732"/>
							<String ID="string_357" HPOS="773" VPOS="2028" WIDTH="45" HEIGHT="20" WC="0.92" CONTENT="av"/><SP WIDTH="40" VPOS="2028" HPOS="818"/>
							<String ID="string_358" HPOS="858" VPOS="2010" WIDTH="506" HEIGHT="37" WC="0.81" CONTENT="distriktsveterinärtjänster"/><SP WIDTH="39" VPOS="2010" HPOS="1364"/>
							<String ID="string_359" HPOS="1403" VPOS="2004" WIDTH="244" HEIGHT="34" WC="0.81" CONTENT="tillfredsstäl-"/>
						</TextLine>
						<TextLine ID="line_37" HPOS="139" VPOS="2077" WIDTH="232" HEIGHT="35">
							<String ID="string_360" HPOS="139" VPOS="2079" WIDTH="109" HEIGHT="33" WC="0.96" CONTENT="lande"/><SP WIDTH="23" VPOS="2079" HPOS="248"/>
							<String ID="string_361" HPOS="271" VPOS="2077" WIDTH="100" HEIGHT="31" WC="0.93" CONTENT="sätt.»"/>
						</TextLine>
					</TextBlock>
					<TextBlock ID="block_3" HPOS="139" VPOS="2107" WIDTH="1513" HEIGHT="420">
						<TextLine ID="line_38" HPOS="184" VPOS="2107" WIDTH="1464" HEIGHT="54">
							<String ID="string_362" HPOS="184" VPOS="2131" WIDTH="55" HEIGHT="30" WC="0.96" CONTENT="Av"/><SP WIDTH="26" VPOS="2131" HPOS="239"/>
							<String ID="string_363" HPOS="265" VPOS="2130" WIDTH="41" HEIGHT="30" WC="0.96" CONTENT="de"/><SP WIDTH="24" VPOS="2130" HPOS="306"/>
							<String ID="string_364" HPOS="330" VPOS="2127" WIDTH="245" HEIGHT="33" WC="0.96" CONTENT="motioner,"/><SP WIDTH="25" VPOS="2127" HPOS="575"/>
							<String ID="string_365" HPOS="600" VPOS="2134" WIDTH="72" HEIGHT="19" WC="0.96" CONTENT="som"/><SP WIDTH="27" VPOS="2134" HPOS="672"/>
							<String ID="string_366" HPOS="699" VPOS="2121" WIDTH="124" HEIGHT="31" WC="0.93" CONTENT="väckts"/><SP WIDTH="24" VPOS="2121" HPOS="823"/>
							<String ID="string_367" HPOS="847" VPOS="2120" WIDTH="9" HEIGHT="30" WC="0.93" CONTENT="i"/><SP WIDTH="26" VPOS="2120" HPOS="856"/>
							<String ID="string_368" HPOS="882" VPOS="2116" WIDTH="193" HEIGHT="34" WC="0.96" CONTENT="anledning"/><SP WIDTH="25" VPOS="2116" HPOS="1075"/>
							<String ID="string_369" HPOS="1100" VPOS="2125" WIDTH="46" HEIGHT="20" WC="0.96" CONTENT="av"/><SP WIDTH="22" VPOS="2125" HPOS="1146"/>
							<String ID="string_370" HPOS="1168" VPOS="2111" WIDTH="277" HEIGHT="38" WC="0.96" CONTENT="propositionen,"/><SP WIDTH="23" VPOS="2111" HPOS="1445"/>
							<String ID="string_371" HPOS="1468" VPOS="2107" WIDTH="180" HEIGHT="32" WC="0.96" CONTENT="behandla"/>
						</TextLine>
						<TextLine ID="line_39" HPOS="139" VPOS="2160" WIDTH="1509" HEIGHT="54">
							<String ID="string_372" HPOS="139" VPOS="2183" WIDTH="130" HEIGHT="31" WC="0.96" CONTENT="endast"/><SP WIDTH="25" VPOS="2183" HPOS="269"/>
							<String ID="string_373" HPOS="294" VPOS="2181" WIDTH="41" HEIGHT="30" WC="0.96" CONTENT="de"/><SP WIDTH="23" VPOS="2181" HPOS="335"/>
							<String ID="string_374" HPOS="358" VPOS="2177" WIDTH="231" HEIGHT="37" WC="0.96" CONTENT="likalydande"/><SP WIDTH="26" VPOS="2177" HPOS="589"/>
							<String ID="string_375" HPOS="615" VPOS="2174" WIDTH="221" HEIGHT="31" WC="0.94" CONTENT="motionerna"/><SP WIDTH="27" VPOS="2174" HPOS="836"/>
							<String ID="string_376" HPOS="863" VPOS="2172" WIDTH="30" HEIGHT="29" WC="0.55" CONTENT="TI:"/><SP WIDTH="16" VPOS="2172" HPOS="893"/>
							<String ID="string_377" HPOS="909" VPOS="2170" WIDTH="58" HEIGHT="30" WC="0.55" CONTENT="270"/><SP WIDTH="23" VPOS="2170" HPOS="967"/>
							<String ID="string_378" HPOS="990" VPOS="2168" WIDTH="63" HEIGHT="30" WC="0.96" CONTENT="och"/><SP WIDTH="33" VPOS="2168" HPOS="1053"/>
							<String ID="string_379" HPOS="1086" VPOS="2168" WIDTH="46" HEIGHT="29" WC="0.0" CONTENT="IT:"/><SP WIDTH="16" VPOS="2168" HPOS="1132"/>
							<String ID="string_380" HPOS="1148" VPOS="2166" WIDTH="57" HEIGHT="29" WC="0.0" CONTENT="433"/><SP WIDTH="26" VPOS="2166" HPOS="1205"/>
							<String ID="string_381" HPOS="1231" VPOS="2165" WIDTH="131" HEIGHT="33" WC="0.96" CONTENT="frågan"/><SP WIDTH="25" VPOS="2165" HPOS="1362"/>
							<String ID="string_382" HPOS="1387" VPOS="2172" WIDTH="56" HEIGHT="21" WC="0.91" CONTENT="om"/><SP WIDTH="25" VPOS="2172" HPOS="1443"/>
							<String ID="string_383" HPOS="1468" VPOS="2160" WIDTH="180" HEIGHT="31" WC="0.91" CONTENT="distrikts-"/>
						</TextLine>
						<TextLine ID="line_40" HPOS="142" VPOS="2211" WIDTH="1505" HEIGHT="54">
							<String ID="string_384" HPOS="142" VPOS="2234" WIDTH="291" HEIGHT="31" WC="0.17" CONTENT="veteriniärernas"/><SP WIDTH="24" VPOS="2234" HPOS="433"/>
							<String ID="string_385" HPOS="457" VPOS="2223" WIDTH="454" HEIGHT="38" WC="0.88" CONTENT="avlöningsförhållanden."/><SP WIDTH="25" VPOS="2223" HPOS="911"/>
							<String ID="string_386" HPOS="936" VPOS="2222" WIDTH="17" HEIGHT="29" WC="0.96" CONTENT="I"/><SP WIDTH="25" VPOS="2222" HPOS="953"/>
							<String ID="string_387" HPOS="978" VPOS="2217" WIDTH="225" HEIGHT="33" WC="0.87" CONTENT="sistnämnda"/><SP WIDTH="23" VPOS="2217" HPOS="1203"/>
							<String ID="string_388" HPOS="1226" VPOS="2215" WIDTH="173" HEIGHT="31" WC="0.93" CONTENT="motioner"/><SP WIDTH="27" VPOS="2215" HPOS="1399"/>
							<String ID="string_389" HPOS="1426" VPOS="2211" WIDTH="221" HEIGHT="35" WC="0.92" CONTENT="framhålles,"/>
						</TextLine>
						<TextLine ID="line_41" HPOS="140" VPOS="2263" WIDTH="1507" HEIGHT="56">
							<String ID="string_390" HPOS="140" VPOS="2287" WIDTH="57" HEIGHT="29" WC="0.96" CONTENT="att"/><SP WIDTH="27" VPOS="2287" HPOS="197"/>
							<String ID="string_391" HPOS="224" VPOS="2293" WIDTH="126" HEIGHT="26" WC="0.96" CONTENT="genom"/><SP WIDTH="26" VPOS="2293" HPOS="350"/>
							<String ID="string_392" HPOS="376" VPOS="2283" WIDTH="67" HEIGHT="30" WC="0.96" CONTENT="den"/><SP WIDTH="26" VPOS="2283" HPOS="443"/>
							<String ID="string_393" HPOS="469" VPOS="2291" WIDTH="45" HEIGHT="20" WC="0.96" CONTENT="av"/><SP WIDTH="25" VPOS="2291" HPOS="514"/>
							<String ID="string_394" HPOS="539" VPOS="2278" WIDTH="134" HEIGHT="34" WC="0.96" CONTENT="Kungl."/><SP WIDTH="27" VPOS="2278" HPOS="673"/>
							<String ID="string_395" HPOS="700" VPOS="2275" WIDTH="109" HEIGHT="35" WC="0.94" CONTENT="Maj:t"/><SP WIDTH="27" VPOS="2275" HPOS="809"/>
							<String ID="string_396" HPOS="836" VPOS="2272" WIDTH="205" HEIGHT="34" WC="0.96" CONTENT="föreslagna"/><SP WIDTH="26" VPOS="2272" HPOS="1041"/>
							<String ID="string_397" HPOS="1067" VPOS="2269" WIDTH="200" HEIGHT="33" WC="0.95" CONTENT="ordningen"/><SP WIDTH="26" VPOS="2269" HPOS="1267"/>
							<String ID="string_398" HPOS="1293" VPOS="2267" WIDTH="80" HEIGHT="29" WC="0.96" CONTENT="hela"/><SP WIDTH="26" VPOS="2267" HPOS="1373"/>
							<String ID="string_399" HPOS="1399" VPOS="2264" WIDTH="120" HEIGHT="31" WC="0.95" CONTENT="landet"/><SP WIDTH="27" VPOS="2264" HPOS="1519"/>
							<String ID="string_400" HPOS="1546" VPOS="2263" WIDTH="101" HEIGHT="29" WC="0.96" CONTENT="bleve"/>
						</TextLine>
						<TextLine ID="line_42" HPOS="143" VPOS="2314" WIDTH="1505" HEIGHT="54">
							<String ID="string_401" HPOS="143" VPOS="2336" WIDTH="155" HEIGHT="32" WC="0.91" CONTENT="likställt"/><SP WIDTH="31" VPOS="2336" HPOS="298"/>
							<String ID="string_402" HPOS="329" VPOS="2335" WIDTH="8" HEIGHT="29" WC="0.95" CONTENT="i"/><SP WIDTH="34" VPOS="2335" HPOS="337"/>
							<String ID="string_403" HPOS="371" VPOS="2335" WIDTH="104" HEIGHT="32" WC="0.95" CONTENT="fråga"/><SP WIDTH="29" VPOS="2335" HPOS="475"/>
							<String ID="string_404" HPOS="504" VPOS="2342" WIDTH="54" HEIGHT="19" WC="0.94" CONTENT="om"/><SP WIDTH="32" VPOS="2342" HPOS="558"/>
							<String ID="string_405" HPOS="590" VPOS="2328" WIDTH="204" HEIGHT="36" WC="0.94" CONTENT="grunderna"/><SP WIDTH="32" VPOS="2328" HPOS="794"/>
							<String ID="string_406" HPOS="826" VPOS="2326" WIDTH="55" HEIGHT="29" WC="0.96" CONTENT="för"/><SP WIDTH="31" VPOS="2326" HPOS="881"/>
							<String ID="string_407" HPOS="912" VPOS="2320" WIDTH="358" HEIGHT="37" WC="0.88" CONTENT="lönegrupperingen."/><SP WIDTH="50" VPOS="2320" HPOS="1270"/>
							<String ID="string_408" HPOS="1320" VPOS="2317" WIDTH="125" HEIGHT="34" WC="0.85" CONTENT="Enligt"/><SP WIDTH="30" VPOS="2317" HPOS="1445"/>
							<String ID="string_409" HPOS="1475" VPOS="2314" WIDTH="173" HEIGHT="30" WC="0.91" CONTENT="motionä-"/>
						</TextLine>
						<TextLine ID="line_43" HPOS="142" VPOS="2364" WIDTH="1507" HEIGHT="56">
							<String ID="string_410" HPOS="142" VPOS="2398" WIDTH="127" HEIGHT="22" WC="0.86" CONTENT="rernas"/><SP WIDTH="23" VPOS="2398" HPOS="269"/>
							<String ID="string_411" HPOS="292" VPOS="2386" WIDTH="94" HEIGHT="30" WC="0.96" CONTENT="åsikt"/><SP WIDTH="22" VPOS="2386" HPOS="386"/>
							<String ID="string_412" HPOS="408" VPOS="2383" WIDTH="106" HEIGHT="30" WC="0.96" CONTENT="borde"/><SP WIDTH="25" VPOS="2383" HPOS="514"/>
							<String ID="string_413" HPOS="539" VPOS="2379" WIDTH="199" HEIGHT="32" WC="0.95" CONTENT="emellertid"/><SP WIDTH="24" VPOS="2379" HPOS="738"/>
							<String ID="string_414" HPOS="762" VPOS="2380" WIDTH="82" HEIGHT="27" WC="0.96" CONTENT="övre"/><SP WIDTH="22" VPOS="2380" HPOS="844"/>
							<String ID="string_415" HPOS="866" VPOS="2373" WIDTH="182" HEIGHT="33" WC="0.96" CONTENT="Norrland"/><SP WIDTH="22" VPOS="2373" HPOS="1048"/>
							<String ID="string_416" HPOS="1070" VPOS="2371" WIDTH="180" HEIGHT="30" WC="0.95" CONTENT="bibehålla"/><SP WIDTH="25" VPOS="2371" HPOS="1250"/>
							<String ID="string_417" HPOS="1275" VPOS="2369" WIDTH="56" HEIGHT="30" WC="0.96" CONTENT="sin"/><SP WIDTH="23" VPOS="2369" HPOS="1331"/>
							<String ID="string_418" HPOS="1354" VPOS="2364" WIDTH="295" HEIGHT="34" WC="0.95" CONTENT="hittillsvarande"/>
						</TextLine>
						<TextLine ID="line_44" HPOS="147" VPOS="2418" WIDTH="1505" HEIGHT="59">
							<String ID="string_419" HPOS="147" VPOS="2452" WIDTH="46" HEIGHT="25" WC="0.88" CONTENT="på"/><SP WIDTH="26" VPOS="2452" HPOS="193"/>
							<String ID="string_420" HPOS="219" VPOS="2438" WIDTH="91" HEIGHT="36" WC="0.96" CONTENT="goda"/><SP WIDTH="22" VPOS="2438" HPOS="310"/>
							<String ID="string_421" HPOS="332" VPOS="2436" WIDTH="77" HEIGHT="30" WC="0.94" CONTENT="skäl"/><SP WIDTH="27" VPOS="2436" HPOS="409"/>
							<String ID="string_422" HPOS="436" VPOS="2432" WIDTH="227" HEIGHT="33" WC="0.96" CONTENT="förefintliga"/><SP WIDTH="24" VPOS="2432" HPOS="663"/>
							<String ID="string_423" HPOS="687" VPOS="2427" WIDTH="234" HEIGHT="34" WC="0.66" CONTENT="särställning"/><SP WIDTH="27" VPOS="2427" HPOS="921"/>
							<String ID="string_424" HPOS="948" VPOS="2426" WIDTH="9" HEIGHT="29" WC="0.95" CONTENT="i"/><SP WIDTH="29" VPOS="2426" HPOS="957"/>
							<String ID="string_425" HPOS="986" VPOS="2426" WIDTH="104" HEIGHT="32" WC="0.96" CONTENT="fråga"/><SP WIDTH="23" VPOS="2426" HPOS="1090"/>
							<String ID="string_426" HPOS="1113" VPOS="2432" WIDTH="53" HEIGHT="20" WC="0.88" CONTENT="om"/><SP WIDTH="28" VPOS="2432" HPOS="1166"/>
							<String ID="string_427" HPOS="1194" VPOS="2418" WIDTH="458" HEIGHT="33" WC="0.88" CONTENT="distriktsveterinärernas"/>
						</TextLine>
						<TextLine ID="line_45" HPOS="146" VPOS="2468" WIDTH="1506" HEIGHT="59">
							<String ID="string_428" HPOS="146" VPOS="2485" WIDTH="399" HEIGHT="42" WC="0.91" CONTENT="begynnelseavlöning."/><SP WIDTH="54" VPOS="2485" HPOS="545"/>
							<String ID="string_429" HPOS="599" VPOS="2481" WIDTH="182" HEIGHT="36" WC="0.79" CONTENT="Därjämte"/><SP WIDTH="29" VPOS="2481" HPOS="781"/>
							<String ID="string_430" HPOS="810" VPOS="2480" WIDTH="66" HEIGHT="29" WC="0.95" CONTENT="har"/><SP WIDTH="28" VPOS="2480" HPOS="876"/>
							<String ID="string_431" HPOS="904" VPOS="2478" WIDTH="57" HEIGHT="31" WC="0.95" CONTENT="det"/><SP WIDTH="28" VPOS="2478" HPOS="961"/>
							<String ID="string_432" HPOS="989" VPOS="2476" WIDTH="101" HEIGHT="35" WC="0.96" CONTENT="synts"/><SP WIDTH="29" VPOS="2476" HPOS="1090"/>
							<String ID="string_433" HPOS="1119" VPOS="2473" WIDTH="267" HEIGHT="31" WC="0.96" CONTENT="motionärerna"/><SP WIDTH="28" VPOS="2473" HPOS="1386"/>
							<String ID="string_434" HPOS="1414" VPOS="2469" WIDTH="138" HEIGHT="31" WC="0.93" CONTENT="mindre"/><SP WIDTH="28" VPOS="2469" HPOS="1552"/>
							<String ID="string_435" HPOS="1580" VPOS="2468" WIDTH="72" HEIGHT="31" WC="0.91" CONTENT="till-"/>
						</TextLine>
					</TextBlock>
				</ComposedBlock>
			</PrintSpace>
		</Page>
	</Layout>
</alto>
