2216 2651
736 193 249 33 Statsutskottets
1014 195 168 32 Utlåtande
1206 196 61 32 N:o
1295 199 46 31 10.
1732 200 60 31 123

243 272 121 37 skulle
406 272 164 37 behöfva
610 273 161 50 beviljas
813 287 103 23 mera
962 279 48 32 än
1048 275 58 36 för
1147 278 39 34 år
1218 277 95 36 1906
1345 278 137 47 25,000
1512 277 140 37 kronor
1681 278 70 37 och
1780 279 57 36 för

242 325 110 36 hvart
394 325 70 36 och
505 330 55 32 ett
602 326 42 36 af
682 328 89 34 åren
816 328 251 36 1907—1910
1101 329 134 47 12,000
1264 329 142 36 kronor
1434 329 93 38 eller
1554 330 58 37 för
1642 330 46 37 de
1716 330 119 38 första

241 377 231 49 täflingarna
501 379 281 49 sammanlagdt
812 380 137 47 73,000
978 379 150 38 kronor.

371 431 132 47 Enligt
544 431 98 35 hvad
687 431 419 48 departementschefen
1147 433 127 36 vidare
1316 434 57 35 till
1422 435 414 49 statsrådsprotokollet

243 486 122 43 anört,
382 481 218 51 framginge
618 483 39 36 af
669 483 101 36 hvad
784 483 76 37 han
876 483 12 36 i
904 483 63 37 det
984 484 226 49 föregående
1226 486 200 46 meddelat,
1445 491 54 32 att
1515 501 87 22 man
1620 487 12 36 i
1647 490 85 33 vårt
1747 488 88 36 land

242 535 135 36 sedfan
404 535 91 49 lång
522 535 55 36 tid
605 535 159 36 tillbaka
792 536 65 36 vid
882 536 144 37 arbetet
1053 540 48 46 på
1130 537 397 50 ladugårdsskötselns
1556 539 162 50 höjande
1748 540 88 36 sökt

242 587 132 49 bygga
401 590 48 46 på
478 589 141 48 import
647 588 40 36 af
711 588 256 37 framstående
997 589 220 50 afvelsdjur.
1275 591 72 35 Till
1377 604 45 23 en
1443 591 135 49 början
1602 583 28 61 —
1658 592 179 36 särskildt

242 640 121 35 under
391 639 144 37 midten
564 640 40 36 af
620 640 102 36 förra
743 641 257 36 århundradet
1019 664 49 3 —
1088 642 96 36 hade
1205 647 125 32 staten
1350 643 111 36 offrat
1480 643 198 50 betydliga
1697 645 138 49 belopp

242 691 131 50 härpå,
416 692 11 35 1
471 692 64 36 det
578 696 55 32 att
673 692 86 37 hela
801 698 182 31 stammar
1025 694 209 48 afvelsdjur
1276 695 40 36 af
1341 695 101 36 olika
1469 709 105 23 raser
1602 696 46 37 då
1679 697 55 36 hit
1761 697 71 36 im-

241 748 202 45 porterats,
487 744 130 37 hvilka
659 745 168 37 derefter
868 748 125 34 såsom
1035 747 353 37 stamholländerier
1428 749 271 48 utplacerats
1685 740 20 61 i
1734 749 101 36 olika

241 796 218 37 landsdelar
500 798 57 35 för
598 802 53 31 att
676 797 66 37 der
770 797 101 37 bilda
899 799 140 35 sådana
1068 799 256 37 afvelscentra
1353 814 78 22 som
1461 801 84 35 dem
1575 815 86 21 man
1689 815 51 22 nu
1769 802 68 35 här

241 852 48 46 på
334 862 126 23 annan
501 853 87 45 väg,
630 862 142 36 genom
812 854 55 32 att
908 853 48 47 på
984 850 251 50 planmessigt
1264 856 74 32 sätt
1366 852 244 50 tillvarataga
1639 853 197 37 frukterna

242 902 40 35 af
309 901 63 36 det
400 915 100 35 egna
528 902 158 47 arbetet,
715 902 90 36 ville
835 903 91 36 söka
955 904 126 47 skapa.
1138 903 69 37 Om
1237 909 48 31 än
1312 905 199 37 resultatet
1540 906 41 35 af
1605 905 123 37 denna
1755 911 80 31 ute-

243 953 173 37 slutande
458 954 85 36 med
585 955 221 36 statsmedel
848 955 207 37 bekostade
1083 956 141 49 import
1251 960 46 45 på
1327 957 125 48 grund
1481 958 41 35 af
1547 958 92 36 flera
1668 963 167 31 omstän-

243 1006 187 49 digheter,
473 1009 124 34 såsom
640 1011 54 32 ett
735 1007 144 37 kanske
921 1007 83 38 icke
1034 1007 107 37 alltid
1175 1009 226 49 tillräckligt
1429 1009 63 36 väl
1520 1010 162 49 afvägdt
1710 1010 62 37 val
1800 1011 41 36 af

243 1059 208 48 afvelsdjur
492 1059 66 36 och
604 1059 46 36 de
693 1073 80 23 mer
815 1059 90 37 eller
947 1060 147 37 mindre
1133 1074 249 36 ogynsamma
1411 1062 277 48 förhållanden,
1717 1062 120 37 under

242 1111 130 36 hvilka
402 1111 45 36 de
476 1111 236 37 främmande
741 1112 259 49 afvelsdjuren
1028 1113 67 35 här
1124 1113 158 36 kommit
1311 1119 54 31 att
1392 1114 110 48 lefva,
1524 1114 81 37 icke
1627 1115 125 36 blifvit
1772 1115 63 36 det

243 1163 84 37 med
369 1163 291 48 ifrågavarande
697 1164 140 49 import
866 1165 163 47 afsedda,
1065 1165 95 36 hade
1191 1180 87 22 man
1305 1166 117 36 likväl
1450 1180 140 36 genom
1619 1167 218 37 densamma

242 1216 136 36 vunnit
405 1216 113 36 bland
548 1221 113 31 annat
689 1230 47 23 en
764 1217 148 48 ganska
932 1217 76 48 god
1028 1217 215 38 erfarenhet
1264 1232 72 34 om,
1357 1219 130 36 hvilka
1507 1219 234 37 främmande
1760 1220 75 36 för-

243 1268 133 36 ädlade
413 1268 347 37 nötkreatursraser
790 1269 81 36 bäst
897 1269 174 49 lämpade
1101 1270 60 49 sig
1189 1271 58 36 för
1276 1276 55 31 att
1359 1271 12 36 i
1398 1275 84 33 vårt
1510 1272 90 36 land
1630 1272 204 37 användas.

369 1319 125 38 Sedan
522 1321 146 36 visshet
694 1321 130 36 härom
845 1322 240 47 förvärfvats,
1107 1322 96 37 hade
1223 1323 189 50 importen
1438 1337 80 23 mer
1533 1324 71 36 och
1620 1338 80 23 mer
1716 1325 120 36 öfver-

243 1375 85 47 gått
356 1372 59 37 till
444 1386 46 23 en
520 1373 139 50 import
687 1374 41 36 af
753 1374 158 36 enstaka
940 1374 218 50 afvelsdjur,
1188 1375 12 36 i
1229 1376 69 36 och
1326 1376 56 36 för
1410 1376 154 37 hvilken
1580 1376 148 37 landets
1745 1377 88 36 hus-

244 1425 362 50 hållningssällskap
650 1426 84 36 med
776 1439 45 23 en
864 1426 282 50 offervillighet,
1176 1428 93 36 värd
1298 1428 65 36 allt
1392 1428 255 49 erkännande,
1677 1429 160 49 beviljat

244 1477 70 36 och
342 1477 236 37 fortfarande
608 1478 189 49 beviljade
826 1478 215 50 betydande
1071 1479 144 50 anslag.

369 1530 53 36 Af
460 1530 98 36 huru
600 1535 97 32 stort
725 1544 104 35 gagn
858 1531 123 37 denna
1011 1531 233 37 sistnämnda
1273 1533 139 49 import
1440 1538 49 31 än
1517 1534 98 36 varit
1643 1534 69 36 och
1741 1534 96 36 huru

244 1581 229 49 välbehöflig
511 1583 73 35 den
613 1587 47 31 än
689 1583 234 37 fortfarande
954 1584 84 35 från
1066 1584 92 36 flera
1191 1585 239 49 synpunkter
1459 1585 84 36 sedt
1572 1586 125 36 kunde
1727 1598 110 24 anses

244 1647 102 35 vara,
363 1638 131 44 syntes
510 1634 63 37 det
585 1634 418 50 departementschefen
1015 1636 94 36 dock
1121 1636 82 37 icke
1217 1636 127 37 kunna
1355 1637 190 48 förnekas,
1559 1642 55 32 att
1625 1638 64 36 det
1701 1638 135 36 afvels-

245 1686 142 45 arbete,
418 1700 80 23 som
514 1690 48 46 på
584 1687 219 37 densamma
822 1688 230 49 grundades,
1075 1688 126 37 alltför
1222 1689 79 36 ofta
1320 1690 97 36 hade
1438 1695 54 31 att
1512 1691 137 49 kämpa
1666 1696 79 31 mot
1763 1691 74 36 den

246 1739 257 48 svårigheten,
534 1744 55 32 att
619 1740 134 36 endast
782 1740 247 50 ofullständig
1048 1740 213 38 kännedom
1282 1742 167 48 förelåge
1470 1743 103 36 såväl
1593 1743 160 36 rörande
1774 1743 63 37 be-

245 1791 264 37 skaffenheten
538 1792 40 36 af
600 1791 73 37 den
701 1792 122 49 hjord,
853 1793 85 36 från
967 1793 154 37 hvilken
1151 1794 249 49 afvelsdjuret
1427 1795 12 36 i
1468 1795 107 49 fråga
1599 1799 139 45 utgått,
1756 1809 80 23 som

246 1844 70 35 ock
345 1843 186 37 huruvida
560 1844 208 36 detsamma
797 1848 47 46 på
872 1846 125 48 grund
1026 1846 40 36 af
1092 1846 59 36 sin
1179 1846 265 50 härstamning
1471 1848 124 36 kunde
1616 1848 221 37 förutsättas

248 1909 87 23 vara
377 1896 12 36 i
417 1896 211 49 besittning
653 1897 81 49 just
764 1898 40 35 af
828 1897 45 37 de
903 1898 249 49 egenskaper,
1183 1912 80 23 som
1293 1899 167 50 köparen
1490 1914 137 35 genom
1658 1900 64 37 det
1751 1901 87 49 dyrt

244 1948 243 36 förvärfvade
513 1947 126 51 djuret
667 1949 88 37 ville
776 1949 142 37 tillföra
939 1950 54 36 sin
1015 1955 108 31 stam.
1179 1951 16 35 TI
1215 1952 105 47 regel
1340 1965 89 23 vore
1446 1952 63 36 det
1523 1952 64 36 vid
1604 1952 233 37 afslutandet

245 2000 42 36 af
325 1999 105 37 detta
471 2001 58 35 för
569 2001 137 36 honom
746 2005 40 32 så
826 2001 149 50 vigtiga
1012 2003 74 49 köp
1116 2002 133 37 endast
1276 2003 73 37 den
1377 2004 78 36 ofta
1483 2004 258 37 vilseledande
1771 2018 65 24 ex-

244 2052 180 47 teriören,
455 2066 80 23 som
565 2053 102 49 finge
697 2054 90 36 fälla
815 2054 179 48 utslaget.

374 2104 73 36 Det
474 2105 98 36 hade
600 2105 58 36 till
687 2106 190 49 väsentlig
906 2106 59 37 del
993 2106 98 37 varit
1119 2107 58 36 för
1197 2112 55 32 att
1272 2108 236 49 undanrödja
1528 2108 124 37 denna
1668 2109 85 37 med
1770 2109 68 37 här

244 2156 288 49 ifrågavarande
563 2158 138 49 import
730 2158 213 37 förbundna
971 2158 217 49 olägenhet,
1219 2173 81 23 som
1321 2174 87 22 man
1425 2160 64 36 vid
1504 2160 46 36 de
1566 2167 128 30 senast
1709 2161 129 37 hållna

246 2208 191 37 allmänna
472 2209 163 37 svenska
663 2210 380 37 landtbruksmötena
1072 2212 166 36 användt
1268 2226 47 23 en
1343 2212 60 37 del
1432 2213 40 36 af
1498 2213 274 48 afkastningen
1800 2214 41 37 af

245 2260 72 37 den
346 2274 140 35 genom
516 2262 428 38 stamholländeriernas
965 2263 227 50 försäljning
1206 2265 219 49 uppkomna
1441 2265 140 36 fonden
1599 2266 59 36 för
1674 2266 164 37 svenska

246 2313 280 50 hornboskaps-
569 2315 70 36 och
681 2315 206 37 fårafvelns
927 2315 193 50 förädling
1147 2316 58 36 till
1234 2317 183 37 särskilda
1446 2322 146 32 statens
1620 2318 216 49 hederspris
