2222 2654
436 187 41 32 74
889 186 248 33 Statsutskottets
1167 185 167 34 Utlåtande
1358 186 61 33 N:o
1445 188 47 32 10.

391 270 216 38 förtroddes
646 271 37 34 åt
716 268 91 37 flera
835 267 240 50 afdelningar
1103 267 210 49 samtidigt,
1344 272 91 32 enär
1464 267 113 37 enhet
1604 267 12 36 i
1644 266 147 38 arbetet
1818 290 49 3 —
1896 280 88 37 syn-

391 323 174 50 nerligen
582 322 123 50 vigtig
722 322 59 37 för
797 320 335 38 åstadkommande
1149 320 41 37 af
1202 319 245 51 komparabla
1463 320 159 37 resultat
1637 342 49 5 —
1702 320 280 50 äfventyrades.

392 377 68 37 Att
488 376 217 50 uppdraget
734 378 122 34 såsom
884 374 128 37 ledare
1041 374 70 37 och
1138 374 261 37 föreståndare
1428 373 117 38 borde
1574 373 151 37 förenas
1749 373 70 37 hos
1840 387 144 23 samma

390 444 141 36 person
560 429 70 37 och
659 433 53 32 att
740 428 122 37 denne
891 427 116 37 borde
1036 440 91 23 vara
1154 440 47 23 en
1226 427 59 37 för
1305 427 216 50 uppdraget
1541 426 181 37 särskildt
1742 426 241 49 qvalificerad

391 483 197 47 forstman,
616 482 98 37 hade
743 481 70 37 ock
842 480 267 37 erfarenheten
1136 479 98 37 visat
1266 494 87 23 vara
1382 485 97 32 mest
1507 479 330 49 ändamålsenligt.

520 535 87 37 Med
647 535 151 49 hänsyn
838 533 57 37 till
936 533 64 37 det
1034 533 157 36 anförda
1219 536 142 46 ansåge
1391 532 201 50 styrelsen,
1623 537 56 32 att
1707 532 74 37 den
1808 532 176 49 forstliga

391 588 343 38 försöksanstalten
773 586 115 37 borde
930 586 240 49 organiseras
1203 589 49 46 på
1288 585 170 50 följande
1487 590 86 32 sätt.
1629 585 211 47 Anstalten,
1870 585 113 37 hvars

389 641 178 51 personal
607 641 116 37 borde
765 645 157 44 utgöras
965 639 41 37 af
1044 653 47 23 en
1127 638 241 37 uteslutande
1402 639 59 36 för
1488 638 191 37 anstalten
1707 638 149 37 anstäld
1884 638 99 37 före-

390 694 190 47 ståndare,
622 707 81 23 som
746 693 115 35 borde
903 705 92 22 vara
1036 691 406 49 skogsvetenskapligt
1478 691 172 36 utbildad
1687 691 70 36 och
1785 691 199 46 förtrogen

389 746 86 38 med
504 745 191 38 utlandets
723 743 332 49 försöksväsende,
1085 757 48 23 en
1160 743 180 48 botanist,
1369 745 64 35 två
1462 743 220 37 assistenter
1702 742 71 37 och
1791 742 193 50 tillfälliga

388 799 172 37 biträden
589 799 97 37 efter
714 798 127 47 behof,
870 797 117 37 borde
1015 796 89 50 lyda
1131 796 122 37 under
1281 796 340 48 domänstyrelsen,
1652 809 78 23 som
1759 795 60 37 för
1844 795 138 37 anstal-

388 858 85 31 tens
503 851 298 51 experimentala
828 850 333 48 undersökningar
1181 849 121 37 skulle
1319 848 185 37 fastställa
1520 848 245 50 detaljerade,
1782 848 59 37 för
1861 847 123 38 skilda

389 910 120 32 orters
537 904 265 37 förhållanden
829 902 175 51 lämpade
1032 902 133 50 planer
1193 902 71 37 och
1291 901 251 49 föreskrifter,
1572 904 41 34 så
1637 906 55 32 att
1720 906 54 31 ett
1794 900 189 50 enhetligt

389 964 144 43 system
575 957 132 37 dervid
742 956 148 49 följdes.
945 957 18 35 I
997 956 131 48 frågor
1156 955 161 36 rörande
1346 954 208 37 anstaltens
1584 954 156 37 arbeten
1769 954 70 36 och
1868 958 115 32 sättet

388 1011 56 36 för
473 1011 109 36 deras
611 1009 202 38 utförande
841 1008 117 37 borde
988 1007 329 50 domänstyrelsen
1346 1007 209 37 emellertid
1584 1020 71 35 ega
1685 1011 56 32 att
1769 1006 60 37 för
1857 1006 125 37 öfver-

387 1063 191 50 läggning
597 1063 101 36 inför
718 1062 187 49 styrelsen
925 1061 160 36 tillkalla
1105 1061 58 36 för
1183 1060 336 37 försöksväsendet
1537 1058 254 38 intresserade
1809 1059 174 36 fackmän

387 1116 83 37 från
510 1122 152 31 orterna
698 1116 121 49 jemte
863 1113 105 38 såväl
1009 1112 327 51 skogsinstitutets
1379 1112 168 38 direktör
1589 1112 68 37 och
1699 1111 283 38 vederbörande

387 1169 121 36 lärare
537 1182 80 22 som
649 1168 210 36 anstaltens
888 1167 260 36 föreståndare
1178 1166 70 36 och
1276 1165 177 37 botanist.
1509 1165 18 35 I
1556 1178 46 23 en
1631 1165 117 35 sådan
1770 1164 213 48 anordning

388 1223 91 47 såge
514 1220 191 49 styrelsen
733 1224 55 32 ett
815 1219 124 37 medel
968 1223 56 32 att
1052 1218 92 48 följa
1172 1217 337 37 försöksväsendet
1536 1217 12 36 i
1577 1217 85 36 dess
1690 1216 118 37 första
1837 1216 145 49 vigtiga

386 1273 361 49 utvecklingsskede
790 1272 70 36 och
903 1276 54 32 att
993 1270 65 38 vid
1091 1270 118 37 behof
1234 1275 95 45 göra
1357 1270 45 37 de
1427 1269 250 50 jemkningar
1705 1268 71 37 och
1803 1268 140 49 tillägg
1970 1268 12 37 i

388 1325 320 50 arbetsplanerna,
739 1338 81 23 som
851 1324 39 37 af
913 1323 288 37 tillkommande
1230 1322 328 48 omständigheter
1578 1322 92 36 eller
1688 1335 76 36 nya
1783 1321 199 49 uppgifter

386 1378 60 37 för
486 1377 337 38 försöksväsendet
863 1376 127 36 kunde
1031 1375 181 50 påkallas.
1268 1375 183 36 Deremot
1479 1377 142 46 ansåge
1650 1373 190 49 styrelsen
1868 1373 74 37 den
1970 1373 11 36 i

387 1430 329 50 skogsinstitutets
745 1429 146 49 förslag
917 1428 226 50 ifrågasatta
1170 1427 170 49 ledning,
1371 1441 80 23 som
1479 1426 121 37 skulle
1622 1426 40 36 af
1678 1426 219 36 direktören
1916 1425 65 36 vid

386 1482 166 38 nämnda
589 1483 151 37 institut
772 1482 151 37 utöfvas
948 1494 137 37 genom
1113 1480 357 49 inspektionsresor,
1500 1479 83 37 icke
1612 1491 90 25 vara
1730 1483 56 32 att
1813 1477 166 49 förorda,

386 1539 124 33 såsom
550 1536 58 35 till
648 1540 145 44 gagnet
834 1535 84 36 icke
954 1533 267 37 motsvarande
1249 1532 226 47 kostnaden,
1504 1532 13 36 i
1545 1531 49 37 all
1623 1531 208 48 synnerhet
1859 1531 122 36 under

385 1588 73 37 den
487 1588 117 37 första
632 1588 105 36 tiden
766 1587 41 37 af
828 1586 210 38 anstaltens
1059 1585 275 37 förberedande
1356 1585 167 36 arbeten.
1567 1583 140 37 MHvilka
1722 1583 259 49 anordningar

386 1643 91 45 åter,
520 1654 81 23 som
642 1640 151 37 komme
836 1644 54 32 att
933 1639 202 47 erfordras,
1168 1643 70 31 när
1271 1637 355 37 försöksväsendets
1659 1636 159 37 arbeten
1846 1635 134 50 längre

384 1692 225 49 fortskridit,
638 1697 132 45 syntes
797 1692 96 37 först
921 1691 98 37 efter
1047 1691 47 36 då
1121 1704 155 23 vunnen
1296 1690 216 37 erfarenhet
1531 1689 129 36 kunna
1678 1688 89 37 fullt
1786 1688 191 37 bedömas.

514 1745 17 37 I
559 1745 109 48 fråga
693 1745 165 37 derefter
887 1758 61 22 om
978 1743 191 37 arfvodes-
1199 1743 70 36 och
1298 1742 368 47 kostnadsstaterna,
1682 1741 119 49 följde
1821 1741 41 36 af
1878 1740 98 37 hvad

386 1797 190 50 styrelsen
617 1798 70 36 här
728 1797 115 37 ofvan
885 1797 126 36 anfört
1052 1809 60 23 om
1140 1795 366 37 försöksanstaltens
1536 1794 274 49 organisation,
1840 1798 56 31 att
1925 1793 53 36 af-

385 1850 184 49 löningen
609 1850 60 36 för
710 1849 72 37 den
826 1849 240 37 uteslutande
1103 1848 60 37 för
1191 1847 145 37 arbetet
1366 1847 62 37 vid
1458 1847 191 37 anstalten
1678 1845 172 38 anstälde
1878 1845 100 37 före-

385 1903 205 36 ståndaren
631 1905 120 34 måste
792 1904 93 46 utgå
925 1901 86 37 med
1054 1905 54 32 ett
1136 1901 58 35 för
1221 1900 96 37 hans
1345 1900 173 36 utkomst
1545 1898 87 37 fullt
1659 1898 225 49 tillräckligt
1912 1898 66 36 be-

384 1954 101 50 lopp.
540 1954 140 37 Härtill
708 1954 173 37 lemnade
911 1952 208 38 emellertid
1148 1953 64 36 det
1230 1952 122 37 under
1367 1952 117 37 andra
1500 1951 322 48 förutsättningar
1838 1950 140 37 äskade

385 2007 173 49 anslaget
599 2029 47 4 —
688 2008 136 47 16,000
866 2007 140 35 kronor
1046 2027 50 5 —
1136 2005 85 36 icke
1249 2004 179 50 tillgång,
1459 2004 127 37 derest
1615 2003 210 37 anstaltens
1855 2002 124 49 öfriga

384 2060 118 36 behof
540 2059 123 37 skulle
704 2059 87 37 fullt
823 2058 234 50 tillgodoses.
1113 2057 60 37 En
1204 2057 160 50 lämplig
1400 2061 120 45 utväg
1548 2055 175 50 erbjödes
1752 2055 98 37 dock
1879 2055 98 37 deri-

383 2125 152 35 genom,
578 2117 55 32 att
673 2111 60 37 till
766 2111 259 37 föreståndare
1054 2109 247 38 förordnades
1331 2123 46 23 en
1406 2110 59 36 för
1492 2109 215 49 uppdraget
1736 2107 241 49 qvalificerad

384 2164 189 38 ordinarie
611 2164 248 49 jägmästare,
903 2177 79 23 som
1025 2162 149 37 utöfver
1208 2162 59 36 sin
1299 2161 63 37 lön
1390 2164 48 48 på
1468 2165 76 33 stat
1571 2161 82 37 icke
1683 2160 122 36 skulle
1833 2160 59 36 för
1920 2159 56 37 sin

383 2217 171 37 utkomst
594 2216 163 38 behöfva
797 2215 327 50 fyllnadsarfvode
1164 2214 58 37 till
1262 2215 121 48 högre
1424 2213 138 50 belopp
1604 2218 48 31 än
1681 2214 113 47 3,000
1823 2212 151 36 kronor.

386 2269 79 37 Och
507 2270 46 36 då
594 2269 236 37 botanistens
859 2268 242 37 verksamhet
1130 2267 33 49 ej
1192 2266 125 37 blefve
1347 2267 128 47 sådan,
1505 2271 57 31 att
1589 2266 221 36 densamma
1839 2264 134 37 åtmin-

384 2327 105 31 stone
530 2321 58 37 till
630 2335 47 23 en
717 2321 135 49 början
895 2320 196 50 påkallade
1127 2319 95 38 hans
1252 2319 156 37 odelade
1437 2318 54 37 tid
1520 2318 69 37 och
1618 2317 146 38 således
1792 2317 36 49 ej
1856 2316 117 38 borde
