2219 2648
721 189 250 34 Statsutskottets
1000 187 167 33 Utlåtande
1190 186 62 32 N:o
1275 186 50 33 10.
1744 183 38 32 77

235 272 130 37 härför
394 272 157 46 anförts,
585 283 92 24 vore
705 268 336 50 hufvudsakligen,
1071 272 56 33 att
1155 264 445 40 försöksverksamheten
1619 276 89 24 vore
1730 263 40 37 af
1787 265 41 34 så

237 330 79 32 stor
344 324 197 50 betydelse
571 323 70 37 och
668 322 115 37 redan
813 322 83 37 från
922 321 135 49 början
1085 320 117 37 borde
1230 320 37 36 få
1295 333 47 23 en
1371 318 116 37 sådan
1508 317 245 48 omfattning,
1774 320 55 32 att

236 378 74 37 den
338 377 171 37 hvarken
536 376 126 37 kunde
692 374 90 38 eller
809 374 102 49 finge
939 373 194 38 betraktas
1158 375 124 34 såsom
1303 385 47 23 en
1372 369 332 51 bisysselsättning
1724 372 37 33 åt
1781 381 48 24 en

236 431 93 36 eller
349 435 54 31 ett
426 443 69 36 par
513 429 133 46 lärare,
666 427 148 36 hvilket
833 427 249 47 ovilkorligen
1105 429 119 32 måste
1244 425 118 36 blifva
1381 423 155 49 följden,
1558 436 61 22 om
1638 421 189 36 instituts-

235 482 169 37 lärarnes
432 481 116 37 redan
578 480 85 37 med
690 479 278 49 undervisning
995 477 123 38 starkt
1147 477 205 48 medtagna
1379 475 54 37 tid
1461 474 224 49 ytterligare
1706 472 122 38 skulle

235 540 111 44 tagas
375 535 12 36 i
416 534 163 49 anspråk
607 534 59 36 för
693 546 47 23 en
768 545 80 23 mer
876 531 90 37 eller
995 531 144 36 mindre
1173 529 231 38 omfattande
1432 525 397 40 försöksverksamhet

236 588 42 36 af
315 586 291 51 ifrågavarande
648 585 95 49 slag.
800 585 81 36 Den
925 583 91 38 eller
1057 584 57 47 de,
1149 596 82 23 som
1265 581 146 50 egnade
1441 581 60 47 sig
1529 582 38 34 åt
1596 580 232 45 densamma,

236 643 120 33 måste
385 645 94 44 göra
508 639 102 36 detta
637 639 70 35 helt
728 637 71 37 och
818 638 151 42 odeladt,
991 650 60 22 om
1072 638 117 46 några
1208 633 304 38 beaktansvärda
1530 632 161 37 resultat
1711 630 119 38 skulle

236 695 160 47 uppnås.
427 692 205 36 Dessutom
655 690 87 49 låge
771 689 64 37 det
863 689 111 36 äfven
1002 688 84 37 från
1115 688 71 36 den
1208 687 243 50 synpunkten
1467 685 84 37 sedt
1567 684 105 37 alltid
1690 697 48 24 en
1752 683 77 36 viss

234 745 82 37 fara
336 745 12 36 i
368 749 55 32 att
452 747 37 33 åt
517 757 143 24 samma
687 756 141 36 person
856 741 233 37 öfverlemna
1109 746 141 31 tvenne
1271 743 40 33 så
1331 737 338 50 maktpåliggande
1690 736 139 37 befatt-

235 798 139 48 ningar
411 810 82 23 som
528 796 74 36 den
631 798 124 33 såsom
784 795 121 36 lärare
941 794 70 36 och
1045 794 72 36 den
1146 795 121 34 såsom
1299 790 290 47 försöksledare,
1620 789 73 36 den
1721 789 110 36 faran

235 850 208 49 nemligen,
474 853 53 32 att
554 849 76 35 han
658 847 12 36 i
699 847 46 37 de
773 847 108 36 flesta
909 846 65 37 fall
995 845 85 37 med
1100 848 39 33 så
1159 850 95 31 stort
1274 844 161 37 intresse
1457 842 125 37 kunde
1603 841 152 37 komma
1776 845 55 32 att

236 915 98 35 egna
354 902 59 49 sig
434 905 38 32 åt
491 901 75 37 den
586 914 70 23 ena
676 900 41 36 af
734 900 97 47 dem,
853 905 55 30 att
928 899 72 36 den
1021 898 115 36 andra
1155 897 13 36 i
1186 898 79 36 viss
1286 899 87 34 mån
1394 896 115 48 derpå
1524 894 125 37 blefve
1665 893 164 37 lidande.

338 954 56 37 De
437 954 91 47 skäl,
570 953 131 36 hvilka
742 952 157 36 sålunda
934 951 143 36 anförts
1107 954 101 32 emot
1235 947 465 39 försöksverksamhetens
1728 945 103 37 inom

231 1006 384 50 jordbruksområdet
651 1004 253 49 förläggande
941 1003 58 36 till
1035 1001 440 48 landtbruksinstituten,
1506 1005 132 44 syntes
1667 1012 72 36 ega
1763 997 69 37 full

234 1059 181 49 giltighet
439 1058 146 50 jemväl
612 1058 13 36 i
652 1057 108 49 fråga
788 1070 61 23 om
869 1056 63 36 det
951 1055 174 49 forstliga
1144 1053 355 38 försöksväsendets
1519 1051 206 37 förenande
1747 1049 84 37 med

237 1111 320 49 skogsinstitutet.

363 1164 86 36 Med
491 1164 151 48 hänsyn
682 1161 58 37 till
777 1161 98 37 hvad
918 1159 419 50 departementschefen
1373 1157 159 38 sålunda
1561 1157 124 37 anfört
1711 1157 120 36 funne

234 1216 76 37 han
339 1216 60 49 sig
427 1216 103 48 böra,
559 1215 11 36 i
599 1215 122 36 likhet
753 1214 87 37 med
878 1212 340 49 domänstyrelsen,
1256 1211 195 37 frånträda
1485 1210 182 49 förslaget
1695 1223 59 23 om
1785 1222 47 24 en

235 1269 118 36 sådan
381 1268 180 49 förening
589 1267 71 37 och
687 1267 202 49 tillstyrka,
919 1271 54 32 att
1000 1264 343 38 försöksanstalten
1373 1263 238 37 anordnades
1640 1265 124 33 såsom
1785 1275 47 23 en

234 1321 207 36 fristående
461 1320 232 45 institution;
727 1319 69 37 och
823 1331 89 24 vore
941 1322 102 32 emot
1063 1318 73 36 den
1157 1317 41 36 af
1215 1315 329 50 domänstyrelsen
1564 1316 58 35 för
1643 1314 188 37 anstalten

234 1373 215 49 framlagda
477 1373 90 50 plan
596 1377 97 32 samt
721 1371 208 50 styrelsens
958 1370 144 48 förslag
1130 1369 58 36 till
1216 1369 192 36 arfvodes-
1438 1368 70 37 och
1527 1367 305 37 kostnadsstater

235 1425 82 37 icke
346 1429 119 45 något
495 1430 55 32 att
578 1425 133 37 erinra.

364 1477 433 50 Departementschefen
827 1475 183 38 framlade
1040 1474 108 37 alltså
1175 1474 169 49 följande
1372 1472 146 49 förslag
1545 1471 58 37 till

968 1561 134 41 Stat

661 1651 60 37 för
749 1650 73 37 den
849 1649 176 49 forstliga
1054 1649 354 38 försöksanstalten.

1633 1764 116 45 Kronor.
1828 1802 2 15 |

237 1895 181 46 lArfvode
445 1904 58 36 till
530 1904 291 37 föreståndaren
852 1934 679 5 u.mnmsesnennnurnssnunnusnnsnnsnn
1649 1904 112 46 3,000
1773 1877 57 51 |

326 1970 17 22 »
445 1956 60 37 till
533 1956 217 37 botanisten
774 1951 20 62 =
804 1986 178 5 oessseeese
1002 1987 16 4 se
1037 1986 377 6 sms
1433 1985 98 6 ren
1551 1979 2 30 |
1652 1955 164 47 1,500/—

327 2023 16 22 »
445 2008 58 37 till
532 2022 46 23 SM
607 2009 179 36 ASIStölt
817 2038 714 7 s——==>——,.s.n
1100 2003 15 57 5
1135 2003 154 57 SRA
1381 2003 154 57 ÅREN
1651 2008 172 46 2,500/—

327 2074 17 23 »
445 2060 59 37 till
548 2074 17 23 »
684 2074 17 23 »
1651 2060 171 47 2,500-—

326 2113 74 37 Till
428 2126 101 24 rese-
552 2113 71 37 och
641 2112 464 49 traktamentsersättning
1126 2117 97 32 samt
1242 2112 58 37 till
1321 2112 169 48 aflöning
1510 2113 44 35 åt.

250 2166 193 48 tillfälliga
472 2165 173 37 biträden
673 2166 70 36 och
766 2165 308 49 handtlangning
1094 2166 196 35 äfvensom
1309 2165 56 35 till
1385 2177 161 37 expens-

1224 2295 156 38 Summa
1407 2295 141 37 kronor!
1626 2295 204 47 —16,000—I
