2204 2636
472 127 36 29 18
628 125 112 30 Första
764 125 207 30 Kammarens
999 124 178 42 Tillfälliga
1207 124 132 30 Utskotts
1355 123 77 37 (N:o
1454 126 27 35 1)
1504 124 168 30 Utlåtande
1687 123 62 31 N:o
1773 124 52 30 12.

429 214 70 45 kg.,
540 213 215 42 bestämma,
783 218 54 30 att
870 212 147 36 utöfver
1044 212 69 35 den
1143 212 236 46 nedsättning
1406 212 11 34 i
1446 211 208 47 afgifterna,
1683 224 77 22 som
1788 210 39 35 af
1852 210 70 35 den
1951 209 80 36 från

428 263 67 35 den
527 265 16 33 1
569 263 73 47 juli
673 265 93 34 1896
795 263 169 48 gällande
991 262 283 47 godsindelning
1301 261 120 36 blefve
1450 275 43 22 en
1512 261 103 47 följd,
1637 262 75 34 tills
1731 261 123 35 vidare
1873 260 158 36 försöks-

428 314 54 35 vis
521 313 81 36 från
645 314 66 35 och
751 313 81 36 med
874 314 70 35 den
980 315 16 33 1
1027 313 70 46 juli
1128 314 95 34 1896
1252 311 209 47 medgåfves
1489 312 68 36 den
1586 312 215 48 ytterligare
1827 311 167 46 lindring
2020 311 12 35 i

428 364 310 44 fraktkostnaden,
767 364 44 35 då
850 364 131 47 godset
1007 371 39 28 är
1073 363 118 36 afsedt
1219 362 56 36 för
1298 362 236 47 jordbrukets
1562 363 89 35 eller
1680 361 261 47 bergsbrukets
1968 361 62 35 be-

428 414 73 44 hof,
542 420 54 30 att
638 420 201 41 mottagare
880 414 40 36 af
957 414 100 47 dylik
1100 415 182 45 vagnslast
1323 417 59 31 må
1418 413 38 35 af
1480 412 145 36 frakten
1653 424 66 35 ega
1746 412 286 36 restitutionsvis

428 465 269 36 återbekomma
738 478 43 22 en
819 466 116 34 krona
975 464 55 36 för
1065 464 127 47 hvarje
1231 464 241 48 begynnande
1512 463 180 36 femtiotal
1720 463 203 42 kilometer,
1953 475 77 22 som

428 528 137 35 vagnen
595 516 83 35 med
706 515 89 36 fulla
821 517 117 34 lasten
965 516 258 47 tillryggalagt
1250 518 19 31 å
1296 514 263 35 statsbanorna.

558 566 52 36 På
649 566 120 46 grund
811 565 107 36 häraf
954 568 106 44 utgår
1099 564 144 36 frakten
1277 564 57 36 för
1361 565 85 35 kalk
1473 564 54 36 för
1550 564 102 47 jord-
1680 564 65 35 och
1773 563 259 47 bergsbrukets

426 616 113 36 behof
575 616 63 36 vid
679 622 186 42 transport
898 619 20 32 å
945 621 134 31 statens
1103 616 195 46 jernvägar
1324 615 13 35 i
1366 615 183 47 sändning
1576 628 60 22 om
1665 615 111 35 minst
1806 616 45 33 10
1879 619 64 30 ton
1970 626 63 35 per

427 679 93 34 vagn
560 671 44 44 på
634 672 73 31 sätt
733 667 145 46 bilagda
905 666 110 36 tabell
1042 665 169 48 angifver
1238 665 56 36 för
1321 665 78 36 deri
1427 665 181 48 uppförda
1636 664 154 44 afstånd,
1819 664 128 36 dervid
1975 663 57 36 för

422 717 227 47 jemförelses
690 718 92 35 skull
823 716 176 48 angifvits
1039 717 44 35 de
1110 716 244 47 fraktbelopp,
1384 729 76 22 som
1489 716 182 35 debiteras
1698 715 57 35 för
1781 720 189 42 transport
1997 714 39 35 af

426 781 137 23 samma
596 768 182 47 qvantitet
805 768 83 35 kalk
918 771 20 32 å
966 767 256 36 motsvarande
1249 766 144 36 afstånd
1421 766 60 35 vid
1511 767 256 35 statsbanorna
1793 766 12 34 i
1834 765 197 41 Danmark,

426 818 176 36 Preussen
631 819 68 35 och
728 818 163 35 Finland.

558 869 201 35 Frakterna
798 868 54 36 för
880 868 83 35 kalk
991 872 20 31 å
1038 868 44 35 de
1110 868 138 35 danska
1275 867 253 36 statsbanorna
1555 874 62 28 äro
1645 868 12 34 i
1685 867 116 35 denna
1829 866 111 35 tabell
1968 879 63 22 an-

424 919 102 47 gifna
553 919 83 36 med
665 923 111 43 något
802 920 100 46 lägre
930 919 142 47 belopp,
1102 926 46 27 än
1177 931 75 22 som
1281 918 242 35 framkomma
1550 917 64 36 vid
1642 917 201 45 beräkning
1871 916 94 36 efter
1988 916 44 35 de

425 971 10 33 i
464 970 229 35 motionerna
719 970 70 35 n:is
818 971 43 33 91
893 970 65 34 och
990 971 66 33 171
1087 968 148 47 angifna
1261 967 175 48 grunder,
1465 967 179 36 beroende
1673 968 98 35 detta
1798 967 122 48 derpå,
1950 967 81 35 att
2013 963 22 57 i

426 1021 228 35 motionerna
693 1019 188 36 frakterna
922 1027 62 27 äro
1024 1018 152 47 angifna
1215 1019 133 35 sådana
1390 1019 44 34 de
1462 1022 87 43 utgå
1577 1018 63 35 vid
1668 1018 161 46 lastning
1857 1016 40 36 af
1922 1017 111 35 minst

426 1072 108 42 8,000
561 1071 61 46 kg.
652 1083 65 35 per
743 1076 75 30 stor
845 1082 95 33 vagn
970 1069 65 36 och
1064 1070 112 40 5,000
1205 1069 57 47 kg.
1292 1081 63 35 per
1383 1069 88 35 liten
1501 1080 106 34 vagn,
1633 1069 129 35 medan
1790 1067 62 36 vid
1871 1068 162 46 lastning

425 1120 40 36 af
502 1121 112 35 minst
657 1122 132 42 10,000
829 1120 59 46 kg.
924 1132 64 35 per
1021 1133 92 27 vagn
1143 1120 87 35 eller
1257 1119 190 46 betalning
1474 1118 93 36 efter
1594 1119 121 35 denna
1741 1119 78 45 vigt
1846 1131 64 34 per
1936 1129 95 35 vagn

424 1173 135 34 lemnas
604 1173 45 34 10
691 1176 150 42 procent
880 1170 123 35 rabatt
1042 1170 12 35 i
1096 1170 70 35 den
1200 1173 44 44 på
1270 1170 123 46 grund
1423 1168 41 36 af
1487 1182 92 35 resp.
1609 1168 103 36 tariff
1737 1168 295 48 uppkommande

425 1221 188 44 fraktsats;
644 1221 157 36 varande
828 1220 122 36 denna
977 1233 125 23 senare
1130 1220 202 46 beräkning
1359 1219 144 36 använd
1530 1220 12 34 1
1569 1219 239 35 förenämnda
1835 1219 123 34 tabell.

558 1272 79 36 Den
679 1272 211 35 restitution
931 1270 41 36 af
1002 1267 46 41 ?/3
1076 1270 40 35 af
1137 1269 374 48 jernvägsfrakterna,
1541 1282 75 23 som
1647 1270 116 46 enligt
1791 1269 95 35 hvad
1913 1269 12 34 i
1954 1281 77 23 mo-

423 1323 165 35 tionerna
630 1324 182 47 upplyses,
852 1321 324 47 tillgodokommer
1216 1320 270 36 vederbörande
1526 1319 217 36 förbrukare
1782 1320 12 35 i
1832 1319 199 42 Danmark,

424 1373 179 36 utbetalas
630 1385 133 34 genom
791 1372 315 36 >»Hedeselskabet>
1135 1371 41 35 af
1200 1371 170 36 särskildt
1389 1371 57 35 för
1464 1370 98 36 detta
1581 1370 168 36 ändamål
1769 1369 40 36 af
1824 1369 207 48 Riksdagen

422 1424 59 34 till
520 1423 271 36 vederbörande
836 1423 183 35 ministers
1059 1422 216 47 disposition
1311 1421 117 36 stälda
1469 1421 126 40 medel,
1638 1421 66 35 och
1746 1421 64 34 har
1838 1420 194 47 jernvägs-

425 1473 269 48 förvaltningen
724 1474 30 46 ej
785 1477 111 43 något
923 1478 54 30 att
1004 1472 150 36 dermed
1182 1473 160 34 beställa.

555 1524 53 36 Af
638 1524 147 46 bilagda
811 1523 210 47 jemförelse
1050 1524 133 34 mellan
1211 1523 43 35 de
1280 1523 11 34 i
1319 1525 87 33 våra
1433 1522 247 48 grannländer
1707 1521 181 48 utgående
1915 1520 116 36 frakt-

424 1575 198 47 afgifterna
649 1574 58 36 för
733 1575 82 34 kalk
844 1573 172 48 framgår,
1046 1579 53 29 att
1126 1573 104 36 dessa
1257 1581 60 27 äro
1345 1574 100 45 lägre
1473 1573 11 34 i
1507 1571 149 47 Sverige
1684 1579 44 28 än
1755 1573 11 34 i
1795 1575 112 43 något
1935 1571 40 35 af
1989 1571 43 36 de

424 1625 111 36 andra
561 1625 187 43 länderna,
778 1625 67 35 och
873 1624 98 36 visar
998 1624 62 35 det
1087 1625 56 45 sig
1171 1629 65 37 att,
1264 1637 62 34 per
1354 1623 259 35 tonkilometer
1639 1622 164 41 räknadt,
1824 1622 209 35 inkomsten

424 1682 117 40 utgör,
582 1676 47 35 då
669 1681 231 42 transporten
940 1687 85 35 eger
1057 1688 81 21 rum
1169 1674 126 36 endast
1319 1677 19 31 å
1367 1679 137 30 statens
1527 1674 212 46 jernvägar:
1768 1672 62 36 vid
1861 1674 70 34 100
1960 1672 71 35 km.

425 1729 19 32 2
473 1734 72 36 öre,
573 1726 63 36 vid
667 1728 71 34 200
766 1726 71 34 km.
870 1728 50 41 1,5
948 1732 70 37 öre,
1048 1725 60 35 vid
1139 1726 72 34 300
1239 1725 70 34 km.
1343 1726 49 41 1,3
1420 1730 72 37 öre,
1519 1723 62 36 vid
1609 1725 74 34 400
1711 1723 72 35 km.
1806 1725 50 41 1,2
1877 1729 74 38 öre,
1971 1722 62 36 vid

424 1778 71 35 500
522 1777 72 35 km.
628 1779 48 40 1,1
706 1783 72 36 öre,
807 1776 62 35 vid
900 1777 71 35 600
999 1776 71 34 km.
1103 1777 67 42 1,08
1199 1782 70 36 öre,
1298 1774 60 35 vid
1389 1776 72 33 700
1488 1774 71 35 km.
1592 1777 68 41 1,04
1688 1780 71 37 öre,
1788 1773 62 36 vid
1871 1774 72 34 800
1959 1773 71 35 km.

426 1830 65 41 1,02
520 1834 72 36 öre,
623 1827 62 35 vid
716 1828 69 34 900
814 1827 71 34 km.
920 1829 16 32 1
966 1833 61 28 öre
1054 1826 67 35 och
1150 1825 61 36 vid
1244 1827 105 41 1,000
1378 1825 74 34 km.
1481 1827 51 40 0,9
1560 1831 72 29 öre.
1685 1823 88 36 Sker
1800 1828 233 43 transporten

424 1878 12 35 i
464 1878 187 35 samtrafik
680 1877 82 36 med
789 1876 143 37 enskild
956 1877 166 46 jernväg,
1152 1876 137 36 hvilket
1316 1874 112 37 oftast
1456 1882 40 28 är
1518 1874 115 44 fallet,
1655 1874 161 36 minskas
1836 1874 120 35 denna
1975 1874 57 34 in-

423 1929 118 35 komst
580 1929 13 34 i
634 1927 93 48 följd
756 1927 39 35 af
817 1927 215 48 grunderna
1059 1926 56 36 för
1142 1925 401 50 transportafgifternas
1571 1925 152 47 delning
1750 1924 81 36 med
1863 1926 45 34 10
1938 1924 21 35 å
1987 1926 44 33 25

423 1984 158 42 procent.

555 2029 78 36 Den
675 2029 58 35 del
773 2028 39 35 af
848 2027 349 44 driftkostnaderna,
1232 2040 74 23 som
1341 2034 40 28 är
1409 2031 54 31 att
1491 2039 84 22 anse
1603 2028 118 34 såsom
1749 2024 143 48 verklig
1919 2024 115 48 utgift

423 2079 57 35 för
518 2079 147 47 godsets
706 2078 264 43 framförande,
1012 2078 65 35 och
1119 2078 146 36 hvartill
1300 2085 63 27 äro
1392 2082 54 30 att
1474 2076 153 36 hänföra
1654 2076 151 46 slitning
1832 2075 39 35 af
1895 2076 138 35 banans

421 2128 290 50 öfverbyggnad,
753 2129 244 36 kostnaderna
1036 2127 57 37 för
1134 2132 82 44 tåg-
1257 2128 66 36 och
1356 2126 316 46 lokomotivtjenst
1709 2131 91 31 samt
1827 2131 206 42 transport-

423 2179 158 36 medlens
623 2180 192 35 underhåll
844 2180 68 35 och
941 2179 192 48 förnyelse,
1164 2178 223 35 beräknades
1416 2179 12 34 i
1456 2178 61 35 det
1544 2177 71 35 den
1646 2180 16 32 1
1694 2176 151 36 oktober
1876 2178 94 35 1888
2000 2174 38 37 af
