2230 2730
420 158 19 31 2
784 149 216 42 Bevillnings-
1011 146 167 35 Utskottets
1203 144 210 35 Betänkande
1435 142 62 33 N:o
1521 143 31 30 2.

377 246 116 40 yttras,
516 240 75 34 med
615 239 65 33 den
706 236 241 41 inskränkning
974 235 96 39 blott,
1094 244 70 22 som
1189 232 46 33 uti
1263 234 106 30 större
1394 229 124 40 städer,
1534 228 81 33 eller
1633 226 53 33 vid
1699 224 199 35 marknader
1918 224 63 33 och

377 294 153 34 tillfällen
570 292 34 33 af
637 294 107 30 större
772 288 262 41 folksamlingar,
1056 282 325 46 polismyndigheten
1405 283 10 31 i
1439 281 119 34 staden
1582 280 82 33 eller
1688 281 93 31 orten
1805 277 65 33 kan
1892 276 89 33 finna

378 347 117 41 nödigt
518 347 49 31 att
588 342 215 40 föreskrifva;

515 399 44 30 att
597 395 37 34 af
668 395 40 32 de
744 392 181 44 inflytande
965 385 524 44 bränvinstillverkningsmedlen
1523 385 54 32 må
1614 383 50 33 till
1698 381 178 41 landsting,
1905 379 78 33 hus-

379 447 316 44 hållningssällskap
724 445 63 34 och
815 444 192 34 kommuner
1030 441 167 34 utbetalas
1227 441 37 32 så
1287 438 132 43 mycket
1442 448 71 22 som
1537 446 115 23 svarar
1676 437 88 30 emot
1792 433 41 33 de
1856 432 126 33 inkom-
2012 467 2 3 .

380 506 78 36 ster,
483 512 71 23 som
583 499 40 33 de
647 500 10 31 i
684 497 158 34 medeltal
865 496 117 33 hittills
1007 493 133 43 åtnjutit
1168 492 35 33 af
1233 487 519 44 bränvinsförsäljningsskatten.

514 552 36 34 af
570 552 86 32 Herr
681 561 61 22 von
764 548 101 41 Koch,
891 548 48 33 uti
966 547 127 33 motion
1115 544 61 34 N:o
1201 547 50 36 20,
1276 543 132 33 hvaruti
1430 542 67 33 han
1519 539 175 34 hemstält:

515 607 44 30 att
580 614 44 22 nu
647 602 145 34 varande
820 600 232 41 minuterings-
1076 597 61 33 och
1166 592 377 44 utskänkningsafgifter
1566 592 53 33 för
1641 588 227 45 spritdrycker
1891 587 94 34 skola

378 658 166 44 upphöra;

515 711 44 30 att
580 704 370 43 tillverkningsäafgiften
981 703 11 32 i
1010 701 114 34 stället
1150 699 95 43 höjes
1268 698 76 33 med
1372 700 40 30 40
1436 700 68 36 öre,
1531 693 236 36 motsvarande
1796 691 188 34 nuvarande

379 757 389 42 utskänkningsafgifter,
793 757 79 31 eller
899 755 49 32 till
972 754 51 31 En
1045 753 107 31 krona
1175 754 39 30 20
1243 754 57 28 öre
1328 761 60 30 per
1410 749 127 39 kanna;

515 813 46 30 att
590 807 142 35 särskild
756 817 109 23 annan
894 805 95 42 afgift
1015 804 52 32 för
1093 800 230 35 minuthandel
1345 799 74 33 icke
1442 800 55 31 må
1518 798 172 42 påläggas,
1713 806 75 22 men
1817 805 40 22 en
1882 793 104 33 sådan

383 864 87 34 dock
509 863 52 33 för
596 860 224 40 utskänkning
858 859 9 31 i
907 855 238 41 sammanhang
1178 853 76 33 med
1284 852 167 34 allmänna
1478 850 224 40 bevillningen
1725 850 170 30 uttaxeras
1924 845 61 33 och

381 916 77 34 med
486 915 41 32 de
554 913 51 33 till
628 911 202 33 statsverket
852 909 167 41 ingående
1046 902 526 42 bränvinstillverkningsafgifter
1598 899 284 41 sammanläggas;

517 968 84 30 samt
640 966 44 30 att
720 958 83 42 M,,
838 961 81 33 eller
960 957 35 42 7;
1035 958 35 33 af
1091 956 284 34 nettoinkomsten
1401 954 74 33 utaf
1494 951 227 45 nyssnämnda
1743 945 245 48 tillverknings-

383 1019 63 34 och
473 1013 378 43 utskänkningsafgifter
878 1011 159 37 fördelas,
1067 1009 84 33 efter
1177 1006 239 42 folkmängden
1440 1007 36 32 år
1501 1007 111 37 187—,
1636 1003 147 33 emellan
1796 1001 103 32 rikets
1920 1003 68 29 sär-

382 1070 109 34 skilda
523 1065 349 43 landstingsområden
904 1066 94 35 samt,
1036 1061 59 33 der
1130 1060 120 32 sådant
1273 1060 28 41 ej
1330 1061 136 38 utgöres
1491 1057 35 39 af
1551 1056 118 33 endast
1692 1065 41 21 en
1760 1053 86 39 stad,
1875 1052 42 32 då
1944 1052 45 31 vi-

384 1123 80 32 dare
501 1115 185 48 fördelas”)
711 1119 46 37 så,
786 1120 49 29 att
857 1115 207 39 landstinget
1088 1112 62 33 och
1173 1108 420 43 hushållningssällskapet
1614 1105 167 35 hvardera
1807 1104 34 33 få
1862 1100 35 42 '/s
1926 1102 62 33 och

384 1174 107 41 öfriga
515 1168 36 42 ”/,
581 1170 127 38 skiftas,
736 1168 85 33 efter
843 1165 247 42 folkmängden,
1119 1163 142 32 emellan
1289 1162 66 32 alla
1379 1160 167 33 områdets
1570 1158 112 34 lands-
1710 1157 62 33 och
1802 1155 188 34 stadskom-

382 1235 126 29 muner,
532 1225 49 31 att
604 1220 170 34 användas
796 1219 118 32 främst
940 1217 50 33 till
1019 1214 266 41 säkerhetspolis,
1302 1212 90 43 folk-
1422 1212 56 32 och
1506 1205 217 52 slöjdskolor;

517 1275 15 31 I
565 1271 239 41 sammanhang
836 1268 159 34 hvarmed
1028 1267 210 32 motionären
1274 1264 123 42 jemväl
1420 1263 169 39 hemstält,
1614 1262 57 31 det
1693 1259 193 40 Riksdagen
1912 1257 78 38 dels,

382 1329 12 31 i
415 1326 89 33 hvad
531 1326 43 41 på
598 1324 191 32 densamma
813 1321 201 37 ankommer,
1039 1318 105 33 skulle
1172 1316 142 39 besluta,
1333 1315 69 32 dels
1422 1314 61 33 hos
1495 1313 119 41 Kongl.
1629 1312 93 42 Maj:t
1747 1312 8 31 i
1767 1308 223 41 underdånig-

383 1379 59 32 het
465 1376 134 34 anhålla
627 1386 52 22 om
703 1373 140 40 ändring
866 1372 36 33 af
922 1370 168 41 åtskilliga
1115 1367 196 44 paragrafer
1333 1367 48 32 uti
1403 1365 240 41 förordningen
1667 1361 174 43 angående
1861 1359 130 42 försälj-

384 1431 79 40 ning
488 1429 35 32 af
542 1427 150 38 bränvin,
715 1427 44 40 på
782 1427 67 29 sätt
873 1424 57 31 det
952 1423 10 31 i
990 1422 169 32 motionen
1182 1421 136 39 intagna
1331 1416 343 41 författningsförslag
1686 1418 154 29 närmare
1854 1412 135 32 utvisar.

519 1479 35 33 af
579 1478 84 32 Herr
687 1476 157 33 Salomon
867 1474 161 39 Larsson,
1051 1471 133 33 hvilken
1207 1472 10 30 i
1239 1471 127 32 motion
1388 1469 61 32 N:o
1475 1471 39 30 28
1537 1466 169 40 hemstält,
1730 1465 58 32 det
1799 1463 192 40 Riksdagen

385 1533 52 32 för
464 1533 51 31 sin
544 1530 54 33 del
619 1529 76 32 ville
722 1527 142 33 besluta:

522 1584 44 30 att
587 1578 366 42 tillverkningsskatten
981 1578 19 31 å
1026 1574 138 34 bränvin
1187 1573 95 42 höjes
1309 1571 74 33 från
1406 1574 39 30 80
1475 1574 56 29 öre
1559 1570 50 32 till
1637 1572 17 30 2
1672 1568 125 33 kronor
1813 1577 39 32 pr
1867 1566 126 39 kanna;

521 1635 47 30 att
600 1630 270 40 utminuterings-
905 1627 63 33 och
1003 1624 420 41 utskänkningsskatterna
1459 1623 111 31 såsom
1605 1620 128 33 sådana
1755 1618 153 42 upphöra
1931 1616 62 32 och

388 1684 217 35 sammanslås
633 1683 76 32 med
731 1678 380 42 tillverkningsskatten;
1142 1675 63 33 och

523 1738 45 30 att
600 1738 111 29 staten
744 1733 50 32 till
822 1731 226 40 landstingen,
1085 1725 428 42 hushållningssällskapen
1537 1723 63 33 och
1629 1723 239 32 kommunerna
1891 1719 104 32 afstår

387 1791 41 30 40
452 1791 56 29 öre
536 1787 52 32 för
614 1785 113 41 hvarje
756 1784 120 38 kanna,
905 1782 81 32 eller
1012 1778 34 40 ”/;
1072 1779 34 33 af
1134 1789 157 28 summan,
1314 1778 11 30 i
1347 1776 196 42 proportion
1570 1775 50 32 till
1643 1772 239 41 folkmängden
1905 1771 88 31 inom

387 1839 114 42 hvarje
528 1839 67 38 län,
622 1837 51 31 för
696 1839 49 30 att
767 1834 195 43 ytterligare
985 1833 90 31 inom
1101 1831 93 31 länet
1220 1829 149 32 fördelas
1398 1827 85 33 efter
1505 1827 89 32 förut
1617 1824 147 34 varande
1790 1822 154 42 grunder.

958 1951 93 33 Inom
1074 1948 113 33 Andra
1208 1948 214 32 Kammaren:

523 2041 35 33 af
593 2040 87 33 Herr
718 2038 34 33 J.
788 2037 188 39 Sandstedt,
1005 2036 48 31 uti
1076 2034 126 32 motion
1230 2033 61 32 N:o
1315 2035 51 36 92,
1391 2031 130 33 hvaruti
1543 2030 126 31 Herrar
1699 2026 79 33 Carl
1803 2027 129 40 Magni,
1958 2024 34 33 C.

387 2093 31 33 I.
457 2093 190 41 Bengtsson,
683 2090 34 33 J.
747 2089 167 32 Jonasson
940 2089 13 30 i
975 2085 215 42 Rasslebygd,
1216 2084 88 32 Jöns
1326 2083 165 32 Pehrsson
1515 2081 61 33 och
1607 2080 34 32 J.
1666 2079 110 32 M:son
1803 2078 191 41 Englander

387 2146 145 37 instämt,
562 2144 62 32 och
648 2142 130 32 hvaruti
802 2142 209 30 motionären
1038 2137 185 40 föreslagit,
1248 2138 48 30 att
1319 2134 193 41 Riksdagen
1540 2133 102 31 måtte
1663 2131 151 33 besluta:

523 2198 43 29 att
594 2195 39 32 de
661 2193 116 33 hittills
801 2192 52 31 för
878 2190 212 40 tillverkning
1114 2188 63 32 och
1200 2187 197 41 försäljning
1421 2185 36 33 af
1480 2184 140 33 bränvin
1644 2182 163 41 stadgade
1827 2179 166 34 särskilda

520 2263 25 30 +»)
566 2262 68 25 eller
653 2260 189 32 ungefärligen
861 2259 35 30 på
915 2259 56 24 sätt
988 2265 79 16 mom.
1087 2255 30 30 d)
1137 2255 50 24 och
1206 2253 26 30 e)
1252 2255 9 22 i
1280 2254 140 24 motionen
1439 2253 49 24 N:o
1509 2252 30 23 12
1559 2250 30 24 år
1607 2250 65 25 1874
1690 2248 149 26 innehålla.
