1920 2834
324 189 17 28 6
576 183 173 32 Allmänna
763 184 356 39 beredningsutskottets
1133 185 161 31 utlåtande
1310 195 36 22 nr
1360 186 43 30 45
1419 185 35 31 år
1468 185 87 32 1969

985 267 163 31 Utskottet

369 376 241 30 Motionärerna
629 376 180 31 hemställer
829 381 44 26 att
891 376 175 40 ytterligare
1087 376 144 40 åtgärder
1251 377 151 39 övervägs
1422 377 50 30 för
1492 381 44 26 att
1555 377 68 30 lösa
1642 376 62 31 den
1726 376 85 31 äldre

324 430 245 30 arbetskraftens
588 429 366 41 sysselsättningsfrågor.
974 432 47 29 Bl.
1037 440 27 22 a.
1084 431 94 30 berör
1196 431 235 30 motionärerna
1448 431 241 39 möjligheterna
1706 435 43 26 att
1767 430 46 31 till

320 483 171 32 industrins
511 484 223 32 förhållanden
756 494 136 31 anpassa
911 489 45 27 ett
976 484 299 40 kvoteringssystem
1296 485 46 30 till
1362 484 127 32 förmån
1510 484 49 31 för
1582 484 86 31 äldre
1691 483 118 31 arbets-

325 538 92 38 kraft,
446 539 235 39 sysselsättning
708 539 52 31 vid
787 539 123 40 statliga
936 540 61 30 och
1024 540 205 30 kommunala
1256 540 129 31 arbeten
1411 539 62 31 och
1498 540 10 31 i
1534 539 74 31 sista
1635 539 85 31 hand
1747 539 64 39 lag-

323 593 150 40 stiftning.

369 649 14 29 I
405 647 80 32 årets
507 648 369 40 statsverksproposition
895 649 57 30 har
971 648 228 32 understrukits
1221 653 44 27 att
1285 649 82 30 vissa
1385 658 137 30 grupper
1540 648 42 40 på
1602 647 209 32 arbetsmark-

322 702 115 38 naden,
456 703 41 30 bl.
513 712 27 23 a.
558 703 39 31 de
616 703 95 38 äldre,
730 702 41 41 på
788 703 101 39 grund
907 712 39 22 av
961 703 263 40 förändringarna
1238 702 42 41 på
1297 703 302 31 arbetsmarknaden
1616 702 134 31 riskerar
1767 706 44 26 att

323 758 131 30 utsättas
479 757 50 31 för
553 756 159 41 långvarig
736 757 207 32 arbetslöshet
967 758 75 31 eller
1065 757 338 40 undersysselsättning
1425 767 53 21 om
1503 758 64 30 inte
1590 756 153 32 särskilda
1766 755 45 32 åt-

322 812 113 39 gärder
452 812 110 31 vidtas.
581 813 62 30 Det
660 812 57 30 har
733 813 127 30 uttalats
878 817 43 26 att
939 812 52 31 det
1007 812 51 31 för
1074 813 40 30 de
1130 812 295 39 konkurrenssvaga
1440 821 178 30 grupperna
1634 811 119 31 behövs
1770 820 41 22 en

324 866 151 37 väsentlig
494 866 213 37 förstärkning
726 875 38 21 av
783 866 180 29 samhällets
981 867 140 29 insatser.
1142 866 119 30 Vikten
1279 875 38 20 av
1335 876 40 20 en
1394 865 99 30 sådan
1511 865 212 38 förstärkning
1742 866 69 29 illu-

322 922 113 27 streras
461 927 39 22 av
524 919 39 31 de
587 918 159 40 uppgifter
770 918 428 40 arbetsmarknadsstyrelsen
1222 919 10 31 i
1255 918 255 40 remissyttrande
1533 918 119 30 lämnat
1675 917 135 31 rörande

322 973 265 31 arbetslöshetens
608 974 178 39 fördelning
806 974 61 30 och
889 973 193 40 varaktighet
1102 974 11 31 i
1133 973 101 31 skilda
1255 972 249 40 åldersgrupper.
1526 971 255 41 Tyngdpunkten
1802 971 9 31 i

321 1026 428 40 statsverkspropositionens
773 1027 117 39 förslag
912 1027 46 31 till
982 1027 118 39 ökning
1123 1036 39 21 av
1184 1026 327 40 medelsanvisningen
1534 1026 50 30 för
1607 1026 62 30 den
1693 1026 118 30 arbets-

322 1081 320 39 marknadspolitiska
661 1081 241 32 verksamheten
921 1081 58 31 har
998 1082 77 39 lagts
1095 1080 41 40 på
1155 1080 455 39 arbetsmarknadsutbildning
1629 1079 61 31 och
1710 1079 101 40 åtgär-

320 1134 56 31 der
396 1135 52 30 för
468 1135 244 40 handikappade
734 1136 62 29 och
817 1135 249 39 svårplacerade,
1089 1135 111 30 främst
1222 1144 114 30 genom
1358 1143 40 22 en
1419 1134 182 39 utbyggnad
1623 1143 39 21 av
1683 1134 39 30 de
1745 1134 64 29 sär-

323 1189 102 30 skilda
439 1189 345 39 beredskapsarbetena
796 1189 50 30 för
861 1189 92 31 dessa
965 1198 137 30 grupper
1114 1189 61 30 och
1192 1198 38 21 av
1243 1189 62 30 den
1320 1188 162 40 skyddade
1498 1188 61 30 och
1574 1187 237 40 halvskyddade

323 1243 285 39 sysselsättningen.
627 1242 139 32 Sålunda
780 1243 58 30 har
853 1243 176 39 föreslagits
1046 1252 40 22 en
1102 1242 131 40 höjning
1250 1252 39 21 av
1306 1242 139 40 anslaget
1461 1242 47 31 till
1525 1242 159 31 Särskilda
1700 1241 111 31 bered-

320 1297 228 40 skapsarbeten
568 1306 41 22 m.
624 1306 42 22 m.
690 1297 73 31 med
788 1297 59 31 105
871 1297 79 31 mkr.
974 1297 46 30 till
1041 1297 63 30 425
1128 1296 80 31 mkr.
1231 1296 84 31 Från
1337 1296 140 40 anslaget
1498 1295 133 31 bestrids
1653 1294 41 31 bl.
1710 1304 27 22 a.
1760 1297 49 28 ut-

322 1350 91 39 gifter
428 1351 50 30 för
493 1351 326 38 beredskapsarbeten
833 1352 50 29 för
899 1350 220 40 svårplacerad
1136 1350 198 37 arbetskraft,
1352 1349 329 40 arbetspsykologiska
1698 1349 114 30 under-

323 1404 170 40 sökningar
518 1404 61 31 och
606 1404 227 31 arkivarbeten.
859 1404 122 31 Därvid
1006 1404 57 31 har
1087 1403 196 38 framhållits,
1310 1408 44 26 att
1379 1404 39 30 de
1443 1403 98 31 sedan
1570 1403 151 35 1966/67
1746 1402 65 31 för-

323 1459 121 30 söksvis
462 1459 183 31 anordnade
661 1459 195 31 industriella
871 1458 354 40 beredskapsarbetena,
1243 1457 84 32 vilka
1343 1458 10 31 i
1368 1458 100 30 första
1482 1457 86 31 hand
1584 1457 141 30 används
1742 1466 69 21 som

322 1512 349 40 omställningsarbeten
691 1513 50 30 för
761 1512 188 31 arbetskraft
969 1522 70 21 som
1057 1513 10 30 i
1086 1511 155 31 samband
1260 1512 73 30 med
1352 1511 378 39 industrinedläggningar
1748 1511 63 30 inte

323 1566 63 30 kan
405 1567 246 39 arbetsplaceras
668 1567 10 30 i
695 1567 108 38 öppna
818 1566 196 30 marknaden
1032 1566 61 30 och
1111 1575 70 21 som
1198 1566 64 30 inte
1279 1565 63 30 kan
1360 1565 194 39 sysselsättas
1573 1565 11 30 i
1600 1564 212 31 traditionella

323 1620 334 39 beredskapsarbeten,
680 1620 57 30 har
758 1620 76 31 ökat
855 1620 136 39 kraftigt.
1014 1620 119 30 Vidare
1155 1618 132 32 föreslås
1309 1624 44 26 att
1375 1619 271 30 arkivarbetarnas
1666 1617 146 40 ställning

322 1674 11 31 i
351 1674 81 30 vissa
451 1674 55 31 fall
522 1675 170 30 förbättras
711 1684 115 30 genom
845 1678 44 26 att
907 1673 178 40 personliga
1103 1673 130 40 tjänster
1251 1673 80 31 skall
1349 1672 108 31 kunna
1475 1673 139 30 inrättas.
1635 1673 13 30 I
1668 1672 80 39 syfte
1768 1676 43 26 att

322 1728 197 31 förbättrade
537 1728 181 39 kunskaper
735 1728 79 30 skall
832 1727 56 31 nås
906 1737 55 21 om
979 1727 183 39 underlaget
1179 1727 51 30 för
1248 1726 62 31 och
1328 1726 230 39 verkningarna
1577 1735 39 21 av
1634 1726 40 31 de
1694 1726 118 30 arbets-

323 1781 320 40 marknadspolitiska
669 1781 187 40 åtgärderna
880 1781 58 30 har
964 1783 79 29 även
1067 1781 176 39 föreslagits
1268 1780 85 31 ökad
1378 1780 286 39 medelsanvisning
1688 1780 51 30 för
1764 1788 48 21 ar-

323 1835 415 39 betsmarknadsforskning.

366 1889 234 31 Statsutskottet
622 1889 57 30 har
701 1889 9 30 i
733 1889 51 30 sitt
805 1888 161 31 utlåtande
989 1898 38 21 nr
1049 1888 40 30 58
1114 1888 85 30 detta
1222 1887 34 31 år
1279 1887 126 31 anslutit
1428 1887 47 39 sig
1495 1887 45 30 till
1563 1886 245 39 departements-

324 1943 128 31 chefens
474 1943 194 39 bedömning
691 1952 39 21 av
751 1942 137 32 behovet
912 1952 38 21 av
973 1943 132 30 insatser
1127 1942 51 31 för
1201 1942 39 31 de
1264 1941 249 40 svårplacerade,
1537 1950 70 22 som
1631 1942 34 29 är
1688 1940 123 31 särskilt

324 2002 112 26 utsatta
457 1998 10 30 i
484 1997 182 31 nuvarande
685 1997 356 38 arbetsmarknadsläge,
1061 1996 61 30 och
1138 1996 57 30 har
1214 1997 79 29 även
1310 1995 171 31 framhållit
1500 2000 43 26 att
1561 2004 40 22 en
1618 1995 85 30 ökad
1720 1994 91 30 andel

324 2061 37 21 av
380 2061 181 21 resurserna
576 2052 59 29 bör
653 2051 107 30 kunna
778 2051 161 30 användas
957 2050 50 30 för
1024 2050 160 39 regionala
1201 2049 62 30 och
1280 2049 89 39 eljest
1387 2049 151 31 selektiva
1555 2049 140 30 insatser.
1716 2049 95 30 Stats-

324 2106 151 30 utskottet
493 2105 57 30 har
568 2105 106 30 vidare
692 2105 10 30 i
720 2104 168 39 anledning
905 2113 38 21 av
962 2104 157 30 motioner
1137 2103 152 30 förklarat
1308 2103 46 39 sig
1372 2103 77 30 intet
1467 2102 42 30 ha
1526 2107 44 26 att
1588 2102 138 31 invända
1744 2105 67 27 mot

323 2164 45 26 att
397 2159 429 39 arbetsmarknadsstyrelsen
855 2158 61 30 och
945 2157 299 40 skolöverstyrelsen
1272 2155 49 32 får
1349 2157 10 31 i
1387 2156 145 40 uppdrag
1559 2159 44 28 att
1631 2154 181 32 undersöka

323 2213 240 40 möjligheterna
578 2217 43 27 att
636 2213 142 30 anordna
791 2212 249 39 företagskurser
1052 2211 87 31 inom
1153 2210 83 40 ledig
1249 2210 362 39 utbildningskapacitet.

368 2268 75 29 Som
462 2266 138 39 framgår
617 2276 38 20 av
674 2265 444 39 arbetsmarknadsstyrelsens
1136 2264 256 39 remissyttrande
1411 2264 57 30 har
1486 2264 151 39 styrelsen
1655 2263 157 30 utarbetat

321 2326 45 26 ett
386 2321 125 30 särskilt
531 2320 306 39 aktivitetsprogram
858 2320 50 29 för
927 2319 227 38 intensifiering
1175 2328 39 20 av
1235 2317 187 40 åtgärderna
1442 2317 200 31 beträffande
1663 2317 61 30 den
1745 2326 67 26 me-

323 2374 155 32 delålders
500 2375 61 30 och
584 2374 85 31 äldre
691 2373 229 31 arbetskraften
941 2382 41 21 m.
997 2382 42 22 m.
1062 2371 179 31 Tonvikten
1262 2371 57 31 har
1338 2371 78 40 lagts
1438 2370 41 40 på
1500 2370 313 32 informationsverk-

323 2428 133 38 samhet,
479 2428 103 31 ökade
603 2427 198 40 möjligheter
822 2427 46 30 till
889 2426 178 39 utbildning
1087 2426 50 30 för
1160 2425 84 31 äldre
1266 2425 198 37 arbetskraft,
1488 2424 324 40 beredskapsarbeten

323 2490 82 25 samt
418 2485 145 39 skyddad
576 2484 61 30 och
650 2483 218 39 halvskyddad
882 2482 244 40 sysselsättning.

369 2538 211 31 Information
596 2538 57 29 har
668 2538 81 30 skett
766 2546 115 30 genom
896 2540 43 27 ett
954 2540 78 26 stort
1049 2536 84 30 antal
1150 2535 205 30 konferenser
1371 2534 182 31 anordnade
1570 2534 42 30 bl.
1628 2543 27 23 a.
1675 2543 37 21 av
1730 2534 82 30 läns-
