1908 2834
325 183 17 32 8
631 183 416 40 Bevillningsutskottets
1068 183 222 34 betänkande
1310 182 53 35 Nr
1389 183 50 32 10.

955 329 59 40 Nr
1043 328 61 41 10.

756 448 111 25 Ankom
886 448 42 24 till
948 447 164 32 riksdagens
1131 447 90 25 kansli
1242 446 54 25 den
1317 448 27 23 21
1366 447 124 24 februari
1513 447 65 24 1935
1599 446 39 26 kl.
1658 448 30 23 12
1708 454 38 17 m.

379 532 419 39 Bevillningsutskottets
820 532 233 36 betänkande,
1073 533 12 30 i
1106 530 193 39 anledning
1320 541 45 22 av
1386 531 107 32 väckt
1514 531 135 31 motion
1669 531 109 37 angå-

580 584 88 32 ende
692 583 241 38 uppförandet
961 583 21 32 å
1008 582 312 33 kronodebetsedel
1344 592 45 22 av
1417 583 96 31 vissa
1542 582 238 38 försäkrings-

577 636 163 37 premier.

1547 685 71 37 (2:a
1640 685 93 36 avd.)

317 791 18 32 I
359 802 44 21 en
427 792 99 31 inom
553 792 113 31 andra
692 792 209 31 kammaren
929 792 117 35 väckt,
1073 791 57 31 till
1166 791 395 37 bevillningsutskottet
1597 790 176 31 hänvisad

278 843 142 37 motion,
436 854 44 21 nr
499 844 68 37 424,
586 844 65 31 har
669 843 82 32 herr
769 843 163 31 Elmroth
951 842 192 37 hemställt,
1160 843 54 31 att
1232 842 193 36 riksdagen
1443 843 112 30 måtte
1571 842 13 31 i
1604 842 172 32 skrivelse

276 895 58 32 till
351 896 135 37 Kungl.
505 895 111 38 Maj:t
635 895 147 32 anhålla
800 905 56 21 om
874 894 194 38 utredning
1089 895 63 31 och
1172 894 136 38 förslag
1326 894 13 30 i
1358 894 128 32 sådant
1506 893 173 32 avseende
1699 903 75 22 som

278 948 13 30 i
314 947 182 32 motionen
520 947 144 32 lämnad
687 947 270 37 framställning
982 947 73 31 kan
1080 947 84 36 giva
1188 946 193 37 anledning
1403 946 68 31 till.

317 999 238 33 Beträffande
575 998 261 37 motiveringen
859 999 55 31 för
937 999 99 32 detta
1059 998 144 37 förslag,
1231 998 5 31 i
1256 998 70 32 den
1346 1000 84 30 mån
1452 997 221 37 redogörelse
1695 997 72 32 här

278 1051 56 32 för
356 1051 34 38 ej
415 1051 140 32 lämnas
578 1052 13 30 i
613 1051 57 32 det
695 1050 169 38 följande,
889 1051 57 31 får
969 1051 175 30 utskottet
1167 1050 153 32 hänvisa
1342 1050 58 31 till
1423 1050 191 31 motionen.

316 1154 255 38 Stadgandena
590 1164 56 22 om
663 1154 165 37 uppbörd
845 1164 44 21 av
909 1154 299 36 kronoutskylder
1229 1154 201 31 återfinnas
1449 1154 14 31 i
1480 1154 289 37 uppbördsregle-

275 1207 134 30 mentet
429 1206 70 32 den
518 1207 40 30 14
578 1206 182 32 december
781 1206 78 32 1917
879 1206 64 31 och
962 1206 234 37 reglementet
1216 1206 57 31 för
1291 1206 307 36 uppbördsverket
1619 1206 13 31 i
1653 1205 120 32 Stock-

274 1257 115 32 holms
411 1258 82 31 stad
515 1257 69 32 den
604 1259 18 29 1
645 1258 95 37 april
763 1258 79 30 1921
864 1257 80 32 med
965 1258 13 30 i
1003 1257 103 31 dessa
1130 1257 260 38 författningar
1415 1258 127 37 gjorda
1566 1257 206 38 ändringar.

274 1309 71 31 Till
366 1309 302 36 kronoutskylder
690 1309 173 31 hänföras
885 1309 113 37 enligt
1024 1308 18 37 $
1066 1310 19 30 1
1109 1310 12 30 i
1144 1309 248 32 förstnämnda
1414 1309 217 38 reglemente
1656 1310 117 36 årliga

276 1360 187 37 utskylder
491 1361 65 31 och
584 1361 157 37 avgifter
767 1360 58 32 till
850 1361 139 31 kronan
1015 1362 93 30 samt
1135 1360 134 32 sådana
1297 1361 186 37 utskylder
1512 1362 65 31 och
1604 1362 169 37 avgifter,

276 1422 75 22 som
377 1413 114 36 enligt
519 1412 136 32 allmän
680 1412 220 37 författning
928 1412 86 32 eller
1043 1413 81 32 med
1159 1412 230 38 tillämpning
1427 1424 45 21 av
1511 1413 179 33 särskilda
1727 1424 46 21 av

275 1463 133 38 Kungl.
435 1464 113 40 Maj:t
571 1464 207 32 meddelade
804 1465 223 36 stadganden
1053 1464 180 37 uppbäras
1259 1466 65 31 och
1350 1465 183 61 redovisas
1561 1467 12 30 i
1598 1476 174 22 samman-

275 1516 96 38 hang
394 1516 81 32 med
496 1516 331 38 kronouppbörden.

314 1562 126 43 Enligt
458 1569 20 30 1
498 1567 18 37 $
537 1564 121 41 kungl.
670 1568 239 37 kungörelsen
930 1569 67 31 den
1016 1569 40 30 22
1077 1569 143 33 oktober
1239 1568 96 33 1886
1339 1547 190 66 angående
1547 1571 161 37 uppbörd
1728 1581 45 21 av

275 1620 156 37 avgifter
456 1620 59 32 till
536 1620 97 32 vissa
656 1622 45 35 på
725 1620 253 37 ömsesidighet
1000 1621 186 36 grundade
1211 1622 400 37 försäkringsanstalter
1633 1623 72 31 kan
1726 1624 47 36 på

278 1671 254 38 ömsesidighet
550 1671 163 38 grundad
731 1672 139 37 brand-,
887 1672 230 37 hagelskade-
1135 1673 85 31 eller
1236 1673 540 39 kreatursförsäkringsanstalt,

274 1733 83 22 vars
376 1723 217 37 reglemente
614 1723 107 32 blivit
744 1724 174 32 fastställt
940 1734 45 22 av
1007 1724 136 37 Kungl.
1164 1724 110 37 Maj:t
1296 1725 84 31 eller
1404 1726 222 37 Konungens
1647 1725 123 32 befall-

273 1775 274 37 ningshavande
567 1776 63 32 och
651 1786 85 22 vars
757 1776 226 32 verksamhet
1007 1776 171 32 omfattar
1200 1777 110 32 minst
1333 1779 51 30 ett
1404 1777 125 39 härad,
1552 1778 38 32 få
1610 1778 161 37 delägar-

274 1837 65 23 nas
361 1829 46 36 på
429 1827 124 33 landet
578 1828 157 37 avgifter
760 1828 58 32 till
840 1828 180 32 anstalten
1042 1828 214 38 debiterade,
1279 1829 171 32 indrivna
1473 1830 65 31 och
1563 1830 208 32 redovisade

274 1880 12 30 i
312 1880 259 37 sammanhang
599 1881 78 31 med
704 1880 331 37 kronouppbörden.
1089 1880 123 32 Såsom
1237 1881 132 31 villkor
1396 1881 126 32 härför
1548 1885 41 29 är
1616 1883 154 36 stadgat,

274 1933 54 31 att
346 1933 60 31 det
423 1932 62 33 vid
505 1932 178 37 prövning
702 1932 172 37 befinnes,
894 1933 54 30 att
968 1932 198 33 anstaltens
1185 1933 214 36 reglemente
1418 1934 200 31 innehåller
1638 1934 133 37 nödiga

273 1984 267 31 bestämmelser
563 1984 80 32 med
665 1984 175 32 avseende
864 1986 20 30 å
908 1984 209 37 uttaxering
1142 1995 46 21 av
1211 1984 212 37 delägarnas
1449 1986 168 36 avgifter.
1662 1986 109 32 Pröv-

273 2035 134 37 ningen
434 2036 125 32 tillhör
587 2036 134 36 Kungl.
749 2035 120 37 Maj:t,
897 2046 56 21 om
980 2035 160 38 bolagets
1168 2036 225 32 verksamhet
1421 2038 173 31 omfattar
1623 2048 74 21 mer
1725 2041 46 28 än

271 2087 51 31 ett
339 2087 70 37 län,
427 2097 84 22 men
529 2087 102 37 eljest
651 2087 222 37 Konungens
893 2087 394 38 befallningshavande.

312 2139 123 32 Såsom
451 2140 133 32 arvode
601 2140 124 31 härför
741 2139 145 37 åtnjuta
901 2140 265 32 vederbörande
1182 2140 218 37 tjänstemän
1416 2142 115 37 enligt
1547 2143 18 30 2
1584 2141 17 37 $
1618 2143 12 31 i
1648 2146 120 29 nämn-

272 2191 45 32 da
334 2191 213 38 kungörelse
564 2192 55 31 för
637 2191 229 37 hagelskade-
884 2192 63 32 och
959 2192 637 38 kreatursförsäkringsanstalternas
1609 2195 160 37 uppbörd

271 2244 55 31 tre
352 2244 148 37 procent
528 2245 21 30 å
578 2244 57 32 det
663 2243 205 32 debiterade
896 2243 164 38 beloppet
1088 2245 92 30 samt
1207 2244 56 32 för
1291 2245 476 38 brandförsäkringsanstal-

271 2296 120 31 ternas
413 2295 164 37 uppbörd
600 2296 52 30 tre
675 2296 148 36 procent
847 2296 21 31 å
893 2295 177 33 debiterat
1092 2295 125 38 belopp
1242 2296 58 32 till
1322 2298 64 31 och
1411 2298 81 31 med
1516 2299 88 36 1,500
1627 2299 141 36 kronor,

270 2347 62 31 två
353 2347 147 36 procent
520 2347 22 32 å
563 2346 125 38 belopp
710 2347 192 32 därutöver
923 2347 56 32 till
1002 2348 66 31 och
1087 2348 80 32 med
1187 2348 88 37 3,000
1296 2349 130 31 kronor
1447 2351 93 30 samt
1561 2352 21 30 å
1604 2351 70 31 vad
1693 2360 74 22 som

270 2397 212 38 ytterligare
509 2398 177 33 debiteras
711 2408 45 22 en
779 2400 155 36 procent.

309 2449 19 32 I
349 2449 181 32 motionen
554 2450 66 32 har
641 2450 232 38 framhållits,
896 2452 54 30 att
974 2451 126 37 dylika
1122 2452 67 31 den
1210 2452 302 38 avgiftsskyldige
1534 2455 152 36 påförda
1709 2465 58 21 av-

273 2500 109 35 gifter
403 2502 58 31 för
480 2501 156 37 frivillig
658 2502 206 38 försäkring
887 2503 11 31 i
919 2503 69 37 hög
1010 2503 90 37 grad
1122 2504 202 37 påverkade
1344 2504 241 34 debetsedelns
1607 2506 165 33 slutsum-
