2212 2630
383 167 38 34 2
872 174 311 33 Jordbruksutskottets
1207 175 154 39 wtlåtande,
1389 178 47 31 Nr
1463 179 20 29 3

382 257 90 44 sägs,
503 254 191 36 ankomme
724 257 45 45 på
797 255 228 48 Konungens
1050 257 381 48 befallningshavande
1451 262 65 42 att,
1538 261 62 35 där
1617 262 356 47 omständigheterna

380 306 122 35 därtill
529 307 196 45 föranleda,
756 308 126 37 sådant
908 310 128 36 tillåta.
1085 311 150 36 Särskilt
1264 314 58 33 må
1350 313 69 35 vad
1444 314 13 34 i
1485 315 155 35 nämnda
1668 316 140 47 lagrum
1831 317 145 49 stadgas

378 360 79 35 icke
485 362 130 47 utgöra
639 362 128 35 hinder
795 362 55 35 för
873 363 127 36 sådant
1032 364 174 46 tillstånd,
1242 365 62 35 där
1318 367 265 47 avsöndringen
1600 369 175 35 erfordras
1793 369 56 35 för
1868 382 107 35 egna-

379 413 366 50 hemsanläggningar
768 416 84 35 eller
879 416 225 37 industriella
1131 419 261 48 anläggningar
1420 421 86 35 eller
1533 424 110 33 annat
1662 422 116 48 dylikt
1805 409 167 65 ändamål.

486 463 178 56 Tillstånd
882 492 47 3 —
970 493 14 2 -
1209 493 50 5 —
1291 493 47 6 —
1380 496 24 3 —
1453 470 36 56 —
1531 496 45 4 —
1604 496 49 5 -—
1684 477 71 35 fast
1782 476 189 46 egendom.

1120 598 25 45 $
1173 598 62 34 25.

484 672 53 47 Är
566 683 172 49 lägenhet
762 686 45 46 på
819 687 111 33 annat
953 687 73 34 sätt
1039 686 84 35 eller
1138 687 113 35 under
1265 687 111 36 andra
1405 688 130 36 villkor
1557 689 200 36 avsöndrad
1775 694 44 32 än
1837 692 137 36 tillåtet

382 738 90 34 varit
509 737 115 48 enligt
656 738 97 35 äldre
780 738 98 48 lagar
902 739 67 34 och
993 739 263 48 förordningar,
1286 754 81 23 vare
1396 742 111 35 sådan
1535 743 218 47 avsöndring
1780 744 91 36 dock
1899 747 75 46 gäl-

379 791 115 43 lande,
535 791 122 35 såvida
693 791 132 48 lagfart
862 791 85 36 därå
979 793 148 36 vunnits
1160 794 75 35 före
1264 794 70 36 den
1367 797 13 34 1
1413 797 143 46 januari
1587 797 113 45 1897,
1730 798 13 34 i
1770 801 110 33 annat
1909 800 66 35 fall

379 844 105 35 varde
513 845 277 48 avsöndringen,
820 848 65 32 när
912 847 192 47 påstående
1133 860 44 22 av
1205 847 265 37 vederbörande
1498 850 138 44 väckes,
1664 852 91 34 efter
1773 851 122 37 därom
1915 853 58 36 för

377 899 97 46 varje
503 898 65 35 fall
595 899 110 47 givna
733 899 224 36 föreskrifter
984 900 118 36 rättad
1130 901 67 35 och
1219 902 147 47 jämkad
1395 905 94 33 samt
1516 906 64 45 äge
1599 904 108 35 sedan
1729 904 161 47 bestånd,
1907 906 65 36 där

377 951 69 35 den
482 952 14 34 i
533 953 120 47 övrigt
689 957 128 43 prövas
841 953 113 53 laglig
983 955 68 34 och
1079 954 178 48 gällande,
1288 957 67 35 och
1383 957 103 47 njute
1516 957 80 46 den,
1626 970 77 23 som
1732 958 106 36 därav
1867 959 103 46 lider,

375 1005 134 48 skäligt
548 1006 225 35 skadestånd.
832 1008 154 45 Åtnöjes
1014 1007 77 36 icke
1140 1030 33 4 —
1208 1029 40 6 —
1286 1031 44 4 —
1364 1031 41 4 —
1445 1032 34 3 —
1500 1001 28 57 -.
1606 1033 49 3 —
1686 1033 49 4 0
1760 1034 49 4 —-
1840 1034 48 5 —
1914 1027 58 22 aV-

374 1059 220 47 söndringen
622 1060 107 35 skett.

482 1113 81 35 Har
602 1113 99 36 talan
743 1117 98 32 emot
878 1114 135 48 olaglig
1049 1115 218 49 avsöndring
1303 1118 31 47 ej
1379 1118 302 48 anhängiggjorts
1722 1121 74 34 före
1838 1120 70 36 den
1951 1123 17 33 1

371 1167 143 45 januari
556 1167 111 44 1920,
702 1180 82 23 vare
812 1167 266 37 vederbörande
1107 1169 51 35 sin
1189 1169 97 36 talan
1315 1170 97 36 kvitt
1440 1172 68 35 och
1536 1172 264 48 avsöndringen
1828 1174 140 36 bestån-

374 1219 126 36 dande.

1113 1670 23 46 $
1166 1671 61 36 31.

479 1757 141 36 Genom
658 1757 119 36 denna
803 1757 59 48 lag
890 1758 187 48 upphäves
1104 1758 257 49 förordningen
1388 1760 184 48 angående
1601 1762 366 50 hemmansklyvning

372 1811 67 34 och
465 1810 303 49 jordavsöndring
795 1810 70 36 den
896 1812 20 36 6
946 1812 145 46 augusti
1122 1811 112 37 1881.

478 1918 73 35 Till
579 1918 81 36 stöd
688 1917 122 37 härför
838 1919 64 35 har
929 1919 226 35 motionären
1183 1920 121 35 anfört
1331 1921 174 47 följande:

485 1972 40 34 »I
552 1972 106 47 lagen
687 1972 69 35 den
786 1973 46 35 27
865 1973 81 46 juni
980 1973 99 36 1896
1115 1985 57 23 om
1204 1973 373 50 hemmansklyvning,
1608 1977 262 49 ägostyckning
1898 1980 69 35 och

368 2025 314 48 jordavsöndring,
726 2026 122 35 vilken
889 2025 59 48 lag
977 2027 13 33 i
1018 2027 91 35 vissa
1151 2026 97 36 delar
1287 2027 143 36 ändrats
1459 2041 130 35 genom
1617 2030 59 47 lag
1705 2030 69 36 den
1803 2032 44 34 31
1881 2045 83 36 aug.

375 2080 112 43 1907,
519 2079 224 46 föreskrives,
775 2079 108 51 bland
911 2082 122 42 annat,
1064 2092 58 23 om
1150 2080 232 49 avsöndring:

480 2133 48 35 20
559 2133 22 46 8
615 2135 13 34 I
664 2146 107 22 mom.
809 2133 139 48 »Agare
977 2146 44 23 av
1049 2133 178 46 hemman,
1259 2134 112 36 vilket
1398 2135 56 36 får
1481 2136 136 49 klyvas,
1648 2137 91 36 have
1758 2140 72 35 rätt
1848 2141 55 35 att
1922 2153 42 22 av

371 2187 225 35 hemmanets
632 2186 173 48 ägovälde
833 2187 56 35 för
917 2186 104 36 alltid
1048 2187 175 36 avsöndra
1249 2188 57 35 till
1334 2189 68 35 och
1430 2189 82 36 med
1542 2202 45 23 en
1613 2190 171 38 femtedel
1811 2205 43 23 av
1883 2197 83 45 ägo-

370 2240 134 36 vidden
532 2241 13 34 i
573 2253 43 23 en
645 2240 86 36 eller
758 2240 84 36 flera
870 2240 113 46 delar;
1013 2240 91 36 dock
1132 2243 55 34 att
1213 2242 100 35 inom
1341 2242 269 49 Kopparbergs,
1641 2244 231 49 Gävleborgs,
1894 2247 73 36 Vä-
