1900 2828
81 2292 130 24 Utskottet.

287 174 62 44 104
765 185 263 32 Statsutskottets
1051 189 166 29 utlåtande
1240 199 38 19 nr
1295 192 27 27 4.

285 255 142 41 verktyg
449 256 62 31 och
535 257 206 33 inventarier
765 263 89 28 samt
876 261 205 32 materialier
1104 274 42 20 m.
1171 274 41 20 m.
1238 263 96 32 skola
1358 265 172 31 överföras
1555 266 53 31 till
1632 267 155 41 anslaget

283 304 82 32 Viss
388 306 422 42 forskningsverksamhet,
835 311 197 32 hemställer
1054 313 179 38 utskottet,

607 386 50 29 att
689 385 183 42 riksdagen
906 389 53 29 må
992 387 53 32 till
1078 388 191 33 Försvarets
1283 390 335 41 forskningsanstalt:
1646 393 139 32 Omkost-

550 435 102 31 nader
671 436 52 30 för
737 436 204 41 budgetåret
959 438 135 32 1947/48
1111 439 117 32 anvisa
1244 443 49 28 ett
1308 441 269 43 förslagsanslag
1593 454 40 20 av
1651 445 59 31 126
1722 445 63 31 000

552 484 135 32 kronor.

336 585 103 40 118:0)
463 587 178 31 Försvarets
663 589 303 38 forskningsanstalt:
990 592 66 30 Viss
1077 593 380 38 forskningsverksamhet.
1503 595 18 31 I
1538 595 152 42 enlighet
1706 596 78 32 med

280 634 127 41 Kungl.
432 636 115 41 Maj:ts
580 637 128 42 förslag
740 638 132 42 (punkt,
898 642 67 36 141,
990 652 25 20 s.
1040 642 186 42 250—252),
1259 643 106 32 vilket
1398 644 145 32 innebär
1570 657 42 20 en
1635 643 150 49 anslags-

279 684 146 43 höjning
457 687 77 31 med
567 688 135 32 350000
735 689 135 39 kronor,
904 691 173 32 beroende
1106 692 11 31 i
1141 693 181 32 huvudsak
1344 696 44 39 på
1411 696 193 42 överföring
1627 708 40 20 av
1690 697 92 32 vissa

278 735 187 32 kostnader
496 737 72 31 från
592 738 388 43 forskningsanstaltens
1005 742 352 44 omkostnadsanslag,
1382 745 199 33 hemställer
1603 748 179 38 utskottet,

600 816 50 30 att
672 815 184 42 riksdagen
879 819 55 29 må
949 818 52 31 till
1017 819 191 32 Försvarets
1215 820 339 42 forskningsanstalt:
1586 823 73 32 Viss
1673 824 110 39 forsk-

548 865 295 40 ningsverksamhet
864 868 53 30 för
939 868 202 42 budgetåret
1167 870 136 32 1947/48
1326 872 119 31 anvisa
1468 875 49 29 ett
1540 874 242 32 reservations-

546 915 118 41 anslag
688 928 39 19 av
750 917 19 31 3
782 917 62 31 850
855 918 63 31 000
940 918 135 33 kronor.

826 1036 190 35 Försvarets
1038 1037 194 43 socialbyrå.

331 1117 104 41 119:0)
469 1119 179 32 Försvarets
681 1119 190 41 socialbyrå:
905 1123 189 38 Avlöningar.
1140 1123 126 42 Kungl.
1292 1124 97 42 Maj:t
1416 1126 61 31 har
1499 1126 176 42 föreslagit
1698 1128 83 32 riks-

276 1166 111 42 dagen
410 1167 120 42 (punkt
554 1170 68 37 142,
648 1181 25 20 s.
698 1170 179 42 252—256)
899 1174 49 29 att

328 1217 76 32 dels
426 1219 155 41 medgiva
603 1221 216 40 uppförande
843 1224 19 29 å
877 1223 420 42 personalförteckningen
1314 1226 53 30 för
1382 1226 185 32 försvarets
1585 1227 190 43 socialbyrå

274 1278 41 20 av
339 1279 42 20 en
404 1268 105 32 förste
532 1270 296 41 byråsekreterare
851 1272 12 31 i
885 1273 164 41 lönegrad
1071 1274 52 31 Eo
1137 1275 50 37 26,

327 1318 75 32 dels
424 1319 181 41 godkänna
628 1332 40 20 av
684 1321 378 42 departementschefen
1077 1325 163 31 förordad
1256 1326 251 42 avlöningsstat
1523 1327 53 32 för
1591 1329 186 32 försvarets

274 1369 201 41 socialbyrå,
500 1372 49 29 att
572 1370 172 43 tillämpas
767 1372 73 33 tills
864 1373 114 32 vidare
1000 1375 74 30 från
1098 1375 65 31 och
1186 1376 78 31 med
1286 1376 204 42 budgetåret
1515 1379 149 37 1947/48,

327 1418 76 32 dels
436 1420 62 31 ock
531 1421 53 31 till
617 1421 202 33 Försvarets
853 1423 202 42 socialbyrå:
1091 1425 210 42 Avlöningar
1334 1427 51 31 för
1412 1427 202 41 budgetåret
1640 1429 135 33 1947/48

272 1469 121 32 anvisa
415 1472 49 29 ett
486 1471 266 43 förslagsanslag
774 1484 41 20 av
840 1474 133 31 182000
994 1475 135 32 kronor.

325 1571 237 33 Förevarande
596 1574 118 41 anslag
747 1577 36 29 är
816 1576 52 31 för
900 1577 229 32 innevarande
1163 1578 168 42 budgetår
1364 1581 141 40 uppfört
1538 1581 78 31 med
1641 1582 136 32 104000

271 1621 137 33 kronor.

324 1672 82 32 Med
429 1673 134 32 erinran
587 1685 55 21 om
665 1677 50 30 att
737 1675 128 42 Kungl.
889 1677 97 42 Maj:t
1009 1678 65 31 den
1101 1680 14 29 1
1140 1680 185 31 november
1349 1681 80 31 1946
1453 1681 174 42 medgivit,
1651 1685 51 29 att
1717 1683 58 32 vid

270 1722 109 41 byrån
412 1724 89 41 finge
534 1724 72 32 tills
636 1725 115 32 vidare
773 1726 93 32 intill
889 1729 170 41 utgången
1083 1740 40 20 av
1143 1729 75 41 juni
1244 1731 79 31 1947
1347 1731 111 32 finnas
1482 1732 149 32 anställd
1657 1744 41 21 en
1721 1733 55 32 be-

268 1772 292 43 fattningshavare
582 1775 53 32 för
657 1776 257 43 handläggning
930 1789 39 20 av
985 1779 149 31 ärenden
1151 1781 19 29 å
1185 1781 500 42 värnpliktshjälpssektionen,
1702 1786 74 29 mot

269 1824 203 40 åtnjutande
494 1825 120 32 härvid
637 1837 40 20 av
699 1828 126 31 arvode
849 1839 49 27 av,
923 1828 11 31 i
957 1831 49 29 ett
1028 1829 53 32 för
1103 1830 70 37 allt,
1199 1831 92 31 1090
1313 1831 127 32 kronor
1461 1833 53 31 för
1537 1834 125 31 månad
1685 1837 89 29 samt

268 1873 94 32 vissa
394 1874 170 33 förmåner
596 1876 12 31 i
640 1876 108 33 likhet
782 1878 79 31 med
894 1879 336 42 befattningshavare
1257 1881 12 31 i
1292 1882 41 31 25
1355 1882 230 41 löneklassen,
1608 1884 167 42 lönegrad

268 1924 53 31 Eo
338 1925 50 38 26,
422 1925 61 32 har
515 1926 388 42 departementschefen,
938 1930 43 30 då
1013 1930 149 32 behovet
1194 1942 41 20 av
1268 1931 237 43 befattningen
1541 1936 119 39 syntes
1694 1946 79 20 vara

268 1975 271 41 stadigvarande,
574 1977 175 42 föreslagit
774 1979 195 32 inrättande
993 1990 39 21 av
1056 1992 41 20 en
1120 1980 194 43 befattning
1336 1983 52 31 för
1410 1983 107 32 förste
1540 1984 234 41 byråsekrete-

267 2036 75 21 rare
365 2026 12 30 i
399 2026 165 42 lönegrad
586 2028 53 31 Eo
655 2029 50 30 26.

320 2075 179 43 Förslaget
520 2077 12 31 i
555 2078 110 41 övrigt
686 2078 144 33 innebär
854 2080 119 41 utbyte
989 2092 39 20 av
1045 2093 42 19 en
1103 2093 188 21 amanuens
1308 2083 11 31 i
1335 2083 53 31 Eo
1407 2084 38 31 15
1460 2087 72 29 mot
1548 2096 42 20 en
1606 2086 168 32 assistent

265 2125 12 32 i
301 2138 130 20 samma
453 2128 164 41 lönegrad
640 2131 88 30 samt
750 2130 195 32 inrättande
961 2142 39 20 av
1016 2132 197 41 ytterligare
1229 2133 232 42 befattningar
1476 2135 53 32 för
1547 2146 41 21 en
1606 2136 168 33 assistent

266 2176 11 32 i
301 2177 53 31 Eo
373 2178 38 31 15
434 2178 63 32 och
521 2181 49 30 ett
593 2179 228 33 skrivbiträde
845 2182 10 30 i
879 2182 52 31 Eo
948 2182 28 31 2.

319 2279 55 32 Då
407 2280 110 32 behov
551 2292 104 30 synes
688 2283 165 42 föreligga
886 2295 40 20 av
959 2285 65 30 den
1048 2285 194 42 föreslagna
1264 2286 236 42 befattningen
1525 2289 115 30 såsom
1663 2289 108 32 förste

265 2329 297 41 byråsekreterare
595 2332 11 31 i
639 2333 164 41 lönegrad
836 2334 52 32 Eo
905 2335 39 31 26
977 2335 60 31 vill
1063 2335 171 33 utskottet
1256 2337 180 41 tillstyrka,
1461 2339 50 30 att
1532 2338 238 43 befattningen

264 2379 12 31 i
298 2380 97 41 fråga
416 2381 153 33 inrättas.
614 2383 221 33 Beträffande
859 2384 233 42 socialbyråns
1114 2387 275 40 personalbehov
1411 2387 11 31 i
1446 2388 111 41 övrigt
1582 2399 103 31 synes
1701 2390 70 31 det-

266 2441 131 21 samma
418 2431 84 32 böra
523 2432 205 42 tillgodoses
750 2436 45 39 på
818 2436 69 30 sätt
909 2435 375 41 departementschefen
1307 2438 187 41 föreslagit.

320 2475 180 38 Utskottet
522 2483 206 39 hemställer,
