2220 2602
763 231 255 33 Statsutskottets
1041 234 166 33 utlåtande
1229 233 52 33 Nr
1303 240 19 27 5
1335 236 41 31 B.
1818 241 39 31 93

965 606 66 40 Nr
1067 607 23 39 5
1110 607 47 39 B.

680 719 124 29 Ankom
829 720 49 28 till
902 721 188 38 riksdagens
1115 723 103 28 kansli
1242 724 61 28 den
1331 725 35 27 17
1391 733 84 21 mars
1502 727 78 28 1922
1604 727 39 28 kl.
1670 724 37 41 !/,
1722 729 17 27 2
1763 738 24 18 e.
1813 738 40 19 m.

577 810 192 38 Utlåtande
797 813 185 49 angående
1008 815 216 50 regleringen
1253 829 44 24 av
1326 818 198 49 utgifterna
1552 820 112 36 under
1693 820 161 50 tilläggs-

670 878 128 30 statens
832 873 66 49 för
931 874 42 36 år
1014 875 100 36 1922
1143 876 112 49 femte
1282 877 207 49 huvudtitel,
1519 880 245 49 innefattande
1791 894 81 23 an-'

670 932 121 48 slagen
819 933 57 36 till
903 934 390 49 socialdepartementet.

1549 990 72 49 (3:e
1649 992 99 49 avd.)

671 1085 176 47 Sociala
877 1092 108 41 verk
1017 1093 83 41 och
1131 1093 309 54 inrättningar.

362 1195 73 49 1:o)
465 1196 16 36 I
510 1196 73 37 den
610 1197 58 37 till
695 1199 205 50 riksdagen
929 1201 72 37 den
1032 1205 18 33 7
1076 1202 151 48 januari
1262 1206 97 35 1922
1393 1206 152 36 avlåtna
1563 1208 290 48 propositionen
1879 1225 186 31 Betämpande

257 1246 85 36 med
384 1247 146 50 förslag
557 1248 56 37 till
641 1250 236 50 tilläggsstat
904 1253 61 36 för
993 1256 41 33 år
1065 1256 97 35 1922
1192 1255 60 49 (nr
1280 1255 48 50 2),
1357 1256 118 38 femte
1503 1258 251 50 huvudtiteln,
1784 1260 69 38 har

256 1297 142 49 Kungl.
432 1299 108 50 Maj:t
581 1301 196 50 föreslagit
817 1304 208 49 riksdagen
1066 1305 135 50 (punkt
1232 1306 33 50 1)
1306 1313 56 32 att
1402 1309 87 36 med
1517 1310 146 50 hänsyn
1692 1311 57 37 till
1777 1312 74 37 den

256 1350 248 49 proposition,
546 1365 81 24 som
667 1354 171 38 kommer
879 1361 55 32 att
962 1357 11 35 i
1002 1362 127 32 ämnet
1157 1359 155 48 avlåtas,
1342 1360 60 37 för
1429 1361 261 50 bekämpande
1718 1377 47 23 av
1793 1377 58 24 ar-

256 1401 258 39 betslösheten
560 1407 47 46 på
647 1405 237 51 tilläggsstat
925 1409 59 36 för
1026 1412 40 33 år
1111 1412 95 35 1922
1248 1411 168 38 beräkna
1458 1418 55 32 ett
1540 1410 310 59 förslagsanslag,

255 1452 129 51 högst,
415 1456 228 47 85,000,000
672 1458 151 38 kronor.

357 1505 143 51 Kungl.
542 1508 107 50 Maj:t
689 1510 68 37 har
798 1511 130 38 vidare
969 1513 11 35 i
1010 1526 47 24 en
1086 1527 143 25 samma
1258 1515 75 49 dag
1362 1516 149 38 avlåten
1540 1519 237 50 proposition
1805 1534 45 23 nr

257 1558 57 46 11,
357 1559 120 37 under
518 1560 239 50 åberopande
799 1577 46 22 av
885 1565 292 49 propositionen
1218 1566 121 50 bilagt
1379 1569 139 49 utdrag
1559 1584 45 23 av
1646 1572 203 36 statsråds-

254 1610 231 47 protokollet
505 1617 92 32 över
615 1614 209 37 socialären
849 1615 71 37 den
943 1617 55 36 för
1016 1631 143 23 samma
1179 1618 86 50 dag,
1286 1620 198 50 föreslagit
1502 1621 216 51 riksdagen,
1735 1623 112 37 bland

254 1666 126 43 annat,
403 1667 55 32 att
482 1663 59 37 för
568 1664 263 50 bekämpande
861 1681 45 23 av
935 1669 300 37 arbetslösheten
1263 1671 12 35 i
1295 1671 257 50 huvudsaklig
1571 1679 278 32 överensstäm-

253 1712 116 37 melse
398 1715 85 36 med
510 1715 12 36 i
550 1718 416 48 statsrådsprotokollet
994 1721 166 48 angivna
1188 1723 169 46 grunder
1384 1726 48 46 på
1463 1723 232 50 tilläggsstat
1722 1727 58 36 för
1809 1729 40 34 år

255 1766 97 35 1922
381 1766 132 37 anvisa
540 1772 54 32 ett
621 1768 307 51 förslagsanslag,
958 1772 126 49 högst,
1115 1775 228 46 85,000,000
1373 1775 150 37 kronor.

355 1817 17 36 I
414 1817 65 37 sitt
519 1818 193 39 utlåtande
745 1835 44 23 nr
819 1824 20 33 9
869 1823 67 36 har
963 1825 189 36 utskottet
1181 1825 206 49 hemställt,
1416 1832 55 32 att
1498 1827 205 51 riksdagen
1732 1833 115 34 måtte

254 1867 58 38 för
353 1869 318 40 arbetslöshetens
715 1873 262 50 bekämpande
1005 1879 49 47 på
1083 1876 236 50 tilläggsstat
1348 1879 59 36 för
1436 1882 41 34 år
1508 1882 96 34 1922
1635 1881 128 37 anvisa
1794 1887 54 31 ett

252 1920 315 52 förslagsanslag,
606 1924 124 49 högst,
770 1927 229 47 20,000,000
1028 1929 149 47 kronor,
1210 1929 124 37 vilken
1363 1931 224 37 hemställan
1617 1947 154 23 numera
1800 1947 47 23 av

252 1972 207 45 riksdagen
488 1975 169 37 bifallits.

355 2023 133 37 Såsom
518 2039 46 23 av
593 2028 119 47 sagda
739 2028 195 37 utlåtande
963 2031 178 47 framgår,
1172 2032 173 37 anmälde
1364 2033 199 47 utskottet,
1585 2040 55 31 att
1659 2036 187 36 utskottet

252 2075 202 37 framdeles
496 2077 118 36 under
654 2078 205 50 riksdagen
901 2081 152 36 komme
1096 2087 54 30 att
1177 2083 136 47 avgiva
1342 2085 152 48 förnyat
1521 2086 191 37 utlåtande
1740 2087 11 36 i
1781 2101 65 22 an-

251 2127 157 49 ledning
448 2140 46 23 av
536 2128 140 50 Kungl.
719 2130 127 49 Maj:ts
889 2132 247 37 förevarande
1180 2134 293 50 framställning,
1502 2149 127 25 varom
1660 2138 187 37 utskottet

251 2178 100 38 velat
379 2178 221 49 härigenom

750 2259 135 37 erinra.

353 2351 15 17 +)
396 2350 145 26 Hänvisar
561 2352 38 23 till
622 2353 89 29 punkt
731 2354 6 22 i
759 2355 312 30 statsrådsprotokollet

1934 1259 138 25 arbetslös-

1931 1294 81 23 heten.

1919 1335 108 49 [1.7”)
