2194 2646
388 216 104 29 Andra
519 217 201 28 Kammarens
747 213 175 40 Tillfälliga
950 214 135 30 Utskotts
1107 211 76 40 (N:o
1206 214 34 33 2)
1269 212 160 30 Utlåtande
1453 211 57 29 N:o
1535 212 28 27 6.
1767 208 19 30 3

188 296 53 32 att
269 293 342 47 ölutskänkningen
641 295 112 33 måtte
783 291 175 36 afskaffas
988 296 79 30 sön-
1097 290 69 35 och
1194 289 206 47 helgdagar
1427 289 119 34 under
1565 286 222 37 mötestiden

188 349 45 45 på
261 347 215 36 Hultsfreds
504 347 212 47 lägerplats.

346 401 19 35 I
408 401 378 47 protokollsutdraget
826 399 82 35 från
950 399 134 35 Hvena
1126 397 138 36 socken
1306 391 206 41 skildrades
1556 396 186 34 dessutom
1775 393 14 35 i

190 455 122 35 starka
342 455 132 47 färger,
504 456 178 34 hurusom
712 454 184 36 socknens
925 453 175 46 ungdom,
1137 452 115 35 sedan
1288 451 72 35 den
1389 451 118 34 under
1534 449 254 47 helgdagarne

190 511 20 32 å
237 509 249 46 lägerplatsen
529 509 150 35 förstört
720 508 80 35 sina
844 506 207 48 penningar
1094 506 67 35 och
1195 505 149 35 berusat
1373 504 66 46 sig,
1470 504 120 34 under
1617 506 171 31 nätterna

189 562 100 35 förde
333 562 112 48 oljud,
489 562 180 36 förstörde
712 561 152 47 grindar
893 560 69 35 och
991 559 268 48 gärdesgårdar
1288 561 95 32 samt
1424 557 209 46 framdroge
1663 556 125 35 utmed

192 621 161 42 vägarne
383 616 175 47 liggande
579 616 105 36 virke
706 616 68 35 och
789 615 85 35 lade
892 614 100 35 detta
1012 612 206 37 tvärsöfver
1237 618 173 41 vägarne,
1433 613 38 33 så
1493 614 53 33 att
1567 611 45 34 de
1632 609 156 35 resande

189 673 155 32 utsattes
372 670 56 35 för
454 670 98 35 faror
580 670 69 35 och
677 670 141 35 besvär.

350 723 182 48 Slutligen
574 724 96 35 hade
712 726 126 44 pastor
864 722 14 35 i
906 722 134 35 Hvena
1069 720 138 36 socken
1239 719 13 35 i
1281 718 154 48 afgifvet
1461 718 108 48 intyg
1598 717 189 43 vitsordat,

191 780 52 33 att
284 789 133 35 genom
462 778 61 35 det
565 777 263 46 öfverklagade
873 776 96 35 onda
1002 773 282 44 sabbatsfriden,
1320 772 206 36 hemfriden
1557 772 68 35 och
1655 771 137 35 allmän

191 831 173 36 säkerhet
391 831 56 35 för
474 832 156 35 resande
658 831 15 35 i
699 830 83 36 icke
811 829 108 47 ringa
948 829 91 47 grad
1068 828 154 44 stördes,
1254 827 68 35 och
1338 830 54 32 att
1411 826 73 47 god
1504 825 159 46 ordning
1677 824 114 36 bland

190 884 238 48 menigheten
470 888 95 32 samt
606 885 85 35 tukt
733 884 68 35 och
844 882 185 47 sedlighet
1069 882 114 35 bland
1216 881 213 47 ungdomen
1456 879 185 35 rubbades
1669 878 13 35 i
1712 877 80 36 sina

192 938 168 49 djupaste
390 939 235 46 grundvalar.

351 986 112 42 Öfver
505 992 259 47 ansökningen
805 991 134 35 hördes
983 989 131 36 chefen
1147 988 56 36 för
1235 988 126 47 kongl.
1397 987 153 35 Kalmar
1578 988 212 45 regemente

192 1047 67 35 och
288 1046 133 35 chefen
450 1046 56 36 för
534 1047 116 34 andra
680 1044 373 47 arméfördelningen.

350 1101 84 34 Den
461 1100 95 36 förre
585 1100 165 35 uttalade
778 1099 14 35 i
820 1099 58 35 sin
906 1096 216 48 förklaring,
1154 1099 53 33 att
1236 1096 62 50 det
1326 1095 32 49 ej
1390 1107 65 23 ens
1482 1094 225 47 ifrågasatts,
1740 1096 54 32 att

192 1155 70 34 den
292 1154 304 47 ölutskänkning,
634 1166 77 24 som
746 1153 93 36 efter
881 1151 249 46 vederbörligt
1171 1150 169 36 tillstånd
1382 1149 92 46 egde
1511 1160 81 23 rum
1623 1150 20 32 å
1667 1146 126 36 Hults-

191 1208 97 35 freds
318 1208 210 47 lägerplats,
560 1208 144 35 utöfvat
732 1209 124 45 någon
881 1218 99 23 mera
1009 1204 147 47 skadlig
1186 1203 141 36 verkan
1356 1205 46 44 på
1425 1205 250 43 regementets
1695 1213 99 22 man-

192 1262 90 46 skap
312 1262 90 35 eller
430 1261 188 47 beväring,
648 1261 56 36 för
732 1261 110 35 hvars
870 1258 160 47 räkning
1060 1259 72 34 den
1161 1256 214 48 egentligen
1403 1268 85 23 vore
1518 1255 139 35 afsedd.
1708 1254 87 35 Han

193 1315 149 36 anförde
372 1315 136 43 vidare,
540 1318 54 32 att
623 1315 63 35 det
713 1314 209 46 föreslagna
950 1312 172 35 förbudet
1151 1314 74 32 mot
1253 1309 218 49 försäljning
1498 1308 40 36 af
1555 1308 35 35 öl
1609 1308 57 35 till
1687 1307 108 36 civila

192 1381 174 35 personer
391 1368 84 35 icke
504 1368 121 35 skulle
654 1369 82 34 leda
770 1367 57 36 till
862 1368 62 34 det
953 1365 167 48 åsyftade
1150 1365 121 42 målet,
1303 1369 89 29 enär
1421 1363 62 35 det
1510 1374 88 24 vore
1629 1360 167 49 omöjligt

193 1426 53 32 att
273 1422 236 44 kontrollera,
547 1422 5 35 i
585 1422 100 35 hvad
714 1423 85 33 mån
829 1421 72 34 den
930 1419 263 46 mötesplatsen
1216 1417 213 36 besökande
1459 1416 186 46 allmogen
1674 1414 121 35 skulle

192 1476 113 36 blifva
335 1476 165 47 delaktig
529 1476 41 35 af
595 1476 72 35 den
697 1475 205 46 öltillgång,
947 1486 76 23 som
1058 1472 121 36 skulle
1209 1474 55 33 stå
1293 1475 160 42 truppen
1481 1469 58 36 till
1567 1469 105 35 buds.
1731 1468 65 35 Ett

194 1529 119 48 dylikt
341 1529 132 36 förbud
508 1529 121 36 skulle
663 1528 296 49 uppenbarligen
984 1527 131 35 endast
1143 1526 84 35 leda
1256 1525 57 36 till
1342 1523 256 48 kringgående
1629 1522 40 35 af
1694 1521 103 48 gifna

192 1583 239 36 föreskrifter.

353 1637 207 47 Angående
604 1635 63 34 det
698 1633 217 47 ifrågasatta
943 1630 242 36 inställandet
1213 1629 40 35 af
1278 1629 49 35 all
1357 1626 294 47 ölutskänkning
1680 1626 119 35 under

194 1696 78 30 sön-
303 1691 67 35 och
400 1691 203 46 helgdagar
639 1687 151 35 anförde
819 1683 357 49 regementschefen,
1208 1686 53 32 att
1290 1683 62 34 det
1381 1681 32 48 ej
1444 1693 86 24 vore
1561 1680 235 46 ådagalagdt,

194 1744 166 36 hvarken
388 1744 13 34 i
430 1744 94 34 huru
554 1745 77 33 stor
660 1739 224 46 omfattning
910 1737 224 46 oordningar
1163 1739 63 44 egt
1253 1748 92 31 rum,
1364 1736 89 34 eller
1473 1737 53 33 att
1546 1733 252 46 anledningen

195 1797 55 36 till
267 1798 72 34 den
355 1797 109 35 civila
479 1794 287 46 befolkningens
786 1791 181 48 uppgifna
987 1790 143 35 mindre
1152 1790 95 46 goda
1263 1788 230 47 uppförande
1523 1787 93 35 efter
1635 1786 164 35 besöken

196 1854 19 32 å
236 1851 263 46 mötesplatsen
529 1861 86 24 vore
646 1851 53 32 att
719 1847 90 35 söka
823 1846 14 34 i
853 1843 344 47 ölutskänkningen
1218 1843 200 43 derstädes,
1440 1841 155 36 hvilken
1615 1840 55 35 för
1690 1839 111 47 öfrigt

196 1918 84 22 vore
322 1904 138 35 instäld
503 1904 117 34 under
663 1906 79 30 sön-
785 1900 68 35 och
897 1899 205 46 helgdagar
1135 1897 81 35 från
1244 1897 50 34 kl.
1330 1898 46 33 10
1406 1895 57 36 till
1495 1897 45 33 12
1572 1894 24 35 f.
1630 1906 44 23 m.
1706 1896 95 32 samt

195 1959 117 34 under
341 1957 262 47 öfningstiden.
663 1956 73 33 Det
772 1966 86 23 vore
893 1951 192 48 antagligt,
1131 1954 53 32 att
1226 1951 44 34 de
1299 1949 212 35 besökande
1541 1947 132 49 sjelfva
1702 1947 96 35 med-

196 2012 102 35 förde
342 2011 239 46 rusgifvande
626 2008 174 48 drycker;
844 2006 205 47 hvarjemte
1094 2005 62 34 det
1196 2003 112 35 borde
1339 2003 155 43 anföras,
1527 2005 53 32 att
1610 2001 34 35 öl
1673 2000 126 35 kunde

196 2065 157 34 erhållas
384 2065 77 33 dels
491 2063 62 36 vid
583 2066 53 32 ett
663 2061 105 35 invid
797 2059 214 36 Hultsfreds
1042 2070 46 22 en
1117 2058 125 45 knapp
1271 2056 200 47 fjerdedels
1500 2054 65 36 mil
1584 2054 81 35 från
1685 2054 115 46 läger-

197 2118 144 46 platsen
383 2117 158 45 belägna
580 2112 319 51 jernvägsstation
927 2111 186 46 befintligt
1141 2109 174 48 bryggeri
1345 2109 68 35 och
1442 2109 77 34 dels
1550 2107 63 36 vid
1643 2110 52 32 ett
1724 2107 77 34 der-

197 2172 122 35 städes
349 2171 160 34 varande
536 2166 305 51 jernvägshotell.

356 2224 88 35 Med
485 2223 147 46 hänsyn
671 2220 57 36 till
770 2219 99 36 hvad
912 2218 155 34 sålunda
1110 2216 138 35 anförts
1291 2216 68 34 och
1389 2216 45 33 då
1463 2217 20 32 å
1513 2213 130 48 sjelfva
1672 2215 129 32 mötes-

199 2279 142 46 platsen
372 2277 31 48 ej
435 2274 234 37 förekommit
698 2276 116 44 några
844 2271 175 36 särskildt
1049 2269 380 47 anmärkningsvärda
1451 2267 234 46 oordningar,
1708 2268 95 33 samt
