2174 2616
206 1116 108 27 Lånets

202 1151 111 26 storlek.

177 1894 155 27 Utskottets

182 1928 143 35 yttrande.

414 117 19 29 4
879 118 242 31 Statsutskottets
1144 119 161 32 utlåtande
1326 120 53 31 Nr
1400 122 69 29 163.

372 203 236 49 luftskeppen
649 203 93 36 efter
780 217 45 22 en
863 205 82 35 kort
984 206 319 48 mellanlandning
1334 209 12 33 i
1378 207 123 36 Berlin
1543 208 170 37 fortsätta
1753 212 58 36 till
1854 211 122 37 Fried-

373 253 221 37 richshafen.

505 304 70 35 Det
603 311 40 28 är
670 305 217 48 uppenbart,
915 305 122 36 vilken
1065 305 119 37 fördel
1211 320 45 23 en
1284 311 38 32 så
1341 308 121 48 hastig
1481 308 237 49 förflyttning
1736 311 118 36 skulle
1872 315 103 34 inne-

372 355 86 35 bära
484 354 58 36 för
570 354 195 36 affärsmän
795 355 84 36 med
905 356 86 35 flera
1019 361 95 31 samt
1142 356 58 36 för
1226 358 292 47 postbefordran.
1564 360 80 35 Den
1672 373 42 23 av
1740 361 148 48 bolaget
1915 364 60 35 be-

371 405 158 36 räknade
556 404 163 48 avgiften
747 418 44 23 av
820 407 72 34 350
920 406 135 36 kronor
1083 406 57 37 för
1160 420 130 36 person
1311 408 57 36 för
1387 410 103 35 enkel
1511 423 81 22 resa
1610 412 133 34 mellan
1763 410 212 39 Stockholm

371 456 68 35 och
468 455 124 36 Berlin
621 463 40 28 är
687 456 79 35 icke
793 456 114 35 heller
934 460 37 32 så
999 457 72 48 hög
1098 459 12 34 i
1133 458 212 46 jämförelse
1373 460 83 35 med
1484 460 238 48 biljettpriset
1748 464 46 45 på
1808 462 164 49 järnväg,

371 511 53 30 att
464 519 85 22 man
592 506 160 35 behöver
792 506 136 44 befara,
970 512 52 31 att
1053 520 234 36 passagerare
1314 510 31 46 ej
1376 510 101 35 skola
1504 511 144 35 anmäla
1676 513 56 46 sig
1759 513 57 34 till
1844 513 62 35 det
1933 527 41 22 av

371 557 146 46 bolaget
544 556 208 36 beräknade
780 557 155 35 antalet.
982 558 71 35 Det
1081 558 64 35 har
1171 560 93 34 visat
1292 559 65 48 sig,
1386 565 52 30 att
1466 561 184 47 platserna
1677 562 12 35 i
1709 562 44 35 de
1772 561 201 50 luftskepp,

371 619 76 23 som
489 607 172 35 trafikera
688 607 149 36 stäckan
866 608 134 35 mellan
1028 608 124 36 Berlin
1185 610 67 35 och
1280 609 330 46 Friedrichshafen,
1639 612 105 36 alltid
1772 619 64 29 äro
1864 618 111 42 tagna

369 658 13 33 i
422 657 157 47 anspråk
606 663 95 30 samt
727 657 205 36 merendels
960 659 58 35 till
1047 664 78 30 stor
1152 659 59 36 del
1238 660 149 48 tingade
1414 661 12 35 i
1454 660 142 50 förväg,
1625 663 65 35 och
1719 676 44 22 en
1791 663 85 36 med
1905 663 69 36 för-

370 707 220 36 hållandena
608 709 58 35 väl
686 707 191 49 förtrogen
897 710 129 34 svensk
1045 710 195 35 trafikman
1259 710 66 36 har
1343 710 192 46 försäkrat,
1552 718 53 29 att
1619 715 222 34 åtminstone
1857 714 117 36 under

370 758 103 36 halva
500 761 78 32 året
606 758 45 36 de
680 760 44 34 25
754 760 148 47 platser,
932 772 76 23 som
1037 761 118 34 skulle
1183 761 117 36 finnas
1327 763 12 33 i
1368 760 238 51 luftskeppet,
1635 764 147 35 komma
1810 769 53 30 att
1890 778 84 22 vara

370 814 200 42 upptagna.
625 809 70 35 Det
734 822 44 23 av
818 810 147 47 bolaget
1004 810 210 37 beräknade
1255 812 209 36 medeltalet
1504 826 43 23 av
1582 816 42 33 17
1654 827 174 34 personer
1856 816 118 34 under

370 860 71 34 250
469 858 123 36 färder
619 872 59 22 om
707 862 77 33 året
811 860 107 35 torde
946 860 234 47 följaktligen
1207 863 123 34 kunna
1357 866 154 44 uppnås.

502 909 73 47 Jag
602 922 107 23 anser
734 910 78 45 mig
839 910 106 36 alltså
972 910 88 36 böra
1088 910 158 45 förorda,
1263 917 53 31 att
1343 913 148 47 bolaget
1519 918 125 40 måtte,
1672 916 12 34 i
1704 915 165 47 enlighet
1890 916 82 35 med

369 959 68 35 vad
478 959 44 36 de
563 960 115 35 hörda
704 960 311 49 myndigheterna
1041 962 193 49 tillstyrkt,
1261 963 151 45 beviljas
1440 969 52 30 ett
1519 965 61 35 lån
1608 964 58 36 för
1692 964 281 49 ifrågavarande

368 1010 179 35 ändamål.
602 1010 171 36 Närmast
813 1012 117 35 skulle
969 1013 97 34 lånet
1106 1013 184 36 användas
1331 1013 59 36 för
1416 1014 235 37 anordnande
1678 1029 42 22 av
1748 1015 224 49 luftskepps-

369 1061 192 35 stationen.

504 1111 154 48 Bolaget
696 1112 67 35 har
803 1111 198 45 hemställt,
1041 1118 52 30 att
1133 1115 100 34 lånet
1274 1117 112 34 måtte
1425 1115 222 37 bestämmas
1686 1117 57 34 till
1774 1118 197 43 2,000,000

369 1161 145 35 kronor.
571 1161 81 36 Vad
693 1165 112 45 angår
844 1163 61 35 lån
945 1163 57 35 till
1043 1164 168 36 enskilda
1234 1165 199 48 järnvägar
1460 1165 82 36 från
1572 1167 69 35 den
1670 1180 26 23 s.
1726 1168 33 34 k.
1788 1169 183 34 allmänna

366 1211 412 48 järnvägslånefonden,
808 1216 90 44 utgå
930 1213 102 36 dessa
1060 1215 116 47 enligt
1203 1228 42 22 av
1274 1215 135 47 Kungl.
1439 1216 105 47 Maj:t
1571 1218 68 34 och
1666 1218 188 46 riksdagen
1873 1218 98 47 fast-

368 1261 130 36 ställda
538 1263 274 35 bestämmelser
853 1263 83 35 med
972 1264 107 48 högst
1107 1264 139 37 hälften
1275 1279 42 22 av
1345 1267 462 48 anläggningskostnaden.
1862 1267 108 37 Även

370 1313 60 35 lån
472 1311 81 37 från
594 1313 346 36 rederilånefonden
967 1314 117 36 bruka
1110 1316 79 35 icke
1217 1315 152 48 beviljas
1396 1317 55 35 till
1479 1331 78 22 mer
1585 1324 44 29 än
1656 1318 143 36 hälften
1828 1332 43 23 av
1898 1319 72 36 far-

368 1368 122 42 tygets
531 1363 122 36 värde.
707 1364 54 35 Då
800 1364 62 35 det
902 1365 147 47 kapital,
1091 1378 78 23 som
1209 1366 176 36 beräknas
1425 1371 84 45 åtgå
1535 1369 57 35 till
1619 1370 281 47 igångsättande
1927 1383 43 22 av

368 1412 280 49 ifrågavarande
674 1413 424 47 lufttrafikförbindelse,
1128 1420 143 44 uppgår
1298 1418 56 34 till
1379 1419 197 43 3,500,000
1596 1420 144 44 kronor,
1761 1421 129 43 skulle,
1910 1433 58 23 om

370 1464 46 34 de
456 1464 155 35 sålunda
650 1464 62 36 vid
740 1465 236 48 järnvägslån
1004 1466 66 35 och
1098 1466 181 36 rederilån
1306 1469 214 47 tillämpade
1547 1470 168 47 reglerna
1738 1471 139 46 jämväl
1904 1471 65 35 här

367 1514 146 35 komma
553 1516 57 34 till
651 1515 248 48 användning,
928 1516 98 36 lånet
1055 1517 197 47 begränsas
1280 1519 56 34 till
1367 1521 195 42 1,750,000
1592 1521 145 44 kronor,
1767 1521 68 35 och
1864 1534 105 23 anser

363 1565 65 48 jag
455 1565 77 48 mig
560 1565 87 36 böra
674 1566 192 36 hemställa
892 1579 59 22 om
980 1580 44 22 en
1052 1567 112 36 sådan
1192 1568 240 48 nedsättning
1460 1583 42 22 av
1529 1570 289 49 lånebeloppet.>

497 1640 273 49 Lånebeloppet
797 1641 119 36 skulle
943 1643 106 35 alltså
1078 1644 117 47 enligt
1215 1644 421 47 departementschefens
1656 1645 136 49 förslag
1811 1647 158 36 bestäm-

366 1703 76 23 mas
485 1691 59 35 till
592 1693 195 42 1,750,000
828 1692 147 36 kronor.
1042 1693 144 36 Räntan
1228 1694 64 36 har
1331 1701 135 30 ansetts
1506 1696 80 36 icke
1627 1696 86 36 böra
1754 1697 216 49 understiga

367 1743 19 33 6
415 1747 161 42 procent.
631 1742 359 49 Amorteringstiden
1022 1743 65 36 för
1111 1745 100 35 lånet
1238 1745 66 35 har
1331 1745 207 49 föreslagits
1565 1748 58 35 till
1653 1749 44 34 35
1727 1751 39 32 år
1794 1748 85 35 med
1907 1747 63 37 fri-

365 1791 62 36 het
454 1791 83 36 från
565 1792 237 47 avbetalning
826 1793 120 36 under
970 1793 43 36 de
1040 1793 74 36 fem
1146 1794 114 37 första
1286 1799 96 32 åren.

498 1884 110 44 Även
650 1906 58 22 om
750 1894 258 48 utvecklingen
1049 1899 48 41 på
1123 1895 213 37 luftfartens
1364 1898 149 35 område
1540 1905 101 28 ännu
1669 1898 78 36 icke
1776 1899 88 35 fullt
1890 1902 80 33 nått

364 1949 85 29 över
494 1942 291 46 försöksstadiet,
832 1957 109 36 synes
985 1945 266 50 luftfartygens
1293 1948 275 36 användbarhet
1596 1955 89 29 även
1714 1948 57 37 för
1798 1955 171 43 upprätt-

363 1993 170 36 hållande
561 2006 44 23 av
633 1994 253 48 regelbundna
912 1996 361 37 kommunikationer
1299 1999 96 34 olika
1415 2000 136 46 platser
1570 2000 154 35 emellan
1743 2000 79 36 icke
1842 2002 127 46 längre

364 2044 124 35 kunna
515 2044 192 36 betvivlas.

498 2093 126 37 Såsom
670 2096 87 35 känt
797 2102 38 29 är
878 2097 67 35 och
986 2110 42 22 av
1067 2097 420 38 lufttrafikskommittén
1515 2101 12 34 i
1555 2100 151 36 ärendet
1733 2099 233 45 framhållits,

363 2144 168 38 bedrivas
564 2146 213 37 utomlands
804 2146 228 39 omfattande
1060 2147 266 40 förberedelser
1354 2149 56 37 för
1437 2151 235 37 etablerande
1699 2164 44 23 av
1770 2152 195 48 regelbun-
