1884 2844
297 155 38 31 18
746 155 283 29 Bankoutskottets
1053 155 161 28 utlåtande
1238 155 47 28 Nr
1308 155 50 31 40.

345 237 33 36 Å
400 242 103 32 andra
524 241 94 32 sidan
639 241 62 32 har
720 254 77 20 man
816 243 117 38 utgått
954 243 76 31 från
1052 242 264 33 önskvärdheten
1338 246 52 29 att
1410 242 168 32 bibehålla
1598 242 11 31 i
1630 242 178 33 huvudsak

301 292 222 32 oförändrade
546 292 328 33 levnadskostnader.
922 292 182 39 Samtidigt
1129 293 62 32 har
1215 293 83 32 dock
1321 292 192 39 medgivits,
1538 295 51 30 att
1614 293 54 31 det
1693 292 115 33 starka

301 342 148 40 prisfall,
472 354 68 20 som
562 346 60 34 ägt
643 355 82 26 rum,
746 343 76 32 haft
844 343 158 39 skadliga
1022 343 214 39 verkningar,
1259 343 59 32 och
1340 355 77 20 man
1438 343 63 32 har
1520 343 74 32 icke
1614 343 90 32 velat
1726 346 81 29 mot-

302 396 88 29 sätta
416 392 53 38 sig
491 404 38 20 en
553 393 247 38 återhämtning
825 405 42 20 av
894 394 60 31 den
981 394 53 31 för
1057 394 262 38 producenterna
1343 394 12 31 i
1381 393 143 32 främsta
1550 396 141 29 rummet
1714 393 93 38 bety-

301 443 180 33 delsefulla
507 443 273 39 partiprisnivån,
809 444 106 32 under
943 443 244 39 förutsättning
1214 446 51 29 att
1292 443 106 33 denna
1427 443 248 38 återhämtning
1702 443 105 32 hölles

300 493 88 32 inom
412 493 125 32 sådana
563 498 147 34 gränser,
736 497 51 29 att
812 494 61 32 den
898 494 111 32 kunde
1034 494 72 32 med
1132 493 309 39 penningpolitiska
1466 494 202 38 hjälpmedel
1693 494 114 32 behär-

300 543 89 40 skas,
407 544 60 31 och
481 543 72 32 icke
568 543 172 32 medförde
755 555 39 20 en
808 542 156 40 påtaglig
981 543 137 38 höjning
1136 555 41 20 av
1193 542 375 34 levnadskostnaderna.

344 594 68 32 Det
433 594 62 32 vill
519 606 111 27 synas,
655 606 68 21 som
746 606 51 20 om
821 595 39 31 de
884 595 141 31 sålunda
1050 595 76 31 från
1151 594 90 32 olika
1265 594 90 33 sidor
1379 595 188 31 framförda
1591 594 216 39 meningarna

299 644 74 33 icke
411 645 36 31 så
482 644 185 38 väsentligt
702 643 121 33 avvika
861 656 80 20 vare
977 644 52 38 sig
1063 644 79 31 från
1180 644 167 32 varandra
1383 643 82 32 eller
1501 643 77 32 från
1616 643 195 33 förberörda

297 706 169 27 program,
491 693 139 33 särskilt
653 694 121 32 sådant
799 694 92 32 detta
916 694 187 32 utvecklats
1128 694 12 31 i
1165 693 235 39 fullmäktiges
1427 693 160 32 skrivelse
1613 705 41 20 av
1679 694 61 31 den
1767 694 39 31 11

301 745 150 32 februari
474 746 93 37 1932,
589 748 51 29 att
659 745 72 32 icke
752 746 144 32 nämnda
917 745 172 39 meningar
1109 745 109 32 skulle
1237 745 114 32 kunna
1371 745 184 38 inrymmas
1576 744 89 32 inom
1688 745 37 32 de
1746 744 61 32 all-

299 801 121 27 männa
441 796 177 38 riktlinjer,
641 808 67 20 som
728 796 185 32 innefattas
935 796 11 31 i
967 799 234 35 programmet.
1245 795 119 38 Enligt
1385 795 180 32 utskottets
1586 795 222 38 uppfattning

298 846 94 32 torde
418 845 100 33 också
542 847 47 30 ett
615 845 119 33 sådant
758 845 232 38 inrymmande
1015 845 114 32 kunna
1155 844 57 32 ske
1237 844 105 32 under
1367 847 119 29 tvenne
1512 844 295 38 förutsättningar,

300 897 169 38 nämligen
494 896 69 33 dels
586 900 53 29 att
660 897 234 38 fullmäktiges
919 897 173 32 uttalande
1116 897 43 38 på
1186 897 53 32 det
1264 899 103 29 sättet
1389 895 249 40 kompletteras,
1664 898 50 30 att
1737 895 71 32 hin-

301 947 57 32 der
377 947 71 33 lika
466 947 149 38 kraftigt
634 959 90 20 resas
744 951 69 29 mot
832 960 39 20 en
893 948 139 31 fortsatt
1052 947 163 32 deflation
1237 958 68 20 som
1325 950 70 29 mot
1415 959 38 19 en
1473 946 261 39 ursprungligen
1755 946 52 31 be-

301 998 99 32 farad
429 998 168 38 inflation,
626 998 72 32 dels
725 999 59 31 ock
813 1001 50 29 att
893 998 63 32 den
984 998 156 38 åsyftade
1169 997 289 39 återhämtningen
1487 1009 42 20 av
1556 996 151 38 priserna
1735 996 73 32 icke

299 1049 118 32 tänkes
438 1049 43 38 gå
500 1048 143 33 tillbaka
661 1049 54 32 till
735 1060 39 21 en
794 1049 121 32 alltför
933 1048 152 39 avlägset
1102 1048 159 39 liggande
1280 1048 162 38 prisnivå.

344 1099 73 38 Om,
443 1099 12 31 i
481 1099 146 39 enlighet
651 1100 74 32 med
750 1099 208 33 sistnämnda
984 1098 254 38 förutsättning,
1265 1098 327 38 ansträngningarna
1618 1097 72 33 icke
1715 1097 93 32 torde

299 1150 80 32 böra
405 1150 142 32 inriktas
572 1150 45 38 på
643 1153 52 29 att
718 1151 113 37 uppnå
857 1162 39 20 en
921 1162 90 19 mera
1036 1149 169 39 väsentlig
1229 1148 139 39 höjning
1393 1161 42 19 av
1462 1148 182 39 prisnivån,
1670 1147 139 32 innebär

301 1201 90 32 detta
420 1200 187 38 självfallet
631 1200 84 39 icke,
743 1203 51 30 att
818 1200 152 39 priserna
995 1200 13 31 i
1033 1200 184 38 september
1245 1200 82 31 1931
1357 1198 80 32 eller
1464 1197 104 33 under
1594 1198 38 32 de
1661 1198 147 32 därefter

300 1251 168 32 förflutna
493 1251 203 32 månaderna
719 1251 125 32 behöva
870 1250 164 32 tillmätas
1060 1250 110 38 någon
1197 1249 147 32 särskild
1371 1249 85 38 grad
1482 1260 43 20 av
1551 1248 256 32 okränkbarhet.

299 1302 18 32 I
342 1303 91 31 detta
456 1301 185 33 hänseende
664 1301 93 32 torde
782 1301 55 32 det
858 1313 83 20 vara
966 1300 73 32 skäl
1061 1304 52 28 att
1135 1300 127 38 jämväl
1286 1299 177 32 framhäva
1488 1298 199 32 innebörden
1710 1299 13 31 i
1747 1299 60 32 den

298 1352 198 38 utveckling
518 1364 43 20 av
584 1351 220 33 riksbankens
829 1363 168 26 program,
1024 1362 67 21 som
1118 1349 216 38 fullmäktige
1357 1349 87 38 givit
1469 1349 12 31 1
1506 1349 51 32 sin
1581 1349 226 38 nyssnämnda

299 1402 162 33 skrivelse
479 1403 60 32 den
559 1403 38 31 11
617 1402 150 32 februari
786 1402 96 31 1932.
922 1401 84 32 Däri
1025 1400 195 32 framhålles
1238 1399 242 40 uttryckligen,
1498 1402 50 30 att
1564 1399 152 32 avsikten
1734 1399 73 32 icke

297 1454 90 32 varit
406 1453 81 32 eller
505 1458 38 27 är
561 1456 49 29 att
629 1452 173 33 motverka
819 1452 95 38 varje
934 1452 151 37 stegring
1103 1463 42 20 av
1163 1450 183 39 prisnivån,
1367 1450 60 32 och
1448 1449 217 39 fullmäktige
1684 1450 122 38 angiva

301 1504 140 33 särskilt
467 1504 92 32 vissa
587 1503 161 38 faktorer,
776 1502 95 32 vilka
900 1502 79 32 böra
1006 1501 128 33 tillåtas
1164 1504 51 29 att
1242 1500 103 33 verka
1374 1500 11 31 i
1415 1500 214 39 prishöjande
1658 1500 151 38 riktning

298 1558 82 29 utan
402 1557 52 29 att
474 1554 173 33 föranleda
669 1553 235 32 motverkande
928 1552 165 39 åtgärder.
1139 1551 54 33 Då
1215 1551 316 33 utlandsvalutorna
1553 1550 96 39 stigit
1670 1551 12 31 i
1704 1550 102 32 värde

299 1606 60 32 och
384 1605 133 33 därmed
539 1604 152 39 priserna
714 1605 43 37 på
781 1604 224 38 importvaror
1029 1606 156 35 stegrats,
1209 1602 105 32 måste
1340 1601 90 32 detta
1455 1601 153 39 tydligen
1632 1600 12 32 i
1669 1601 60 32 och
1754 1601 54 31 för

299 1656 53 39 sig
371 1668 82 20 vara
474 1659 104 35 ägnat
594 1658 54 29 att
665 1655 103 32 verka
788 1654 143 38 höjande
952 1654 42 38 på
1015 1653 59 32 den
1097 1652 142 33 svenska
1259 1651 184 40 prisnivån.
1488 1651 60 32 Om
1570 1651 161 32 likaledes
1753 1662 53 27 ge-

298 1718 75 21 nom
392 1706 279 33 växelkursernas
691 1705 162 32 inverkan
874 1704 142 33 svehska
1038 1707 215 35 exportvaror
1272 1702 99 33 blivit
1390 1702 101 38 höjda
1510 1702 12 32 i
1541 1701 82 39 pris,
1644 1701 65 32 blir
1730 1701 76 38 följ-

299 1757 61 33 den
384 1757 201 33 densamma.
629 1756 53 32 En
704 1754 280 40 penningpolitik,
1008 1766 67 21 som
1098 1754 157 38 åsyftade
1277 1756 52 29 att
1350 1752 170 33 bibehålla
1542 1764 39 20 en
1604 1752 202 32 oförändrad

297 1808 163 39 prisnivå,
488 1808 105 32 måste
619 1807 106 32 under
752 1806 127 32 sådana
906 1804 232 33 förhållanden
1166 1804 143 32 inriktas
1335 1804 43 37 på
1405 1806 53 29 att
1486 1815 115 32 genom
1630 1801 175 39 nedtryck-

298 1860 83 38 ning
406 1871 43 20 av
475 1858 103 33 andra
604 1857 173 32 inhemska
803 1857 109 38 priser
938 1856 120 32 bevara
1084 1855 61 32 den
1173 1854 112 39 gamla
1311 1854 196 38 jämvikten.
1557 1853 54 32 Då
1638 1865 38 20 en
1704 1852 103 33 sådan

296 1909 123 38 politik
437 1907 153 40 tydligen
608 1907 74 32 icke
701 1906 133 39 åsyftas
855 1904 82 33 eller
953 1905 67 31 kan
1039 1904 145 38 åsyftas,
1205 1904 105 31 måste
1331 1903 142 32 sålunda
1492 1902 252 39 prishöjningar
1763 1913 43 21 av

296 1958 228 39 nyssnämnda
540 1957 88 33 båda
646 1956 75 39 slag
737 1956 121 32 liksom
878 1960 84 27 även
980 1954 252 39 prishöjningar
1248 1954 44 38 på
1309 1954 110 38 grund
1436 1965 42 20 av
1495 1952 309 38 tullförhöjningar,

295 2021 84 20 vara
402 2008 167 39 förenliga
592 2008 75 32 med
691 2007 38 33 de
754 2018 41 21 av
819 2005 218 38 fullmäktige
1061 2004 148 39 angivna
1233 2003 224 38 riktlinjerna.
1505 2002 115 34 Såsom
1646 2001 158 33 fullmäk-

297 2060 69 39 tige
389 2059 198 39 framhållit,
609 2058 107 34 skulle
738 2061 48 29 ett
805 2057 237 33 motverkande
1063 2069 41 20 av
1126 2056 117 39 dylika
1265 2055 307 39 prisförhöjningar
1591 2065 116 27 genom
1728 2053 76 32 ned-

297 2110 178 40 pressning
499 2122 42 20 av
565 2109 152 40 priserna
741 2109 43 38 på
810 2109 39 32 de
873 2108 168 38 egentliga
1065 2106 457 33 hemmamarknadsvarorna
1549 2105 53 31 för
1626 2105 76 31 vårt
1727 2103 78 32 land

298 2161 126 39 skärpa
444 2161 247 37 verkningarna
713 2171 42 20 av
779 2159 60 32 den
862 2158 194 33 nuvarande
1078 2157 123 32 krisen.
1248 2156 75 33 Men
1348 2161 82 27 även
1454 2155 149 39 priserna
1628 2155 44 38 på
1695 2157 108 35 egent-

297 2211 69 40 liga
390 2210 410 34 hemmamarknadsvaror
822 2210 80 32 böra
925 2208 262 39 uppenbarligen
1210 2207 113 32 kunna
1344 2206 131 32 tillåtas
1501 2209 50 29 att
1574 2205 99 38 stiga,
1699 2204 105 32 förså-

296 2263 67 32 vitt
385 2263 91 33 detta
499 2262 71 32 icke
592 2273 91 21 mera
705 2260 167 33 kännbart
894 2259 166 39 påverkar
1082 2256 373 34 levnadskostnaderna.

340 2313 69 33 Det
428 2313 92 32 torde
541 2312 12 32 i
575 2312 92 32 detta
689 2310 241 38 sammanhang
951 2310 80 32 böra
1051 2308 254 39 understrykas,
1327 2310 50 30 att
1400 2305 310 40 penningpolitiken
1731 2304 73 33 icke

297 2363 220 33 schematiskt
538 2363 60 32 bör
620 2362 120 32 bindas
762 2361 58 33 vid
842 2361 92 32 vissa
956 2359 160 38 indextal,
1141 2359 104 38 något
1269 2370 68 20 som
1364 2356 217 38 fullmäktige
1603 2356 73 32 icke
1701 2356 103 32 heller

296 2414 94 33 torde
412 2414 87 33 hava
522 2416 120 30 avsett.
687 2412 68 34 Vid
777 2411 197 33 strävandet
995 2413 51 30 att
1068 2409 177 32 handhava
1267 2407 310 40 penningpolitiken
1600 2407 13 31 i
1636 2407 74 32 hela
1734 2407 68 31 lan-

298 2466 70 32 dets
389 2465 141 32 intresse
546 2464 111 41 måste
678 2463 37 31 så
735 2463 122 37 många
879 2461 151 32 faktorer
1051 2460 92 38 spela
1163 2460 44 37 in,
1230 2461 49 30 att
1301 2471 38 20 en
1363 2457 133 33 formell
1518 2457 59 32 och
1599 2457 95 32 enkel
1714 2456 89 39 regel
