1884 2790
259 167 19 29 4
645 167 380 33 Jordbruksutskottets
1046 167 177 32 utlåtande
1244 177 41 22 nr
1316 168 48 30 17.

265 250 91 39 ligen
375 252 51 28 att
444 250 11 29 i
474 249 190 31 framtiden
683 249 92 30 bliva
794 248 139 31 svårare
952 250 51 28 att
1021 249 152 39 utbygga
1190 248 278 30 verksamheten.
1488 248 75 29 Den
1581 256 42 21 av
1642 247 126 40 Kungl.

265 301 105 39 Maj:t
399 301 198 39 föreslagna
624 299 194 40 höjningen
846 300 39 29 är
913 298 193 30 emellertid
1135 298 107 39 enligt
1269 297 261 32 motionärerna
1559 297 211 40 otillräcklig

265 351 64 29 och
353 351 160 29 kommer
535 352 51 28 att
610 350 161 30 medföra
793 359 44 20 en
860 349 120 30 alltför
1004 350 72 29 stor
1099 348 269 40 inskränkning.

308 401 138 30 Jämväl
470 401 171 30 utskottet
665 401 39 29 är
727 409 42 21 av
792 401 67 29 den
882 399 283 40 uppfattningen,
1190 400 51 29 att
1264 399 206 30 förbundets
1493 398 112 31 ökade
1628 399 142 29 kostna-

265 452 61 30 der
350 452 87 30 böra
461 451 159 30 medföra
645 460 43 20 en
713 449 148 40 höjning
886 459 43 21 av
955 449 257 39 statsbidraget.
1238 448 202 31 Emellertid
1466 449 70 30 kan
1562 449 172 30 utskottet
1759 448 11 29 i

266 502 203 30 nuvarande
495 502 74 39 läge
595 500 79 31 icke
700 501 142 29 förorda
869 509 44 21 en
939 500 39 30 så
1004 501 71 28 stor
1101 499 159 40 höjning,
1288 508 75 21 som
1389 499 261 31 motionärerna
1675 499 96 29 hem-

267 552 95 30 ställt
383 561 68 20 om.
472 551 97 30 Efter
590 551 265 39 överväganden
874 550 66 31 har
961 550 170 30 utskottet
1152 549 11 29 i
1185 549 115 30 stället
1322 551 141 28 stannat
1484 550 55 29 för
1561 551 51 28 att
1633 549 137 30 biträda

267 603 125 39 Kungl.
417 602 123 39 Maj:ts
563 602 134 39 förslag
720 610 57 21 om
800 610 43 20 en
865 600 275 40 anslagsökning
1162 600 80 29 med
1268 600 37 29 15
1321 600 62 30 000
1406 600 140 34 kronor,
1570 599 119 30 vilken
1711 600 61 29 ök-

267 652 84 40 ning
374 652 107 40 enligt
504 652 189 29 utskottets
717 650 140 40 mening
880 651 99 30 torde
1002 650 36 30 få
1062 659 102 21 anses
1188 649 188 40 tillräcklig
1400 650 54 30 för
1476 652 51 28 att
1549 649 12 30 i
1585 649 187 31 huvudsak

268 703 156 30 undvika
451 703 42 29 de
519 702 165 30 befarade
712 701 167 30 framtida
906 701 279 39 olägenheterna.

312 753 177 30 Utskottet
515 752 203 30 hemställer
744 751 111 34 alltså,

622 804 52 28 att
702 801 188 40 riksdagen
918 801 68 35 må,
1015 801 79 30 med
1122 800 101 31 bifall
1252 800 52 30 till
1333 800 125 40 Kungl.
1488 801 124 39 Maj:ts
1641 801 132 39 förslag

578 854 92 28 samt
690 852 79 30 med
789 852 119 39 avslag
928 852 21 30 å
968 852 42 29 de
1029 851 224 40 likalydande
1272 850 220 31 motionerna
1511 851 29 30 I:
1556 850 64 31 400
1640 851 66 30 och
1725 851 46 30 II:

577 902 75 33 482,
679 901 53 30 till
757 901 128 39 Bidrag
913 901 52 30 till
990 900 439 39 Jordbrukarungdomens
1456 900 155 40 förbund
1637 900 21 30 å
1684 899 89 31 riks-

579 955 115 28 staten
715 953 55 30 för
790 952 205 39 budgetåret
1018 952 148 36 1950/51
1191 953 110 29 under
1322 952 127 30 nionde
1470 952 223 30 huvudtiteln
1715 961 60 21 an-

578 1004 75 30 visa
677 1005 49 28 ett
750 1003 121 39 anslag
894 1012 43 21 av
963 1002 61 30 175
1039 1002 62 31 000
1126 1002 141 30 kronor.

316 1071 201 30 Stockholm
538 1070 67 30 den
624 1069 40 30 27
686 1068 89 41 april
796 1068 93 31 1950.

712 1170 48 30 På
782 1170 383 40 jordbruksutskottets
1189 1170 146 39 vägnar:

858 1270 37 29 L.
920 1268 267 31 TJÄLLGREN.

573 1489 65 31 Vid
656 1488 95 30 detta
770 1488 146 30 ärendes
936 1487 286 39 slutbehandling
1240 1486 45 30 ha
1307 1486 171 30 närvarit:

317 1548 82 30 från
427 1548 161 29 första
614 1548 222 29 kammaren:
855 1546 123 30 herrar
993 1546 189 39 Tjällgren,
1200 1545 120 30 Alfred
1338 1545 210 35 Andersson,
1567 1544 211 38 Anderberg,

275 1590 204 39 Svedberg”,
496 1590 77 30 Carl
593 1589 212 39 Sundberg”,
823 1589 168 34 Näslund,
1009 1588 67 30 Jon
1094 1588 185 33 Jonsson”,
1297 1588 118 39 Henry
1431 1587 232 35 Johansson”,
1682 1586 97 39 Hjal-

274 1642 77 20 mar
367 1631 141 31 Nilsson
528 1632 65 30 och
611 1632 87 29 Lars
719 1631 216 34 Andersson;
957 1632 90 28 samt

319 1691 83 30 från
439 1691 152 30 andra
629 1691 222 29 kammaren:
881 1690 123 29 herrar
1031 1689 202 29 Andersson
1262 1688 11 29 i
1300 1688 221 39 Tungelsta”,
1549 1687 192 30 Gustafson
1768 1688 10 28 i

276 1733 187 40 Dädesjö”,
488 1734 173 29 Jacobson
685 1733 11 29 i
721 1731 221 35 Vilhelmina,
968 1732 125 39 Antby,
1118 1732 154 29 Jonsson
1296 1731 11 29 i
1331 1731 173 30 Järvsand
1528 1731 65 29 och
1620 1731 156 33 Ahlsten,

274 1775 58 30 fru
352 1775 170 29 Eriksson
542 1774 11 30 i
573 1774 309 33 Hallstahammar,
903 1773 122 30 herrar
1045 1774 174 29 Svensson
1237 1772 12 29 i
1271 1773 66 29 Vä”
1361 1772 65 30 och
1446 1772 139 30 Utbult"
1609 1773 92 28 samt
1721 1772 58 29 fru

277 1819 144 29 Boman.

324 1885 11 10 "
357 1885 35 30 Ej
412 1884 182 24 närvarande
613 1884 50 24 vid
682 1883 191 32 justeringen.
