2168 2653
326 209 18 30 2
818 207 103 33 Stats-
930 207 168 32 Utskottets
1125 207 170 34 Utlåtande
1316 208 66 33 N:o
1405 210 49 33 57.

326 293 87 44 sätt,
443 301 81 24 som
555 287 199 49 angående
782 287 113 38 deras
922 288 263 50 nybyggande
1226 288 125 38 blifvit
1393 289 237 51 förordnadt,
1674 295 42 34 så
1757 298 55 33 att
1834 300 100 32 rote-

324 339 172 38 hållarne
525 339 172 37 anskaffa
724 339 143 50 nödiga
894 340 229 37 materialier
1150 340 71 37 och
1249 340 217 39 soldaterne
1489 341 161 39 förrätta
1674 343 148 39 arbetet
1850 346 83 37 der-

323 391 75 37 vid.
455 390 280 50 Skyldigheten
765 397 54 31 att
845 391 58 36 till
930 397 237 43 regements-
1195 392 71 36 och
1281 392 323 50 bataljonsmöten
1620 394 200 39 fortskaffa
1835 402 97 32 tros-

325 455 67 24 sen
419 442 58 37 till
505 442 71 36 och
603 440 99 38 ifrån
731 442 453 48 kompanitrossbodarne
1213 448 41 31 är
1276 443 145 49 jemväl
1454 457 140 36 genom
1622 446 94 37 flera
1745 448 187 37 särskilda

324 493 141 50 Kongl.
494 492 89 38 bref
609 492 88 44 (den
725 496 47 35 23
799 493 104 37 Mars
932 495 108 47 1785,
1068 493 76 37 den
1171 496 46 34 27
1247 494 171 38 Oktober
1438 497 108 48 1812,
1561 496 76 37 den
1659 499 48 35 20
1721 497 93 38 Juni
1836 501 95 35 1813

326 550 100 31 samt
453 544 75 37 den
570 546 18 34 1
632 544 102 38 Mars
762 545 71 36 och
861 545 74 36 den
965 546 43 35 17
1037 545 75 49 Maj
1144 544 111 47 1814)
1296 546 257 37 rotehållarne
1595 548 126 48 ålagd.
1775 550 17 36 I
1820 550 113 37 dessa

327 595 119 38 bodar
473 596 173 37 förvaras
674 595 241 50 kompaniets
941 601 101 31 tross
1071 596 71 37 och
1170 596 46 37 de
1244 597 437 51 utredningspersedlar,
1704 599 131 39 hvilka
1848 601 83 37 icke

326 652 64 32 äro
418 647 201 37 förvarade
647 647 12 36 1
685 647 256 37 rotekistorna
982 647 91 36 eller
1112 648 303 47 rustkamrarna;
1460 649 71 37 och
1574 654 40 32 är
1642 650 289 40 vederbörande

323 698 282 47 kompanichef,
634 698 120 47 enligt
781 697 180 48 gällande
989 698 531 48 tjenstgöringsreglemente,
1551 701 183 48 ansvarig
1762 702 59 36 för
1847 706 85 33 vår-

324 747 74 37 den
427 747 42 37 af
493 747 47 37 de
566 747 12 37 i
606 747 273 38 trossbodarne
905 747 176 50 inrymda
1107 748 209 49 persedlar.

474 799 140 49 Dylika
653 799 224 37 trossbodar
917 799 123 36 finnas
1081 800 211 37 emellertid
1331 801 83 36 icke
1446 801 63 37 vid
1540 802 73 37 alla
1640 802 293 51 infanterirege-

323 855 167 43 menten,
519 851 71 36 och
618 850 64 37 det
709 850 110 37 torde
846 850 131 36 kunna
1002 850 261 50 ifrågasättas,
1278 852 98 36 huru
1395 852 89 37 vida
1511 853 47 36 de
1585 853 11 36 i
1626 853 209 39 allmänhet
1863 869 69 22 nu-

324 914 103 24 mera
456 906 64 32 äro
551 901 41 37 af
616 901 121 37 behof
767 900 215 50 påkallade.
1035 901 102 37 Utan
1177 909 55 30 att
1270 902 91 50 ingå
1395 903 13 37 i
1448 903 240 38 bedömande
1731 905 42 37 af
1805 905 127 38 denna

323 952 122 49 fråga,
473 952 69 37 har
570 952 98 37 dock
695 952 199 37 Utskottet
922 958 136 43 ansett,
1089 959 65 42 att,
1183 953 49 37 då
1259 958 50 45 på
1336 968 134 23 senare
1497 955 99 37 tider
1623 955 76 37 den
1736 956 101 49 åsigt
1866 957 66 36 all-

323 1008 106 31 mänt
456 1003 103 49 gjort
584 1004 59 48 sig
670 1003 192 50 gällande,
892 1008 55 32 att
974 1003 46 36 de
1049 1007 42 33 så
1117 1004 152 37 kallade
1298 1005 126 38 ovissa
1451 1006 188 37 besvären
1666 1007 94 37 böra
1781 1011 42 33 så
1850 1008 82 37 vidt

323 1053 149 50 möjligt
501 1059 41 32 är
583 1054 207 49 försvinna,
831 1054 277 37 rotehållarnes
1135 1055 11 36 i
1174 1056 225 37 obestämda
1430 1058 255 48 prestationer
1720 1058 210 37 bestående

322 1104 227 50 skyldighet
577 1111 55 31 att
659 1106 131 49 bygga
818 1105 72 37 och
916 1105 226 38 underhålla
1168 1107 224 37 trossbodar
1420 1114 99 31 samt
1552 1107 200 39 fortskaffa
1778 1115 153 31 trossen

322 1156 85 35 från
435 1156 72 36 och
534 1157 57 35 till
632 1157 318 47 mötesplatserna
991 1156 68 36 bör
1098 1157 185 48 upphöra,
1324 1159 101 35 helst
1464 1159 233 47 utgörandet
1738 1160 43 36 af
1817 1160 115 37 dessa

322 1206 265 49 prestationer,
617 1220 60 23 om
707 1207 82 47 ock,
818 1206 58 37 för
901 1209 42 34 så
969 1206 81 37 vidt
1081 1206 199 38 Utskottet
1312 1208 148 37 kunnat
1498 1209 125 49 döma,
1666 1209 59 38 för
1765 1211 166 37 rotehål-

321 1257 106 36 larne
454 1257 93 49 föga
574 1258 259 48 betungande,
861 1258 12 35 i
901 1271 146 23 samma
1074 1261 86 33 mån
1189 1259 172 48 påkallar
1394 1259 109 49 ringa
1536 1261 166 36 kostnad
1742 1261 86 37 från
1856 1268 76 31 sta-

320 1313 86 31 tens
435 1308 92 37 sida.

472 1359 17 35 I
530 1358 170 49 enlighet
740 1359 86 36 med
851 1358 99 37 hvad
980 1358 321 39 Stats-Utskottet
1334 1361 5 36 i
1367 1361 172 49 punkten
1566 1362 71 36 N:o
1666 1364 48 34 24
1741 1363 55 36 uti
1823 1362 106 38 Utlå-

320 1409 134 37 tandet
493 1410 72 36 N:o
600 1412 46 34 10
676 1423 32 33 a,
733 1410 200 48 angående
961 1410 245 49 regleringen
1249 1411 41 37 af
1313 1412 212 48 utgifterna
1552 1412 121 37 under
1700 1413 230 37 riksstatens

320 1459 123 50 fjerde
471 1460 243 48 hufvudtitel,
743 1460 188 49 förslagit,
954 1461 70 36 har
1036 1460 222 50 Riksdagen
1272 1462 179 50 beslutat,
1481 1468 55 32 att
1566 1463 65 37 det
1656 1464 75 36 inu
1748 1464 181 49 gällande

319 1511 158 37 riksstat
504 1511 153 38 utförda
685 1511 347 50 förslagsanslaget
1060 1515 20 33 å
1108 1514 135 46 50,000
1271 1513 140 37 kronor
1437 1513 59 38 till
1522 1513 203 39 underhåll
1756 1515 41 36 af
1815 1521 114 43 säng-

319 1561 134 37 kläder
480 1575 48 23 m.
558 1576 47 23 m.
637 1565 20 34 å
684 1563 320 48 mötesplatserna
1028 1562 98 37 skall
1148 1564 87 36 med
1264 1570 54 31 ett
1344 1564 57 36 till
1430 1566 160 47 100,000
1605 1565 140 37 kronor
1759 1565 171 51 förhöjdt

320 1612 139 50 belopp
495 1616 125 34 såsom
661 1613 397 49 reservationsanslag
1097 1614 12 35 1
1141 1614 208 38 riksstaten
1375 1621 195 44 upptagas
1596 1616 58 37 till
1682 1616 247 38 bestridande

321 1663 41 37 af
395 1663 262 38 kostnaderna
688 1664 59 37 för
775 1664 33 48 ej
839 1664 146 36 mindre
1012 1665 242 37 underhållet
1282 1666 42 37 af
1349 1667 178 48 samtliga
1555 1667 230 49 byggnader
1808 1669 120 47 jemte

319 1713 313 38 förekommande
660 1715 282 49 nybyggnader
967 1718 20 33 å
1015 1716 321 49 mötesplatserna
1363 1717 59 37 för
1448 1717 144 37 indelta
1618 1719 162 48 arméns,
1795 1718 134 37 Verm-

318 1765 84 36 lans
437 1765 329 49 fältjägarecorps'
794 1766 71 36 och
889 1766 458 51 beväringsmanskapets
1374 1768 122 37 behof
1520 1775 99 30 samt
1647 1769 59 37 för
1728 1770 200 48 kompani-

317 1815 295 38 trossbodarnes
651 1816 213 49 underhåll,
898 1822 49 31 än
975 1816 114 37 äfven
1116 1817 60 37 för
1202 1819 242 36 underhållet
1472 1819 42 37 af
1539 1819 233 49 sängkläder
1800 1834 49 23 m.
1878 1834 48 23 m.

317 1869 50 45 på
406 1867 331 49 mötesplatserna.
796 1868 58 36 Då
876 1868 236 49 beviljandet
1140 1868 42 36 af
1207 1869 162 37 berörda
1398 1870 146 49 anslag,
1573 1870 196 49 hvarmed,
1800 1874 125 33 såsom

319 1922 40 31 är
386 1917 172 50 nämndt,
588 1918 148 49 afsetts,
764 1918 116 37 bland
911 1925 127 42 annat,
1062 1918 200 38 underhåll
1291 1920 41 37 af
1356 1921 467 49 kompanitrossbodarne,
1843 1921 84 37 icke

317 1968 174 49 tydligen
518 1968 160 38 innebär
706 1969 178 37 befrielse
912 1969 85 37 från
1025 1970 74 36 den
1126 1971 256 37 rotehållarne
1409 1985 51 23 nu
1483 1971 206 49 åliggande
1706 1972 222 49 skyldighet

319 2024 55 31 att
414 2019 225 38 underhålla
679 2020 113 37 dessa
821 2020 130 49 bodar,
981 2026 99 31 samt
1107 2020 185 49 derjemte
1319 2022 278 37 rotehållarnes
1625 2022 222 49 skyldighet
1872 2029 55 30 att

319 2068 130 50 bygga
488 2070 225 37 trossbodar
753 2071 71 37 och
865 2071 199 37 fortskaffa
1103 2077 151 32 trossen
1294 2073 58 36 till
1392 2073 72 36 och
1496 2072 86 37 från
1606 2074 320 48 mötesplatserna

317 2119 238 39 fortfarande
596 2125 185 46 qvarstår,
824 2121 59 37 får
914 2121 209 48 Utskottet,
1153 2123 86 36 med
1269 2123 181 37 afseende
1479 2127 21 34 å
1527 2124 101 37 hvad
1657 2124 116 37 ofvan
1801 2124 125 37 blifvit

318 2170 153 38 anfördt
499 2172 70 37 och
598 2173 48 36 då
674 2172 111 50 fråga
812 2172 12 37 i
853 2173 106 37 detta
988 2178 110 32 ämne
1126 2187 49 23 nu
1205 2173 126 38 blifvit
1357 2175 126 49 väckt,
1512 2175 216 49 hemställa,

719 2281 55 31 att
814 2275 220 48 Riksdagen
1078 2279 60 33 må
1177 2276 12 36 i
1230 2276 200 38 skrifvelse
1463 2277 57 37 till
1554 2277 140 48 Kongl.
1722 2277 110 49 Maj:t
1860 2290 65 24 an-
