2220 2646
729 186 229 41 Lagutskottets
988 188 171 33 Utlåtande
1182 190 63 32 N:o
1269 193 50 29 65.
1747 195 36 30 13

219 262 96 36 efter
352 276 90 24 vara
483 269 134 32 nästan
660 266 98 37 enda
796 266 154 48 medlet,
992 268 45 36 då
1064 282 88 23 man
1181 269 86 37 ville
1294 270 58 37 för
1380 270 49 38 all
1457 271 151 37 framtid
1636 272 189 38 förvärfva

219 313 226 49 eganderätt
483 314 58 37 till
579 316 107 37 mark
726 317 82 37 från
848 318 178 37 hemman
1052 320 12 36 i
1091 333 112 24 norra
1231 321 70 36 och
1329 327 103 31 östra
1460 322 176 48 Dalarne,
1664 336 86 23 men
1779 324 45 36 då

217 363 125 37 blefve
371 378 88 23 man
488 366 71 37 ock
587 367 195 37 nödsakad
810 373 54 32 att
891 374 91 44 taga
1009 370 113 37 andel
1149 371 11 36 i
1189 371 103 38 såväl
1319 372 56 37 in-
1409 386 79 23 som
1517 374 306 49 afrösningsjord

218 413 95 38 efter
353 415 58 36 sin
452 416 71 37 lott
560 417 12 36 i
612 418 218 37 hemmanet
862 420 71 36 och
960 420 113 50 förty,
1098 435 60 23 om
1187 436 85 23 man
1300 423 89 37 ville
1417 423 192 38 förvärfva
1637 438 47 23 en
1710 425 113 50 inega

217 465 91 36 eller
344 466 348 50 odlingslägenhet,
734 469 227 39 tillhörande
989 471 366 51 inrösningsjorden,
1384 474 124 37 blefve
1537 489 87 23 man
1651 481 172 44 tvungen

216 515 144 38 belasta
401 518 62 48 sig
502 519 87 36 med
630 519 315 51 afrösningsjord,
987 536 80 23 som
1108 537 87 23 man
1236 524 33 49 ej
1304 524 161 38 behöfde
1495 525 91 37 eller
1614 527 208 37 åstundade

216 567 71 36 och
315 580 81 23 som
425 568 145 37 kanske
599 570 163 49 säljaren
790 572 33 48 ej
854 577 93 32 utan
975 586 46 23 en
1048 573 217 50 betydande
1292 575 241 50 prishöjning
1559 577 89 37 ville
1672 577 150 50 afyttra,

216 617 194 37 äfvensom
450 624 176 44 tvärtom,
667 622 13 36 i
706 621 65 37 fall
799 636 87 23 man
914 623 89 37 ville
1031 625 192 37 åtkomma
1250 631 54 32 ett
1332 627 228 48 skogskifte,
1584 641 88 24 man
1701 628 120 38 skulle

215 681 89 24 vara
330 674 170 44 tvungen
530 674 48 46 på
602 685 144 24 samma
773 676 104 46 gång
904 674 98 50 köpa
1029 675 147 50 inegor,
1195 676 128 37 hvilka
1344 678 99 48 egde
1462 678 87 37 vida
1568 679 119 49 högre
1707 680 114 37 värde

215 719 57 36 för
311 719 168 49 säljaren
516 727 48 31 än
599 722 57 37 för
683 723 180 50 köparen,
892 725 71 37 och
992 726 122 37 skulle
1143 727 144 37 således
1314 728 12 36 i
1354 728 96 37 båda
1473 729 114 37 fallen
1612 743 68 23 ens
1708 731 118 37 behof

215 770 41 36 af
273 771 239 49 jordförvärf
534 773 227 49 betydligen
788 775 202 48 försvåras,
1017 782 113 44 göras
1158 777 209 50 besvärligt
1395 779 69 37 och
1492 780 183 49 fördyras.

348 821 68 37 Att
439 836 74 36 nya
541 823 114 49 lagen
679 825 145 37 medför
852 826 112 38 dessa
992 828 237 48 svårigheter
1256 829 58 36 för
1342 843 47 23 en
1418 835 78 32 stor
1519 831 60 37 del
1597 832 42 35 af
1648 833 173 49 Koppar-

214 871 112 48 bergs
367 872 74 48 län,
483 874 68 36 har
592 875 59 36 sin
691 875 207 38 förnämsta
938 879 125 48 grund
1104 879 93 46 deri,
1236 885 54 31 att
1330 880 122 49 enligt
1480 884 20 34 2
1530 879 20 49 8
1578 882 12 36 i
1617 882 115 50 lagen
1759 898 60 23 om

213 923 288 50 egostyckning
539 925 116 37 sådan
696 927 134 37 endast
868 928 140 37 tillåtes
1049 930 81 36 från
1171 930 187 48 hemman,
1393 945 82 23 som
1502 933 206 50 undergått
1733 934 87 50 laga

212 973 113 37 skifte
353 974 93 37 eller
473 980 63 32 äro
565 977 170 47 enstaka,
764 978 69 36 och
861 983 56 32 att
943 981 160 36 rörande
1130 981 88 49 laga
1249 982 142 37 skiften
1424 982 5 36 i
1458 983 273 51 Kopparbergs
1758 985 62 37 län

212 1024 100 49 gälla
354 1026 473 50 undantagsstadganden,
857 1042 80 24 som
966 1036 105 43 göra,
1100 1037 55 31 att
1183 1045 86 24 man
1296 1033 193 50 svårligen
1516 1034 75 37 kan
1619 1036 115 36 tänka
1760 1037 60 48 sig

211 1074 87 50 laga
338 1076 144 37 skiften
522 1077 199 39 derstädes
759 1080 153 37 komma
950 1087 55 31 att
1041 1082 12 36 i
1094 1083 368 49 anmärkningsvärd
1499 1088 86 34 mån
1614 1087 79 36 ske.
1747 1087 73 37 Det

213 1126 146 37 fordras
387 1127 195 50 nemligen
610 1129 123 49 enligt
761 1131 111 37 dessa
894 1132 327 50 undantagslagar
1239 1135 58 36 för
1313 1135 216 37 erhållande
1546 1136 42 37 af
1599 1137 87 49 laga
1706 1138 112 37 skifte

212 1177 32 48 ej
288 1177 160 38 allenast
488 1183 55 32 att
583 1179 417 50 förrättningsmännen
1038 1184 107 37 skola
1183 1184 175 48 förklara,
1397 1191 55 31 att
1480 1187 84 36 sökt
1589 1187 89 49 laga
1706 1189 112 36 skifte

211 1227 148 37 medför
400 1234 79 31 mot
516 1230 259 38 kostnaderna
815 1234 186 36 svarande
1042 1235 174 48 fördelar,
1257 1241 90 31 utan
1388 1237 71 36 ock
1488 1238 113 36 enkel
1628 1239 192 48 pluralitet

211 1277 125 38 derför
375 1279 114 37 bland
530 1281 217 49 delegarne,
789 1283 120 37 under
936 1284 64 36 det
1031 1285 170 37 deremot
1227 1289 63 33 två
1312 1287 208 49 tredjedels
1548 1289 193 48 pluralitet
1763 1290 57 37 för

210 1328 88 49 laga
335 1329 116 37 skifte
486 1331 220 37 framkallar
744 1333 134 37 sådant
917 1335 105 36 öfver
1061 1336 86 37 hela
1175 1337 253 49 skifteslaget,
1457 1339 112 36 äfven
1598 1339 67 37 der
1688 1340 131 37 skiftet

210 1384 40 31 är
287 1380 253 50 öfverflödigt,
580 1383 72 35 och
692 1386 47 45 på
779 1384 105 37 detta
925 1391 75 31 sätt
1033 1386 115 37 blifva
1191 1388 111 36 äfven
1341 1388 46 37 de
1429 1402 139 35 genom
1606 1391 212 37 storskiftet

209 1430 214 38 enskiftade
464 1432 228 38 hemmanen
732 1434 164 51 pligtiga
937 1436 12 36 i
990 1437 113 36 skifte
1143 1439 99 48 ingå.
1305 1441 62 34 Ån
1409 1445 119 32 större
1574 1440 243 50 villrådighet

207 1484 157 46 uppstår
402 1482 57 36 för
483 1483 249 49 bedömande,
765 1499 60 23 om
855 1492 55 31 ett
937 1487 175 37 hemman
1140 1489 12 36 i
1180 1489 272 50 Kopparbergs
1475 1490 62 37 län
1562 1492 76 36 kan
1666 1493 150 36 komma

209 1537 54 30 att
302 1532 91 49 ingå
434 1533 11 36 i
485 1534 87 49 laga
604 1535 115 37 skifte
753 1536 91 37 eller
867 1538 47 48 ej,
944 1538 222 50 derigenom
1195 1545 54 31 att
1277 1554 87 23 man
1393 1542 33 47 ej
1456 1542 87 36 med
1571 1542 145 38 visshet
1742 1544 74 36 kan

209 1587 92 44 säga
341 1583 195 50 omfånget
576 1585 41 37 af
641 1591 55 31 ett
718 1587 113 37 skifte
859 1588 103 37 inom
986 1589 64 37 det
1076 1589 113 49 länet,
1219 1591 46 37 då
1293 1592 83 36 skäl
1403 1592 121 37 finnas
1548 1593 104 37 såväl
1680 1594 133 47 derför,

208 1638 55 31 att
302 1633 242 51 skifteslaget
586 1637 178 37 omfattar
807 1639 102 36 hvad
954 1640 62 36 vid
1063 1641 212 37 storskiftet
1318 1643 149 48 utgjort
1508 1649 53 31 ett
1602 1644 211 50 skifteslag,

209 1684 180 47 socknen,
431 1699 81 23 som
552 1687 59 36 för
651 1692 55 31 att
738 1688 241 50 skifteslaget
1007 1691 97 36 skall
1130 1691 227 38 inskränkas
1386 1693 56 36 till
1471 1694 133 48 hvarje
1628 1695 64 36 vid
1721 1701 92 31 stor-

208 1735 132 36 skiftet
366 1736 180 37 utbruten
574 1737 60 49 by.

341 1785 122 37 Dessa
503 1787 461 50 undantagsstadganden
1006 1791 114 37 hafva
1161 1792 57 36 sin
1260 1792 272 50 tillämplighet
1560 1798 48 45 på
1637 1795 45 37 de
1712 1802 102 31 stora

208 1835 143 37 trakter
378 1836 42 37 af
439 1837 276 50 Kopparbergs
743 1839 74 48 län,
847 1840 69 36 der
943 1841 222 37 storskiften
1195 1843 182 46 antingen
1406 1847 47 45 på
1482 1850 147 31 statens
1658 1846 155 37 bekost-

207 1886 71 36 nad
308 1886 80 37 helt
420 1887 73 37 och
521 1888 118 37 hållet
667 1889 93 37 eller
787 1891 88 36 med
903 1891 89 37 dess
1021 1892 208 37 understöd
1258 1893 128 37 blifvit
1413 1895 233 48 verkstälda,
1662 1897 81 47 och,
1773 1901 41 34 så

207 1936 113 48 länge
351 1937 115 37 dessa
494 1939 327 49 undantagslagar
848 1941 227 47 bibehållas,
1095 1944 72 36 kan
1190 1958 98 30 man,
1305 1958 80 23 som
1407 1946 114 35 redan
1544 1946 124 37 blifvit
1688 1949 124 46 sagdt,

208 1987 34 48 ej
284 1992 128 42 vänta,
454 1994 55 31 att
535 1989 87 49 laga
651 1991 141 36 skiften
822 1992 198 37 derstädes
1049 2000 115 30 annat
1193 2000 46 30 än
1267 1995 278 48 undantagsvis
1575 1997 152 37 komma
1755 1999 53 35 till

207 2037 212 48 utförande,
434 2042 49 45 på
511 2053 146 24 samma
683 2044 104 45 gång
815 2055 87 23 man
931 2043 34 48 ej
995 2043 74 36 kan
1097 2044 87 36 med
1213 2045 148 37 visshet
1390 2049 119 42 påstå,
1531 2052 55 31 att
1604 2048 205 37 inskiftade

206 2087 178 37 hemman
426 2089 108 36 skola
576 2104 89 23 vara
705 2091 69 36 fria
815 2093 80 35 från
940 2098 54 31 att
1026 2094 90 47 ingå
1144 2094 11 36 i
1183 2095 88 47 laga
1304 2095 126 36 skifte.
1486 2096 259 50 Tillämpning
1772 2099 42 36 af

207 2138 543 49 egostyckningsförfarandet
778 2154 116 35 synes
923 2143 160 36 sålunda
1112 2144 33 48 ej
1176 2157 67 24 ens
1272 2145 171 48 lagligen
1473 2146 126 37 kunna
1619 2148 66 36 ske
1707 2151 19 33 å
1745 2162 64 22 en-

207 2188 108 37 staka
342 2188 192 48 hemman,
564 2203 82 24 som
676 2193 34 46 ej
743 2191 125 37 blifvit
895 2206 140 34 genom
1065 2194 88 47 laga
1181 2194 139 37 skiften
1350 2196 192 37 utbrutna.
