2218 2626
402 190 118 32 Andra
543 190 219 32 Kammarens
787 191 183 41 Tillfälliga
997 191 139 33 Utskotts
1160 191 78 41 (N:o
1264 192 36 39 4)
1328 191 176 33 Utlåtande
1526 191 63 32 N:o
1614 194 52 29 34.
1794 191 40 32 27

229 270 144 33 rörande
408 270 186 43 polismäns
629 270 191 43 antagande
853 271 63 32 och
951 270 237 43 entledigande
1212 271 64 32 och
1301 272 30 41 ej
1357 270 105 34 heller
1486 282 55 21 om
1566 271 98 33 deras
1688 271 146 43 skyldig-

229 316 96 32 heter
348 315 64 33 och
435 315 242 41 befogenheter
700 316 11 31 i
735 315 161 43 tjänsten.

336 362 141 40 Köping.
524 360 116 41 Enligt
674 360 205 43 reglemente
907 361 53 32 för
988 361 131 42 polisen
1149 361 11 31 i
1184 361 149 42 Köping,
1359 360 175 33 utfärdadt
1558 362 34 31 af
1615 361 221 42 magistraten

230 405 68 32 den
322 406 17 30 7
366 405 176 32 december
569 405 93 38 1885,
689 410 37 26 är
749 405 109 32 under
882 405 255 43 borgmästaren
1169 405 236 33 stadsfiskalen
1428 409 171 29 närmaste
1623 407 134 31 förman
1781 406 54 32 för

229 449 318 43 polisbetjäningen.
595 449 223 43 Polisbetjänt
853 454 139 38 antages
1028 451 36 31 af
1098 451 221 41 magistraten
1355 455 88 28 samt
1479 454 181 29 utnämnes
1685 451 63 32 och
1772 452 63 31 för-

230 494 123 33 ordnas
378 497 48 30 att
450 495 149 42 tjänsten
623 494 193 43 uppehålla,
842 497 37 30 så
903 495 100 42 länge
1038 495 69 32 han
1130 500 37 27 är
1190 496 11 31 i
1225 496 202 42 åtnjutande
1451 496 37 31 af
1511 496 238 41 magistratens
1772 496 63 32 för-

230 540 150 31 troende.
428 539 66 32 För
517 539 48 32 fel
588 538 80 33 eller
691 539 254 32 försummelser
967 540 12 31 i
1002 540 148 42 tjänsten
1175 540 134 32 straffas
1326 540 220 42 polisbetjänt
1561 540 37 32 af
1613 540 222 42 magistraten

231 584 79 32 med
345 584 154 41 varning,
536 584 210 42 suspension,
783 584 229 43 nedflyttning
1034 584 12 32 i
1069 584 162 42 lönegrad
1264 585 79 32 eller
1367 585 197 42 afsättning.
1611 584 224 43 Polisbetjänt

231 629 69 31 kan
325 629 36 31 af
384 629 219 41 magistraten
628 628 158 33 afskedas
811 630 30 41 ej
867 630 134 32 mindre
1029 631 44 41 på
1097 640 84 31 egen
1205 630 202 42 ansökning,
1432 629 140 33 hvilken
1595 629 62 33 bör
1680 640 82 22 vara
1785 629 51 33 till

233 674 221 41 magistraten
489 673 154 42 ingifven
667 674 105 31 minst
796 684 42 22 en
862 674 126 32 månad
1011 674 106 32 innan
1141 674 175 33 sökanden
1340 675 60 32 vill
1422 685 41 21 ur
1486 674 150 42 tjänsten
1659 674 105 40 träda,
1791 679 44 27 än

234 718 63 32 ock
321 724 62 26 när
417 718 220 42 magistraten
672 719 30 41 ej
740 719 116 41 längre
891 719 110 32 finner
1035 718 248 33 innehafvaren
1317 729 83 23 vara
1427 720 54 31 för
1504 720 150 42 tjänsten
1678 719 155 42 lämplig;

231 763 87 32 dock
342 765 57 30 må
422 763 76 38 den,
524 773 73 22 som
621 763 119 33 endast
763 766 45 39 på
841 763 233 42 nyssnämnda
1109 763 112 42 grund
1245 764 166 38 afskedas,
1436 763 241 43 tillgodonjuta
1701 775 42 21 en
1767 765 68 31 må-

229 807 86 33 nads
339 807 293 43 uppsägningstid.
681 808 161 32 Beträdes
877 809 169 41 polisman
1081 808 78 32 med
1183 808 193 43 uppenbart
1399 808 113 42 fylleri
1535 809 11 31 i
1570 809 160 40 tjänsten,
1754 819 80 23 vare

229 852 235 42 ovillkorligen
499 853 109 32 afsatt.
634 872 42 3 —
700 852 197 33 Poliskåren
932 853 111 32 består
1077 854 34 30 af
1148 854 15 30 1
1202 853 282 43 öfverkonstapel,
1517 852 108 33 tillika
1649 853 186 33 stadsvakt-

229 902 156 34 mästare,
411 899 88 30 samt
522 898 20 31 5
567 896 168 33 ordinarie
760 898 64 32 och
849 899 18 31 8
893 901 94 29 extra
1010 897 293 44 poliskonstaplar.

337 943 141 41 Arboga.
527 941 257 43 Upplysningar
808 943 30 42 ej
864 942 167 33 lämnade.

854 1075 255 43 Kopparbergs
1132 1077 71 33 län.

336 1174 120 33 Falun.
504 1174 101 32 Polis-
641 1175 63 32 och
739 1175 172 32 brandkår
946 1180 57 27 äro
1039 1175 241 32 kombinerade
1316 1176 105 41 enligt
1455 1175 57 32 det
1545 1186 24 21 s.
1595 1176 32 32 k.
1653 1175 179 32 karlstads-

229 1221 170 38 systemet.
448 1219 16 31 I
487 1219 214 32 uteslutande
736 1219 193 43 polistjänst
964 1225 57 26 äro
1057 1220 166 32 anställda
1259 1221 19 30 2
1307 1221 105 31 öfver-
1436 1220 80 32 eller
1540 1220 292 42 inspektionskon-

231 1263 127 41 staplar
382 1264 63 31 och
469 1264 20 31 5
513 1263 293 42 poliskonstaplar.
854 1264 182 32 Dessutom
1060 1265 167 41 tjänstgör
1251 1264 234 32 brandkårens
1509 1264 82 39 folk,
1618 1267 18 30 2
1661 1264 173 43 korpraler

231 1307 64 32 och
321 1308 41 31 15
386 1319 90 26 man,
502 1308 11 31 i
536 1307 130 42 polisen
690 1310 45 39 på
758 1308 56 32 det
838 1311 74 35 sätt,
938 1311 49 29 att
1010 1309 218 42 korpralerna
1252 1308 233 33 alternerande
1508 1309 189 42 tjänstgöra
1721 1311 113 30 såsom

231 1351 290 43 öfverkonstaplar
556 1356 88 28 samt
679 1353 41 31 de
760 1353 109 40 öfriga
908 1355 112 30 såsom
1058 1353 251 42 patrullerande
1348 1354 178 42 polismän.
1573 1354 116 41 Enligt
1723 1364 43 21 en
1800 1354 36 32 af

230 1397 222 41 magistraten
476 1398 38 31 år
539 1398 84 31 1896
659 1400 147 39 antagen
838 1397 206 33 instruktion
1072 1398 53 32 för
1149 1398 290 42 polispersonalen
1462 1398 11 31 i
1497 1398 110 32 Falun
1631 1398 137 33 utöfvar
1792 1408 42 22 en

230 1442 250 41 stadssergeant
502 1445 171 29 närmaste
705 1442 174 32 inseendet
910 1443 96 32 öfver
1029 1443 112 32 denna
1164 1443 166 42 personal.
1377 1443 76 32 Den
1478 1443 43 32 24
1545 1442 176 33 december
1747 1443 86 32 1900

229 1485 63 32 har
315 1487 231 41 magistraten,
572 1497 74 21 som
670 1490 140 38 antager
834 1486 140 43 polisen,
1000 1487 154 39 bestämt,
1180 1490 46 29 att
1252 1488 178 41 polisman,
1448 1487 113 33 därest
1576 1488 69 32 han
1661 1489 45 41 på
1721 1487 113 42 grund

230 1531 36 31 af
289 1531 382 41 tjänsteförsummelser
694 1531 80 32 eller
798 1532 56 32 sitt
890 1532 215 42 uppförande
1128 1532 12 31 i
1164 1532 104 42 öfrigt
1294 1532 110 33 blefve
1427 1533 79 31 från
1529 1533 104 31 kåren
1658 1532 173 39 afskedad,

229 1585 80 22 vore
334 1575 132 42 skyldig
490 1578 48 30 att
562 1579 118 39 genast
704 1576 114 32 lämna
842 1577 160 41 tjänsten,
1028 1588 78 21 men
1131 1579 48 30 att
1203 1578 11 31 i
1239 1580 105 29 annat
1366 1577 60 32 fall
1449 1577 108 33 skulle
1583 1577 89 42 gälla
1692 1587 43 22 en
1751 1587 82 32 upp-

229 1620 212 41 sägningstid
465 1621 34 31 af
522 1631 42 21 en
588 1621 126 31 månad
737 1622 20 30 å
781 1621 167 33 hvardera
972 1621 107 32 sidan.

336 1664 105 33 Säter.
490 1664 126 32 Staden
647 1665 62 32 har
735 1666 16 30 1
778 1666 167 31 ordinarie
970 1666 63 31 och
1058 1668 16 30 1
1101 1668 95 29 extra
1219 1666 276 42 poliskonstapel,
1521 1666 66 32 den
1610 1666 90 32 förre
1723 1666 110 33 tillika

229 1707 333 41 stadsvaktmästare,
598 1709 116 32 hvilka
747 1709 156 32 tillsättas
937 1710 36 31 af
997 1711 229 41 magistraten.
1275 1710 114 41 Några
1411 1710 255 32 bestämmelser
1689 1710 144 32 rörande

229 1752 97 32 deras
351 1753 191 41 antagande
567 1753 63 32 och
654 1753 236 42 entledigande
919 1754 61 32 och
1007 1765 55 21 om
1087 1754 95 32 deras
1207 1754 332 42 tjänsteåligganden
1563 1759 57 28 äro
1644 1755 73 32 icke
1740 1754 91 33 med-

227 1796 127 32 delade.

336 1842 191 33 Hedemora.
576 1841 141 33 Stadens
742 1842 230 42 borgmästare
1000 1843 171 43 upplyser,
1201 1843 89 33 »dels
1315 1846 49 30 att
1387 1843 166 33 särskilda
1576 1843 256 33 bestämmelser

226 1885 74 33 icke
326 1886 185 32 meddelats
547 1887 52 32 för
633 1887 119 33 staden
787 1887 194 33 Hedemora
1013 1889 142 31 rörande
1179 1888 188 42 polismäns
1391 1888 191 42 antagande
1607 1888 63 33 och
1695 1888 136 32 entledi-

226 1930 112 41 gande
363 1930 78 33 eller
465 1932 176 42 angående
665 1931 97 33 deras
787 1932 230 42 skyldigheter
1040 1933 63 32 och
1127 1932 245 42 befogenheter
1395 1933 11 31 i
1430 1933 159 42 tjänsten,
1616 1933 70 32 dels
1703 1933 62 32 ock
1782 1936 49 30 att

227 1975 121 32 staden
373 1976 150 41 förfogar
546 1976 96 32 öfver
665 1976 120 33 endast
808 1980 124 29 tvenne
956 1977 178 42 polismän,
1161 1988 42 21 en
1228 1977 322 33 stadsvaktmästare
1574 1977 64 33 och
1661 1988 43 21 en
1728 1978 102 32 stads-

226 2019 164 41 tjänare».

878 2117 207 42 Gäfleborgs
1109 2118 69 32 län.

338 2214 100 40 Gäfle.
487 2214 230 42 Polisstyrkan
742 2218 134 38 utgöres
901 2216 34 31 af
961 2217 15 30 1
1003 2215 332 42 poliskommissarie,
1361 2217 19 30 6
1405 2215 301 43 öfverkonstaplar,
1732 2216 98 32 däraf

226 2269 42 21 en
293 2259 59 32 vid
376 2259 171 32 detektiva
571 2259 219 42 afdelningen
815 2260 62 32 och
903 2270 41 21 en
969 2260 57 32 vid
1051 2260 141 32 ridande
1218 2260 230 42 afdelningen,
1473 2271 74 21 som
1568 2265 37 27 är
1621 2261 108 32 under
1746 2271 82 31 upp-

269 2313 75 32 Bih.
372 2314 49 31 till
444 2313 111 32 Riksd.
582 2313 84 32 Prot.
695 2316 95 30 1904.
840 2317 21 28 8
884 2314 100 32 Saml.
1032 2317 22 29 2
1076 2314 76 40 Afd.
1201 2317 23 29 2
1248 2314 110 33 Band.
1407 2317 44 29 33
1474 2315 93 39 Hift.
1758 2315 20 30 öd
