1880 2810
265 165 39 31 10
717 169 263 30 Statsutskottets
1002 171 167 29 utlåtande
1192 180 38 20 nr
1247 170 69 31 214,

317 241 175 30 Idrottshall
523 238 38 41 på
589 240 208 32 Stumholmen
828 242 6 29 i
861 242 194 31 Karlskrona.
1096 242 78 31 1941
1199 244 54 29 års
1277 243 337 42 försvarsutredning
1637 247 131 39 upptog

266 293 48 29 ett
337 290 128 42 belopp
488 302 40 19 av
551 291 63 31 350
627 291 61 31 000
710 291 124 31 kronor
859 292 53 30 för
935 292 197 32 idrottshall
1157 293 61 31 och
1242 293 61 31 250
1316 294 61 31 000
1402 294 123 32 kronor
1550 295 54 31 för
1628 295 134 32 idrotts-

266 340 89 42 plats
390 343 43 39 på
467 341 246 31 Stumholmen.
757 342 19 31 I
808 343 259 41 propositionen
1103 343 167 32 1942:210
1304 344 177 32 framhölls
1515 348 49 29 att
1600 346 76 31 med
1710 357 52 20 an-

266 392 166 41 läggande
467 404 39 19 av
541 393 217 41 idrottsplats
794 393 106 32 borde
936 396 97 29 anstå
1069 394 53 31 till
1160 395 84 31 efter
1280 395 309 42 femårsperiodens
1627 399 134 39 utgång.

266 442 115 32 Sedan
424 443 118 31 chefen
586 444 55 30 för
683 443 214 41 Sydkustens
941 445 247 31 marindistrikt
1230 446 11 30 i
1285 446 163 32 skrivelse
1491 448 55 30 till
1590 447 172 32 marinför-

265 493 198 41 valtningen
504 494 66 31 den
613 495 19 30 6
673 494 63 41 juli
780 495 80 31 1942
904 495 184 32 framhållit
1132 496 57 31 det
1231 497 186 41 angelägna
1460 498 11 30 i
1513 501 49 28 att
1607 499 155 40 åtgärder

266 544 156 41 vidtoges
455 545 52 30 för
540 545 193 31 beredande
767 557 40 19 av
840 546 216 42 möjligheter
1090 547 54 31 till
1168 547 290 43 idrottsutövning
1482 549 53 30 för
1559 550 202 40 personalen

264 595 92 31 inom
376 594 215 41 Sydkustens
611 596 257 38 marindistrikt,
889 597 201 32 hemställde
1110 598 361 41 marinförvaltningen
1491 600 11 30 i
1523 600 54 31 sin
1599 600 162 31 skrivelse

264 646 175 40 angående
461 646 117 41 anslag
599 647 54 31 för
674 647 150 32 marinen
846 648 54 30 för
921 648 201 41 budgetåret
1146 649 143 38 1943/44,
1312 652 50 29 att
1385 650 108 31 medel
1516 653 104 29 måtte
1644 651 116 31 ställas

264 696 53 31 till
337 697 202 41 förfogande
560 698 55 30 för
636 698 211 41 uppförande
870 709 40 20 av
931 699 144 31 nämnda
1096 699 79 31 hall.
1208 700 52 31 Då
1282 700 191 32 sedermera
1495 702 118 40 frågan
1636 713 54 20 om
1712 705 48 29 ett

265 746 283 43 ändamålsenligt
569 748 217 41 utnyttjande
805 759 41 20 av
866 748 41 31 de
927 749 136 41 statliga
1082 749 241 41 byggnaderna
1341 750 92 31 inom
1452 750 213 32 Karlskrona
1683 762 79 31 upp-

263 798 103 41 tagits
389 798 55 31 till
467 799 233 41 omprövning,
724 800 80 30 fann
828 800 371 42 marinförvaltningen,
1224 804 48 29 att
1296 812 41 21 en
1363 802 165 42 utökning
1552 814 41 20 av
1617 803 143 32 berörda

263 848 197 32 idrottshall
481 851 119 30 utöver
623 850 57 31 det
702 850 115 31 tänkta
839 854 226 38 programmet
1088 854 116 38 syntes
1228 852 210 42 erforderlig,
1462 856 80 28 enär
1566 854 193 31 densamma

263 901 106 29 måste
391 899 108 32 delvis
520 902 96 39 tagas
638 901 11 30 i
670 901 144 41 anspråk
835 912 42 20 av
897 902 141 31 flottans
1060 902 257 41 sjömansskola,
1341 903 114 32 därest
1478 904 110 32 denna
1611 905 148 31 förlades

261 950 93 30 inom
370 949 279 33 kustartilleriets
667 951 218 32 stadskasern
902 952 62 31 och
981 953 194 31 nuvarande
1193 954 169 31 marinens
1381 954 152 41 sjukhus.
1563 955 69 31 För
1651 955 108 32 denna

263 1000 166 41 utökning
452 1000 192 33 beräknade
670 1002 360 42 marinförvaltningen
1056 1004 216 41 erforderligt
1297 1005 143 41 ungefär
1465 1006 135 31 200000
1626 1006 131 32 kronor.

262 1051 329 32 Totalkostnaderna
616 1052 209 32 beräknades
851 1053 55 31 till
930 1054 60 31 530
1003 1054 60 31 000
1088 1054 126 32 kronor
1239 1055 106 41 enligt
1370 1056 163 41 prisläget
1560 1056 66 32 den
1654 1059 15 28 1
1696 1058 61 39 juli

263 1101 88 31 1943.
388 1101 366 43 Marinförvaltningen
777 1104 168 31 hänförde
968 1105 72 32 icke
1065 1105 94 32 detta
1183 1106 233 41 arbetsobjekt
1439 1107 54 31 till
1516 1107 123 41 högsta
1664 1119 94 30 ange-

262 1152 303 42 lägenhetsgraden
602 1165 77 20 men
715 1154 167 38 framhöll,
920 1157 57 35 att,
1015 1156 113 31 därest
1155 1156 220 42 besparingar
1400 1158 91 30 inom
1517 1159 240 31 femårsramen

261 1203 111 31 kunde
402 1206 106 35 ernås,
537 1205 239 31 idrottshallen
805 1217 80 20 vore
914 1209 48 28 ett
990 1218 38 19 av
1058 1207 41 31 de
1128 1207 232 42 arbetsobjekt
1390 1219 72 20 som
1489 1210 12 30 i
1531 1209 108 32 första
1668 1210 89 31 hand

262 1253 104 31 borde
385 1253 132 32 komma
536 1254 55 31 till
612 1255 187 32 utförande.

311 1304 464 43 Investeringsutredningen
807 1307 62 31 har
901 1308 162 41 medtagit
1096 1309 227 32 kostnaderna
1356 1311 54 30 för
1431 1310 196 32 idrottshall
1649 1331 41 3 —
1712 1313 45 30 in-

260 1354 131 32 klusive
417 1356 276 32 administration
717 1357 191 32 beräknade
934 1358 54 31 till
1012 1359 59 31 561
1087 1360 60 30 800
1173 1360 123 31 kronor
1320 1380 42 3 —
1387 1361 12 30 i
1425 1361 64 31 den
1516 1362 169 31 allmänna
1712 1363 44 30 in-

260 1406 350 41 vesteringsreserven
635 1408 53 30 för
709 1407 202 42 budgetåret
937 1409 143 31 1944/45.

311 1456 387 41 Departementschefen
718 1458 60 31 har
799 1459 114 31 anfört
935 1459 160 41 följande.
1585 1478 7 5 2

300 1514 82 32 Med
410 1515 131 42 hänsyn
569 1517 55 30 till
653 1518 288 41 angelägenheten
970 1529 38 20 av
1037 1521 49 29 att
1115 1520 155 41 åtgärder
1298 1520 155 42 vidtagas
1482 1522 53 31 för
1563 1522 192 32 beredande

258 1568 40 20 av
327 1557 210 33 förbättrade
566 1559 217 42 möjligheter
812 1560 53 31 till
895 1561 292 42 idrottsutövning
1216 1563 52 30 för
1297 1565 159 39 personal
1485 1564 93 31 inom
1609 1565 146 41 Sydkus-

259 1603 73 28 tens
359 1600 249 32 marindistrikt
635 1602 112 31 finner
771 1603 56 40 jag
852 1603 70 41 mig
947 1603 81 31 böra
1054 1604 146 38 förorda,
1228 1607 48 29 att
1302 1606 111 31 medel
1439 1606 165 33 beräknas
1631 1610 43 38 på
1701 1609 54 30 all-

258 1644 76 28 män
360 1642 280 42 beredskapsstat
666 1644 53 31 för
744 1645 213 41 uppförande
984 1657 40 19 av
1049 1646 196 31 idrottshall
1271 1649 43 39 på
1342 1647 237 33 Stumholmen
1606 1651 11 29 i
1643 1650 113 32 Karls-

259 1683 112 32 krona.
406 1684 182 33 Gentemot
608 1686 397 43 kostnadsberäkningen
1027 1689 113 31 finner
1160 1689 56 41 jag
1236 1690 72 31 icke
1330 1690 184 43 anledning
1536 1692 54 31 till
1612 1693 143 37 erinran,

258 1726 107 31 ehuru
399 1727 102 31 likväl
536 1730 11 30 i
583 1728 164 32 samband
781 1730 76 30 med
893 1732 48 29 ett
975 1730 159 33 blivande
1171 1732 341 41 dispositionsbeslut
1547 1735 118 41 frågan
1701 1747 54 19 om

257 1768 132 48 hallens
412 1770 231 32 dimensioner
664 1782 100 30 synes
786 1772 83 31 böra
891 1783 40 20 av
952 1773 125 42 Kungl.
1101 1773 100 42 Maj:t
1224 1777 93 39 tagas
1341 1776 107 31 under
1469 1777 198 42 ytterligare
1690 1789 64 20 om-

256 1821 177 31 prövning.

307 1853 19 30 I
351 1854 199 42 anslutning
575 1856 55 30 till
656 1856 57 31 det
737 1857 142 31 anförda
906 1857 164 33 beräknar
1095 1859 57 42 jag
1178 1862 42 39 på
1245 1861 125 31 allmän
1396 1861 279 43 beredskapsstat
1701 1864 52 30 för

256 1894 202 42 budgetåret
488 1898 136 31 1944/45
653 1901 48 29 ett
729 1899 52 31 till
810 1899 62 31 560
885 1900 62 31 000
974 1901 125 31 kronor
1127 1903 164 31 avrundat
1320 1903 126 42 belopp
1475 1905 53 30 för
1557 1905 194 32 idrottshall

258 1939 41 39 på
332 1938 247 33 Stumholmen.
623 1941 427 42 Investeringsändamålet
1082 1944 97 32 torde
1212 1944 81 32 böra
1324 1946 161 32 hänföras
1519 1948 54 30 till
1605 1948 146 41 anslags-

256 1991 154 31 gruppen
433 1981 65 31 III.

306 2055 149 34 Båthamn
483 2059 47 30 för
557 2060 128 31 flottans
712 2060 236 38 sjömansskola.
992 2061 120 32 Såsom
1142 2074 40 19 av
1208 2064 262 41 propositionen
1494 2077 41 19 nr
1559 2067 60 30 175
1641 2066 37 41 (s.
1698 2068 58 30 143

255 2107 62 31 och
350 2108 72 41 144)
458 2109 155 41 framgår,
647 2112 128 40 upptog
805 2112 363 42 marinförvaltningen
1199 2113 103 32 bland
1334 2115 332 42 anslagsäskandena
1699 2118 53 31 för

254 2157 202 42 budgetåret
478 2160 136 32 1944/45
635 2160 103 32 bland
758 2165 102 29 annat
882 2174 42 20 en
945 2163 159 32 båthamn
1126 2165 54 30 för
1201 2165 141 32 flottans
1364 2167 259 40 sjömansskola,
1646 2163 106 47 enligt

255 2209 163 41 prisläget
450 2210 64 31 den
547 2213 15 28 1
594 2212 65 40 juli
692 2212 76 31 1941
801 2213 339 33 kostnadsberäknad
1172 2216 51 31 till
1256 2217 59 31 166
1328 2217 62 31 000
1421 2218 133 31 kronor.
1598 2219 68 31 Vid
1698 2231 52 20 an-

256 2259 110 31 mälan
385 2271 41 20 av
444 2262 260 41 propositionen
723 2263 80 31 fann
824 2264 375 41 departementschefen
1219 2266 189 32 emellertid
1428 2268 196 41 ytterligare
1646 2269 106 31 utred-

255 2310 82 41 ning
355 2312 202 42 erforderlig
575 2313 144 31 rörande
738 2316 103 29 sättet
860 2315 53 30 för
931 2315 162 34 hamnens
1113 2316 208 42 anläggande
1341 2318 62 30 och
1421 2318 260 42 möjligheterna
1701 2320 51 30 till

253 2363 49 28 ett
323 2361 133 31 mindre
477 2362 167 32 kostsamt
666 2364 188 31 utförande.

304 2412 463 45 Investeringsutredningen
794 2416 61 31 har
883 2417 155 41 upptagit
1066 2418 167 41 företaget
1260 2419 10 30 i
1298 2419 95 41 fråga
1418 2440 42 2 —
1486 2420 107 41 enligt
1621 2421 128 40 nupris-

253 2463 72 41 läge
355 2463 64 32 och
448 2463 168 34 inklusive
647 2466 274 32 administration
950 2467 327 33 kostnadsberäknat
1308 2470 54 30 till
1392 2471 133 31 201400
1555 2471 125 31 kronor
1710 2491 40 3 —
