1848 2780
447 143 286 31 Statsutskottets
754 140 184 31 memorial
955 149 42 20 nr
1019 139 62 30 132
1101 138 40 30 år
1161 137 83 31 1957
1587 135 19 29 3

455 228 55 33 17)
531 227 220 30 motionerna
768 226 29 30 1:
815 225 58 30 131
893 233 43 21 av
949 224 81 29 herr
1047 222 137 30 Arrhén
1201 222 65 29 och
1282 221 46 29 11:
1347 219 60 31 158
1423 228 40 21 av
1480 219 123 30 herrar

410 278 173 40 Agerberg
600 277 64 30 och
682 276 139 30 Edlund
838 284 58 20 om
914 273 154 31 ändrade
1085 271 265 31 bestämmelser
1367 269 148 30 rörande
1533 268 71 40 gäl-

410 329 128 30 dandet
557 337 43 20 av
619 327 190 30 kostnader
829 326 54 29 för
902 324 263 39 hemtransport
1185 331 41 20 av
1245 319 358 40 befattningshavare,

411 389 75 21 som
504 378 133 31 avlider
657 377 111 31 under
787 374 235 42 tjänstgöring
1041 374 45 40 på
1106 382 118 21 annan
1243 373 65 33 ort,

456 431 56 33 18)
538 429 220 30 motionerna
780 427 29 30 I:
829 426 60 31 166
910 435 42 21 av
971 425 124 30 herrar
1116 424 105 39 Grym
1242 422 65 30 och
1330 421 186 30 Hedström
1539 419 65 30 och

413 482 44 29 II:
473 482 62 30 232
555 489 42 21 av
615 480 81 29 herr
714 477 216 32 Lassinantti
949 485 45 20 m.
1014 476 37 31 fl.
1070 484 58 20 om
1146 473 200 31 inrättande
1366 481 41 20 av
1425 480 42 21 en
1487 470 119 38 statlig

412 530 340 41 rättshjälpsanstalt
773 529 52 29 till
845 527 139 31 förmån
1004 527 55 29 för
1077 524 250 39 befolkningen
1347 523 11 29 i
1376 521 230 31 Norrbottens

412 584 76 29 läns
508 581 225 41 lappmarker
752 580 65 29 och
840 588 25 22 s.
886 579 33 29 k.
939 577 133 34 inland,

460 633 56 34 19)
539 632 221 30 motionerna
781 631 29 29 I:
829 629 63 30 170
911 638 42 20 av
972 628 82 30 herr
1074 627 143 29 Gunnar
1238 626 87 38 Berg
1347 632 45 24 m.
1414 623 36 30 fl.
1472 621 66 30 och
1560 622 45 29 II:

414 684 63 30 203
499 693 42 20 av
563 683 82 29 herr
668 682 203 29 Andersson
892 679 12 30 i
927 678 168 38 Ronneby
1118 686 45 20 m.
1188 676 38 30 fl.
1250 684 58 22 om
1331 672 212 32 inställande
1565 680 43 21 av

414 735 82 29 eller
521 733 161 40 uppskov
706 731 80 30 med
811 730 146 39 tidigare
983 727 162 31 beslutad
1171 726 166 41 flyttning
1363 733 42 21 av
1429 722 179 41 hylsverk-

416 785 122 30 staden
556 784 58 30 vid
633 783 237 39 örlogsvarvet
888 781 11 29 i
919 779 227 33 Karlskrona,

460 836 57 33 20)
546 834 220 30 motionerna
787 833 30 29 I:
836 832 57 30 181
918 840 42 20 av
982 830 57 29 fru
1064 829 141 29 Nilsson
1229 827 64 30 och
1316 827 46 29 11:
1379 825 61 31 237
1464 834 42 20 av
1528 824 82 29 herr

416 887 202 30 Andersson
640 885 10 29 i
673 884 180 39 Björkäng
875 880 178 41 angående
1076 879 122 39 bidrag
1221 887 42 20 av
1286 875 325 31 automobilskatte-

416 938 111 29 medel
551 936 50 30 till
622 936 171 29 kommun
813 934 56 29 för
889 930 228 32 anordnande
1137 939 43 20 av
1198 927 260 41 vägbelysning,

462 988 57 34 21)
543 986 219 30 motionerna
781 986 29 29 I:
829 983 61 31 184
908 992 42 20 av
967 982 81 29 herr
1066 980 138 30 Öhman
1222 988 44 21 m.
1285 978 38 30 fl.
1339 977 66 30 och
1425 977 45 30 II:
1486 976 64 30 252
1570 984 41 21 av

418 1040 79 28 herr
514 1037 162 39 Hagberg
691 1045 44 20 m.
753 1036 37 29 fl.
808 1043 58 21 om
884 1032 162 40 åtgärder
1062 1031 56 30 för
1136 1030 56 30 AB
1210 1028 242 40 Radiotjänsts
1470 1027 143 29 förstat-

417 1089 148 40 ligande,

463 1139 58 34 22)
546 1138 220 30 motionerna
787 1137 29 29 I:
835 1135 60 30 190
916 1143 43 20 av
976 1134 81 29 herr
1077 1132 87 30 Lars
1182 1131 153 30 Larsson
1355 1138 45 20 m.
1420 1128 37 31 fl.
1478 1127 66 30 och
1564 1127 46 29 II:

420 1191 37 29 81
483 1199 42 21 av
547 1189 82 30 herr
652 1188 140 39 Alemyr
815 1196 46 20 m.
885 1185 37 30 fl.
943 1193 60 21 om
1027 1192 43 21 en
1093 1183 148 38 översyn
1264 1189 43 21 av
1329 1179 64 30 och
1418 1177 195 40 avvägning

419 1241 129 30 mellan
572 1239 94 30 olika
690 1236 246 32 studiesociala
960 1233 170 41 åtgärder,

464 1291 58 34 23)
546 1290 221 30 motionerna
784 1289 29 29 I:
830 1287 63 31 200
912 1295 41 21 av
971 1285 57 29 fru
1048 1281 305 33 Hamrin-Thorell
1371 1280 65 30 och
1453 1279 57 30 fru
1531 1278 83 30 Gär-

419 1343 42 30 de
477 1341 183 31 Widemar
676 1339 66 30 och
759 1339 46 29 II:
821 1337 67 31 218
901 1345 43 21 av
958 1336 129 29 fröken
1101 1334 109 39 Vinge
1227 1331 179 40 angående
1421 1330 123 38 bidrag
1560 1328 54 30 till

425 1388 500 34 hemkonsulentverksamhet
958 1386 11 29 i
1002 1385 177 33 städerna,

465 1443 58 33 24)
552 1441 219 30 motionerna
794 1439 29 29 1:
840 1438 61 30 207
926 1446 42 20 av
991 1436 82 29 herr
1096 1434 116 30 Ohlon
1233 1432 66 30 och
1322 1432 45 29 II:
1384 1431 57 30 251
1469 1439 42 22 av
1534 1429 82 29 herr

421 1492 173 31 Nelander
623 1501 44 20 m.
697 1491 36 32 fl.
763 1498 57 21 om
849 1487 148 40 höjning
1024 1495 44 20 av
1095 1482 270 32 maximiåldern
1392 1481 55 29 för
1475 1479 140 39 statliga

421 1542 347 40 befattningshavare
793 1541 51 28 att
869 1537 81 40 ingå
976 1535 198 39 äktenskap
1200 1533 79 30 med
1305 1533 70 29 rätt
1400 1532 55 30 för
1479 1529 138 31 efterle-

422 1595 111 29 vande
555 1593 102 30 make
678 1593 50 28 att
749 1589 134 32 erhålla
904 1585 287 41 familjepension
1211 1584 84 30 eller
1316 1581 300 40 familjelivränta,

464 1645 58 34 25)
552 1643 221 30 motionerna
796 1642 29 29 I:
842 1640 63 30 359
928 1647 43 21 av
996 1638 57 29 fru
1078 1635 111 31 Gärde
1212 1633 183 32 Widemar
1419 1640 44 21 m.
1489 1631 38 29 fl.
1553 1629 64 31 och

425 1696 44 30 II:
486 1695 62 31 445
568 1704 44 20 av
629 1694 80 29 herr
728 1692 110 30 Helén
858 1700 45 23 m,
924 1689 47 34 fl.,
1000 1688 1 30 i
1021 1687 67 30 vad
1110 1686 220 30 motionerna
1349 1691 99 22 avser
1469 1683 149 37 översyn

423 1756 41 20 av
484 1747 58 29 det
564 1742 274 33 studentsociala
859 1740 113 30 stödet
992 1739 65 29 och
1079 1737 78 30 dess
1178 1735 121 34 effekt,

473 1797 58 34 26)
556 1795 178 30 motionen
753 1794 29 29 1:
801 1792 62 30 119
883 1800 42 21 av
942 1791 81 28 herr
1042 1787 148 35 Arrhén,
1209 1787 11 29 i
1237 1786 67 30 vad
1324 1784 178 30 motionen
1521 1790 100 22 avser

425 1846 190 38 utredning
639 1844 147 31 rörande
814 1839 320 40 naturastipendier
1161 1837 34 30 åt
1222 1834 211 32 studerande
1458 1832 58 30 vid
1543 1831 76 30 uni-

424 1897 187 30 versiteten
633 1903 44 21 m.
699 1895 36 28 fl.
758 1891 256 32 läroanstalter,

470 1947 58 33 27)
550 1945 177 30 motionen
743 1945 29 28 1:
788 1943 63 30 203
868 1951 42 20 av
923 1941 81 29 herr
1021 1940 139 37 Ragnar
1175 1936 113 39 Bergh
1302 1944 57 21 om
1375 1932 187 36 utredning
1578 1940 42 20 av

427 1999 122 38 frågan
572 2005 56 21 om
651 1993 201 31 inrättande
874 2001 42 20 av
939 1992 47 29 ett
1008 1989 216 40 gemensamt
1247 1984 210 31 medicinskt
1479 1982 142 30 institut

428 2050 53 29 för
499 2048 41 30 de
559 2046 158 39 nordliga
735 2044 206 39 regionerna
958 2050 42 20 av
1017 2038 161 34 Finland,
1196 2037 112 38 Norge
1326 2035 65 30 och
1412 2033 147 39 Sverige,

471 2099 58 33 28)
560 2097 177 29 motionen
762 2096 29 28 I:
808 2093 62 31 244
896 2101 41 21 av
960 2092 82 29 herr
1065 2089 116 31 Ohlon
1204 2096 57 21 om
1285 2088 148 36 översyn
1457 2093 43 20 av
1524 2083 98 29 kom-

428 2147 371 42 petensfordringarna
820 2145 54 28 för
893 2142 152 30 innehav
1065 2149 42 20 av
1127 2137 250 39 rektorstjänst
1396 2135 57 29 vid
1475 2133 147 30 allmänt

429 2194 169 44 läroverk,
1554 2210 2 3 .

473 2249 58 33 29)
556 2247 178 30 motionen
753 2246 30 29 I:
799 2244 63 30 358
882 2252 41 21 av
942 2243 81 28 herr
1043 2239 156 30 Franzén
1219 2246 58 21 om
1297 2234 252 38 fraktlindring
1568 2226 56 35 för

430 2300 179 38 transport
636 2297 11 28 i
673 2296 92 29 vissa
793 2294 61 30 fall
884 2302 42 20 av
952 2289 244 32 motorfordon
1223 2286 129 31 mellan
1381 2283 149 31 Gotland
1558 2282 66 30 och

430 2348 201 33 fastlandet,

475 2400 58 33 30)
554 2397 179 31 motionen
751 2396 45 29 11:
813 2394 40 30 34
870 2403 42 20 av
928 2393 122 28 herrar
1067 2390 135 29 Kilsmo
1218 2387 65 30 och
1301 2386 160 30 Eliasson
1477 2384 11 29 i
1506 2382 120 31 Stock-

431 2451 94 29 holm
548 2458 59 21 om
628 2457 41 20 en
695 2445 172 39 utökning
890 2452 41 21 av
954 2440 274 38 studiebidraget
1251 2437 53 29 till
1325 2432 301 33 brevskolestude-

432 2501 166 32 randena,
