2212 2640
402 237 17 28 2
846 234 379 32 Konstituttonsutskottets
1252 232 153 33 Utlåtande
1428 234 61 30 N:o
1513 234 23 30 1.

400 313 117 37 under
544 327 45 24 en
616 327 92 37 egen
735 327 211 37 gemensam
975 315 152 49 styrelse
1155 314 69 37 och
1253 314 162 50 ledning,
1444 313 114 37 måste
1577 326 90 24 vara
1686 312 101 37 desto
1807 317 127 40 större,
1949 312 44 48 ju

399 380 100 24 mera
527 366 187 53 omfånget
742 367 41 46 af
807 369 102 36 dessa
937 367 143 51 företag
1107 368 184 50 vidgades.

505 475 81 37 Med
622 475 218 50 hänvisning
872 476 62 36 till
962 475 96 37 hvad
1087 474 154 38 sålunda
1269 474 126 37 blifvit
1421 473 43 38 af
1489 474 132 49 Kongl.
1650 473 102 49 Maj:t
1779 471 216 37 framhållet

398 529 70 38 har
509 542 51 23 nu
593 529 84 36 herr
714 530 43 36 ÅA.
794 532 39 34 V.
862 532 195 46 Ljungman
1091 530 54 35 uti
1174 542 44 23 en
1247 529 99 36 inom
1374 528 130 36 Andra
1532 528 225 36 Kammaren
1785 526 120 44 väckt,
1933 526 60 35 till

397 583 195 36 utskottets
628 583 224 50 behandling
890 582 249 38 öfverlemnad
1168 583 140 36 motion
1335 595 61 23 n:o
1426 584 21 35 2
1479 582 64 35 hos
1572 581 207 48 Riksdagen
1808 580 185 43 hemstält,

397 641 56 31 att
493 636 206 50 Riksdagen
739 639 114 34 måtte
891 643 135 43 antaga
1058 636 163 49 följande
1250 635 136 49 förslag
1413 636 59 35 till
1502 634 155 50 ändring
1686 633 40 37 af
1751 633 39 49 $$
1821 635 20 35 5
1872 633 68 36 och
1972 635 21 34 6

396 689 329 51 regeringsformen
754 696 55 31 att
835 691 102 37 hvila
965 691 59 36 till
1051 691 125 36 vidare
1195 689 305 51 grundlagsenlig
1528 687 236 50 behandling,
1792 686 202 49 nemligen:

1154 797 19 49 $
1203 800 32 35 5.

504 878 197 38 Statsrådet
729 879 95 36 skall
852 877 103 38 bestå
983 877 40 37 af
1047 880 90 44 elfva
1165 877 212 44 ledamöter,
1406 876 114 37 bland
1549 876 128 36 hvilka
1705 874 208 49 Konungen
1939 877 55 33 ut-

396 939 135 30 nämne
572 946 44 23 en
658 937 54 32 att
744 945 88 24 vara
865 932 253 36 statsminister
1146 931 69 37 och
1244 930 205 37 statsrådets
1477 928 149 38 främste
1655 929 172 36 ledamot.
1884 927 111 37 Desse

397 999 68 37 ega
506 991 55 33 att
592 987 75 36 alla
695 987 11 35 i
735 985 192 38 statsrådet
955 984 300 38 förekommande
1283 984 158 37 ärenden
1468 982 204 38 öfvervara.
1729 982 42 49 Ej
1802 980 60 37 må
1890 980 105 37 fader

397 1040 68 36 och
500 1053 62 23 son
591 1041 91 35 eller
709 1040 134 37 bröder
870 1038 49 51 på
947 1052 44 23 en
1015 1041 96 47 gång
1139 1052 90 24 vara
1257 1038 201 36 ledamöter
1486 1035 41 38 af
1552 1035 200 38 statsrådet.

1150 1145 20 49 $
1201 1148 35 34 6.

504 1226 54 37 Af
583 1226 209 37 statsrådets
819 1226 202 36 ledamöter
1048 1225 103 36 skola
1180 1228 71 34 åtta
1270 1237 87 24 vara
1376 1223 124 38 chefer
1519 1223 68 37 och
1607 1222 276 50 föredragande,
1903 1223 92 36 hvar

397 1280 57 37 för
483 1281 62 37 sitt
571 1281 262 49 departement,
861 1280 202 48 nemligen:

504 1335 189 36 ministern
721 1333 56 37 för
805 1333 141 37 utrikes
974 1332 178 37 ärendena
1179 1331 59 37 för
1265 1331 444 49 utrikesdepartementet,

504 1401 43 23 en
576 1386 84 38 chef
685 1386 57 37 för
765 1386 448 50 justitiedepartementet,

505 1455 43 23 en
575 1441 58 37 för
659 1440 566 49 landtförsvarsdepartementet,
1253 1439 149 37 hvilken
1423 1438 124 36 tillika
1566 1450 85 24 vare
1673 1437 223 49 Konungens
1914 1433 81 40 råd-

397 1495 142 50 gifvare
573 1496 5 35 i
607 1493 302 38 kommandomål
936 1493 58 37 för
1022 1495 138 43 armén,

504 1562 43 23 en
581 1548 58 37 för
671 1547 515 50 sjöförsvarsdepartementet,
1220 1546 147 37 hvilken
1397 1545 123 36 tillika
1548 1557 86 24 vare
1664 1545 224 48 Konungens
1915 1543 79 36 råd-

397 1604 142 48 gifvare
573 1603 5 35 i
607 1601 299 38 kommandomål
934 1600 58 38 för
1019 1601 140 45 flottan,

504 1670 43 23 en
575 1655 58 38 för
660 1656 387 48 civildepartementet,

504 1723 45 24 en
576 1709 58 37 för
660 1710 419 48 finansdepartementet,

504 1776 43 24 en
576 1762 58 38 för
661 1762 521 49 ecklesiastikdepartementet
1209 1766 88 32 samt

505 1831 38 23 en
562 1820 69 43 för
658 1819 494 46 samfärdselsdepartementet.

504 1872 80 36 Den
626 1878 168 29 närmare
835 1869 257 49 fördelningen
1134 1868 41 37 af
1206 1867 180 37 ärendena
1418 1867 299 49 departementen
1746 1864 160 37 emellan
1935 1864 60 36 be-

397 1932 172 29 stämmes
602 1924 40 36 af
673 1925 205 49 Konungen
914 1936 132 37 genom
1079 1936 43 23 en
1152 1921 172 38 särskildt
1351 1919 186 46 utfärdad,
1565 1918 215 50 offentligen
1808 1918 186 48 kungjord

396 1975 140 57 stadga.
1089 2001 5 5 :

504 2085 116 39 Sedan
650 2086 229 36 motionären
907 2085 187 49 redogjort
1121 2082 58 38 för
1207 2083 192 36 resultatet
1427 2079 41 38 af
1494 2081 69 36 den
1593 2079 237 49 behandling,
1860 2091 77 24 som
1957 2077 41 37 af

396 2141 114 36 rikets
551 2140 145 36 ständer
738 2138 157 50 egnades
927 2138 38 36 åt
998 2138 132 49 Kongl.
1159 2137 120 49 Maj:ts
1306 2135 110 37 ofvan
1444 2134 162 37 nämnda
1634 2134 237 49 proposition,
1898 2138 98 30 samt

396 2194 11 34 i
451 2194 148 36 korthet
633 2194 124 35 berört
784 2193 45 35 de
857 2191 318 48 framställningar
1203 2191 11 34 i
1244 2195 134 39 ämnet,
1406 2201 78 24 som
1513 2187 82 37 från
1623 2188 31 48 ej
1684 2186 144 37 mindre
1857 2184 136 49 Kongl.

396 2246 105 49 Maj:t
528 2254 45 28 än
601 2246 108 37 äfven
738 2246 167 36 enskilda
932 2246 223 36 motionärer
1184 2244 203 36 sedermera
1416 2243 60 36 till
1504 2241 210 49 Riksdagen
1738 2239 258 37 framkommit

395 2312 61 24 om
485 2300 207 36 inrättande
720 2301 39 35 af
781 2305 85 44 nytt
894 2299 345 49 statsdepartement
1266 2296 57 37 för
1350 2297 175 48 antingen:
1553 2298 172 43 näringar
1744 2294 58 34 och
1822 2294 172 35 allmänna
