1898 2862
527 109 115 29 Första
667 109 221 35 lagutskottets
913 109 165 29 utlåtande
1103 110 49 29 Nr
1174 114 27 26 9.
1577 109 40 31 25

103 194 118 31 kunna
256 193 94 32 bliva
382 194 130 41 ganska
535 193 99 32 enkel
658 193 11 32 i
694 193 268 42 tillämpningen.
1006 193 51 32 De
1082 193 170 42 åtgärder,
1277 204 70 21 som
1371 192 149 33 behövde
1544 193 72 32 vid-

104 240 101 38 tagas
229 236 57 31 vid
308 236 109 32 första
441 236 223 43 upplåtelsen,
689 237 95 31 torde
806 236 75 32 icke
907 236 90 31 bliva
1021 247 94 20 mera
1130 236 222 34 omfattande,
1368 241 44 26 än
1428 247 52 20 om
1494 236 122 42 jorden

105 278 112 32 skulle
240 278 161 42 upplåtas
424 280 44 40 på
490 278 154 32 arrende.
689 278 117 33 Skulle
829 278 60 31 vid
912 278 344 41 besittningsrättens
1280 279 172 40 övergång
1475 278 78 31 från
1577 289 40 20 en

104 321 57 31 till
195 331 110 21 annan
339 331 98 21 anses
471 321 80 31 böra
582 320 133 32 fordras
739 320 172 31 särskilda
934 320 283 32 kvalifikationer
1238 321 53 30 för
1314 320 63 31 den
1402 330 70 32 nya
1495 319 119 33 besitt-

103 364 348 40 ningsrättstagaren,
475 362 112 32 kunde
611 362 169 32 måhända
826 363 146 41 prövning
996 362 104 32 därav
1123 361 59 32 ske
1198 372 44 21 av
1257 362 253 32 vederbörande
1526 362 91 32 dom-

103 406 67 31 stol
192 405 12 31 i
227 404 162 32 samband
412 405 74 31 med
510 404 227 42 inskrivning,
762 405 117 31 vilken
903 404 99 32 borde
1024 410 101 36 göras
1148 403 236 43 obligatorisk.
1407 404 76 31 Den
1499 405 118 31 vidare

102 448 200 41 eftersynen
325 447 12 31 i
360 448 99 40 fråga
485 458 52 21 om
561 447 146 41 gårdens
731 447 88 32 hävd
843 447 61 32 och
927 447 264 42 byggnadernas
1215 447 170 38 tillstånd,
1410 458 69 20 som
1502 447 114 31 kunde

103 500 98 21 anses
236 489 169 42 behövlig,
440 489 112 32 skulle
587 489 131 32 kanske
751 489 117 32 kunna
890 490 171 31 överlåtas
1084 490 44 41 på
1152 489 40 31 de
1216 489 248 42 myndigheter,
1489 500 68 21 som
1581 489 37 31 få

102 531 321 43 uppsiktsuppdrag
456 531 109 42 enligt
599 532 60 31 den
689 531 170 33 bebådade
882 531 101 42 lagen
1006 531 174 42 angående
1203 530 144 43 uppsikt
1369 532 20 31 å
1412 532 93 31 vissa
1524 531 91 43 jord-

102 574 100 37 bruk,
236 573 72 33 helt
342 574 113 32 enkelt
488 574 197 43 därigenom
719 577 53 29 att
805 573 498 42 besittningsrättslägenheter
1330 574 43 41 på
1397 573 219 33 ecklesiastik

99 617 80 42 jord
203 616 92 32 lades
318 617 109 31 under
449 616 111 42 lagen.
1529 614 6 4 i

145 658 204 32 Emellertid
372 663 39 27 är
432 658 59 32 det
514 659 103 31 alltid
640 658 148 32 fåvitskt
811 660 54 30 att
887 658 136 32 försöka
1046 658 234 42 åvägabringa
1300 668 40 21 en
1357 657 169 32 önskvärd
1542 658 72 31 ord-

103 702 86 41 ning
211 712 121 30 genom
356 706 44 26 än
424 702 36 30 så
482 701 204 32 invecklade
710 701 408 32 kontrollbestämmelser
1141 700 61 32 och
1226 704 123 37 sträng
1371 700 244 42 övervakning,

102 755 54 20 om
179 743 72 32 icke
275 743 65 32 den
364 743 172 32 enskildes
559 744 171 31 intressen
754 743 60 32 och
838 743 131 32 åsikter
991 743 86 42 peka
1100 744 13 30 i
1136 753 128 21 samma
1288 742 168 41 riktning,
1481 753 70 21 som
1567 742 47 32 la-

102 797 66 30 gen
202 785 120 42 syftar.
369 785 62 32 Om
465 785 65 32 den
564 785 290 41 besittningsrätt,
888 796 116 21 varom
1037 785 62 31 här
1122 795 87 21 ovan
1232 785 115 37 talats,
1371 785 52 31 får
1447 795 39 21 en
1509 785 106 31 sådan

103 828 166 38 struktur,
294 829 54 30 att
371 827 169 32 brukaren
563 827 64 32 har
650 828 63 31 allt
735 829 142 30 intresse
901 827 60 32 och
985 827 49 32 all
1057 826 129 33 önskan
1210 829 54 29 att
1287 826 113 32 hävda
1413 827 205 42 jordbruket

102 870 68 39 väl,
206 869 41 32 då
281 869 90 32 hava
404 869 254 33 bestämmelser
691 869 59 33 och
784 870 142 42 uppsikt
960 869 102 42 ingen
1090 870 174 42 betydelse
1288 869 53 31 för
1364 869 155 31 normala
1541 868 74 39 fall,

103 912 140 32 emedan
267 912 55 32 det
346 923 70 20 som
439 912 138 32 därmed
601 913 132 42 åsyftas
757 917 39 27 är
818 912 184 43 självklart
1025 912 51 31 för
1099 923 41 20 en
1163 922 75 28 var;
1262 911 41 32 de
1326 911 36 31 få
1386 911 42 32 då
1452 911 54 32 sin
1530 911 87 32 enda

102 954 176 43 betydelse
300 957 84 38 gent
407 957 87 29 emot
517 954 64 32 den
605 955 150 41 slarvige
779 954 59 32 och
863 954 74 32 icke
961 954 213 32 skötsamme.
1209 953 66 32 Att
1298 952 58 33 det
1379 955 63 40 går
1466 956 53 29 att
1541 954 75 31 med

103 1008 41 20 en
178 997 280 41 besittningsrätt
490 997 108 31 väcka
631 998 144 30 intresse
809 997 53 32 för
895 999 131 35 torvan,
1055 996 115 32 därom
1194 997 132 30 vittnar
1349 996 63 31 den
1434 995 99 32 möda
1556 995 60 32 och

103 1039 64 32 den
204 1039 126 37 kärlek,
364 1050 70 20 som
468 1039 187 42 nedläggas
679 1040 19 30 å
721 1039 62 32 den
810 1038 74 32 med
908 1041 158 29 tomträtt
1089 1038 169 43 upplåtna
1278 1037 120 43 jorden
1422 1041 11 28 i
1456 1038 93 31 vissa
1572 1049 44 20 av

102 1080 259 33 huvudstadens
385 1081 256 32 villaområden.

147 1140 214 31 Motionerna
383 1140 195 32 föranledde
602 1141 103 41 ingen
728 1139 202 43 riksdagens
954 1140 134 42 åtgärd.
1134 1138 119 33 Såsom
1276 1139 76 32 skäl
1374 1139 115 32 härför
1505 1139 111 32 anför-

103 1191 68 37 des,
196 1193 51 29 att
270 1190 130 42 Kungl.
424 1191 99 42 Maj:t
545 1202 121 31 genom
689 1190 112 32 beslut
825 1191 63 31 den
912 1192 38 30 22
975 1190 90 43 april
1090 1191 79 31 1927
1191 1189 223 43 bemyndigat
1431 1189 118 32 chefen
1565 1189 54 32 för

102 1241 493 43 ecklesiastikdepartementet
629 1244 52 29 att
713 1241 152 32 tillkalla
898 1241 218 42 sakkunniga
1150 1240 53 32 för
1237 1243 52 29 att
1312 1240 139 32 biträda
1474 1240 73 32 med
1570 1243 49 28 ut-

101 1292 147 42 redning
270 1303 43 21 av
336 1293 124 40 frågan
480 1292 141 32 rörande
645 1303 69 32 nya
736 1291 150 43 grunder
908 1292 53 32 för
983 1292 268 41 lagstiftningen
1274 1302 52 20 om
1342 1291 276 42 prästerskapets

102 1342 163 42 avlöning
288 1345 89 29 samt
400 1342 243 43 dispositioner
666 1343 60 32 och
749 1342 258 42 förvaltningen
1023 1353 43 21 av
1082 1341 292 44 prästlönejorden
1391 1347 159 26 ävensom
1567 1344 52 29 att

102 1393 374 42 departementschefen
517 1392 132 43 jämväl
687 1393 238 43 bemyndigats
959 1393 179 43 uppdraga
1172 1393 36 31 åt
1242 1393 39 31 de
1314 1392 221 42 sakkunniga
1566 1394 53 30 att

102 1443 204 43 skyndsamt
329 1443 188 32 verkställa
539 1443 65 32 den
628 1455 43 20 av
694 1443 185 42 riksdagen
902 1444 150 41 begärda
1075 1443 226 42 utredningen
1323 1443 143 32 rörande
1490 1443 129 42 möjlig-

101 1494 101 33 heten
234 1496 53 29 att
313 1494 142 42 upplåta
477 1494 220 32 ecklesiastik
721 1494 77 41 jord
820 1494 57 32 till
901 1499 127 27 smärre
1049 1493 167 41 jordbruk
1240 1493 60 32 och
1323 1504 86 31 egna
1432 1493 73 32 hem
1529 1496 89 29 samt

102 1545 122 32 därvid
246 1544 120 31 tillika
390 1544 191 32 undersöka
604 1544 246 43 lämpligheten
873 1555 43 21 av
939 1555 41 21 en
1003 1543 195 43 upplåtelse
1219 1544 106 31 under
1340 1543 144 42 stadgad
1499 1543 119 32 besitt-

101 1596 185 41 ningsrätt.

144 1671 50 32 De
218 1671 11 30 i
252 1671 154 41 enlighet
428 1671 75 31 med
527 1671 147 32 nämnda
697 1670 269 43 bemyndigande
988 1670 195 32 tillkallade
1206 1670 218 42 sakkunniga
1446 1670 89 33 hava
1552 1671 63 32 den
1629 1673 201 30 Prästlönereg-

101 1724 40 30 31
167 1722 171 31 december
362 1723 80 31 1929
466 1722 134 41 avgivit
623 1722 212 32 betänkande
858 1722 140 31 rörande
1021 1732 68 31 nya
1112 1720 149 43 grunder
1280 1721 52 31 för
1346 1720 270 43 lagstiftningen
1651 1707 156 64 EN

102 1784 53 20 om
182 1772 276 42 prästerskapets
482 1772 164 41 avlöning
668 1772 60 32 och
751 1772 256 41 förvaltningen
1030 1783 45 20 av
1098 1772 64 31 den
1186 1771 122 32 därtill
1332 1771 166 42 anslagna
1521 1783 95 31 egen-

102 1822 120 32 domen
245 1822 155 42 (Statens
424 1822 179 42 offentliga
627 1823 227 41 utredningar
879 1824 90 30 1929:
984 1824 63 39 39).

144 1873 18 31 I
179 1873 221 31 förevarande
417 1873 96 41 fråga
530 1873 137 32 anföres
684 1873 13 31 i
713 1873 238 38 betänkandet,
969 1873 86 32 efter
1071 1873 244 31 omnämnande
1332 1883 42 21 av
1391 1875 53 29 att
1459 1873 44 42 på
1526 1873 94 31 vissa

101 1923 71 32 håll
207 1924 62 31 den
303 1926 177 39 meningen
513 1924 94 42 gjort
640 1924 54 41 sig
726 1923 167 41 gällande,
919 1926 53 28 att
994 1923 183 31 åborätten
1200 1924 109 30 såsom
1332 1922 281 43 upplåtelseform

102 1974 150 31 saknade
285 1973 162 43 praktisk
474 1973 178 42 betydelse
676 1976 88 29 samt
787 1976 52 28 att
862 1974 40 31 de
925 1973 109 31 under
1063 1974 75 31 1929
1162 1972 121 42 gjorda
1306 1973 151 31 utbuden
1480 1984 42 21 av
1545 1974 74 31 åbo-

101 2023 202 42 lägenheter
324 2023 74 31 icke
421 2024 64 30 lett
507 2023 57 31 till
587 2024 154 37 resultat,
765 2023 165 43 följande:

144 2082 19 31 I
199 2081 222 32 betraktande
455 2081 105 32 härav
594 2082 60 32 och
687 2082 42 32 då
752 2087 84 26 även
861 2082 38 31 de
923 2082 110 31 utbud
1057 2092 43 21 av
1122 2081 198 41 lägenheter
1343 2082 106 31 under
1472 2083 145 39 åborätt,

101 2135 74 21 som
197 2124 149 41 tidigare
370 2125 52 40 (år
446 2126 94 40 1928)
563 2129 61 37 ägt
647 2135 83 27 rum,
753 2125 92 31 varit
867 2124 234 38 resultatlösa,
1124 2124 65 31 vill
1213 2124 56 32 det
1292 2134 102 32 synas
1414 2125 40 31 de
1470 2125 147 31 sakkun-

102 2167 92 40 niga,
218 2177 70 20 som
312 2178 52 19 om
389 2166 118 31 endast
530 2169 101 38 ringa
653 2167 111 31 utsikt
787 2167 112 31 skulle
922 2166 183 32 förefinnas
1129 2166 54 31 för
1206 2168 53 29 att
1283 2166 40 32 de
1346 2167 272 41 förväntningar,

102 2219 77 20 man
214 2209 53 30 må
301 2208 91 31 hava
425 2208 178 32 förbundit
636 2209 74 31 med
745 2208 215 32 tillkomsten
994 2219 43 20 av
1062 2208 264 41 lagstiftningen
1354 2209 11 30 i
1392 2209 95 31 detta
1512 2212 106 36 ämne,

101 2251 98 30 skola
234 2250 106 31 varda
375 2250 155 31 infriade.
588 2250 228 42 Obestridligt
853 2256 37 26 är
924 2250 94 38 dock,
1057 2252 54 30 att
1148 2250 40 31 de
1226 2250 86 38 skäl,
1347 2261 70 21 som
1451 2251 169 41 förelegat

102 2292 51 31 för
188 2292 109 31 denna
330 2292 297 41 upplåtelseforms
655 2292 216 42 upptagande
895 2292 12 31 i
930 2293 79 30 vårt
1037 2294 230 39 rättssystem,
1292 2297 65 36 äga
1379 2292 166 41 giltighet
1568 2294 52 30 för

102 2335 76 30 dess
211 2332 223 42 tillämpning
464 2333 131 42 jämväl
630 2335 43 40 på
707 2334 301 41 prästlönejorden.
1058 2333 323 41 -Följdriktigheten
1417 2345 101 30 synes
1552 2334 65 32 för-

102 2375 160 32 denskull
294 2374 124 38 fordra,
453 2377 55 29 att
542 2376 37 30 så
613 2376 101 40 länge
747 2375 332 32 åborättsinstitutet
1102 2375 123 31 förblir
1248 2375 158 41 gällande
1428 2376 74 31 med
1525 2387 93 21 avse-

102 2418 84 31 ende
220 2418 19 29 å
273 2415 233 43 kronojorden,
542 2417 74 31 dess
651 2418 222 41 tillämpning
903 2417 130 42 jämväl
1067 2417 60 31 bör
1161 2416 221 43 möjliggöras
1410 2417 209 32 beträffande
