1902 2860
527 150 114 29 Första
665 151 222 35 lagutskottets
912 153 165 29 utlåtande
1102 154 49 30 Nr
1174 159 27 27 9.
1576 157 38 30 21

147 231 18 32 I
188 232 100 42 fråga
310 243 53 21 om
386 233 445 42 egnahemsverksamheten
855 237 61 31 har
939 237 128 42 Kungl.
1091 238 99 42 Maj:t
1214 238 63 33 den
1300 241 18 29 8
1332 238 79 43 juni
1429 241 80 31 1928
1526 240 89 32 efter

104 282 199 42 riksdagens
337 282 151 33 hörande
521 286 107 41 (prop.
665 297 40 20 nr
736 288 54 38 97;
825 291 247 29 sammansatta
1105 289 106 31 andra
1235 289 70 42 lag-
1330 290 59 32 och
1411 289 204 43 jordbruks-

103 333 188 32 utskottets
313 334 180 32 utlåtande
517 347 39 20 nr
579 337 33 39 2;
635 336 204 42 riksdagens
864 338 167 32 skrivelse
1054 350 40 20 nr
1117 341 75 40 232)
1216 340 154 32 utfärdat
1386 340 72 32 dels
1474 352 40 21 en
1530 341 84 32 kun-

103 384 129 41 görelse
254 385 176 41 angående
454 385 170 32 allmänna
647 387 151 41 grunder
819 388 53 31 för
895 388 63 32 den
988 390 322 32 statsunderstödda
1334 391 280 41 egnahemsverk-

103 434 183 39 samheten,
321 435 71 32 dels
426 436 55 31 ock
515 447 39 21 en
586 437 202 42 kungörelse
810 439 75 31 med
908 439 305 42 reglementariska
1235 441 215 32 föreskrifter
1471 442 143 32 rörande

103 485 64 31 den
191 487 322 31 statsunderstödda
528 487 275 43 egnahemslåne-
821 489 60 32 och
898 491 477 41 premielåneverksamheten.
1408 492 91 32 Från
1516 493 99 32 dessa

101 535 246 43 författningar
370 542 38 27 är
431 537 12 32 1
467 537 226 33 förevarande
717 540 163 32 avseende
903 541 151 42 följande
1077 544 51 30 att
1151 542 175 33 anteckna.

144 586 256 42 Egnahemslån
434 588 171 33 utlämnas
640 600 70 21 som
737 591 96 41 regel
855 591 54 32 för
932 595 53 29 att
1007 592 121 32 bereda
1150 593 140 33 tillfälle
1312 594 56 31 till
1389 594 224 32 förvärvande

102 647 41 22 av
177 637 123 32 sådant
334 641 77 39 eget
438 639 86 39 hem,
549 640 62 32 där
634 640 196 42 låntagaren
856 647 82 37 äger
961 644 95 31 såväl
1075 643 234 43 jordområdet
1331 656 69 21 som
1425 644 84 33 därå
1530 657 82 31 upp-

100 687 98 33 förda
232 689 210 42 byggnader.
487 689 129 33 Sådant
639 692 241 41 egnahemslån
903 694 54 31 må
980 704 79 22 avse
1082 695 164 42 antingen
1266 694 347 44 jordbrukslägenhet

100 738 272 43 (jordbrukslån)
406 741 82 31 eller
521 741 302 42 bostadslägenhet
856 743 236 44 (bostadslån).
1138 744 93 33 Utan
1264 745 122 33 hinder
1419 746 115 39 därav,
1559 749 54 29 att

100 789 202 42 låntagaren
324 790 74 32 icke
423 791 63 32 har
509 792 208 42 äganderätt
740 792 57 32 till
817 793 242 43 jordområdet,
1083 796 55 31 må
1161 796 242 42 egnahemslån
1420 796 193 33 emellertid

100 841 86 41 utgå
219 840 104 32 bland
357 845 106 28 annat
494 842 53 32 för
579 843 210 42 uppförande
824 844 83 32 eller
940 845 131 33 inlösen
1097 856 44 22 av
1168 846 202 43 byggnader
1393 848 20 31 å
1434 847 177 42 fastighet,

100 901 71 21 som
195 891 166 43 upplåtits
385 892 111 42 enligt
519 893 262 42 åborättslagen.
816 894 195 35 Härutöver
1033 896 68 33 kan
1125 897 70 32 s.k.
1208 897 205 43 tilläggslån
1436 898 176 32 utlämnas

98 941 52 32 för
183 942 210 43 utvidgning
426 943 61 32 och
521 944 207 42 förbättring
761 956 43 21 av
834 945 362 44 jordbrukslägenhet,
1220 959 70 21 som
1313 949 173 32 sökanden
1508 948 104 33 redan

98 992 155 40 innehar,
288 993 60 32 till
382 996 51 30 ett
467 1005 90 21 mera
589 995 213 42 bärkraftigt
831 997 170 41 jordbrak
1027 998 84 32 eller
1133 999 52 31 för
1207 999 319 43 bostadslägenhets
1549 1011 65 21 om-

98 1042 168 43 läggning
298 1043 60 32 till
380 1044 360 43 jordbrukslägenhet.
786 1046 111 33 Bland
921 1048 40 31 de
985 1048 74 39 fall,
1082 1048 43 32 då
1144 1049 249 42 jordbrukslån
1416 1051 196 32 företrädes-

97 1093 55 32 vis
187 1094 58 32 bör
277 1094 158 43 beviljas,
466 1101 138 27 nämnes
627 1096 58 32 det
708 1096 64 33 fall
795 1102 54 28 att
872 1099 173 31 sökanden
1069 1100 135 42 åsyftar
1227 1103 55 29 att
1304 1101 164 32 förvärva
1491 1101 121 42 fastig-

98 1144 67 39 het,
201 1156 70 20 som
301 1145 110 42 enligt
433 1146 255 43 åborättslagen
712 1149 55 30 må
789 1159 42 21 av
858 1149 87 32 åbon
969 1150 137 32 inlösas.
1151 1150 18 32 I
1202 1151 101 42 fråga
1336 1163 53 21 om
1423 1154 102 30 ränta
1551 1152 60 32 och

98 1195 253 43 återbetalning
380 1197 54 31 får
456 1197 281 33 låneförmedlare
761 1209 69 21 som
853 1200 94 41 regel
970 1200 76 32 icke
1080 1212 43 20 av
1149 1202 387 42 egnahemslåntagarna
1557 1203 54 32 be-

97 1246 100 42 tinga
229 1245 55 43 sig
317 1246 107 33 andra
457 1247 128 32 villkor
608 1253 42 27 än
674 1249 74 31 dem
771 1260 71 21 som
864 1250 96 42 gälla
982 1252 13 31 i
1019 1251 100 42 fråga
1144 1263 52 21 om
1223 1252 57 32 det
1304 1252 305 33 låneförmedlaren

98 1297 177 32 tilldelade
299 1297 378 42 egnahemsstatslånet.
715 1299 108 33 Detta
848 1301 143 32 innebär
1018 1305 54 29 att
1093 1303 53 31 för
1179 1303 387 42 egnahemslåntagarna
1599 1305 12 30 i

97 1347 101 42 fråga
232 1359 51 21 om
318 1350 99 30 ränta
454 1349 60 31 och
541 1350 254 43 återbetalning
823 1351 98 32 skola
944 1352 96 42 gälla
1069 1354 6 30 i
1097 1353 180 32 huvudsak
1312 1365 129 21 samma
1464 1355 145 32 bestäm-

95 1397 130 40 melser,
249 1409 69 21 som
341 1418 41 4 —
405 1399 112 42 enligt
539 1400 66 32 vad
633 1412 85 20 ovan
742 1402 63 32 sid.
831 1404 37 30 19
885 1414 27 20 0.
931 1403 23 32 f.
979 1404 152 41 angivits
1153 1424 42 3 —
1217 1405 95 41 gälla
1334 1405 145 32 rörande
1501 1406 40 31 de
1557 1406 54 38 ?/1

97 1460 43 21 av
177 1449 286 43 köpeskillingen,
498 1461 70 21 som
602 1450 125 44 köpare
761 1463 43 21 av
837 1453 182 43 kronojord
1053 1454 74 32 icke
1151 1454 146 33 behöver
1331 1455 142 42 erlägga
1505 1456 105 31 redan

96 1499 59 32 vid
189 1499 108 43 köpet.
345 1500 218 33 Beträffande
596 1500 60 32 lån
690 1513 71 21 som
798 1503 147 42 beviljas
970 1506 51 30 för
1044 1505 209 42 uppförande
1285 1505 85 32 eller
1403 1506 129 32 inlösen
1566 1517 43 22 av

95 1550 198 43 byggnader
327 1550 20 31 å
373 1550 179 42 fastighet,
582 1562 70 21 som
686 1553 171 42 upplåtits
881 1554 111 41 enligt
1015 1555 263 42 åborättslagen,
1302 1555 64 33 har
1388 1556 84 32 dock
1494 1556 114 32 härut-

95 1606 79 27 över
197 1601 144 32 särskilt
363 1601 167 42 stadgats,

138 1654 51 28 att
211 1651 95 32 lånet
328 1651 93 32 skall
445 1652 174 32 betraktas
643 1654 111 31 såsom
777 1653 58 32 lån
859 1654 53 32 för
931 1655 365 43 jordbrukslägenhet;

138 1704 47 29 att
217 1701 97 33 lånet
341 1702 92 32 skall
456 1704 85 40 utgå
564 1703 74 32 med
662 1704 106 32 minst
790 1704 135 33 hälften
949 1706 60 32 och
1033 1706 99 42 högst
1154 1707 68 33 fem
1246 1708 200 43 sjättedelar
1469 1720 42 21 av
1534 1714 73 27 vär-

96 1751 59 33 det
177 1755 83 29 utav
283 1752 39 33 de
346 1752 86 33 åbon
456 1753 178 43 tillhöriga
658 1754 211 44 byggnader,
894 1767 70 21 som
988 1757 109 32 finnas
1120 1758 83 32 eller
1219 1764 57 27 äro
1293 1760 148 31 avsedda
1457 1762 52 30 att
1525 1772 82 31 upp-

94 1802 91 32 föras
209 1803 20 31 å
251 1803 220 42 lägenheten;

137 1856 49 28 att
219 1854 283 32 låneförmedlare
536 1856 54 31 må
623 1855 117 32 kunna
773 1856 190 33 förbehålla
989 1861 55 39 sig
1066 1861 71 30 rätt
1160 1862 52 29 att
1234 1866 155 37 uppsäga
1412 1861 195 41 egnahems-

94 1904 95 32 lånet
222 1904 58 31 till
314 1905 215 42 inbetalning
552 1906 20 30 å
595 1905 62 39 tid,
691 1917 71 21 som
788 1906 307 34 låneförmedlaren
1119 1910 211 39 bestämmer,
1354 1922 52 20 om
1430 1911 178 32 åborätten

94 1955 141 41 övergår
268 1954 59 31 till
360 1966 47 30 ny
441 1955 214 40 innehavare,
689 1957 119 31 varvid
842 1957 83 32 dock
961 1959 64 31 den
1052 1970 66 31 nye
1141 1960 231 33 innehavaren
1395 1962 12 30 i
1430 1961 93 32 vissa
1545 1962 64 32 fall

94 2005 54 30 må
183 2004 113 32 kunna
328 2005 175 41 medgivas
537 2008 164 39 övertaga
735 2007 359 42 betalningsansvaret
1125 2010 54 32 för
1201 2010 95 33 lånet
1318 2014 45 39 på
1385 2012 223 33 oförändrade

93 2054 140 40 villkor;

136 2108 48 28 att
218 2105 57 32 det
308 2106 133 41 åligger
474 2106 284 34 låneförmedlare
781 2111 52 29 att
856 2110 243 43 ofördröjligen
1122 2111 59 32 hos
1204 2112 248 43 länsstyrelsen
1475 2115 53 31 för
1550 2126 56 21 an-

92 2155 189 33 tecknande
315 2155 11 32 i
361 2157 264 32 åborättsboken
658 2164 83 36 göra
768 2160 159 31 anmälan
956 2172 52 21 om
1032 2161 139 33 fordran
1191 2162 60 32 hos
1274 2164 63 31 åbo
1360 2165 53 31 för
1435 2165 173 32 utlämnat

92 2206 241 41 egnahemslån
357 2208 37 30 så
417 2207 61 31 ock
503 2218 51 20 om
577 2208 133 31 lämnat
738 2210 224 42 medgivande
985 2222 53 21 om
1061 2212 249 43 överflyttning
1332 2225 43 20 av
1398 2215 208 42 betalnings-

92 2259 163 29 ansvaret
277 2258 53 30 för
352 2257 123 32 sådant
497 2257 57 31 lån
578 2259 19 30 å
620 2269 48 31 ny
692 2260 76 39 åbo;

136 2308 57 36 att,
219 2306 113 32 därest
366 2308 53 31 för
452 2307 280 34 låneförmedlare
765 2311 220 41 uppkommer
1013 2312 125 32 förlust
1160 2313 59 31 till
1242 2314 134 41 kapital
1400 2315 81 31 eller
1504 2318 102 29 ränta

92 2357 20 30 å
144 2356 57 31 till
236 2357 60 31 åbo
330 2357 255 41 vederbörligen
620 2359 176 31 utlämnat
823 2361 251 41 egnahemslån,
1097 2362 306 34 låneförmedlaren
1427 2364 90 32 skall
1540 2371 66 36 äga

92 2409 53 29 att
179 2407 86 31 efter
298 2407 115 32 därom
449 2408 58 32 hos
541 2408 129 42 Kungl.
695 2409 100 43 Maj:t
828 2411 101 42 gjord
961 2411 260 44 framställning
1253 2417 90 28 samt
1371 2415 105 31 under
1498 2414 106 33 förut-

93 2457 165 41 sättning,
290 2459 54 29 att
377 2458 304 32 låneförmedlaren
715 2459 93 42 gjort
842 2461 66 32 vad
942 2463 45 40 på
1021 2463 120 32 honom
1165 2464 157 41 skäligen
1344 2465 188 32 ankommit
1554 2466 52 32 för
