2222 2673
437 150 19 31 8
626 149 121 33 Första
771 150 222 33 Kammarens
1020 150 188 43 Tillfälliga
1237 150 139 34 Utskotts
1400 150 72 41 (N:o
1496 152 30 39 1)
1555 149 173 36 Utlåtande
1751 151 65 33 N:o
1842 155 27 28 4.

434 234 74 44 der,
550 245 80 26 som
667 234 12 35 i
715 234 44 36 de
787 234 114 37 flesta
928 235 67 36 fall
1023 235 238 37 uteslutande
1291 235 138 36 drabba
1456 234 376 49 landtbefolkningen.
1888 235 71 36 För
1988 235 44 36 de

435 292 102 33 stora
575 289 68 36 och
671 289 142 48 viktiga
840 293 231 45 transporter
1100 290 38 36 af
1167 290 99 36 olika
1295 290 91 47 slag,
1418 301 79 25 som
1527 289 133 37 endast
1687 290 129 36 kunna
1843 289 188 48 företagas

434 344 22 36 å
484 344 213 48 isvägarna,
729 347 42 33 är
797 344 251 37 förhållandet
1077 345 31 48 ej
1138 344 142 37 mindre
1308 345 323 48 bekymmersamt.

565 398 71 37 För
678 399 370 48 landtbefolkningen
1091 400 142 47 viktiga
1270 400 198 44 intressen,
1510 412 79 24 som
1616 400 76 36 förr
1721 404 92 32 utan
1843 400 190 47 svårighet

433 454 144 36 kunnat
615 453 225 48 tillgodoses,
881 454 116 37 hafva
1030 466 50 24 nu
1108 455 98 36 måst
1234 454 192 48 uppoffras
1456 455 69 35 och
1553 454 78 36 helt
1658 454 89 36 vika
1774 454 58 37 för
1861 454 171 48 sjöfarts-

434 509 184 36 intresset.
661 508 113 37 Detta
804 520 113 36 synes
948 521 61 25 oss
1038 521 93 24 vara
1160 513 54 32 ett
1241 509 336 45 missförhållande,
1610 520 79 25 som
1716 509 66 36 bör
1797 509 235 48 undanröjas.

568 563 132 36 Såsom
729 563 176 36 särskildt
933 564 12 35 i
974 564 142 47 ögonen
1144 564 165 36 fallande
1339 564 168 47 exempel
1535 564 48 47 på
1604 564 111 36 dessa
1734 563 298 37 missförhållan-

433 618 71 36 den
542 618 123 36 tillåta
702 618 37 35 vi
768 630 62 24 oss
858 618 200 36 framhålla
1086 618 335 48 sönderbrytandet
1449 618 39 36 af
1517 618 43 36 de
1592 619 166 47 urgamla
1786 618 246 37 förbindelse-

432 672 153 37 lederna
627 672 104 36 öfver
771 672 190 37 Bråviken
1000 673 68 36 och
1106 673 38 36 af
1183 673 369 47 öfverfartsvägarna
1589 673 21 35 å
1650 674 97 35 Göta
1785 673 53 36 älf
1868 677 98 32 samt
1994 673 39 36 af

433 726 373 45 kustbefolkningens
835 727 335 36 förbimdelseleder:
1190 727 84 36 med
1302 727 214 36 fastlandet.
1531 744 13 13 »

568 779 122 37 Sedan
733 780 123 37 denna
896 781 138 36 motion
1078 781 120 36 blifvit
1228 781 72 36 för
1345 780 268 38 förberedande
1651 780 224 48 behandling
1909 781 124 37 öfver-

435 835 149 36 lämnad
612 835 56 35 till
697 835 129 36 Andra
854 835 247 37 Kammarens
1129 836 117 47 fjärde
1275 836 186 47 tillfälliga
1489 836 154 43 utskott,
1675 835 68 35 har
1768 836 101 35 detta
1889 836 145 35 utskott

435 890 12 35 1
477 889 172 36 däröfver
678 889 155 48 afoifvet
861 890 194 36 utlåtande
1085 890 136 36 anfört:

574 944 82 36 »Ett
684 944 209 47 betydande
923 945 103 35 antal
1055 944 174 37 hemman
1258 944 108 37 söder
1395 956 58 24 om
1481 944 190 36 Bråviken
1700 946 63 34 äro
1792 943 58 37 för
1868 944 165 48 fyllande

437 999 39 35 af
514 998 66 36 sitt
617 998 111 36 behof
756 998 82 36 utaf
866 999 310 36 husbehofsvirke
1207 999 68 35 och
1303 998 223 36 vedbränsle
1555 998 206 36 hänvisade
1790 998 56 35 till
1875 998 158 36 allmän-

434 1053 257 47 ningsskogar,
721 1053 160 47 belägna
907 1065 87 24 norr
1022 1064 59 25 om
1110 1065 144 24 samma
1281 1053 72 35 vik.
1410 1052 254 48 'Transporten
1693 1052 39 36 af
1760 1052 111 36 dessa
1900 1052 132 47 skogs-

435 1107 200 48 produkter
676 1107 75 35 kan
789 1107 81 36 ieke
909 1111 90 32 utan
1027 1107 209 48 betydande
1265 1107 202 36 kostnader
1496 1107 68 35 och
1594 1106 230 48 svårigheter
1853 1109 71 45 äga
1952 1118 81 24 rum

437 1163 22 35 å
488 1173 126 24 annan
643 1161 63 45 tid,
737 1163 49 33 än
815 1161 46 36 då
889 1161 189 36 Bråviken
1108 1165 41 32 är
1177 1162 131 46 belagd
1336 1161 84 36 med
1448 1161 135 35 körbar
1610 1161 40 35 is.
1697 1161 57 35 Då
1784 1161 135 35 sådant
1937 1173 96 23 van-

435 1216 98 46 ligen
571 1217 88 45 äger
696 1227 81 23 rum
815 1216 225 36 åtminstone
1068 1216 117 35 under
1213 1215 122 47 någon
1365 1215 59 36 del
1453 1214 39 36 af
1519 1214 159 44 vintern,
1710 1215 68 35 har
1807 1215 61 35 det
1896 1214 137 36 förhål-

435 1269 138 45 landet,
618 1272 54 33 att
715 1269 222 37 hemmanen
975 1272 63 34 äro
1077 1281 132 36 genom
1248 1281 45 24 en
1331 1269 88 36 bred
1453 1268 150 37 hafsvik
1633 1269 121 36 skilda
1781 1268 85 36 från
1894 1268 139 47 ifråga-

437 1323 166 37 varande
633 1324 271 47 skogsmarker,
935 1324 12 35 i
976 1323 99 36 äldre
1102 1324 95 36 tider
1224 1324 82 35 icke
1336 1324 116 35 vållat
1480 1323 123 47 någon
1632 1323 175 36 afsevärd
1828 1322 205 48 olägenhet.

437 1377 265 37 Förhållandet
744 1378 67 35 har
849 1378 203 36 emellertid
1089 1378 122 35 blifvit
1249 1381 54 32 ett
1340 1381 127 41 annat,
1508 1377 116 36 sedan
1652 1388 155 24 numera
1835 1376 57 36 för
1919 1376 114 36 Norr-

438 1432 156 47 köpings
638 1431 102 37 stads
783 1432 157 47 räkning
982 1432 212 36 anskaffats
1234 1443 45 24 en
1317 1431 324 47 isbrytareångare
1679 1431 82 35 med
1798 1431 143 47 uppgift
1979 1434 56 32 att

436 1486 117 36 under
591 1485 148 36 vintern
777 1486 101 35 hålla
912 1487 248 45 segelrännan
1188 1486 12 35 i
1228 1485 188 36 Bråviken
1446 1486 127 46 öppen.
1629 1485 71 35 Till
1730 1484 237 48 afhjälpande
1997 1484 38 36 af

437 1540 290 47 olägenheterna
768 1540 234 35 beträffande
1040 1542 164 45 vägarna
1242 1539 105 36 öfver
1383 1539 188 36 Bråviken
1609 1539 68 35 har
1709 1539 48 46 på
1785 1538 249 36 landtbefolk-

437 1594 157 43 ningens
624 1593 207 37 bekostnad
862 1605 45 24 en
936 1593 149 37 flottbro
1115 1593 122 36 blifvit
1257 1593 203 48 anbringad
1480 1593 105 36 öfver
1605 1593 259 46 segelrännan,
1881 1592 154 36 hvilken

438 1649 62 35 bro
543 1648 82 35 med
664 1648 169 47 vindspel
871 1648 213 47 uppdragits
1121 1648 48 47 på
1206 1648 93 44 isen,
1341 1648 46 34 då
1415 1647 124 48 fartyg
1568 1648 122 35 skolat
1719 1658 155 36 passera
1903 1657 133 36 genom

437 1705 153 33 rännan.
645 1702 99 47 Fyra
772 1702 143 35 sådana
942 1703 109 34 broar
1078 1702 117 35 hafva
1224 1701 203 36 emellertid
1457 1705 145 32 ansetts
1631 1701 134 46 nödiga
1792 1700 57 36 för
1878 1704 56 32 att
1959 1700 75 35 till-

439 1756 135 48 sodose
616 1756 177 36 behofvet
830 1756 38 36 af
905 1755 239 48 vintervägar
1182 1756 104 36 öfver
1323 1756 93 44 isen,
1446 1767 86 25 men
1561 1754 267 37 anskaffandet
1857 1754 38 36 af
1924 1754 112 36 dessa

441 1811 107 35 broar
586 1810 68 35 och
692 1810 70 35 den
801 1810 82 35 med
913 1810 108 36 deras
1051 1810 247 36 användande
1326 1810 177 35 förenade
1533 1809 307 46 vakthållningen
1869 1808 167 36 medföra

439 1864 30 47 ej
501 1864 233 46 oväsentliga
761 1864 213 44 kostnader,
1005 1864 56 35 till
1089 1864 147 36 hvilkas
1265 1863 234 37 bestridande
1520 1863 267 36 landtmännen
1808 1862 93 47 gjort
1919 1862 117 36 fram-

439 1918 176 44 ställning
657 1922 56 31 att
755 1918 38 35 af
833 1918 251 47 Norrköpings
1128 1918 83 36 stad
1254 1918 141 35 erhålla
1437 1921 54 32 ett
1529 1918 107 46 årligt
1675 1917 129 47 belopp
1843 1916 38 35 af
1919 1915 115 46 2,000

437 1973 147 43 kronor,
624 1972 152 35 hvilken
813 1972 274 47 framställning
1125 1972 203 35 omellertid
1367 1972 132 36 endast
1528 1971 11 35 i
1569 1972 42 35 så
1639 1971 116 35 måtto
1784 1970 165 45 bifallits,
1982 1974 55 31 att

439 2026 133 36 staden
613 2025 179 36 förklarat
835 2026 55 44 sig
931 2026 102 43 villig
1074 2029 55 32 att
1166 2026 76 35 tills
1280 2026 126 36 vidare
1444 2026 58 35 för
1540 2025 214 35 ändamålet
1786 2024 144 47 utgifva
1960 2023 75 36 540

440 2080 153 50 kronor
605 2079 148 47 årligen.

573 2133 123 36 Afven
725 2133 99 36 inom
853 2134 233 35 Stockholms
1116 2134 178 44 skärgård
1322 2133 230 36 förekomma
1580 2132 175 36 liknande
1786 2132 248 46 olägenheter,

440 2187 128 36 hvilka
609 2187 186 36 föranledt
832 2188 185 44 klagomål
1054 2187 82 36 från
1176 2187 242 42 strandägare
1457 2187 68 35 och
1554 2186 119 36 öboar.
1731 2185 162 36 Sålunda
1922 2185 116 35 hafva

440 2242 61 35 vid
530 2241 210 47 upprepade
769 2241 173 36 tillfällen
970 2242 52 35 till
1055 2241 133 47 Kungl.
1218 2240 103 47 Maj:t
1348 2240 166 48 ingifvits
1548 2240 253 47 underdåniga
1833 2239 204 36 framställ-

440 2296 132 46 ningar
614 2295 38 36 af
695 2295 302 36 socknemännen
1037 2296 11 34 i
1085 2295 172 44 Vermdö,
1296 2295 104 35 Blidö
1439 2295 68 35 och
1535 2294 168 47 Ljusterö
1731 2294 219 35 kommuner
1979 2305 59 23 om
