2208 2638
212 1641 135 24 Utskottets

213 1678 128 29 yttrande.

451 208 63 32 280
898 206 252 34 Statsutskottets
1180 205 167 33 Utlåtande
1365 204 64 33 N:o
1452 207 49 29 10.

1456 287 194 44 transport
1677 281 139 37 kronor
1845 283 141 46 90,750

900 389 214 35 Biblioteket
1142 388 64 35 och
1233 388 269 44 samlingarna:

406 475 160 46 Böcker,
595 474 130 36 kartor
754 474 69 37 och
852 474 210 48 samlingar
1109 503 156 6 -..sscoee-e--
1354 503 39 5 ee
1600 502 50 4 AS
1876 471 111 46 2,200

979 587 112 35 Kart-
1120 587 65 35 och
1214 586 220 45 boktrycket:

405 663 223 49 Tryckning
657 664 40 35 af
720 664 142 47 kartor,
892 663 286 49 beskrifningar
1207 662 69 37 och
1303 667 204 44 uppsatser.
1713 689 21 19 -
1847 661 138 46 12,500

1021 777 153 35 Diverse
1204 776 171 45 utgifter:

403 844 150 47 Värme,
582 844 94 48 lyse,
706 844 245 49 renhållning
980 858 46 22 m.
1056 858 48 22 m.
1139 876 15 4 .
1488 874 50 4 SE
1712 870 22 17 -
1871 842 113 46 2,350

1469 903 154 37 Summa
1651 903 139 35 kronor
1821 903 163 46 107,800

531 1007 133 36 Denna
693 1007 382 49 förslagsberäkning
1103 1007 256 48 öfverskjuter
1387 1006 85 36 med
1490 1007 136 45 11,300
1646 1005 142 36 kronor
1807 1004 86 47 den,
1915 1017 82 24 som

401 1059 60 36 för
489 1059 102 36 detta
619 1062 42 33 år
688 1059 204 36 framlades
921 1059 60 36 för
1010 1060 97 35 1906
1136 1061 62 33 års
1225 1057 184 49 Riksdag,
1438 1069 87 24 men
1553 1056 135 37 därvid
1716 1060 41 32 är
1777 1061 56 31 att
1851 1056 145 47 märka,

401 1115 68 42 att,
498 1113 120 34 såsom
649 1110 135 37 chefen
808 1111 60 35 för
886 1110 339 48 undersökningen
1244 1108 218 48 framhållit,
1483 1121 45 23 en
1548 1108 60 36 del
1628 1108 41 36 af
1682 1108 315 49 tjänstemännen

400 1162 124 48 enligt
556 1162 139 36 hittills
727 1162 179 48 gällande
941 1162 169 48 grunder
1137 1161 101 36 varit
1264 1160 240 49 berättigade
1530 1160 59 36 till
1616 1159 301 50 dyrtidstillägg,
1949 1172 48 24 en

398 1214 163 45 förmån,
589 1226 94 35 som,
711 1213 65 36 vid
804 1213 106 36 bifall
937 1213 59 36 till
1020 1213 100 36 hvad
1144 1214 72 48 jag
1243 1226 51 22 nu
1313 1211 213 48 föreslagit,
1546 1211 205 49 tydligtvis
1766 1211 83 36 icke
1864 1211 133 36 vidare

398 1265 71 36 bör
497 1265 167 48 åtnjutas
691 1265 86 36 från
805 1265 72 36 och
905 1265 86 37 med
1018 1265 199 49 ingången
1246 1264 41 37 af
1312 1266 41 34 år
1384 1265 109 35 1908.

527 1316 73 36 Till
628 1316 234 37 betäckande
893 1316 42 37 af
959 1316 46 37 de
1033 1315 216 38 beräknade
1277 1315 257 37 kostnaderna
1562 1327 111 24 anser
1702 1315 138 36 chefen
1865 1315 130 35 kunna

400 1377 160 40 antagas
601 1368 134 49 inflyta
775 1373 56 32 ett
859 1368 138 49 belopp
1027 1368 41 36 af
1094 1369 74 36 500
1196 1368 142 35 kronor
1365 1380 140 36 genom
1534 1366 230 49 försäljning
1791 1366 42 36 af
1856 1366 139 36 under-

399 1420 236 48 sökningens
663 1420 291 49 publikationer.
1010 1420 75 37 Det
1111 1418 293 50 utgiftsbelopp,
1434 1432 80 23 som
1544 1418 64 36 det
1635 1417 87 37 med
1745 1417 249 49 iakttagande

398 1471 114 37 häraf
552 1471 122 37 skulle
721 1474 140 34 återstå
908 1477 55 31 att
1008 1472 111 36 täcka
1165 1470 161 37 medelst
1367 1470 146 48 anslag,
1554 1472 151 47 uppgår
1745 1469 145 36 således
1936 1468 60 36 till

403 1525 162 45 107,300
593 1523 178 37 kronor.»

523 1626 113 36 Emot
676 1625 100 37 hvad
817 1626 143 48 Kungl.
1004 1626 108 49 Maj:t
1141 1626 12 35 i
1180 1626 250 36 förevarande
1472 1625 178 37 afseende
1691 1625 200 48 föreslagit
1927 1624 68 36 har

401 1677 189 36 utskottet
617 1677 83 36 icke
728 1677 83 36 haft
839 1683 114 31 annat
983 1682 56 31 att
1066 1678 125 36 erinra
1215 1682 59 42 än,
1296 1682 55 32 att
1370 1677 74 36 den
1464 1677 192 48 tillfälliga
1673 1676 323 48 löneförbättring

401 1731 21 33 å
452 1731 112 45 1,000
591 1729 153 46 kronor,
774 1742 80 23 som
882 1729 123 49 enligt
1032 1729 141 49 Kungl.
1203 1729 124 49 Maj:ts
1347 1729 147 48 förslag
1512 1728 121 36 skulle
1653 1728 156 37 beredas
1829 1728 45 36 de
1894 1727 100 37 elfva

399 1781 308 48 tjänstemännen
748 1780 62 36 vid
852 1781 179 48 Sveriges
1072 1781 225 48 geologiska
1337 1780 299 48 undersökning,
1666 1793 114 35 synes
1808 1779 93 37 böra
1928 1779 66 36 be-

397 1832 188 37 träffande
611 1832 181 49 beloppet
818 1832 12 36 i
857 1835 131 45 någon
1016 1835 88 33 mån
1128 1832 162 49 jämkas.
1346 1832 138 36 Därest
1507 1831 63 37 vid
1590 1831 172 37 definitiv
1781 1831 212 49 löneregle-

397 1884 90 48 ring
526 1883 352 50 begynnelselönen
911 1884 59 36 för
997 1884 109 36 dessa
1134 1885 231 48 tjänstemän
1393 1884 12 35 i
1435 1883 172 49 enlighet
1635 1883 86 36 med
1750 1883 154 37 chefens
1932 1883 62 36 för

396 1936 338 49 undersökningen
766 1936 145 48 förslag
940 1936 119 36 skulle
1086 1935 152 37 komma
1267 1941 55 31 att
1349 1935 231 37 bestämmas
1608 1934 58 37 till
1693 1936 114 47 4,000
1836 1935 154 40 kronor,

396 1987 86 37 med
524 1988 136 48 afdrag
702 1987 40 36 af
782 1988 71 36 100
887 1988 142 36 kronor
1057 1990 124 34 såsom
1210 1987 182 49 vederlag
1420 1987 59 37 för
1507 1986 334 50 pensioneringen,
1871 1986 121 37 skulle

395 2039 196 49 nämligen
620 2039 124 37 denna
770 2040 64 35 lön
862 2039 154 37 komma
1044 2044 55 32 att
1127 2039 86 36 med
1241 2039 236 37 sistnämnda
1504 2038 136 49 belopp
1669 2038 221 48 understiga
1913 2037 75 36 den

395 2103 52 23 nu
475 2091 217 49 föreslagna
720 2090 192 49 tillfälliga
940 2091 383 49 löneförbättringen,
1349 2090 158 37 hvilken
1525 2090 188 37 utskottet
1731 2090 128 36 därför
1879 2100 112 24 anser

395 2140 92 37 böra
513 2143 59 36 för
598 2142 96 36 hvar
721 2142 71 37 och
820 2155 48 24 en
897 2142 40 36 af
962 2143 110 36 dessa
1098 2143 232 49 tjänstemän
1357 2145 94 46 utgå
1478 2142 86 36 med
1593 2142 73 36 900
1694 2142 150 36 kronor.
1885 2139 102 37 Sam-

395 2193 203 49 manlagda
625 2194 180 49 beloppet
832 2194 44 37 af
899 2194 47 37 de
974 2193 193 50 tillfälliga
1194 2194 418 49 löneförbättringarna
1640 2193 120 36 skulle
1783 2193 13 35 i
1815 2191 175 48 enlighet

394 2243 158 38 härmed
579 2245 167 37 minskas
775 2246 85 36 med
892 2247 111 46 1,100
1031 2245 141 37 kronor
1199 2245 57 37 till
1287 2247 136 46 10,250
1451 2246 141 36 kronor
1620 2244 70 37 och
1710 2244 172 47 anslaget
1900 2243 12 35 i
1933 2242 58 36 sin

393 2294 128 37 helhet
549 2297 194 36 nedsättas
771 2297 56 36 till
859 2299 164 45 106,200
1052 2296 152 37 kronor.
