2208 2638
405 212 68 31 266
857 208 254 33 Statsutskottets
1142 205 169 33 Utlåtande
1334 202 62 32 N:o
1419 204 48 31 10.

364 291 153 35 komme
546 294 55 32 att
628 291 49 46 på
705 286 161 38 särskild
895 287 133 35 därom
1056 285 114 49 gjord
1199 282 286 47 framställning
1512 281 141 37 honom
1682 281 41 35 af
1748 280 222 49 Riksdagen

364 341 173 49 beviljas,
579 340 99 37 dock
720 343 55 32 att
811 338 64 36 vid
903 337 386 50 pensionsbeloppets
1316 333 286 38 bestämmande
1630 332 118 37 borde
1777 332 151 37 komma
1958 334 11 34 i

364 393 264 46 betraktande,
655 396 54 31 att
736 390 85 37 med
850 389 270 48 befattningen
1147 388 85 36 icke
1261 386 99 36 varit
1387 385 159 36 förenad
1575 384 223 49 skyldighet
1827 389 55 31 att
1910 385 60 35 för

364 445 226 46 beredande,
620 443 41 36 af
698 442 162 50 pension
902 442 160 47 erlägga
1096 439 124 49 afgift.
1276 437 160 38 Jämlikt
1463 437 126 36 beslut
1617 436 74 37 den
1720 437 21 34 5
1771 436 198 36 december

367 499 97 34 1902
511 496 92 36 fann
649 494 143 48 Kungl.
839 493 110 48 Maj:t
990 491 155 38 chefens
1186 491 61 36 för
1288 488 342 48 undersökningen
1672 487 297 48 ifrågavarande

364 547 288 47 framställning
678 546 84 36 icke
790 545 59 36 till
877 547 130 46 någon
1036 543 130 36 vidare
1195 542 137 48 åtgärd
1360 540 207 37 föranleda.

495 598 194 37 Särskilda
730 597 121 36 under
892 600 93 33 åren
1030 597 97 35 1882
1170 594 72 37 och
1286 594 95 35 1887
1426 592 42 36 af
1505 591 173 37 bemälde
1716 591 89 36 chef
1829 591 140 48 gjorda

363 650 329 48 framställningar
712 662 60 23 om
792 648 241 48 delaktighet
1051 647 12 36 i
1083 646 239 37 civilstatens
1340 643 399 51 pensionsinrättning
1757 642 60 36 för
1832 642 138 37 chefen

365 703 70 37 och
476 703 308 48 tjänstemännen
828 700 67 36 vid
935 698 341 47 undersökningen
1310 696 115 36 hafva
1448 695 146 49 jämväl
1624 695 40 35 af
1688 694 142 49 Kungl.
1860 694 110 47 Maj:t

365 755 205 37 förklarats
598 753 84 36 icke
710 753 128 35 kunna
867 750 196 38 föranleda
1090 750 58 36 till
1176 753 129 44 någon
1333 747 147 49 åtgärd.

495 857 17 36 I
554 857 109 48 fråga
705 869 60 23 om
807 868 49 22 nu
899 853 60 37 till
999 854 142 48 Kungl.
1186 853 127 48 Maj:ts
1345 851 185 49 pröfning
1557 849 267 48 föreliggande
1854 848 114 36 fram-

366 909 227 48 ställningar
634 921 62 23 om
735 906 236 48 förbättring
1008 905 43 37 af
1074 905 46 37 de
1149 905 60 36 för
1237 902 228 50 geologiska
1493 901 360 47 undersökningens
1881 913 87 35 per-

365 962 108 36 sonal
515 959 177 50 gällande
735 956 482 50 aflöningsförhållandena
1258 956 68 35 har
1363 955 73 48 jag
1469 959 55 31 att
1550 953 98 36 först
1677 952 149 36 anmäla
1854 964 47 23 en
1932 952 41 35 af

364 1012 360 48 undersökningens
764 1010 88 36 chef
890 1009 74 37 den
1007 1010 46 34 29
1096 1008 75 49 maj
1218 1008 110 45 1902,
1371 1006 86 36 med
1492 1003 273 38 föranledande
1799 1003 40 36 af
1864 1003 104 36 det
1944 999 25 65 i

366 1064 277 47 sammanhang
671 1062 86 37 med
784 1061 236 36 tillsättande
1051 1060 40 36 af
1115 1060 73 36 den
1217 1072 28 23 s.
1276 1058 36 36 k.
1342 1055 535 50 löneregleringskommittén
1907 1065 59 26 ut-

364 1116 156 37 färdade
562 1115 142 47 nådiga
745 1112 205 38 cirkuläret
980 1112 41 36 af
1045 1111 73 36 den
1147 1112 48 35 25
1225 1109 159 37 oktober
1415 1110 111 45 1901,
1555 1107 174 48 ingifven
1757 1106 211 48 utredning

365 1167 234 38 beträffande
639 1165 183 37 behofvet
862 1164 41 36 af
937 1163 143 36 ändrad
1107 1163 166 35 lönestat
1300 1161 60 36 för
1386 1159 295 49 ifrågavarande
1709 1158 256 37 ämbetsverk.

364 1220 18 36 I
410 1220 126 36 denna
565 1216 285 48 framställning
878 1215 144 36 erinrar
1049 1213 174 38 bemälde
1251 1212 98 47 chef,
1379 1212 181 35 hurusom
1589 1210 56 36 uti
1672 1210 143 48 Kungl.
1838 1210 129 48 Maj:ts

364 1271 58 36 till
466 1271 97 36 1875
606 1272 58 33 års
706 1268 158 47 riksdag
906 1267 142 36 aflåtna
1088 1265 142 48 nådiga
1270 1263 249 50 proposition,
1552 1265 49 46 på
1629 1261 156 37 hvilken
1813 1261 74 37 den
1916 1275 51 22 nu

365 1323 178 48 gällande
589 1322 213 35 lönestaten
853 1319 60 36 för
958 1317 359 48 undersökningens
1363 1315 179 50 personal
1586 1314 12 35 i
1646 1313 67 36 allt
1757 1313 209 49 väsentligt

365 1375 180 48 grundas,
587 1372 242 46 frambållits,
866 1376 56 31 att
950 1370 70 36 hos
1047 1370 310 48 tjänstemännen
1384 1367 66 36 vid
1477 1365 340 48 undersökningen
1846 1368 120 33 måste

363 1427 150 36 fordras
556 1438 47 24 en
635 1423 269 49 vetenskaplig
933 1421 248 49 ståndpunkt,
1211 1420 85 36 fullt
1318 1418 200 50 jämförlig
1546 1417 87 37 med
1662 1417 86 47 den,
1777 1430 81 23 som
1886 1417 79 36 lek-

364 1485 155 30 torerna
560 1477 62 36 vid
661 1476 118 36 rikets
808 1473 385 38 elementarläroverk
1220 1472 13 35 i
1262 1471 207 37 allmänhet
1496 1469 201 46 innehade,
1728 1473 56 31 att
1811 1467 155 37 anställ-

364 1531 98 47 ning
503 1532 125 34 såsom
669 1528 233 48 tjänsteman
943 1525 66 36 vid
1050 1523 339 48 undersökningen
1429 1522 85 36 icke
1541 1521 13 35 i
1582 1520 210 37 allmänhet
1819 1532 147 23 vunnes

363 1582 165 48 tidigare
569 1586 48 31 än
658 1579 202 37 befordran
903 1577 59 37 till
990 1577 123 36 lektor
1141 1576 72 36 och
1242 1580 56 32 att
1324 1573 315 50 tjänstgöringen
1666 1572 64 36 vid
1758 1571 207 36 undersök-

365 1634 147 48 ningen
540 1635 120 34 måste
689 1644 110 23 anses
826 1629 97 37 både
952 1634 178 43 trägnare
1159 1627 72 37 och
1258 1639 104 24 mera
1390 1624 348 38 hälsoförstörande
1767 1628 47 31 än
1841 1623 123 36 lekto-

364 1699 144 34 rernas,
530 1689 97 32 samt
645 1684 182 35 hurusom
847 1684 48 47 på
915 1681 112 36 dessa
1047 1680 82 36 skäl
1148 1678 231 48 föreslagits,
1401 1682 56 31 att
1472 1677 120 36 första
1613 1676 166 47 gradens
1795 1675 170 47 afföning

364 1737 123 37 skulle
516 1737 229 36 bestämmas
773 1734 58 36 till
860 1734 114 46 2,500
1002 1733 152 45 kronor,
1184 1734 41 33 så
1254 1735 56 31 att
1323 1730 330 48 tjänstemännens
1672 1727 65 36 vid
1756 1726 208 37 undersök-

365 1789 146 48 ningen
540 1785 329 50 aflöningsvillkor
897 1785 127 36 blefve
1051 1783 79 37 lika
1154 1783 87 36 med
1260 1782 238 36 lektorernas
1517 1779 64 36 vid
1601 1779 119 36 rikets
1740 1779 223 36 elementar-

363 1841 188 36 läroverk.
607 1838 149 38 Genom
784 1837 241 47 Riksdagens
1053 1834 282 50 godkännande
1364 1833 41 36 af
1429 1833 103 35 detta
1559 1831 156 48 förslag,
1745 1830 220 36 framhåller

365 1892 135 37 chefen
542 1891 142 46 vidare,
725 1889 97 37 hade
849 1887 361 48 undersökningens
1238 1886 233 48 tjänstemän
1498 1882 129 38 blifvit
1653 1882 96 36 både
1777 1882 12 36 i
1816 1881 147 50 princip

365 1944 71 37 och
464 1943 152 38 realitet
643 1941 194 37 likställda
865 1940 89 36 med
982 1939 168 36 lektorer
1177 1938 13 35 i
1217 1938 111 47 fråga
1357 1949 60 23 om
1445 1935 293 37 löneförmåner.
1794 1934 84 36 Den
1906 1943 58 26 så-

364 1996 116 36 lunda
522 1993 203 50 godkända
765 1992 201 50 principen
999 2003 61 23 om
1089 1990 331 49 tjänstemännens
1448 1986 256 48 likställighet
1730 1985 85 36 med
1843 1985 121 36 lekto-

364 2060 125 34 rerna,
530 2046 157 37 hvilken
718 2044 147 49 princip
895 2042 156 50 gjordes
1079 2041 178 49 gällande
1282 2039 146 50 jämväl
1455 2038 64 36 vid
1551 2039 97 35 1900
1678 2040 60 33 års
1766 2037 198 48 reglering

365 2099 40 35 af
443 2099 46 36 de
516 2099 108 48 lägre
652 2096 278 48 lönegraderna
959 2097 21 33 å
1007 2093 356 47 undersökningens
1391 2095 88 42 stat,
1508 2089 117 37 borde
1653 2088 119 37 blifva
1798 2088 164 37 bestäm-

363 2151 137 36 mande
542 2150 112 37 äfven
696 2148 65 36 vid
803 2147 74 37 den
913 2160 52 22 nu
993 2144 226 49 ifrågasatta
1246 2142 345 49 löneregleringen.
1647 2139 242 38 Beträffande
1917 2137 46 36 de

363 2201 287 37 vaktmästarna
690 2199 65 37 vid
790 2197 268 38 institutionen
1098 2195 290 38 tillkommande
1421 2193 231 48 lönebelopp
1681 2192 118 36 funne
1828 2189 136 37 chefen

365 2252 86 37 dem
492 2252 206 48 onekligen
739 2264 91 23 vara
870 2249 123 37 under
1020 2247 220 37 nuvarande
1267 2245 266 38 förhållanden
1562 2244 129 36 alltför
1719 2244 146 47 knappt
1892 2240 71 37 till-

364 2308 120 32 mätta
521 2304 69 36 och
618 2304 93 35 böra
739 2303 108 48 höjas
876 2301 86 37 med
990 2299 214 49 respektive
1236 2300 46 35 20
1312 2298 70 37 och
1412 2299 47 35 25
1488 2301 170 44 procent.
1716 2293 131 38 Under
1876 2292 86 37 åbe-
