2210 2644
715 211 250 32 Statsutskottets
996 211 169 33 Utlåtande
1187 213 62 30 N:o
1274 214 50 31 10.
1720 215 62 31 257

226 293 274 43 vattenrätten,
529 288 326 51 hufvudreglerna
883 290 59 36 för
969 290 179 37 fullmakt
1172 292 88 36 med
1284 304 112 24 mera.
1442 292 74 36 Till
1536 292 81 46 sist,
1638 306 88 23 men
1744 293 83 37 icke

227 340 116 37 minst
384 354 90 23 vore
516 340 65 37 det
609 341 41 36 af
674 346 80 32 stor
780 342 96 47 vikt,
906 347 55 31 att
988 342 425 38 landtmäterieleverna
1441 343 117 49 flitigt
1586 344 156 37 öfvades
1772 351 55 31 att

228 392 127 49 redigt
383 393 70 36 och
480 392 246 50 fullständigt
754 394 157 36 författa
939 394 191 49 protokoll
1159 395 71 36 och
1251 395 222 37 utlåtanden
1493 396 162 36 rörande
1675 396 151 37 skiftes-

228 444 69 37 och
326 445 118 36 andra
471 445 538 49 landtmäteriförrättningar.

356 497 112 36 Hvad
497 497 172 48 anginge
698 497 135 49 frågan
861 510 60 24 om
949 497 183 50 beloppet
1160 499 40 35 af
1224 498 64 37 det
1308 499 145 49 anslag,
1474 500 190 48 styrelsen
1685 503 141 46 ansåge

228 548 60 48 sig
328 548 165 37 behöfva
521 549 60 36 för
610 554 55 30 att
693 549 12 35 i
733 550 399 36 öfverensstämmelse
1160 551 87 36 med
1276 551 240 36 förestående
1544 551 284 50 framställning

226 599 162 50 utvidga
429 600 328 48 undervisningen
803 602 59 35 för
901 601 432 49 landtmäterieleverna,
1362 602 121 37 tilläte
1512 603 60 48 sig
1601 604 187 48 styrelsen
1816 604 12 36 i

228 651 309 49 underdånighet
566 652 133 36 anföra
727 652 178 49 följande.

357 704 56 36 De
454 717 128 35 pensa,
626 705 188 47 styrelsen
855 705 112 36 tänkt
1008 705 61 48 sig
1097 705 91 37 böra
1215 705 92 50 ingå
1334 706 13 36 1
1375 707 73 35 den
1477 706 200 50 egentliga
1704 708 123 36 landt-

227 756 310 47 mäteriexamen,
555 756 118 36 sedan
688 769 46 23 en
749 756 287 37 kulturteknisk
1052 757 92 36 kurs
1159 758 60 36 för
1233 758 373 37 landtmäterielever
1622 760 205 36 anordnats

226 807 66 36 vid
333 807 156 47 Ultuna,
533 811 143 45 ansåge
718 807 184 49 styrelsen
944 809 104 46 böra,
1090 810 87 35 med
1219 809 74 37 den
1329 810 296 49 bildningsgrad
1653 812 175 36 eleverna

227 872 159 23 numera
428 859 108 48 ägde,
580 860 125 35 kunna
749 863 214 46 genomgås
1004 864 46 45 på
1093 862 163 47 ungefär
1291 867 54 31 ett
1373 864 41 34 år
1442 863 93 35 eller
1563 865 122 46 något
1712 876 113 23 mera.

227 911 53 35 Af
317 911 123 36 denna
480 911 53 35 tid
577 911 118 36 borde
737 912 179 48 omkring
953 915 77 33 åtta
1058 913 181 36 månader
1267 918 188 45 upptagas
1485 914 41 36 af
1550 915 279 49 föreläsningar

227 963 71 36 och
331 962 178 49 öfningar
546 966 20 32 å
595 963 256 37 lärorummen
880 969 98 31 samt
1006 965 241 37 återstående
1276 965 104 37 tiden
1408 966 194 36 användas
1630 966 58 36 till
1715 966 113 49 prak-

228 1014 100 36 tiska
370 1015 177 48 öfningar
587 1018 50 46 på
677 1014 117 37 fältet.
851 1015 130 37 Under
1009 1016 365 50 föreläsningstiden
1402 1017 118 37 borde
1548 1018 281 49 föreläsningar

227 1066 91 37 eller
360 1066 180 49 öfningar
581 1066 118 37 hållas
726 1067 12 35 i
766 1067 134 49 hvarje
928 1072 261 45 ämnesgrupp
1218 1070 12 35 i
1258 1070 106 47 regel
1393 1069 72 37 alla
1492 1069 121 49 dagar
1640 1070 118 37 minst
1781 1083 47 23 en

226 1119 144 46 timme,
400 1118 69 36 och
497 1118 120 36 under
644 1119 399 37 sommarmånaderna
1063 1120 117 37 borde
1200 1121 177 36 eleverna
1396 1122 86 36 hela
1501 1121 170 49 dagarna
1691 1122 137 49 syssel-

228 1174 119 32 sättas
375 1170 86 36 med
489 1170 222 48 mätningar
739 1171 69 35 och
837 1171 118 36 andra
985 1172 262 49 fältöfningar.

357 1222 167 35 Lärarna
553 1222 12 35 i
593 1234 69 24 ren
689 1223 221 36 matematik
940 1223 69 36 och
1038 1224 12 35 i
1079 1224 429 50 författningskunskap
1538 1225 122 36 skulle
1682 1226 146 36 således

227 1274 120 35 blifva
389 1274 220 47 sysselsatta
651 1273 178 49 omkring
870 1277 78 33 åtta
988 1275 183 36 månader
1212 1276 81 36 dels
1334 1276 85 37 med
1447 1277 283 48 föreläsningar
1758 1278 71 36 och

227 1325 180 48 öfningar
449 1328 18 32 å
503 1325 256 36 läirorummen
795 1325 69 36 och
897 1326 81 36 dels
1006 1327 87 36 med
1121 1328 172 36 rättande
1322 1328 12 35 i
1361 1328 174 36 hemmen
1566 1329 42 35 af
1632 1328 197 37 elevernas

228 1376 192 49 skriftliga
461 1382 211 43 nppsatser.
728 1377 167 37 Läraren
937 1377 11 36 i
990 1391 67 24 ren
1096 1379 221 36 matematik
1346 1379 117 36 borde
1492 1384 74 44 äga
1594 1379 73 37 den
1696 1385 131 32 veten-

227 1428 174 49 skapliga
441 1428 234 49 utbildning,
712 1433 55 31 att
795 1429 76 36 han
901 1429 126 37 kunde
1052 1430 173 37 meddela
1254 1430 278 50 undervisning
1560 1432 12 35 i
1601 1431 75 37 den
1704 1432 61 36 del
1793 1431 40 37 af

226 1480 73 36 den
344 1480 120 48 högre
504 1480 283 48 matematiken,
818 1494 80 23 som
927 1494 90 24 vore
1047 1482 322 49 grundläggande
1398 1483 59 36 för
1485 1483 219 49 mätningar
1732 1484 97 36 efter

228 1531 554 49 triangelmätningsmetoden.
827 1532 78 37 Öch
934 1533 151 37 läraren
1114 1534 12 35 i
1154 1534 427 49 författningskunskap
1603 1535 117 37 borde
1738 1549 91 23 vara

224 1583 186 48 Juridiskt
438 1583 128 37 bildad
595 1584 71 36 och
690 1584 113 36 hafva
822 1585 199 36 förskaffat
1041 1586 61 48 sig
1122 1586 318 49 specialkunskap
1459 1587 56 36 uti
1535 1587 293 48 ifrågavarande

229 1635 61 36 del
332 1635 41 36 af
410 1636 72 35 den
510 1636 164 48 positiva
704 1641 138 32 rätten.
898 1638 68 34 Att
991 1637 143 36 erhålla
1161 1638 120 36 lärare
1309 1639 12 34 i
1349 1638 109 36 dessa
1485 1641 65 33 två
1578 1643 137 32 ämnen
1742 1639 86 36 med

228 1686 131 48 dylika
400 1687 303 36 kvalifikationer
744 1688 71 36 och
857 1688 86 36 med
985 1689 102 36 förut
1130 1689 169 48 antydda
1344 1689 264 49 skyldigheter
1637 1690 58 36 för
1722 1690 107 48 lägre

229 1738 155 35 arfvode
413 1743 48 30 än
492 1740 112 44 2,000
634 1738 141 36 kronor
802 1739 58 35 till
887 1739 199 47 hvardera,
1117 1745 130 44 syntes
1276 1740 231 49 näppeligen
1534 1740 130 36 kunna
1688 1741 141 48 ifråga-

228 1794 129 31 sättas.

360 1841 163 36 Läraren
552 1841 12 35 i
592 1842 107 47 lägre
728 1842 156 48 geodesi
913 1843 69 35 och
1012 1842 87 37 dess
1123 1844 197 47 praktiska
1338 1844 244 48 tillämpning
1602 1844 117 36 borde
1739 1858 90 23 vara

228 1906 47 22 en
304 1892 97 36 både
428 1893 205 36 teoretiskt
661 1893 70 36 och
759 1894 193 48 praktiskt
976 1894 166 49 skicklig
1170 1895 262 36 landtmätare.
1480 1895 86 36 Han
1595 1896 120 36 skulle
1744 1897 85 35 hela

228 1944 118 46 tiden,
376 1944 218 37 hvarunder
622 1945 226 37 elevkursen
876 1946 151 40 komme
1057 1952 55 30 att
1139 1949 112 46 pågå,
1273 1947 119 36 blifva
1412 1948 198 48 sysselsatt
1630 1947 83 36 med
1729 1948 100 36 före-

228 1994 206 49 läsningar,
477 1996 195 48 praktiska
714 1997 179 48 öfningar
934 1998 71 36 och
1041 1998 174 36 rättande
1245 1999 40 35 af
1310 1999 194 48 skriftliga
1531 2004 200 43 uppsatser
1760 2000 70 35 och

228 2047 263 47 uträkningar.
549 2048 56 35 Då
647 2048 71 35 han
762 2049 110 35 alltså
914 2049 120 36 skulle
1063 2049 120 36 blifva
1211 2055 197 43 upptagen
1437 2051 41 35 af
1503 2050 326 48 undervisningen

229 2098 86 37 hela
343 2101 80 33 året
451 2098 70 36 och
544 2098 146 37 således
710 2098 83 37 icke
812 2099 128 36 kunde
959 2101 134 34 utöfva
1112 2103 129 46 någon
1260 2101 493 36 lundtmäteriverksamhet
1771 2102 60 36 för

228 2163 100 35 egen
356 2149 178 48 räkning,
564 2156 132 42 syntes
725 2150 64 36 det
816 2164 91 22 vara
935 2151 229 48 uppenbart,
1195 2157 53 30 att
1275 2152 96 36 hans
1399 2152 156 36 arfvode
1575 2152 116 36 borde
1712 2157 118 33 sättas

228 2205 42 33 så
298 2202 105 47 högt,
434 2205 54 31 att
516 2201 74 35 han
614 2201 87 36 med
721 2201 118 49 familj
861 2202 127 36 kunde
1007 2202 103 36 lefva
1129 2202 127 49 därpå,
1278 2203 70 35 och
1367 2204 58 35 för
1445 2203 119 49 öfrigt
1584 2204 33 47 ej
1640 2203 121 49 lägre,
1781 2210 44 31 än

229 2259 55 30 att
313 2256 127 45 någon
469 2251 166 49 skicklig
663 2252 70 36 och
762 2253 112 48 eljest
901 2253 160 49 lämplig
1089 2253 255 37 landtmätare
1373 2254 127 36 kunde
1530 2255 169 37 befinnas
1719 2256 111 49 villig

228 2310 56 30 att
312 2305 118 36 blifva
457 2305 122 35 lärare
609 2304 58 36 för
694 2304 422 37 landtmäterieleverna
1145 2306 70 35 och
1244 2306 150 36 bosätta
1423 2306 60 48 sig
1503 2306 10 36 i
1534 2306 294 38 hufyndstaden.

316 2364 71 30 Bih.
414 2365 48 31 till
485 2364 111 32 Riksd.
623 2364 87 31 Prot.
739 2365 92 31 1907.
879 2365 19 31 4
923 2365 97 31 Saml.
1069 2369 17 27 1
1115 2365 81 40 Afd.
1251 2367 37 29 10
1316 2366 89 40 Häft.
1746 2368 41 30 33
