1906 2808
506 165 399 37 Jordbruksutskottets
932 171 188 33 utlåtande
1148 174 52 31 Nr
1223 175 28 30 8.
1578 181 15 29 1

821 416 58 38 Nr
907 418 36 39 8.

581 521 114 25 Ankom
714 523 43 24 till
776 524 163 31 riksdagens
959 526 90 26 kansli
1069 528 54 24 den
1144 531 32 22 16
1196 531 121 25 februari
1339 535 63 23 1926
1423 536 36 23 kl.
1479 537 14 23 4
1514 545 21 15 e.
1556 545 35 15 m.

238 599 191 34 Utlåtande
453 604 13 29 i
489 604 191 38 anledning
704 617 44 21 av
772 607 132 38 Kungl.
928 610 123 38 Maj:ts
1066 617 222 33 proposition
1303 619 181 35 angående
1499 623 135 30 ändrad

432 655 212 36 disposition
667 668 44 21 av
735 659 122 32 Kinna
882 662 28 30 &
934 660 92 40 Örby
1050 667 354 39 egnahemsförening
1427 681 33 21 u.
1480 683 30 26 p.
1529 683 30 21 a.
1577 675 57 34 för

434 708 83 30 1925
541 708 149 38 beviljat
719 711 59 31 lån
803 713 82 35 från
911 712 410 47 egnahemslånefonden.

1363 781 65 35 (2:a
1451 784 93 34 avd.)

163 866 17 30 I
215 877 42 20 en
281 869 58 30 till
364 870 191 37 riksdagen
578 872 67 32 den
669 875 40 30 22
733 876 143 36 Januari
901 879 83 31 1926
1009 881 153 37 avlåten,
1188 884 57 30 till
1269 885 360 36 Jordbruksutskottet

119 917 175 34 hänvisad
318 923 228 36 proposition,
571 934 43 21 nr
638 926 51 35 45,
714 927 65 31 har
803 928 136 38 Kungl.
964 931 112 37 Maj:t,
1094 935 112 31 under
1222 937 215 36 åberopande
1454 950 45 20 av
1516 941 113 36 bilagt

120 969 129 38 utdrag
274 982 44 20 av
341 974 384 37 statsrådsprotokollet
749 981 84 30 över
855 981 347 36 Jordbruksärenden
1226 988 54 30 för
1296 999 134 22 samma
1446 991 78 37 dag,
1542 993 86 31 före-

116 1021 111 36 slagit
251 1024 189 37 riksdagen
462 1028 53 30 att
538 1027 156 33 förklara
718 1031 126 32 hinder
867 1033 31 36 ej
924 1036 94 29 möta
1034 1036 54 31 för
1105 1037 134 38 Kungl.
1257 1040 102 36 Maj:t
1375 1044 52 29 att
1444 1044 124 30 bifalla
1584 1054 43 21 en

115 1082 48 21 av
187 1073 124 32 Kinna
323 1077 27 30 &
362 1074 92 39 Örby
478 1079 355 40 egnahemsförening
857 1095 33 20 u.
907 1095 32 26 p.
957 1096 30 21 a.
1005 1088 110 36 gjord,
1133 1090 11 29 i
1161 1092 379 37 statsrådsprotokollet
1558 1106 68 21 om-

119 1124 150 33 förmäld
304 1127 269 39 framställning
608 1134 149 31 rörande
792 1135 255 36 dispositionen
1082 1150 45 21 av
1161 1144 50 28 ett
1235 1143 206 37 föreningen
1465 1147 54 30 för
1542 1148 83 30 1925

116 1176 151 37 beviljat
291 1178 61 32 lån
376 1180 83 31 från
482 1183 414 36 egnahemslånefonden.

158 1228 223 34 Beträffande
416 1234 234 38 utredningen
674 1237 12 30 i
710 1239 144 31 ärendet
888 1241 134 32 tillåter
1045 1244 54 36 sig
1123 1246 171 32 utskottet
1319 1248 148 33 hänvisa
1490 1252 56 30 till
1571 1252 54 31 be-

115 1280 103 31 rörda
243 1283 357 37 statsrådsprotokoll.

157 1383 57 31 Av
246 1386 369 38 statsrådsprotokollet
647 1393 183 38 inhämtas,
863 1398 51 30 att
938 1398 203 37 föreningen
1165 1419 40 4 —
1230 1413 71 21 som
1332 1405 51 30 för
1408 1407 82 30 1925
1515 1409 108 31 såsom

113 1434 60 31 lån
206 1436 78 31 från
316 1440 390 36 egnahemslånefonden
738 1447 190 32 bekommit
952 1451 143 35 tillhopa
1120 1454 138 35 125,000
1283 1456 133 37 kronor,
1441 1469 106 20 varav
1571 1461 53 30 för

109 1486 385 41 jordbrukslägenheter
519 1494 116 37 75,000
660 1497 125 32 kronor
808 1500 62 30 och
894 1501 53 30 för
964 1502 332 38 bostadslägenheter
1313 1509 114 35 50,000
1445 1511 123 31 kronor
1583 1531 38 3 —

110 1548 46 20 av
189 1540 142 37 misstag
366 1543 144 37 beviljat
541 1548 242 34 egnahemslån
816 1553 78 30 med
929 1554 114 35 75,000
1069 1556 125 32 kronor
1218 1559 53 30 för
1295 1560 328 39 bostadslägenheter

108 1590 66 30 och
208 1592 117 35 30,000
361 1595 126 32 kronor
519 1598 53 30 för
603 1599 397 43 Jordbrukslägenheter,
1028 1607 32 30 d.
1087 1618 30 20 v.
1142 1619 23 20 s.
1192 1610 217 34 lånedelarna
1433 1615 84 31 hade
1540 1617 83 30 sins-

109 1643 148 31 emellan
281 1646 197 33 omkastats.

152 1746 394 39 Departementschefen
570 1755 64 31 har
659 1757 56 31 till
740 1760 381 37 statsrådsprotokollet
1146 1767 119 30 anfört
1289 1768 167 37 följande:

155 1798 140 33 »Kinna
318 1802 27 30 &
368 1800 91 41 Örby
493 1807 345 41 egnahemsförening
864 1823 31 20 u.
919 1823 32 26 p.
975 1825 29 20 a.
1029 1815 63 31 har
1132 1818 169 32 alltsedan
1329 1821 83 31 1912
1437 1819 182 45 förmedlat

105 1850 132 31 statens
271 1854 246 35 egnahemslån
552 1860 62 30 och
638 1860 134 38 därvid,
797 1864 108 36 enligt
929 1867 67 30 vad
1013 1865 400 46 egnahemsinspektören
1437 1873 181 46 meddelat,

106 1901 96 32 inom
230 1904 61 31 sitt
319 1907 377 37 verksamhetsområde
719 1915 110 31 utfört
852 1919 48 29 ett
916 1919 177 37 gagneligt
1109 1921 125 32 arbete.
1281 1924 56 31 Av
1361 1927 152 38 misstag,
1537 1941 81 21 vars

104 1955 141 31 orsaker
268 1966 44 21 av
337 1958 219 40 föreningens
579 1966 142 35 styrelse
744 1967 188 38 klargjorts
957 1970 52 31 för
1025 1973 412 42 egnahemsinspektören,
1454 1981 63 31 har
1534 1983 84 31 före-

105 2006 130 36 ningen
271 2009 59 31 vid
359 2011 213 38 beviljandet
599 2027 45 20 av
668 2019 246 35 egnahemslån
938 2023 109 30 under
1071 2025 39 29 år
1135 2026 83 30 1925
1244 2028 52 30 för
1319 2025 297 47 bostadsändamål

104 2057 197 37 disponerat
326 2063 117 35 25,000
467 2066 127 32 kronor
617 2079 94 22 mera
735 2073 45 29 än
804 2072 133 38 Kungl.
962 2075 101 37 Maj:t
1086 2078 12 29 i
1118 2079 123 32 sådant
1256 2084 165 31 avseende
1437 2082 177 45 medgivit.

104 2109 54 31 Då
187 2110 204 40 föreningen
418 2117 13 30 i
459 2118 55 31 sin
537 2121 405 36 egnahemsverksamhet
967 2128 111 32 skulle
1102 2130 70 31 lida
1194 2134 97 30 svårt
1313 2136 161 37 avbräck,
1497 2139 12 29 i
1534 2139 82 31 hän-

103 2161 93 32 delse
230 2164 200 34 densamma
464 2171 116 32 ålades
614 2174 189 33 återbetala
838 2177 155 37 beloppet
1021 2181 12 29 i
1059 2181 109 38 fråga,
1194 2186 94 30 torde
1316 2187 201 38 billigheten
1544 2192 71 31 tala

104 2213 54 31 för
180 2217 52 29 att
255 2218 107 31 sådan
386 2221 470 44 återbetalningsskyldighet
879 2230 75 32 icke
977 2242 44 20 av
1041 2233 225 36 förevarande
1285 2240 187 37 anledning
1488 2243 126 37 ifråga-

101 2268 116 31 sättes.
271 2269 129 34 Genom
424 2273 99 33 bifall
548 2277 55 31 till
628 2278 219 40 föreningens
872 2283 261 40 framställning
1156 2289 111 32 skulle
1283 2293 188 32 emellertid
1488 2295 64 31 den
1568 2307 44 20 av

101 2318 186 39 riksdagen
322 2324 53 30 för
411 2326 84 31 1925
531 2329 53 31 för
619 2330 298 35 bostadsändamål
953 2336 175 33 bestämda
1154 2342 351 40 maximiutlåningen
1533 2348 79 31 från

100 2372 394 37 egnahemslånefonden
533 2381 82 31 eller
655 2383 172 38 3,500,000
865 2387 127 31 kronor
1030 2389 138 33 komma
1203 2395 51 29 att
1288 2397 215 32 överskridas
1535 2401 76 31 med

102 2422 117 36 25,000
254 2425 137 39 kronor,
428 2430 113 32 vadan
576 2434 202 38 riksdagens
813 2438 276 38 bemyndigande
1123 2445 94 31 torde
1252 2446 81 32 böra
1357 2449 173 33 inhämtas
1558 2453 54 30 för

100 2473 133 39 Kungl.
258 2477 101 38 Maj:t
382 2482 51 30 att
457 2482 123 33 bifalla
605 2482 335 48 framställningen.»

102 2544 110 32 Bihang
229 2549 40 23 till
285 2550 167 31 riksdagens
468 2556 143 27 protokoll
627 2558 73 25 1926.
744 2561 32 23 10
794 2563 81 22 saml.
913 2564 15 23 4
950 2565 68 30 häft.
1055 2561 54 29 (Nr
1129 2567 106 25 8—14.)
1563 2575 11 23 1
