2226 2632
451 215 38 30 18
826 217 362 43 Bevillningsutskottets
1214 222 211 33 Betänkande
1449 224 63 32 N:o
1537 227 48 30 15.

407 294 340 49 handelsvarorna,
791 298 33 47 ej
868 297 72 37 kan
970 299 202 48 påräknas.
1228 301 76 37 För
1332 302 85 48 den,
1447 316 79 23 som
1557 304 110 36 idkar
1696 305 131 48 dylika
1856 302 145 57 affärer,

407 350 39 31 är
475 345 65 37 det
569 347 40 36 af
634 347 111 48 ringa
774 349 84 48 vigt
887 355 55 31 att
970 351 83 35 från
1082 352 184 49 nederlag
1295 353 36 36 få
1360 359 133 44 uttaga
1523 355 147 37 mindre
1701 358 234 46 qvantiteter
1955 363 47 32 än

406 396 82 36 dem
534 398 331 48 nederlagsrätten
905 402 114 36 redan
1049 403 228 49 medgifver,
1308 405 71 36 och
1408 405 45 37 de
1482 407 219 45 kostnader,
1732 409 74 35 han
1836 409 57 36 får
1921 410 81 36 vid-

406 449 147 37 kännas
597 451 58 35 för
696 450 255 50 begagnande
981 454 41 36 af
1046 454 185 49 frilagret,
1262 459 134 45 måste,
1426 471 58 23 om
1515 464 124 31 staten
1671 461 32 47 ej
1735 460 97 36 skall
1862 461 139 46 bevilja

406 500 188 38 särskilda
623 501 159 49 favörer,
815 503 56 36 till
900 505 70 36 och
1000 506 84 35 med
1117 506 115 37 blifva
1261 513 122 32 större
1404 513 46 32 än
1472 510 62 37 vid
1557 510 245 49 begagnadet
1819 512 42 36 af
1872 513 129 37 neder-

404 552 225 47 lagsrätten.
685 554 181 37 Deremot
907 556 130 37 ställer
1074 557 61 49 sig
1163 558 256 38 förhållandet
1447 561 80 37 helt
1555 563 238 37 annorlunda
1823 564 58 36 för
1908 564 93 37 han-

404 603 86 36 deln
533 606 83 35 med
656 607 270 48 manufaktur-,
960 609 206 48 galanteri-
1194 611 71 36 och
1294 612 236 48 modevaror,
1560 614 196 37 äfvensom
1789 616 85 36 med
1904 629 28 24 s.
1963 617 35 36 k.

404 654 109 37 korta
555 669 113 23 varor
709 664 99 30 samt
850 659 109 36 viner
986 660 71 36 och
1086 662 217 47 spirituosa.
1359 663 75 36 För
1462 665 85 47 den,
1577 679 80 23 som
1689 666 144 37 drifver
1861 668 139 35 handel

405 707 83 36 med
532 708 112 35 dessa
688 709 169 48 artiklar,
901 711 71 36 blir
1004 712 65 36 det
1096 713 58 35 till
1182 720 80 30 stor
1291 714 120 37 fördel
1442 723 55 29 att
1526 721 48 44 på
1602 717 176 49 frilagret
1806 719 130 36 kunna
1964 720 36 35 få

403 758 198 49 upplägga
629 760 204 37 utländska
862 762 309 50 tillverkningar,
1201 765 67 37 der
1297 767 185 48 ompacka
1511 769 71 35 och
1602 769 9 35 i
1635 769 205 49 behagliga
1857 775 142 32 smärre

403 812 244 46 qvantiteter,
693 812 84 37 med
821 813 177 38 befrielse
1043 816 82 36 från
1155 817 87 36 hela
1271 817 92 36 eller
1392 831 44 23 en
1467 820 61 35 del
1557 820 42 35 af
1621 820 120 37 tullen
1771 821 58 36 för
1858 822 140 36 embal-

403 861 113 47 laget,
547 862 36 36 få
612 863 200 49 utförsälja
840 866 99 35 dem.
994 866 73 37 Det
1095 867 146 37 lemnar
1270 869 70 36 ock
1372 869 120 37 bättre
1521 871 149 37 tillfälle
1699 878 56 30 att
1783 878 95 42 göra
1902 887 96 35 gyn-

403 925 143 24 samma
589 914 116 49 inköp
746 916 42 36 af
821 917 193 36 utlandets
1043 919 33 48 ej
1108 932 100 23 mera
1239 920 182 37 moderna
1450 922 295 50 tillverkningar
1773 925 71 35 och
1873 925 125 36 öfver-

401 963 118 37 blifna
549 965 115 48 lager.

530 1017 57 36 Då
615 1018 64 35 det
707 1019 33 47 ej
771 1019 106 36 torde
906 1021 122 35 finnas
1058 1021 74 36 den
1160 1022 172 49 ringaste
1362 1024 256 48 sannolikhet,
1649 1031 55 31 att
1733 1026 113 37 dessa
1867 1040 130 23 manu-

401 1067 143 36 faktur-
573 1069 70 35 och
675 1070 223 36 modevaror
928 1084 45 22 m.
1005 1085 47 22 m.
1083 1072 108 37 skola
1220 1074 130 36 kunna
1380 1075 11 35 i
1407 1079 126 44 någon
1550 1078 212 36 nämnvärd
1778 1079 143 48 mängd
1938 1078 57 37 till

401 1121 86 34 våra
528 1120 259 47 grannländer
830 1128 277 43 reexporteras,
1151 1124 72 36 blir
1252 1125 145 48 följden
1425 1127 136 37 endast
1590 1128 84 47 den,
1706 1135 55 30 att
1791 1136 54 30 ett
1874 1135 121 32 större

400 1170 70 36 och
514 1171 227 48 beqvämare
784 1172 146 37 tillfälle
973 1174 157 37 beredes
1159 1176 46 36 de
1234 1176 207 38 utländske
1469 1179 252 38 tillverkarne
1752 1187 55 30 att
1836 1181 56 36 till
1921 1182 74 36 för-

400 1222 90 48 fång
534 1222 58 36 för
635 1226 87 33 våra
761 1237 99 35 egna
902 1226 122 47 yrken
1066 1227 71 36 och
1178 1228 183 49 näringar
1395 1229 70 37 och
1493 1231 11 35 i
1534 1231 102 37 vissa
1665 1232 66 36 fall
1760 1246 140 35 genom
1931 1233 64 37 fri-

397 1274 191 47 görandet
616 1274 81 37 från
726 1276 214 49 emballage
970 1291 46 22 m.
1043 1291 47 24 m.
1121 1279 57 36 till
1207 1279 108 48 lägre
1345 1281 194 37 tullsatser
1567 1288 48 31 än
1646 1283 45 37 de
1719 1284 172 49 lagligen
1912 1285 82 48 gäl-

399 1325 112 36 lande
553 1325 37 36 fa
631 1326 101 37 inom
774 1327 131 37 landet
933 1328 134 49 främja
1097 1330 262 50 afsättningen
1389 1333 42 35 af
1455 1333 83 36 sina
1568 1348 122 34 varor,
1719 1336 43 35 af
1785 1336 133 36 hvilka
1947 1350 46 22 en

398 1382 78 31 stor
505 1377 61 36 del
595 1377 97 37 efter
719 1381 66 33 vår
813 1379 219 51 förmening
1063 1381 170 37 kommer
1261 1389 56 30 att
1345 1389 159 43 utgöras
1534 1385 41 37 af
1589 1386 84 48 lyx-
1694 1387 71 36 och
1787 1388 208 48 galanteri-

399 1442 110 23 varor
553 1436 100 30 samt
693 1430 119 47 viner,
857 1431 42 36 af
934 1432 131 36 hvilka
1107 1433 159 37 artiklar
1295 1435 130 37 landet
1452 1436 118 38 redan
1600 1451 50 23 nu
1679 1443 42 31 är
1749 1439 11 35 i
1790 1440 80 48 hög
1898 1440 96 48 grad

397 1479 334 40 öfversvämmadt.
788 1482 113 37 Hvad
932 1484 181 37 särskildt
1142 1489 120 45 angår
1290 1487 120 37 tullen
1436 1491 47 46 på
1512 1489 226 50 emballage,
1769 1491 35 36 få
1834 1491 37 36 vi
1892 1499 102 29 emot

397 1531 62 37 det
487 1533 10 35 i
527 1533 210 37 utskottets
767 1534 242 38 betänkande
1039 1537 157 37 anförda
1219 1539 200 47 yttrandet
1439 1540 42 36 af
1496 1542 301 37 statsministern
1819 1546 40 33 år
1882 1544 109 46 1886,

395 1589 74 30 att
511 1584 289 37 föreskrifterna
843 1600 58 22 om
947 1593 55 31 att
1031 1588 60 36 vid
1123 1588 228 51 förtullning
1379 1591 133 50 afdrag
1541 1593 32 48 ej
1604 1593 56 36 får
1687 1599 116 43 göras
1832 1594 60 37 för
1917 1608 76 23 em-

399 1635 151 48 ballage
594 1641 64 32 äro
700 1637 189 49 lemnade,
931 1639 84 36 icke
1050 1639 59 37 för
1136 1646 56 31 att
1220 1641 75 37 öka
1324 1642 133 48 tullen,
1487 1649 91 31 utan
1609 1645 59 36 för
1692 1651 55 31 att
1776 1646 217 37 underlätta

397 1699 136 24 varans
563 1688 341 50 tullbehandling»,
933 1691 136 48 erinra,
1100 1697 66 42 att,
1196 1693 47 36 då
1264 1693 10 36 i
1296 1707 49 22 nu
1366 1694 177 49 gällande
1563 1696 162 38 tulltaxa
1745 1698 248 36 tullsatserna

384 1738 136 37 blifvit
550 1739 56 37 till
635 1740 145 37 lättnad
809 1741 60 37 för
896 1743 357 49 tullbehandlingen
1284 1745 199 38 bestämda
1511 1747 9 36 i
1548 1748 216 50 bruttovigt
1784 1752 48 46 på
1853 1753 139 45 många

395 1790 167 49 artiklar,
593 1797 128 32 tarans
750 1793 85 48 vigt
864 1793 134 38 härvid
1029 1795 118 48 tagits
1177 1796 9 35 i
1216 1796 226 51 beräkning,
1464 1799 71 36 och
1555 1799 119 37 tullen
1696 1801 150 37 således
1868 1800 123 38 blifvit

394 1849 75 29 satt
510 1843 119 50 lägre,
673 1849 46 31 än
750 1858 59 23 om
839 1846 339 50 nettoförtullning
1207 1848 123 37 skulle
1360 1849 48 37 ha
1437 1850 198 48 bestämts,
1664 1858 56 30 att
1748 1859 130 30 tarans
1908 1852 82 49 vigt

398 1895 57 35 för
495 1895 94 37 flera
630 1896 157 37 artiklar
829 1898 124 48 spelar
994 1911 46 23 en
1084 1905 80 30 stor
1192 1900 55 36 rol
1278 1900 112 49 (ända
1417 1901 58 37 till
1504 1915 80 24 mer
1612 1908 47 32 än
1688 1906 49 34 40
1765 1910 160 43 procent
1954 1904 42 37 af

394 1946 281 50 bruttovigten)
705 1955 98 30 samt
832 1955 56 31 att
917 1949 325 49 möjliggörandet
1271 1952 43 37 af
1336 1953 339 50 nettoförtullning
1704 1955 41 36 af
1770 1956 133 48 dylika
1932 1969 58 23 ar-

393 1998 112 36 tiklar
534 1999 256 49 ovilkorligen
819 2001 10 36 i
861 2004 138 46 många
1028 2002 65 36 fall
1122 2003 97 36 skall
1248 2003 87 37 leda
1364 2004 57 37 till
1451 2006 224 50 minskning
1702 2007 42 36 af
1767 2008 222 36 tullinkom-

393 2057 137 29 sterna.
588 2051 16 35 I
633 2052 63 35 det
723 2052 42 35 af
789 2060 153 29 senaste
970 2053 216 37 tullkomité
1216 2055 147 48 afgifna
1392 2056 243 38 betänkande
1664 2059 72 36 och
1765 2059 147 49 förslag
1931 2059 55 36 till

392 2101 161 37 tulltaxa
595 2103 67 36 har
703 2103 113 37 äfven
859 2105 62 36 vid
964 2105 306 38 bestämmandet
1313 2107 42 36 af
1391 2108 326 39 bruttotullsatser
1745 2117 130 30 tarans
1904 2110 84 49 vigt

392 2153 115 49 tagits
537 2154 11 36 i
578 2154 252 38 betraktande
860 2157 70 36 och
963 2157 247 38 tullsatserna
1231 2164 97 31 satts
1350 2160 85 35 med
1454 2160 153 49 hänsyn
1628 2162 137 37 dertill.
1797 2162 190 37 Särskildt

391 2206 180 46 yttrande
601 2219 59 23 om
690 2206 406 51 bruttoförtullningen
1127 2210 121 36 finnes
1277 2213 20 33 å
1326 2210 109 37 sidan
1459 2211 92 37 XIII
1581 2213 11 36 i
1622 2213 273 38 betänkandet.

518 2257 84 36 Den
637 2257 253 51 bearbetning
919 2260 68 37 och
1018 2260 252 50 tillverkning
1298 2262 102 36 inom
1429 2263 353 50 frilagersområdet
1811 2266 41 36 af
1876 2278 111 24 varor

392 2307 56 36 för
482 2314 148 43 export,
665 2322 78 23 som
775 2312 189 37 utskottet
993 2312 95 37 låter
1117 2312 120 49 hägra
1267 2314 10 35 i
1307 2314 58 36 sin
1398 2315 242 51 motivering,
1670 2331 116 35 synes
1817 2330 62 23 oss
1909 2316 77 36 lika
