1916 2817
482 172 124 30 Första
622 172 245 39 lagutskottets
883 171 178 31 utlåtande
1077 180 42 21 nr
1134 171 41 31 15
1188 172 40 31 år
1243 172 84 30 1968
1627 174 18 31 7

206 255 49 29 De
270 263 48 21 nu
332 254 219 30 behandlade
565 254 310 30 bestämmelserna
889 254 72 35 bör,
978 254 104 30 såvitt
1097 254 41 30 de
1153 254 108 40 angår
1299 254 28 30 JO
1343 254 65 30 och
1422 254 77 35 MO,
1516 255 129 29 ändras

161 308 38 30 så
213 310 50 28 att
278 308 41 30 de
334 317 99 21 avser
447 308 124 30 endast
586 307 424 38 »justitieombudsman»>.

206 362 13 30 I
238 362 18 30 2
278 362 14 37 8
314 362 110 30 andra
443 362 134 40 stycket
596 362 343 40 ansvarighetslagen
958 362 67 30 den
1043 362 42 31 26
1102 362 79 38 juni
1201 361 84 32 1936
1309 362 58 35 (nr
1387 362 80 35 324)
1490 363 55 30 för
1564 363 81 30 full-

160 417 154 39 mäktige
335 417 12 30 i
368 417 216 29 riksbanken
605 417 65 29 och
691 416 222 40 fullmäktige
932 417 12 30 i
965 416 339 40 riksgäldskontoret
1325 426 45 20 m.
1393 417 37 29 fl.
1453 417 191 30 föreskrivs

162 473 51 28 att
254 470 28 31 JO
302 471 165 30 anställer
486 470 70 31 åtal
574 471 55 30 för
648 471 237 34 ämbetsbrott,
906 471 64 29 när
988 470 187 40 riksdagen
1194 471 82 30 eller
1293 470 94 31 vissa
1404 471 11 30 i
1434 471 211 40 paragrafen

161 525 150 39 angivna
329 532 109 32 organ
456 524 186 31 förordnar
662 526 48 28 att
731 524 124 31 sådant
874 525 70 30 åtal
963 525 89 30 skall
1070 525 128 30 väckas
1216 526 73 29 mot
1308 525 202 40 fullmäktig
1526 525 13 30 i
1556 525 89 30 riks-

161 578 149 35 banken,
343 578 202 41 fullmäktig
576 579 10 30 i
617 578 348 40 riksgäldskontoret,
998 579 347 30 direktionsledamot
1376 579 12 30 i
1418 579 227 34 riksbanken,

161 631 378 40 riksgäldsdirektören
565 632 83 30 eller
673 632 124 30 chefen
823 632 55 30 för
902 632 349 40 riksgäldskontoret.
1277 632 117 40 Enligt
1423 632 38 31 17
1490 633 16 37 8
1534 633 112 30 första

161 686 134 40 stycket
312 686 11 30 i
340 686 67 30 den
424 695 68 31 nya
508 686 261 31 instruktionen
785 686 128 40 åligger
931 686 56 31 det
1004 686 233 31 ombudsman
1254 688 49 29 att
1320 687 110 30 väcka
1446 686 64 30 och
1527 686 118 31 utföra

160 739 96 30 talan
274 740 11 29 i
302 749 49 20 nu
369 739 152 31 avsedda
538 740 72 30 fall.
629 740 13 29 I
662 740 38 30 17
722 741 14 37 $
756 740 113 40 tredje
887 741 134 40 stycket
1039 740 191 31 föreskrivs
1249 742 49 28 att
1316 740 68 30 den
1402 749 74 22 som
1493 740 152 31 beslutat

160 793 70 30 åtal
252 793 82 31 eller
355 794 60 39 gör
436 793 173 36 anmälan,
632 794 72 30 dvs.
725 794 197 40 riksdagen,
944 794 78 30 dess
1042 794 254 31 bankoutskott
1317 795 82 30 eller
1420 794 78 31 dess
1518 794 127 31 reviso-

160 856 56 21 rer
233 847 83 30 eller
333 847 221 41 fullmäktige
572 848 11 30 i
600 848 215 30 riksbanken
833 848 81 30 eller
932 848 221 40 fullmäktige
1170 849 12 29 i
1199 848 338 40 riksgäldskontoret
1556 848 90 40 själv

162 901 89 30 skall
273 901 194 30 bestämma
488 911 77 21 vem
587 911 42 21 av
650 902 304 30 ombudsmännen
977 911 73 21 som
1074 902 88 30 skall
1185 902 210 30 föranstalta
1416 911 56 21 om
1494 902 80 30 åtal.
1598 902 48 30 På

162 955 113 39 grund
294 964 42 21 av
354 955 57 30 det
430 955 149 31 anförda
595 956 63 30 bör
676 956 19 30 2
717 956 15 37 8
753 956 110 30 andra
882 956 133 40 stycket
1034 957 12 29 i
1066 956 83 31 1936
1168 956 57 30 års
1245 956 298 40 ansvarighetslag
1561 955 85 31 änd-

161 1018 67 21 ras.
250 1009 65 40 Jag
338 1009 160 30 förordar
521 1011 50 28 att
594 1009 95 31 detta
711 1010 78 30 sker
811 1010 45 40 på
878 1010 56 30 det
958 1010 102 30 sättet
1084 1011 49 29 att
1157 1010 10 30 i
1188 1010 269 30 bestämmelsen
1479 1009 166 30 hänvisas

161 1062 52 30 till
235 1062 65 30 den
321 1062 156 31 nämnda
497 1063 515 31 instruktionsbestämmelsen.

161 1161 83 29 Rätt
257 1161 57 39 för
329 1161 139 39 intagen
484 1163 50 28 att
548 1161 110 30 sända
671 1161 211 39 handlingar
898 1161 52 30 till
962 1161 372 37 justitieombudsman

208 1225 13 28 I
240 1224 16 30 7
277 1224 15 37 8
312 1225 110 29 andra
440 1225 134 39 stycket
590 1225 11 30 i
619 1225 261 30 instruktionen
897 1225 55 30 för
969 1225 206 39 riksdagens
1193 1224 233 30 ombudsmän
1443 1224 201 34 föreskrivs,

162 1279 50 28 att
232 1277 67 30 den
319 1286 74 22 som
412 1278 39 29 är
468 1278 152 30 berövad
639 1278 54 30 sin
712 1278 106 30 frihet
838 1278 55 30 får
913 1278 109 30 sända
1041 1278 105 30 skrift
1165 1278 53 30 till
1237 1278 304 30 ombudsmännen
1560 1280 85 28 utan

163 1331 125 30 hinder
310 1341 42 21 av
371 1332 55 30 för
445 1332 130 29 honom
596 1332 159 39 gällande
775 1332 299 40 inskränkningar
1094 1333 12 29 i
1126 1332 115 30 rätten
1261 1333 51 29 att
1332 1332 110 30 sända
1461 1332 83 30 brev
1564 1332 82 30 eller

163 1386 111 29 andra
287 1386 221 39 handlingar.

208 1439 236 40 Bakgrunden
463 1439 53 30 till
535 1440 114 29 denna
667 1440 243 30 bestämmelse
929 1440 38 29 är
987 1442 50 27 att
1056 1440 57 29 det
1131 1440 222 30 beträffande
1372 1449 42 21 en
1434 1440 54 30 del
1507 1449 42 21 av
1568 1440 78 30 dem

165 1502 74 21 som
260 1494 38 28 är
318 1494 145 39 intagna
482 1494 11 30 i
514 1493 129 30 anstalt
664 1494 81 29 eller
766 1503 118 20 annan
903 1493 196 41 inrättning
1119 1494 115 39 gäller,
1257 1495 50 29 att
1327 1494 67 30 den
1413 1494 142 40 intagne
1574 1494 73 30 inte

165 1547 55 30 får
237 1547 110 30 sända
363 1547 83 31 brev
462 1548 65 29 och
544 1547 111 31 andra
670 1547 210 40 handlingar
898 1550 86 28 utan
1001 1547 159 31 tillstånd
1177 1548 82 30 eller
1276 1548 209 40 föregående
1503 1548 144 40 gransk-

165 1602 84 38 ning
270 1611 42 20 av
333 1602 337 39 anstaltsledningen
692 1602 82 29 eller
796 1611 129 21 annan.
948 1601 138 32 Sådana
1106 1602 300 40 inskränkningar
1427 1603 11 29 i
1460 1602 188 30 brevsänd-

166 1655 219 40 ningsrätten
403 1655 106 40 gäller
526 1655 106 40 enligt
649 1655 108 40 några
774 1655 252 40 författningar
1041 1673 45 4 —
1102 1656 212 30 åtminstone
1330 1657 154 29 formellt
1500 1674 44 3 —
1561 1657 87 29 även

165 1709 11 30 i
192 1709 100 40 fråga
307 1718 56 21 om
380 1710 143 29 skrifter
540 1718 74 21 som
632 1710 37 29 är
686 1709 126 31 ställda
828 1710 52 30 till
896 1709 206 41 riksdagens
1118 1710 244 30 ombudsmän.
1379 1710 13 29 I
1408 1711 56 39 lag
1480 1710 96 30 finns
1592 1710 56 30 be-

167 1763 218 29 stämmelser
403 1772 42 21 av
463 1763 109 30 sådan
588 1763 172 30 innebörd
775 1764 11 29 i
805 1763 40 30 34
865 1763 15 37 8
900 1764 100 38 lagen
1019 1764 66 29 den
1103 1764 19 30 6
1139 1764 70 37 maj
1233 1763 83 31 1964
1339 1763 59 35 (nr
1415 1764 81 34 541)
1518 1772 57 21 om
1592 1764 56 30 be-

166 1816 170 40 handling
350 1817 11 29 i
377 1816 323 40 fångvårdsanstalt
715 1817 65 30 och
795 1818 12 29 i
823 1817 19 30 8
860 1817 16 37 8
899 1817 66 37 (jfr
981 1818 87 29 även
1086 1817 39 30 10
1144 1817 35 37 $)
1199 1818 100 39 lagen
1317 1818 66 30 den
1400 1818 39 30 25
1458 1817 88 40 april
1564 1817 84 31 1958

171 1870 58 34 (nr
253 1870 80 34 213)
361 1879 57 21 om
440 1870 258 40 behandlingen
722 1880 41 21 av
786 1871 152 30 häktade
962 1871 64 30 och
1050 1871 167 30 anhållna
1239 1881 45 20 m.
1308 1871 38 30 fl.
1370 1872 64 30 Det
1457 1872 62 30 bör
1543 1872 106 30 också

167 1924 158 34 nämnas,
344 1926 50 28 att
410 1924 252 40 hänvisningar
679 1925 11 29 i
707 1925 111 29 andra
834 1925 96 39 lagar
948 1925 59 39 gör
1025 1926 50 29 att
1092 1925 200 39 någondera
1308 1934 43 21 av
1368 1925 41 30 de
1427 1925 149 40 angivna
1593 1926 55 29 be-

167 1978 268 30 stämmelserna
452 1978 38 29 är
508 1978 185 40 tillämplig
709 1979 12 29 i
738 1978 94 30 vissa
848 1978 200 40 ytterligare
1066 1978 63 30 fall
1147 1988 42 20 av
1206 1979 323 30 frihetsberövande
1553 1979 57 34 (20
1632 1979 14 37 8

167 2032 100 39 lagen
281 2031 66 30 den
361 2031 20 30 4
395 2031 78 37 juni
491 2031 93 36 1964,
600 2041 41 20 nr
655 2031 73 36 450,
744 2041 56 21 om
815 2032 161 40 åtgärder
989 2032 59 31 vid
1063 2032 274 40 samhällsfarlig
1351 2033 192 30 asocialitet
1559 2035 90 28 samt

166 2085 40 30 35
222 2085 64 29 och
302 2085 41 30 86
360 2085 37 37 $$
413 2085 154 30 militära
580 2085 303 40 rättegångslagen
897 2086 67 30 den
978 2086 41 30 30
1033 2086 79 37 juni
1129 2086 93 35 1948,
1238 2096 42 20 nr
1293 2086 96 34 472).

209 2138 302 41 JO-utredningen
530 2139 148 30 föreslår
696 2141 50 28 att
766 2139 41 31 de
826 2139 155 31 nämnda
999 2140 311 30 bestämmelserna
1327 2140 11 30 i
1356 2140 145 40 lagarna
1519 2150 56 21 om
1594 2141 56 30 be-

165 2192 170 41 handling
352 2193 13 30 i
385 2192 322 41 fångvårdsanstalt
727 2193 65 30 och
812 2202 57 21 om
888 2193 257 41 behandlingen
1166 2203 42 21 av
1226 2194 153 31 häktade
1399 2194 64 30 och
1484 2194 166 31 anhållna

165 2256 46 20 m.
235 2247 36 29 fl.
294 2246 128 31 ändras
445 2247 48 34 så,
516 2248 49 29 att
588 2257 42 20 av
651 2247 78 30 dem
751 2247 155 40 framgår
928 2249 49 29 att
999 2248 346 39 inskränkningarna
1367 2248 12 30 i
1399 2248 160 40 intagens
1580 2249 69 29 rätt

167 2301 50 29 att
235 2299 110 32 sända
360 2300 83 31 brev
459 2301 29 39 ej
509 2301 107 40 gäller
632 2300 82 31 brev
729 2300 53 31 till
798 2301 382 40 justitieombudsman.

211 2354 13 29 I
246 2353 338 41 remissyttrandena
605 2355 80 30 över
708 2354 250 41 utredningens
980 2355 221 31 betänkande
1222 2355 64 31 har
1309 2355 250 41 utredningens
1582 2356 69 30 för-

168 2408 73 39 slag
259 2408 11 30 i
290 2408 114 30 denna
423 2409 55 29 del
497 2408 166 31 föranlett
682 2409 206 30 uttalanden
907 2418 43 21 av
967 2409 53 30 JK
1039 2410 65 29 och
1123 2409 461 40 offentlighetskommittén.

211 2462 53 29 JK
281 2461 205 31 framhåller
503 2463 50 30 att
569 2463 42 29 de
629 2462 143 40 intagna
787 2462 62 30 bör
866 2463 46 30 ha
927 2463 70 30 rätt
1014 2463 52 30 till
1084 2463 46 30 fri
1146 2463 306 30 kommunikation
1470 2464 86 29 även
1574 2464 78 30 med

166 2515 62 31 JK.
