2234 2648
440 157 19 31 2
832 155 361 42 Bevillningsutskottets
1217 155 195 31 betänkande
1434 154 54 32 Nr
1510 155 52 32 33.

528 237 33 33 2.
619 233 308 49 MSpirituosaaccis
968 236 111 47 utgår
1120 234 58 36 för
1218 233 188 37 brännvin
1448 233 70 36 och
1560 238 125 41 annat,
1728 245 81 23 som
1841 232 155 48 jämlikt

397 286 176 49 gällande
601 286 227 48 förordning
848 285 193 49 angående
1061 285 229 49 försäljning
1309 298 46 22 av
1374 284 187 37 brännvin
1580 289 41 31 är
1640 289 54 32 att
1713 286 124 34 såsom
1856 283 138 37 bränn-

396 339 65 35 vin
503 351 102 33 anse,
648 337 84 37 med
775 337 197 49 undantag
1014 337 95 36 dock
1145 350 48 22 av
1222 336 94 49 sprit
1344 336 70 36 och
1442 341 108 31 renat
1578 336 190 48 egentligt
1794 335 200 46 brännvin,

396 403 82 23 som
508 389 33 48 ej
571 395 41 30 är
639 388 135 37 tillsatt
801 389 85 36 med
914 388 363 37 smakförändrande
1306 393 147 31 ämnen.

527 444 34 33 3.
616 440 17 37 I
661 440 123 37 denna
813 440 224 48 förordning
1065 440 136 36 förstås
1230 439 86 37 med

528 493 549 45 brännvinsförsäljningsbolag
1104 491 137 37 sådant
1268 491 125 49 bolag,
1424 504 82 23 som
1535 491 243 36 omförmäles
1806 491 11 35 i
1841 492 44 34 12
1907 490 89 37 eller

400 547 46 34 14
474 544 21 49 &
524 545 12 35 i
564 544 275 49 förordningen
866 543 197 49 angående
1090 542 230 49 försäljning
1349 556 45 22 av
1420 542 198 47 brännvin,
1648 547 99 32 samt

525 597 377 56 spirituosahandlare
925 595 230 36 innehavare
1184 607 46 23 av
1260 594 116 36 sådan
1395 594 498 49 utminuteringsrättighet,
1914 606 81 24 som

392 648 152 49 jämlikt
576 649 42 35 17
648 647 22 49 $
699 650 22 34 2
751 660 112 24 mom.
893 647 12 36 i
934 646 235 37 sistnämnda
1197 645 223 50 förordning
1449 659 46 22 av
1522 646 122 74 PER
1715 645 280 49 DTENl

397 700 116 48 bolag
541 699 200 37 överlåtits.

1158 800 81 49 28.

529 905 311 50 Spirituosaaccis
881 911 187 43 upptages
1100 904 62 36 vid
1192 903 50 37 all
1270 904 228 49 försäljning
1527 918 45 22 av
1602 904 238 50 accispliktig
1867 904 129 49 dryck,

398 958 66 36 där
505 956 572 50 brännvinsförsäljningsbolag
1117 956 91 36 eller
1250 955 384 49 spirituosahandlare
1675 961 41 31 är
1758 956 133 48 säljare
1926 956 71 36 och

398 1022 126 23 annan
553 1014 48 31 än
629 1009 136 37 sådant
792 1008 114 48 bolag
933 1009 90 35 eller
1050 1008 115 36 sådan
1195 1007 215 36 handlande
1438 1012 42 31 är
1507 1008 149 48 köpare.

528 1060 123 37 Sådan
694 1060 99 36 accis
835 1064 154 44 utgöres
1031 1059 95 36 dock
1164 1059 83 36 icke
1276 1058 58 36 för
1361 1059 238 48 accispliktig
1627 1059 129 50 dryck,
1785 1058 126 37 vilken
1939 1063 58 32 ut-

398 1113 100 36 föres
539 1126 45 23 ur
624 1112 98 37 riket
764 1111 83 36 med
876 1111 245 48 iakttagande
1150 1123 46 23 av
1225 1110 46 36 de
1298 1110 415 49 kontrollföreskrifter,
1742 1123 81 25 som
1853 1110 142 49 Kungl.

399 1165 108 48 Maj:t
535 1164 213 37 fastställer.

1158 1233 21 33 3
1209 1230 31 49 5.

531 1320 31 35 1.
619 1318 313 62 Spirituosaaccis
960 1320 112 46 utgår
1099 1317 87 36 med

529 1372 33 46 a)
591 1372 47 34 30
667 1375 64 32 öre
760 1370 58 36 för
845 1370 82 36 liter
953 1368 63 37 vid
1044 1368 230 49 försäljning
1302 1382 45 23 av
1374 1367 158 50 punsch,

528 1421 38 49 b)
597 1423 47 35 30
673 1427 64 31 öre
767 1422 58 36 för
852 1421 83 36 liter
962 1420 63 37 vid
1055 1420 240 49 försäljning,
1324 1419 224 37 annorledes
1577 1424 46 31 än
1652 1419 57 36 till
1738 1419 185 49 förtäring
1950 1424 47 45 på

398 1474 135 47 stället,
563 1487 45 22 av
636 1473 109 37 arrak
774 1474 90 35 eller
890 1486 81 23 rom
1000 1473 12 35 i
1041 1472 145 36 mindre
1214 1471 229 50 myckenhet
1470 1475 48 31 än
1538 1470 343 37 tvåhundrafemtio
1900 1472 96 47 liter,

399 1526 66 36 där
494 1525 277 49 försäljningen
800 1525 84 36 sker
912 1525 57 35 till
993 1537 122 23 annan
1135 1528 48 32 än
1203 1524 85 46 den,
1309 1536 80 24 som
1409 1522 162 37 innehar
1590 1522 183 49 rättighet
1792 1522 56 37 till
1867 1522 131 50 detalj-

398 1577 138 37 handel
564 1577 86 36 med
678 1576 202 46 brännvin,

529 1628 32 48 c)
591 1630 47 34 60
676 1633 64 32 öre
776 1628 58 36 för
869 1628 85 36 liter
990 1627 63 36 vid
1092 1641 125 22 annan
1245 1627 227 49 försäljning
1501 1640 46 23 av
1576 1626 107 36 arrak
1712 1627 89 36 eller
1828 1640 93 35 rom,
1951 1632 46 31 än

398 1681 121 36 under
545 1680 37 49 b)
611 1684 101 45 sägs,
743 1686 97 30 samt

529 1731 35 49 d)
594 1733 47 35 60
678 1737 65 31 öre
782 1731 58 37 för
867 1731 85 37 liter
979 1731 63 36 vid
1071 1730 228 50 försäljning
1328 1744 44 22 av
1401 1730 118 36 andra
1548 1729 264 50 accispliktiga
1840 1731 158 49 drycker

399 1789 48 31 än
474 1783 159 49 punsch,
664 1783 110 36 arrak
803 1783 68 37 och
899 1796 92 23 rom.

531 1837 32 34 2.
619 1835 74 36 Vid
723 1834 225 49 försäljning
976 1848 48 22 av
1044 1834 60 36 del
1123 1848 46 22 av
1189 1834 85 36 liter
1292 1836 112 46 utgår
1423 1833 300 50 spirituosaaccis
1744 1833 85 37 med
1849 1833 148 50 belopp,

399 1900 79 23 som
509 1900 129 23 svarar
665 1892 80 31 mot
775 1886 72 37 den
876 1886 163 36 försålda
1067 1885 286 50 myckenheten.

1157 2009 21 34 4
1196 2006 44 50 8.

533 2096 31 33 1.
619 2094 73 36 För
707 2092 300 51 spirituosaaccis
1025 2106 176 23 ansvarar
1217 2092 161 48 säljaren
1393 2105 45 23 av
1454 2092 72 36 den
1543 2091 260 49 accispliktiga
1818 2092 178 48 drycken.

530 2147 34 33 2.
621 2144 393 50 MSpirituosahandlare
1065 2145 147 48 åligger
1259 2148 55 32 att
1359 2144 54 36 till
1455 2143 280 37 vederbörande
1776 2143 222 37 brännvins-

399 2196 366 49 försäljningsbolag
806 2197 170 35 avlämna
1017 2210 47 22 av
1104 2196 174 49 bolagets
1321 2195 157 49 styrelse
1520 2194 179 50 godkänd
1736 2194 176 37 säkerhet
1940 2195 59 37 för

401 2247 374 50 spirituosaaccisens
804 2248 181 48 behöriga
1012 2248 250 48 inbetalning.
