1886 2778
539 133 286 30 Statsutskottets
851 131 179 30 utlåtande
1054 141 42 20 nr
1124 132 71 28 126.
1576 127 37 29 17

123 213 346 40 storleksordningen
486 214 65 30 och
570 223 42 20 ur
630 213 109 30 andra
759 213 217 39 synpunkter
993 212 11 29 i
1023 211 202 30 nuvarande
1244 211 75 38 läge
1337 210 78 38 inge
1434 208 179 39 allvarliga

122 267 288 40 betänkligheter,
434 268 64 29 har
522 267 181 34 utskottet,
727 275 57 21 om
807 267 46 29 än
875 266 79 29 med
977 265 139 34 tvekan,
1141 264 119 30 funnit
1284 263 51 39 sig
1358 263 84 29 böra
1466 262 148 39 godtaga

123 321 125 39 Kungl.
268 320 125 40 Maj:ts
413 320 129 40 förslag
562 321 11 29 i
591 320 116 29 denna
725 319 65 30 del.
810 318 175 31 Utskottet
1003 318 65 29 har
1087 317 57 30 vid
1163 317 95 30 detta
1278 314 336 40 ställningstagande

124 374 76 30 låtit
224 374 51 39 sig
298 373 164 40 vägledas
485 383 42 20 av
552 373 235 39 synpunkten,
812 374 51 28 att
887 372 163 29 fortsatta
1074 370 172 39 dröjsmål
1270 369 79 30 med
1374 368 161 40 åtgärder
1560 366 55 31 för

124 429 50 28 att
192 427 171 30 förbättra
382 426 264 40 rekryteringen
664 426 120 29 kunna
803 425 173 39 allvarligt
995 425 166 38 äventyra
1179 423 68 30 den
1264 421 236 41 upprustning
1519 421 95 29 inom

124 480 94 30 detta
245 480 154 34 område,
427 489 74 20 som
530 480 23 29 f.
582 489 32 20 n.
643 479 167 29 framstår
839 478 115 30 såsom
981 487 43 21 en
1052 476 251 40 angelägenhet
1330 484 42 21 av
1400 475 111 29 första
1538 472 78 31 ord-

125 533 139 39 ningen.
288 533 65 30 Det
376 534 62 29 bör
461 533 10 29 i
494 533 95 29 detta
614 533 255 38 sammanhang
892 531 134 30 erinras
1049 540 58 20 om
1131 532 50 28 att
1203 529 270 39 möjligheterna
1496 526 53 30 till
1573 534 42 21 en

126 586 109 30 snabb
255 586 216 39 omsättning
491 586 20 29 å
531 585 319 39 sinnessjukhusen
871 585 11 28 i
902 584 75 30 icke
998 583 99 39 ringa
1120 583 81 29 mån
1222 582 98 29 torde
1341 590 83 20 vara
1444 579 172 31 beroende

125 648 42 21 av
183 639 192 39 tillgången
392 639 52 29 till
461 639 204 39 kompetent
681 639 65 29 och
765 637 187 39 tillräcklig
969 636 275 40 läkarpersonal.
1263 635 13 29 I
1294 633 264 41 propositionen
1575 640 42 21 nr

128 692 162 37 113/1950
314 693 65 29 har
401 692 165 40 påvisats,
590 692 172 29 hurusom
785 691 93 30 olika
903 689 274 40 sinnessjukhus
1201 687 148 41 uppvisa
1374 686 113 30 starkt
1510 684 109 30 varie-

126 746 107 29 rande
255 746 225 38 omsättning,
503 746 66 29 och
591 754 43 21 en
655 744 203 40 jämförelse
880 743 129 30 mellan
1031 743 102 29 dessa
1156 741 177 40 uppgifter
1355 740 64 29 och
1442 738 178 40 personal-

127 799 189 39 tillgången
336 807 59 30 ger
414 798 57 30 vid
492 798 150 34 handen,
663 799 51 28 att
733 797 195 39 betydande
950 796 152 30 fördelar
1124 796 59 28 äro
1205 796 51 28 att
1275 794 107 30 vinna
1404 801 125 31 genom
1550 791 70 29 för-

126 852 139 30 bättrad
290 851 405 41 personaluppsättning.
721 851 47 29 Ur
793 850 147 29 allmänt
964 848 231 31 ekonomiska
1222 847 218 40 synpunkter
1466 847 48 32 är,
1540 844 80 30 med

128 906 138 39 hänsyn
294 905 52 30 till
377 905 94 30 såväl
501 905 146 29 behovet
676 913 42 20 av
746 903 217 40 vårdplatser
993 911 76 20 som
1099 902 119 29 vikten
1248 910 42 20 av
1320 902 50 27 att
1400 899 219 40 patienterna

128 960 139 28 snarast
292 958 138 39 möjligt
454 957 172 30 återföras
651 957 52 30 till
728 957 108 33 hälsa,
862 956 91 30 ökad
978 954 216 39 omsättning
1218 953 58 31 vid
1302 951 318 40 sinnessjukhusen

128 1013 48 28 ett
198 1021 42 20 av
261 1011 42 30 de
325 1011 186 38 viktigaste
533 1010 116 30 målen
672 1010 11 29 i
706 1009 57 30 det
786 1008 219 31 förestående
1028 1006 505 41 upprustningsprogrammet.

173 1063 573 40 Sinnessjukvårdsberedningens
773 1062 130 39 förslag
929 1071 57 20 om
1014 1061 134 29 ändrad
1175 1058 364 41 lönegradsplacering
1566 1057 55 30 för

129 1117 230 30 överläkarna
380 1118 64 28 har
465 1116 388 40 departementschefen
873 1115 76 29 icke
973 1123 46 20 nu
1043 1116 114 27 ansett
1181 1113 50 39 sig
1252 1113 84 29 böra
1358 1111 177 39 tillstyrka
1557 1110 65 29 lik-

130 1180 75 20 som
226 1170 31 40 ej
280 1170 110 30 heller
410 1169 255 40 beredningens
687 1168 129 40 förslag
837 1167 222 31 beträffande
1083 1166 142 30 särskilt
1248 1163 373 42 styresmannaarvode

131 1225 51 28 till
201 1224 245 39 sjukhuschef.
464 1223 73 30 Vad
557 1222 220 30 sistnämnda
795 1221 171 40 spörsmål
985 1220 108 39 angår
1110 1220 59 29 vill
1189 1219 170 30 utskottet
1376 1217 246 39 understryka,

130 1279 51 28 att
202 1277 126 39 Kungl.
350 1276 106 40 Maj:t
476 1276 58 30 vid
556 1276 41 30 de
620 1275 164 30 fortsatta
804 1274 287 39 övervägandena
1112 1273 62 29 bör
1197 1274 88 37 ägna
1308 1271 315 40 uppmärksamhet

131 1330 35 30 åt
185 1332 50 28 att
253 1339 44 21 en
317 1330 110 29 sådan
445 1329 149 39 ordning
612 1328 231 40 genomföres,
862 1329 51 28 att
931 1327 195 40 uppdraget
1146 1335 75 20 som
1241 1327 197 37 styresman
1456 1324 11 29 i
1485 1323 137 40 princip

131 1384 71 29 kan
223 1383 178 29 anförtros
422 1383 35 29 åt
477 1382 68 30 den
565 1384 91 27 mest
677 1381 162 39 lämplige
859 1379 382 39 befattningshavaren,
1263 1377 193 31 oberoende
1479 1386 42 20 av
1541 1376 83 29 den-

132 1446 61 19 nes
216 1436 95 29 ålder
334 1437 65 28 och
423 1434 300 40 tjänsteställning
748 1444 73 19 som
845 1433 129 30 läkare.

177 1489 125 39 Kungl.
320 1489 125 38 Maj:ts
463 1488 273 38 förslag
610 1479 21 53 i
646 1488 90 38 fråga
753 1496 57 20 om
836 1484 682 41 personalorganisationen
1547 1483 76 29 för

133 1541 414 31 nästkommande
581 1540 247 38 budgetår
862 1539 145 29 innebär
1031 1548 42 20 en
1097 1537 195 40 betydande
1316 1536 241 39 förstärkning
1581 1535 44 40 på

134 1595 87 29 flera
240 1595 179 29 områden.
440 1595 120 28 Ehuru
581 1594 67 29 den
669 1602 47 20 nu
736 1592 153 30 rådande
909 1592 133 29 bristen
1061 1592 44 39 på
1126 1590 213 30 arbetskraft
1358 1608 44 2 —
1421 1590 75 28 icke
1517 1589 107 29 minst

134 1650 63 28 när
219 1648 57 29 det
297 1648 108 39 gäller
428 1647 215 39 sjukvården
663 1665 44 2 —
728 1655 122 20 manar
872 1645 52 29 till
947 1647 71 27 stor
1041 1644 223 39 försiktighet
1286 1643 11 29 i
1319 1643 98 38 fråga
1439 1652 57 20 om
1518 1642 107 29 inrät-

135 1701 103 30 tande
260 1710 42 21 av
324 1710 67 30 nya
415 1701 158 38 tjänster,
596 1701 64 28 har
683 1700 169 28 utskottet
874 1698 78 30 med
974 1699 139 38 hänsyn
1135 1697 52 29 till
1208 1697 67 29 vad
1297 1705 89 21 ovan
1408 1695 136 30 anförts
1567 1704 59 20 an-

135 1754 130 38 gående
289 1755 147 28 behovet
461 1763 41 19 av
526 1762 43 20 en
594 1752 235 40 upprustning
853 1752 44 39 på
921 1750 211 30 hithörande
1157 1749 141 30 område
1324 1749 118 29 funnit
1467 1748 50 38 sig
1542 1748 83 29 böra

135 1807 176 39 tillstyrka
334 1807 125 38 Kungl.
482 1806 125 39 Maj:ts
630 1805 140 39 förslag.

180 1860 74 29 Vad
279 1859 172 30 beträffar
475 1859 57 29 det
558 1860 10 28 i
594 1858 219 29 motionerna
839 1858 28 28 I:
885 1857 62 30 204
973 1857 63 28 och
1063 1857 45 28 II:
1126 1856 62 29 259
1215 1854 219 30 framställda
1461 1854 166 38 förslaget

136 1922 57 19 om
213 1912 86 39 höjd
320 1910 363 40 lönegradsplacering
705 1911 53 28 för
779 1909 333 30 köksföreståndare
1134 1909 63 28 och
1219 1907 205 30 biträdande
1447 1906 181 29 köksföre-

138 1966 162 29 ståndare
322 1965 58 29 vill
404 1965 169 29 utskottet
594 1964 126 33 erinra,
744 1965 49 28 att
815 1963 94 29 detta
931 1962 130 38 förslag
1084 1961 314 29 överensstämmer
1421 1959 78 29 med
1522 1958 107 29 medi-

137 2018 283 39 cinalstyrelsens
444 2018 9 28 i
478 2016 229 30 förevarande
730 2015 217 40 proposition
970 2014 203 29 redovisade
1198 2013 154 30 äskande
1381 2013 43 31 (s.
1449 2012 73 33 33).
1547 2012 82 29 För-

138 2072 109 38 slaget
267 2072 65 28 har
354 2071 177 38 avstyrkts
553 2079 42 20 av
617 2069 252 29 statskontoret
890 2069 64 28 och
977 2067 269 33 lönenämnden,
1269 2066 116 29 vilken
1409 2065 218 29 sistnämnda

139 2124 203 39 myndighet
364 2123 166 33 förordat,
553 2124 50 28 att
626 2122 207 39 spörsmålet
853 2120 211 39 hänskjutes
1087 2120 50 29 till
1164 2119 82 29 1949
1267 2119 57 29 års
1346 2118 284 39 tjänsteförteck-

139 2176 299 39 ningskommitté.
468 2174 393 40 Departementschefen
890 2175 63 28 har
982 2173 76 29 icke
1088 2172 108 29 heller
1226 2173 114 28 ansett
1370 2171 50 38 sig
1450 2171 82 28 böra
1563 2170 67 29 till-

140 2230 118 38 styrka
279 2228 378 39 medicinalstyrelsens
679 2227 138 38 förslag.
839 2226 175 30 Utskottet
1034 2234 102 19 anser
1158 2225 53 29 för
1232 2224 53 29 sin
1305 2224 65 32 del,
1392 2224 8 28 i
1422 2224 108 28 likhet
1551 2222 77 29 med

140 2282 268 32 lönenämnden,
431 2283 49 27 att
503 2280 124 38 frågan
649 2280 61 28 bör
732 2280 124 38 prövas
879 2288 41 19 av
943 2276 585 40 tjänsteförteckningskommittén
1552 2275 77 29 med

140 2336 137 37 hänsyn
292 2334 44 29 bl.
353 2343 29 19 a.
399 2334 51 28 till
467 2333 66 29 den
550 2331 372 39 lönegradsplacering,
940 2339 72 20 som
1031 2330 23 28 f.
1072 2339 32 19 n.
1121 2329 177 38 tillämpas
1315 2329 53 28 för
1386 2327 244 29 motsvarande

142 2387 158 39 personal
326 2387 57 29 vid
410 2386 180 29 försvaret.
617 2385 47 29 På
690 2385 110 37 grund
827 2384 108 28 härav
961 2384 36 28 är
1024 2383 168 28 utskottet
1220 2382 74 28 icke
1320 2382 108 28 berett
1456 2380 174 39 tillstyrka

141 2440 96 29 bifall
262 2440 50 28 till
338 2439 217 29 motionerna
580 2438 28 29 I:
625 2437 63 30 204
711 2438 62 28 och
799 2437 44 29 II:
860 2437 73 28 259.

143 2503 17 28 2
183 2492 27 51 —
230 2502 134 37 Bihang
386 2501 52 28 till
456 2499 204 39 riksdagens
680 2498 175 39 protokoll
877 2498 132 28 1950..6
1028 2496 99 29 saml.
1148 2497 47 28 Nr
1219 2496 180 28 123—-1206.
