1922 2822
587 161 275 32 Statsutskottets
881 162 176 32 utlåtande
1075 163 48 31 Nr
1149 164 48 30 26.
1623 158 18 31 3

677 301 413 52 Kapitalbudgeten.

507 404 163 35 Fonden
693 404 64 34 för
780 405 130 44 förlag
932 406 61 33 till
1018 406 252 34 statsverket.

177 492 68 41 3:0)
291 493 386 38 Sprängningsarbeten
706 504 46 23 m.
783 505 47 22 m.
860 496 56 30 för
946 496 217 37 oljelagring.
1203 496 208 37 Ytterligare
1439 497 116 30 medel
1587 496 51 31 till

132 545 380 37 sprängningsarbeten
536 556 46 21 m.
606 556 46 21 m.
675 546 56 31 för
755 547 217 37 oljelagring.
997 547 391 37 Cisternanläggningar
1413 547 57 31 för
1495 548 143 36 oljelag-

133 595 86 37 ring.
236 596 208 37 Ytterligare
462 598 115 29 medel
595 597 51 31 till
665 597 384 38 cisternanläggningar
1067 599 56 30 för
1142 598 218 37 oljelagring.
1378 598 261 37 Anläggningar

133 646 55 30 för
210 647 207 37 oljelagring
440 656 91 22 ovan
553 648 90 36 jord.
664 648 15 30 I
701 649 268 36 propositionen
992 659 42 20 nr
1056 650 18 29 2
1097 650 63 30 har
1184 649 124 37 Kungl.
1334 649 100 36 Maj:t
1460 649 127 39 (punkt
1610 650 28 34 1,

134 697 60 30 sid.
224 698 174 29 317—322
427 708 42 20 av
496 698 57 30 det
581 698 56 30 vid
665 699 260 37 propositionen
954 699 113 31 såsom
1094 700 112 36 bilaga
1234 701 39 29 21
1304 700 123 35 fogade
1457 699 180 31 statsråds-

132 748 208 36 protokollet
359 749 80 29 över
457 749 300 30 handelsärenden
777 749 55 30 för
852 750 66 29 den
937 750 19 30 3
975 749 138 37 januari
1135 749 94 39 1941)
1256 749 175 37 föreslagit
1451 750 184 36 riksdagen

133 801 47 28 att
198 798 20 31 å
239 798 203 37 tilläggsstat
460 799 32 29 II
511 798 51 31 till
580 798 184 32 riksstaten
784 800 55 30 för
856 799 201 37 budgetåret
1079 797 134 41 1940/41
1236 800 119 31 anvisa

176 849 71 31 dels
267 849 51 31 till
339 850 377 37 Sprängningsarbeten
735 861 45 20 m.
801 861 45 20 m.
866 851 56 31 för
940 851 203 37 oljelagring
1162 855 46 28 ett
1228 852 350 37 reservationsanslag
1596 861 42 21 av

134 901 139 35 740,000
295 901 139 35 kronor,

176 950 72 31 dels
270 951 52 30 till
342 952 201 35 Ytterligare
563 953 111 29 medel
694 952 50 30 till
766 953 370 36 sprängningsarbeten
1158 963 44 20 m.
1226 963 45 21 m.
1293 952 55 31 för
1368 952 203 38 oljelagring
1591 956 46 27 ett

133 1002 350 36 reservationsanslag
509 997 50 44 (B)
583 1013 41 20 av
641 1004 175 35 3,000,000
833 1004 138 36 kronor,

175 1051 73 31 dels
262 1053 52 30 till
330 1052 381 38 Cisternanläggningar
726 1053 54 30 för
795 1053 200 37 oljelagring
1012 1057 47 27 ett
1074 1054 349 36 reservationsanslag
1438 1064 42 21 av
1497 1055 141 35 810,000

134 1105 138 34 kronor,

175 1153 73 30 dels
269 1154 51 30 till
342 1154 201 36 Ytterligare
565 1154 111 30 medel
696 1155 50 29 till
767 1155 374 37 cisternanläggningar
1162 1155 54 30 för
1237 1154 202 38 oljelagring
1463 1159 47 27 ett
1531 1165 104 21 reser-

134 1205 258 36 vationsanslag
416 1201 53 42 (B)
494 1215 42 20 av
559 1206 173 35 3,000,000
751 1206 139 35 kronor,

175 1254 73 31 dels
271 1255 65 30 ock
359 1255 50 30 till
430 1256 257 36 Anläggningar
707 1255 54 31 för
783 1255 201 37 oljelagring
1005 1266 89 21 ovan
1118 1256 76 37 jord
1217 1259 47 27 ett
1286 1256 350 37 reservationsanslag

133 1316 41 21 av
195 1307 173 35 1,670,000
386 1307 139 29 kronor.

177 1406 389 38 Departementschefen
586 1407 63 30 har
667 1408 133 30 lämnat
817 1417 42 21 en
880 1408 214 36 redogörelse
1114 1407 54 31 för
1186 1408 42 30 de
1248 1408 129 36 anslag,
1397 1417 75 21 som
1492 1407 144 37 tidigare

133 1457 151 31 anvisats
302 1467 42 20 av
361 1457 184 36 riksdagen
563 1457 55 30 för
635 1467 47 20 nu
702 1457 266 36 ifrågavarande
986 1457 162 31 ändamål
1167 1459 64 29 och
1250 1458 54 30 för
1325 1458 249 37 dispositionen
1594 1468 41 21 av

131 1509 98 30 dessa
251 1508 122 30 medel.
395 1508 49 30 Av
467 1509 66 29 den
556 1508 161 30 lämnade
739 1508 239 36 redogörelsen
1001 1507 163 37 framgår,
1188 1511 49 28 att
1259 1511 46 28 ett
1328 1509 229 35 sammanlagt
1580 1508 55 31 be-

131 1558 80 37 lopp
236 1568 43 20 av
306 1558 193 35 19,550,000
522 1559 130 29 kronor
673 1558 144 36 tidigare
842 1558 150 31 anvisats
1016 1559 51 29 till
1090 1558 248 37 anläggningar
1361 1558 53 31 för
1438 1559 133 36 lagring
1594 1569 41 20 av

133 1609 157 38 flytande
312 1609 171 30 bränslen.

175 1659 14 30 I
210 1660 164 30 skrivelse
396 1659 66 30 den
484 1660 19 29 3
523 1658 138 38 januari
686 1660 80 29 1941
790 1660 65 30 har
874 1660 77 36 väg-
975 1660 64 29 och
1062 1659 463 37 vattenbyggnadsstyrelsen
1546 1659 89 38 gjort

132 1710 256 36 framställning
415 1719 57 21 om
499 1710 195 37 ytterligare
723 1710 314 36 medelsanvisning
1065 1711 50 30 till
1143 1709 221 37 fullföljande
1392 1720 41 21 av
1462 1711 42 30 de
1532 1710 104 37 enligt

132 1761 65 30 den
220 1771 44 20 av
284 1760 380 37 departementschefen
686 1761 163 30 lämnade
870 1761 238 35 redogörelsen
1131 1760 189 38 påbörjade
1346 1762 81 29 eller
1449 1761 186 37 planerade

132 1811 458 37 lagringsanläggningarna.
615 1811 171 37 Styrelsen
810 1811 65 30 har
898 1810 44 38 på
963 1810 147 32 anförda
1133 1812 74 29 skäl
1232 1811 184 36 hemställt,
1440 1814 49 27 att
1513 1812 122 35 Kungl

133 1861 99 37 Maj:t
258 1861 107 31 måtte
389 1860 126 32 föreslå
540 1862 172 35 rikslagen
760 1864 49 28 att
832 1861 20 30 å
877 1861 203 37 tilläggsstat
1106 1861 53 30 för
1182 1861 202 36 budgetåret
1411 1858 138 36 1940/41
1578 1871 57 20 an-

133 1912 71 30 visa
225 1912 156 36 följande
400 1912 129 35 anslag,
549 1912 173 35 nämligen
740 1911 73 30 dels
832 1912 49 29 till
901 1911 369 37 sprängningsarbeten
1291 1921 45 20 m.
1357 1922 44 20 m.
1424 1911 55 31 för
1498 1911 137 36 oljelag-

131 1962 74 36 ring
231 1965 47 27 ett
305 1962 349 35 reservationsanslag
682 1971 42 20 av
751 1962 140 34 740,000
918 1962 138 35 kronor,
1083 1961 72 30 dels
1180 1962 51 30 till
1260 1961 377 37 cisternanläggningar

132 2012 53 30 för
205 2012 202 37 oljelagring
425 2015 46 27 ett
490 2012 111 37 dylikt
621 2012 118 35 anslag
759 2021 42 21 av
820 2012 141 35 810,000
981 2013 138 34 kronor,
1140 2011 71 30 dels
1233 2012 65 29 ock
1317 2012 50 30 till
1388 2011 249 37 anläggningar

133 2062 53 31 för
207 2063 202 37 oljelagring
429 2072 90 20 ovan
540 2062 78 37 jord
638 2065 47 27 ett
705 2062 111 36 dylikt
840 2062 118 36 anslag
981 2072 42 20 av
1047 2063 171 34 1,270,000
1239 2063 139 29 kronor.

176 2113 390 37 Departementschefen
584 2113 63 29 har
668 2112 54 30 för
741 2121 84 28 egen
847 2112 53 30 del
920 2112 115 30 anfört
1056 2111 166 36 följande:

173 2172 63 35 Jag
258 2171 197 37 tillstyrker,
479 2173 48 28 att
547 2171 111 29 medel
679 2171 138 30 anvisas
838 2171 53 30 för
910 2171 216 30 slutförande
1147 2181 42 20 av
1211 2170 265 36 ifrågavarande
1497 2171 136 36 anlägg-

131 2213 242 36 ningsarbeten
392 2213 10 29 i
422 2213 150 35 enlighet
591 2213 78 30 med
690 2213 67 30 vad
778 2213 78 35 väg-
877 2213 64 30 och
962 2213 464 37 vattenbyggnadsstyrelsen
1449 2213 185 36 föreslagit.

131 2255 217 30 Framhållas
370 2254 57 31 må
447 2258 59 31 att,
530 2255 104 35 enligt
655 2255 66 29 vad
744 2254 57 37 jag
823 2255 180 30 inhämtat.
1028 2255 41 30 de
1090 2255 53 29 för
1165 2255 295 36 anläggningarna
1484 2256 150 30 avsedda

130 2298 210 29 cisternerna
359 2297 172 35 praktiskt
552 2299 89 33 taget
661 2297 60 29 äro
743 2296 133 36 färdiga
898 2297 80 29 eller
998 2297 109 29 under
1127 2297 125 29 arbete.

175 2338 251 30 Erfarenheten
454 2338 101 36 visar,
587 2341 48 27 att
662 2338 56 29 det
746 2338 274 30 understundom
1050 2339 68 29 kan
1147 2347 82 22 vara
1261 2338 297 37 ändamålsenligt,
1588 2342 47 27 att

133 2383 108 28 staten
272 2380 179 30 förvärvar
478 2380 66 29 den
572 2380 110 35 mark,
709 2379 20 30 å
756 2380 113 29 vilken
898 2380 294 36 anläggningarna
1220 2380 177 37 uppföras.
1438 2382 63 35 Jag
1530 2380 106 31 förut-

132 2424 103 29 sätter
256 2425 59 33 att,
338 2422 55 30 vid
416 2422 98 30 sidan
536 2432 41 20 av
597 2421 116 36 övriga
734 2422 79 29 med
833 2422 293 35 anläggningarna
1148 2422 165 30 förenade
1333 2422 150 36 utgifter,
1506 2421 130 37 jämväl

131 2464 234 30 kostnaderna
387 2463 53 30 för
463 2463 202 36 erforderlig
686 2463 329 36 markanskaffning
1037 2463 57 31 må
1117 2463 169 32 bestridas
1308 2464 77 31 från
1408 2465 227 31 förevarande
