1860 2790
444 176 285 31 Statsutskottets
754 175 180 30 utlåtande
959 184 42 20 nr
1023 174 42 30 36
1089 174 40 30 år
1156 174 82 29 1956
1581 172 15 30 1

764 443 60 41 Nr
850 443 52 41 36

315 546 184 31 Utlåtande
529 546 11 30 i
569 545 191 40 anledning
788 554 43 20 av
859 544 127 40 Kungl.
1015 544 124 40 Maj:ts
1169 542 216 41 proposilion
1415 541 179 40 angående

538 597 91 29 vissa
657 596 191 39 ändringar
876 596 12 29 i
914 594 399 41 polislönereglementet
1341 602 45 22 m.
1415 601 45 21 m.
1487 592 110 40 jämte

537 647 11 30 i
574 648 119 29 ämnet
723 646 122 31 väckta
873 645 183 30 motioner.

1355 693 73 34 (5:e
1453 693 94 33 avd.)

138 794 13 29 I
176 791 262 42 propositionen
463 800 41 20 nr
528 790 41 30 48
592 790 64 31 har
680 789 125 39 Kungl.
830 787 120 41 Maj:t;
971 788 110 30 under
1106 787 220 40 åberopande
1350 796 42 20 av
1414 786 108 39 bilagt
1545 787 53 28 ut-

95 843 86 39 drag
204 853 42 20 av
268 841 384 41 statsrådsprotokollet
674 842 80 28 över
776 839 236 30 civilärenden
1034 839 55 30 för
1111 839 67 29 den
1202 838 40 30 20
1264 837 142 42 januari
1431 836 93 34 1956,
1548 836 51 30 fö-

96 893 143 41 reslagit
264 892 187 40 riksdagen
476 894 50 28 att
553 892 33 33 1)
615 891 210 39 bemyndiga
849 890 127 39 Kungl.
1003 889 106 39 Maj:t
1133 890 52 29 att
1208 888 139 40 vidtaga
1372 887 189 40 ändringar
1588 886 9 29 i

95 943 399 41 polislönereglementet
524 942 66 30 den
624 941 40 30 14
696 942 70 39 maj
802 940 84 30 1954
923 940 58 34 (nr
1015 939 80 34 226)
1132 940 11 29 i
1173 938 235 40 huvudsaklig
1439 939 160 29 överens-

96 994 202 30 stämmelse
320 994 78 30 med
421 993 57 31 det
501 993 116 30 såsom
638 992 115 40 bilaga
775 992 26 30 B
823 991 58 31 vid
905 990 384 41 statsrådsprotokollet
1312 989 125 39 fogade
1460 988 139 30 förfatl-

96 1045 287 39 ningsförslaget;
408 1044 36 35 2)
472 1044 9 29 i
504 1043 112 40 övrigt
640 1043 185 39 godkänna
849 1051 41 21 av
913 1040 386 41 departementschefen
1322 1039 185 30 förordade
1531 1039 69 30 för-

95 1095 75 40 slag
191 1104 58 21 om
269 1095 153 30 ändrade
444 1094 151 40 grunder
616 1094 55 30 för
693 1092 363 40 lönegradsplacering
1077 1100 42 20 av
1140 1090 345 41 polismanstjänster
1508 1091 92 28 samt

96 1155 60 20 om
181 1145 147 40 ändring
353 1146 11 29 i
390 1144 412 40 avlöningsförmånerna
827 1143 55 30 för
907 1142 300 40 polispersonalen
1232 1151 45 20 m.
1303 1150 61 26 m.;
1392 1140 35 34 3)
1456 1140 144 39 bemyn-

96 1196 82 40 diga
201 1195 125 40 Kungl.
351 1195 106 40 Maj:t
481 1197 50 28 att
555 1194 143 31 utfärda
722 1195 41 29 de
787 1193 467 40 övergångsbestämmelser,
1283 1201 75 21 som
1382 1191 70 30 kan
1475 1191 48 30 bli
1549 1199 50 21 er-

96 1247 190 39 forderliga
305 1247 11 29 i
336 1246 188 39 anledning
545 1255 42 21 av
608 1246 42 29 de
672 1245 111 30 under
805 1244 34 34 1)
864 1244 64 30 och
952 1244 35 34 2)
1012 1243 234 30 omförmälda
1267 1242 175 40 förslagen
1463 1241 65 30 och
1548 1243 51 29 att

95 1298 134 39 jämväl
253 1297 11 29 i
288 1297 111 39 övrigt
424 1296 138 39 vidtaga
588 1295 228 39 erforderliga
840 1295 161 39 åtgärder
1026 1294 55 30 för
1105 1294 195 39 förslagens
1326 1292 273 40 genomförande

97 1348 44 30 fr.
165 1357 30 21 o.
217 1357 45 21 m.
284 1348 66 29 den
374 1348 14 30 1
412 1347 66 40 juli
502 1347 98 35 1956;
626 1348 91 29 samt
739 1346 36 33 4)
801 1345 209 40 bemyndiga
1031 1344 126 40 Kungl.
1180 1344 106 39 Maj:t
1310 1345 51 28 att
1381 1343 54 30 för
1456 1343 144 39 budget-

96 1399 76 29 året
200 1398 147 35 1956/57
375 1398 121 39 medge
520 1397 58 30 det
601 1396 273 31 överskridande
899 1404 43 22 av
965 1396 68 29 den
1056 1395 11 29 i
1092 1395 299 38 avlöningsstaten
1416 1393 54 30 för
1495 1393 105 40 polis-

97 1449 111 30 kåren
238 1449 11 29 i
279 1449 118 30 Boden
426 1449 179 39 upptagna
635 1447 266 39 anslagsposten
931 1445 52 30 till
1016 1445 204 39 avlöningar
1250 1445 52 29 till
1331 1444 268 30 icke-ordinarie

98 1499 174 41 personal,
298 1508 75 21 som
398 1499 71 30 kan
494 1497 201 31 föranledas
721 1506 42 20 av
788 1497 66 30 vad
880 1496 147 30 sålunda
1054 1494 209 40 föreslagits.

709 1601 267 43 Propositionen

144 1676 14 29 I
184 1674 262 41 propositionen
472 1673 234 31 underställes
732 1672 207 40 riksdagens
964 1671 172 41 prövning
1163 1671 131 39 förslag
1321 1671 50 29 till
1399 1670 92 31 vissa
1518 1670 84 30 änd-

99 1726 119 39 ringar
234 1725 11 30 i
259 1724 397 41 polislönereglementet
673 1733 44 20 m.
735 1733 45 20 m.
797 1723 191 39 Förslagen
1002 1722 154 40 grundar
1173 1722 51 39 sig
1239 1721 45 40 på
1301 1730 42 21 en
1357 1721 245 30 överenskom-

99 1776 117 34 melse,
235 1785 76 20 som
326 1793 44 4 —
389 1775 111 30 under
518 1774 256 39 förutsättning
791 1782 42 21 av
851 1772 126 40 Kungl.
997 1772 123 39 Maj:ts
1139 1772 66 30 och
1222 1772 206 39 riksdagens
1447 1771 154 39 godkän-

99 1826 115 30 nande
230 1844 44 3 —
289 1826 67 30 den
376 1826 38 30 15
432 1825 180 31 december
633 1825 83 29 1955
734 1823 142 31 träffats
895 1825 79 28 med
991 1823 321 39 Tjänstemännens
1331 1821 271 40 centralorgani-

99 1877 114 29 sation
230 1876 65 30 och
312 1876 154 30 Svenska
482 1875 291 40 polisförbundet,
792 1874 66 30 och
875 1873 146 30 innebär
1039 1873 10 29 i
1066 1873 187 29 huvudsak
1271 1872 168 39 följande.

143 1927 67 30 För
228 1927 66 30 den
310 1925 268 31 icke-ordinarie
594 1924 301 41 polispersonalen
912 1924 164 29 avkortas
1094 1923 96 29 tiden
1210 1922 54 30 för
1280 1922 189 30 befordran
1486 1922 54 29 till
1558 1922 44 30 Ce

102 1977 39 31 13
156 1977 53 30 till
226 1978 14 29 1
258 1977 37 29 år
310 1976 65 30 och
390 1976 54 30 för
458 1976 190 30 befordran
663 1975 53 29 till
731 1975 43 30 Ce
791 1974 38 30 15
847 1974 52 29 till
917 1974 18 29 3
950 1973 49 30 år.
1016 1973 185 30 Ordinarie
1218 1972 276 40 poliskonstapel
1512 1972 90 29 skall

99 2037 83 21 vara
200 2027 162 40 placerad
380 2026 11 30 i
410 2027 46 30 Ca
478 2026 48 30 15.
545 2026 67 30 För
631 2025 200 30 inrättande
851 2033 42 21 av
912 2024 109 30 förste
1039 2023 409 40 poliskonstapelstjänst
1466 2024 10 29 i
1496 2023 45 29 Ca
1562 2022 38 30 17

100 2078 90 29 skall
209 2078 89 39 gälla
317 2077 154 31 ändrade
488 2077 162 39 grunder,
668 2076 94 29 vilka
780 2075 137 30 medför
935 2084 42 20 en
994 2074 170 39 väsentlig
1181 2073 210 39 förbättring
1408 2082 41 21 av
1465 2072 138 30 beford-

100 2128 368 39 ringsmöjligheterna
490 2127 55 30 för
569 2126 255 40 polispersonal
848 2126 79 29 med
951 2124 305 40 arbetsuppgifter,
1282 2124 54 29 för
1359 2124 93 29 vilka
1476 2123 128 30 befäls-

101 2178 198 39 utbildning
318 2178 76 29 icke
415 2179 38 28 är
474 2177 215 39 erforderlig.
713 2177 12 29 I
747 2176 99 38 fråga
866 2184 57 20 om
945 2174 364 40 lönegradsplacering
1330 2183 41 20 av
1391 2173 127 30 befäls-
1538 2173 65 30 och

101 2228 367 39 kriminaltjänsterna
497 2227 147 30 föreslås
674 2226 105 30 också
808 2225 93 30 vissa
931 2225 199 38 ändringar.
1162 2225 187 38 Förslagen
1381 2223 222 30 beträffande

100 2280 68 29 den
187 2278 175 30 ordinarie
383 2277 300 40 polispersonalen
706 2276 136 30 medför
863 2274 242 40 uppflyttning
1126 2284 41 21 av
1188 2274 233 39 sammanlagt
1441 2274 163 38 omkring

104 2329 94 30 1500
216 2328 159 40 tjänster.

146 2377 332 42 Ekiperingsbidrag
505 2377 52 30 till
582 2376 176 31 ordinarie
784 2375 83 31 eller
893 2376 97 28 extra
1014 2374 176 30 ordinarie
1216 2373 174 40 polisman
1417 2374 89 29 skall
1532 2373 71 30 tills

103 2430 128 34 vidare,
258 2429 38 30 så
322 2429 100 38 länge
449 2427 132 30 central
608 2425 367 41 inköpsorganisation
1003 2425 53 30 för
1082 2424 355 40 uniformspersedlar
1464 2424 140 33 saknas,

103 2481 83 37 utgå
205 2480 78 29 med
303 2479 62 30 420
384 2479 130 29 kronor
532 2478 55 29 för
607 2477 48 30 år.

132 2545 13 26 1
187 2547 112 30 Bihang
310 2546 45 24 till
367 2545 168 31 riksdagens
546 2544 146 31 protokoll
706 2545 74 23 1956.
800 2544 15 23 6
827 2543 83 24 saml.
931 2543 39 24 Nr
983 2545 30 23 36
