2220 2620
418 201 119 33 Första
562 203 206 31 kammarens
791 204 138 30 andra
953 204 174 40 tillfälliga
1152 205 136 30 utskotts
1313 204 168 31 utlåtande
1504 206 50 30 Nr
1577 208 49 28 17.
1754 208 29 27 11

227 281 46 27 ett
308 277 153 39 betydligt
495 279 84 29 antal
617 280 196 36 människor,
839 280 80 29 hade
942 280 59 30 den
1027 282 94 35 skatt,
1146 291 68 20 som
1240 282 100 29 under
1364 283 193 36 benämning
1581 293 37 19 av
1642 283 107 29 tionde
1772 283 58 29 och

227 320 234 30 hammarskatt
495 331 36 19 av
566 322 121 29 bruken
723 323 145 38 utgjorts,
904 324 77 28 varit
1010 333 37 20 en
1073 324 47 29 för
1143 327 102 26 staten
1271 325 100 36 viktig
1394 325 237 29 inkomstkälla.
1677 325 59 29 Till
1762 335 68 27 gen-

227 362 72 36 gäld
333 363 105 29 härför
471 363 81 29 hade
586 364 58 28 ock
678 364 105 29 denna
818 365 110 36 näring
955 366 184 29 omhuldats
1164 367 70 28 från
1258 369 118 26 statens
1399 366 78 34 sida,
1501 368 58 28 och
1583 367 37 29 då
1647 368 183 36 erforderlig

228 404 132 37 tillgång
394 405 48 29 till
476 406 270 37 skogsprodukter
774 407 118 37 utgjort
915 411 45 25 ett
983 417 38 21 av
1044 407 38 29 de
1107 408 282 37 huvudsakligaste
1412 408 154 30 villkoren
1592 410 47 28 för
1663 410 167 36 näringens

228 446 131 30 bestånd
395 447 58 29 och
488 448 192 37 utveckling,
716 448 80 29 hade
831 449 46 28 för
912 449 182 30 ändamålet
1122 451 138 31 anvisats
1284 450 159 35 åtskilliga
1467 451 220 36 kronoskogar.
1734 451 96 29 Dessa

227 489 81 29 hade
342 489 47 29 till
424 499 37 19 en
498 490 111 37 början
645 490 163 29 innehafts
843 491 197 37 avgiftsfritt;
1076 501 73 19 men
1182 492 130 38 jämlikt
1335 492 108 36 kungl.
1470 493 105 28 brevet
1598 493 60 28 den
1686 494 36 27 14
1746 503 83 19 mars

229 530 79 30 1689
343 531 80 28 hade
445 531 189 37 järnverken
659 532 48 28 för
731 531 38 29 de
793 531 72 29 dem
890 533 152 37 anslagna
1065 534 112 36 skogar
1203 534 117 36 belagts
1344 534 73 28 med
1441 544 37 18 en
1503 534 62 29 viss
1588 534 77 36 årlig
1689 535 140 28 arrende-

226 572 76 30 eller
336 573 327 36 rekognitionsavgift,
699 573 106 29 vilken
840 575 104 35 utgått
977 584 38 19 av
1049 576 311 37 stångjärnshamrar
1394 576 73 28 med
1491 576 17 28 2
1532 578 51 26 öre
1607 576 58 29 och
1689 585 38 20 av
1751 585 77 20 mas-

226 624 100 28 ugnar
359 614 73 29 med
459 615 13 27 1
498 616 51 27 öre
583 614 189 39 silvermynt
805 615 48 29 för
886 616 87 38 varje
997 619 141 26 stavrum
1163 616 69 35 ved,
1256 626 67 20 som
1352 617 79 29 efter
1454 617 233 38 uppskattning
1710 620 118 27 ansetts

226 665 74 21 vara
333 656 48 29 för
416 656 216 29 bruksdriften
668 656 159 37 behövligt
861 658 57 28 och
947 658 124 29 kunnat
1099 659 72 28 med
1197 659 133 35 skogens
1355 659 133 29 bestånd
1512 660 160 29 avverkas.
1718 660 111 28 Denna

225 698 101 37 avgift
360 698 80 29 hade
473 698 128 39 jämlikt
635 699 109 37 kungl.
770 700 106 28 brevet
899 699 60 30 den
984 700 38 28 24
1047 700 172 30 november
1244 700 78 30 1747
1347 701 85 38 höjts
1456 701 49 29 till
1528 702 177 37 respektive
1729 702 18 28 6
1770 702 58 29 och

226 741 18 29 3
268 743 51 27 öre
353 740 189 39 silvermynt
575 741 48 29 för
656 742 88 38 varje
778 745 150 26 stavrum.
975 742 45 29 De
1054 752 22 20 s.
1102 743 29 28 k.
1166 743 107 29 ädlare
1307 743 115 29 verken
1457 745 150 28 ävensom
1641 745 188 37 järngruvor

225 782 104 30 skulle
362 782 81 30 dock
470 782 131 40 jämlikt
624 783 108 38 kungl.
758 784 107 29 brevet
887 784 60 29 den
973 784 16 29 7
1014 785 172 29 november
1211 785 80 29 1690
1314 786 58 28 och
1396 785 107 38 kungl.
1528 786 214 29 resolutionen
1767 786 59 29 den

227 825 35 29 11
288 824 165 30 december
489 825 79 29 1696
591 826 127 38 åtnjuta
746 825 142 30 befrielse
911 827 69 28 från
1004 827 96 29 sådan
1127 827 108 38 avgift.
1281 827 111 30 Såsom
1416 828 113 29 villkor
1551 828 49 29 för
1623 827 205 38 begagnande

225 877 38 20 av
297 867 141 30 nämnda
471 867 112 37 skogar
617 868 82 29 hade
732 868 10 28 i
776 868 175 30 allmänhet
984 869 18 29 å
1035 869 225 37 verksägarnas
1293 869 68 30 sida
1394 870 77 37 gällt
1508 873 45 26 att
1591 869 235 30 bruksrörelsen

224 909 161 30 fortsattes
419 909 58 29 och
511 909 155 38 skogarna
699 909 69 30 icke
801 910 128 30 anlitats
962 913 111 27 utöver
1106 911 61 30 vad
1190 912 48 29 för
1261 912 132 28 verkens
1417 912 102 30 behov
1542 912 111 34 kräfts,
1677 914 151 33 varemot,

226 951 59 30 och
319 951 48 29 för
390 951 33 29 så
446 952 59 29 vitt
528 951 60 29 den
611 951 55 30 vid
689 952 133 29 verkens
846 952 190 38 anläggning
1059 950 239 41 privilegierade
1321 953 203 38 tillverkning
1547 954 81 29 varit
1651 954 40 37 på
1714 953 113 31 virkes-

225 993 77 37 fång
334 993 70 29 från
438 995 119 28 statens
591 993 114 36 skogar
738 993 154 38 grundad,
927 998 102 26 staten
1063 995 69 29 icke
1166 998 120 27 ansetts
1318 998 57 35 äga
1407 997 62 28 rätt
1493 998 54 33 att,
1570 996 35 29 så
1628 996 91 37 länge
1742 1005 85 29 nyss-

226 1034 140 31 nämnda
399 1035 114 30 villkor
546 1045 38 20 av
618 1036 207 38 verksägaren
863 1036 171 39 fullgjorts,
1072 1037 151 30 återkalla
1261 1037 61 29 den
1360 1037 118 30 skedda
1514 1037 210 38 upplåtelsen.
1781 1038 47 29 Då

224 1077 239 38 ifrågavarande
496 1078 113 37 skogar
642 1078 67 30 ofta
744 1078 79 30 varit
854 1081 106 33 större,
995 1081 39 27 än
1069 1089 68 20 som
1172 1080 48 29 för
1253 1080 133 29 verkens
1416 1080 100 29 behov
1539 1079 205 36 erfordrades,
1768 1080 59 29 och

223 1123 104 27 staten
360 1120 135 30 sålunda
528 1126 78 24 utan
641 1123 47 27 att
721 1130 101 29 gagna
854 1121 209 38 verksägarne
1086 1123 67 37 gått
1175 1123 95 28 miste
1292 1131 52 20 om
1369 1122 59 30 den
1453 1122 151 35 inkomst,
1628 1132 68 20 som
1720 1121 108 31 kunde

225 1162 134 30 erhållas
394 1172 38 20 av
463 1162 38 30 de
534 1163 48 29 för
619 1163 133 30 verkens
789 1164 146 29 fortsatta
972 1164 194 30 bedrivande
1203 1164 191 38 överflödiga
1431 1164 280 38 skogsområdena,
1747 1164 80 30 hade

224 1214 114 28 genom
372 1204 108 39 kungl.
516 1205 210 38 kungörelsen
760 1205 61 30 den
845 1206 18 29 4
887 1206 140 30 februari
1052 1206 78 29 1811
1164 1207 206 35 föreskrivits,
1398 1206 97 30 bland
1519 1211 108 31 annat,
1652 1210 53 32 att,
1729 1207 97 29 sedan

223 1247 87 39 varje
343 1247 292 38 rekognitionsskog
670 1247 93 30 blivit
795 1249 17 28 å
846 1248 88 30 karta
968 1248 142 31 avfattad
1144 1250 59 29 och
1236 1248 239 39 undersökning
1507 1251 52 35 ägt
1592 1259 71 20 rum
1698 1249 48 30 till
1780 1251 46 27 ut-

223 1290 140 29 rönande
396 1299 38 20 av
467 1290 124 29 verkets
625 1290 103 30 behov
762 1299 38 21 av
833 1290 267 39 skogsprodukter
1122 1291 59 29 och
1205 1292 83 28 huru
1312 1291 127 39 mycket
1462 1300 68 21 som
1554 1291 48 29 för
1625 1291 86 30 detta
1734 1291 92 30 ända-

224 1331 66 30 mål
324 1332 123 29 kunnat
479 1332 157 39 påräknas
669 1333 71 29 från
768 1332 73 30 dem
865 1342 38 20 av
925 1333 124 30 verkets
1073 1342 80 28 egna
1176 1334 121 37 skogar,
1322 1335 41 37 på
1385 1333 85 29 vilka
1493 1334 116 29 smidet
1632 1334 81 30 varit
1736 1343 90 28 grun-

223 1373 65 35 dat,
322 1377 83 26 eamt
432 1374 9 29 i
464 1374 60 30 vad
548 1375 75 29 mån
646 1375 336 37 rekognitionsskogen
1005 1376 81 29 varit
1108 1375 48 29 för
1179 1375 53 30 det
1255 1375 197 30 återstående
1476 1375 135 30 behovet
1634 1375 194 38 erforderlig,

223 1415 236 30 vederbörande
493 1416 189 39 myndighet
708 1416 103 30 skulle
834 1426 114 28 genom
971 1417 105 37 utslag
1099 1417 187 36 bestämma,
1310 1417 158 30 huruvida
1490 1417 336 38 rekognitionsskogen

223 1458 10 28 1
256 1458 49 29 sin
329 1458 108 30 helhet
470 1458 75 30 eller
578 1458 113 30 endast
724 1468 39 20 en
787 1458 63 31 viss
873 1458 51 30 del
948 1458 96 31 därav
1068 1460 70 29 bort
1160 1459 33 30 få
1215 1459 102 30 under
1340 1459 114 30 bruket
1477 1459 193 35 bibehållas;
1695 1462 46 27 att
1763 1459 61 30 den

223 1500 109 31 verket
359 1500 190 30 tillerkända
572 1500 181 38 skogstrakt
776 1501 111 36 skulle,
912 1501 56 30 där
991 1501 124 31 verkets
1139 1504 93 36 ägare
1254 1501 141 30 önskade
1417 1501 188 39 skatteköpa
1628 1501 196 36 densamma,

223 1542 49 30 till
306 1542 199 30 hemmantal
538 1542 122 31 indelas
684 1543 58 30 och
766 1543 201 39 skattläggas,
991 1544 110 30 varvid
1125 1544 39 30 de
1187 1544 49 30 för
1259 1544 124 30 verkets
1406 1544 135 38 räkning
1565 1545 18 28 å
1606 1544 119 38 skogen
1748 1553 76 29 upp:

222 1587 94 35 tagna
349 1587 70 37 torp
453 1585 74 30 eller
560 1585 310 38 odlingslägenheter
903 1586 104 30 skulle
1040 1586 102 30 bildas
1176 1590 154 26 stommar
1352 1587 49 29 för
1424 1586 38 30 de
1484 1596 63 29 nya
1570 1587 162 35 hemman,
1756 1596 69 20 som

223 1627 137 30 kommit
394 1629 45 28 att
473 1637 39 21 av
544 1628 228 37 skogsmarken
807 1628 112 36 bildas,
954 1628 58 30 och
1046 1629 88 39 varje
1167 1628 67 30 helt
1261 1629 122 29 mantal
1406 1628 137 30 tilldelas
1566 1629 70 29 från
1663 1629 90 35 1,200
1776 1629 48 29 till

222 1670 58 29 och
304 1670 74 29 med
401 1670 92 36 3,000
516 1670 170 36 tunnland,
711 1670 56 30 allt
789 1671 80 29 efter
892 1670 149 30 markens
1070 1671 221 30 beskaffenhet
1313 1671 58 30 och
1396 1670 165 38 bördighet
1584 1673 84 27 samt
1691 1671 133 37 skogens

221 1712 145 30 återväxt
399 1712 59 30 och
491 1712 98 38 årliga
622 1712 191 39 avkastning
846 1722 42 20 m.
913 1722 56 25 m.;
1004 1716 83 27 samt
1120 1715 46 28 att
1189 1713 123 30 verkets
1335 1716 90 35 ägare
1448 1713 102 29 skulle
1573 1712 135 30 medelst
1731 1713 95 37 erläg-

221 1753 103 39 gande
357 1764 39 21 av
422 1763 55 21 sex
501 1755 48 29 års
572 1757 109 27 räntor
704 1755 79 30 efter
806 1755 196 30 kronovärde
1026 1755 50 30 till
1099 1755 103 30 skatte
1225 1755 83 39 köpa
1331 1755 39 30 de
1392 1755 133 30 sålunda
1548 1755 170 30 tillkomna
1740 1755 85 29 hem-

222 1806 116 20 manen
373 1796 73 30 med
480 1796 182 39 skyldighet
695 1796 66 31 dels
796 1800 44 27 att
874 1799 111 36 utgöra
1018 1800 160 33 räntorna,
1212 1800 86 28 emot
1332 1797 53 30 det
1408 1800 46 27 att
1476 1797 60 30 den
1561 1796 114 31 dittills
1699 1796 126 39 erlagda

221 1839 357 40 rekognitionsavgiften
615 1839 164 39 upphörde
813 1840 58 29 och
905 1839 67 30 dels
1007 1842 46 28 att
1087 1839 57 30 allt
1178 1840 158 38 framgent
1370 1839 159 30 bibehålla
1558 1840 194 29 hemmanen
1776 1839 49 29 till

222 1882 123 36 bruket,
369 1890 109 22 varom
502 1882 157 29 förbehåll
682 1881 104 30 skulle
809 1881 10 30 i
842 1882 214 30 skattebrevet
1078 1882 129 30 införas.
1246 1882 108 38 Enligt
1376 1882 61 30 vad
1460 1881 365 39 skatteregleringskom-

222 1924 112 30 mittén
368 1924 10 29 i
411 1924 55 30 sitt
499 1924 60 30 den
596 1924 37 29 13
667 1924 179 38 september
875 1924 79 30 1882
978 1924 136 38 avgivna
1138 1924 201 30 betänkande
1363 1923 162 38 angående
1548 1923 277 31 skatteförhållan-

221 1966 82 30 dena
336 1967 10 29 i
379 1966 82 30 riket
494 1966 171 36 meddelat,
700 1966 90 36 hade,
825 1967 74 29 med
932 1966 206 39 tillämpning
1171 1977 39 20 av
1237 1967 57 29 här
1315 1976 80 20 ovan
1419 1965 133 31 anförda
1575 1965 249 36 bestämmelser,

221 2009 340 38 rekognitionsskogar,
595 2008 148 31 indelade
777 2009 48 29 till
858 2009 152 29 hemman
1044 2019 52 20 om
1131 2009 136 38 tillhopa
1302 2009 127 30 276.921
1463 2008 131 36 mantal,
1630 2008 124 30 försålts
1777 2007 48 30 till

222 2051 186 39 verksägare
442 2054 66 27 mot
542 2051 258 39 köpeskillingar,
833 2051 102 30 vilkas
958 2051 292 30 sammanräknade
1275 2051 113 38 belopp
1412 2052 120 38 utgjort
1555 2051 134 29 allenast
1712 2050 112 36 23,423

222 2094 116 30 kronor
369 2094 37 29 41
442 2096 59 27 öre.
548 2093 82 30 Från
664 2093 88 30 äldre
785 2092 80 31 tider
887 2093 135 30 tillbaka
1044 2093 82 30 hade
1149 2103 52 20 om
1226 2093 298 38 bergshanteringen
1548 2093 10 28 i
1581 2093 163 29 allmänna
1767 2093 58 28 för-

220 2136 173 38 fattningar
425 2135 160 39 åtskilliga
619 2135 238 30 bestämmelser
896 2136 88 30 varit.
1011 2135 189 30 meddelade
1234 2135 131 30 rörande
1399 2134 66 31 dels
1500 2144 62 29 nya
1585 2135 93 30 verks
1701 2134 123 38 anlägg-

222 2179 86 37 ning,
343 2179 34 29 så
410 2181 46 27 att
489 2178 166 30 desamma
688 2179 29 38 ej
749 2177 103 31 skulle
874 2177 95 30 lända
992 2177 48 30 till
1063 2177 125 38 förfång
1211 2178 47 29 för
1281 2177 86 30 äldre
1390 2177 237 38 privilegierade
1650 2177 85 36 verk,
1759 2176 66 30 dels

221 2220 263 38 tillverkningens
519 2220 114 39 belopp
668 2220 53 30 vid
755 2221 87 38 varje
875 2219 126 31 särskilt
1035 2220 85 36 verk,
1154 2219 68 31 dels
1246 2220 68 30 .ock
1345 2219 264 38 tillgodoseendet
1632 2228 37 20 av
1693 2219 131 30 verkens

224 2263 100 31 behov
358 2273 38 21 av
424 2262 63 37 kol,
511 2262 58 32 ved
593 2263 58 31 och
676 2262 48 31 till
749 2262 131 39 kolning
903 2262 114 39 tjänlig
1040 2262 86 39 skog.
1172 2263 98 32 Dessa
1292 2262 266 38 inskränkningar
1581 2261 54 31 vid
1660 2261 164 39 bergshan-
