1890 2840
293 166 37 30 12
684 165 410 28 Konstitutionsutskottets
1117 166 162 28 utlåtande
1304 166 47 27 Nr
1370 171 48 26 16.

435 251 143 40 (Kungl.
601 253 121 38 Maj:ts
743 251 157 40 förslag.)
1236 251 208 40 (Utskottets
1466 252 156 39 förslag.)

296 328 181 32 antecknas
502 328 12 31 i
538 328 61 32 den
623 328 11 32 i
661 330 39 31 62
727 328 18 39 $
769 330 18 31 3
812 340 97 21 mom.
933 328 221 32 omförmälda
1180 328 224 39 förteckning.
1452 329 159 32 Därefter
1636 329 161 32 tillsluter

296 379 224 32 ordföranden
543 379 247 38 ytterkuvertet
811 379 60 32 och
893 379 181 38 nedlägger
1097 379 56 32 det
1174 379 12 31 i
1207 379 176 32 valurnan.

340 426 52 35 Är
411 429 250 32 innerkuvertet
682 429 29 39 ej
734 429 120 32 sådant
876 441 70 20 som
968 429 11 32 i
1003 430 38 32 63
1066 429 17 39 $
1107 430 18 31 2
1150 441 95 20 mom.
1268 441 95 20 avses
1386 429 80 32 eller
1487 429 29 38 ej
1537 430 159 32 tillslutet
1718 429 81 33 eller

296 479 111 33 finnes
445 481 19 31 å
501 480 183 32 detsamma
718 484 102 28 annat
844 480 115 32 märke
985 484 41 28 än
1052 479 426 39 ändamålsbeteckningen,
1504 480 103 32 varde
1632 480 56 33 det
1713 481 84 31 åter-

295 530 139 32 lämnat.

998 607 38 32 66
1060 605 29 40 $.

340 673 44 38 Ej
408 674 54 31 må
484 674 108 37 någon
613 673 13 32 i
646 685 111 20 annan
777 673 142 38 ordning
953 678 41 27 än
1016 685 44 20 nu
1082 678 37 27 är
1143 673 84 38 sagd
1261 676 102 29 utöva
1387 673 52 32 sin
1460 676 154 35 rösträtt;
1640 673 85 32 dock
1748 676 50 30 att

296 735 51 20 om
373 727 70 29 rätt
467 727 50 29 att
538 724 13 32 i
574 723 93 33 vissa
690 723 64 32 fall
779 723 71 33 före
873 724 91 33 valet
989 724 155 32 avlämna
1167 724 146 32 valsedel
1339 724 108 38 gäller
1470 724 66 32 vad
1560 724 13 31 i
1600 725 128 32 71—75
1756 723 45 40 $$

295 774 61 32 här
376 774 109 32 nedan
506 774 149 38 stadgas.

1002 851 38 31 69
1062 849 30 40 $.

341 918 30 31 1.
419 917 160 32 Näralla
621 937 20 3 —
676 936 29 4 —
736 936 32 4 —
797 937 29 4 —
857 937 39 4 —
917 917 192 38 röstningen
1132 917 166 32 avslutad.

340 968 31 31 2.
419 967 213 33 Omedelbart
654 967 147 32 därefter
823 970 138 35 uttagas
982 979 39 20 ur
1042 968 166 32 valurnan
1231 967 39 32 de
1293 967 74 32 däri
1390 967 167 39 nedlagda
1579 967 219 33 valkuverten

294 1017 61 33 och
391 1017 254 39 ytterkuverten
683 1021 86 29 samt
793 1017 124 33 räknas
944 1018 182 38 oöppnade.
1175 1018 136 33 Jämväl
1338 1018 125 32 räknas
1489 1018 127 32 antalet
1641 1030 159 26 personer

296 1079 70 21 som
387 1068 131 38 avgivit
535 1068 149 32 valsedel
717 1068 68 32 dels
807 1068 108 38 enligt
936 1068 284 39 anteckningarna
1239 1068 12 32 i
1272 1068 217 39 röstlängden
1522 1068 69 33 dels
1612 1068 62 33 ock
1693 1069 106 38 enligt

295 1118 63 32 den
383 1118 12 32 i
421 1120 39 31 62
488 1118 18 39 $
529 1120 18 31 3
573 1130 96 21 mom.
694 1118 222 33 omförmälda
941 1118 222 39 förteckning.
1198 1118 160 33 Därefter
1383 1119 263 38 tillkännagives
1673 1119 129 33 antalet

294 1168 190 39 valkuvert,
507 1168 127 33 antalet
656 1168 211 39 ytterkuvert
889 1173 89 28 samt
1000 1169 126 32 antalet
1147 1181 43 20 av
1211 1169 230 38 nyssnämnda
1461 1181 165 27 personer.

340 1220 30 31 3.
420 1219 262 32 Ytterkuverten
699 1219 156 38 inläggas
873 1219 12 32 i
904 1223 49 29 ett
971 1219 78 32 eller
1069 1219 86 33 flera
1173 1219 138 39 omslag.
1353 1216 34 36 Å
1406 1220 93 38 varje
1518 1220 129 38 omslag
1666 1219 133 33 anteck-

295 1281 60 20 nas
379 1269 39 32 de
437 1269 237 39 inneliggande
695 1269 270 39 ytterkuvertens
986 1270 102 32 antal.

339 1321 31 31 4.
418 1319 159 33 Därefter
603 1324 128 34 öppnas
759 1320 219 32 valkuverten
1005 1320 59 32 och
1090 1323 135 35 uttages
1252 1320 194 33 innehållet.
1494 1320 160 33 Befinnes
1681 1320 117 33 valku-

294 1374 75 28 vert
389 1382 84 20 vara
494 1374 83 28 tomt
596 1370 80 32 eller
700 1370 73 33 dess
795 1370 150 32 innehåll
966 1374 135 35 utgöras
1124 1382 43 21 av
1189 1374 102 29 annat
1312 1371 81 32 eller
1414 1382 90 21 mera
1524 1376 42 27 än
1588 1383 40 20 en
1651 1371 148 33 valsedel

294 1420 82 32 eller
395 1433 43 19 av
457 1432 39 21 en
513 1421 149 32 valsedel
681 1433 70 20 som
769 1421 66 32 kan
855 1425 142 34 antagas
1016 1433 81 20 vara
1118 1422 92 38 ogill,
1231 1421 98 40 skall,
1350 1422 103 32 sedan
1472 1422 12 32 i
1504 1422 209 32 sistnämnda
1733 1423 63 31 fal-

295 1471 52 31 len
372 1471 183 33 innehållet
578 1471 198 39 återinlagts
798 1472 12 31 i
831 1471 220 39 valkuvertet,
1078 1472 92 32 detta
1194 1471 118 39 läggas
1337 1472 106 32 åsido.
1490 1472 142 32 Antalet
1657 1472 142 32 sålunda

295 1521 200 39 åsidolagda
519 1521 180 33 valkuvert
722 1521 121 33 räknas
870 1522 61 32 och
956 1519 161 36 kuverten
1143 1522 155 38 inläggas
1326 1522 12 31 i
1365 1526 49 29 ett
1440 1522 79 32 eller
1546 1522 87 32 flera
1659 1522 140 39 omslag.

293 1568 34 36 Å
348 1572 95 38 varje
465 1573 128 37 omslag
615 1573 181 32 antecknas
818 1573 128 32 antalet
968 1573 235 38 inneliggande
1222 1573 189 32 valkuvert.

340 1623 30 31 3.
418 1622 51 33 De
488 1622 178 39 valsedlar,
686 1622 94 33 vilka
796 1622 73 33 icke
887 1623 107 38 enligt
1012 1625 20 30 4
1053 1635 96 20 mom.
1170 1623 198 39 återinlagts
1389 1624 13 31 i
1423 1623 74 33 sina
1515 1623 188 39 valkuvert,
1726 1623 72 33 ord-

295 1684 59 21 nas
377 1672 12 32 1
411 1684 147 27 grupper
580 1673 153 40 sålunda,
755 1677 51 29 att
828 1674 121 39 sedlar,
971 1674 93 32 vilka
1085 1679 57 27 äro
1165 1674 219 39 likalydande
1407 1675 73 31 med
1503 1675 162 32 avseende
1687 1675 19 32 å
1727 1674 71 33 väl-

294 1723 254 39 jarbeteckning
581 1735 70 21 som
675 1724 12 32 i
711 1725 40 32 59
779 1725 17 38 8
821 1724 105 32 andra
952 1724 131 38 stycket
1108 1729 79 33 sägs
1216 1723 162 40 (kartell-,
1405 1724 103 39 parti-
1533 1724 60 32 och
1616 1724 182 32 fraktions-

294 1773 232 40 beteckning),
551 1775 244 32 sammanföras
819 1775 12 31 i
853 1786 40 21 en
917 1787 120 26 grupp.
1082 1775 142 32 Antalet
1245 1775 170 32 valsedlar
1438 1775 12 32 i
1471 1776 92 38 varje
1587 1787 111 27 grupp
1722 1775 74 32 räk-

295 1836 70 27 nas,
388 1825 149 32 varefter
557 1825 155 32 sedlarna
733 1825 12 32 i
766 1825 92 38 varje
880 1837 110 27 grupp
1011 1825 53 32 för
1086 1825 54 39 sig
1162 1825 156 38 inläggas
1340 1825 12 32 i
1374 1829 50 29 ett
1445 1825 80 32 eller
1547 1825 88 32 flera
1659 1825 138 38 omslag.

294 1872 33 35 Å
346 1875 96 39 varje
463 1875 128 39 omslag
610 1875 180 33 antecknas
809 1876 41 32 de
871 1875 236 42 inneliggande
1128 1876 230 32 valsedlarnas
1379 1875 312 39 väljarbeteckning
1712 1879 87 29 samt

295 1926 103 32 antal.

340 1977 29 31 6.
418 1975 139 39 Omslag
590 1987 116 21 varom
726 1976 12 32 i
762 1976 106 32 denna
891 1976 164 39 paragraf
1078 1976 159 33 förmäles
1270 1976 277 33 tillhandahållas
1573 1988 42 21 av
1640 1979 157 30 statsver-

294 2025 67 33 ket.
403 2023 183 42 Omslagen
608 2026 106 40 skola,
737 2026 146 33 förutom
904 2038 84 21 ovan
1008 2027 212 32 föreskrivna
1241 2026 252 40 anteckningar,
1517 2027 106 33 förses
1647 2027 74 32 med
1743 2038 56 21 an-

294 2076 161 39 teckning
481 2076 178 33 utvisande
685 2077 232 32 valdistriktet
946 2077 59 32 där
1034 2077 247 38 förrättningen
1308 2082 81 33 äger
1417 2089 73 20 rum
1518 2081 88 29 samt
1635 2089 163 26 omsorgs-

295 2126 82 33 fullt
399 2127 165 38 förseglas
587 2127 107 32 under
716 2127 102 33 minst
838 2128 58 32 två
919 2128 224 32 närvarandes
1169 2128 102 38 sigill.

339 2179 29 31 7.
417 2177 261 39 Förrättningen
698 2177 59 33 bör
776 2181 81 28 utan
877 2178 134 32 avbrott
1029 2178 137 38 bringas
1189 2178 53 32 till
1264 2178 77 32 slut.
1386 2177 124 34 Därest
1532 2177 169 33 särskilda
1722 2178 75 33 skäl

294 2227 177 33 föranleda
492 2228 140 39 avbrott,
654 2229 54 31 må
731 2228 247 39 förrättningen
999 2228 72 32 icke
1093 2228 161 39 avbrytas
1275 2229 13 31 i
1309 2240 111 20 annan
1441 2228 141 38 ordning
1604 2233 43 27 än
1667 2232 60 35 att,
1748 2240 50 21 se-

295 2278 65 32 dan
384 2278 40 32 de
445 2278 12 32 i
477 2280 18 30 2
518 2279 60 32 och
601 2280 18 31 3
641 2290 98 21 mom.
762 2278 212 33 föreskrivna
996 2279 158 38 åtgärder
1175 2279 174 38 vidtagits,
1373 2278 267 33 verkställandet
1663 2291 42 21 av
1727 2279 38 32 de
1785 2279 12 32 i

294 2330 20 30 4
337 2329 61 32 och
422 2330 18 31 5
464 2340 96 22 mom.
582 2328 212 33 föreskrivna
816 2329 159 38 åtgärder
995 2330 13 31 i
1032 2329 50 32 sin
1106 2329 111 32 helhet
1240 2329 212 39 uppskjutes,
1478 2328 83 34 dock
1585 2328 74 33 icke
1681 2330 116 38 längre

294 2383 42 27 än
360 2379 56 32 till
438 2379 195 39 påföljande
659 2379 76 38 dag.
783 2379 108 32 Innan
918 2379 247 38 förrättningen
1191 2379 140 33 sålunda
1358 2380 168 38 avbrytes,
1553 2379 90 32 skall
1667 2380 50 32 tid
1744 2380 53 32 för

294 2428 209 34 densammas
527 2429 225 33 fortsättande
772 2429 280 39 tillkännagivas;
1075 2430 61 32 och
1159 2430 95 32 skola
1273 2430 220 32 valkuverten
1516 2429 157 39 inläggas
1697 2431 12 31 i
1732 2442 64 20 om-

295 2479 84 39 slag,
399 2480 96 32 vilka
515 2480 166 38 förseglas
700 2480 104 33 under
824 2480 103 32 minst
945 2481 57 32 två
1022 2480 225 33 närvarandes
1269 2480 103 39 sigill.
1417 2480 108 33 Dessa
1546 2481 130 38 omslag
1695 2481 101 38 jämte
