1834 2788
475 130 388 31 Jordbruksutskottets
889 129 179 30 utlåtande
1093 137 42 20 nr
1160 128 29 30 8.
1572 126 17 30 7

84 219 50 29 till
156 218 121 38 rörligt
297 217 129 39 tillägg.
447 216 228 29 Beträffande
696 216 40 29 de
758 215 199 37 föreslagna
977 213 195 39 tjänsterna
1193 212 63 29 har
1278 211 169 39 styrelsen
1469 211 117 29 anfört

85 269 165 39 följande.

131 341 173 38 Styrelsen
325 338 60 30 vill
408 335 251 40 inledningsvis
682 333 114 30 erinra
818 342 57 20 om
897 333 48 29 att
969 332 66 29 den
1056 331 82 39 plan
1161 330 53 29 för
1236 328 352 39 veterinärorganisa-

87 384 136 29 tionens
242 381 199 40 utbyggnad
461 380 77 29 med
559 379 39 29 25
619 387 68 29 nya
706 375 150 34 distrikt,
877 384 76 20 som
971 374 38 29 år
1030 373 82 30 1946
1132 372 183 40 uppgjorts
1334 371 95 29 inom
1450 370 139 30 medici-

87 425 239 39 nalstyrelsen,
347 432 147 20 numera
514 420 167 39 fullföljts
706 420 4 28 i
731 419 63 29 och
815 419 79 29 med
914 419 49 27 att
983 416 187 38 riksdagen
1190 414 164 38 medgivit
1374 413 214 29 inrättandet

87 479 41 19 av
147 471 50 28 tre
216 478 68 29 nya
301 466 143 31 distrikt
463 465 110 29 under
592 462 235 30 innevarande
846 459 178 39 budgetår.
1045 458 64 30 Vid
1129 458 66 29 den
1214 458 147 37 översyn
1380 465 42 20 av
1441 456 66 29 den
1527 464 62 20 nu-

84 512 151 29 varande
251 504 574 38 veterinärdistriktsindelningen,
841 512 75 19 som
930 501 106 40 pågår
1050 501 95 28 inom
1160 499 168 39 styrelsen
1344 498 64 29 och
1423 506 75 21 som
1512 498 77 28 när-

86 556 90 27 mast
201 552 184 29 föranletts
411 560 42 20 av
479 550 66 29 den
570 558 69 29 nya
664 544 407 38 kommunindelningen,
1097 543 63 28 har
1186 541 192 29 emellertid
1405 539 182 30 framförts

87 597 84 28 krav
192 596 44 39 på
256 594 200 39 ytterligare
478 591 151 30 distrikt.
653 589 152 30 Sålunda
827 589 64 28 har
913 585 290 39 länsstyrelserna
1224 584 9 29 i
1256 584 40 28 de
1319 584 67 32 län,
1409 583 62 28 där
1492 583 97 27 extra

86 638 211 30 veterinärer
323 636 201 30 förordnats
551 635 50 28 att
626 632 96 29 inom
748 631 92 29 vissa
866 628 167 31 områden
1059 627 136 29 biträda
1223 626 9 29 i
1259 625 131 30 arbetet
1417 625 79 29 med
1522 624 66 28 den

87 681 101 30 civila
206 676 399 42 husdjurssjukvården,
626 673 178 30 hemställt
824 675 51 27 att
894 672 100 29 dessa
1014 672 96 27 extra
1129 668 141 30 distrikt
1290 667 107 29 målte
1417 665 171 30 ombildas

87 724 51 29 till
158 722 184 30 ordinarie.
363 720 140 29 Antalet
523 718 119 39 dylika
662 717 96 28 extra
776 714 213 30 veterinärer
1009 711 133 40 uppgår
1164 710 50 29 till
1235 709 66 29 nio.
1323 708 182 38 Därjämte
1525 707 63 28 har

85 766 94 30 vissa
200 763 244 39 länsstyrelser
467 762 119 37 begärt
608 758 199 30 inrättande
832 754 233 39 sammanlagt
1088 762 42 20 av
1152 751 199 40 ytterligare
1374 750 79 38 fyra
1476 749 19 29 å
1518 748 70 30 fem

87 818 67 30 nya
173 807 150 31 distrikt.
343 806 127 29 Vidare
488 804 64 29 har
572 799 243 33 framkommit
834 797 182 31 önskemål
1035 805 57 20 om
1111 797 49 28 att
1179 795 41 29 de
1238 795 130 28 tretton
1388 790 200 31 länsveteri-

87 852 111 32 närer,
215 859 75 20 som
306 847 218 31 fortfarande
541 846 64 29 har
621 843 173 30 särskilda
809 838 323 43 praktikområden,
1150 837 88 29 skall
1254 835 130 30 befrias
1401 834 80 29 från
1497 833 92 39 skyl-

87 893 161 39 digheten
267 893 50 28 att
335 891 96 28 inom
451 890 100 29 dessa
570 886 167 31 områden
757 884 151 39 fullgöra
927 883 40 29 de
987 880 164 41 göromål,
1172 888 75 20 som
1265 878 129 39 åligger
1414 875 174 31 distrikts-

86 935 182 29 veterinär.
290 934 49 29 De
361 932 112 29 skulle
495 929 202 40 därigenom
719 937 74 20 mer
814 928 44 28 än
879 924 125 30 hittills
1026 924 122 28 kunna
1168 923 88 37 ägna
1277 919 51 40 sig
1349 919 34 30 åt
1406 919 76 28 sina
1503 926 86 30 upp-

87 977 102 39 gifter
212 976 115 29 såsom
351 972 302 31 länsveterinärer.
678 970 174 39 Styrelsen
876 976 101 21 anser
1001 966 119 29 starka
1144 964 76 29 skäl
1242 963 71 29 tala
1335 962 55 29 för
1414 970 42 20 en
1480 960 107 29 sådan

87 1019 148 39 ändring
255 1017 143 30 särskilt
419 1017 79 29 med
517 1016 138 37 hänsyn
678 1013 49 29 till
748 1013 40 29 de
808 1009 186 39 väsentligt
1015 1007 151 30 utökade
1187 1002 305 41 arbetsuppgifter,
1514 1010 74 21 som

86 1062 141 39 jämlikt
244 1062 66 29 den
328 1069 68 30 nya
414 1056 348 38 livsmedelsstadgan
780 1054 111 38 ålagts
909 1050 347 31 länsveterinärerna.
1276 1046 125 30 Därtill
1420 1045 167 31 kommer,

86 1107 50 27 att
154 1102 340 32 länsveterinärerna
511 1099 57 30 vid
587 1100 67 29 den
672 1096 220 31 förestående
910 1091 342 41 omorganisationen
1271 1098 41 20 av
1331 1086 258 39 länsstyrelser-

87 1156 43 21 na
149 1147 97 29 torde
264 1146 143 28 komma
426 1145 49 28 att
493 1145 97 36 tagas
609 1142 10 29 i
638 1139 154 40 anspråk
811 1138 54 29 för
883 1135 199 41 ytterligare
1102 1130 280 33 administrativa
1401 1128 186 40 uppgifter.

130 1188 115 39 Enligt
268 1187 171 39 styrelsen
462 1185 92 29 visar
578 1193 47 20 nu
649 1182 149 39 angivna
823 1179 254 31 förhållanden,
1103 1177 50 28 att
1176 1172 240 41 nyssnämnda
1439 1171 149 29 tillskott

87 1241 41 20 av
148 1233 39 29 25
207 1228 318 32 veterinärdistrikt
545 1235 146 21 numera
712 1224 109 29 måste
841 1231 101 21 anses
963 1218 234 38 otillräckligt.
1219 1216 174 39 Styrelsen
1414 1213 174 30 förklarar

87 1274 50 39 sig
158 1274 89 29 dock
267 1272 76 29 icke
363 1281 84 20 vara
468 1270 127 29 beredd
617 1270 50 27 att
689 1267 53 29 för
763 1264 219 31 närvarande
1003 1269 86 31 ange
1110 1261 68 28 hur
1199 1258 126 38 många
1346 1266 68 29 nya
1436 1254 151 33 distrikt,

87 1326 75 20 som
180 1316 187 29 framledes
386 1315 62 28 bör
466 1313 158 32 inrättas,
644 1312 85 28 utan
748 1308 206 30 förutsätter
973 1315 41 19 en
1033 1302 173 32 successiv
1224 1300 181 37 utökning.
1426 1299 12 28 I
1458 1297 131 30 anslut-

86 1359 84 39 ning
191 1357 117 29 härtill
332 1355 147 30 föreslår
502 1354 181 39 styrelsen,
706 1354 49 27 att
778 1351 54 29 för
855 1346 270 42 tillgodoseende
1149 1354 41 20 av
1212 1344 56 29 det
1291 1341 221 30 omedelbara
1533 1339 55 28 be-

86 1401 102 28 hovet
213 1409 41 20 av
279 1408 68 29 nya
372 1395 318 31 veterinärdistrikt
716 1394 77 39 fyra
818 1392 119 39 dylika
963 1390 88 29 skall
1076 1389 147 28 inrättas
1249 1385 110 29 under
1385 1381 203 40 budgetåret

89 1442 158 35 1953/54.
269 1443 49 29 De
338 1441 111 29 under
471 1438 228 30 förevarande
721 1435 112 40 punkt
854 1435 180 38 upptagna
1053 1424 535 39 distriktsveterinärtjänsterna

87 1495 97 20 avses
206 1485 54 29 för
281 1484 99 29 dessa
402 1481 152 31 distrikt.

133 1560 10 28 I
161 1555 162 41 yttrande
343 1555 81 28 över
444 1548 364 39 veterinärstyrelsens
828 1542 260 37 framställning
1108 1541 133 30 erinrar
1259 1538 253 30 statskontoret
1532 1545 57 20 om

87 1612 49 27 att
153 1608 123 39 frågan
292 1615 57 20 om
365 1614 42 20 en
425 1602 171 38 utökning
613 1609 41 21 av
671 1598 129 31 antalet
816 1593 319 33 veterinärdistrikt
1150 1591 169 41 prövades
1336 1590 57 29 vid
1410 1587 179 40 föregåen-

89 1660 40 28 de
150 1659 55 29 års
225 1656 140 38 riksdag
384 1654 65 29 och
469 1654 49 28 att
538 1651 94 30 såväl
651 1649 125 38 Kungl.
798 1647 105 38 Maj:t
922 1654 73 21 som
1017 1643 187 38 riksdagen
1222 1640 121 31 därvid
1364 1638 155 31 uttalade
1539 1637 50 39 sig

88 1711 54 29 för
161 1712 50 27 att
231 1707 216 38 utökningen
466 1704 105 30 borde
590 1702 112 29 hållas
721 1700 95 29 inom
835 1699 65 29 den
921 1697 10 28 i
954 1696 81 30 1946
1055 1695 55 29 års
1129 1694 82 39 plan
1231 1692 149 39 angivna
1401 1699 120 21 ramen
1540 1689 50 29 åt-

89 1761 173 28 minstone
283 1758 52 29 till
357 1758 78 28 dess
458 1756 66 29 den
545 1754 96 28 inom
662 1748 346 40 veterinärstyrelsen
1031 1745 176 40 pågående
1229 1744 193 37 översynen
1444 1750 42 20 av
1508 1740 82 29 dist-

92 1808 316 38 riktsindelningen
426 1805 170 30 slutförts.

135 1860 167 38 Slutligen
326 1859 65 28 har
417 1852 343 39 veterinärstyrelsen
786 1851 11 28 i
823 1849 179 30 utlåtande
1028 1848 66 28 den
1120 1846 17 28 3
1164 1844 142 30 oktober
1335 1843 83 29 1952
1444 1842 79 28 över
1550 1849 40 20 en

91 1908 260 39 framställning
376 1907 79 29 från
482 1904 155 39 Sveriges
663 1899 328 32 veterinärförbund
1018 1896 167 38 tillstyrkt
1211 1896 49 28 att
1286 1895 98 28 extra
1408 1891 183 31 veterinär,

92 1971 74 20 som
184 1960 184 30 förordnas
386 1957 115 29 såsom
518 1955 134 29 biträde
669 1953 34 29 åt
720 1953 90 28 läns-
827 1951 81 29 eller
925 1946 345 32 distriktsveterinär,
1288 1945 9 27 i
1314 1943 95 30 vissa
1425 1942 60 29 fall
1504 1940 89 30 skall

92 2011 228 30 tillerkännas
339 2007 195 40 dagarvode
552 2006 10 28 i
582 2005 108 29 likhet
710 2004 77 28 med
806 2000 132 29 vikarie
958 1999 53 29 för
1030 1999 100 28 dessa
1150 1997 163 28 ävensom
1332 1991 261 32 resckostnads-

92 2063 63 28 och
180 2056 440 38 traktamentsersättning.

136 2124 393 42 Departementschefen
555 2124 63 28 har
644 2121 117 29 anfört
788 2118 165 39 följande.

140 2188 32 28 >I
195 2186 108 29 likhet
324 2186 77 28 med
424 2182 252 30 statskontoret
698 2189 100 20 anser
819 2178 68 38 jag,
910 2178 49 27 att
982 2176 7 28 i
1013 2174 172 30 avvaktan
1207 2171 43 40 på
1271 2172 65 28 den
1359 2170 94 28 inom
1475 2167 121 29 veteri-

94 2236 236 38 närstyrelsen
363 2232 177 41 pågående
573 2232 193 36 översynen
798 2237 42 20 av
873 2228 66 28 den
972 2223 202 31 nuvarande
1207 2218 389 38 distriktsindelningen

95 2287 105 37 några
223 2295 66 29 nya
311 2281 318 32 veterinärdistrikt
650 2280 75 29 icke
746 2288 46 19 nu
814 2279 61 28 bör
896 2277 158 28 inrättas.
1076 2274 74 29 Vad
1171 2271 153 30 härefter
1346 2269 108 38 angår
1475 2267 122 30 veteri-

95 2335 254 39 närstyrelsens
373 2333 168 39 förnyade
565 2328 259 39 framställning
847 2336 57 21 om
925 2323 278 40 bemyndigande
1225 2322 50 29 att
1297 2321 10 28 i
1329 2320 92 28 vissa
1445 2318 59 30 fall
1529 2317 68 29 för-

96 2387 109 29 ordna
224 2387 95 28 extra
339 2384 174 29 veterinär
532 2383 55 29 vid
608 2382 65 29 den
695 2379 99 29 civila
815 2376 215 40 sjukvården
1050 2375 72 28 mot
1142 2370 193 40 ersättning
1355 2369 88 30 efter
1463 2376 134 21 samma

99 2437 161 39 grunder,
288 2444 73 20 som
390 2434 106 38 gäller
521 2432 54 29 för
601 2429 151 31 vikarier
778 2429 54 29 för
861 2428 90 28 läns-
977 2425 63 29 och
1068 2419 385 33 distriktsveterinärer,
1481 2418 37 28 är
1543 2416 61 39 jag
