<?xml version="1.0" encoding="UTF-8"?>
<alto xmlns="http://www.loc.gov/standards/alto/ns-v3#" xmlns:xlink="http://www.w3.org/1999/xlink" xmlns:xsi="http://www.w3.org/2001/XMLSchema-instance" xsi:schemaLocation="http://www.loc.gov/standards/alto/ns-v3# http://www.loc.gov/alto/v3/alto-3-0.xsd">
	<Description>
		<MeasurementUnit>pixel</MeasurementUnit>
		<sourceImageInformation>
			<fileName>/tmp/tess_yjf8zxby_input.PNG</fileName>
		</sourceImageInformation>
		<OCRProcessing ID="OCR_0">
			<ocrProcessingStep>
				<processingSoftware>
					<softwareName>tesseract 5.3.0</softwareName>
				</processingSoftware>
			</ocrProcessingStep>
		</OCRProcessing>
	</Description>
	<Layout>
		<Page WIDTH="2188" HEIGHT="2656" PHYSICAL_IMG_NR="0" ID="page_0">
			<PrintSpace HPOS="0" VPOS="0" WIDTH="2188" HEIGHT="2656">
				<ComposedBlock ID="cblock_0" HPOS="705" VPOS="219" WIDTH="1054" HEIGHT="42">
					<TextBlock ID="block_0" HPOS="705" VPOS="219" WIDTH="1054" HEIGHT="42">
						<TextLine ID="line_0" HPOS="705" VPOS="219" WIDTH="1054" HEIGHT="42">
							<String ID="string_0" HPOS="705" VPOS="219" WIDTH="243" HEIGHT="42" WC="0.90" CONTENT="Lagutskottets"/><SP WIDTH="26" VPOS="219" HPOS="948"/>
							<String ID="string_1" HPOS="974" VPOS="222" WIDTH="172" HEIGHT="33" WC="0.96" CONTENT="utlåtande"/><SP WIDTH="28" VPOS="222" HPOS="1146"/>
							<String ID="string_2" HPOS="1174" VPOS="224" WIDTH="53" HEIGHT="32" WC="0.94" CONTENT="Nr"/><SP WIDTH="29" VPOS="224" HPOS="1227"/>
							<String ID="string_3" HPOS="1256" VPOS="226" WIDTH="51" HEIGHT="30" WC="0.94" CONTENT="48."/><SP WIDTH="436" VPOS="226" HPOS="1307"/>
							<String ID="string_4" HPOS="1743" VPOS="226" WIDTH="16" HEIGHT="31" WC="0.96" CONTENT="1"/>
						</TextLine>
					</TextBlock>
				</ComposedBlock>
				<ComposedBlock ID="cblock_1" HPOS="748" VPOS="587" WIDTH="1063" HEIGHT="148">
					<TextBlock ID="block_1" HPOS="748" VPOS="587" WIDTH="1063" HEIGHT="148">
						<TextLine ID="line_1" HPOS="935" VPOS="587" WIDTH="169" HEIGHT="41">
							<String ID="string_5" HPOS="935" VPOS="587" WIDTH="67" HEIGHT="40" WC="0.96" CONTENT="Nr"/><SP WIDTH="27" VPOS="587" HPOS="1002"/>
							<String ID="string_6" HPOS="1029" VPOS="588" WIDTH="75" HEIGHT="40" WC="0.94" CONTENT="48."/>
						</TextLine>
						<TextLine ID="line_2" HPOS="748" VPOS="693" WIDTH="1063" HEIGHT="42">
							<String ID="string_7" HPOS="748" VPOS="693" WIDTH="126" HEIGHT="28" WC="0.96" CONTENT="Ankom"/><SP WIDTH="24" VPOS="693" HPOS="874"/>
							<String ID="string_8" HPOS="898" VPOS="694" WIDTH="49" HEIGHT="28" WC="0.96" CONTENT="till"/><SP WIDTH="24" VPOS="694" HPOS="947"/>
							<String ID="string_9" HPOS="971" VPOS="694" WIDTH="197" HEIGHT="38" WC="0.96" CONTENT="Riksdagens"/><SP WIDTH="23" VPOS="694" HPOS="1168"/>
							<String ID="string_10" HPOS="1191" VPOS="696" WIDTH="105" HEIGHT="28" WC="0.96" CONTENT="kansli"/><SP WIDTH="24" VPOS="696" HPOS="1296"/>
							<String ID="string_11" HPOS="1320" VPOS="697" WIDTH="61" HEIGHT="28" WC="0.96" CONTENT="den"/><SP WIDTH="25" VPOS="697" HPOS="1381"/>
							<String ID="string_12" HPOS="1406" VPOS="697" WIDTH="16" HEIGHT="28" WC="0.96" CONTENT="9"/><SP WIDTH="25" VPOS="697" HPOS="1422"/>
							<String ID="string_13" HPOS="1447" VPOS="698" WIDTH="63" HEIGHT="37" WC="0.96" CONTENT="maj"/><SP WIDTH="28" VPOS="698" HPOS="1510"/>
							<String ID="string_14" HPOS="1538" VPOS="698" WIDTH="76" HEIGHT="28" WC="0.96" CONTENT="1911"/><SP WIDTH="26" VPOS="698" HPOS="1614"/>
							<String ID="string_15" HPOS="1640" VPOS="699" WIDTH="41" HEIGHT="28" WC="0.96" CONTENT="kl."/><SP WIDTH="29" VPOS="699" HPOS="1681"/>
							<String ID="string_16" HPOS="1710" VPOS="699" WIDTH="36" HEIGHT="28" WC="0.92" CONTENT="12"/><SP WIDTH="26" VPOS="699" HPOS="1746"/>
							<String ID="string_17" HPOS="1772" VPOS="709" WIDTH="39" HEIGHT="18" WC="0.92" CONTENT="m."/>
						</TextLine>
					</TextBlock>
				</ComposedBlock>
				<ComposedBlock ID="cblock_2" HPOS="531" VPOS="784" WIDTH="1282" HEIGHT="116">
					<TextBlock ID="block_2" HPOS="531" VPOS="784" WIDTH="1282" HEIGHT="116">
						<TextLine ID="line_3" HPOS="531" VPOS="784" WIDTH="1282" HEIGHT="57">
							<String ID="string_18" HPOS="531" VPOS="784" WIDTH="205" HEIGHT="47" WC="0.91" CONTENT="Utlåtande,"/><SP WIDTH="17" VPOS="784" HPOS="736"/>
							<String ID="string_19" HPOS="753" VPOS="785" WIDTH="14" HEIGHT="36" WC="0.96" CONTENT="i"/><SP WIDTH="13" VPOS="785" HPOS="767"/>
							<String ID="string_20" HPOS="780" VPOS="785" WIDTH="195" HEIGHT="51" WC="0.96" CONTENT="anledning"/><SP WIDTH="16" VPOS="785" HPOS="975"/>
							<String ID="string_21" HPOS="991" VPOS="787" WIDTH="46" HEIGHT="49" WC="0.96" CONTENT="af"/><SP WIDTH="10" VPOS="787" HPOS="1037"/>
							<String ID="string_22" HPOS="1047" VPOS="788" WIDTH="133" HEIGHT="49" WC="0.95" CONTENT="Kungl."/><SP WIDTH="21" VPOS="788" HPOS="1180"/>
							<String ID="string_23" HPOS="1201" VPOS="789" WIDTH="128" HEIGHT="44" WC="0.96" CONTENT="Maj:ts"/><SP WIDTH="9" VPOS="789" HPOS="1329"/>
							<String ID="string_24" HPOS="1338" VPOS="790" WIDTH="227" HEIGHT="48" WC="0.96" CONTENT="proposition"/><SP WIDTH="16" VPOS="790" HPOS="1565"/>
							<String ID="string_25" HPOS="1581" VPOS="792" WIDTH="79" HEIGHT="36" WC="0.96" CONTENT="med"/><SP WIDTH="7" VPOS="792" HPOS="1660"/>
							<String ID="string_26" HPOS="1667" VPOS="792" WIDTH="146" HEIGHT="49" WC="0.96" CONTENT="förslag"/>
						</TextLine>
						<TextLine ID="line_4" HPOS="627" VPOS="845" WIDTH="978" HEIGHT="55">
							<String ID="string_27" HPOS="627" VPOS="845" WIDTH="55" HEIGHT="36" WC="0.89" CONTENT="till"/><SP WIDTH="19" VPOS="845" HPOS="682"/>
							<String ID="string_28" HPOS="701" VPOS="846" WIDTH="223" HEIGHT="50" WC="0.96" CONTENT="förordning"/><SP WIDTH="28" VPOS="846" HPOS="924"/>
							<String ID="string_29" HPOS="952" VPOS="848" WIDTH="184" HEIGHT="49" WC="0.93" CONTENT="angående"/><SP WIDTH="28" VPOS="848" HPOS="1136"/>
							<String ID="string_30" HPOS="1164" VPOS="849" WIDTH="441" HEIGHT="51" WC="0.84" CONTENT="biografföreställningar."/>
						</TextLine>
					</TextBlock>
				</ComposedBlock>
				<ComposedBlock ID="cblock_3" HPOS="212" VPOS="945" WIDTH="1600" HEIGHT="212">
					<TextBlock ID="block_3" HPOS="212" VPOS="945" WIDTH="1600" HEIGHT="212">
						<TextLine ID="line_5" HPOS="319" VPOS="945" WIDTH="1492" HEIGHT="57">
							<String ID="string_31" HPOS="319" VPOS="945" WIDTH="145" HEIGHT="38" WC="0.96" CONTENT="Genom"/><SP WIDTH="29" VPOS="945" HPOS="464"/>
							<String ID="string_32" HPOS="493" VPOS="960" WIDTH="46" HEIGHT="23" WC="0.96" CONTENT="en"/><SP WIDTH="29" VPOS="960" HPOS="539"/>
							<String ID="string_33" HPOS="568" VPOS="947" WIDTH="71" HEIGHT="37" WC="0.96" CONTENT="den"/><SP WIDTH="23" VPOS="947" HPOS="639"/>
							<String ID="string_34" HPOS="662" VPOS="949" WIDTH="46" HEIGHT="35" WC="0.96" CONTENT="10"/><SP WIDTH="20" VPOS="949" HPOS="708"/>
							<String ID="string_35" HPOS="728" VPOS="962" WIDTH="100" HEIGHT="23" WC="0.95" CONTENT="mars"/><SP WIDTH="23" VPOS="962" HPOS="828"/>
							<String ID="string_36" HPOS="851" VPOS="951" WIDTH="95" HEIGHT="35" WC="0.93" CONTENT="1911"/><SP WIDTH="24" VPOS="951" HPOS="946"/>
							<String ID="string_37" HPOS="970" VPOS="950" WIDTH="236" HEIGHT="50" WC="0.91" CONTENT="dagtecknad"/><SP WIDTH="19" VPOS="950" HPOS="1206"/>
							<String ID="string_38" HPOS="1225" VPOS="952" WIDTH="245" HEIGHT="50" WC="0.95" CONTENT="proposition,"/><SP WIDTH="21" VPOS="952" HPOS="1470"/>
							<String ID="string_39" HPOS="1491" VPOS="967" WIDTH="44" HEIGHT="23" WC="0.96" CONTENT="nr"/><SP WIDTH="23" VPOS="967" HPOS="1535"/>
							<String ID="string_40" HPOS="1558" VPOS="955" WIDTH="84" HEIGHT="47" WC="0.96" CONTENT="160,"/><SP WIDTH="15" VPOS="955" HPOS="1642"/>
							<String ID="string_41" HPOS="1657" VPOS="954" WIDTH="154" HEIGHT="37" WC="0.96" CONTENT="hvilken"/>
						</TextLine>
						<TextLine ID="line_6" HPOS="214" VPOS="998" WIDTH="1598" HEIGHT="57">
							<String ID="string_42" HPOS="214" VPOS="998" WIDTH="42" HEIGHT="36" WC="0.95" CONTENT="af"/><SP WIDTH="36" VPOS="998" HPOS="256"/>
							<String ID="string_43" HPOS="292" VPOS="998" WIDTH="95" HEIGHT="37" WC="0.95" CONTENT="båda"/><SP WIDTH="40" VPOS="998" HPOS="387"/>
							<String ID="string_44" HPOS="427" VPOS="999" WIDTH="198" HEIGHT="37" WC="0.95" CONTENT="kamrarna"/><SP WIDTH="40" VPOS="999" HPOS="625"/>
							<String ID="string_45" HPOS="665" VPOS="1000" WIDTH="194" HEIGHT="38" WC="0.96" CONTENT="hänvisats"/><SP WIDTH="37" VPOS="1000" HPOS="859"/>
							<String ID="string_46" HPOS="896" VPOS="1002" WIDTH="55" HEIGHT="36" WC="0.96" CONTENT="till"/><SP WIDTH="37" VPOS="1002" HPOS="951"/>
							<String ID="string_47" HPOS="988" VPOS="1003" WIDTH="263" HEIGHT="49" WC="0.96" CONTENT="lagutskottet,"/><SP WIDTH="38" VPOS="1003" HPOS="1251"/>
							<String ID="string_48" HPOS="1289" VPOS="1005" WIDTH="68" HEIGHT="36" WC="0.96" CONTENT="har"/><SP WIDTH="31" VPOS="1005" HPOS="1357"/>
							<String ID="string_49" HPOS="1388" VPOS="1005" WIDTH="141" HEIGHT="50" WC="0.96" CONTENT="Kungl."/><SP WIDTH="30" VPOS="1005" HPOS="1529"/>
							<String ID="string_50" HPOS="1559" VPOS="1005" WIDTH="107" HEIGHT="50" WC="0.96" CONTENT="Maj:t"/><SP WIDTH="28" VPOS="1005" HPOS="1666"/>
							<String ID="string_51" HPOS="1694" VPOS="1006" WIDTH="118" HEIGHT="38" WC="0.96" CONTENT="under"/>
						</TextLine>
						<TextLine ID="line_7" HPOS="213" VPOS="1050" WIDTH="1597" HEIGHT="58">
							<String ID="string_52" HPOS="213" VPOS="1050" WIDTH="238" HEIGHT="50" WC="0.95" CONTENT="åberopande"/><SP WIDTH="29" VPOS="1050" HPOS="451"/>
							<String ID="string_53" HPOS="480" VPOS="1052" WIDTH="41" HEIGHT="36" WC="0.96" CONTENT="af"/><SP WIDTH="24" VPOS="1052" HPOS="521"/>
							<String ID="string_54" HPOS="545" VPOS="1053" WIDTH="283" HEIGHT="49" WC="0.93" CONTENT="propositionen"/><SP WIDTH="28" VPOS="1053" HPOS="828"/>
							<String ID="string_55" HPOS="856" VPOS="1053" WIDTH="175" HEIGHT="50" WC="0.92" CONTENT="bifogadt"/><SP WIDTH="27" VPOS="1053" HPOS="1031"/>
							<String ID="string_56" HPOS="1058" VPOS="1055" WIDTH="139" HEIGHT="50" WC="0.96" CONTENT="utdrag"/><SP WIDTH="29" VPOS="1055" HPOS="1197"/>
							<String ID="string_57" HPOS="1226" VPOS="1055" WIDTH="41" HEIGHT="37" WC="0.96" CONTENT="af"/><SP WIDTH="24" VPOS="1055" HPOS="1267"/>
							<String ID="string_58" HPOS="1291" VPOS="1057" WIDTH="12" HEIGHT="36" WC="0.96" CONTENT="i"/><SP WIDTH="29" VPOS="1057" HPOS="1303"/>
							<String ID="string_59" HPOS="1332" VPOS="1058" WIDTH="204" HEIGHT="37" WC="0.96" CONTENT="statsrådet"/><SP WIDTH="27" VPOS="1058" HPOS="1536"/>
							<String ID="string_60" HPOS="1563" VPOS="1058" WIDTH="101" HEIGHT="37" WC="0.93" CONTENT="fördt"/><SP WIDTH="18" VPOS="1058" HPOS="1664"/>
							<String ID="string_61" HPOS="1682" VPOS="1064" WIDTH="128" HEIGHT="44" WC="0.91" CONTENT="proto-"/>
						</TextLine>
						<TextLine ID="line_8" HPOS="212" VPOS="1102" WIDTH="1041" HEIGHT="55">
							<String ID="string_62" HPOS="212" VPOS="1102" WIDTH="78" HEIGHT="37" WC="0.96" CONTENT="koll"/><SP WIDTH="27" VPOS="1102" HPOS="290"/>
							<String ID="string_63" HPOS="317" VPOS="1103" WIDTH="135" HEIGHT="49" WC="0.96" CONTENT="begärt"/><SP WIDTH="29" VPOS="1103" HPOS="452"/>
							<String ID="string_64" HPOS="481" VPOS="1103" WIDTH="237" HEIGHT="50" WC="0.96" CONTENT="Riksdagens"/><SP WIDTH="28" VPOS="1103" HPOS="718"/>
							<String ID="string_65" HPOS="746" VPOS="1106" WIDTH="177" HEIGHT="49" WC="0.96" CONTENT="yttrande"/><SP WIDTH="29" VPOS="1106" HPOS="923"/>
							<String ID="string_66" HPOS="952" VPOS="1107" WIDTH="107" HEIGHT="37" WC="0.96" CONTENT="öfver"/><SP WIDTH="27" VPOS="1107" HPOS="1059"/>
							<String ID="string_67" HPOS="1086" VPOS="1108" WIDTH="167" HEIGHT="49" WC="0.94" CONTENT="följande"/>
						</TextLine>
					</TextBlock>
				</ComposedBlock>
				<ComposedBlock ID="cblock_4" HPOS="868" VPOS="1240" WIDTH="292" HEIGHT="142">
					<TextBlock ID="block_4" HPOS="868" VPOS="1240" WIDTH="292" HEIGHT="142">
						<TextLine ID="line_9" HPOS="868" VPOS="1240" WIDTH="292" HEIGHT="74">
							<String ID="string_68" HPOS="868" VPOS="1240" WIDTH="292" HEIGHT="74" WC="0.94" CONTENT="Förslag"/>
						</TextLine>
						<TextLine ID="line_10" HPOS="981" VPOS="1345" WIDTH="57" HEIGHT="37">
							<String ID="string_69" HPOS="981" VPOS="1345" WIDTH="57" HEIGHT="37" WC="0.96" CONTENT="till"/>
						</TextLine>
					</TextBlock>
				</ComposedBlock>
				<ComposedBlock ID="cblock_5" HPOS="422" VPOS="1436" WIDTH="1175" HEIGHT="56">
					<TextBlock ID="block_5" HPOS="422" VPOS="1436" WIDTH="1175" HEIGHT="56">
						<TextLine ID="line_11" HPOS="422" VPOS="1436" WIDTH="1175" HEIGHT="56">
							<String ID="string_70" HPOS="422" VPOS="1436" WIDTH="296" HEIGHT="52" WC="0.96" CONTENT="Förordning"/><SP WIDTH="27" VPOS="1436" HPOS="718"/>
							<String ID="string_71" HPOS="745" VPOS="1438" WIDTH="247" HEIGHT="50" WC="0.93" CONTENT="angående"/><SP WIDTH="28" VPOS="1438" HPOS="992"/>
							<String ID="string_72" HPOS="1020" VPOS="1439" WIDTH="577" HEIGHT="53" WC="0.91" CONTENT="biografföreställningar."/>
						</TextLine>
					</TextBlock>
				</ComposedBlock>
				<ComposedBlock ID="cblock_6" HPOS="966" VPOS="1560" WIDTH="84" HEIGHT="50">
					<TextBlock ID="block_6" HPOS="966" VPOS="1560" WIDTH="84" HEIGHT="50">
						<TextLine ID="line_12" HPOS="966" VPOS="1560" WIDTH="84" HEIGHT="50">
							<String ID="string_73" HPOS="966" VPOS="1560" WIDTH="21" HEIGHT="50" WC="0.55" CONTENT="g"/><SP WIDTH="31" VPOS="1560" HPOS="987"/>
							<String ID="string_74" HPOS="1018" VPOS="1563" WIDTH="32" HEIGHT="35" WC="0.95" CONTENT="1."/>
						</TextLine>
					</TextBlock>
				</ComposedBlock>
				<ComposedBlock ID="cblock_7" HPOS="206" VPOS="1644" WIDTH="1603" HEIGHT="780">
					<TextBlock ID="block_7" HPOS="207" VPOS="1644" WIDTH="1602" HEIGHT="466">
						<TextLine ID="line_13" HPOS="313" VPOS="1644" WIDTH="1496" HEIGHT="56">
							<String ID="string_75" HPOS="313" VPOS="1644" WIDTH="106" HEIGHT="37" WC="0.96" CONTENT="Hvar"/><SP WIDTH="28" VPOS="1644" HPOS="419"/>
							<String ID="string_76" HPOS="447" VPOS="1646" WIDTH="69" HEIGHT="36" WC="0.96" CONTENT="och"/><SP WIDTH="28" VPOS="1646" HPOS="516"/>
							<String ID="string_77" HPOS="544" VPOS="1659" WIDTH="58" HEIGHT="34" WC="0.96" CONTENT="en,"/><SP WIDTH="29" VPOS="1659" HPOS="602"/>
							<String ID="string_78" HPOS="631" VPOS="1659" WIDTH="81" HEIGHT="24" WC="0.96" CONTENT="som"/><SP WIDTH="28" VPOS="1659" HPOS="712"/>
							<String ID="string_79" HPOS="740" VPOS="1647" WIDTH="67" HEIGHT="36" WC="0.94" CONTENT="vill"/><SP WIDTH="24" VPOS="1647" HPOS="807"/>
							<String ID="string_80" HPOS="831" VPOS="1646" WIDTH="223" HEIGHT="49" WC="0.96" CONTENT="offentligen"/><SP WIDTH="20" VPOS="1646" HPOS="1054"/>
							<String ID="string_81" HPOS="1074" VPOS="1647" WIDTH="163" HEIGHT="38" WC="0.96" CONTENT="förevisa"/><SP WIDTH="19" VPOS="1647" HPOS="1237"/>
							<String ID="string_82" HPOS="1256" VPOS="1649" WIDTH="139" HEIGHT="50" WC="0.95" CONTENT="rörliga"/><SP WIDTH="19" VPOS="1649" HPOS="1395"/>
							<String ID="string_83" HPOS="1414" VPOS="1650" WIDTH="248" HEIGHT="50" WC="0.96" CONTENT="fotografiska"/><SP WIDTH="27" VPOS="1650" HPOS="1662"/>
							<String ID="string_84" HPOS="1689" VPOS="1652" WIDTH="120" HEIGHT="37" WC="0.96" CONTENT="bilder"/>
						</TextLine>
						<TextLine ID="line_14" HPOS="210" VPOS="1697" WIDTH="1598" HEIGHT="52">
							<String ID="string_85" HPOS="210" VPOS="1697" WIDTH="90" HEIGHT="36" WC="0.96" CONTENT="eller"/><SP WIDTH="36" VPOS="1697" HPOS="300"/>
							<String ID="string_86" HPOS="336" VPOS="1699" WIDTH="40" HEIGHT="34" WC="0.96" CONTENT="så"/><SP WIDTH="27" VPOS="1699" HPOS="376"/>
							<String ID="string_87" HPOS="403" VPOS="1697" WIDTH="146" HEIGHT="36" WC="0.91" CONTENT="kallade"/><SP WIDTH="36" VPOS="1697" HPOS="549"/>
							<String ID="string_88" HPOS="585" VPOS="1698" WIDTH="283" HEIGHT="49" WC="0.91" CONTENT="biografbilder,"/><SP WIDTH="30" VPOS="1698" HPOS="868"/>
							<String ID="string_89" HPOS="898" VPOS="1698" WIDTH="94" HEIGHT="36" WC="0.96" CONTENT="skall"/><SP WIDTH="29" VPOS="1698" HPOS="992"/>
							<String ID="string_90" HPOS="1021" VPOS="1699" WIDTH="129" HEIGHT="37" WC="0.96" CONTENT="därom"/><SP WIDTH="28" VPOS="1699" HPOS="1150"/>
							<String ID="string_91" HPOS="1178" VPOS="1706" WIDTH="95" HEIGHT="43" WC="0.96" CONTENT="göra"/><SP WIDTH="29" VPOS="1706" HPOS="1273"/>
							<String ID="string_92" HPOS="1302" VPOS="1701" WIDTH="166" HEIGHT="37" WC="0.96" CONTENT="ansökan"/><SP WIDTH="28" VPOS="1701" HPOS="1468"/>
							<String ID="string_93" HPOS="1496" VPOS="1703" WIDTH="12" HEIGHT="36" WC="0.95" CONTENT="1"/><SP WIDTH="28" VPOS="1703" HPOS="1508"/>
							<String ID="string_94" HPOS="1536" VPOS="1703" WIDTH="83" HEIGHT="36" WC="0.95" CONTENT="stad"/><SP WIDTH="29" VPOS="1703" HPOS="1619"/>
							<String ID="string_95" HPOS="1648" VPOS="1704" WIDTH="69" HEIGHT="37" WC="0.92" CONTENT="hos"/><SP WIDTH="27" VPOS="1704" HPOS="1717"/>
							<String ID="string_96" HPOS="1744" VPOS="1718" WIDTH="64" HEIGHT="23" WC="0.92" CONTENT="ve-"/>
						</TextLine>
						<TextLine ID="line_15" HPOS="210" VPOS="1748" WIDTH="1595" HEIGHT="57">
							<String ID="string_97" HPOS="210" VPOS="1748" WIDTH="233" HEIGHT="37" WC="0.90" CONTENT="derbörande"/><SP WIDTH="23" VPOS="1748" HPOS="443"/>
							<String ID="string_98" HPOS="466" VPOS="1750" WIDTH="325" HEIGHT="48" WC="0.96" CONTENT="polismyndighet"/><SP WIDTH="20" VPOS="1750" HPOS="791"/>
							<String ID="string_99" HPOS="811" VPOS="1750" WIDTH="70" HEIGHT="37" WC="0.93" CONTENT="och"/><SP WIDTH="19" VPOS="1750" HPOS="881"/>
							<String ID="string_100" HPOS="900" VPOS="1753" WIDTH="21" HEIGHT="33" WC="0.93" CONTENT="å"/><SP WIDTH="18" VPOS="1753" HPOS="921"/>
							<String ID="string_101" HPOS="939" VPOS="1750" WIDTH="127" HEIGHT="37" WC="0.96" CONTENT="landet"/><SP WIDTH="18" VPOS="1750" HPOS="1066"/>
							<String ID="string_102" HPOS="1084" VPOS="1750" WIDTH="69" HEIGHT="37" WC="0.96" CONTENT="hos"/><SP WIDTH="20" VPOS="1750" HPOS="1153"/>
							<String ID="string_103" HPOS="1173" VPOS="1752" WIDTH="264" HEIGHT="50" WC="0.96" CONTENT="kronofogden"/><SP WIDTH="20" VPOS="1752" HPOS="1437"/>
							<String ID="string_104" HPOS="1457" VPOS="1754" WIDTH="100" HEIGHT="48" WC="0.95" CONTENT="eller,"/><SP WIDTH="21" VPOS="1754" HPOS="1557"/>
							<String ID="string_105" HPOS="1578" VPOS="1755" WIDTH="67" HEIGHT="37" WC="0.96" CONTENT="där"/><SP WIDTH="17" VPOS="1755" HPOS="1645"/>
							<String ID="string_106" HPOS="1662" VPOS="1755" WIDTH="143" HEIGHT="50" WC="0.92" CONTENT="Kungl."/>
						</TextLine>
						<TextLine ID="line_16" HPOS="208" VPOS="1799" WIDTH="1598" HEIGHT="51">
							<String ID="string_107" HPOS="208" VPOS="1799" WIDTH="129" HEIGHT="50" WC="0.93" CONTENT="Maj:ts"/><SP WIDTH="29" VPOS="1799" HPOS="337"/>
							<String ID="string_108" HPOS="366" VPOS="1800" WIDTH="421" HEIGHT="50" WC="0.90" CONTENT="befallningshafvande"/><SP WIDTH="28" VPOS="1800" HPOS="787"/>
							<String ID="string_109" HPOS="815" VPOS="1804" WIDTH="41" HEIGHT="34" WC="0.93" CONTENT="så"/><SP WIDTH="28" VPOS="1804" HPOS="856"/>
							<String ID="string_110" HPOS="884" VPOS="1802" WIDTH="203" HEIGHT="43" WC="0.93" CONTENT="förordnat,"/><SP WIDTH="31" VPOS="1802" HPOS="1087"/>
							<String ID="string_111" HPOS="1118" VPOS="1803" WIDTH="267" HEIGHT="47" WC="0.88" CONTENT="längmannen;"/><SP WIDTH="30" VPOS="1803" HPOS="1385"/>
							<String ID="string_112" HPOS="1415" VPOS="1806" WIDTH="69" HEIGHT="36" WC="0.96" CONTENT="och"/><SP WIDTH="19" VPOS="1806" HPOS="1484"/>
							<String ID="string_113" HPOS="1503" VPOS="1820" WIDTH="89" HEIGHT="23" WC="0.96" CONTENT="vare"/><SP WIDTH="20" VPOS="1820" HPOS="1592"/>
							<String ID="string_114" HPOS="1612" VPOS="1807" WIDTH="194" HEIGHT="38" WC="0.96" CONTENT="sökanden"/>
						</TextLine>
						<TextLine ID="line_17" HPOS="208" VPOS="1851" WIDTH="1599" HEIGHT="57">
							<String ID="string_115" HPOS="208" VPOS="1851" WIDTH="151" HEIGHT="50" WC="0.92" CONTENT="pliktig,"/><SP WIDTH="29" VPOS="1851" HPOS="359"/>
							<String ID="string_116" HPOS="388" VPOS="1858" WIDTH="68" HEIGHT="30" WC="0.96" CONTENT="när"/><SP WIDTH="28" VPOS="1858" HPOS="456"/>
							<String ID="string_117" HPOS="484" VPOS="1852" WIDTH="62" HEIGHT="37" WC="0.96" CONTENT="det"/><SP WIDTH="28" VPOS="1852" HPOS="546"/>
							<String ID="string_118" HPOS="574" VPOS="1853" WIDTH="41" HEIGHT="36" WC="0.96" CONTENT="af"/><SP WIDTH="23" VPOS="1853" HPOS="615"/>
							<String ID="string_119" HPOS="638" VPOS="1853" WIDTH="372" HEIGHT="50" WC="0.93" CONTENT="polismyndigheten"/><SP WIDTH="28" VPOS="1853" HPOS="1010"/>
							<String ID="string_120" HPOS="1038" VPOS="1855" WIDTH="208" HEIGHT="49" WC="0.92" CONTENT="påfordras,"/><SP WIDTH="31" VPOS="1855" HPOS="1246"/>
							<String ID="string_121" HPOS="1277" VPOS="1862" WIDTH="53" HEIGHT="31" WC="0.96" CONTENT="att"/><SP WIDTH="28" VPOS="1862" HPOS="1330"/>
							<String ID="string_122" HPOS="1358" VPOS="1857" WIDTH="32" HEIGHT="50" WC="0.96" CONTENT="ej"/><SP WIDTH="31" VPOS="1857" HPOS="1390"/>
							<String ID="string_123" HPOS="1421" VPOS="1858" WIDTH="143" HEIGHT="37" WC="0.96" CONTENT="mindre"/><SP WIDTH="21" VPOS="1858" HPOS="1564"/>
							<String ID="string_124" HPOS="1585" VPOS="1859" WIDTH="143" HEIGHT="49" WC="0.95" CONTENT="styrka,"/><SP WIDTH="26" VPOS="1859" HPOS="1728"/>
							<String ID="string_125" HPOS="1754" VPOS="1866" WIDTH="53" HEIGHT="31" WC="0.96" CONTENT="att"/>
						</TextLine>
						<TextLine ID="line_18" HPOS="208" VPOS="1904" WIDTH="1599" HEIGHT="56">
							<String ID="string_126" HPOS="208" VPOS="1904" WIDTH="73" HEIGHT="36" WC="0.93" CONTENT="den"/><SP WIDTH="42" VPOS="1904" HPOS="281"/>
							<String ID="string_127" HPOS="323" VPOS="1904" WIDTH="187" HEIGHT="50" WC="0.91" CONTENT="uppgifna"/><SP WIDTH="41" VPOS="1904" HPOS="510"/>
							<String ID="string_128" HPOS="551" VPOS="1905" WIDTH="147" HEIGHT="37" WC="0.96" CONTENT="lokalen"/><SP WIDTH="37" VPOS="1905" HPOS="698"/>
							<String ID="string_129" HPOS="735" VPOS="1906" WIDTH="126" HEIGHT="37" WC="0.95" CONTENT="blifvit"/><SP WIDTH="29" VPOS="1906" HPOS="861"/>
							<String ID="string_130" HPOS="890" VPOS="1906" WIDTH="40" HEIGHT="36" WC="0.96" CONTENT="af"/><SP WIDTH="25" VPOS="1906" HPOS="930"/>
							<String ID="string_131" HPOS="955" VPOS="1911" WIDTH="141" HEIGHT="44" WC="0.96" CONTENT="ägaren"/><SP WIDTH="28" VPOS="1911" HPOS="1096"/>
							<String ID="string_132" HPOS="1124" VPOS="1909" WIDTH="89" HEIGHT="36" WC="0.93" CONTENT="eller"/><SP WIDTH="27" VPOS="1909" HPOS="1213"/>
							<String ID="string_133" HPOS="1240" VPOS="1909" WIDTH="270" HEIGHT="37" WC="0.92" CONTENT="innehafvaren"/><SP WIDTH="28" VPOS="1909" HPOS="1510"/>
							<String ID="string_134" HPOS="1538" VPOS="1912" WIDTH="182" HEIGHT="48" WC="0.96" CONTENT="upplåten"/><SP WIDTH="28" VPOS="1912" HPOS="1720"/>
							<String ID="string_135" HPOS="1748" VPOS="1912" WIDTH="59" HEIGHT="38" WC="0.96" CONTENT="för"/>
						</TextLine>
						<TextLine ID="line_19" HPOS="208" VPOS="1956" WIDTH="1598" HEIGHT="51">
							<String ID="string_136" HPOS="208" VPOS="1956" WIDTH="224" HEIGHT="47" WC="0.96" CONTENT="ändamålet,"/><SP WIDTH="43" VPOS="1956" HPOS="432"/>
							<String ID="string_137" HPOS="475" VPOS="1962" WIDTH="48" HEIGHT="31" WC="0.96" CONTENT="än"/><SP WIDTH="42" VPOS="1962" HPOS="523"/>
							<String ID="string_138" HPOS="565" VPOS="1957" WIDTH="112" HEIGHT="37" WC="0.96" CONTENT="äfven"/><SP WIDTH="41" VPOS="1957" HPOS="677"/>
							<String ID="string_139" HPOS="718" VPOS="1971" WIDTH="60" HEIGHT="23" WC="0.96" CONTENT="om"/><SP WIDTH="44" VPOS="1971" HPOS="778"/>
							<String ID="string_140" HPOS="822" VPOS="1958" WIDTH="329" HEIGHT="49" WC="0.86" CONTENT="föreställningens"/><SP WIDTH="37" VPOS="1958" HPOS="1151"/>
							<String ID="string_141" HPOS="1188" VPOS="1964" WIDTH="172" HEIGHT="34" WC="0.96" CONTENT="närmare"/><SP WIDTH="32" VPOS="1964" HPOS="1360"/>
							<String ID="string_142" HPOS="1392" VPOS="1961" WIDTH="261" HEIGHT="39" WC="0.96" CONTENT="beskaffenhet"/><SP WIDTH="27" VPOS="1961" HPOS="1653"/>
							<String ID="string_143" HPOS="1680" VPOS="1964" WIDTH="126" HEIGHT="37" WC="0.96" CONTENT="lämna"/>
						</TextLine>
						<TextLine ID="line_20" HPOS="207" VPOS="2008" WIDTH="1598" HEIGHT="51">
							<String ID="string_144" HPOS="207" VPOS="2008" WIDTH="372" HEIGHT="49" WC="0.96" CONTENT="polismyndigheten"/><SP WIDTH="43" VPOS="2008" HPOS="579"/>
							<String ID="string_145" HPOS="622" VPOS="2009" WIDTH="44" HEIGHT="37" WC="0.95" CONTENT="de"/><SP WIDTH="37" VPOS="2009" HPOS="666"/>
							<String ID="string_146" HPOS="703" VPOS="2010" WIDTH="291" HEIGHT="49" WC="0.95" CONTENT="upplysningar,"/><SP WIDTH="31" VPOS="2010" HPOS="994"/>
							<String ID="string_147" HPOS="1025" VPOS="2010" WIDTH="122" HEIGHT="38" WC="0.96" CONTENT="denna"/><SP WIDTH="28" VPOS="2010" HPOS="1147"/>
							<String ID="string_148" HPOS="1175" VPOS="2012" WIDTH="110" HEIGHT="37" WC="0.96" CONTENT="äskar"/><SP WIDTH="28" VPOS="2012" HPOS="1285"/>
							<String ID="string_149" HPOS="1313" VPOS="2013" WIDTH="57" HEIGHT="37" WC="0.96" CONTENT="för"/><SP WIDTH="28" VPOS="2013" HPOS="1370"/>
							<String ID="string_150" HPOS="1398" VPOS="2019" WIDTH="53" HEIGHT="32" WC="0.97" CONTENT="att"/><SP WIDTH="28" VPOS="2019" HPOS="1451"/>
							<String ID="string_151" HPOS="1479" VPOS="2014" WIDTH="127" HEIGHT="37" WC="0.96" CONTENT="kunna"/><SP WIDTH="29" VPOS="2014" HPOS="1606"/>
							<String ID="string_152" HPOS="1635" VPOS="2015" WIDTH="170" HEIGHT="38" WC="0.96" CONTENT="meddela"/>
						</TextLine>
						<TextLine ID="line_21" HPOS="207" VPOS="2059" WIDTH="704" HEIGHT="51">
							<String ID="string_153" HPOS="207" VPOS="2059" WIDTH="246" HEIGHT="49" WC="0.93" CONTENT="erforderliga"/><SP WIDTH="28" VPOS="2059" HPOS="453"/>
							<String ID="string_154" HPOS="481" VPOS="2061" WIDTH="430" HEIGHT="49" WC="0.92" CONTENT="ordningsföreskrifter."/>
						</TextLine>
					</TextBlock>
					<TextBlock ID="block_8" HPOS="207" VPOS="2111" WIDTH="1597" HEIGHT="158">
						<TextLine ID="line_22" HPOS="312" VPOS="2111" WIDTH="1492" HEIGHT="56">
							<String ID="string_155" HPOS="312" VPOS="2111" WIDTH="77" HEIGHT="36" WC="0.96" CONTENT="Där"/><SP WIDTH="27" VPOS="2111" HPOS="389"/>
							<String ID="string_156" HPOS="416" VPOS="2112" WIDTH="133" HEIGHT="36" WC="0.95" CONTENT="hinder"/><SP WIDTH="28" VPOS="2112" HPOS="549"/>
							<String ID="string_157" HPOS="577" VPOS="2113" WIDTH="32" HEIGHT="48" WC="0.95" CONTENT="ej"/><SP WIDTH="31" VPOS="2113" HPOS="609"/>
							<String ID="string_158" HPOS="640" VPOS="2126" WIDTH="109" HEIGHT="23" WC="0.96" CONTENT="anses"/><SP WIDTH="29" VPOS="2126" HPOS="749"/>
							<String ID="string_159" HPOS="778" VPOS="2119" WIDTH="101" HEIGHT="31" WC="0.96" CONTENT="möta"/><SP WIDTH="28" VPOS="2119" HPOS="879"/>
							<String ID="string_160" HPOS="907" VPOS="2114" WIDTH="59" HEIGHT="36" WC="0.96" CONTENT="för"/><SP WIDTH="19" VPOS="2114" HPOS="966"/>
							<String ID="string_161" HPOS="985" VPOS="2114" WIDTH="62" HEIGHT="36" WC="0.96" CONTENT="det"/><SP WIDTH="20" VPOS="2114" HPOS="1047"/>
							<String ID="string_162" HPOS="1067" VPOS="2114" WIDTH="109" HEIGHT="37" WC="0.96" CONTENT="sökta"/><SP WIDTH="28" VPOS="2114" HPOS="1176"/>
							<String ID="string_163" HPOS="1204" VPOS="2115" WIDTH="219" HEIGHT="48" WC="0.96" CONTENT="tillståndet,"/><SP WIDTH="21" VPOS="2115" HPOS="1423"/>
							<String ID="string_164" HPOS="1444" VPOS="2117" WIDTH="67" HEIGHT="36" WC="0.93" CONTENT="har"/><SP WIDTH="18" VPOS="2117" HPOS="1511"/>
							<String ID="string_165" HPOS="1529" VPOS="2118" WIDTH="275" HEIGHT="49" WC="0.92" CONTENT="polismyndig-"/>
						</TextLine>
						<TextLine ID="line_23" HPOS="207" VPOS="2162" WIDTH="1596" HEIGHT="56">
							<String ID="string_166" HPOS="207" VPOS="2162" WIDTH="112" HEIGHT="37" WC="0.96" CONTENT="heten"/><SP WIDTH="30" VPOS="2162" HPOS="319"/>
							<String ID="string_167" HPOS="349" VPOS="2168" WIDTH="52" HEIGHT="30" WC="0.96" CONTENT="att"/><SP WIDTH="28" VPOS="2168" HPOS="401"/>
							<String ID="string_168" HPOS="429" VPOS="2163" WIDTH="170" HEIGHT="37" WC="0.93" CONTENT="meddela"/><SP WIDTH="27" VPOS="2163" HPOS="599"/>
							<String ID="string_169" HPOS="626" VPOS="2164" WIDTH="310" HEIGHT="37" WC="0.92" CONTENT="tillståndsbevis."/><SP WIDTH="44" VPOS="2164" HPOS="936"/>
							<String ID="string_170" HPOS="980" VPOS="2165" WIDTH="118" HEIGHT="36" WC="0.96" CONTENT="Innan"/><SP WIDTH="29" VPOS="2165" HPOS="1098"/>
							<String ID="string_171" HPOS="1127" VPOS="2166" WIDTH="134" HEIGHT="36" WC="0.96" CONTENT="sådant"/><SP WIDTH="28" VPOS="2166" HPOS="1261"/>
							<String ID="string_172" HPOS="1289" VPOS="2167" WIDTH="177" HEIGHT="48" WC="0.96" CONTENT="erhållits,"/><SP WIDTH="31" VPOS="2167" HPOS="1466"/>
							<String ID="string_173" HPOS="1497" VPOS="2182" WIDTH="86" HEIGHT="23" WC="0.96" CONTENT="vare"/><SP WIDTH="30" VPOS="2182" HPOS="1583"/>
							<String ID="string_174" HPOS="1613" VPOS="2169" WIDTH="190" HEIGHT="49" WC="0.96" CONTENT="förbjudet"/>
						</TextLine>
						<TextLine ID="line_24" HPOS="208" VPOS="2214" WIDTH="1342" HEIGHT="55">
							<String ID="string_175" HPOS="208" VPOS="2219" WIDTH="53" HEIGHT="31" WC="0.96" CONTENT="att"/><SP WIDTH="28" VPOS="2219" HPOS="261"/>
							<String ID="string_176" HPOS="289" VPOS="2214" WIDTH="168" HEIGHT="36" WC="0.92" CONTENT="utlämna"/><SP WIDTH="28" VPOS="2214" HPOS="457"/>
							<String ID="string_177" HPOS="485" VPOS="2215" WIDTH="262" HEIGHT="48" WC="0.91" CONTENT="inträdeskort,"/><SP WIDTH="31" VPOS="2215" HPOS="747"/>
							<String ID="string_178" HPOS="778" VPOS="2216" WIDTH="138" HEIGHT="47" WC="0.96" CONTENT="fordra,"/><SP WIDTH="30" VPOS="2216" HPOS="916"/>
							<String ID="string_179" HPOS="946" VPOS="2216" WIDTH="139" HEIGHT="49" WC="0.96" CONTENT="begära"/><SP WIDTH="28" VPOS="2216" HPOS="1085"/>
							<String ID="string_180" HPOS="1113" VPOS="2218" WIDTH="89" HEIGHT="37" WC="0.96" CONTENT="eller"/><SP WIDTH="27" VPOS="2218" HPOS="1202"/>
							<String ID="string_181" HPOS="1229" VPOS="2224" WIDTH="170" HEIGHT="44" WC="0.92" CONTENT="mottaga"/><SP WIDTH="28" VPOS="2224" HPOS="1399"/>
							<String ID="string_182" HPOS="1427" VPOS="2220" WIDTH="123" HEIGHT="49" WC="0.91" CONTENT="afgift."/>
						</TextLine>
					</TextBlock>
					<TextBlock ID="block_9" HPOS="206" VPOS="2265" WIDTH="1595" HEIGHT="90">
						<TextLine ID="line_25" HPOS="311" VPOS="2265" WIDTH="1490" HEIGHT="57">
							<String ID="string_183" HPOS="311" VPOS="2265" WIDTH="212" HEIGHT="39" WC="0.90" CONTENT="Meddeladt"/><SP WIDTH="27" VPOS="2265" HPOS="523"/>
							<String ID="string_184" HPOS="550" VPOS="2267" WIDTH="168" HEIGHT="37" WC="0.96" CONTENT="tillstånd"/><SP WIDTH="29" VPOS="2267" HPOS="718"/>
							<String ID="string_185" HPOS="747" VPOS="2271" WIDTH="59" HEIGHT="34" WC="0.96" CONTENT="må"/><SP WIDTH="29" VPOS="2271" HPOS="806"/>
							<String ID="string_186" HPOS="835" VPOS="2268" WIDTH="210" HEIGHT="48" WC="0.96" CONTENT="återkallas,"/><SP WIDTH="30" VPOS="2268" HPOS="1045"/>
							<String ID="string_187" HPOS="1075" VPOS="2275" WIDTH="67" HEIGHT="31" WC="0.96" CONTENT="när"/><SP WIDTH="28" VPOS="2275" HPOS="1142"/>
							<String ID="string_188" HPOS="1170" VPOS="2270" WIDTH="98" HEIGHT="37" WC="0.78" CONTENT="helst"/><SP WIDTH="28" VPOS="2270" HPOS="1268"/>
							<String ID="string_189" HPOS="1296" VPOS="2271" WIDTH="122" HEIGHT="49" WC="0.96" CONTENT="skälig"/><SP WIDTH="30" VPOS="2271" HPOS="1418"/>
							<String ID="string_190" HPOS="1448" VPOS="2272" WIDTH="205" HEIGHT="50" WC="0.32" CONTENT="anledning"/><SP WIDTH="24" VPOS="2272" HPOS="1653"/>
							<String ID="string_191" HPOS="1677" VPOS="2273" WIDTH="124" HEIGHT="38" WC="0.95" CONTENT="därtill"/>
						</TextLine>
						<TextLine ID="line_26" HPOS="206" VPOS="2317" WIDTH="260" HEIGHT="38">
							<String ID="string_192" HPOS="206" VPOS="2317" WIDTH="260" HEIGHT="38" WC="0.96" CONTENT="förekommer."/>
						</TextLine>
					</TextBlock>
					<TextBlock ID="block_10" HPOS="270" VPOS="2379" WIDTH="1482" HEIGHT="45">
						<TextLine ID="line_27" HPOS="270" VPOS="2379" WIDTH="1482" HEIGHT="45">
							<String ID="string_193" HPOS="270" VPOS="2379" WIDTH="117" HEIGHT="37" WC="0.81" CONTENT="Bihang"/><SP WIDTH="23" VPOS="2379" HPOS="387"/>
							<String ID="string_194" HPOS="410" VPOS="2380" WIDTH="44" HEIGHT="29" WC="0.93" CONTENT="till"/><SP WIDTH="22" VPOS="2380" HPOS="454"/>
							<String ID="string_195" HPOS="476" VPOS="2380" WIDTH="105" HEIGHT="30" WC="0.90" CONTENT="Riksd."/><SP WIDTH="19" VPOS="2380" HPOS="581"/>
							<String ID="string_196" HPOS="600" VPOS="2383" WIDTH="78" HEIGHT="35" WC="0.50" CONTENT="prot,"/><SP WIDTH="27" VPOS="2383" HPOS="678"/>
							<String ID="string_197" HPOS="705" VPOS="2382" WIDTH="89" HEIGHT="28" WC="0.92" CONTENT="1911."/><SP WIDTH="48" VPOS="2382" HPOS="794"/>
							<String ID="string_198" HPOS="842" VPOS="2382" WIDTH="18" HEIGHT="27" WC="0.92" CONTENT="7"/><SP WIDTH="24" VPOS="2382" HPOS="860"/>
							<String ID="string_199" HPOS="884" VPOS="2381" WIDTH="89" HEIGHT="30" WC="0.92" CONTENT="Saml."/><SP WIDTH="47" VPOS="2381" HPOS="973"/>
							<String ID="string_200" HPOS="1020" VPOS="2382" WIDTH="16" HEIGHT="28" WC="0.93" CONTENT="1"/><SP WIDTH="25" VPOS="2382" HPOS="1036"/>
							<String ID="string_201" HPOS="1061" VPOS="2382" WIDTH="70" HEIGHT="37" WC="0.91" CONTENT="Afd."/><SP WIDTH="46" VPOS="2382" HPOS="1131"/>
							<String ID="string_202" HPOS="1177" VPOS="2384" WIDTH="42" HEIGHT="28" WC="0.89" CONTENT="45"/><SP WIDTH="22" VPOS="2384" HPOS="1219"/>
							<String ID="string_203" HPOS="1241" VPOS="2384" WIDTH="89" HEIGHT="36" WC="0.54" CONTENT="Huft."/><SP WIDTH="47" VPOS="2384" HPOS="1330"/>
							<String ID="string_204" HPOS="1377" VPOS="2382" WIDTH="60" HEIGHT="40" WC="0.96" CONTENT="(Nr"/><SP WIDTH="22" VPOS="2382" HPOS="1437"/>
							<String ID="string_205" HPOS="1459" VPOS="2385" WIDTH="65" HEIGHT="39" WC="0.56" CONTENT="48.)"/><SP WIDTH="218" VPOS="2385" HPOS="1524"/>
							<String ID="string_206" HPOS="1742" VPOS="2386" WIDTH="10" HEIGHT="29" WC="0.94" CONTENT="1"/>
						</TextLine>
					</TextBlock>
				</ComposedBlock>
			</PrintSpace>
		</Page>
	</Layout>
</alto>
