2258 2680
416 225 113 30 Andra
554 225 210 30 Kammarens
792 224 179 43 Tillfälliga
1000 224 131 31 Utskotts
1154 224 78 42 (N:o
1255 224 34 41 4)
1318 224 169 31 Utlåtande
1509 225 65 31 N:o
1598 226 31 30 3.
1767 226 18 29 3

218 316 46 45 på
294 314 132 44 10,000
454 313 135 36 kronor
620 312 56 37 för
708 318 54 31 att
793 313 117 36 under
938 315 19 35 3
988 316 56 33 års
1072 313 55 36 tid
1153 315 73 34 låta
1253 314 155 36 anställa
1436 312 225 38 omfattande
1690 313 137 37 under-

218 365 158 47 sökning
403 363 102 37 öfver
531 364 312 47 rostsjukdomens
870 365 157 35 väsende
1054 365 66 35 och
1148 370 116 30 natur.

351 415 87 36 Man
466 415 66 36 har
560 415 122 36 derför
708 416 95 47 hopp
831 429 58 22 om
918 421 53 30 att
998 416 120 35 denna
1145 416 139 48 vigtiga
1313 416 63 35 sak
1403 415 72 36 blir
1504 421 113 42 tagen
1644 428 59 23 om
1731 416 96 35 hand

217 465 40 36 af
280 467 230 47 sakkunnige
538 474 96 27 män.
688 467 72 35 Det
786 466 108 36 torde
923 466 123 36 derför
1072 467 79 35 icke
1179 479 86 23 vara
1292 467 170 47 lämpligt
1490 471 54 30 att
1566 469 46 45 gå
1636 466 69 35 den
1730 466 96 36 före-

217 517 152 35 stående
397 517 247 48 utredningen
671 518 13 35 i
712 516 128 49 förväg
867 518 67 35 och
962 531 50 21 nu
1041 516 49 41 af.
1103 517 130 48 Kongl.
1262 517 103 48 Maj:t
1391 517 137 49 begära
1553 516 274 49 lagstiftnings-

217 568 171 48 åtgärder
415 567 56 36 för
497 568 194 36 utrotande
719 567 40 36 af
781 568 318 43 berberisbusken,
1128 569 94 35 helst
1249 581 76 23 som
1354 568 61 36 det
1443 568 151 36 afsedda
1619 568 209 35 ändamålet

217 619 84 35 med
342 631 44 23 en
427 619 113 35 sådan
582 619 129 48 åtgärd
752 620 206 47 säkerligen
998 620 79 35 icke
1105 620 141 43 vinnes,
1274 632 58 22 om
1361 620 70 35 den
1458 620 80 35 icke
1566 620 70 34 kan
1664 620 124 35 ställas
1816 620 12 34 i

217 669 179 36 samband
428 670 84 35 med
545 670 116 35 andra
693 670 183 48 åtgärder,
910 683 58 22 om
996 670 142 35 hvilkas
1165 669 250 37 beskaffenhet
1441 683 85 22 man
1555 677 98 28 ännu
1682 669 146 37 sväfvar

219 721 13 34 i
259 721 238 47 okunnighet.

351 770 84 36 Med
477 771 200 48 anledning
717 770 39 36 af
791 771 97 35 hvad
929 771 152 36 sålunda
1113 771 124 36 blifvit
1264 771 146 36 anfördt
1436 770 57 37 får
1520 772 178 35 utskottet
1725 772 103 35 hem-

217 816 119 58 ställa,
1179 823 6 3 i

755 877 54 30 att
834 871 278 49 ifrågavarande
1135 873 140 35 motion
1293 871 57 37 för
1368 872 229 36 närvarande
1616 873 78 35 icke
1715 875 112 32 måtte

619 922 189 36 föranleda
834 924 58 34 till
915 927 119 44 någon
1064 923 229 48 Riksdagens
1321 923 140 48 åtgärd.

352 1023 208 37 Stockholm
589 1024 69 35 den
688 1025 43 34 21
764 1023 161 37 februari
951 1017 110 45 1890.

792 1175 51 36 På
870 1177 195 35 utskottets
1093 1183 154 42 vägnar:

868 1294 100 37 ELIS
995 1294 184 37 NILSON.
