2198 2626
626 181 386 33 Konstilutionsulskottets
1039 182 161 31 utlåtande
1226 182 50 30 Nr
1299 183 52 29 20.
1727 182 18 28 2

499 237 11 7 -

316 269 186 37 Utskottet
531 269 56 36 får
615 271 105 34 alltså
749 271 201 43 hemställa,

716 376 54 31 att
799 372 182 34 motionen
1016 372 23 34 I:
1072 373 70 34 174
1172 373 8 33 i

716 420 35 45 a)
780 422 118 47 punkt
929 422 34 43 1)
993 421 261 44 (»beträffande
1285 419 360 50 utskyldsstrecket»)
1675 426 111 30 måtte

581 484 106 23 anses
729 471 175 36 besvarad

582 535 43 21 nr
654 523 45 33 28
729 522 198 42 hemställt,

943 484 131 35 genom

1116 471 68 35 vad
1228 473 179 34 utskottet
1448 472 10 33 i
1500 472 66 34 sitt
1594 470 191 36 utlåtande

717 569 38 46 b)
784 571 117 48 punkt
921 569 37 46 2)
987 570 260 45 (»beträffande
1268 569 516 49 förmynderskapsstrecket»)

581 622 78 35 icke
688 625 112 32 måtte
827 623 58 33 till
914 625 121 42 någon
1064 621 215 47 riksdagens
1307 621 127 47 åtgärd
1465 620 199 42 föranleda,

715 670 34 47 c)
778 673 116 46 punkt
937 670 36 47 3)
1011 669 260 46 (beträffande
1311 668 355 47 konkursstrecket>)
1706 671 79 35 icke

583 728 113 30 måtte
724 723 58 35 till
811 725 118 46 någon
959 722 215 48 riksdagens
1204 722 124 46 åtgärd
1359 721 201 43 föranleda,

717 771 39 46 d)
785 774 118 47 punkt
923 772 37 45 4)
981 771 259 46 (beträffande
1259 770 303 49 fattigstrecket»)
1578 772 80 35 icke
1674 775 111 32 måtte

581 825 55 34 till
670 831 118 40 någon
821 824 212 47 riksdagens
1061 823 130 48 åtgärd
1219 823 200 43 föranleda,

716 872 34 45 e)
780 875 116 46 punkt
913 872 36 46 5)
972 872 259 44 (beträffande
1251 871 400 50 värnpliktsstrecket»)
1673 876 112 32 måtte

580 937 42 22 av
661 924 192 47 riksdagen
895 923 145 36 bifallas
1081 924 68 35 och
1190 928 55 30 att
1284 923 195 48 riksdagen
1516 922 155 36 sålunda
1701 923 84 35 ville

580 977 118 33 såsom
726 975 143 35 vilande
897 975 56 35 till
982 973 123 36 vidare
1133 973 308 49 grundlagsenlig
1467 973 229 48 behandling
1723 985 61 23 an-

579 1030 86 43 taga
693 1024 161 48 följande

892 1182 182 49 Förslag

539 1326 135 32 ändrad
697 1325 138 40 lydelse
858 1334 41 23 av
922 1325 21 42 &
967 1324 40 32 16
1029 1323 393 41 riksdagsordningen:

366 1428 221 37 (Nuvarande
611 1427 149 41 lydelse:)

515 1515 19 38 8
559 1513 46 31 16.

218 1574 141 33 Valrätt
394 1573 205 34 tillkommer
631 1582 40 21 en
699 1581 62 22 var
789 1582 74 20 man
886 1570 60 32 och

177 1617 136 38 kvinna,
347 1626 69 21 som
450 1619 38 27 är
522 1613 122 33 svensk
677 1613 178 32 undersåte
886 1612 60 32 och

177 1661 116 30 senast
319 1658 106 31 under
447 1656 278 42 nästföregående
747 1655 200 32 kalenderår

177 1701 144 75 uppnått
343 1699 154 43 tjugutre
521 1699 54 31 års
600 1697 104 33 ålder.

253 1743 106 32 alrätt
382 1743 55 30 må
459 1741 82 32 dock
564 1740 30 42 ej
619 1742 121 29 utövas
764 1750 56 21 av:

220 1786 32 41 a)
276 1785 72 38 den,
364 1794 69 22 som
454 1783 73 32 står
543 1783 106 32 under
664 1781 283 43 förmynderskap

177 1828 81 32 eller

219 1881 69 21 som
311 1874 37 27 är
371 1868 12 32 i
406 1865 325 42 konkurstillstånd;

219 1912 35 42 b)
277 1911 72 38 den,
373 1921 70 21 som
477 1915 39 26 är
548 1920 43 22 av
625 1908 173 33 allmänna
825 1909 120 41 fattig-

176 1954 127 32 vården
326 1952 284 43 omhändertagen
633 1951 52 32 för
704 1950 163 43 varaktig
881 1950 64 32 för-

177 1996 166 43 sörjning;

219 2040 30 40 c)
277 2038 73 38 den,
385 2048 71 22 som
490 2042 38 27 är
558 2036 77 32 från
670 2036 172 32 valrätten
875 2038 70 29 ute-

177 2081 111 32 sluten
310 2081 43 41 på
375 2079 113 42 grund
509 2090 42 20 av
567 2078 119 37 ådömd
702 2077 243 43 straffpåföljd;

220 2122 35 42 d)
276 2122 214 40 värnpliktig,
524 2131 68 21 som
626 2120 70 32 icke
728 2119 156 41 fullgjort
908 2119 38 31 de

179 2166 116 30 honom
319 2164 53 32 till
395 2163 58 34 och
474 2163 74 31 med
570 2163 164 40 utgången
758 2172 40 20 av
818 2161 127 40 sistför-

178 2207 108 40 flutna
310 2206 227 32 kalenderåret
558 2205 177 42 åliggande
749 2204 197 40 värnplikts-

178 2245 170 49 övningar.
525 2257 3 10 >
796 2262 3 1 |

1204 1424 218 40 (Föreslagen
1446 1423 150 41 lydelse")

1353 1511 20 38 &
1398 1509 47 31 16.

1056 1569 141 33 Valrätt
1229 1568 211 33 tillkommer
1473 1578 40 21 en
1542 1578 59 21 var
1624 1577 78 21 man
1725 1566 60 33 och

1015 1612 138 37 kvinna,
1183 1622 68 21 som
1285 1615 39 29 är
1357 1609 123 33 svensk
1513 1610 180 31 undersåte
1726 1608 60 33 och

1015 1656 113 30 senast
1154 1653 106 32 under
1283 1652 276 42 nästföregående
1583 1651 203 32 kalenderår

1015 1697 148 41 uppnått
1185 1694 155 44 tjugutre
1363 1695 57 31 års
1443 1693 105 33 ålder.

1057 1738 138 33 Valrätt
1217 1739 54 30 må
1292 1736 84 32 dock
1399 1736 28 43 ej
1452 1738 120 30 utövas
1595 1746 55 21 av:

1057 1782 34 40 a)
1115 1780 72 39 den,
1205 1790 69 22 som
1297 1779 71 32 står
1381 1779 109 32 under
1501 1777 283 43 förmynderskap

1015 1822 83 33 eller
1799 1844 3 3 .

1057 1876 70 21 som
1151 1869 37 27 är
1210 1865 12 30 i
1245 1862 321 39 konkurstillstånd;

1057 1908 36 40 b)
1116 1907 72 38 den,
1213 1917 70 22 som
1317 1911 39 27 är
1390 1917 42 20 av
1465 1904 173 32 allmänna
1671 1904 114 41 fattig-

1015 1950 129 32 vården
1168 1948 285 42 omhändertagen
1474 1947 53 32 för
1543 1946 162 42 varaktig
1720 1942 66 36 för-

1016 1992 166 43 sörjninag;

1057 2038 30 37 c)
1114 2034 71 35 den,
1220 2044 69 21 som
1327 2037 38 27 är
1398 2032 78 32 från
1511 2031 172 33 valrätten
1716 2034 68 29 ute-

1015 2077 111 32 sluten
1151 2077 44 42 på
1217 2075 110 43 grund
1343 2085 42 22 av
1402 2074 120 33 ådömd
1538 2073 246 43 straffpåföljd.
