2208 2616
368 201 38 30 12
494 200 247 32 Sammansatta
762 203 106 37 stats-,
893 201 201 42 bevillnings-
1117 202 54 32 och
1187 202 112 41 första
1322 203 221 40 lagutskottets
1565 204 172 32 utlåtande
1758 204 54 32 Nr
1832 207 30 29 2.

469 286 61 35 En
559 285 206 49 detaljerad
793 287 101 48 plan,
923 293 127 31 varest
1079 287 71 37 och
1178 300 48 24 av
1253 287 129 37 vilken
1410 288 263 37 beskaffenhet
1690 295 96 30 samt
1800 289 60 37 för
1875 289 106 37 vilka

368 350 46 22 av
441 336 46 37 de
514 337 225 49 ifrågasatta
766 339 161 36 verkens
955 339 177 49 personal
1159 362 50 7 —
1237 345 144 31 statens
1392 340 242 49 järnvägars,
1650 341 329 48 telegrafverkets,

366 389 252 48 postverkets,
637 390 381 37 vattenfallsverkens
1048 391 71 36 och
1145 391 222 37 tullverkets
1387 413 48 4 —
1456 391 46 37 de
1523 392 101 36 olika
1645 392 223 37 bostäderna
1886 392 93 37 böra

365 440 193 49 uppföras,
588 441 80 47 har,
698 443 123 34 såsom
851 442 99 36 förut
978 443 177 48 angivits,
1185 456 50 23 nu
1255 443 83 36 icke
1356 443 146 36 kunnat
1522 444 218 48 föreläggas
1759 444 218 49 riksdagen.

367 492 58 36 En
466 492 187 48 ingående
694 494 219 47 ytterligare
953 494 194 49 prövning
1187 508 46 22 av
1260 495 161 36 verkens
1450 498 41 33 så
1518 496 208 48 väsentligt
1752 496 227 36 reducerade

366 544 280 48 anslagsbehov
673 547 119 34 måste
811 545 170 37 därförut
1001 550 73 43 äga
1093 559 93 23 rum.
1230 546 432 49 Departementschefen
1683 548 68 35 har
1769 548 209 36 emellertid

366 599 113 32 redan
508 609 50 22 nu
584 601 123 31 ansett
736 597 59 47 sig
823 596 91 37 böra
941 598 144 46 fastslå,
1116 603 53 30 att
1198 598 63 36 det
1281 598 218 48 föreslagna
1517 598 383 50 bostadsbyggandet
1921 600 59 36 för

365 647 245 49 statstjänare
638 647 12 36 i
676 648 105 47 regel
809 649 108 36 torde
935 648 94 38 böra
1048 649 207 49 begränsas
1275 650 57 36 till
1352 650 237 49 uppförande
1609 664 49 22 av
1677 651 220 49 lägenheter
1916 664 62 24 om

364 699 115 48 högst
509 701 21 34 2
559 712 84 23 rum
672 700 71 35 och
771 700 87 36 kök.

468 750 16 36 I
526 751 109 48 fråga
676 764 61 23 om
771 751 62 36 det
862 752 243 48 lämpligaste
1132 752 295 38 handhavandet
1455 766 48 23 av
1531 753 293 49 ifrågavarande
1852 754 125 49 bygg-

365 801 339 37 nadsverksamhet
732 803 69 36 har
830 803 62 36 det
920 803 82 37 icke
1031 809 108 44 synts
1169 804 417 49 departementschefen
1613 806 178 48 påkallat,
1821 811 54 30 att
1894 812 84 30 vart

364 853 91 36 verk
483 854 59 36 för
570 854 62 48 sig
659 854 126 37 betros
814 855 85 36 med
927 855 240 49 uppförande
1196 869 46 23 av
1271 856 45 36 de
1345 857 238 48 byggnader,
1604 870 82 23 som
1702 857 120 37 skulle
1837 858 139 48 ifråga-

364 904 151 37 komma
557 905 58 36 för
641 906 151 36 verkets
821 906 69 37 del.
947 906 71 37 Väl
1047 907 120 37 skulle
1195 908 95 36 efter
1317 909 211 36 samarbete
1556 909 139 36 mellan
1724 909 249 49 verksstyrel-

364 970 109 23 serna
500 970 47 23 en
575 958 90 48 plan
693 958 129 36 kunna
849 963 206 44 uppgöras,
1085 962 21 33 å
1133 959 102 36 vilka
1263 964 101 32 orter
1392 960 70 36 och
1490 961 60 36 för
1576 961 104 36 vilka
1693 961 94 36 verk
1805 960 172 37 bostads-

363 1008 207 48 byggande
598 1009 117 36 under
743 1009 46 36 de
818 1009 100 37 olika
946 1013 90 33 åren
1065 1011 68 36 bör
1160 1015 73 44 äga
1259 1025 83 22 rnm
1372 1012 71 35 och
1471 1011 125 36 denna
1623 1013 89 47 plan
1728 1012 248 36 underställas

365 1060 141 48 Kungl.
542 1060 128 49 Maj:ts
697 1061 203 49 prövning.
956 1061 88 37 Men
1074 1075 62 23 om
1163 1062 141 36 verken
1333 1063 116 36 sedan
1477 1076 68 23 var
1574 1063 58 36 för
1660 1064 60 47 sig
1747 1064 121 36 skulle
1896 1077 81 23 om-

362 1111 247 37 händerhava
648 1112 229 48 utförandet,
919 1113 120 49 ginge
1080 1114 46 36 de
1166 1114 165 36 fördelar
1358 1114 85 36 med
1471 1115 188 36 avseende
1688 1118 20 33 å
1736 1116 240 36 materialan-

363 1163 246 49 skaffningar,
652 1164 392 49 arbetsuppgörelser,
1087 1166 260 48 organisation
1376 1179 33 23 o.
1440 1179 29 23 s.
1499 1180 36 22 v.
1565 1167 71 35 lätt
1665 1167 198 45 förlorade,
1893 1181 82 22 som

363 1215 85 36 med
489 1228 47 23 en
577 1215 172 48 enhetlig
789 1216 157 49 ledning
986 1230 49 22 av
1063 1217 85 36 hela
1176 1217 498 49 byggnadsverksamheten
1702 1218 117 37 borde
1847 1219 129 36 kunna

362 1269 157 46 uppnås.
577 1266 356 50 Byggnadsarbetet
960 1268 123 37 skulle
1111 1268 153 37 därmed
1292 1269 87 49 löpa
1408 1270 79 36 fara
1507 1275 55 30 att
1578 1270 184 49 fördyras.
1793 1270 181 49 Departe-

363 1319 260 36 mentschefen
663 1319 69 36 har
772 1319 129 36 därför
941 1319 128 37 funnit
1111 1321 231 48 lämpligast,
1386 1327 54 30 att
1468 1321 75 36 alla
1571 1321 403 50 byggnadsföretagen

362 1370 189 36 betraktas
594 1383 80 23 som
716 1384 47 23 en
803 1371 113 36 enhet
944 1372 70 35 och
1043 1377 54 31 att
1126 1372 106 36 deras
1261 1372 157 48 ledning
1444 1373 12 36 i
1486 1373 204 37 allmänhet
1717 1374 189 36 anförtros
1936 1377 38 33 åt

362 1435 47 22 en
438 1421 71 37 och
538 1435 144 23 samma
709 1423 238 48 myndighet.

464 1473 88 36 Med
590 1474 187 36 avseende
805 1477 21 33 å
855 1474 72 36 den
956 1474 236 37 sistnämnda
1221 1475 135 48 frågan
1385 1476 142 36 erinrar
1556 1476 418 49 departementschefen

362 1537 73 32 om,
478 1530 54 31 att
561 1526 147 35 arméns
737 1526 506 49 kasernbyggnadsnämnds
1272 1528 242 36 verksamhet
1544 1529 84 35 från
1656 1528 71 37 och
1754 1529 86 36 med
1867 1529 106 36 inne-

361 1576 165 37 varande
565 1580 40 33 år
633 1577 169 36 kommer
830 1584 54 30 att
913 1584 175 30 avsevärt
1115 1579 168 36 minskas
1312 1579 60 36 för
1400 1585 55 30 att
1483 1580 104 36 inom
1616 1580 85 36 kort
1729 1580 55 36 tid
1808 1580 166 37 därefter

361 1628 182 49 upphöra.
612 1628 18 36 I
670 1642 46 23 en
757 1629 59 36 till
858 1629 415 49 departementschefen
1315 1631 245 36 överlämnad
1597 1632 250 48 promemoria
1876 1632 97 37 hade

361 1680 191 36 nämnden
581 1680 125 46 också,
736 1681 85 36 med
850 1682 149 35 erinran
1027 1682 145 45 härom,
1200 1682 136 37 uttalat
1365 1683 73 36 den
1465 1683 168 49 mening,
1664 1689 54 31 att
1733 1683 164 37 fördelar
1917 1684 58 36 för

361 1731 63 36 det
464 1731 379 50 bostadsbyggande,
880 1746 131 23 varom
1038 1747 54 29 nu
1121 1747 88 23 vore
1238 1735 121 47 fråga,
1389 1734 120 36 skulle
1536 1748 91 22 vara
1656 1741 55 30 att
1738 1736 142 47 hämta,
1911 1749 61 23 om

361 1782 536 49 kasernbyggnadsnämnden
926 1784 203 38 betroddes
1158 1786 84 35 med
1271 1786 205 48 ledningen
1505 1799 47 23 av
1581 1786 220 37 detsamma.
1830 1787 143 36 Nämn-

362 1834 71 36 den
470 1834 98 36 hade
597 1848 46 22 en
671 1835 128 36 härför
826 1836 223 49 kompetent
1077 1837 260 47 organisation
1365 1844 97 30 samt
1489 1838 229 37 arbetsbefäl
1748 1841 21 34 å
1798 1839 44 36 de
1871 1839 103 36 olika

361 1885 361 50 byggnadsplatser,
753 1887 67 36 där
848 1888 191 36 nämnden
1069 1888 162 37 bedrivit
1260 1890 57 35 sin
1346 1889 253 37 verksamhet.
1643 1890 141 49 Många
1800 1904 46 22 av
1862 1891 111 36 dessa

360 1950 181 35 personer
581 1938 96 37 hade
718 1938 90 37 flera
850 1942 39 33 år
928 1941 99 35 varit
1064 1940 12 36 i
1104 1940 209 37 nämndens
1342 1942 127 48 tjänst.
1527 1942 261 36 Allteftersom
1819 1943 154 36 kasern-

360 1988 278 50 byggnaderna
679 1990 294 48 färdigställdes,
1015 1992 108 36 bleve
1164 1992 166 37 nämnda
1370 1994 177 48 personal
1588 1994 114 47 ledig,
1745 1994 70 36 och
1856 1994 117 36 redan

360 2041 118 36 under
516 2044 40 33 år
587 2043 98 35 1920
714 2042 127 36 kunde
870 2056 47 23 en
946 2043 59 36 del
1035 2043 221 50 disponeras
1285 2045 59 36 för
1372 2045 115 36 andra
1516 2045 187 36 ändamål.
1757 2046 215 48 Nämnden,

360 2105 81 23 som
469 2105 141 35 genom
639 2093 216 49 ferfaldiga
882 2096 249 47 uppgörelser
1158 2096 84 36 med
1271 2096 217 36 arbetarnas
1518 2097 302 47 organisationer
1838 2098 135 36 vunnit

359 2143 215 50 betydande
616 2145 215 37 erfarenhet
871 2146 12 36 i
924 2147 292 49 handläggning
1247 2161 49 22 av
1324 2147 111 37 dessa
1463 2148 178 47 ärenden,
1670 2149 98 48 ägde
1798 2155 175 43 separata

361 2196 101 35 avtal
503 2196 87 37 med
632 2197 46 36 de
719 2197 108 36 festa
860 2198 249 48 avdelningar
1137 2212 45 22 av
1211 2199 217 37 arbetarnas
1458 2200 390 48 fackorganisationer
1876 2204 21 33 å
1926 2201 46 36 de

360 2246 99 36 olika
487 2247 408 50 byggnadsplatserna.
944 2248 112 38 Stora
1070 2251 293 48 uppsättningar
1391 2264 47 23 av
1452 2251 194 37 maskiner
1661 2252 69 36 och
1746 2253 227 35 materialier

359 2298 55 36 till
454 2304 54 31 ett
550 2301 255 48 sammanlagt
842 2301 115 36 värde
986 2315 48 22 av
1063 2302 100 36 cirka
1192 2304 164 41 650,000
1386 2303 136 36 kronor
1549 2303 206 37 innehades
1784 2304 112 36 också
1924 2316 50 23 av
