2200 2616
375 203 20 31 2
495 202 246 33 Sammansatta
762 206 103 36 stats-,
890 204 200 41 bevillnings-
1114 204 55 32 och
1183 204 116 41 första
1321 205 223 41 lagutskottets
1566 206 171 32 utlåtande
1759 206 53 32 Nr
1835 207 32 31 2.

480 287 74 49 3:0)
583 294 56 31 att
667 288 56 36 till
749 288 220 48 understöd,
998 289 12 37 i
1038 289 257 50 huvudsaklig
1322 291 376 36 överensstämmelse
1727 291 86 36 med
1841 292 12 35 i
1878 296 118 33 stats-

375 339 315 51 rådsprotokollet
718 340 169 49 angivna
913 341 178 48 grunder,
1120 344 37 33 åt
1185 341 225 37 kommuner
1436 342 85 36 med
1550 343 91 36 flera
1668 343 61 36 för
1752 344 239 48 uppförande

376 405 48 23 av
463 392 102 36 vissa
605 391 391 50 bostadsbyggnader
1037 393 133 36 anvisa
1212 393 72 37 och
1324 393 59 37 till
1423 393 144 50 Kungl.
1596 394 130 49 Maj:ts
1764 395 234 48 förfogande:

376 443 110 36 ställa
514 444 75 36 dels
616 444 59 36 för
702 446 41 33 år
773 446 97 35 1921
900 444 121 37 under
1046 445 115 36 femte
1188 445 244 37 huvudtiteln
1461 450 53 32 ett
1531 446 392 49 reservationsanslag
1942 460 49 22 av

378 496 203 46 6,500,000
609 495 153 47 kronor,
792 501 56 30 att
877 495 123 38 direkt
1027 499 94 46 utgå
1149 510 47 22 av
1222 496 574 50 hyresstegringsskattemedel,
1825 499 76 35 dels
1929 499 68 36 ock

376 549 22 34 å
424 547 235 48 tilläggsstat
686 547 59 36 för
772 550 42 33 år
843 549 99 35 1920
969 548 121 36 under
1117 548 114 49 sjätte
1258 549 241 36 huvudtiteln
1527 554 54 31 ett
1598 549 396 49 reservationsanslag

376 611 47 23 av
450 599 206 47 4,000,000
683 598 152 47 kronor,
865 604 55 31 att
947 602 93 46 utgå
1068 612 47 23 av
1142 600 192 49 tillfälliga
1361 600 224 47 lånemedel;

479 649 75 49 4:0)
595 655 55 31 att
691 650 60 36 för
794 650 244 38 anordnande
1080 665 46 22 av
1153 652 272 49 pristävlingar
1452 665 61 24 om
1542 652 350 38 standardmateriel
1920 652 71 37 och

377 702 113 36 därav
519 701 218 37 föranledda
766 702 177 48 åtgärder
970 703 12 35 i
1010 702 169 49 enlighet
1206 703 88 37 med
1322 717 47 22 av
1396 704 143 48 Kungl.
1559 704 110 49 Maj:t
1696 709 172 32 närmare
1887 705 109 36 med-

376 753 130 37 delade
534 753 283 37 bestämmelser
841 757 21 33 å
885 754 237 49 tilläggsstat
1140 755 58 36 för
1217 758 41 33 år
1280 757 98 34 1920
1398 755 119 37 under
1535 757 112 48 sjätte
1666 756 239 37 huvudtiteln
1924 769 65 23 an-

376 805 80 36 visa
483 810 54 31 ett
565 805 302 49 förslagsanslag
895 819 46 22 av
970 807 140 46 25,000
1133 806 141 37 kronor
1298 812 55 31 att
1371 810 94 46 utgå
1485 821 47 22 av
1552 808 192 49 tillfälliga
1763 807 230 46 lånemedel;

480 856 75 49 5:0)
584 862 54 31 att
665 857 55 36 till
747 857 293 49 resestipendier
1067 861 38 33 åt
1133 858 216 47 arkitekter,
1378 859 273 49 byggmästare
1680 860 72 36 och
1781 860 168 36 arbetare
1976 861 15 35 i

375 908 343 49 byggnadsfacket,
738 914 180 31 ävensom
939 912 38 33 åt
997 922 183 36 personer
1198 910 86 36 med
1304 910 435 51 medicinsk-hygienisk
1757 911 230 49 utbildning,

376 960 58 36 för
466 960 142 36 studier
634 960 13 35 i
674 960 173 36 utlandet
873 974 47 22 av
948 961 294 48 bostadsfrågan
1272 965 21 33 å
1321 962 235 49 tilläggsstat
1584 963 59 36 för
1670 966 41 33 år
1741 965 99 34 1920
1868 963 128 36 under

375 1012 113 49 sjätte
530 1011 239 36 huvudtiteln
812 1012 131 36 anvisa
985 1013 70 35 och
1096 1014 109 35 ställa
1245 1013 58 36 till
1339 1013 143 49 Kungl.
1512 1014 129 48 Maj:ts
1678 1014 230 48 förfogande
1936 1020 60 30 ett

374 1063 386 48 reservationsanslag
788 1076 48 23 av
867 1064 137 47 75,000
1033 1064 140 37 kronor
1201 1070 54 30 att
1283 1064 179 37 likaledes
1491 1068 92 46 utgå
1611 1079 48 22 av
1678 1066 191 49 tillfälliga
1888 1066 105 36 låne-

376 1114 136 45 medel;
542 1120 97 31 samt

480 1165 74 50 6:0)
583 1171 65 42 att,
676 1166 64 36 vid
768 1166 108 36 bifall
904 1166 55 36 till
988 1166 74 37 vad
1090 1167 119 36 under
1233 1181 112 23 mom.
1367 1167 85 49 3:0),
1473 1167 76 49 4:0)
1569 1169 69 36 och
1660 1168 75 49 5:0)
1758 1169 236 48 föreslagits,

375 1217 157 48 besluta,
575 1223 56 31 att
672 1217 63 36 det
767 1217 13 36 i
812 1218 186 48 förslaget
1029 1218 57 36 till
1116 1219 235 48 tilläggsstat
1377 1219 59 36 för
1463 1223 41 33 år
1534 1222 99 34 1920
1661 1220 122 37 under
1809 1221 180 36 rubriken

374 1269 207 48 »Tillfällig
607 1269 232 49 upplåning»
867 1275 199 44 upptagna
1093 1270 138 50 belopp
1256 1270 97 37 skall
1373 1271 108 49 höjas
1501 1272 85 36 med
1607 1273 207 46 4,100,000
1834 1273 154 36 kronor.

478 1321 18 36 I
524 1321 277 48 sammanhang
838 1322 85 35 med
952 1322 246 37 förevarande
1226 1323 238 49 proposition
1493 1323 99 37 hava
1620 1324 57 36 till
1706 1324 289 37 statsutskottet

370 1372 145 49 jämväl
544 1373 250 36 överlämnats
824 1373 166 49 följande
1018 1374 197 47 motioner,
1245 1374 208 48 nämligen:

478 1438 45 23 nr
551 1426 74 34 292
653 1425 12 35 i
694 1424 119 37 första
840 1424 219 38 kammaren
1087 1439 46 22 av
1162 1426 86 36 herr
1276 1427 156 48 Sigfrid,
1461 1439 82 24 som
1571 1427 227 47 hemställer,
1819 1433 56 31 att
1893 1427 98 37 riks-

375 1475 125 49 dagen
540 1478 115 34 måtte
695 1476 150 36 besluta
881 1481 54 31 att
962 1490 48 22 av
1038 1483 144 31 statens
1210 1477 251 37 bostadsfond
1489 1478 187 37 utbetalas
1704 1479 58 36 till
1791 1479 85 47 den,
1905 1492 82 23 som

375 1528 119 36 under
535 1530 90 33 åren
669 1529 252 36 1920—1921
965 1529 138 49 uppför
1130 1532 37 33 åt
1195 1529 61 48 sig
1284 1535 54 31 ett
1365 1535 86 44 eget
1478 1530 100 48 hem,
1607 1544 89 23 vare
1724 1531 62 48 sig
1813 1531 181 36 bostads-

376 1579 89 37 eller
500 1579 399 49 jordbruksegethem,
942 1581 70 35 och
1050 1580 157 37 erhåller
1234 1582 63 35 lån
1326 1587 80 31 mot
1433 1586 108 32 ränta
1569 1595 44 23 ur
1641 1588 143 31 statens
1812 1583 175 36 bostads-

376 1631 91 36 fond
508 1631 91 36 eller
640 1636 145 31 statens
827 1631 313 49 egnahemsfond,
1183 1638 53 30 ett
1277 1633 139 49 belopp
1450 1646 47 23 av
1524 1634 141 36 kronor
1695 1635 125 47 1,500,
1863 1634 125 37 därest

376 1682 263 49 egnahemmet
667 1682 207 37 innehåller
903 1686 21 33 2
952 1697 83 22 rum
1064 1684 69 36 och
1162 1684 88 48 kök,
1280 1690 99 31 samt
1409 1686 112 46 2,000
1542 1686 154 47 kronor,
1717 1699 61 24 om
1799 1686 63 36 det
1881 1686 108 36 inne-

376 1734 116 37 håller
522 1737 21 33 3
572 1748 83 22 rum
683 1734 71 36 och
783 1734 89 47 kök,

478 1799 45 23 nr
552 1788 73 34 233
653 1786 12 35 i
694 1786 116 36 andra
838 1786 217 37 kammaren
1084 1800 47 23 av
1158 1787 87 36 herr
1280 1788 148 46 Werner,
1458 1801 82 23 som
1569 1789 229 47 hemställer,
1818 1794 56 31 att
1892 1789 102 36 riks-

376 1837 124 49 dagen
529 1840 117 33 måtte
674 1838 107 36 anslå
810 1838 56 36 till
893 1838 204 36 understöd
1126 1839 58 36 för
1210 1839 236 49 uppförande
1475 1853 47 23 av
1550 1840 245 37 kommunala
1813 1840 181 37 bostads--

375 1889 71 35 hus
483 1889 86 36 med
598 1889 303 49 smålägenheter
929 1892 23 34 4
980 1890 174 49 miljoner
1182 1891 152 47 kronor,
1363 1905 116 23 varav
1508 1894 22 34 2
1561 1892 174 48 miljoner
1763 1895 20 33 å
1812 1893 178 48 tilläggs-

376 1945 72 31 stat
488 1940 59 37 för
590 1942 98 35 1920
731 1941 70 36 och
844 1943 21 34 2
907 1942 177 48 miljoner
1124 1942 60 36 för
1228 1944 112 46 1921,
1383 1948 54 31 att
1469 1946 93 46 utgå
1591 1944 120 48 enligt
1740 1944 46 36 de
1814 1950 180 31 närmare

336 2030 3 4 .
375 1992 167 48 grunder
570 2005 81 24 som
679 1995 61 34 må
769 1993 206 36 fastställas
1004 2007 47 23 av
1077 1993 144 50 Kungl.
1251 1994 122 49 Maj:t,

478 2058 45 22 nr
550 2046 74 34 423
654 2044 12 36 1
694 2044 119 36 andra
840 2044 219 37 kammaren
1088 2059 46 22 av
1161 2046 130 36 herrar
1319 2047 105 48 Hage
1448 2046 69 37 och
1536 2048 207 36 Johansson
1761 2047 13 37 i
1794 2047 198 48 Sollefteå,

375 2095 102 36 vilka
504 2096 211 48 hemställa,
746 2101 55 31 att
829 2096 207 49 riksdagen
1065 2100 114 34 måtte
1206 2097 161 48 besluta,
1396 2104 54 30 att
1474 2098 63 37 det
1556 2099 137 49 belopp
1714 2112 47 23 av
1782 2101 204 46 6,500,000

375 2146 153 49 kronor,
558 2160 81 23 som
667 2154 192 43 upptages
888 2148 119 36 under
1035 2149 121 49 punkt
1185 2148 37 50 3)
1250 2150 12 35 i
1290 2150 295 49 propositionen,
1607 2156 54 31 att
1678 2154 93 45 utgå
1790 2164 48 23 av
1857 2151 137 49 hyres--

375 2199 457 48 stegringsskattemedel,
861 2200 12 36 1
902 2200 126 36 stället
1055 2200 96 36 skall
1179 2204 94 46 utgå
1301 2215 48 22 av
1376 2202 189 48 tillfälliga
1593 2203 223 46 lånemedel,

477 2263 46 23 or
563 2253 74 34 428
680 2250 12 36 i
734 2251 119 36 andra
889 2251 219 37 kammaren
1136 2266 47 22 av
1210 2252 89 37 herr
1329 2254 205 44 Lithander,
1566 2267 81 23 som
1676 2254 227 47 hemställer,
1934 2258 55 30 att

375 2300 215 50 riksdagen,
632 2302 85 36 med
755 2303 136 48 avslag
919 2306 20 33 å
967 2303 143 49 Kungl.
1140 2303 128 50 Maj:ts
1297 2305 236 49 proposition
1561 2319 46 23 nr
1636 2308 88 46 314,
1765 2306 12 35 i
1806 2304 188 38 skrivelse
