2210 2618
359 191 43 31 20
448 186 20 50 —-
481 190 244 33 Sammansaltta
747 193 103 36 stats-,
875 191 200 41 bevillnings-
1099 191 53 32 och
1167 191 112 41 första
1301 191 223 41 lagutskottets
1546 192 168 31 utlåtande
1735 191 55 32 Nr
1811 196 30 28 2.

360 276 154 49 dragen.
571 275 161 37 Särskilt
773 279 62 33 må
877 277 141 36 erinras
1048 276 143 48 därom,
1220 281 54 32 att
1302 276 12 36 i
1342 279 141 46 många
1510 277 209 36 samhällen
1748 277 122 37 blotta
1898 278 75 35 till-

359 341 117 23 varon
518 341 46 23 av
604 328 424 49 hyresstegringslagen
1070 328 101 36 varit
1200 328 206 49 tillräcklig
1434 334 54 30 att
1516 329 101 35 hålla
1645 328 329 50 bostadshyrorna

359 392 87 24 nere
487 380 11 35 i
540 392 46 24 en
627 380 124 48 skälig
778 380 100 47 nivå,
907 386 90 30 utan
1027 385 53 31 att
1107 380 113 49 lagen
1247 380 142 36 behövt
1417 385 114 43 göras
1560 380 67 36 där
1653 380 218 50 tillämplig,
1901 381 70 36 och

359 431 104 36 detta
503 431 131 36 oaktat
674 431 303 37 bostadsbristen
1019 432 68 36 där
1122 432 98 36 varit
1249 437 121 31 större
1399 437 48 31 än
1475 432 12 35 i
1515 432 220 48 samhällen,
1766 433 67 36 där
1860 433 112 47 lagen

358 483 98 36 varit
484 483 245 36 automatiskt
757 483 215 50 tillämplig.
1028 484 69 36 Att
1124 497 52 22 nu
1203 483 162 36 avskära
1389 483 46 37 de
1455 484 263 36 förstnämnda
1738 485 235 36 samhällena

359 535 82 35 från
469 534 249 49 möjligheten
746 540 55 31 att
829 535 141 36 erhålla
997 536 61 35 lån
1086 548 45 23 ur
1149 535 389 37 bostadslånefonden
1557 536 109 36 torde
1685 536 82 36 icke
1785 550 93 22 vara
1897 537 75 35 för-

358 586 120 49 enligt
518 586 85 36 med
631 586 185 48 billighet.
860 586 197 37 Utskottet
1084 587 67 36 har
1181 589 49 46 på
1258 587 126 49 grund
1413 587 116 36 därav
1557 587 70 36 och
1655 588 13 35 i
1696 592 276 32 överensstäm-

358 638 116 36 melse
502 637 86 37 med
616 637 62 37 det
705 638 183 49 yrkande,
918 651 80 24 som
1028 639 224 36 framställts
1280 639 12 36 i
1320 639 88 36 herr
1435 638 261 49 Ljungbergs,
1725 640 12 35 i
1767 639 206 49 anledning

359 703 47 22 av
433 690 288 48 propositionen
748 704 47 22 nr
824 692 74 34 416
928 690 137 37 väckta
1093 691 145 36 motion
1265 704 45 22 nr
1329 692 75 34 442
1425 691 11 35 i
1456 690 117 36 andra
1591 691 234 47 kammaren,
1847 692 126 36 funnit

359 741 60 48 sig
445 741 93 36 böra
564 741 155 49 påyrka,
748 747 55 31 att
831 742 63 36 lån
921 756 44 22 ur
991 742 168 36 nämnda
1192 742 90 37 fond
1312 745 60 33 må
1401 745 91 46 utgå
1519 742 56 36 till
1603 742 370 49 bostadsbyggande

360 793 266 36 företrädesvis
654 793 12 36 i
694 793 137 48 städer,
860 794 189 49 köpingar
1077 794 71 36 och
1177 794 116 36 andra
1320 794 222 48 samhällen,
1563 794 68 36 där
1659 794 314 49 byggnadsstad-

358 858 77 34 gan
476 845 59 35 för
575 845 117 36 rikets
733 846 129 35 städer
903 851 41 30 är
980 846 190 48 gällande,
1198 859 88 23 men
1328 846 183 48 därjämte
1548 847 95 35 efter
1669 846 144 48 Kungl.
1843 847 129 48 Maj:ts

359 896 184 36 särskilda
584 896 192 49 prövning
818 902 96 31 även
941 897 12 36 i
982 897 116 36 andra
1138 897 238 47 kommuner,
1405 898 67 35 där
1504 910 47 23 en
1579 897 244 37 konstaterad
1852 903 121 32 större

359 948 250 36 bostadsbrist
645 948 71 36 och
744 948 118 36 andra
891 949 326 48 omständigheter
1253 949 126 36 därtill
1415 949 128 36 kunna
1584 949 91 48 giva
1702 950 79 47 fog.
1837 950 135 37 Utred-

358 1000 95 48 ning
493 1013 61 23 om
597 1000 108 36 dessa
746 1000 261 37 förhållanden
1035 1001 123 36 skulle
1190 1001 203 36 ankomma
1421 1003 48 46 på
1497 1006 145 31 statens
1670 1001 304 49 byggnadsbyrå

359 1056 55 31 att
439 1051 215 36 verkställa.

461 1103 83 36 Vad
572 1103 177 36 beträffar
777 1103 149 48 frågan,
953 1103 186 36 huruvida
1157 1103 229 36 lånefonden
1406 1103 68 36 bör
1492 1106 58 33 stå
1569 1109 126 43 öppen
1715 1104 60 35 för
1797 1104 174 37 bostads-

357 1154 71 36 hus
469 1168 46 22 av
557 1155 72 36 alla
669 1160 120 43 typer,
833 1160 42 31 är
914 1154 185 37 utskottet
1129 1168 46 23 av
1204 1168 144 23 samma
1377 1155 156 48 mening
1561 1168 81 23 som
1671 1155 299 49 departements-

358 1206 134 37 chefen
521 1206 71 36 och
621 1219 111 24 anser
759 1206 171 49 sålunda,
955 1211 55 31 att
1029 1207 63 36 lån
1124 1206 90 37 böra
1241 1207 131 36 kunna
1400 1206 189 37 utlämnas
1618 1207 105 36 såväl
1744 1207 59 36 för
1822 1207 151 49 privata

358 1258 71 36 och
458 1258 243 36 kommunala
729 1257 187 50 hyreshus
936 1264 97 30 samt
1052 1258 246 49 kooperativa
1316 1258 359 49 byggnadsföretag
1702 1271 82 24 som
1804 1260 58 36 för
1881 1273 28 22 s.
1932 1260 37 35 k.

358 1322 99 36 egna
483 1310 98 36 hem.
639 1309 151 37 Sådana
818 1310 261 49 anordningar
1108 1310 105 37 torde
1245 1310 98 36 dock
1370 1310 92 36 böra
1489 1310 144 36 lämnas
1663 1311 201 46 företräde,
1886 1324 82 23 som

358 1374 89 24 avse
488 1367 53 30 att
581 1361 216 37 underlätta
838 1362 250 49 möjligheten
1129 1362 59 36 för
1229 1361 248 50 bebyggaren
1519 1367 54 31 att
1600 1362 116 36 vinna
1744 1363 225 48 äganderätt

357 1413 56 35 till
452 1413 193 38 bostaden.
699 1413 85 36 Den
822 1426 48 23 av
907 1413 413 50 departementschefen
1361 1414 218 48 föreslagna
1615 1419 167 43 gränsen
1812 1428 46 22 av
1887 1415 83 48 fyra

357 1478 84 22 rum
483 1465 70 36 och
594 1464 76 37 kök
697 1465 60 36 för
784 1465 323 49 låneberättigade
1139 1465 221 48 lägenheter
1387 1465 66 36 har
1479 1465 187 36 utskottet
1694 1465 127 37 funnit
1850 1467 120 48 lämp-

357 1516 70 48 ligt
468 1521 53 31 att
561 1516 136 49 utbyta
737 1522 80 31 mot
858 1530 45 23 en
944 1523 115 43 gräns
1097 1517 58 37 för
1187 1516 265 50 lånebeloppet
1478 1530 67 35 per
1572 1517 190 48 lägenhet.
1819 1517 149 37 Genom

358 1568 121 36 denna
507 1568 214 49 anordning
749 1581 112 24 anser
888 1569 61 48 sig
976 1569 185 36 utskottet
1187 1569 98 36 hava
1304 1569 126 36 funnit
1449 1575 54 30 ett
1522 1569 120 36 medel
1661 1574 56 31 att
1736 1577 236 41 uppmuntra

356 1620 53 36 till
453 1619 190 37 anlitande
685 1633 47 23 av
768 1620 173 48 billigast
968 1620 156 48 möjliga
1151 1620 382 50 byggnadsmetoder.
1589 1620 195 37 Utskottet
1812 1621 159 37 föreslår

357 1671 166 48 sålunda,
553 1677 56 31 att
648 1672 61 36 lån
750 1685 46 23 ur
837 1672 300 37 bostadsfonden
1179 1673 32 48 ej
1255 1674 61 34 må
1356 1675 132 46 uppgå
1519 1672 56 36 till
1603 1672 122 49 högre
1752 1672 139 50 belopp
1921 1679 49 30 än

359 1724 137 46 15,000
525 1723 140 37 kronor
691 1737 67 35 per
785 1724 191 48 lägenhet.

458 1774 86 37 Med
573 1788 91 35 nyss
692 1774 168 49 angivna
888 1775 264 49 begränsning
1178 1774 70 38 bör
1276 1775 75 47 lån,
1380 1778 49 46 på
1457 1780 75 31 sätt
1552 1775 416 49 departementschefen

355 1826 208 49 föreslagit,
591 1827 129 36 kunna
760 1828 190 36 utlämnas
991 1827 57 36 till
1084 1827 151 49 belopp,
1264 1826 269 37 motsvarande
1561 1827 117 49 högst
1707 1829 49 35 50
1786 1827 29 37 Z
1846 1841 47 23 av
1922 1827 48 37 de

355 1877 214 37 beräknade
624 1878 70 36 och
748 1892 48 23 av
846 1878 329 50 byggnadsbyrån
1222 1878 215 49 granskade
1490 1879 476 48 byggnadskostnaderna.

355 1929 136 36 Häruti
518 1929 227 37 inberäknas
772 1930 87 37 icke
886 1930 132 37 värdet
1045 1944 48 22 av
1111 1936 153 41 tomten,
1284 1930 129 36 vilken
1433 1930 71 36 den
1523 1931 207 48 byggande
1751 1931 218 36 förutsättes

355 1982 36 35 få
419 1981 170 37 anskaffa
615 1985 50 46 på
692 1995 98 36 egen
819 1982 222 46 bekostnad,
1066 1982 68 37 där
1153 1982 71 36 den
1244 1982 32 49 ej
1298 1982 77 36 kan
1394 1982 304 37 tillhandahållas
1718 1996 47 22 av
1784 1983 184 36 kommun

354 2033 90 36 eller
471 2033 269 49 arbetsgivare.
795 2033 130 38 Lånen
962 2034 134 47 skulle,
1134 2034 130 36 såvida
1291 2035 226 47 låntagaren
1545 2034 97 48 själv
1670 2034 33 48 ej
1733 2039 158 44 utgöres
1921 2048 46 22 av

353 2085 195 47 kommun,
578 2085 202 37 förmedlas
822 2099 47 23 av
909 2086 273 36 kommunerna
1219 2091 97 31 samt
1352 2086 134 36 endast
1512 2087 188 35 utlämnas
1729 2091 79 31 mot
1836 2086 132 36 veder-

354 2136 165 38 börande
546 2137 202 36 kommuns
776 2138 153 48 garanti
956 2138 59 36 för
1042 2137 144 50 kapital
1214 2137 70 37 och
1303 2142 122 32 ränta.
1480 2137 193 37 Utskottet
1692 2138 198 36 förväntar
1912 2138 57 36 för

354 2188 139 49 övrigt,
524 2194 53 31 att
605 2188 274 37 kommunerna
907 2189 105 37 skola
1039 2192 49 46 på
1121 2190 67 35 allt
1217 2194 75 31 sätt
1327 2190 5 35 i
1361 2189 74 36 vad
1463 2192 48 46 på
1539 2189 83 37 dem
1653 2189 223 37 ankommer
1903 2189 64 37 be-

353 2240 136 49 främja
516 2240 316 50 bostadsbygget.
