2188 2622
346 201 240 32 Sammansatta
608 204 104 36 stats-,
737 202 200 41 bevillnings-
961 202 54 32 och
1029 202 110 41 första
1161 203 218 41 lagutskottets
1403 202 163 33 utlåtande
1588 203 53 32 Nr
1662 206 29 29 2.
1776 204 38 31 21

320 287 86 36 Med
448 287 184 37 avseende
673 290 21 34 å
736 287 71 37 den
847 294 195 42 räntesats,
1072 301 80 23 som
1189 288 121 36 skulle
1337 288 100 48 gälla
1464 288 60 37 för
1551 289 61 35 lån
1642 288 80 37 från
1751 289 66 37 bo-

217 338 345 49 stadslånefonden,
593 353 108 23 anser
744 340 182 37 utskottet
970 346 54 31 att
1069 343 117 45 något
1231 340 270 48 förmånligare
1546 341 135 36 villkor
1725 340 94 37 böra

216 391 128 36 kunna
372 390 155 38 beredas
554 392 219 58 låntagarne
801 397 47 31 än
878 392 45 37 de
951 405 80 24 som
1052 392 413 49 departementschefen
1485 392 204 49 föreslagit.
1732 393 84 36 Den

217 442 129 47 fördel,
376 456 83 23 som
487 444 124 49 ligger
637 444 12 36 i
677 444 245 49 möjligheten
950 445 58 36 för
1035 457 46 23 en
1112 444 213 49 byggherre
1352 450 56 30 att
1435 445 115 35 redan
1579 445 82 36 från
1682 445 135 50 början

216 471 130 60 kunna
380 495 168 37 beräkna
583 496 73 36 alla
687 495 85 37 med
801 501 51 31 ett
880 496 128 49 bygge
1036 496 176 37 förenade
1241 496 215 44 kostnader,
1485 497 59 35 får
1571 496 83 37 icke
1682 497 134 37 under-

216 547 157 36 skattas.
432 547 133 36 Därest
601 548 217 36 låneräntan
855 553 112 43 göres
1003 548 186 36 beroende
1227 561 47 23 av
1310 553 140 31 statens
1478 561 98 34 egen
1604 548 212 49 inlånings-

215 603 106 31 ränta,
327 598 197 50 inryckes
544 599 205 37 emellertid
769 605 53 31 ett
842 600 409 36 osäkerhetselement
1233 594 22 58 i
1281 573 314 79 beräkningarna,
1624 613 81 24 som
1733 601 84 36 icke

215 650 75 37 kan
314 664 89 23 vara
431 656 118 44 ägnat
576 657 56 30 att
660 652 117 36 verka
804 652 277 37 stimulerande.
1136 645 55 43 År
1219 652 168 36 däremot
1414 657 135 31 räntan
1579 652 82 36 från
1682 652 133 50 början

215 702 148 37 absolut
399 702 185 49 bestämd,
613 703 73 36 kan
727 703 221 49 därigenom
990 704 215 49 säkerligen
1246 706 164 47 mången
1440 704 125 36 känna
1592 704 61 49 sig
1680 704 136 37 lockad

215 760 53 31 att
310 755 144 48 bygga,
484 768 81 23 som
607 755 108 48 eljest
743 733 120 59 skulle
895 756 227 37 avskräckas
1151 769 47 23 av
1226 756 285 36 lånevillkorens
1540 755 273 38 obestämdhet.

216 806 113 37 Givet
366 811 41 32 är
443 807 219 48 emellertid,
695 812 54 31 att
778 807 71 36 den
879 808 97 36 fasta
1002 812 248 42 räntesatsen,
1280 808 60 36 för
1368 813 55 31 att
1450 808 101 36 lånet
1578 808 95 36 skall
1701 809 116 36 verka

214 858 195 46 lockande,
439 859 32 48 ej
503 859 58 36 får
589 864 118 31 sättas
736 862 40 33 så
804 859 88 49 hög,
922 865 54 30 att
1005 860 62 36 det
1093 859 110 37 bleve
1230 860 211 49 uppenbart
1470 860 264 48 förmånligare
1763 865 54 31 att

213 911 12 35 1
254 910 124 36 stället
406 912 37 34 få
472 911 157 48 erlägga
658 924 142 23 samma
827 916 108 32 ränta
963 924 81 24 som
1073 917 123 30 staten
1225 912 108 48 själv.
1388 911 52 36 På
1468 911 125 49 grund
1613 912 117 36 härav
1749 912 67 36 vill

214 962 185 36 utskottet
427 963 151 47 föreslå,
607 967 55 32 att
689 963 62 36 lån
779 976 44 23 ur
852 968 139 32 statens
1020 963 334 37 bostadslånefond
1383 963 106 37 skola
1514 963 187 37 förräntas
1721 964 95 36 efter

214 1027 46 23 en
288 1018 187 32 räntesats
503 1028 48 22 av
580 1016 21 35 5
623 1014 42 37 Z.

318 1066 56 36 Då
410 1065 204 38 emellertid
653 1066 63 37 det
743 1066 121 37 första
891 1069 81 34 året
1000 1081 46 22 av
1074 1066 190 37 lånetiden
1293 1067 12 36 i
1333 1067 102 48 regel
1464 1069 109 46 åtgår
1600 1067 55 36 till
1684 1067 132 36 husets

213 1117 236 50 uppförande
477 1118 72 36 och
577 1118 243 50 byggherren
848 1118 239 50 följaktligen
1115 1119 118 36 under
1252 1118 209 37 detsamma
1479 1119 178 48 vanligen
1678 1119 139 36 saknar

213 1169 280 49 hyresinkomst
521 1170 89 36 eller
636 1176 109 43 nytta
774 1170 56 36 för
858 1184 98 35 egen
984 1170 61 37 del
1073 1184 48 22 av
1149 1171 243 48 fastigheten,
1417 1171 69 36 har
1504 1171 185 36 utskottet
1709 1171 105 36 dess-

215 1228 101 29 utom
355 1227 123 31 ansett
514 1221 63 37 det
610 1235 93 23 vara
730 1222 153 48 skäligt,
910 1229 56 29 att
993 1222 221 37 räntefrihet
1242 1226 20 32 å
1290 1223 100 36 lånet
1417 1222 58 36 får
1502 1222 165 46 åtnjutas
1696 1223 120 36 under

213 1286 46 23 en
287 1273 53 36 tid
368 1286 47 22 av
443 1278 54 31 ett
526 1276 51 44 år,
606 1273 135 36 räknat
768 1274 82 36 från
878 1274 121 36 lånets
1027 1273 254 37 utlämnande.
1336 1274 59 36 En
1415 1274 119 36 sådan
1553 1273 262 37 bestämmelse

212 1324 108 37 torde
361 1325 70 36 ock
473 1337 91 24 vara
600 1325 126 49 ägnad
764 1330 53 31 att
855 1331 114 31 utöva
995 1338 47 24 en
1071 1325 265 37 stimulerande
1363 1325 141 37 verkan
1532 1328 48 46 på
1608 1326 122 36 lusten
1760 1331 56 31 att

215 1379 138 46 bygga.
943 1428 6 7 .
1570 1429 6 6 .

315 1428 149 37 Jämväl
506 1428 85 36 med
631 1428 185 37 avseende
857 1431 21 34 å
916 1429 182 36 villkoren
1126 1429 57 36 för
1210 1429 121 36 lånets
1360 1428 276 49 återbetalning
1663 1429 66 36 har
1756 1435 59 30 ut-

213 1480 140 36 skottet
394 1485 124 31 ansett
559 1480 258 49 fördelaktigt,
847 1486 54 31 att
929 1480 221 49 låntagaren
1173 1480 117 37 redan
1317 1481 83 36 från
1428 1481 135 49 början
1593 1481 56 36 får
1676 1493 46 24 en
1749 1480 65 37 be-

212 1532 122 36 stämd
367 1532 89 49 plan
485 1532 61 49 sig
574 1532 182 49 förelagd.
811 1532 223 37 Avvikande
1062 1533 11 36 1
1102 1533 123 36 denna
1253 1532 122 50 punkt
1403 1532 85 37 från
1517 1532 296 49 departements-

212 1584 146 43 chefen,
399 1584 127 36 vilken
555 1584 204 48 begränsat
790 1584 61 48 sig
877 1585 57 35 till
963 1589 55 32 att
1047 1585 129 36 fastslå
1204 1598 46 23 en
1280 1585 297 48 amorteringsfri
1604 1584 131 49 period
1764 1598 48 23 av

213 1637 48 35 20
303 1638 52 45 år,
396 1636 67 35 vill
500 1636 182 36 utskottet
710 1636 149 36 förorda
887 1636 196 36 enahanda
1111 1636 357 49 amorteringsplan,
1498 1649 80 23 som
1606 1636 120 48 gäller
1754 1636 60 36 för

212 1692 145 32 statens
398 1687 216 36 nuvarande
655 1687 268 48 egnahemslån
965 1688 57 36 för
1061 1687 389 48 bostadslägenheter,
1493 1688 97 36 dock
1622 1687 85 37 med
1740 1688 71 36 den

212 1738 173 47 skillnad,
428 1743 55 31 att
524 1739 118 35 lånets
683 1739 235 48 uppdelning
950 1739 10 35 i
989 1752 47 23 en
1064 1739 154 36 stående
1247 1739 69 36 och
1344 1752 46 23 en
1419 1738 242 37 amortisabel
1689 1739 60 36 del
1776 1740 34 47 ej

212 1790 105 37 torde
345 1789 144 37 behöva
517 1790 286 48 ifrågakomma.

315 1841 86 37 Med
442 1841 339 49 sammanfattning
821 1855 46 23 av
896 1841 46 37 de
970 1854 50 23 nu
1049 1841 218 49 föreslagna
1293 1847 122 31 ränte-
1444 1842 70 36 och
1543 1842 270 48 amorterings-

212 1893 183 37 villkoren
423 1893 120 36 skulle
570 1894 239 48 låntagarens
838 1893 201 49 prestanda
1067 1893 101 36 bliva
1197 1894 182 48 följande:

214 1974 96 33 1:sta
337 1970 272 37 kalenderåret:
640 1970 142 37 varken
809 1975 108 32 ränta
945 1970 90 37 eller
1063 1971 246 63 amortering;

212 2022 106 36 2:dra
346 2021 274 37 kalenderåret:
665 2022 116 36 första
809 2022 109 36 delen
946 2021 89 49 (tills
1063 2028 54 30 ett
1144 2025 57 63 år
1197 2018 166 76 förflutit
1383 2035 45 23 av
1448 2020 202 50 lånetiden)
1670 2022 141 36 varken

313 2077 109 31 ränta
450 2073 89 35 eller
567 2073 245 48 amortering;
843 2086 130 23 senare
1002 2072 107 37 delen
1140 2076 19 32 5
1183 2074 28 35 Z
1241 2078 123 40 ränta;

211 2124 112 49 3:dje,
353 2123 96 47 4:de,
480 2125 72 35 5:te
580 2123 69 37 och
679 2126 72 34 6:te
781 2124 269 36 kalenderåret:
1082 2126 21 34 5
1134 2123 29 37 2
1192 2127 123 33 ränta:

213 2175 82 37 7:de
324 2175 69 36 och
424 2175 165 49 följande
617 2177 103 34 åren:
750 2188 48 23 en
827 2175 171 36 annuitet
1026 2188 46 23 av
1103 2177 18 34 7
1181 2174 41 47 Z,
1251 2188 115 23 varav
1396 2177 20 34 5
1447 2174 30 37 Z
1507 2178 20 33 å
1556 2174 70 37 den
1647 2175 165 48 oguldna

315 2226 156 37 skulden
502 2239 111 24 anses
643 2239 88 24 vara
759 2232 124 39 ränta;
913 2227 98 36 lånet
1038 2226 72 37 blir
1138 2199 203 80 amorterat
1369 2225 177 50 omkring
1575 2229 44 33 31
1650 2229 40 33 år
1717 2226 95 37 efter

313 2277 270 37 utlämnandet.
