1876 2808
545 190 249 26 Statsutskottets
815 188 159 27 utlåtande
997 198 35 17 nr
1054 188 65 26 237.
1562 184 18 28 5

90 270 78 31 Med
189 270 135 39 hänsyn
344 270 115 29 härtill
484 270 148 37 föreslog
656 268 272 31 kommissionen
950 272 48 26 att
1021 267 215 38 ålägganden
1259 276 57 20 om
1338 264 243 38 avverknings-

89 314 194 39 skyldighet
306 315 110 29 skulle
439 313 157 31 utfärdas
619 314 56 30 för
697 312 95 31 såväl
816 313 144 30 kastved
982 322 75 20 som
1079 310 190 36 massaved,
1293 309 169 38 varjämte
1485 308 96 29 kom-

89 359 186 31 missionen
302 359 150 39 föreslog
482 359 89 30 vissa
599 359 110 29 andra
738 357 159 39 åtgärder
926 356 56 31 för
1010 356 245 30 stimulerande
1284 365 43 20 av
1356 353 225 38 avverkning-

89 414 95 21 arna.
203 405 13 29 I
231 405 99 38 fråga
346 414 57 20 om
419 404 221 39 vedpriserna
656 403 145 30 anförde
817 402 280 35 kommissionen,
1114 404 48 27 att
1179 410 42 20 en
1235 400 131 30 allmän
1381 398 144 39 höjning
1540 406 43 22 av

88 448 293 40 normalpriserna
400 448 46 40 på
462 448 144 31 kastved
622 447 199 39 förtjänade
839 451 49 27 att
905 447 198 37 övervägas,
1123 446 114 30 därest
1255 444 234 40 prispolitiska
1508 441 75 31 skäl

89 494 75 31 icke
184 495 77 30 lade
283 494 159 30 absoluta
463 494 123 30 hinder
604 494 10 29 i
637 494 118 37 vägen,
778 502 79 20 men
879 491 105 39 något
1004 491 130 38 förslag
1156 500 58 20 om
1235 488 109 31 sådan
1366 487 216 40 prishöjning

90 540 188 30 framlades
304 540 85 29 icke.
431 539 130 30 Genom
591 539 111 29 beslut
731 539 66 29 den
827 538 41 29 26
898 537 138 39 januari
1068 536 82 30 1945
1180 535 118 38 avslog
1328 534 123 38 Kungl.
1482 532 102 38 Maj:t

90 584 301 39 framställningen
421 594 58 20 om
509 583 146 39 premier
686 583 50 30 till
766 582 232 39 uppköparna
1030 584 89 27 samt
1148 579 253 39 bemyndigade
1431 578 151 29 bränsle-

89 629 272 29 kommissionen
384 632 49 27 att
454 628 35 30 åt
512 628 349 38 kristidsstyrelserna
884 626 158 30 meddela
1066 624 223 38 anvisningar
1313 633 57 20 om
1393 621 191 39 åläggande

90 684 43 20 av
160 673 427 39 avverkningsskyldighet
613 673 56 29 för
695 673 92 29 tiden
812 672 88 29 intill
927 672 67 29 den
1022 672 14 28 1
1065 670 62 39 juli
1157 670 82 29 1945
1265 668 55 30 för
1347 667 144 30 kastved
1518 666 66 30 och

91 719 189 30 massaved.
307 718 127 30 Tillika
463 717 200 30 meddelade
692 717 122 38 Kungl.
846 716 101 38 Maj:t
975 715 258 30 bestämmelser
1261 712 148 30 rörande
1438 712 66 29 den
1532 714 51 26 ut-

91 764 199 38 sträckning
317 763 11 30 i
356 763 116 30 vilken
499 762 145 31 sålunda
672 762 176 30 avverkad
875 761 64 30 ved
965 760 111 30 skulle
1103 760 142 29 komma
1271 758 12 29 i
1311 756 204 39 åtnjutande
1541 764 43 21 av

91 808 221 38 statsgaranti
332 808 46 39 på
400 809 67 29 sätt
488 808 9 29 i
519 808 230 37 kungörelsen
771 806 66 30 den
858 806 42 30 30
923 805 75 39 juni
1024 805 83 29 1943
1135 803 54 39 (nr
1211 802 75 39 502)
1314 801 80 30 med
1416 801 90 30 vissa
1527 800 56 30 be-

90 853 214 30 stämmelser
327 852 51 30 till
403 852 197 39 främjande
622 861 43 20 av
690 849 323 40 vedproduktionen
1038 847 232 31 omförmäles.

135 899 77 30 Med
230 900 73 29 stöd
321 909 41 20 av
380 898 228 39 nyssnämnda
627 897 269 38 bemyndigande
914 896 63 30 har
993 892 411 40 avverkningsskyldighet
1424 891 53 30 för
1495 891 85 29 kast-

92 945 62 29 ved
181 945 63 29 och
271 944 173 29 massaved
471 942 104 39 ålagts
602 942 92 30 inom
722 941 152 38 samtliga
901 941 55 29 län
983 940 77 30 med
1087 939 171 37 undantag
1285 947 41 20 av
1356 936 225 33 Norrbottens,

92 988 246 30 Västerbottens
359 988 63 30 och
444 987 187 30 Jämtlands
651 987 64 29 län.
738 985 141 31 Jämlikt
897 984 108 31 beslut
1025 994 41 20 av
1089 983 118 38 Kungl.
1231 981 98 38 Maj:t
1351 982 64 29 den
1436 980 40 29 20
1499 978 83 39 april

94 1033 81 30 1945
195 1033 61 31 har
275 1032 142 31 anstånd
437 1033 77 29 med
535 1029 469 40 avverkningsskyldighetens
1025 1028 208 38 fullgörande
1253 1025 175 39 medgivits
1449 1025 46 29 till
1518 1024 63 29 den

94 1079 11 27 1
132 1078 139 29 oktober
293 1077 91 30 1945.

136 1122 127 30 Genom
283 1122 105 29 beslut
412 1122 64 29 den
497 1122 18 28 ?
541 1121 144 29 februari
713 1120 90 34 1945,
829 1129 73 20 som
925 1117 10 30 i
959 1118 86 30 vissa
1069 1117 89 30 delar
1181 1116 135 30 ändrats
1340 1116 64 29 den
1427 1114 41 29 23
1492 1122 90 21 mars

95 1167 90 30 1945.
205 1167 63 29 har
287 1166 119 38 Kungl.
428 1165 98 38 Maj:t
543 1164 159 39 medgivit
721 1163 212 30 utbetalande
952 1172 41 21 av
1013 1161 86 31 vissa
1118 1160 143 39 premier
1280 1161 10 28 i
1311 1159 86 39 syfte
1417 1161 47 27 att
1483 1160 98 36 ytter-

92 1210 101 39 ligare
222 1211 170 30 stimulera
421 1210 148 30 intresset
599 1209 54 30 för
682 1209 107 30 ökade
819 1206 307 38 vedavverkningar
1155 1206 63 30 och
1249 1205 53 29 för
1330 1206 47 28 att
1407 1202 175 39 påskynda

93 1256 314 38 framkörningarna
426 1264 41 20 av
486 1255 113 29 veden.
621 1253 146 31 Sålunda
788 1253 108 39 gäller,
918 1254 47 29 att
984 1250 142 40 premier
1146 1249 56 31 må
1221 1248 79 40 utgå
1319 1249 77 29 med
1417 1257 41 21 en
1477 1247 105 30 krona

92 1301 52 30 för
161 1300 210 30 kubikmeter
385 1300 53 30 för
455 1300 136 29 kastved
606 1299 63 30 och
688 1299 39 29 75
744 1299 56 29 öre
817 1297 53 31 för
886 1297 212 30 kubikmeter
1115 1295 52 30 för
1183 1294 141 38 långved
1347 1293 88 38 (med
1453 1292 127 29 undan-

93 1349 53 33 tag
170 1355 40 20 av
236 1344 140 39 långved
403 1344 52 30 för
482 1343 210 38 tillverkning
718 1352 40 21 av
783 1340 279 39 industriträkol),
1090 1349 72 21 som
1189 1339 53 30 för
1267 1338 114 31 avsalu
1408 1337 174 30 avverkats

92 1390 105 29 under
220 1390 90 29 tiden
336 1390 13 28 1
377 1388 60 39 juli
464 1388 167 30 1944—30
656 1387 185 38 september
867 1386 82 30 1945
972 1386 63 29 och
1060 1394 72 21 som
1155 1384 71 30 före
1251 1384 64 29 den
1343 1383 12 28 1
1383 1391 90 21 mars
1500 1380 81 30 1946

92 1434 181 30 framkörts
289 1434 47 29 till
353 1434 130 29 normal
501 1432 233 38 leveransplats
752 1432 77 29 eller
845 1431 174 29 levererats
1036 1430 47 30 till
1101 1428 206 30 förbrukare.
1328 1425 117 31 Såsom
1464 1425 119 29 villkor

92 1479 100 38 gäller
210 1478 101 30 bland
329 1481 111 31 annat,
458 1480 47 27 att
523 1477 104 29 veden
645 1477 83 29 skall
746 1485 79 21 vara
843 1474 9 30 i
873 1473 206 39 vederbörlig
1097 1471 142 40 ordning
1258 1471 195 30 deklarerad
1473 1468 109 31 såsom

91 1523 167 29 avverkad
277 1522 46 30 till
343 1522 115 30 avsalu
475 1522 107 29 under
599 1520 229 39 nyssnämnda
847 1520 48 29 tid
915 1522 87 27 samt
1021 1521 56 32 att,
1097 1527 56 20 om
1172 1513 411 40 avverkningsskyldighet

92 1568 52 30 för
167 1568 137 29 kastved
328 1566 105 39 ålagts
457 1565 132 39 jämlikt
614 1565 119 38 Kungl.
759 1563 114 39 Maj:ts
899 1563 240 31 förutnämnda
1161 1560 269 39 bemyndigande
1455 1559 64 30 den
1541 1558 41 29 26

91 1611 130 39 januari
250 1611 91 35 1945,
370 1609 453 39 avverkningsskyldigheten
851 1608 82 30 skall
960 1617 79 21 vara
1066 1608 10 29 i
1104 1605 206 38 vederbörlig
1338 1604 141 38 ordning
1507 1602 74 30 full-

93 1656 104 38 gjord.
220 1656 129 30 Premie
370 1655 57 30 må
448 1656 86 29 dock
553 1654 79 38 utgå
653 1654 47 30 till
720 1654 207 38 skogsägare,
951 1652 132 30 ändock
1105 1654 47 27 att
1172 1651 68 30 han
1261 1650 74 29 icke
1356 1649 128 29 kunnat
1507 1643 74 45 full-

93 1702 78 36 göra
198 1700 462 39 avverkningsskyldigheten,
690 1708 56 21 om
774 1699 68 30 han
870 1700 109 28 senast
1006 1697 64 30 den
1095 1696 38 29 31
1164 1695 129 38 augusti
1325 1693 81 30 1945
1435 1692 149 30 anmäler

93 1747 88 29 detta
209 1746 60 29 hos
297 1745 248 30 vederbörande
573 1743 261 30 kristidsnämnd
863 1743 64 29 och
956 1741 168 37 samtidigt
1152 1740 164 30 förklarar
1345 1739 48 37 sig
1419 1737 90 38 villig
1537 1738 46 28 att

94 1790 71 29 före
185 1791 61 29 den
269 1791 13 27 1
305 1789 130 38 januari
459 1789 81 29 1946
561 1788 143 30 avverka
724 1786 205 31 återstående
949 1785 170 30 kvantitet.

137 1834 118 38 Kungl.
278 1834 96 37 Maj:t
392 1834 63 29 har
474 1834 83 28 även
577 1841 119 29 genom
716 1832 107 29 beslut
843 1832 65 29 den
929 1831 40 29 23
990 1829 146 31 februari
1157 1830 63 29 och
1241 1830 63 29 den
1326 1829 41 29 23
1389 1838 89 19 mars
1502 1827 80 29 1945

92 1879 216 38 bemyndigat
326 1876 397 31 bränslekommissionen
741 1880 47 26 att
808 1876 47 29 till
876 1876 207 37 skogsägare,
1106 1884 71 20 som
1197 1874 76 29 med
1294 1873 194 29 nuvarande
1509 1881 72 20 nor-

93 1923 173 38 malpriser
290 1922 44 38 på
358 1923 61 28 ved
444 1922 206 29 beräknades
675 1920 72 30 icke
772 1921 114 29 kunna
912 1918 124 31 erhålla
1060 1928 41 20 en
1125 1921 71 27 mot
1220 1921 43 26 ett
1289 1917 118 37 skäligt
1431 1916 153 30 rotvärde

93 1968 161 29 svarande
275 1966 273 37 nettoersättning
571 1966 51 28 för
646 1966 63 28 den
731 1964 186 30 avverkade
940 1964 104 29 veden
1066 1963 145 29 utbetala
1236 1962 111 37 tillägg
1370 1962 46 28 till
1440 1960 142 30 normal-

93 2012 157 37 priserna.
276 2010 170 38 Tilläggen
471 2020 75 20 avse
570 2013 46 26 alt
642 2009 196 38 möjliggöra
864 2009 53 29 för
943 2008 221 38 skogsägaren
1190 2009 47 27 att
1263 2005 124 30 erhålla
1414 2015 40 20 en
1480 2007 102 27 netto-

94 2056 180 37 ersättning
299 2065 40 20 av
367 2056 39 28 50
433 2056 55 28 öre
515 2055 51 29 för
591 2055 154 36 pannved
772 2054 63 29 och
861 2052 108 39 prima
996 2052 132 38 aspved,
1158 2061 39 20 en
1224 2052 105 28 krona
1357 2050 51 30 för
1436 2049 148 30 sekunda

93 2100 110 37 björk-
231 2101 61 29 och
319 2099 109 39 prima
454 2100 139 29 barrved
620 2101 86 27 samt
733 2097 54 30 två
814 2098 124 29 kronor
965 2097 52 30 för
1043 2096 108 38 prima
1177 2095 171 38 björkved.
1376 2094 127 38 Tillägg
1530 2094 53 29 be-

94 2145 95 37 viljas
209 2146 81 28 efter
310 2144 141 30 särskild
472 2143 162 38 prövning
654 2143 63 29 och
737 2142 161 30 utbetalas
920 2142 101 29 sedan
1042 2142 64 28 den
1126 2139 333 39 tilläggsberättigade
1481 2138 103 29 veden

97 2190 178 28 framkörts
296 2189 62 29 och
380 2189 135 28 inmätts
536 2197 39 20 av
594 2188 124 37 köpare
738 2187 77 29 eller
834 2186 92 38 eljest
946 2187 175 28 levererats
1140 2185 47 29 till
1210 2184 206 29 förbrukare.

138 2233 95 29 Såväl
259 2231 437 38 framkörningspremierna
720 2240 71 20 som
815 2230 225 38 pristilläggen
1065 2230 92 29 skola
1183 2228 62 29 tills
1269 2228 112 28 vidare
1406 2226 78 37 utgå
1509 2225 75 30 från

95 2277 278 29 kommissionens
391 2274 314 38 vedelearingkassa.

138 2320 120 30 Vidare
272 2321 62 28 har
350 2323 44 26 ett
410 2319 129 30 särskilt
555 2319 341 37 premieringssystem
913 2318 53 29 för
981 2317 210 38 skogsarbete
1207 2316 119 30 införts
1344 2325 119 29 genom
1479 2316 105 29 beslut

94 2375 39 19 av
157 2365 117 35 Kungl.
297 2363 98 38 Maj:t
414 2364 64 28 den
498 2364 40 27 23
558 2372 88 20 mars
670 2363 80 28 1945
772 2363 7 28 i
803 2361 108 30 avsikt
932 2364 47 27 att
1000 2360 111 30 förmå
1131 2361 184 37 yrkesvana
1337 2360 248 38 skogsarbetare

95 2410 61 28 och
184 2409 148 29 enskilda
359 2408 197 37 skogsägare
582 2410 43 26 att
654 2407 104 29 under
784 2407 40 29 de
849 2407 168 28 närmaste
1043 2404 204 30 månaderna
1273 2404 9 29 i
1308 2405 87 29 ökad
1423 2405 160 29 utsträck-

97 2454 78 35 ning
197 2454 84 36 ägna
306 2453 47 36 sig
377 2451 32 30 åt
432 2450 170 38 huggning
625 2451 61 29 och
713 2450 232 38 framkörning
969 2460 40 20 av
1035 2450 70 29 ved.
1132 2449 151 29 Premien
1310 2448 94 38 utgår
1429 2448 6 29 i
1463 2448 120 30 förhål-

96 2499 94 28 lande
215 2498 43 28 till
284 2498 62 27 den
370 2496 253 30 arbetsinkomst
652 2505 70 19 som
747 2494 157 38 uppnåtts
928 2495 54 28 vid
1006 2493 170 38 huggning
1201 2494 62 29 och
1289 2493 232 37 framkörning
1545 2502 40 21 av
