1874 2792
440 139 123 29 Första
583 137 245 40 lagutskottets
849 137 178 30 utlåtande
1048 146 42 20 nr
1110 137 41 29 28
1171 136 38 30 år
1231 136 82 29 1955
1607 134 16 30 7

125 224 77 33 fria,
233 233 102 30 synes
364 222 192 30 emellertid
585 222 181 38 härvidlag
794 231 83 20 vara
908 221 51 29 till
988 221 118 39 fyllest
1135 221 54 28 för
1220 222 50 27 att
1302 219 118 39 uppnå
1449 218 176 29 önskvärd

124 266 222 39 enhetlighet.
373 267 11 28 I
410 265 66 29 den
500 264 82 30 mån
606 274 42 19 en
674 264 141 30 särskilt
839 263 190 30 förordnad
1055 263 152 28 medlare
1230 262 158 37 betingar
1413 260 50 39 sig
1488 260 137 32 arvode,

123 309 66 29 blir
211 309 57 29 det
290 308 73 29 åter
384 307 239 38 otvivelaktigt
645 308 181 38 parternas
850 306 62 29 sak
934 307 49 27 att
1006 314 101 20 svara
1129 305 54 28 för
1207 304 205 28 kostnaden.
1438 303 101 28 Detta
1563 302 63 28 har

124 351 193 38 fastslagits
340 350 10 29 i
375 352 47 27 ett
446 349 152 30 rättsfall
622 349 79 29 från
726 349 37 29 år
789 349 82 29 1930
900 347 149 33 (Svensk
1072 346 251 38 Juristtidning
1349 346 92 32 1931,
1467 345 62 28 ref.
1554 345 72 29 23).

125 394 81 29 Man
235 393 112 29 skulle
376 392 44 30 då
449 392 120 30 ställas
598 391 94 35 inför
722 391 133 38 frågan,
886 390 173 29 huruvida
1091 389 267 32 kommunerna,
1391 396 74 20 som
1494 387 38 38 ju
1563 388 63 36 äga

124 436 206 39 kompetens
353 437 49 27 att
426 435 93 28 inom
543 434 215 29 kommunen
782 435 76 27 utse
883 432 152 29 medlare
1060 432 64 29 och
1147 433 50 27 att
1219 431 145 28 bekosta
1387 430 118 29 dessas
1529 429 98 29 verk-

126 479 145 32 samhet,
305 479 87 28 även
424 477 111 29 skulle
566 477 122 28 kunna
721 476 226 28 tillerkännas
979 473 208 39 befogenhet
1220 475 50 28 att
1301 472 99 30 anslå
1432 471 110 30 medel
1577 471 48 29 till

125 519 406 40 medlingsverksamhet,
559 528 75 20 som
659 518 157 29 bedrives
843 519 95 27 utom
964 517 227 28 kommunen.
1217 515 110 39 Något
1351 514 123 29 hinder
1499 515 50 28 att
1577 513 50 29 till

125 563 153 29 medlare
301 564 94 27 utses
418 570 126 31 person
567 561 95 28 inom
686 569 117 20 annan
826 560 170 28 kommun
1020 560 44 28 än
1087 559 76 31 den,
1187 558 62 28 där
1272 557 169 28 makarna
1464 556 83 29 eller
1571 565 56 19 en-

124 606 83 29 dera
228 605 63 29 har
314 604 59 29 sitt
394 603 159 34 hemvist,
577 603 51 29 lär
650 603 75 28 icke
747 602 166 38 föreligga
934 601 10 28 i
967 601 97 38 fråga
1088 609 56 19 om
1169 599 161 35 medlare,
1354 599 116 29 vilken
1492 598 135 29 förord-

125 657 63 21 nas
220 657 42 20 av
292 646 330 38 häradshövdingen
654 645 81 29 eller
767 646 133 27 rättens
932 643 222 29 ordförande.
1187 642 76 29 Med
1294 641 194 29 beaktande
1519 640 108 29 härav

123 690 106 29 borde
251 690 57 29 det
329 690 121 28 kunna
471 689 197 37 övervägas,
692 696 55 19 om
771 687 75 28 icke
870 687 255 27 kommunerna
1148 684 105 29 också
1275 683 112 29 skulle
1409 683 35 28 få
1466 683 162 37 befogen-

125 733 58 30 het
208 734 50 28 att
281 732 51 28 till
357 731 151 29 medlare
532 732 76 27 utse
632 738 175 30 personer,
831 729 137 28 bosatta
992 729 96 27 utom
1115 727 66 28 den
1207 734 86 30 egna
1318 726 226 28 kommunen.
1571 724 57 28 Ett

126 775 124 29 sådant
273 773 323 39 tillvägagångssätt
620 772 111 29 skulle
756 771 194 38 säkerligen
973 770 73 30 ofta
1070 769 147 38 erbjuda
1240 768 136 29 direkta
1399 767 161 32 fördelar,
1584 766 44 29 då

125 826 83 20 man
228 817 203 38 därigenom
451 815 117 29 kunde
589 815 126 28 bereda
737 815 164 38 parterna
924 812 134 29 tillfälle
1082 813 49 27 att
1153 820 74 20 som
1251 810 151 29 medlare
1424 809 107 29 anlita
1554 817 74 30 per-

126 869 63 20 son
211 860 78 28 med
312 858 198 30 erfarenhet
532 857 81 29 från
634 857 107 29 sådan
762 855 232 30 verksamhet.
1017 854 173 39 Styrelsen
1212 853 62 28 har
1296 852 29 39 ej
1350 852 198 29 kännedom
1571 860 56 19 om

126 904 51 27 att
196 902 114 38 någon
329 901 171 29 kommun
519 900 113 29 skulle
652 899 44 29 ha
716 900 161 36 övervägt
897 898 81 29 eller
999 899 75 27 rent
1096 906 40 20 av
1157 896 151 28 beslutat
1328 896 49 27 att
1398 894 97 29 anslå
1517 893 109 28 medel

125 945 55 29 för
195 946 50 27 att
261 943 154 34 bestrida
432 942 178 30 enskildas
628 941 188 29 kostnader
834 941 54 29 för
907 939 178 29 anlitande
1104 948 41 19 av
1165 938 142 29 särskilt
1325 936 190 30 förordnad
1535 935 92 29 med-

126 988 71 28 lare
224 987 83 28 eller
334 986 54 29 för
416 984 179 29 anlitande
624 993 41 20 av
695 984 94 28 inom
819 991 118 20 annan
964 982 172 28 kommun
1163 979 125 30 utsedd
1317 978 161 30 medlare.
1510 977 118 30 Skulle

126 1029 106 29 likväl
253 1029 67 29 den
339 1027 229 29 kommunala
588 1026 250 38 kompetensen
859 1024 43 40 på
922 1023 158 30 området
1100 1023 119 28 kunna
1241 1021 159 38 utvidgas
1422 1020 47 33 så,
1491 1022 50 27 att
1561 1020 67 28 den

126 1072 10 28 i
152 1072 51 37 sig
219 1070 156 37 inrymde
392 1069 86 30 både
493 1068 205 37 befogenhet
716 1070 46 27 att
779 1069 74 27 utse
870 1067 160 31 medlare,
1049 1074 74 20 som
1140 1066 59 28 äro
1216 1064 137 29 bosatta
1369 1063 10 28 i
1397 1071 117 20 annan
1531 1062 97 28 kom-

125 1123 95 24 mun,
251 1113 63 29 och
344 1111 208 39 befogenhet
581 1112 49 27 att
659 1110 127 38 bevilja
814 1109 121 38 anslag
962 1108 54 29 för
1044 1106 468 30 kommunmedlemmarnas
1541 1104 86 28 anli-

125 1156 104 29 tande
250 1165 42 20 av
312 1154 142 30 särskilt
473 1153 192 29 förordnad
687 1152 151 29 medlare
858 1151 82 29 eller
960 1150 96 28 inom
1077 1158 116 20 annan
1216 1149 170 28 kommun
1406 1146 124 29 utsedd
1551 1146 76 28 bor-

126 1198 106 40 gerlig
250 1197 162 33 medlare,
432 1205 101 30 synes
552 1204 82 20 man
653 1195 43 28 ha
715 1194 159 38 grundad
892 1192 188 37 anledning
1097 1191 110 29 räkna
1226 1190 77 29 med
1323 1199 42 19 en
1382 1189 130 29 utökad
1530 1189 98 28 kom-

125 1241 121 29 munal
270 1239 211 30 medverkan
503 1237 45 40 på
570 1237 157 29 området
751 1236 9 29 i
785 1236 68 29 den
877 1234 156 38 riktning
1059 1233 260 29 motionärerna
1342 1232 97 28 torde
1462 1230 126 39 åsyfta.
1615 1230 11 28 I

127 1284 110 29 första
261 1282 95 29 hand
382 1281 97 29 torde
504 1280 120 29 därför
650 1278 226 39 möjligheten
901 1279 49 27 att
976 1275 324 30 tillfredsställande
1328 1274 72 29 lösa
1426 1273 123 38 frågan
1575 1280 53 30 ge-

127 1335 82 20 nom
228 1324 160 39 åtgärder
408 1333 42 20 av
468 1332 47 20 nu
534 1323 115 37 antytt
669 1321 72 38 slag
759 1320 84 29 böra
862 1320 136 39 prövas.

778 1406 197 33 Utskottet

172 1485 282 28 Kommunernas
474 1481 182 39 möjlighet
677 1482 49 27 att
746 1480 106 38 enligt
874 1478 39 30 14
932 1479 79 38 kap.
1034 1478 17 29 2
1076 1478 14 34 $
1112 1475 323 40 giftermålsbalken
1456 1476 76 27 utse
1554 1474 76 28 bor-

129 1535 127 39 gerliga
282 1533 153 35 medlare
459 1541 102 30 synes
586 1533 97 27 utom
709 1531 9 28 i
743 1531 40 29 de
811 1530 127 29 största
965 1528 163 30 städerna
1153 1527 74 29 icke
1253 1527 44 28 ha
1321 1525 148 30 kommit
1494 1524 51 29 till
1571 1533 58 20 an-

128 1585 178 38 vändning
327 1584 10 28 i
361 1583 113 39 någon
496 1583 110 29 större
629 1581 254 38 utsträckning.
906 1579 116 38 Enligt
1046 1588 42 19 en
1111 1578 95 29 inom
1230 1576 286 30 stadsförbundet
1538 1575 9 28 i
1572 1584 58 19 no-

128 1636 138 29 vember
292 1634 83 30 1954
396 1634 99 39 gjord
517 1632 263 38 undersökning
803 1631 129 29 funnos
956 1629 146 31 sålunda
1125 1627 222 30 kommunalt
1368 1626 147 31 utsedda
1538 1625 93 29 med-

130 1687 69 29 lare
220 1686 9 28 i
250 1686 41 29 de
312 1685 70 29 fem
404 1685 127 28 största
553 1683 64 29 och
638 1683 10 28 i
671 1683 131 28 femton
824 1681 110 29 andra
954 1680 125 29 städer.
1101 1680 12 28 I
1135 1678 176 38 åtskilliga
1333 1677 208 29 medelstora
1564 1676 65 28 stä-

129 1738 59 28 der
212 1737 128 28 saknas
362 1735 102 29 alltså
487 1734 152 29 medlare
662 1743 40 19 av
723 1733 94 30 detta
839 1732 82 38 slag.
944 1731 66 29 För
1034 1729 379 30 landskommunernas
1436 1727 53 29 del
1512 1726 118 29 finnas

130 1788 30 38 ej
193 1786 182 30 bestämda
405 1784 262 40 upplysningar,
700 1792 77 20 men
811 1791 81 20 man
925 1781 96 29 torde
1052 1781 121 28 kunna
1206 1781 92 30 anta,
1330 1780 49 27 att
1410 1776 221 30 kommunalt

130 1838 146 29 utsedda
296 1836 193 39 borgerliga
510 1835 153 28 medlare
684 1834 117 28 finnas
823 1833 123 29 endast
967 1832 9 28 i
998 1831 145 29 enstaka
1165 1828 272 39 undantagsfall.

175 1888 174 29 Utskottet
372 1887 63 28 har
460 1886 77 28 sökt
561 1885 93 29 bilda
679 1884 50 37 sig
751 1893 41 19 en
816 1882 227 39 uppfattning
1066 1890 57 19 om
1148 1880 9 28 i
1181 1880 117 29 vilken
1322 1877 245 38 utsträckning
1590 1877 41 28 de

130 1938 193 38 borgerliga
343 1936 178 29 medlarna
542 1935 173 38 utnyitjas
734 1934 19 29 å
773 1934 40 28 de
834 1934 91 28 orter
944 1932 61 29 där
1025 1931 131 29 sådana
1176 1930 128 28 finnas.
1325 1929 66 28 För
1412 1927 219 30 Stockholms

131 1989 53 29 del
206 1989 63 28 har
291 1987 121 29 därvid
435 1986 52 29 för
508 1986 93 28 vissa
624 1985 37 29 år
684 1985 109 38 gjorts
815 1993 42 19 en
879 1982 203 39 jämförelse
1107 1980 127 29 mellan
1257 1980 56 28 det
1338 1978 174 39 uppgivna
1536 1979 97 27 anta-

133 2040 44 29 let
195 2038 202 37 medlingar,
416 2036 140 30 utförda
575 2045 42 20 av
635 2036 40 28 de
695 2045 40 19 av
753 2031 419 32 överståthållarämbetet
1193 2030 146 29 utsedda
1360 2029 189 32 medlarna,
1568 2027 63 28 och

130 2089 130 30 antalet
282 2088 202 37 medlingar,
506 2095 75 20 som
603 2086 140 28 stadens
766 2083 224 40 prästerskap
1012 2081 173 29 redovisat
1208 2081 7 28 i
1238 2080 75 28 sina
1336 2078 296 30 ämbetsberättel-

133 2149 64 20 ser.
218 2140 192 28 Resultatet
429 2147 41 19 av
490 2137 113 29 denna
622 2135 202 39 jämförelse
843 2142 57 29 ger
919 2133 55 29 vid
995 2132 137 29 handen
1154 2133 48 27 att
1223 2131 7 28 i
1252 2130 200 29 Stockholm
1472 2128 161 38 ungefär-

135 2191 86 37 ligen
248 2190 68 28 lika
341 2188 124 37 många
490 2186 193 37 medlingar
706 2184 205 30 verkställas
935 2193 40 19 av
1000 2183 40 28 de
1065 2181 237 32 kommunala,
1325 2179 192 38 borgerliga
1543 2178 89 28 med-

134 2242 97 27 larna
249 2248 73 19 som
341 2248 41 19 av
401 2237 147 29 svenska
567 2236 154 38 kyrkans
740 2236 143 37 präster.
904 2233 175 29 Utskottet
1098 2232 61 28 har
1177 2231 116 29 vidare
1312 2230 83 37 tagit
1412 2230 52 27 del
1483 2238 41 19 av
1542 2228 91 29 vissa

135 2289 175 41 uppgifter
330 2297 56 19 om
407 2288 65 28 den
493 2286 191 37 borgerliga
707 2282 459 39 medlingsverksamhetens
1188 2279 212 37 omfattning
1423 2279 7 27 i
1453 2279 92 29 vissa
1568 2287 67 18 me-

135 2341 149 29 delstora
305 2338 114 29 städer
439 2337 61 29 och
523 2336 62 28 har
607 2336 105 28 härav
733 2334 114 29 funnit
871 2332 144 37 framgå,
1037 2333 49 27 att
1107 2332 84 28 även
1213 2330 18 28 å
1251 2330 100 28 dessa
1371 2330 91 27 orter
1481 2337 40 19 en
1545 2337 90 28 myc-

136 2393 55 27 ket
214 2388 194 39 betydande
432 2387 52 28 del
510 2396 40 19 av
573 2383 457 40 äktenskapsmedlingarna
1057 2381 131 29 utföres
1212 2389 40 19 av
1275 2380 41 28 de
1339 2378 220 29 kommunalt
1584 2378 51 27 ut-

137 2441 114 30 sedda,
272 2438 192 38 borgerliga
487 2436 188 29 medlarna.
697 2436 61 27 Det
781 2435 66 27 kan
868 2433 106 36 enligt
996 2432 187 28 utskottets
1205 2430 138 36 mening
1364 2429 171 38 knappast
1560 2427 74 28 med
