1874 2788
422 149 123 29 Första
564 146 246 41 lagutskottets
831 146 179 30 utlåtande
1030 155 43 20 nr
1092 147 41 29 28
1153 146 39 30 år
1213 147 84 28 1955
1597 145 19 30 5

109 233 68 30 den
198 232 227 40 proposition,
448 232 12 29 i
482 231 189 39 anledning
693 240 107 20 varav
822 229 220 30 motionerna
1064 229 99 30 blivit
1185 230 136 30 väckta.
1345 229 267 40 Propositionen

110 284 66 29 och
195 283 219 30 motionerna
432 282 237 30 behandlades
690 290 43 20 av
752 281 111 30 första
883 280 238 40 lagutskottet,
1142 289 76 20 som
1237 280 11 29 i
1269 279 59 30 sitt
1348 279 180 30 utlåtande
1554 279 59 34 (nr

109 334 58 34 62)
193 333 222 30 beträffande
437 332 124 40 frågan
582 341 59 21 om
662 341 43 20 en
727 332 148 38 översyn
896 340 43 21 av
960 330 325 40 giftermålsbalken
1307 330 156 35 anförde,
1486 332 51 28 att
1559 332 53 27 ut-

110 384 130 30 skottet
258 384 75 30 icke
352 384 110 29 funne
481 383 132 30 sådana
632 383 77 29 skäl
727 382 149 30 anförda
895 383 51 28 att
963 382 58 29 det
1039 381 129 30 funnes
1187 381 189 39 anledning
1394 382 51 28 att
1463 382 11 29 i
1493 381 57 30 det
1569 380 44 30 då

109 435 229 29 förevarande
364 434 292 39 sammanhanget
681 432 82 40 ingå
786 433 46 40 på
857 441 43 21 en
926 432 171 39 prövning
1123 441 43 21 av
1190 433 49 28 ett
1265 431 38 30 så
1327 431 285 30 vittomfattande

110 485 182 40 spörsmål,
313 485 108 30 vilket
441 484 74 40 låge
534 485 73 29 helt
627 483 144 31 utanför
790 483 283 40 propositionens
1094 482 101 40 syfte.
1216 482 194 30 Utskottets
1431 482 181 30 utlåtande

110 536 201 39 godkändes
338 545 42 20 av
406 535 197 39 riksdagen.

155 588 13 29 I
188 586 186 30 huvudsak
394 595 136 20 samma
548 585 215 30 motionärer
783 584 218 30 återkommo
1020 584 58 30 vid
1100 583 84 30 1947
1204 584 57 29 års
1281 583 143 39 riksdag
1443 583 78 29 med
1542 591 72 21 mo-

109 637 113 30 tioner
252 637 103 33 (1:40
380 637 66 29 och
469 637 45 29 II:
532 635 72 36 76),
629 635 76 30 vari
729 635 167 40 begärdes
921 644 43 21 en
988 635 131 29 allmän
1144 635 148 38 översyn
1317 643 42 21 av
1383 634 230 39 äktenskaps-

109 687 276 40 lagstiftningen.
408 687 93 30 Även
523 687 11 29 i
556 687 103 29 dessa
681 685 172 30 motioner
874 685 163 30 berördes
1061 685 38 30 så
1121 684 54 30 till
1195 685 82 29 vida
1299 684 313 39 medlingsinstitu-

110 740 58 35 tet,
189 747 76 21 som
284 739 51 28 att
353 737 262 30 motionärerna
633 737 173 39 föreslogo
825 736 203 30 införandet
1046 745 43 20 av
1107 735 228 40 obligatorisk
1354 735 153 39 medling
1526 735 87 29 även

110 789 89 29 efter
217 788 340 30 hemskillnadsåret.
578 788 167 29 Däremot
763 786 212 31 framfördes
994 786 31 40 ej
1047 786 116 30 denna
1182 785 89 40 gång
1290 786 87 29 krav
1395 785 44 40 på
1457 785 156 29 införan-

107 839 41 30 de
168 848 43 21 av
229 839 195 39 borgerliga
443 839 152 29 medlare
616 838 11 29 i
648 837 162 40 samtliga
830 838 220 29 kommuner.
1072 836 219 30 Motionerna
1311 836 236 30 behandlades
1568 843 42 21 av

108 889 112 30 första
239 890 237 39 lagutskottet,
497 898 76 21 som
592 889 11 29 i
623 888 135 40 avgivet
778 888 181 30 utlåtande
984 887 59 34 (nr
1063 888 58 34 37)
1147 887 178 39 avstyrkte
1346 886 229 30 motionerna.
1596 886 14 29 I

108 940 197 30 utlåtandet
329 940 222 29 redovisades
576 939 317 39 remissyttranden
918 938 81 29 från
1025 938 257 39 ärkebiskopen
1307 937 65 29 och
1397 936 214 30 häradshöv-

110 990 321 40 dingeföreningen,
447 991 75 29 vari
535 989 225 31 beträffande
776 988 351 40 medlingsinstitutet
1142 988 45 30 bl.
1205 997 29 20 a.
1251 987 184 34 uttalades,
1452 989 51 27 att
1518 987 95 29 med-

110 1041 117 39 lingen
249 1050 76 20 som
345 1041 127 29 villkor
493 1041 55 30 för
569 1040 237 30 hemskillnad
829 1039 55 30 för
907 1040 41 29 de
970 1039 103 29 flesta
1095 1038 64 30 fall
1179 1038 150 30 kommit
1351 1039 51 28 att
1422 1037 48 30 bli
1491 1047 43 20 en
1555 1037 58 29 be-

108 1091 186 39 tydelselös
317 1091 201 30 formalitet.
543 1091 81 30 Som
648 1090 78 30 skäl
748 1090 54 30 för
825 1089 61 31 sitt
909 1089 234 39 avstyrkande
1167 1088 167 30 framhöll
1356 1088 180 34 utskottet,
1560 1088 51 28 att

108 1142 113 29 ehuru
243 1142 56 29 det
320 1141 177 30 måhända
516 1141 45 40 på
582 1141 148 29 enstaka
750 1141 153 39 punkter
923 1140 97 29 inom
1041 1140 58 29 det
1120 1148 42 21 av
1183 1139 261 30 motionärerna
1463 1138 149 30 berörda

109 1191 400 41 lagstiftningsområdet
533 1192 119 29 kunde
678 1191 118 30 finnas
821 1191 113 29 behov
958 1199 43 21 av
1026 1190 257 39 lagändringar,
1310 1188 188 40 anledning
1523 1188 90 30 dock

108 1242 77 31 icke
201 1243 151 39 förelåge
367 1244 51 28 att
433 1242 197 40 igångsätta
645 1251 44 22 en
705 1242 131 30 allmän
851 1243 148 37 översyn
1015 1250 42 21 av
1073 1240 276 40 lagstiftningen.
1366 1239 176 31 Utskottet
1558 1240 53 28 ut-

109 1293 115 30 talade
247 1293 128 35 vidare,
400 1295 51 28 att
475 1293 78 30 med
577 1293 140 39 hänsyn
742 1292 52 30 till
819 1292 57 30 det
900 1292 55 29 för
980 1291 184 30 samhället
1189 1291 38 29 så
1251 1290 266 40 betydelsefulla
1542 1290 70 39 lag-

110 1344 326 39 stiftningsområde
452 1353 122 20 varom
590 1343 65 30 här
671 1352 82 21 vore
771 1343 99 39 fråga
887 1342 119 30 kunde
1023 1344 156 37 antagas,
1197 1343 51 28 att
1265 1341 125 39 Kungl.
1409 1340 105 39 Maj:t
1532 1340 79 29 med

110 1394 152 30 särskild
283 1393 315 40 uppmärksamhet
619 1393 110 39 följde
751 1392 244 40 utvecklingen
1018 1392 65 29 och
1103 1392 58 29 vid
1184 1391 143 40 lämplig
1348 1391 166 39 tidpunkt
1535 1392 77 37 toge

110 1444 153 30 initiativ
285 1444 53 30 till
361 1444 227 39 erforderliga
612 1443 257 40 lagändringar.

156 1494 130 30 Sådant
308 1494 151 30 initiativ
481 1494 64 29 har
567 1494 105 39 tagits
698 1502 122 21 genom
841 1495 51 28 att
915 1492 125 40 Kungl.
1063 1492 106 39 Maj:t
1189 1492 38 30 år
1251 1491 83 30 1949
1355 1490 193 31 tillkallade
1570 1499 43 20 en

111 1545 151 30 advokat
281 1554 75 20 som
375 1545 199 39 sakkunnig
593 1544 55 30 för
668 1546 50 28 att
736 1545 96 28 inom
850 1543 415 40 justitiedepartementet
1285 1542 159 29 utarbeta
1462 1550 43 20 en
1523 1550 90 20 sam-

111 1595 239 40 manfattning
375 1605 42 21 av
442 1595 238 30 erfarenheter
706 1595 65 29 och
798 1594 217 39 synpunkter
1042 1593 80 35 från
1148 1593 57 29 det
1233 1592 183 40 praktiska
1440 1591 173 30 rättslivet

111 1646 178 39 angående
307 1645 343 40 giftermålsbalkens
668 1644 223 41 tillämpning
908 1644 65 30 och
989 1644 146 29 behovet
1153 1653 41 20 av
1213 1643 189 39 ändringar
1419 1642 85 30 däri.
1525 1642 13 29 I
1558 1642 56 29 sin

110 1697 40 29 år
173 1697 80 30 1951
277 1697 146 39 avgivna
444 1698 144 38 rapport
608 1696 64 29 har
693 1696 67 29 den
779 1695 220 39 sakkunnige
1020 1694 222 35 beträffande
1265 1693 349 39 medlingsinstitutet

110 1748 45 29 bl.
178 1757 30 20 a.
230 1747 204 34 framhållit,
458 1749 50 27 att
528 1747 287 29 erfarenheterna
839 1745 80 35 från
942 1746 41 29 de
1005 1745 161 30 enskilda
1187 1745 109 29 fallen
1318 1745 117 39 syntes
1458 1743 78 39 giva
1555 1743 58 30 vid

111 1798 148 34 handen,
276 1800 48 27 att
340 1807 41 20 en
401 1799 70 28 stor
489 1798 53 29 del
560 1807 42 20 av
619 1797 238 36 medlingarna
874 1805 81 20 vore
974 1795 237 39 meningslösa
1228 1804 80 20 men
1326 1796 49 27 att
1392 1794 58 29 det
1466 1794 20 29 å
1504 1793 111 30 andra

113 1848 102 30 sidan
242 1857 79 21 vore
348 1858 44 19 en
420 1848 157 39 allvarlig
607 1848 64 29 sak
699 1849 50 27 att
775 1846 290 30 rekommendera
1093 1855 42 20 en
1164 1845 260 38 inskränkning
1450 1853 42 21 av
1520 1843 94 30 med-

113 1898 169 39 lingarna,
308 1907 78 22 vars
409 1898 211 38 verkningar
644 1897 30 39 ej
701 1897 117 29 kunde
841 1897 184 33 beräknas.
1052 1896 81 29 Som
1157 1904 42 20 en
1224 1895 130 29 allmän
1379 1893 235 39 anmärkning

112 1950 73 28 mot
206 1949 159 38 gällande
387 1947 378 40 medlingsförfarande
787 1946 202 30 anmärktes
1011 1947 86 28 även
1119 1945 10 29 i
1152 1946 198 38 rapporten,
1373 1946 51 28 att
1447 1944 168 39 medling-

113 2008 42 20 en
176 1999 74 29 ofta
268 1999 140 29 komme
427 1998 54 30 för
502 2000 75 27 sent
597 1998 54 29 för
671 1999 50 28 att
739 2006 84 21 vara
842 1997 171 28 makarna
1034 1996 52 29 till
1104 1995 110 40 hjälp.

747 2125 232 32 Yttrandena

156 2208 50 29 Av
222 2209 40 28 de
279 2207 369 38 sammanslutningar,
666 2216 74 19 som
754 2206 128 29 beretts
900 2205 135 29 tillfälle
1052 2207 50 27 att
1117 2206 92 38 yttra
1226 2205 51 37 sig
1291 2206 79 27 över
1385 2204 229 33 motionerna,

114 2258 204 29 instämmer
341 2258 123 28 endast
486 2267 40 19 en
551 2257 77 28 med
653 2256 270 32 motionärerna,
949 2255 176 38 nämligen
1148 2253 374 40 advokatsamfundets
1546 2255 70 36 sty-

113 2308 98 36 relse,
235 2317 73 19 som
330 2309 85 27 utan
439 2307 207 38 motivering
669 2306 79 29 kort
769 2306 63 29 och
856 2307 72 36 gott
951 2305 184 32 förklarar,
1159 2306 50 27 att
1231 2305 169 37 styrelsen
1423 2302 192 40 tillstyrker

114 2358 230 29 motionerna.

158 2407 520 39 Häradshövdingeföreningen
710 2406 116 29 ställer
855 2405 51 37 sig
935 2405 136 37 negativ
1099 2404 51 29 till
1179 2404 277 29 motionärernas
1485 2403 131 38 förslag

114 2458 64 29 och
198 2458 101 29 anför
317 2458 44 29 bl.
381 2467 45 20 a.:
