1886 2830
293 157 38 29 16
721 165 306 34 Bankoutskottets
1052 170 175 32 utlåtande
1252 172 49 30 Nr
1332 175 49 30 67.

297 243 57 31 vid
384 244 111 31 vilken
523 247 283 36 pensionsåldern
835 251 110 31 skulle
973 253 91 31 hava
1092 254 126 37 inträtt,
1248 266 83 21 vara
1359 257 152 32 minskat
1539 261 78 30 med
1647 258 67 35 '/:s0
1743 263 54 30 för

296 293 97 37 varje
415 295 63 31 full
502 298 82 29 eller
608 298 169 37 påbörjad
802 301 170 37 fjärdedel
996 313 42 21 av
1063 304 48 37 år,
1138 316 73 21 som
1234 306 57 31 vid
1316 307 301 38 avgångstillfället
1643 312 154 32 återstått

296 345 50 29 till
373 347 150 31 nämnda
550 348 172 38 tidpunkt.

896 460 128 37 Rörligt
1046 462 128 37 tillägg.

997 539 37 29 19
1060 539 29 37 5.

340 596 15 28 1
376 605 102 22 mom.
509 592 26 36 Å
554 597 335 41 tjänstepensionens
911 605 236 40 grundbelopp
1166 608 88 37 eller,
1275 609 64 31 där
1356 620 72 22 mer
1446 613 45 30 än
1510 622 42 22 en
1571 615 145 36 pension
1737 626 56 21 en-

291 644 61 37 ligt
371 647 220 36 reglementet
607 649 159 40 åtnjutes,
787 652 21 31 å
826 654 44 30 de
888 656 262 37 sammanlagda
1168 660 282 38 grundbeloppen
1470 663 100 37 utgår
1589 666 119 36 rörligt
1727 666 65 31 till-

290 696 79 36 lägg
396 698 109 30 under
531 708 136 23 samma
695 702 285 39 förutsättningar
1008 708 66 29 och
1103 709 103 36 enligt
1234 720 135 22 samma
1397 714 158 36 grunder,
1587 724 74 22 som
1689 717 103 37 enligt

287 745 216 34 folkskolans
524 751 388 38 avlöningsreglemente
932 758 88 35 gälla
1041 759 178 36 angående
1239 762 110 36 dylikt
1370 763 117 38 tillägg
1508 764 20 31 å
1550 766 58 30 lön
1631 767 50 30 till
1702 769 89 30 ordi-

288 796 99 31 narie
410 799 64 30 och
497 802 98 30 extra
618 802 171 32 ordinarie
812 805 122 31 lärare.

333 847 21 30 2
378 857 102 22 mom.
515 849 131 39 Rörligt
671 853 114 37 tillägg
810 855 171 33 beräknas
1007 857 20 31 å
1051 861 274 37 grundbeloppet
1350 863 55 31 för
1429 864 137 32 månad.

335 898 131 32 Härvid
495 901 88 30 skall
615 903 88 30 dock
730 904 183 39 iakttagas,
944 911 48 27 att
1020 908 118 38 tillägg
1168 912 30 36 ej
1229 912 172 32 beräknas
1431 914 21 32 å
1482 916 136 38 belopp,
1648 921 141 29 varmed

284 950 275 38 grundbeloppet
585 954 184 37 överstiger
796 957 64 30 500
887 958 135 38 kronor,
1049 961 66 30 och
1141 961 30 38 ej
1198 963 107 31 heller
1331 964 20 31 å
1377 965 73 31 däri
1476 966 171 38 ingående
1671 971 116 36 öretal,

285 1007 77 21 som
384 1001 213 37 överskjuter
621 1004 78 31 fullt
720 1005 148 32 krontal.
1494 1021 7 9 '

330 1049 22 29 3
375 1058 103 22 mom.
515 1052 66 31 Till
604 1053 98 39 hjälp
725 1055 57 31 vid
804 1058 186 38 uträkning
1013 1070 42 21 av
1078 1062 118 36 rörligt
1217 1063 117 38 tillägg
1359 1065 156 32 utfärdar
1539 1068 123 38 Kungl.
1687 1070 100 37 Maj:t

286 1100 42 29 de
355 1101 139 31 tabeller
519 1104 67 29 och
612 1106 231 38 anvisningar,
871 1118 74 22 som
970 1110 56 31 må
1051 1111 117 32 finnas
1194 1110 233 46 erforderliga.

762 1241 20 29 5
805 1242 79 29 avd.
920 1242 66 31 Om
1009 1244 294 37 tjänstelivränta.

985 1334 41 30 20
1051 1336 30 36 8.

328 1391 16 29 1
370 1400 103 23 mom.
510 1393 75 32 Den
607 1405 84 27 som,
713 1397 86 30 efter
821 1401 50 28 att
893 1400 89 30 hava
1001 1402 98 32 blivit
1120 1405 233 32 underkastad
1376 1408 91 32 detta
1489 1411 214 37 reglemente,
1727 1423 55 21 av-

280 1440 73 36 gått
375 1442 79 31 från
475 1443 203 39 befattning,
702 1457 73 21 som
799 1448 10 30 i
832 1450 219 36 reglementet
1074 1463 106 27 avses,
1203 1459 84 28 utan
1310 1459 67 30 rätt
1401 1462 48 28 att
1471 1461 143 31 komma
1635 1462 12 30 i
1669 1462 112 38 åtnju-

279 1493 106 30 tande
406 1503 42 21 av
467 1492 273 40 tjänstepension
761 1499 104 37 enligt
886 1502 228 38 reglementet,
1137 1506 38 29 är
1194 1506 192 38 berättigad
1407 1512 48 28 att
1476 1510 44 37 på
1540 1513 123 31 därom
1683 1514 99 37 gjord

279 1543 195 37 ansökning
502 1546 132 31 erhålla
663 1547 284 41 tjänstelivränta,

323 1591 33 40 a)
387 1594 62 30 när
470 1595 69 31 han
564 1597 147 36 uppnått
733 1608 41 21 en
796 1600 238 33 levnadsålder
1056 1614 44 21 av
1122 1606 41 30 65
1186 1606 37 31 år
1252 1607 224 39 (uppskjuten
1499 1611 176 42 livränta);
1701 1616 80 29 eller

322 1643 35 40 b)
389 1645 112 32 därest
519 1647 72 31 han
611 1648 77 32 före
706 1650 223 36 uppnåendet
949 1663 41 21 av
1011 1655 41 30 65
1074 1655 56 32 års
1152 1656 95 33 ålder
1267 1659 99 32 blivit
1386 1663 169 37 varaktigt
1577 1664 202 38 oförmögen

277 1693 52 30 till
355 1696 114 30 arbete
493 1698 66 29 och
585 1697 45 38 på
654 1701 110 34 grund
790 1702 108 30 därav
924 1703 133 32 erhållit
1083 1706 220 37 folkpension
1329 1711 104 36 enligt
1457 1713 159 36 gällande
1641 1716 55 36 lag
1722 1726 57 20 om

277 1744 319 40 folkpensionering
622 1749 318 38 (förtidslivränta).

321 1794 122 32 Såsom
464 1796 247 41 förutsättning
732 1801 55 30 för
808 1804 70 29 rätt
899 1804 49 30 till
969 1805 275 38 tjänstelivränta
1265 1811 88 31 skall
1376 1812 106 32 likväl
1503 1815 101 38 gälla,

320 1844 31 40 a)
383 1849 49 29 att
455 1848 365 38 befattningshavaren
846 1855 109 29 under
979 1860 231 35 sammanlagt
1234 1861 106 30 minst
1365 1865 49 29 tre
1438 1863 38 31 år
1501 1866 74 30 före
1601 1867 176 37 avgången

273 1894 161 33 innehaft
454 1900 218 38 anställning,
694 1911 74 21 som
789 1903 58 31 vid
866 1906 153 31 nämnda
1038 1908 136 31 tillfälle
1193 1911 88 30 varit
1300 1912 146 32 förenad
1467 1917 78 29 med
1566 1916 209 39 tjänstepen-

273 1946 164 33 sionsrätt
466 1950 104 37 enligt
602 1952 92 31 detta
723 1955 208 35 reglemente
959 1958 81 31 eller
1070 1961 110 31 andra
1210 1962 563 44 tjänstepensionsbestämmelser;

273 2000 91 28 samt

316 2046 35 40 b)
383 2051 48 28 att
451 2050 364 38 befattningshavaren
837 2056 76 31 icke
934 2058 84 30 efter
1039 2059 176 38 avgången
1236 2072 80 22 men
1339 2064 74 31 före
1435 2069 66 29 den
1523 2069 10 30 i
1555 2068 110 32 första
1687 2073 86 35 styc-

271 2097 59 31 ket
349 2098 33 41 a)
409 2100 78 30 eller
507 2101 34 40 b)
569 2104 150 31 avsedda
740 2105 207 37 tidpunkten
968 2108 159 33 innehaft
1148 2121 116 23 annan
1285 2116 218 37 anställning,
1528 2118 144 33 förenad
1694 2122 79 30 med

271 2148 361 38 tjänstepensionsrätt
653 2164 74 21 som
749 2165 81 29 nyss
854 2161 99 33 sagts.

315 2199 74 31 Där
429 2201 340 39 befattningshavare
809 2209 175 37 samtidigt
1026 2212 116 37 avgått
1172 2213 78 32 från
1279 2217 172 33 ordinarie
1482 2220 194 39 befattning
1706 2224 65 30 och

270 2248 110 33 sådan
400 2255 93 28 extra
509 2254 176 32 ordinarie
703 2257 203 40 befattning,
927 2269 73 22 som
1020 2272 42 21 av
1082 2263 129 31 honom
1229 2265 177 33 innehafts
1423 2271 79 29 med
1522 2266 250 48 frånträdande

268 2309 43 21 av
335 2302 67 31 den
425 2304 171 31 ordinarie
619 2306 255 39 befattningens
897 2312 181 38 utövande,
1105 2315 78 35 äger
1206 2317 80 37 han,
1312 2319 114 31 därest
1448 2320 91 32 båda
1563 2322 207 39 befattning-

269 2359 87 23 arna
386 2353 86 31 varit
499 2354 167 33 förenade
696 2359 79 30 med
802 2358 361 40 tjänstepensionsrätt
1191 2367 103 37 enligt
1323 2371 93 30 detta
1443 2372 216 40 reglemente,
1690 2376 79 30 alle-

267 2404 79 27 nast
368 2403 140 33 komma
528 2405 11 31 i
561 2406 205 37 åtnjutande
788 2420 43 21 av
854 2421 42 21 en
919 2412 284 36 tjänstelivränta.

311 2453 21 29 2
351 2463 104 23 mom.
476 2455 70 32 Där
566 2457 273 39 tjänstepension
859 2464 136 35 upphör
1013 2467 49 28 att
1080 2466 82 37 utgå
1181 2467 43 37 på
1242 2470 113 35 grund
1373 2480 43 21 av
1434 2473 203 37 stadgandet
1657 2476 10 30 i
1689 2477 37 29 11
1749 2477 18 37 8
