2190 2602
882 154 280 32 Bankoutskottets
1184 152 166 33 utlåtande
1372 154 51 30 Nr
1445 154 51 30 '72.

785 233 96 48 ning
908 234 21 34 å
956 232 73 37 den
1071 231 193 50 tillfälliga
1294 229 334 51 löneförbättring,
1659 245 80 23 som
1767 232 74 37 kan
1870 232 115 36 varda

786 285 84 36 dem
911 283 165 49 beviljad
1119 283 60 37 för
1219 286 41 34 år
1295 285 111 46 1922,
1437 282 185 37 utbetalas
1651 283 72 36 vad
1751 297 82 24 som
1862 283 123 38 skolat

784 338 104 47 utgå,
918 336 124 36 därest
1070 335 46 36 de
1144 335 296 46 bestämmelser,
1469 347 81 24 som
1580 335 59 36 för
1666 335 255 38 innevarande
1945 338 41 34 år

786 390 60 33 må
865 387 113 36 varda
998 387 232 47 meddelade,
1245 386 147 49 jämväl
1411 386 107 37 bleve
1537 387 179 48 gällande
1736 386 58 37 för
1810 390 41 33 år
1870 389 113 43 1922;

913 439 40 36 B.
982 438 235 50 bemyndiga

913 492 74 35 dels
1015 490 242 49 fullmäktige
1284 490 12 36 i
1324 489 229 37 riksbanken
1597 496 54 30 att
1693 490 58 36 för
1791 489 193 49 ifrågava-

782 543 116 36 rande
938 542 176 37 ändamål
1143 555 47 23 av
1216 540 254 38 riksbankens
1513 541 123 37 medel
1669 541 171 37 använda
1868 542 115 36 erfor-

782 594 138 49 derligt
946 594 155 49 belopp;

911 647 75 36 dels
1014 645 241 49 fullmäktige
1283 645 13 36 i
1324 644 373 49 riksgäldskontoret
1725 650 56 31 att
1805 645 59 36 för
1896 645 88 36 ifrå-

782 697 215 50 gavarande
1024 696 176 37 ändamål
1227 710 47 23 av
1307 697 341 49 förslagsanslaget
1675 696 56 36 till
1759 696 226 50 avlöningar

781 750 70 36 och
894 749 202 50 pensioner
1124 762 48 23 m.
1197 762 55 23 m.
1282 748 64 37 vid
1387 749 209 48 riksgälds-
1631 747 72 38 och
1729 748 255 50 riksdagsför-

781 802 224 48 valtningen
1034 801 173 36 använda
1235 800 242 49 erforderligt
1503 800 156 49 belopp;

911 854 74 35 dels
1051 852 186 49 styrelsen
1278 852 60 36 för
1373 851 398 50 riksdagsbiblioteket
1822 857 55 31 att
1927 852 57 37 för

781 904 292 50 ifrågavarande
1101 903 171 37 ändamål
1318 917 47 23 av
1406 903 342 50 förslagsanslaget
1788 903 58 36 till
1884 904 100 36 avlö-

781 957 149 48 ningar,
959 955 167 37 arvoden
1156 969 47 22 m.
1232 969 49 22 m.
1311 955 58 36 till
1397 956 190 49 styrelsen
1615 955 70 37 och
1710 954 189 37 ordinarie
1919 955 62 37 be-

780 1008 326 48 fattningshavare
1139 1007 175 37 använda
1342 1007 240 49 erforderligt
1609 1007 155 49 belopp;

909 1060 75 37 dels
1021 1059 475 48 justitieombudsmannen
1527 1064 56 31 att
1613 1059 60 36 för
1695 1058 288 49 ifrågavarande

781 1112 174 37 ändamål
991 1125 47 23 av
1075 1111 342 48 förslagsanslaget
1445 1111 56 36 till
1530 1110 236 49 avlöningar,
1794 1111 189 36 resekost-

781 1164 115 36 nader
923 1163 71 37 och
1014 1175 188 36 expenser
1222 1163 58 36 för
1295 1162 480 49 justitieombudsmannen
1795 1162 72 36 och
1887 1162 95 36 hans

780 1215 216 50 expedition
1026 1214 173 37 använda
1229 1214 239 47 erforderligt
1495 1214 159 49 belopp;

910 1268 73 35 dels
1024 1268 64 35 ock
1130 1265 463 37 militieombudsmannen
1623 1272 55 30 att
1705 1265 59 38 för
1791 1265 191 49 ifrågava-

778 1319 116 37 rande
922 1317 175 38 ändamål
1126 1331 46 23 av
1191 1317 341 50 förslagsanslaget
1553 1318 56 36 till
1629 1317 237 49 avlöningar,
1885 1330 98 31 rese-

778 1371 205 37 kostnader
1011 1370 71 36 och
1111 1382 184 36 expenser
1322 1369 61 37 för
1415 1369 462 37 militieombudsmannen
1910 1369 71 37 och

778 1422 97 37 hans
905 1421 214 50 expedition
1148 1420 175 37 använda
1351 1420 244 50 erforderligt
1623 1421 149 50 belopp.

512 1527 218 37 Stockholm
760 1527 72 36 den
863 1528 18 33 7
908 1524 84 50 juni
1023 1525 110 35 1921.

873 1629 52 36 På
952 1627 335 39 bankoutskottets
1316 1632 158 45 vägnar:

926 1731 122 37 EMIL
1076 1729 364 39 KRISTENSSON.

581 2043 221 27 Närvarande:
830 2041 36 27 Se
886 2040 145 28 utlåtande
1051 2050 33 17 nr
1103 2041 42 26 70.
