1884 2838
279 154 118 32 Andra
416 155 203 33 kammarens
648 157 141 31 andra
820 157 170 41 tillfälliga
1008 158 141 33 utskotts
1171 159 168 32 utlåtande
1358 159 49 31 Nr
1425 162 26 28 1.
1590 160 16 30 1

795 367 63 40 Nr
889 367 41 40 I.

484 470 130 32 Ankom
631 471 51 32 till
699 471 192 39 riksdagens
905 472 108 32 kansli
1031 472 62 32 den
1112 473 38 31 17
1167 473 150 32 februari
1335 474 79 30 1939
1430 474 43 31 kl.
1491 474 19 30 2
1528 484 24 22 e.
1566 484 39 21 m.

280 578 118 31 Andra
416 579 204 32 kammarens
648 580 147 31 andra
826 580 170 40 tillfälliga
1014 582 141 31 utskotts
1173 582 172 32 utlåtande
1363 593 41 20 nr
1421 582 60 39 1,1
1498 582 109 32 anled-

439 633 81 39 ning
547 644 42 21 av
614 635 97 30 väckt
738 634 124 32 motion
888 635 167 39 angående
1082 636 179 39 utredning
1289 646 50 21 om
1365 636 137 39 pension
1530 637 77 31 eller

439 688 199 38 statsbidrag
662 689 34 30 åt
720 688 87 31 vissa
830 688 142 33 kvinnor
995 690 74 31 med
1093 690 56 31 två
1173 691 78 30 eller
1275 690 86 38 flera
1385 689 221 40 minderåriga

438 741 90 31 barn.

205 847 16 29 I
245 857 41 21 en
310 847 88 32 inom
420 848 106 31 andra
546 848 190 32 kammaren
759 849 104 39 väckt,
887 849 53 33 till
960 850 76 32 dess
1056 851 107 31 andra
1184 851 174 39 tillfälliga
1378 851 128 32 utskott
1528 852 78 31 hän-

121 900 92 31 visad
235 901 133 38 motion,
391 912 42 20 nr
455 902 70 38 237,
548 902 61 32 har
631 902 77 32 herr
729 903 169 32 Näsström
920 913 41 21 m.
973 903 39 32 fl.
1036 904 174 39 hemställt,
1232 908 54 28 att
1307 905 176 39 riksdagen
1505 906 101 30 måtte

121 953 9 31 i
151 954 154 32 skrivelse
324 955 54 31 till
397 955 123 39 Kungl.
542 956 103 39 Maj:t
664 956 122 39 begära
803 957 178 39 skyndsam
999 958 180 39 utredning
1196 958 61 32 och
1276 959 127 39 förslag
1421 959 53 32 till
1492 959 113 38 statlig

122 1008 135 37 pension
282 1008 80 32 eller
383 1009 120 39 bidrag
527 1020 41 21 av
592 1010 187 32 statsmedel
802 1011 54 31 till
881 1011 166 32 arbetsför
1070 1012 85 31 änka
1179 1012 80 32 eller
1283 1013 132 37 kvinna,
1440 1013 68 39 gift
1533 1013 72 31 med

120 1061 68 31 icke
209 1062 165 31 arbetsför
393 1072 85 29 man,
499 1063 63 31 där
579 1063 57 32 det
655 1064 112 31 finnes
784 1065 59 31 två
862 1064 78 32 eller
960 1065 86 31 flera
1066 1066 224 38 minderåriga
1306 1066 85 31 barn
1409 1067 12 30 i
1441 1067 161 38 familjen.

202 1168 247 32 Motionärerna
470 1170 112 32 erinra
603 1180 51 21 om
672 1175 52 28 att
745 1172 97 38 lagen
863 1172 63 32 den
949 1172 39 31 18
1010 1172 76 39 juni
1108 1173 80 31 1937
1209 1183 54 22 om
1283 1173 202 39 barnbidrag
1505 1175 39 30 är
1565 1184 39 21 av

119 1225 67 27 stor
207 1222 165 39 betydelse
392 1224 53 30 för
466 1224 39 31 de
526 1224 155 39 familjer,
701 1235 70 22 som
789 1226 137 31 kommit
946 1227 10 30 i
979 1227 199 38 åtnjutande
1198 1237 41 20 av
1257 1227 41 31 de
1319 1227 155 39 fördelar,
1494 1228 111 31 denna

120 1276 52 38 lag
193 1286 68 28 ger,
286 1277 91 31 detta
400 1277 67 32 inte
490 1278 101 31 minst
613 1289 40 21 ur
675 1279 64 31 den
761 1279 213 40 synpunkten
995 1284 52 27 att
1068 1280 204 40 barnbidrag
1294 1281 103 39 enligt
1419 1281 109 32 denna
1551 1282 53 37 lag

119 1330 29 37 ej
165 1329 136 33 erhållit
316 1330 157 32 karaktär
489 1342 41 21 av
548 1332 192 39 fattigvård.

201 1384 130 37 Tyvärr
348 1384 101 32 måste
466 1385 119 39 många
603 1386 154 39 familjer,
778 1386 104 32 ehuru
899 1388 40 31 de
955 1388 68 31 fått
1038 1388 108 38 dylikt
1160 1388 213 40 barnbidrag,
1391 1389 212 31 fortfarande

120 1437 103 31 anlita
248 1437 229 39 fattigvården
502 1439 42 38 på
570 1439 108 39 grund
703 1449 41 21 av
769 1443 50 27 att
844 1441 29 38 ej
900 1441 102 38 något
1023 1441 120 38 bidrag
1165 1442 102 38 utgår
1289 1443 55 30 till
1365 1442 147 31 modern.
1550 1442 53 30 En

116 1489 110 31 moder
248 1491 75 30 med
344 1492 55 29 två
422 1491 79 31 eller
524 1493 85 31 flera
631 1493 82 31 barn
735 1497 52 27 att
811 1494 102 31 vårda
933 1495 85 31 hade
1043 1496 10 29 i
1078 1496 94 38 regel,
1197 1496 95 31 detta
1312 1497 120 30 främst
1455 1497 64 30 vad
1544 1496 55 31 det

118 1543 106 38 gällde
249 1544 225 39 landsbygden
499 1545 60 31 och
583 1546 40 31 de
644 1545 131 33 mindre
799 1547 163 38 städerna,
985 1548 33 38 ej
1044 1549 109 38 någon
1177 1549 173 39 möjlighet
1373 1550 51 31 till
1449 1550 153 31 inkomst-

118 1596 182 39 bringande
320 1598 118 38 arbete,
458 1598 43 32 då
518 1599 142 31 barnens
678 1600 82 31 vård
779 1600 58 31 och
854 1601 125 32 bristen
1000 1602 40 38 på
1059 1602 151 39 lämpligt
1229 1603 109 31 arbete
1357 1603 10 31 i
1386 1603 88 39 regel
1491 1604 112 38 lägger

116 1649 117 32 hinder
251 1651 10 30 i
280 1652 106 38 vägen
402 1652 125 31 därför.

199 1704 52 31 Då
271 1704 245 41 barnbidragen
536 1717 76 21 vore
632 1708 35 30 så
687 1708 158 39 avvägda,
868 1713 49 28 att
934 1709 95 32 dessa
1048 1710 70 32 helt
1137 1711 134 40 åtginge
1288 1713 54 32 till
1362 1712 141 33 barnens
1523 1723 79 29 egen

118 1757 214 40 försörjning,
362 1759 119 31 funnes
510 1760 54 31 för
591 1761 92 31 dessa
710 1762 149 38 familjer
885 1763 99 39 ingen
1012 1774 111 21 annan
1150 1765 173 39 möjlighet
1348 1768 43 30 än
1418 1771 52 28 att
1498 1768 104 31 anlita

117 1810 235 40 fattigvården.
391 1812 192 32 Beredande
609 1824 41 21 av
676 1815 101 38 nödig
803 1816 145 31 utkomst
974 1817 55 31 för
1053 1818 125 31 sådana
1205 1819 150 39 familjer
1380 1820 108 32 under
1514 1831 88 21 mera

116 1863 210 33 humanitära
346 1866 121 31 former
485 1867 42 31 än
546 1867 184 38 fattigvård
747 1878 76 22 vore
841 1870 115 31 därför
973 1870 172 32 önskvärd.
1174 1872 170 32 Pensions-
1360 1873 80 32 eller
1455 1870 146 47 bidrags-

116 1918 125 39 belopp,
268 1919 250 39 inkomstgräns,
543 1921 52 31 tid
618 1921 105 30 under
746 1922 108 31 vilken
877 1923 138 38 pension
1039 1924 78 31 eller
1138 1925 119 39 bidrag
1278 1926 101 32 borde
1402 1928 81 38 utgå
1505 1938 94 20 m.m.

117 1971 177 32 förutsatte
312 1972 179 32 emellertid
511 1984 38 20 en
569 1974 155 39 grundlig
742 1975 56 31 och
819 1976 131 39 allsidig
968 1977 186 39 utredning.

198 2078 184 33 Motionens
399 2080 88 37 syfte
504 2080 57 31 och
580 2080 191 32 hemställan
791 2083 55 30 äro
864 2083 198 31 tvivelsutan
1081 2085 102 31 värda
1197 2085 192 32 beaktande.

199 2133 111 32 Såsom
334 2136 142 38 exempel
498 2138 44 37 på
564 2137 38 31 de
625 2138 215 39 olägenheter,
864 2139 85 31 vilka
972 2141 56 30 äro
1051 2142 220 38 förknippade
1293 2144 73 30 med
1386 2154 46 21 nu
1454 2145 145 31 rådande

116 2186 230 33 förhållanden
361 2189 11 29 i
390 2189 224 39 föreliggande
631 2191 192 38 hänseende,
842 2194 51 30 må
910 2193 60 31 här
987 2194 114 31 endast
1120 2196 193 30 framhållas
1331 2197 158 38 följande.

199 2240 52 30 En
274 2241 86 31 änka
383 2242 70 31 med
478 2247 48 27 tre
551 2244 222 39 minderåriga
795 2245 81 31 barn
899 2247 132 37 uppbär
1052 2248 18 30 å
1093 2252 52 26 ort
1168 2249 88 30 inom
1278 2253 178 35 ortsgrupp
1480 2251 16 29 I
1518 2262 81 20 sam-

115 2293 145 38 manlagt
290 2294 60 30 600
379 2295 121 30 kronor
529 2297 133 36 årligen.
705 2298 118 30 Består
852 2299 152 38 familjen
1033 2311 42 20 av
1105 2302 298 39 arbetsoförmögen
1435 2314 84 27 man,
1550 2309 49 26 tre

116 2345 221 39 minderåriga
359 2348 80 30 barn
460 2348 59 30 och
539 2349 149 38 hustrun,
710 2361 65 19 som
798 2352 78 30 skall
900 2353 100 31 vårda
1022 2353 54 31 det
1098 2354 78 38 hela,
1199 2355 75 30 ökas
1294 2356 191 38 visserligen
1505 2358 93 30 total-

117 2399 150 38 beloppet
287 2410 40 20 av
348 2401 185 38 inkomster,
557 2413 69 20 men
647 2403 52 31 det
721 2405 95 35 säger
835 2406 48 35 sig
902 2406 102 37 självt
1024 2411 50 26 att
1093 2407 60 30 vad
1176 2419 64 19 som
1263 2409 64 30 blir
1347 2411 74 29 över
1441 2411 34 30 åt
1494 2410 104 31 henne

114 2452 37 30 är
176 2452 7 30 i
207 2452 84 31 båda
320 2454 95 30 fallen
441 2455 62 30 lika
532 2456 78 30 litet.
644 2457 147 37 Utvägen
818 2461 43 28 att
891 2459 147 37 tillgripa
1063 2460 205 32 kommunala
1295 2463 304 38 tilläggspensioner

156 2514 129 39 Bihang
307 2517 49 30 till
376 2517 190 38 riksdagens
585 2520 160 38 protokoll
770 2523 84 28 1939.
888 2524 34 27 13
940 2523 88 29 saml.
1057 2527 19 26 2
1095 2525 70 29 avd.
1196 2525 48 29 Nr
1266 2528 23 28 1.
1585 2529 7 28 1

1625 1175 149 25 Motionen.

1623 2094 149 25 Utskottet.
