1882 2756
310 170 187 31 Allmänna
524 170 399 40 beredningsutskottets
952 171 178 30 utlåtande
1157 180 43 21 nr
1224 171 42 30 37
1293 171 40 31 år
1361 171 84 30 1962
1607 171 14 30 1

814 454 65 41 Nr
900 455 55 41 37

336 565 183 30 Utlåtande
538 565 11 30 i
566 565 188 40 anledning
772 574 42 21 av
833 565 123 30 väckta
974 565 173 30 motioner
1165 574 56 21 om
1241 564 187 40 utredning
1446 564 179 40 angående

532 627 418 40 bostadsförmedlingens
976 627 237 40 organisation
1238 627 64 30 och
1328 626 185 40 principer.

181 734 12 29 I
212 734 41 30 de
272 734 234 40 likalydande,
527 735 51 30 till
599 734 178 31 allmänna
795 734 382 40 beredningsutskottet
1195 734 192 30 hänvisade
1406 734 220 30 motionerna

136 787 28 29 I:
184 788 59 29 192
272 796 43 20 av
341 787 124 30 herrar
492 787 154 30 Lennart
675 787 114 40 Geijer
817 788 66 30 och
910 787 144 30 Gunnar
1081 788 88 39 Berg
1199 789 91 29 samt
1318 787 48 29 II:
1381 787 64 30 246
1475 797 42 20 av
1544 787 82 29 herr

135 840 175 40 Svenning
332 850 46 21 m.
400 840 38 39 fl.
461 841 158 35 föreslås,
643 843 50 28 att
714 841 187 40 riksdagen
924 841 109 30 måtte
1053 840 138 31 besluta
1212 843 51 28 att
1284 841 64 30 hos
1371 840 125 40 Kungl.
1519 840 107 40 Maj:t

135 894 187 30 hemställa
342 904 57 20 om
420 904 42 20 en
483 895 138 39 allsidig
643 895 187 39 utredning
850 894 180 40 angående
1048 894 420 39 bostadsförmedlingens
1490 893 137 40 organi-

138 947 111 30 sation
280 948 66 29 och
375 947 177 40 principer
581 948 10 29 i
621 947 114 31 avsikt
765 950 50 28 att
845 949 128 29 utröna
1001 947 271 40 möjligheterna
1300 949 52 28 att
1382 947 245 30 åstadkomma

137 1000 251 40 normgivande
413 1001 110 39 regler
549 1001 55 30 för
629 1010 42 21 en
697 1001 12 30 i
733 1001 137 40 princip
896 1001 153 39 enhetlig
1072 1000 556 40 bostadsförmedlingsorganisa-

137 1054 75 30 tion
233 1054 56 30 för
310 1054 70 30 alla
400 1055 211 29 kommuner
635 1064 74 21 som
732 1064 48 20 nu
802 1055 66 29 har
890 1054 83 30 eller
994 1055 12 29 i
1028 1053 189 31 framtiden
1241 1054 161 29 kommer
1423 1056 50 28 att
1496 1053 131 31 inrätta

138 1108 205 30 kommunal
361 1108 366 39 bostadsförmedling.

182 1162 13 29 I
214 1161 222 30 motionerna
453 1161 141 30 anföres
613 1161 44 30 bl.
677 1171 29 20 a.
727 1163 50 29 att
796 1160 106 31 målet
922 1160 56 31 för
996 1161 68 30 den
1082 1160 231 30 kommunala
1330 1160 298 30 bostadsförmed-

138 1214 115 40 lingen
276 1215 91 30 varit
391 1215 72 30 dels
487 1217 50 28 att
561 1215 246 30 åstadkomma
829 1224 42 21 en
896 1214 39 31 så
956 1214 123 30 rättvis
1103 1213 199 40 fördelning
1325 1222 76 22 som
1424 1213 138 40 möjligt
1586 1223 43 21 av

138 1268 317 40 nytillkommande
475 1269 201 39 lägenheter
697 1270 64 29 och
783 1269 74 30 dels
880 1271 52 29 att
953 1269 37 30 få
1010 1270 52 30 till
1086 1269 103 31 stånd
1211 1279 44 21 en
1275 1270 226 41 registrering
1523 1280 42 20 av
1587 1271 41 30 de

137 1323 358 30 bostadsbehövande.
515 1323 93 30 Både
630 1323 95 30 äldre
745 1324 65 29 och
830 1323 236 40 nytillkomna
1083 1323 163 30 bostäder
1266 1324 63 30 bör
1350 1323 153 31 fördelas
1522 1324 106 30 bland

139 1376 41 29 de
206 1376 301 30 bostadssökande
533 1376 46 39 på
605 1377 48 29 ett
681 1376 39 30 så
745 1376 133 40 rimligt
903 1376 66 30 och
994 1376 163 30 effektivt
1185 1377 68 30 sätt
1282 1386 75 21 som
1385 1376 148 40 möjligt.
1561 1378 68 29 För

139 1431 50 28 att
218 1429 46 30 nå
291 1430 136 29 därhän
455 1430 63 29 bör
545 1430 113 29 större
685 1429 213 40 enhetlighet
927 1429 262 31 åstadkommas
1217 1430 12 30 i
1258 1429 100 40 fråga
1385 1439 58 21 om
1472 1431 158 29 bostads-

140 1482 402 40 förmedlingsorganens
570 1483 235 39 uppbyggnad
831 1483 66 29 och
924 1483 187 30 arbetssätt
1138 1485 91 28 samt
1257 1483 101 30 deras
1385 1483 245 40 bedömnings-

140 1537 152 38 grunder
306 1537 99 29 inom
419 1536 43 30 de
477 1536 94 30 olika
586 1537 268 29 kommunerna.
871 1536 166 30 Rådande
1053 1535 159 32 tillstånd
1229 1537 39 28 är
1283 1536 74 30 helt
1373 1536 257 30 otillfredsstäl-

139 1589 112 30 lande.
274 1590 53 29 En
351 1589 162 40 grundlig
536 1589 264 40 undersökning
822 1590 63 29 bör
905 1589 123 30 därför
1050 1590 101 38 göras
1175 1598 42 21 av
1239 1589 391 41 bostadsförmedlings-

141 1643 268 30 förhållandena
432 1643 11 29 i
465 1643 120 30 landet
609 1645 92 28 samt
724 1652 42 21 av
789 1642 270 40 möjligheterna
1082 1644 51 29 att
1157 1642 197 30 föreskriva
1376 1642 11 30 i
1412 1643 137 39 princip
1573 1652 57 21 en-

140 1696 130 40 hetliga
303 1706 142 20 normer
478 1696 54 30 för
567 1697 67 29 den
668 1697 229 30 kommunala
929 1697 411 41 bostadsförmedlingen,
1377 1699 122 30 därvid
1533 1700 96 29 inom

141 1759 206 21 normernas
364 1759 75 20 ram
455 1750 63 30 bör
532 1750 137 29 lämnas
686 1752 175 38 utrymme
878 1750 56 30 för
948 1751 110 30 lokalt
1073 1751 185 40 betingade
1272 1752 223 30 variationer.
1513 1753 118 39 Själva

140 1803 148 30 beslutet
319 1813 56 20 om
407 1803 199 30 inrättande
638 1813 41 20 av
710 1806 47 27 ett
789 1804 338 39 förmedlingsorgan
1159 1805 89 29 skall
1279 1814 86 21 vara
1394 1806 235 30 kommunens

141 1857 250 39 angelägenhet
412 1866 81 20 men
512 1866 189 20 normerna
719 1857 63 29 bör
801 1857 174 29 innefatta
996 1857 110 39 regler
1126 1857 54 30 för
1201 1860 162 37 organets
1386 1859 243 39 uppbyggnad.

141 1910 144 39 Hänsyn
310 1911 64 29 bör
399 1910 117 30 vidare
542 1911 98 38 tagas
667 1910 51 29 till
744 1910 11 29 i
780 1910 119 29 vilken
924 1910 245 39 utsträckning
1195 1910 319 41 fastighetsägarna
1541 1912 89 30 skall

141 1963 138 39 medges
305 1964 70 29 rätt
399 1965 50 28 att
475 1963 112 39 själva
611 1962 171 30 förmedla
806 1962 197 40 hyresledig
1026 1963 135 30 bostad.
1186 1963 228 40 Möjligheten
1438 1965 52 29 till
1516 1965 114 40 någon

142 2016 90 30 form
264 2026 42 20 av
336 2016 299 30 interkommunal
666 2016 356 40 bostadsförmedling
1051 2017 63 29 bör
1145 2016 229 31 undersökas.
1406 2018 137 39 Frågan
1575 2027 56 21 om

142 2069 162 40 offentlig
326 2069 105 40 insyn
453 2069 11 29 i
486 2069 419 39 bostadsförmedlingens
928 2069 224 30 verksamhet
1174 2070 63 30 bör
1260 2070 152 30 utredas.

187 2122 227 31 Beträffande
449 2122 251 39 motiveringen
736 2122 11 29 i
782 2122 112 39 övrigt
931 2122 55 30 får
1020 2123 170 29 utskottet
1227 2123 148 30 hänvisa
1410 2124 51 29 till
1498 2124 132 30 motion

145 2176 44 29 H:
206 2176 73 29 246.

187 2228 176 30 Utskottet
388 2228 64 29 har
478 2227 174 30 inhämtat
676 2228 161 38 yttrande
864 2237 41 20 av
931 2228 324 39 bostadsstyrelsen,
1283 2229 156 30 Svenska
1464 2229 168 30 stadsför-

142 2281 140 34 bundet,
308 2281 156 30 Svenska
487 2280 380 30 landskommunernas
892 2280 162 34 förbund,
1080 2280 221 30 Stockholms
1327 2281 305 40 fastighetsägare-

145 2334 160 39 förening
328 2334 65 29 och
417 2333 293 40 Hyresgästernas
734 2333 239 29 riksförbund.

187 2386 333 40 Bostadsstyrelsen,
540 2395 75 20 som
636 2385 156 30 ansluter
812 2386 51 39 sig
882 2385 51 30 till
953 2386 237 30 motionernas
1211 2386 102 40 syfte,
1333 2386 224 40 ifrågasätter
1576 2397 56 21 om

144 2440 64 30 den
237 2439 198 40 föreslagna
463 2438 231 40 utredningen
721 2439 62 30 bör
810 2439 189 29 ankomma
1026 2439 44 39 på
1098 2439 285 30 statsmakterna.
1412 2440 220 40 Prövningen

145 2503 41 20 av
208 2493 41 31 de
274 2492 131 40 förslag
428 2502 41 21 en
495 2492 186 40 utredning
706 2492 69 30 kan
799 2492 142 30 komma
965 2493 49 30 att
1039 2492 193 40 framlägga
1256 2493 62 30 bör
1341 2492 77 31 icke
1443 2494 190 31 ankomma

147 2558 71 27 1—
233 2554 134 39 Bihang
390 2554 51 29 till
463 2554 203 39 riksdagens
687 2554 176 39 protokoll
886 2554 91 30 1962.
1002 2555 35 29 11
1060 2554 98 30 saml.
1180 2555 49 29 Nr
1249 2554 41 31 37
