1902 2800
515 165 119 30 Andra
660 165 245 39 lagutskottets
931 165 179 29 utlåtande
1135 174 43 19 nr
1201 165 51 28 23.
1587 163 39 29 21

139 244 220 39 jordägaren.
379 245 13 28 I
410 245 42 29 de
470 245 109 29 andra
597 245 213 30 kontrakten
828 245 64 29 har
911 245 108 30 saken
1037 245 174 38 uttryckts
1228 245 45 38 på
1292 244 37 30 så
1347 245 79 32 sätt,
1445 245 51 28 att
1512 243 118 29 veder-

139 289 152 29 börande
311 290 206 29 arrendator
537 291 38 28 är
595 290 137 39 skyldig
751 291 50 28 att
821 290 117 29 utföra
959 290 85 29 visst
1065 290 94 28 antal
1179 288 283 38 kördagsverken
1481 287 35 30 åt
1534 286 95 40 jord-

138 334 138 36 ägaren.
298 334 58 28 Att
375 334 239 38 dagsverkena
636 334 98 29 skola
755 334 169 38 fullgöras
943 334 80 29 med
1043 334 89 33 häst,
1153 342 74 20 som
1247 333 120 29 tillhör
1387 331 240 33 arrendatorn,

140 378 100 38 utgör
259 378 75 29 icke
354 378 125 29 hinder
500 378 53 30 för
573 380 51 28 att
643 378 98 39 fråga
760 379 71 28 kan
849 388 84 19 vara
952 388 57 19 om
1029 380 48 27 ett
1096 377 220 30 arbetsavtal.

183 422 79 29 Men
280 422 118 30 vidare
416 440 44 3 —
478 423 64 29 och
560 423 96 29 detta
675 424 37 28 är
731 423 54 29 för
804 423 315 29 arbetsdomstolen
1137 422 195 39 avgörande
1350 422 12 28 i
1381 421 106 29 målet
1504 439 44 2 —
1565 420 64 29 har

137 475 83 20 man
245 468 50 28 att
319 467 127 29 beakta
470 467 192 30 innehållet
687 467 11 29 i
722 467 41 30 de
788 468 64 28 här
875 467 208 39 tillämpliga
1108 466 318 34 kollektivavtalen,
1451 464 176 40 nämligen

137 511 208 30 löneavtalet
371 511 324 34 (»>arbetsavtalet»)
722 512 66 29 den
809 512 19 29 9
849 512 142 38 januari
1015 511 81 30 1946
1118 512 65 28 och
1202 510 206 30 ramavtalet
1430 519 42 20 av
1493 517 134 22 samma

138 555 76 38 dag.
238 555 389 40 Arbetsgivarparterna
650 556 12 29 i
685 556 100 29 dessa
809 557 93 28 avtal
925 556 46 29 ha
994 556 75 29 icke
1093 556 136 29 kunnat
1253 555 117 39 undgå
1393 556 51 28 att
1467 557 87 31 veta,
1577 555 51 28 att

137 600 41 28 de
205 600 266 39 ifrågavarande
495 602 52 28 tre
573 600 292 30 arrendatorerna
889 600 84 30 eller
998 601 11 28 i
1033 600 97 39 varje
1155 600 61 29 fall
1244 599 244 30 arrendatorer
1511 599 11 29 i
1547 607 81 20 ena-

136 644 117 29 handa
271 644 166 39 ställning
454 654 83 20 voro
553 645 229 29 medlemmar
800 654 42 20 av
859 645 42 29 de
919 644 426 39 arbetarorganisationer,
1363 643 80 30 med
1460 643 93 29 vilka
1570 651 57 21 av-

136 688 94 29 talen
246 689 239 39 upprättades.
504 689 12 29 I
534 689 209 29 löneavtalet
759 689 64 29 har
838 689 59 29 vid
915 689 99 29 sidan
1031 698 42 20 av
1088 688 112 40 priser
1216 688 54 30 för
1288 690 48 28 ett
1353 687 117 30 flertal
1487 686 139 40 typiska

138 732 248 39 skogsarbeten
407 733 112 39 priser
541 734 87 29 även
651 734 177 38 upptagits
850 733 55 30 för
929 733 255 39 skogskörning
1205 732 79 30 med
1305 740 88 31 egna
1414 732 130 33 hästar,
1566 731 62 30 vil-

136 777 60 29 ket
214 777 111 39 syftar
342 777 45 39 på
404 778 262 29 arrendatorers
684 777 374 30 arbetsförhållanden.
1076 777 78 29 Med
1171 778 138 38 hänsyn
1326 776 52 30 till
1398 778 50 28 att
1465 775 163 30 arrenda-

136 824 93 27 torer
255 821 147 30 sålunda
426 822 183 29 inordnats
633 822 111 29 under
768 822 210 29 löneavtalet
1002 822 89 29 lärer
1115 821 114 38 någon
1254 821 127 30 tvekan
1405 821 77 29 icke
1505 821 122 28 kunna

135 866 85 29 råda
239 875 58 20 om
316 868 51 28 att
386 866 42 30 de
449 866 103 30 flesta
571 876 42 20 av
633 867 41 29 de
694 867 264 29 bestämmelser
977 866 12 30 i
1007 866 215 33 ramavtalet,
1244 866 93 29 vilka
1357 866 122 28 kunna
1498 864 128 30 tilläm-

134 919 63 30 pas
224 910 45 39 på
296 919 42 21 en
366 911 245 39 arbetstagare,
642 920 74 20 som
745 911 90 39 själv
861 911 112 38 väljer
1002 911 52 29 sin
1082 910 168 30 arbetstid
1277 910 64 30 och
1370 909 96 30 utför
1493 909 132 30 arbetet

136 954 110 30 under
272 955 131 29 sådana
428 955 256 34 förhållanden,
709 957 50 28 att
783 955 57 30 det
865 955 31 39 ej
925 956 71 28 kan
1019 964 102 20 anses
1146 955 197 29 tillkomma
1367 953 259 39 arbetsgivaren

136 1001 50 27 att
205 999 89 29 vaka
312 1000 81 29 över
412 999 151 30 arbetets
582 999 236 34 anordnande,
838 1001 61 28 äro
918 999 149 30 avsedda
1087 1001 50 28 att
1156 999 90 38 gälla
1264 999 106 29 också
1389 998 56 30 för
1463 998 163 30 arrenda-

134 1045 102 32 torer,
257 1044 94 29 vilka
371 1044 118 29 utföra
511 1044 296 39 skogskörningar
826 1044 81 29 med
928 1051 87 32 egna
1034 1044 131 29 hästar.
1185 1043 112 39 Fråga
1318 1044 38 29 är
1375 1043 55 34 då,
1452 1052 57 20 om
1530 1042 94 29 detta

134 1087 106 30 också
265 1088 88 29 skall
377 1097 83 20 vara
485 1089 96 29 fallet
605 1088 221 30 beträffande
850 1088 225 30 ramavtalets
1099 1087 243 30 bestämmelse
1367 1096 57 21 om
1449 1088 175 28 semester.

131 1132 117 39 Enligt
264 1132 333 30 arbetsdomstolens
614 1132 142 40 mening
772 1133 112 29 måste
900 1133 58 30 det
976 1133 189 29 ankomma
1181 1132 45 39 på
1242 1132 381 39 arbetsgivarparterna

168 1194 8 2 -
197 1177 94 29 vilka
314 1176 119 30 funnit
456 1177 49 39 sig
528 1178 11 28 i
561 1179 51 28 att
633 1177 244 30 arrendatorer
899 1177 142 39 jämlikt
1061 1176 308 30 kollektivavtalen
1391 1176 11 30 i
1424 1176 93 30 vissa
1538 1175 86 30 hän-

135 1221 149 29 seenden
310 1221 167 30 likställts
502 1221 78 30 med
607 1222 235 39 arbetstagare
867 1240 45 2 —
936 1223 51 28 att
1011 1222 74 29 visa
1110 1223 50 28 att
1188 1219 437 31 semesterbestämmelsen

132 1265 76 29 icke
231 1265 89 30 varit
344 1266 129 29 avsedd
497 1268 49 27 att
569 1266 178 39 tillämpas
770 1266 44 39 på
837 1266 91 29 dem.
953 1266 102 29 Detta
1077 1266 45 29 ha
1145 1265 381 39 arbetsgivarparterna
1548 1263 77 31 icke

133 1309 145 30 förmått
303 1311 92 38 göra,
422 1311 65 29 och
513 1311 315 29 arbetsdomstolen
853 1310 118 30 finner
997 1310 112 34 alltså,
1135 1312 50 28 att
1211 1310 42 30 de
1279 1312 52 27 tre
1356 1308 267 40 ifrågavarande

132 1354 292 30 arrendatorerna
447 1355 9 29 i
479 1355 136 39 princip
639 1356 60 28 äro
722 1355 213 39 berättigade
958 1355 53 29 till
1034 1356 165 28 semester
1221 1354 108 39 enligt
1351 1354 67 30 den
1441 1353 183 30 kollektiv-

132 1398 330 40 avlalsuppgörelse,
486 1409 73 20 som
581 1400 83 29 kom
687 1399 51 29 till
761 1399 102 29 stånd
885 1399 67 29 den
975 1399 19 29 9
1016 1399 141 38 januari
1180 1398 93 30 1946.

177 1442 125 30 Härtill
326 1444 38 28 är
385 1443 89 29 dock
497 1446 50 27 att
568 1443 81 39 foga
671 1452 43 21 en
735 1443 108 39 viktig
865 1443 224 29 reservation.
1112 1443 141 39 Bolaget
1275 1442 72 30 står
1369 1442 11 29 i
1401 1441 222 30 rättsförhål-

132 1487 102 29 lande
256 1487 124 30 endast
401 1487 52 29 till
476 1488 291 29 arrendatorerna
788 1496 81 20 men
890 1487 77 30 icke
989 1487 51 29 till
1062 1487 42 29 de
1125 1495 176 31 personer,
1325 1495 75 21 som
1422 1485 202 30 arrendato-

131 1540 102 21 rerna
255 1531 124 30 anlitat
401 1531 116 30 såsom
538 1531 252 39 medhjälpare.
812 1532 79 29 Med
913 1532 137 38 hänsyn
1071 1531 119 29 härtill
1211 1531 71 29 kan
1304 1530 319 30 semesterbestäm-

130 1576 132 29 melsen
286 1576 76 29 icke
384 1576 182 39 uppfattas
590 1576 115 29 såsom
730 1576 169 29 avseende
922 1575 131 39 jämväl
1076 1575 102 30 dessa
1199 1584 166 30 personer
1390 1576 85 28 utan
1498 1574 124 30 endast

131 1620 292 29 arrendatorerna
445 1620 110 39 själva
576 1620 10 29 i
606 1620 68 30 den
694 1620 83 29 mån
797 1620 41 29 de
858 1620 145 38 deltagit
1022 1620 11 29 i
1054 1620 248 38 skogsarbetet.

175 1664 47 29 På
240 1664 113 38 grund
371 1673 42 21 av
429 1665 67 29 vad
514 1664 148 30 sålunda
680 1664 135 30 anförts
832 1665 127 38 prövar
977 1664 313 29 arbetsdomstolen
1309 1663 140 30 rättvist
1466 1662 155 31 förklara

130 1709 292 29 arrendatorerna
439 1709 213 39 principiellt
669 1709 214 39 berättigade
902 1710 50 28 att
976 1709 5 28 i
998 1709 67 29 den
1082 1708 84 29 mån
1183 1708 41 30 de
1243 1708 112 39 själva
1373 1707 112 30 utfört
1503 1707 119 39 skogs-

130 1752 191 39 körningar
341 1753 35 29 åt
394 1753 137 39 bolaget
550 1753 257 39 tillgodoräkna
828 1753 50 38 sig
898 1753 95 29 detta
1012 1753 115 29 arbete
1149 1752 54 30 för
1221 1753 69 29 rätt
1310 1752 53 29 till
1384 1752 237 30 semesterlön.

170 1823 84 38 Nytt
274 1824 177 29 Juridiskt
472 1824 109 30 Arkiv
601 1824 41 29 år
664 1824 83 29 1948
769 1834 26 19 s.
818 1824 74 29 381.
916 1824 131 38 Högsta
1068 1824 197 29 domstolen
1286 1824 64 28 har
1372 1823 11 29 i
1405 1823 106 30 målet
1533 1822 86 40 tagit

127 1867 166 39 ställning
316 1868 51 28 till
391 1868 135 38 frågan,
548 1868 176 29 huruvida
746 1869 239 28 semesterrätt
1008 1867 194 30 tillkomme
1226 1877 42 20 en
1292 1868 206 29 arrendator
1525 1867 93 32 (icke

126 1911 150 30 medlem
300 1921 41 20 av
364 1912 262 39 fackförening)
655 1921 42 20 av
719 1912 135 29 mindre
878 1912 370 38 jordbruksfastighet,
1272 1912 118 29 vilken
1413 1911 206 30 arrendator

126 1956 162 38 utgjorde
313 1956 147 29 arrende
486 1964 124 30 genom
635 1958 51 28 att
710 1958 72 27 mot
807 1956 179 39 betalning
1011 1956 88 29 efter
1124 1956 173 29 särskilda
1323 1956 153 39 grunder
1500 1955 118 30 utföra

126 1999 150 39 körning
296 2000 35 29 åt
351 2000 211 38 jordägaren
588 2000 65 30 (ett
675 2000 270 39 fabriksbolag).

174 2044 252 29 Häradsrätten
513 2054 79 20 vars
615 2045 81 29 dom
720 2045 215 29 fastställdes
957 2054 43 20 av
1021 2045 123 38 högsta
1165 2044 197 30 domstolen
1385 2062 44 3 —
1450 2043 137 40 yttrade
1609 2044 11 28 i

128 2088 126 29 domen
276 2089 104 28 bland
404 2091 117 30 annat,
544 2091 50 27 att
616 2089 230 29 arrendatorn
868 2089 108 38 enligt
999 2089 57 29 det
1075 2089 178 33 kontrakt,
1278 2098 73 20 som
1374 2088 112 39 gällde
1508 2087 112 30 under

129 2132 110 29 första
258 2133 99 28 delen
378 2142 41 19 av
439 2133 65 29 den
525 2133 49 29 tid
594 2142 120 20 varom
736 2134 8 28 i
764 2133 106 29 målet
890 2142 80 20 vore
991 2133 107 38 fråga,
1118 2133 89 29 varit
1227 2133 136 38 skyldig
1383 2134 51 28 att
1454 2133 54 28 för
1526 2132 94 29 bola-

128 2178 55 36 get
204 2177 116 28 utföra
342 2177 55 28 det
420 2178 115 28 arbele
557 2178 63 28 och
644 2177 41 29 de
705 2177 137 29 körslor
863 2177 116 29 vartill
1002 2177 68 29 han
1091 2177 156 29 budades
1267 2177 64 29 och
1354 2177 71 29 fick
1447 2177 31 38 ej
1501 2176 117 29 utföra

127 2220 116 29 arbete
269 2220 54 29 för
348 2221 221 28 främmande
594 2230 166 28 personer
784 2222 85 28 utan
893 2221 155 38 bolagets
1072 2221 168 32 tillstånd,
1266 2221 127 29 medan
1418 2221 70 28 han
1512 2219 107 39 enligt

128 2264 56 28 det
203 2264 177 33 kontrakt,
401 2274 72 19 som
494 2265 153 28 därefter
665 2265 93 37 gällt,
777 2265 113 29 skulle
908 2265 10 28 i
936 2265 110 29 första
1065 2265 94 28 hand
1178 2264 197 38 ombesörja
1395 2264 149 38 körning
1564 2263 55 29 för

127 2308 154 37 bolagets
306 2308 160 38 räkning,
494 2309 121 28 därvid
645 2309 105 28 minst
776 2309 62 28 200
865 2309 282 37 kördagsverken
1174 2308 112 29 skulle
1314 2308 135 29 utföras
1476 2307 142 38 årligen.

154 2369 6 2 =
193 2351 235 29 Arrendatorn
456 2353 115 27 kunde
596 2352 73 28 icke
693 2362 19 19 a
735 2352 160 29 bostället
918 2352 131 29 erhålla
1075 2353 52 28 sin
1151 2352 255 38 huvudsakliga
1431 2351 185 39 bärgning;

129 2396 75 28 med
226 2395 217 39 upplåtelsen
466 2396 85 29 hade
572 2396 150 38 asyftats
742 2398 48 27 att
810 2396 216 29 tillförsäkra
1047 2396 136 38 bolaget
1202 2395 267 39 stadigvarande
1489 2395 130 29 arbets-

128 2440 94 28 kraft
242 2440 52 28 för
313 2440 147 28 körstor.
488 2440 227 28 Arrendatorn
737 2440 85 28 hade
839 2440 90 29 varit
947 2440 180 38 sysselsatt
1147 2440 52 29 för
1217 2440 153 37 bolagets
1388 2439 150 39 räkning
1555 2448 64 20 un-

127 2484 61 28 der
204 2484 162 37 omkring
385 2484 55 28 två
459 2484 208 38 tredjedelar
684 2494 40 18 av
741 2484 92 29 årets
850 2484 224 38 arbetsdagar
1091 2484 64 29 och
1174 2484 86 29 hade
1279 2484 89 38 själv
1384 2484 111 29 utfört
1513 2484 105 28 samt-
