1904 2848
319 170 41 31 68
652 169 398 33 Jordbruksutskottets
1075 168 188 31 utlåtande
1285 168 53 32 Nr
1362 169 51 30 91.

274 248 204 37 befattning
503 248 44 36 (B
568 247 44 37 4).
654 248 134 32 Vidare
811 248 113 31 skulle
944 249 21 30 å
988 248 274 36 övergångsstat
1283 248 178 35 upptagas
1483 248 64 30 två
1568 246 207 37 byrådirek-

274 301 96 31 törer
391 301 65 31 och
481 300 85 36 fyra
588 300 329 31 statskonsulenter.
957 300 55 30 Då
1035 299 113 36 enligt
1171 298 193 33 utskottets
1387 298 136 37 förslag
1547 297 228 32 stuteriöver-

274 351 176 38 styrelsen
465 351 116 33 skulle
598 351 197 32 bibehållas
811 352 91 31 samt
917 351 128 31 vidare
1062 361 44 21 en
1122 361 47 20 av
1185 350 282 36 ifrågavarande
1485 349 291 37 byrådirektörer

275 404 113 31 skulle
413 404 174 36 uppföras
613 404 21 30 å
660 402 384 37 lantbruksstyrelsens
1068 402 180 32 ordinarie
1277 402 81 35 stat,
1385 402 66 30 och
1477 400 216 37 avlöningar
1718 400 57 31 till

275 454 321 33 statskonsulenter
615 454 77 31 icke
713 454 113 31 skulle
846 455 88 35 utgå
954 464 45 21 av
1019 454 163 35 anslaget
1202 453 57 31 till
1280 452 375 37 lantbruksstyrelsen,
1675 453 103 30 torde

276 507 68 31 den
363 506 182 32 ordinarie
566 508 117 30 staten
703 506 124 31 kunna
847 505 176 32 beräknas
1044 505 56 31 till
1120 505 128 35 170,000
1268 505 131 30 kronor
1419 504 67 31 och
1505 505 270 35 övergångssta-

275 559 60 30 ten
357 558 57 31 till
436 558 90 36 9,500
548 557 86 32 eller
654 557 152 36 tillhopa
828 557 128 35 179,500
977 557 140 31 kronor.

315 610 237 31 Beträffande
574 610 68 31 den
662 610 13 30 i
696 608 265 37 propositionen
983 609 187 35 upptagna
1190 608 271 36 anslagsposten
1483 607 58 31 till
1562 607 215 36 avlöningar

275 661 58 32 till
351 660 273 33 icke-ordinarie
643 660 358 36 befattningshavare
1021 669 44 22 m.
1085 670 43 21 m.
1148 659 150 32 innebär
1317 659 194 31 utskottets
1529 658 135 37 förslag
1686 659 90 31 först

275 713 112 31 sådan
411 708 155 40 ändring
589 712 12 31 i
622 711 135 37 Kungl.
779 711 127 37 Maj:ts
929 711 137 36 förslag
1086 712 54 30 att
1163 720 44 21 en
1228 710 275 32 icke-ordinarie
1525 709 252 38 byrådirektör

275 763 12 31 1
311 764 218 36 lönegraden
554 764 29 31 B
608 764 38 30 26
670 763 115 32 skulle
810 763 146 36 utbytas
980 763 74 30 mot
1078 772 44 21 en
1147 761 275 32 icke-ordinarie
1447 762 172 36 byråchef
1645 762 12 30 i
1683 761 93 31 löne-

277 816 135 36 graden
455 815 30 30 B
530 815 48 36 30,
621 815 252 31 motsvarande
916 824 44 21 en
993 813 281 37 anslagsökning
1299 823 45 21 av
1368 813 13 31 i
1406 813 182 31 avrundat
1611 813 52 31 tal
1687 813 91 35 2,000

276 867 139 31 kronor.
456 867 19 31 I
497 876 136 22 samma
656 866 225 37 anslagspost
903 866 106 36 ingår
1032 867 50 30 ett
1104 866 124 36 belopp
1252 876 46 20 av
1320 865 89 36 2,200
1430 865 132 31 kronor
1585 865 56 30 för
1663 863 113 32 inkal-

275 918 105 32 lande
403 918 58 31 till
485 918 303 36 överläggningar
810 917 96 32 inom
928 917 175 37 styrelsen
1127 927 46 21 av
1193 916 229 37 sakkunniga
1444 925 168 27 personer
1636 916 12 31 i
1673 916 105 35 fråga

276 980 57 22 om
358 970 100 32 såväl
485 970 202 31 lantbruks-
714 979 75 22 som
815 969 351 31 hästavelsområdet.
1213 968 183 32 Utskottet
1422 977 107 22 anser
1556 968 56 31 för
1637 967 56 31 sin
1721 966 56 32 del

277 1021 59 32 det
355 1031 92 21 vara
468 1032 48 20 av
538 1022 73 31 stor
634 1021 89 36 vikt,
746 1021 54 31 att
821 1020 366 36 lantbruksstyrelsen
1207 1020 13 31 i
1243 1019 214 37 erforderlig
1481 1018 221 37 omfattning
1722 1018 55 31 be-

276 1073 101 32 redes
403 1072 189 37 möjlighet
619 1072 135 31 härtill.
797 1072 55 31 Då
879 1071 199 32 emellertid
1105 1071 58 32 det
1191 1081 47 21 av
1264 1071 134 36 Kungl.
1427 1070 111 37 Maj:t
1566 1070 55 32 för
1648 1070 129 31 sådant

277 1124 168 32 ändamål
471 1124 202 32 beräknade
699 1123 162 37 beloppet
888 1133 105 26 synes
1018 1123 175 31 utskottet
1214 1123 62 31 väl
1301 1122 148 37 knappt,
1474 1121 67 32 vill
1567 1121 173 32 utskottet
1765 1120 13 30 i

276 1175 74 32 viss
367 1175 210 36 anslutning
595 1175 57 31 till
670 1175 59 31 det
753 1175 5 31 i
773 1174 223 32 motionerna
1013 1174 31 31 I:
1059 1174 57 31 305
1133 1174 64 31 och
1214 1174 53 31 II:
1282 1174 58 30 475
1358 1172 230 32 framställda
1606 1173 172 35 förslaget

277 1227 13 30 i
307 1227 236 32 förevarande
561 1227 173 31 avseende
752 1226 145 31 förorda
912 1236 44 20 en
973 1225 151 36 höjning
1142 1235 45 21 av
1204 1225 283 36 ifrågavarande
1505 1223 274 37 anslagsbelopp

277 1278 57 32 till
359 1279 87 36 5,000
468 1279 141 30 kronor.
653 1278 54 31 Då
732 1277 125 32 vidare
881 1277 13 31 i
919 1287 47 21 av
990 1277 134 36 Kungl.
1150 1275 110 37 Maj:t
1286 1276 57 31 för
1366 1275 215 37 avlöningar
1606 1275 57 31 till
1688 1275 90 32 icke-

277 1330 180 32 ordinarie
480 1329 359 36 befattningshavare
861 1328 203 32 beräknade
1088 1327 238 36 erforderliga
1347 1327 153 36 utgifter
1523 1327 106 36 ingår
1651 1328 51 30 ett
1723 1327 55 31 be-

277 1382 82 37 lopp
384 1383 21 30 å
427 1382 90 35 4,000
539 1381 129 31 kronor
695 1380 56 31 för
775 1381 101 30 extra
899 1379 260 36 biträdeshjälp
1184 1379 21 31 å
1230 1379 67 31 den
1323 1389 46 20 av
1392 1379 135 37 Kungl.
1553 1378 110 37 Maj:t
1689 1379 89 31 före-

278 1435 127 35 slagna
427 1433 258 36 stuteribyrån,
707 1432 101 31 torde
830 1441 48 21 nu
900 1430 284 37 ifrågavarande
1206 1430 226 37 anslagspost
1454 1429 88 32 böra
1563 1430 215 31 bestämmas

278 1486 58 31 till
359 1484 121 38 (88,700
493 1484 37 36 +
543 1483 238 38 4,800
652 1478 21 48 —
691 1483 90 38 4,000
794 1482 50 36 =)
868 1483 108 36 89,500
998 1482 141 31 kronor.

318 1537 18 31 I
361 1536 159 37 enlighet
543 1536 81 32 med
647 1535 73 32 vad
743 1535 172 31 utskottet
939 1534 67 31 här
1032 1543 92 22 ovan
1147 1533 123 31 anfört
1294 1532 114 32 skulle
1434 1533 57 32 för
1515 1532 263 37 lantbrukssty-

278 1589 115 31 relsen
419 1587 199 32 fastställas
647 1586 159 37 följande
830 1586 112 30 stater
966 1586 56 30 att
1049 1585 182 36 tillämpas
1259 1585 83 30 från
1368 1585 65 31 och
1460 1585 81 31 med
1567 1585 211 36 budgetåret

279 1639 180 37 1933/1934.

887 1725 183 32 Ordinarie
1092 1728 81 29 stat.

279 1787 227 37 Avlöningar
523 1788 58 30 till
600 1787 180 32 ordinarie
800 1787 227 36 tjänstemän,
1049 1785 281 37 förslagsanslag
1355 1809 106 7 ......
1489 1785 131 31 kronor
1642 1784 128 36 170,000

278 1839 227 37 Avlöningar
525 1840 58 30 till
604 1838 274 32 icke-ordinarie
897 1838 359 36 befattningshavare
1278 1847 44 21 m.
1343 1847 55 26 m.,
1421 1837 69 30 för-

318 1891 224 37 slagsansläg
600 1912 862 9 .........ssssooccssterseresarrr
1196 1886 53 46 rer
1259 1886 30 46 er
1300 1886 29 46 rr
1340 1886 87 46 srt
1432 1886 32 46 ss
1554 1899 14 17 >
1661 1887 110 36 89,500

1323 1958 146 31 Summa
1489 1957 133 31 kronor
1642 1957 129 36 259,500

279 2098 192 38 Avlöning,
491 2098 282 37 förslagsanslaZ
797 2120 705 9 .............s.ssesesrs.sesrroree>riarrs
1529 2096 131 30 kronor
1682 2095 96 35 9,500.

319 2150 212 37 Utgifterna
552 2150 55 31 för
627 2149 366 36 lantbruksstyrelsen
1014 2149 90 31 efter
1124 2147 351 37 omorganisationen
1495 2147 114 31 skulle
1629 2146 151 32 sålunda

280 2204 121 35 uppgå
425 2202 58 32 till
508 2201 189 36 (259,500
664 2194 35 49 --
711 2201 88 36 9,500
812 2200 50 36 =)
888 2201 130 36 269,000
1042 2201 139 35 kronor,
1206 2200 82 31 med
1309 2199 115 32 vilket
1448 2199 125 36 belopp
1600 2198 180 32 ordinarie

281 2253 320 37 förslagsanslaget
624 2254 57 30 till
703 2251 367 37 lantbruksstyrelsen
1093 2252 151 31 sålunda
1266 2251 100 31 torde
1390 2251 87 31 böra
1499 2250 181 37 uppföras.

323 2306 18 31 I
360 2305 268 37 propositionen
647 2305 66 31 har
738 2304 78 35 (sid.
833 2303 51 35 55)
905 2321 41 6 —
962 2322 42 4 —
1019 2322 41 4 —
1079 2305 21 29 å
1119 2303 109 36 44,000
1248 2303 131 30 kronor
1402 2301 78 36 (sid.
1502 2300 63 36 56).

320 2357 126 37 Enligt
467 2356 266 37 propositionen
752 2358 40 28 är
812 2374 40 4 —
870 2374 40 4 —
928 2374 41 4 —
989 2355 113 31 under
1124 2354 98 32 tiden
1244 2365 45 20 av
1312 2354 385 36 lantbruksstyrelsens
1718 2363 62 21 nu-

280 2410 159 31 varande
460 2408 255 37 organisation.
