1912 2854
327 162 39 28 12
653 163 392 34 Jordbruksutskottets
1071 166 184 32 utlåtande
1278 169 52 31 Nr
1359 169 50 30 91.

283 237 112 37 enligt
423 238 168 32 därförut
619 239 207 38 tillämpade
856 241 221 39 härordning
1107 244 221 33 beräknades
1355 247 56 30 till
1440 248 116 35 11,132,
1585 248 199 32 bestämdes

283 279 127 33 därvid
437 282 56 30 till
521 281 152 33 allenast
701 283 96 35 4,460.
844 283 196 39 Samtidigt
1065 287 204 33 minskades
1295 289 59 31 det
1379 290 139 36 årligen
1545 291 238 37 erforderliga

284 324 277 32 remontantalet
586 325 82 31 från
693 326 86 36 1,051
805 328 57 30 till
886 328 125 32 endast
1034 329 69 33 402.
1150 329 125 33 Denna
1299 332 123 31 starka
1445 333 208 38 minskning
1679 335 12 31 i
1716 335 66 31 den

283 366 160 32 militära
470 367 294 38 hästhållningen
791 380 84 22 vore
902 370 155 37 givetvis
1085 374 119 35 ägnad
1232 376 54 30 att
1314 375 164 37 förringa
1505 376 206 38 betydelsen
1737 389 46 20 av

284 409 98 32 förut
408 410 152 32 berörda
586 412 224 37 invändning
840 416 72 29 mot
939 415 328 34 stuteriärendenas
1294 418 220 37 inflyttande
1542 420 11 30 i
1581 420 202 33 lantbruks-

283 453 184 36 styrelsen.

322 493 128 34 Därest
473 497 199 33 emellertid
695 499 267 33 arméintresset
984 502 77 31 icke
1086 502 114 32 skulle
1223 513 103 22 anses
1348 505 79 30 med
1450 505 68 31 den
1540 516 48 21 nu
1613 507 169 37 föreslag-

282 549 47 20 na
356 540 292 35 organisationen
677 541 215 39 tillräckligt
921 543 230 39 tillgodosett,
1180 548 121 34 syntes
1329 547 105 32 detta.
1463 549 117 31 såsom
1608 551 174 30 statskon-

284 583 91 30 toret
403 583 212 38 framhållit,
643 584 121 32 kunna
791 586 192 37 avhjälpas
1009 596 128 28 genom
1163 590 53 30 att
1242 600 43 20 en
1312 593 248 34 representant
1587 592 56 31 för
1672 594 111 36 sagda

281 623 150 34 intresse
450 626 170 33 bereddes
640 627 144 33 tillfälle
805 631 54 30 att
879 629 143 38 deltaga
1041 632 63 31 vid
1123 632 319 38 handläggningen
1463 635 97 30 inom
1581 635 203 33 lantbruks-

282 668 175 36 styrelsen
482 680 46 20 av
551 670 97 32 vissa
672 672 142 37 viktiga
837 673 295 32 stuteriärenden.

320 744 284 34 Vidkommande
640 748 65 30 den
740 749 135 37 ökning
898 750 11 30 i
935 750 144 32 chefens
1104 752 56 30 för
1184 752 368 38 lantbruksstyrelsen
1575 755 209 37 arbetsupp-

282 796 120 37 gifter,
430 808 75 20 som
532 798 117 31 kunde
679 799 97 32 bliva
803 810 43 21 en
876 801 90 36 följd
994 812 46 21 av
1070 803 329 33 stuteriärendenas
1425 806 266 38 överflyttning
1720 808 61 31 dit.

280 847 67 31 har
367 848 433 40 jordbruksutredningen
825 852 201 32 framhållit
1048 853 110 32 bland
1180 857 120 32 annat,
1324 858 53 28 att
1397 856 75 31 dels
1496 858 10 29 i
1533 858 96 30 vissa
1654 858 66 31 fall
1741 858 41 31 de

280 900 87 29 utav
401 900 239 37 utredningen
673 902 205 37 föreslagna
913 904 306 37 förändringarna
1254 907 11 29 i
1304 907 105 37 fråga
1441 918 57 20 om
1519 908 262 38 lantbrukssty-

280 949 132 32 relsens
440 951 307 38 arbetsuppgifter
775 964 83 21 vore
886 955 137 36 ägnade
1051 957 54 30 att
1130 956 129 32 bereda
1286 957 140 32 lättnad
1454 959 56 30 för
1537 960 244 35 verkschefen,

281 1000 74 32 dels
372 1003 62 29 ock
454 1004 53 29 att
527 1003 66 30 den
613 1003 152 37 vidgade
787 1006 245 35 organisation
1053 1017 47 20 av
1119 1008 132 32 verket.
1274 1019 75 20 som
1368 1020 45 19 av
1431 1010 240 36 utredningen
1692 1011 84 31 före-

280 1052 124 37 sloges,
426 1054 10 29 i
458 1054 55 35 sig
535 1065 84 20 vore
640 1056 118 36 ägnad
777 1058 54 29 att
852 1058 110 30 verka
982 1058 12 30 i
1015 1068 137 21 samma
1173 1059 172 38 riktning.

319 1103 237 33 Beträffande
586 1106 96 31 vissa
707 1106 169 32 befarade
903 1109 226 37 svårigheter
1156 1112 53 29 att
1234 1111 138 31 erhålla
1400 1122 42 20 en
1471 1112 55 31 för
1556 1113 226 37 chefsskapet

281 1155 56 30 för
361 1156 247 37 stuteribyrån
628 1157 240 33 kvalificerad
890 1170 127 25 person
1039 1161 67 30 har
1129 1161 58 31 det
1208 1162 77 31 icke
1307 1165 101 34 synts
1429 1164 240 36 utredningen
1693 1165 91 31 före-

279 1204 100 38 ligga
401 1207 195 38 anledning
620 1210 141 36 antaga,
785 1212 54 29 att
866 1211 56 31 det
946 1211 114 31 skulle
1085 1222 89 21 vara
1197 1213 141 31 förenat
1360 1214 79 31 med
1462 1216 114 30 större
1599 1216 183 36 svårighe-

280 1258 54 30 ter
359 1260 52 30 att
434 1259 140 31 erhålla
595 1259 149 38 lämplig
768 1262 64 30 och
855 1261 239 33 kvalificerad
1117 1264 101 30 kraft
1240 1264 11 30 i
1277 1264 106 37 fråga
1404 1275 57 21 om
1485 1265 117 32 denna
1623 1269 89 34 post,
1735 1270 44 28 än

278 1310 67 29 när
370 1309 57 31 det
452 1310 118 35 gällde
598 1311 184 37 åtskilliga
808 1313 113 30 andra
948 1315 119 34 poster
1093 1315 11 29 i
1131 1314 202 36 jämförbar
1357 1316 173 37 ställning
1556 1318 96 30 inom
1677 1320 103 30 stats-

279 1360 279 37 förvaltningen.

319 1427 362 39 Lantbrukstyrelsen
700 1432 66 30 har
785 1435 118 28 ansett
920 1434 52 30 att
994 1434 180 30 ärendena
1192 1435 183 36 angående
1394 1436 187 31 hästaveln
1599 1438 45 34 på
1664 1437 117 37 grund

278 1483 45 20 av
346 1474 56 30 sin
423 1476 110 29 natur
555 1477 160 29 närmast
738 1477 122 34 syntes
881 1477 87 30 höra
987 1477 142 30 hemma
1152 1478 12 30 i
1185 1477 377 38 lantbruksstyrelsen.
1595 1480 76 30 Den
1693 1481 86 30 kall-

278 1514 144 38 blodiga
468 1517 105 31 aveln
599 1517 165 36 utgjorde
792 1528 43 21 en
861 1519 116 37 viktig
1007 1520 263 37 förutsättning
1298 1521 56 31 för
1379 1523 64 30 och
1468 1523 51 30 ett
1544 1523 56 30 led
1625 1523 12 30 i
1663 1523 118 36 själva

277 1558 332 35 Jordbruksdriften
655 1561 62 31 och
766 1562 313 31 varmblodsaveln
1115 1574 84 20 vore
1234 1566 53 29 att
1323 1565 165 31 betrakta
1523 1571 116 25 såsom
1663 1576 42 21 en
1731 1567 49 31 bi-

278 1602 129 35 näring
436 1602 56 32 till
520 1603 220 35 jordbruket.
793 1603 218 34 Hästavelns
1037 1607 157 31 existens
1221 1608 64 30 och
1315 1608 207 36 utveckling
1552 1619 83 21 vore
1663 1609 118 32 direkt

278 1643 171 33 beroende
493 1655 46 20 av
573 1646 252 32 lantmannens
847 1648 149 32 intresse
1019 1650 137 30 härför.
1199 1650 50 31 De
1273 1651 166 36 metoder,
1463 1661 74 21 som
1561 1652 138 31 komme
1725 1653 55 31 till

277 1688 234 38 användning
543 1689 97 32 inom
668 1690 198 38 hästaveln,
894 1702 83 21 vore
1004 1693 12 30 i
1045 1694 91 30 stort
1167 1694 68 30 sett
1263 1693 180 32 desamma
1470 1705 76 21 som
1575 1695 97 32 inom
1700 1697 79 30 hus-

278 1730 208 36 djursaveln
513 1733 12 30 i
553 1733 130 37 övrigt.
732 1734 67 31 Det
825 1734 117 32 kunde
970 1735 62 31 vid
1058 1736 160 36 angivna
1245 1737 252 32 förhållanden
1523 1748 109 27 synas
1658 1741 124 29 natur-

277 1773 77 37 ligt,
399 1776 52 29 att
495 1775 181 32 ärendena
700 1777 184 36 angående
907 1778 188 31 hästaveln
1119 1780 12 29 i
1158 1779 287 33 administrativt
1468 1781 199 32 hänseende
1690 1792 88 21 sam-

277 1817 205 32 manfördes
509 1819 80 31 med
617 1817 462 41 lantbruksförvaltningen
1110 1823 12 29 i
1149 1823 129 36 övrigt.
1328 1822 158 33 Orsaken
1514 1825 57 30 till
1599 1826 54 30 att
1680 1827 39 29 så
1745 1826 34 36 ej

277 1860 110 32 redan
411 1862 93 31 skett
527 1862 100 31 torde
650 1862 287 38 huvudsakligen
958 1875 90 20 vara
1070 1867 54 29 att
1149 1866 86 30 söka
1257 1866 11 30 i
1290 1867 319 32 stuteriväsendets
1633 1869 147 36 uppgift

276 1905 55 29 att
354 1904 214 32 säkerställa
592 1906 141 31 arméns
755 1906 115 31 behov
895 1918 45 20 av
962 1907 176 37 lämpliga
1162 1909 132 31 hästar.
1339 1909 125 32 Denna
1487 1912 185 36 synpunkt
1699 1922 80 26 syn-

277 1947 52 30 tes
353 1946 87 32 dock
463 1957 151 22 numera
637 1948 179 37 knappast
837 1950 87 31 böra
948 1950 175 32 tillmätas
1149 1952 204 36 avgörande
1376 1953 180 37 betydelse
1579 1954 62 31 vid
1664 1955 115 31 denna

277 1988 124 37 frågas
427 1989 228 34 bedömande.
684 1994 86 29 enär
800 1993 210 36 härigenom
1036 1994 111 31 bland
1174 1997 111 29 annat
1311 1996 389 38 jordbruksnäringens
1728 1998 51 30 in-

277 2033 135 30 tressen
436 2034 56 30 för
514 2034 317 32 åstadkommande
854 2046 47 21 av
923 2038 49 29 ett
995 2037 161 36 speciellt
1179 2038 55 31 för
1257 2039 211 36 jordbruket
1493 2040 168 37 lämpligt
1684 2041 94 31 häst-

276 2076 166 31 material
458 2077 119 31 kunde
599 2078 127 31 tänkas
744 2078 83 36 löpa
847 2079 80 31 fara
945 2082 53 29 att
1015 2081 78 30 icke
1111 2081 99 31 bliva
1228 2081 172 32 beaktade
1422 2083 11 30 i
1454 2083 112 31 sådan
1586 2084 98 35 grad,
1704 2094 75 21 som

277 2117 100 33 dessa
404 2118 196 33 intressens
623 2121 303 37 utomordentliga
949 2123 79 31 vikt
1052 2124 255 37 otvivelaktigt
1331 2126 199 36 påkallade.

315 2161 383 38 Lantbruksstyrelsen
722 2164 66 31 har
813 2165 198 32 emellertid
1038 2167 169 37 avstyrkt
1231 2168 173 37 förslaget
1427 2179 57 21 om
1507 2170 271 32 hästväsendets

275 2204 265 38 överflyttning
568 2207 56 30 till
652 2207 174 36 styrelsen
854 2210 40 29 så
922 2210 76 35 gott
1024 2220 75 21 som
1126 2210 225 32 uteslutande
1379 2212 79 31 med
1484 2212 142 37 hänsyn
1653 2214 56 31 till
1737 2214 41 31 de

275 2248 234 36 svårigheter,
559 2249 100 32 vilka
683 2251 175 35 styrelsen
885 2252 168 32 befarade
1082 2253 101 31 skola
1208 2254 173 37 medfölja
1406 2257 51 29 ett
1482 2255 221 37 inflyttande
1732 2268 46 20 av

275 2290 187 32 hästaveln
489 2292 98 31 inom
613 2293 193 36 styrelsens
831 2294 142 32 direkta
999 2296 390 37 förvaltningsområde
1415 2307 127 27 genom
1567 2299 115 32 därav
1708 2300 70 31 för-

274 2334 130 33 anledd
430 2335 135 37 ökning
595 2337 53 30 uti
676 2336 203 38 styrelsens,
907 2338 148 32 särskilt
1082 2340 261 37 verkschefens,
1374 2340 110 31 redan
1511 2342 143 36 mycket
1681 2345 97 29 stora

274 2376 242 33 arbetsbörda.
561 2378 51 32 De
639 2389 72 27 nya
735 2380 317 37 arbetsuppgifter.
1077 2392 75 20 som
1177 2391 126 27 genom
1327 2384 327 33 stuteriärendenas
1680 2388 97 29 över-

275 2418 180 36 flyttande
485 2422 57 30 till
571 2421 367 38 lantbruksstyrelsen
966 2424 115 32 skulle
1111 2425 176 37 påläggas
1318 2426 193 37 styrelsens
1542 2429 91 35 chef,
1662 2438 115 27 repre-

273 2464 184 31 senterade
484 2466 51 30 ett
559 2464 305 39 arbetskvantum,
890 2477 73 21 som
987 2468 257 36 mångdubbelt
1269 2470 190 36 uppvägde
1482 2470 67 32 den
1575 2471 202 31 arbetslätt-
