1884 2832
536 151 306 31 Bankoutskottets
868 150 176 31 utlåtande
1069 151 48 30 Nr
1141 152 48 30 65.
1580 145 36 29 13

110 238 234 30 förekomsten
368 247 42 21 av
432 238 143 30 enstaka
598 236 275 37 obligationslån,
895 246 75 21 som
985 254 44 4 —
1048 239 22 27 t.
1094 246 49 20 ex.
1167 235 44 38 på
1232 236 112 36 grund
1365 244 41 21 av
1430 236 77 29 kort
1529 234 86 31 åter-

109 279 140 31 stående
267 280 110 35 löptid
396 297 45 4 —
458 289 71 20 mer
548 280 80 29 eller
649 279 134 30 mindre
802 279 130 30 avveke
951 278 79 31 från
1051 279 66 29 vad
1135 288 75 20 som
1231 279 111 35 gällde
1360 277 20 31 å
1399 278 217 29 marknaden

110 322 9 29 i
136 322 119 36 övrigt.
296 322 123 30 Denna
436 320 176 38 påverkan
632 323 114 34 syntes
765 321 190 30 emellertid
973 320 43 37 på
1035 321 110 35 grund
1164 330 42 20 av
1226 321 67 29 den
1310 320 219 35 omfattning,
1545 329 70 20 ma-

108 364 132 30 terialet
262 373 43 21 av
329 363 20 31 å
374 363 217 31 Stockholms
618 363 167 30 fondbörs
810 363 163 30 noterade
1000 363 225 36 obligationer
1251 372 145 21 numera
1422 362 95 36 ägde,
1543 362 74 29 icke

110 416 82 20 vara
213 416 43 20 av
277 405 110 32 sådan
410 406 177 35 räckvidd,
609 408 50 28 att
680 406 203 30 densamma
907 405 89 30 hade
1019 404 111 37 någon
1149 405 194 30 nämnvärd
1365 405 173 36 betydelse
1563 405 54 29 för

109 448 278 30 bestämmandet
412 457 42 21 av
477 451 46 27 ett
546 446 193 38 mångårigt
763 447 276 37 genomsnittstal
1065 448 54 29 för
1142 447 384 36 obligationsräntorna.
1575 445 40 37 Ej

109 491 107 29 heller
240 493 115 34 syntes
380 493 72 28 mot
475 490 92 30 detta
592 490 275 36 genomsnittstal
892 490 121 30 kunna
1038 490 107 30 riktas
1169 488 106 38 några
1299 490 156 36 vägande
1474 489 143 30 invänd-

110 533 122 36 ningar
256 543 41 20 ur
325 533 67 30 den
417 533 231 36 synpunkten,
670 535 48 28 att
744 533 41 30 de
813 533 171 30 särskilda
1010 532 277 37 sparbankernas
1314 532 302 36 obligationsinne-

110 575 67 30 hav
204 574 30 37 ej
261 585 81 20 vore
368 577 250 28 sammansatta
643 575 10 29 i
678 574 197 36 fullkomlig
902 575 340 30 överensstämmelse
1270 575 79 30 med
1375 575 241 29 sammansätt-

111 617 125 36 ningen
255 626 42 21 av
319 618 42 29 de
382 617 20 30 å
422 618 177 29 allmänna
621 617 216 30 marknaden
857 617 164 30 noterade
1040 617 282 36 obligationerna.

155 659 49 30 De
229 659 220 36 sakkunniga
473 659 108 30 funne
609 659 49 36 sig
682 660 86 29 böra
788 659 152 36 förorda,
967 662 49 27 att
1043 659 9 30 i
1078 659 341 30 överensstämmelse
1444 659 79 30 med
1551 659 66 30 vad

111 710 74 21 som
209 711 46 20 nu
277 702 112 35 gällde
411 701 319 36 genomsnittstalen
752 702 196 35 grundades
971 700 45 37 på
1039 701 273 36 tioårsperioder.

151 743 13 30 I
186 743 149 36 enlighet
353 744 78 30 med
449 743 55 31 det
526 743 148 30 anförda
692 742 168 38 föresloge
881 744 41 30 de
947 743 228 36 sakkunniga,
1200 746 49 28 att
1270 744 41 29 de
1332 742 44 38 på
1400 742 218 31 Stockholms

111 785 166 31 fondbörs
301 787 164 29 noterade
486 786 167 29 kurserna
674 785 20 31 å
711 786 234 36 guldkantade
968 786 235 36 obligationer,
1227 787 199 29 beräknade
1450 786 85 30 efter
1557 786 60 30 tio-

110 827 94 37 åriga
226 828 284 36 genomsnittstal,
532 829 106 29 borde
661 828 89 36 ligga
770 828 50 30 till
843 829 112 35 grund
976 828 54 30 för
1051 829 65 30 den
1138 829 203 29 alternativa
1362 828 255 36 bokföringsre-

110 871 51 35 gel
183 871 79 30 med
282 871 170 30 avseende
470 870 20 31 å
511 871 280 35 sparbankernas
810 871 237 36 obligationer,
1067 880 74 21 som
1164 871 116 30 kunde
1302 871 174 36 tillämpas
1496 871 58 30 vid
1576 871 41 30 si-

111 913 68 30 dan
200 921 42 22 av
265 913 227 36 värderingen
515 913 86 30 efter
623 913 56 30 det
696 913 152 30 aktuella
868 914 321 29 marknadsvärdet.

154 955 74 30 Vad
249 954 147 31 sålunda
418 955 192 36 föreslagits
631 954 123 37 avsåge
778 956 194 36 naturligen
993 957 154 29 närmast
1169 956 41 30 de
1234 956 234 36 guldkantade
1490 956 127 35 obliga-

110 998 174 29 tionernas
305 998 192 36 värdering.
542 998 86 30 Mest
646 998 165 30 önskvärt
829 1007 90 26 vore,
942 1000 49 28 att
1010 997 94 37 varje
1125 998 284 36 obligationspost
1430 998 188 30 bokfördes

111 1040 85 30 efter
218 1040 152 30 värdena
392 1040 20 30 å
434 1041 243 29 motsvarande
702 1041 72 35 slag
796 1049 42 21 av
860 1040 236 36 obligationer.
1138 1040 66 30 För
1228 1041 225 30 undvikande
1477 1050 43 21 av
1544 1041 74 29 allt-

111 1083 54 29 för
186 1082 257 36 komplicerade
463 1083 108 35 regler
594 1082 168 36 föresloge
783 1083 189 30 emellertid
993 1083 41 30 de
1058 1083 228 35 sakkunniga,
1308 1086 49 27 att
1379 1083 239 36 obligationer-

112 1134 43 20 na
174 1125 213 36 uppdelades
410 1125 10 29 i
441 1127 50 27 tre
511 1124 93 30 olika
627 1125 201 35 kategorier,
850 1134 76 21 som
946 1125 160 30 inbördes
1129 1126 236 29 behandlades
1389 1125 79 30 lika.
1516 1125 102 31 Guld-

115 1167 150 29 kantade
287 1166 227 37 obligationer
538 1167 107 30 borde
669 1166 124 31 liksom
817 1167 55 30 för
895 1167 217 30 närvarande
1135 1168 121 36 utgöra
1279 1177 43 21 en
1345 1174 111 30 grupp
1480 1167 54 30 för
1558 1167 60 37 sig.

111 1208 246 37 Obligationer,
381 1210 9 29 i
415 1209 93 30 vilka
530 1209 224 36 förmyndare
777 1209 86 36 ägde
888 1212 49 28 att
959 1212 84 28 utan
1067 1210 349 36 överförmyndarens
1442 1211 177 36 samtycke

112 1252 136 35 placera
270 1251 183 36 omyndigs
476 1252 120 34 medel,
618 1252 106 29 borde
744 1253 122 34 utgöra
888 1261 42 21 en
951 1252 110 30 andra
1084 1259 109 29 grupp
1216 1253 66 29 och
1303 1253 117 36 övriga
1442 1253 176 34 obligatio-

110 1303 60 21 ner
192 1303 41 20 en
254 1294 120 36 tredje.
420 1294 48 30 De
491 1294 218 36 sakkunniga
730 1294 176 36 föresloge,
929 1297 49 27 att
999 1294 298 31 medeltalsvärdet
1319 1295 54 30 för
1394 1294 225 37 obligationer

112 1346 40 20 av
181 1337 108 29 andra
315 1345 158 28 gruppen
500 1336 110 30 skulle
639 1337 171 30 beräknas
839 1337 156 35 sålunda,
1023 1340 48 27 att
1097 1337 290 36 obligationernas
1414 1338 205 36 avkastning

114 1379 136 36 utginge
269 1379 85 30 efter
374 1389 42 20 en
435 1379 159 35 räntefot,
615 1388 74 21 som
710 1379 79 30 med
808 1389 42 20 en
871 1379 186 36 fjärdedels
1076 1383 141 32 procent
1238 1381 173 35 överstege
1431 1380 190 30 medelrän-

111 1424 58 27 tan
191 1422 109 29 under
320 1422 42 29 de
382 1424 112 27 senast
514 1420 280 37 tilländagångna
813 1422 47 29 tio
883 1421 82 30 åren
986 1422 18 29 å
1025 1422 233 35 guldkantade
1278 1422 235 36 obligationer.
1553 1422 67 30 För

111 1464 118 36 övriga
250 1464 227 35 obligationer
497 1463 106 30 borde
627 1463 249 36 avkastningen
897 1463 200 31 förutsättas
1120 1464 96 30 skola
1238 1464 81 36 utgå
1340 1463 85 31 efter
1447 1474 41 20 en
1509 1465 110 29 ränte-

113 1506 60 35 fot,
195 1515 73 21 som
289 1507 80 29 med
390 1516 42 20 en
451 1509 142 33 procent
613 1507 173 34 överstege
805 1506 155 30 nämnda
980 1506 221 31 medelränta.

158 1549 63 30 Det
247 1549 110 29 skulle
383 1549 188 29 ankomma
598 1548 45 36 på
670 1548 436 36 sparbanksinspektionen
1144 1551 48 27 att
1220 1548 128 36 årligen
1377 1548 152 31 beräkna
1555 1548 64 30 och

114 1591 52 30 för
189 1591 262 36 sparbankerna
475 1591 249 36 tillkännagiva
747 1590 263 36 ifrågavarande
1034 1590 167 31 medeltal.

159 1634 49 30 De
224 1634 219 35 sakkunniga
459 1634 88 29 hade
565 1633 114 30 funnit
695 1633 157 36 lämpligt
868 1632 126 31 föreslå
1008 1643 41 20 en
1066 1633 439 36 övergångsbestämmelse,
1519 1633 103 36 enligt

114 1677 114 30 vilken
251 1676 55 30 vid
328 1676 148 35 bokslut,
497 1685 74 21 som
594 1676 127 29 skedde
742 1675 53 30 för
815 1675 144 36 tidigare
981 1675 37 31 år
1039 1677 43 29 än
1103 1676 54 29 det
1177 1675 107 36 tolfte,
1306 1676 125 30 räknat
1451 1675 78 30 från
1550 1675 71 31 året

116 1719 51 30 för
187 1720 115 35 lagens
322 1718 284 36 ikraftträdande,
624 1718 56 31 vid
697 1718 222 30 beräknande
936 1727 42 21 av
996 1718 118 30 värdet
1131 1727 41 21 av
1190 1718 175 36 sparbank
1384 1718 56 30 vid
1458 1718 93 30 tiden
1569 1718 53 30 för

114 1762 65 29 den
207 1761 194 36 föreslagna
430 1761 264 36 lagändringens
720 1760 276 30 ikraftträdande
1022 1760 172 36 tillhöriga
1221 1760 225 36 obligationer
1474 1761 146 29 bestäm-

116 1805 168 29 melserna
307 1804 10 30 i
341 1805 41 29 33
407 1805 17 35 8
451 1804 106 30 första
581 1804 131 35 stycket
739 1800 27 33 1)
798 1803 104 35 enligt
924 1803 76 29 dess
1024 1803 200 30 nuvarande
1251 1803 126 36 lydelse
1401 1802 92 36 finge
1518 1802 103 30 vinna

114 1847 230 36 tillämpning.

159 1889 51 30 Då
236 1890 186 33 bokföring
442 1889 85 29 efter
554 1888 309 30 medeltalsvärden
891 1888 120 29 endast
1037 1887 105 29 borde
1167 1888 141 28 komma
1335 1888 7 28 i
1371 1886 98 36 fråga
1494 1887 126 30 beträf-

115 1931 104 30 fande
241 1931 156 35 fullgoda
421 1930 225 36 obligationer
670 1930 64 29 och
757 1928 44 31 då
823 1928 44 36 på
890 1929 111 35 grund
1023 1938 42 20 av
1088 1928 215 36 svårigheten
1328 1932 49 26 att
1399 1929 148 29 bedöma
1570 1931 50 28 sä-

115 1974 163 29 kerheten
303 1973 54 29 för
381 1972 108 30 andra
513 1973 43 28 än
581 1972 182 29 inhemska
785 1971 226 35 obligationer
1032 1971 116 35 övriga
1170 1971 226 35 obligationer
1417 1971 75 30 icke
1515 1972 106 28 borde

115 2015 35 30 få
185 2015 167 29 bokföras
387 2015 49 28 till
461 2014 105 35 högre
593 2014 124 34 belopp
744 2014 44 28 än
809 2022 74 20 som
910 2013 217 29 motsvarade
1152 2013 354 35 marknadsvärdena,
1533 2013 87 30 före-

116 2057 92 35 sloge
232 2057 41 29 de
299 2056 218 36 sakkunniga
543 2058 49 27 att
615 2055 263 36 tillämpningen
903 2064 41 20 av
970 2054 334 37 medeltalsreglerna
1329 2055 218 30 inskränktes
1573 2055 50 31 till

116 2099 236 37 obligationer,
372 2109 74 20 som
468 2098 247 31 omförmäldes
737 2098 9 29 i
768 2099 40 28 25
829 2099 17 35 8
869 2097 304 36 sparbankslagen.
1217 2098 49 29 De
1286 2097 169 30 särskilda
1476 2098 146 29 bestäm-

117 2143 167 29 melserna
309 2152 58 20 om
393 2142 183 35 bokföring
604 2151 40 20 av
668 2141 226 35 obligationer
922 2141 77 29 med
1026 2139 257 37 utgångspunkt
1311 2139 77 31 från
1414 2141 115 29 dessas
1556 2140 67 30 för-

117 2185 160 36 räntning
295 2185 115 30 kunde
428 2185 149 35 tydligen
598 2184 73 29 icke
688 2183 105 30 heller
812 2183 184 35 tillämpas,
1016 2183 43 29 då
1078 2182 95 36 fråga
1192 2192 79 20 vore
1289 2192 57 20 om
1363 2182 258 36 premieobliga-

117 2228 117 29 tioner.
281 2228 49 29 De
353 2227 215 35 sakkunniga
592 2226 87 30 hade
701 2226 118 29 därför
840 2226 182 29 inskränkt
1043 2225 40 30 de
1106 2224 169 30 särskilda
1297 2224 325 36 bokföringsregler-

117 2279 61 20 nas
204 2270 218 35 tillämpning
450 2269 50 30 till
528 2269 251 29 räntebärande
804 2267 235 35 obligationer.

161 2339 48 29 De
229 2338 217 34 sakkunniga
467 2338 86 28 hava
574 2336 115 29 vidare
709 2335 112 30 funnit
841 2335 175 35 önskvärt,
1036 2337 48 27 att
1103 2335 384 34 sparbankernas
1519 2344 32 18 mö
1594 2333 26 36 j-

116 2389 203 36 ligheter
361 2390 66 27 att
469 2387 258 36 uppskriva
772 2386 48 30 de
863 2385 232 29 bokförda
1139 2385 203 29 värdena
1389 2384 18 30 å
1449 2384 172 35 obliga-

116 2440 153 30 tioner
317 2439 209 29 bestämmas
564 2438 102 34 något
703 2436 232 30 restriktivare
972 2436 41 29 än
1041 2437 63 28 vad
1132 2435 51 30 för
1210 2435 215 30 närvarande
1454 2436 37 28 är
1518 2435 102 30 fallet.
