2063 2611
343 170 20 31 4
723 168 216 41 Bevillnings-
951 162 176 51 Utskottets
1140 167 209 33 Betänkande
1375 167 60 33 N:o
1460 169 48 30 16.

1236 249 212 49 Transport
1481 250 231 48 35,600,000
1736 249 152 37 kronor.

299 304 122 37 under
466 316 145 24 samma
649 305 40 34 år
727 301 127 38 blifvit
897 304 125 34 såsom
1052 300 219 38 restitution
1295 301 42 37 af
1365 301 75 36 till-

300 355 330 51 verkningsafgift
662 355 59 38 för
754 355 145 37 utfördt
928 354 162 38 bränvin
1118 354 202 49 utbetaldt,
1349 354 92 37 eller

298 411 11 36 i
345 409 115 37 rundt
505 409 53 37 tal
600 410 203 47 2,575,000
845 408 153 47 kronor,
1040 407 102 37 visar
1181 407 60 49 sig
1282 407 64 37 det
1383 406 58 37 för

299 463 241 37 statskassan
553 461 200 49 verkligen
765 460 387 49 inkomstbringande
1163 459 276 51 beloppeticke

299 516 114 37 hafva
459 518 163 46 uppgått
665 514 59 37 till
766 514 86 36 fullt
889 514 228 48 14,000,000
1151 513 158 37 kannor.
1364 512 75 37 Vid

298 568 216 49 beräkning
548 567 42 37 af
623 566 268 38 statsverkets.
915 566 170 37 inkomst
1114 565 42 38 af
1179 564 260 38 bränvinstill-

299 620 389 49 verkningsafgiften,
716 620 69 36 har
809 619 142 49 Kongl.
980 619 108 48 Maj:t
1111 618 241 37 fördenskull
1382 623 57 31 ut-

298 676 85 46 gått
412 673 82 36 från
523 672 262 49 nyssnämnda
802 671 193 36 kannetal.
1052 670 16 36 I
1085 670 74 36 den
1176 669 263 37 innevarande

299 729 41 34 år
383 725 42 37 af
461 724 141 50 Kongl.
641 724 107 49 Maj:t
781 723 221 49 föreslagna
1031 728 98 31 samt
1153 722 42 37 af
1214 722 224 49 Riksdagen

298 783 169 44 antagna
510 791 76 35 nya
628 776 225 49 förordning
895 775 200 49 angående
1120 775 254 48 tillverkning
1402 774 41 37 af

298 830 162 38 bränvin
489 829 69 37 har
581 829 226 48 emellertid,
832 829 12 36 i
873 828 281 48 sammanhang
1178 827 86 37 med
1281 827 66 37 det
1363 839 75 24 me-

298 883 121 37 triska
452 885 305 47 måttsystemets
786 881 258 49 tillämpning,
1075 894 47 23 en
1151 880 227 48 evalvering
1402 878 42 38 af

300 936 74 37 den
403 934 222 38 nuvarande
655 934 151 37 skatten
836 939 67 43 egt
927 947 82 23 rum
1029 933 59 36 till
1109 934 47 35 40
1174 938 65 31 öre
1256 946 68 36 per
1339 932 97 47 liter,

301 988 150 38 hvilket
491 988 161 37 innebär
692 1000 47 24 en
781 986 224 49 förhöjning
1046 986 42 37 af
1122 985 86 37 icke
1241 985 87 37 fullt
1360 985 76 36 fem

301 1046 167 46 procent.
523 1041 51 36 På
607 1039 127 50 grund
762 1039 115 37 häraf
898 1039 70 36 har
995 1038 142 49 Kongl.
1167 1038 107 49 Maj:t
1301 1037 137 37 beräk-

300 1100 66 31 nat
407 1094 219 36 inkomsten
660 1092 41 37 af
728 1090 627 49 bränvinstillverkningsafgiften
1379 1089 59 37 till

304 1147 227 48 14,600,000
558 1145 156 36 kronor.

429 1198 56 37 Då
518 1197 212 37 emellertid
765 1195 306 51 uppenbarligen
1102 1208 47 23 en
1181 1192 258 50 minskning
1409 1188 32 62 i

300 1249 482 39 bränvinskonsumtionen
823 1251 48 47 på
912 1249 73 36 den
1022 1249 94 35 sista
1148 1247 106 37 tiden
1282 1245 156 46 inträdt,

300 1308 100 32 samt
433 1317 87 22 man
554 1315 92 36 eger
678 1306 74 32 rätt
787 1306 55 31 att
883 1301 149 49 hoppas
1074 1305 56 31 att
1157 1300 126 36 denna
1311 1298 127 36 förän-

299 1356 115 48 dring
457 1355 68 37 allt
566 1368 81 23 mer
689 1353 99 37 skall
816 1353 138 49 fortgå,
984 1352 68 37 har
1084 1352 199 37 Utskottet
1311 1354 126 33 ansett

299 1408 297 49 försigtigheten
625 1407 138 47 fordra,
784 1411 55 31 att
858 1405 294 49 ifrågavarande
1168 1404 171 36 inkomst
1356 1402 83 36 icke

299 1461 191 36 beräknas
518 1460 87 36 fullt
633 1462 41 34 så
703 1459 107 48 högt,
840 1471 82 24 som
946 1457 139 49 Kongl.
1103 1457 108 48 Maj:t
1226 1455 211 48 föreslagit.

298 1513 60 36 En
386 1511 229 50 ytterligare
645 1511 157 48 maning
831 1510 129 36 härtill
987 1510 124 36 finner
1126 1508 200 38 Utskottet
1344 1507 12 36 i
1374 1507 65 35 det

299 1565 249 48 förhållande,
577 1568 67 43 att,
675 1562 122 50 enligt
820 1561 155 51 uppgift
1002 1561 83 37 från
1113 1561 122 49 byrån
1260 1559 58 37 för
1345 1558 94 37 kon-

297 1617 139 37 trollen
477 1617 42 36 af
545 1615 447 48 tillverkningsafgifter,
1034 1611 404 49 tillverkningsbelop-

299 1675 64 43 pet
390 1669 101 36 intill
515 1669 75 36 den
621 1671 12 33 1
670 1668 73 48 Maj
765 1667 258 36 innevarande
1041 1669 39 33 år
1095 1666 149 48 utgjort
1259 1663 180 48 omkring

300 1722 202 47 7,200,000
527 1721 160 46 kannor,
717 1719 147 37 hvilket
891 1718 161 37 innebär
1080 1731 46 23 en
1158 1715 223 49 minskning
1401 1715 42 37 af

298 1774 108 36 öfver
447 1774 80 49 21/,
572 1772 190 36 millioner
803 1771 148 37 kannor
992 1775 103 32 emot
1131 1768 306 48 tillverkningen

298 1826 120 36 under
460 1824 271 37 motsvarande
774 1823 55 36 tid
873 1822 192 37 nästlidne
1094 1825 51 42 år,
1174 1821 158 36 hvilken
1360 1819 76 36 till-

297 1877 192 49 verkning
523 1876 96 54 dock
650 1876 40 36 af
714 1875 187 37 särskilda
927 1874 254 48 anledningar
1210 1886 68 23 var
1306 1885 116 23 ovan-

297 1930 73 49 ligt
398 1930 90 48 hög.
543 1931 34 34 Å
606 1929 117 36 andra
752 1927 110 38 sidan
892 1927 69 37 har
982 1927 231 48 visserligen
1234 1924 202 39 bränvins-

296 1987 187 44 exporten
506 1982 122 35 under
656 1980 259 36 innevarande
945 1983 40 33 år
1013 1978 212 50 ingalunda
1254 1980 83 33 nått
1359 1977 75 36 den

297 2034 101 49 höjd,
429 2033 155 37 hvartill
613 2033 75 36 den
716 2032 121 36 under
866 2034 40 34 år
937 2033 96 35 1881
1064 2029 181 51 uppgick.

419 2086 53 37 På
499 2086 127 49 grund
654 2085 41 37 af
720 2084 100 37 hvad
850 2083 159 38 sålunda
1033 2083 126 37 blifvit
1180 2080 164 48 anfördt,
1367 2080 69 37 har

295 2138 199 38 Utskottet
511 2142 128 33 ansett
655 2150 47 24 en
714 2136 432 48 bränvinstillverkning
1161 2134 38 38 af
1208 2134 226 48 13,500,000

296 2192 148 35 kannor
485 2191 91 36 böra
610 2190 137 48 läggas
776 2189 58 36 till
863 2189 125 48 grund
1017 2188 58 36 för
1104 2186 266 48 beräkningen
1399 2184 41 37 af

294 2242 296 49 ifrågavarande
637 2241 269 37 statsinkomst
949 2240 122 37 under
1112 2238 230 38 kommande
1384 2239 50 34 år.

294 2295 240 37 Reduceradt
588 2294 56 37 till
699 2294 96 45 liter,
848 2298 214 32 motsvarar
1109 2291 101 37 detta
1255 2288 181 39 kannetal

1239 2351 212 49 Transport
1475 2349 230 49 35,600,000
1733 2348 150 35 kronor.
