2202 2608
719 123 8 11 4

444 153 42 31 94
763 155 3 3 —
823 153 358 41 Bevillningsutskottets
1204 153 194 32 betänkande
1423 155 52 31 Nr
1499 157 50 29 89.

400 236 56 31 att
483 230 46 36 de
557 244 102 23 mera
687 230 212 49 betydande
927 231 201 36 utländska
1155 231 179 37 firmorna
1362 231 82 37 icke
1472 232 134 36 önskat
1635 245 46 24 en
1710 233 105 50 dylik
1835 235 162 36 koncen-

400 281 153 48 tration,
590 287 91 32 utan
723 282 208 49 föredragit
972 288 54 31 att
1053 283 102 36 bliva
1182 284 304 48 representerade
1515 297 45 23 en
1588 297 65 23 var
1680 299 138 35 genom
1847 286 152 37 särskilt

400 334 159 48 företag.
614 334 16 36 I
672 334 397 37 kostnadshänseende
1110 335 67 36 har
1219 335 121 36 denna
1380 336 236 48 uppdelning
1656 340 48 44 på
1733 340 139 46 många
1900 341 97 33 små-

399 385 117 48 bolag
557 385 206 37 emellertid
792 385 82 37 icke
903 386 82 36 haft
1012 389 126 46 någon
1167 386 206 50 betydelse,
1403 392 89 31 enär
1520 387 105 37 deras
1655 388 303 37 administration
1987 390 10 35 i

399 437 105 48 regel
533 442 40 31 är
599 442 136 43 ytterst
764 437 196 37 förenklad
989 438 70 36 och
1086 437 120 50 billig.

529 489 155 35 Antalet
730 502 47 23 av
817 489 172 48 bolagets
1025 490 241 48 dotterbolag
1293 490 68 36 har
1390 491 118 36 under
1536 494 39 33 år
1605 492 98 35 1920
1732 491 152 37 utökats
1913 492 84 36 med

402 543 63 34 två
506 547 102 30 stora
636 540 158 49 företag,
824 541 195 49 nämligen
1054 543 250 45 Aktiebolaget
1329 544 85 44 Nya
1447 544 127 35 Grand
1601 544 124 35 Hotell
1753 543 69 36 och
1849 545 148 35 Porter-

403 594 402 45 bryggeriaktiebolaget
832 594 46 34 D.
914 595 171 44 Carnegie
1114 595 30 34 &
1177 596 72 34 C:o.
1287 594 175 36 Rörande
1492 594 44 37 de
1564 599 171 32 närmare
1764 595 233 48 omständig-

401 645 118 45 heter,
562 645 80 35 som
684 649 64 31 äro
791 644 249 50 förknippade
1081 646 86 35 med
1204 646 165 35 nämnda
1397 645 134 45 beslut,
1561 647 101 35 vilka
1690 647 131 36 fattats
1851 660 46 23 av
1925 647 73 36 den

402 696 120 48 enligt
563 696 73 36 den
677 709 51 23 nu
770 696 176 48 gällande
986 696 350 50 bolagsordningen
1378 697 56 36 till
1470 698 145 36 hälften
1644 711 46 23 av
1718 698 142 49 Kungl.
1890 698 109 49 Maj:t

400 747 159 37 tillsatta
588 747 201 49 styrelsen,
819 751 60 33 må
907 748 168 49 följande
1103 749 163 36 anföras.

531 799 130 36 Redan
703 799 12 36 i
756 800 114 35 slutet
898 814 47 22 av
974 803 39 33 år
1044 802 96 34 1919
1171 801 69 36 och
1268 806 48 31 än
1344 814 79 23 mer
1450 801 120 36 under
1599 804 40 33 år
1661 803 99 35 1920
1789 802 96 36 hade
1912 802 85 36 från

401 855 141 44 ägarna
571 864 46 22 av
645 851 339 49 aktiemajoriteten
1012 851 12 36 i
1052 852 128 36 Grand
1210 853 126 36 Hotell
1364 852 194 37 bestämda
1586 854 166 35 avsikter
1779 859 137 43 yppats
1945 858 54 31 att

401 903 191 48 nedlägga
634 903 167 36 rörelsen
842 903 69 36 och
954 903 153 50 försälja
1139 904 276 49 fastigheterna
1443 905 56 35 till
1527 905 169 36 bostads-
1726 905 70 36 och
1824 905 174 36 kontors-

400 954 186 36 ändamål.
640 954 79 36 När
761 954 46 36 då
847 968 46 23 en
934 955 254 37 hänvändelse
1221 956 83 36 från
1333 956 166 36 nämnda
1528 957 218 49 aktieägare
1775 957 138 36 skedde
1941 957 57 36 till

401 1006 287 48 spritcentralen
735 1006 85 37 med
857 1007 229 48 erbjudande
1120 1020 60 23 om
1221 1008 188 36 aktiernas
1438 1008 228 49 inköpande,
1697 1011 120 46 ansåg
1844 1009 60 48 sig
1932 1009 66 36 bo-

399 1057 104 48 laget
530 1058 83 36 icke
642 1058 93 36 böra
763 1058 127 37 avvisa
918 1064 54 30 att
1003 1059 197 37 reflektera
1224 1062 49 47 på
1293 1060 146 49 frågan.
1491 1060 64 36 Ett
1573 1060 161 37 intresse
1754 1061 12 35 i
1786 1065 52 31 ett
1858 1066 140 30 restau-

400 1109 237 48 rantföretag
679 1109 127 36 kunde
852 1109 118 48 enligt
1015 1112 168 47 gammal
1224 1111 100 36 hävd
1365 1112 104 35 inom
1510 1112 80 36 vin-
1618 1112 71 36 och
1730 1111 268 50 sprithandels-

400 1159 212 45 branschen
641 1174 110 23 anses
779 1161 106 49 ligga
913 1162 224 49 visserligen
1165 1162 63 37 vid
1257 1163 106 36 sidan
1392 1177 46 22 av
1467 1177 86 23 men
1582 1164 31 47 ej
1646 1163 152 36 utanför
1824 1163 174 49 bolagets

400 1212 428 37 verksamhetsområde.
883 1213 138 37 Vidare
1048 1217 120 46 måste
1198 1215 63 36 det
1290 1228 108 23 anses
1427 1228 46 23 av
1501 1215 192 49 betydelse
1722 1215 58 37 för
1808 1216 71 36 den
1901 1216 97 48 nyk-

400 1264 325 49 terhetspolitiska
768 1265 222 49 åskådning,
1032 1269 47 46 på
1118 1279 87 23 vars
1243 1266 188 48 grundval
1460 1267 291 48 spritcentralen
1779 1267 219 37 tillkommit

401 1316 68 36 och
513 1316 222 47 utvecklats,
779 1321 54 31 att
865 1318 92 35 söka
985 1317 204 37 medverka
1217 1319 56 35 till
1303 1323 53 31 att
1384 1318 45 36 de
1461 1319 187 48 farhågor,
1679 1331 82 24 som
1791 1332 45 23 av
1866 1319 132 36 Grand

398 1368 149 36 Hotells
577 1367 330 37 aktieinnehavare
934 1369 185 37 uttalades
1146 1370 160 36 rörande
1335 1370 251 49 möjligheten
1614 1375 55 31 att
1697 1370 119 37 under
1834 1371 165 36 rådande

399 1419 322 49 kontrollsystem,
755 1419 128 37 kunna
912 1420 84 37 med
1025 1421 221 36 ekonomisk
1276 1421 202 49 framgång
1507 1423 174 35 fortsätta
1709 1423 177 46 rörelsen,
1915 1423 83 36 icke

399 1471 103 48 finge
538 1471 196 36 föranleda
773 1471 265 48 upphörandet
1074 1486 46 22 av
1151 1473 117 35 rikets
1302 1478 136 31 största
1474 1473 277 49 hotellföretag.
1808 1473 190 49 Slutligen

400 1527 131 44 syntes
559 1522 63 36 det
650 1523 115 35 också
794 1523 58 35 för
879 1523 103 36 såväl
1010 1523 266 37 huvudstaden
1304 1537 79 23 som
1413 1525 129 36 landet
1570 1539 92 22 vara
1690 1539 47 23 av
1766 1538 46 24 en
1840 1539 157 36 synner-

400 1575 102 48 ligen
544 1574 281 36 framträdande
865 1574 94 47 vikt,
990 1580 54 31 att
1073 1574 131 37 Grand
1233 1576 148 36 Hotells
1412 1576 176 37 fortsatta
1616 1577 228 37 bedrivande
1872 1580 125 34 såsom

399 1626 115 36 hotell
542 1626 70 36 och
639 1631 213 31 restaurant
880 1626 301 50 möjliggjordes,
1212 1633 54 30 ett
1293 1627 170 49 intresse,
1493 1628 58 37 för
1574 1628 118 36 vilket
1712 1629 286 49 spritcentralen

401 1680 124 34 såsom
554 1682 54 32 ett
635 1683 106 42 stort,
773 1691 45 22 av
846 1678 61 36 det
935 1678 188 36 allmänna
1152 1679 183 49 dirigerat
1364 1680 149 49 företag
1540 1680 101 36 inom
1662 1693 47 23 en
1729 1681 268 36 närbesläktad

400 1729 162 37 bransch
595 1729 82 36 icke
709 1729 117 37 borde
853 1732 58 34 stå
939 1730 244 37 främmande.
1240 1731 117 36 Dessa
1386 1732 83 36 skäl
1496 1732 146 49 gjorde,
1672 1737 55 31 att
1755 1732 244 50 köpanbudet

400 1781 295 36 underkastades
724 1794 46 23 en
798 1786 172 32 närmare
997 1782 203 49 prövning.

529 1832 353 49 Balansräkningen
923 1834 59 36 för
1023 1833 129 37 Grand
1193 1834 128 37 Hotell
1362 1835 130 37 visade
1528 1849 66 36 per
1622 1836 73 37 den
1725 1838 46 34 31
1802 1836 196 37 december

402 1886 97 35 1919
529 1889 55 31 ett
611 1884 199 37 överskott
829 1898 46 23 av
895 1885 205 49 tillgångar
1119 1891 90 45 över
1229 1887 153 36 skulder
1402 1899 48 24 av
1470 1889 200 46 3,829,001
1692 1889 140 36 kronor
1853 1891 45 34 91
1921 1894 72 31 öre.

399 1936 72 37 Det
498 1937 91 48 pris,
619 1948 80 24 som
730 1936 58 37 för
817 1936 170 37 aktierna
1092 1938 281 49 aktiekapitalet
1401 1944 40 31 är
1458 1941 201 45 3,600,000
1688 1940 140 36 kronor
1855 1962 49 5 —
1933 1941 64 37 be-

399 1988 149 48 gärdes,
578 2000 65 23 var
672 1988 219 37 alternativt
922 1990 199 47 7,200,000
1151 1989 168 37 kronor
1298 1984 24 60 i
1346 1991 306 48 spritcentralens
1680 1992 318 48 preferensaktier

401 2039 88 49 (200
530 2039 173 49 procent)
742 2039 88 37 eller
871 2040 69 36 ock
969 2041 159 36 kontant
1158 2043 202 46 6,480,000
1390 2042 140 37 kronor
1557 2042 87 49 (180
1673 2043 184 49 procent).
1912 2044 85 36 Den

399 2091 185 36 kontanta
611 2091 169 37 likviden
811 2113 43 5 —
885 2092 127 37 vilken
1041 2093 214 36 sedermera
1283 2093 128 37 valdes
1439 2116 51 4 —
1517 2095 304 49 representerade
1840 2096 157 36 sålunda

399 2147 52 32 ett
479 2144 169 48 överpris
679 2143 57 37 för
765 2143 171 49 bolagets
966 2144 174 36 behållna
1168 2145 208 49 tillgångar
1405 2160 46 22 av
1480 2148 201 46 2,650,998
1710 2147 139 36 kronor
1877 2149 20 34 9
1920 2153 74 31 öre.

399 2195 18 35 I
445 2194 259 49 tillgångarna
736 2195 160 49 ingingo
926 2196 237 48 fastigheter,
1195 2210 81 23 som
1304 2198 11 35 i
1344 2198 343 50 balansräkningen
1715 2199 197 49 upptagits
1941 2199 54 36 till

402 2248 202 47 6,875,000
629 2247 149 37 kronor.
818 2238 99 46 Ökag
946 2248 123 37 denna
1097 2261 146 24 summa
1260 2249 84 37 med
1364 2251 259 49 nyssnämnda
1642 2251 181 48 överpris,
1844 2251 152 37 kommo
