2204 2624
621 177 357 43 Bevillningsutskottets
1001 181 196 32 betänkande
1220 183 52 31 Nr
1297 186 48 28 39.
1732 187 40 31 69

218 252 171 36 Därefter
426 254 137 36 hördes
605 263 303 40 representanter
951 260 56 34 för
1040 266 326 32 restauratörerna
1395 263 79 35 från
1506 263 99 36 olika
1634 264 104 36 delar
1767 279 46 22 av

215 303 138 37 landet.
411 305 42 47 Ej
485 306 116 36 heller
631 308 80 35 från
745 309 127 36 dessas
901 310 82 36 sida
1010 311 153 48 gjordes
1183 315 119 45 några
1324 327 100 23 mera
1444 314 194 38 bestämda
1655 317 158 35 invänd-

215 355 138 46 ningar
396 363 77 30 mot
515 358 278 37 bibehållandet
835 361 119 36 under
997 368 39 30 år
1080 365 94 33 1921
1214 377 45 22 av
1289 365 335 37 bestämmelserna
1652 369 161 35 rörande

215 407 328 49 måltidstvånget;
587 410 167 36 däremot
790 412 248 37 framställdes
1072 415 197 36 önskemål
1300 429 58 23 om
1389 418 187 46 ökningar
1605 432 46 22 av
1681 419 45 35 de
1756 420 57 35 för

214 461 41 32 år
301 460 95 34 1920
441 461 208 35 fastställda
685 463 578 49 utskänkningskvantiteterna.
1325 468 170 36 Därefter
1524 470 289 36 överarbetades

214 509 64 36 det
319 523 45 21 av
408 511 487 48 bolagsrepresentanterna
931 516 220 36 utarbetade
1183 518 181 48 förslaget
1393 520 84 35 med
1507 521 145 48 hänsyn
1683 521 56 35 till
1769 522 44 35 de

215 560 82 35 från
340 567 323 31 restauratörerna
704 564 236 37 framställda
981 568 275 47 erinringarna,
1299 570 130 35 varvid
1465 570 62 36 det
1562 571 162 37 befanns
1754 586 54 22 er-

214 612 196 47 forderligt
438 619 54 29 att
521 615 128 46 återgå
677 615 56 35 till
763 622 170 31 närmare
963 621 376 35 överensstämmelse
1369 622 82 35 med
1481 622 44 36 de
1555 623 58 35 för
1642 626 41 32 år
1716 626 96 34 1920

211 663 175 48 gällande
407 664 294 37 föreskrifterna.
733 666 242 39 Sistnämnda
997 670 144 48 förslag
1161 671 200 37 framlades
1382 673 161 36 därefter
1561 677 54 32 för
1630 674 181 36 kontroll-

211 714 117 45 rådet,
369 728 46 22 av
457 729 84 22 vars
583 717 206 37 ledamöter
832 720 115 48 ingen
988 722 135 48 gjorde
1166 725 126 44 någon
1334 724 239 49 invändning
1601 732 80 30 mot
1711 726 100 37 bibe-

211 766 192 37 hållandet
432 781 45 22 av
506 768 313 50 måltidstvånget
844 772 143 46 jämväl
1017 774 55 34 för
1101 777 39 32 år
1172 776 108 34 1921.

342 818 131 36 Såsom
503 832 46 22 av
581 821 67 35 vad
678 835 49 21 nu
757 822 108 36 blivit
893 824 124 36 anfört
1044 825 107 35 torde
1180 826 198 47 inhämtas,
1400 827 68 36 har
1488 828 185 49 styrelsen
1694 834 117 44 ägnat

210 869 74 36 den
323 869 262 49 föreliggande
622 872 134 48 frågan
792 887 46 22 en
867 876 244 48 synnerligen
1140 878 187 46 ingående
1355 880 344 47 uppmärksamhet.
1756 881 55 37 De

209 920 216 48 yttranden,
454 934 81 23 som
564 923 160 36 lämnats
753 925 354 50 kontrollstyrelsen
1136 941 47 22 av
1211 929 63 35 vid
1295 930 99 35 olika
1410 931 170 35 tillfällen
1602 932 208 37 tillkallade

208 978 304 42 representanter
555 973 57 36 för
655 974 112 48 bolag
801 977 71 35 och
899 984 271 31 restauratörer
1199 986 98 29 samt
1325 994 47 22 av
1399 982 284 47 kontrollrådet,
1713 983 97 36 hava

208 1028 135 31 nästan
372 1024 288 49 undantagslöst
686 1029 81 46 gått
797 1028 11 35 i
837 1028 71 37 den
936 1030 230 48 riktningen,
1196 1036 55 31 att
1279 1038 53 30 ett
1360 1033 253 48 övergivande
1644 1048 46 22 av
1719 1036 89 35 mål-

208 1075 238 49 tidstvånget
475 1077 81 35 icke
585 1082 41 31 är
653 1078 200 50 tillrådligt
881 1081 89 36 eller
999 1082 243 37 försvarbart.

338 1126 190 49 Styrelsen
571 1133 157 45 övergår
769 1145 52 22 nu
861 1132 55 36 till
955 1139 54 30 att
1038 1135 182 36 motivera
1249 1135 45 37 de
1323 1149 45 22 av
1397 1136 277 38 motionärerna
1702 1139 105 36 klan-

207 1178 114 36 drade
350 1179 343 38 bestämmelserna.

277 1266 29 34 b.
364 1267 220 45 Motivering
607 1268 66 42 för
701 1271 59 33 det
786 1281 26 24 s.
844 1273 30 33 k.
905 1273 292 46 måltidstvånget
1225 1276 62 34 och
1316 1276 42 35 de
1387 1277 124 44 högsta
1540 1279 189 44 medgivna

734 1324 539 44 utskänkningskvantiteterna.

336 1384 131 37 Såsom
509 1386 115 37 redan
666 1389 12 34 i
707 1389 62 36 det
797 1390 228 49 föregående
1053 1398 146 42 antytts
1229 1394 67 36 har
1322 1408 153 23 vunnen
1505 1396 215 37 erfarenhet
1748 1398 53 35 till

205 1436 93 36 fullo
340 1438 110 46 visat,
493 1443 53 30 att
587 1440 176 47 åtgärder
804 1442 58 35 för
890 1447 54 31 ett
971 1444 223 48 reglerande
1224 1459 47 22 av
1300 1446 275 50 försäljningen
1604 1449 201 37 utminute-

203 1488 168 47 ringsvis
412 1492 120 33 måste
574 1490 223 50 beledsagas
839 1507 46 22 av
927 1496 217 36 restriktiva
1186 1498 175 47 åtgärder
1389 1499 58 35 för
1475 1500 330 49 utskänkningens

203 1540 307 47 vidkommande,
553 1542 124 37 därest
710 1558 87 22 man
826 1546 32 47 ej
890 1546 94 36 skall
1012 1547 156 47 riskera,
1198 1556 55 29 att
1280 1550 72 36 vad
1381 1564 81 22 som
1492 1565 44 21 ur
1565 1552 235 48 nykterhets-

203 1592 196 49 synpunkt
414 1593 134 36 vinnes
564 1608 139 34 genom
717 1596 45 36 de
776 1597 261 38 förstnämnda
1049 1601 227 47 åtgärderna
1287 1603 272 47 omintetgöres
1572 1603 232 49 därigenom,

203 1649 54 30 att
298 1644 56 46 de,
384 1657 80 24 som
495 1651 199 44 avstängts
729 1648 82 36 från
839 1654 122 32 rätten
990 1656 55 30 att
1073 1652 144 36 erhålla
1247 1654 165 46 motbok,
1442 1658 20 32 å
1489 1662 316 42 restaurangerna

201 1695 230 37 konsumera
459 1696 261 49 obegränsade
747 1700 233 37 kvantiteter
1009 1703 269 48 spritdrycker.

331 1750 68 33 Att
429 1748 247 49 vidtagandet
705 1765 45 22 av
778 1753 216 36 restriktiva
1023 1756 178 46 åtgärder
1230 1756 59 36 för
1317 1758 336 48 utminuteringen,
1679 1759 126 38 därest

201 1799 46 35 de
277 1799 33 46 ej
341 1799 224 45 beledsagas
594 1815 46 21 av
668 1803 180 37 liknande
878 1806 176 47 åtgärder
1073 1807 59 35 för
1152 1808 330 50 utskänkningens
1497 1811 306 49 vidkommande,

202 1851 146 36 medför
390 1864 45 23 en
479 1853 175 49 stegring
681 1868 47 22 av
757 1855 73 37 den
860 1857 342 50 utskänkningsvis
1231 1860 168 37 försålda
1426 1862 238 36 kvantiteten
1693 1860 111 56 sprit-

200 1902 157 48 drycker
398 1903 191 37 bekräftas
629 1915 85 27 rent
756 1908 203 36 statistiskt
994 1923 45 22 av
1068 1910 288 38 förhållandena
1384 1916 40 33 år
1455 1915 108 45 1916,
1594 1915 63 35 det
1685 1915 119 37 första

200 1956 51 44 år,
295 1955 118 36 under
454 1956 119 36 vilket
614 1970 45 23 en
699 1958 221 38 individuell
948 1961 162 37 kontroll
1140 1963 234 38 beträffande
1402 1965 326 49 utminuteringen
1758 1981 45 23 av

198 2006 254 49 spritdrycker
480 2008 266 49 obligatoriskt
774 2012 248 49 tillämpades.
1067 2013 321 50 Utskänkningen
1409 2031 67 22 var
1497 2018 168 36 däremot
1685 2020 118 36 under

198 2057 103 37 detta
343 2061 52 44 år,
438 2060 161 36 frånsett
638 2062 311 50 utskänkningen
978 2079 47 22 av
1054 2067 188 47 egentligt
1270 2068 196 47 brännvin,
1496 2070 32 48 ej
1560 2071 156 36 föremål
1746 2072 57 36 för

198 2112 120 46 några
346 2111 153 36 särskilt
526 2112 217 37 restriktiva
772 2115 189 48 åtgärder.
1009 2117 210 37 Resultatet
1244 2118 83 37 blev
1345 2120 82 47 ock,
1449 2126 54 30 att
1523 2121 278 50 försäljningen

196 2162 359 49 utminuteringsvis
589 2164 70 36 och
688 2166 279 50 försäljningen
996 2171 20 33 å
1045 2169 182 49 bolagens
1256 2184 98 35 egna
1382 2172 419 52 utskänkningsrättig-

197 2212 117 48 heter,
358 2217 19 33 å
421 2216 101 35 vilka
564 2216 234 37 sistnämnda
835 2219 306 50 huvudsakligen
1171 2224 188 47 egentligt
1386 2223 185 38 brännvin
1601 2222 197 58 försåldes,

196 2265 131 36 visade
356 2279 44 23 en
430 2267 103 36 stark
562 2268 180 50 nedgång
765 2270 158 48 jämfört
951 2272 83 36 med
1071 2275 264 36 motsvarande
1364 2275 227 51 försäljning
1619 2280 39 34 år
1688 2281 110 45 1915,

1834 1405 129 24 Gällande
1982 1408 40 21 ut-

1832 1440 185 32 minuterings-

1829 1476 197 24 be-tämmelser

1832 1514 65 28 göra
1916 1511 104 24 restrik-

1824 1545 85 24 tioner
1927 1546 44 30 för
1988 1548 42 21 ut-

1836 1581 182 32 skänkningen

1840 1616 176 32 nödvändiga.
