2204 2608
391 159 84 46 90
820 154 361 43 Bevillningsutskottets
1204 153 196 32 betänkande
1425 153 50 31 Nr
1499 154 49 29 39.

390 236 195 48 inlösning
613 248 45 23 av
687 235 70 36 och
786 234 214 48 ersättning
1028 233 56 36 till
1115 232 353 36 vinhandelsfirmor
1495 230 70 37 och
1594 230 107 36 deras
1729 229 185 48 personal,
1935 234 53 31 att

391 287 291 49 ifrågavarande
712 284 420 50 ersättningsspörsmål
1160 297 155 23 numera
1344 283 147 37 erhållit
1518 295 46 23 en
1594 281 117 37 sådan
1738 281 166 49 lösning,
1934 286 54 31 att

390 342 128 46 någon
560 338 160 37 särskild
763 337 133 49 åtgärd
938 337 82 35 från
1061 335 313 37 statsmakternas
1417 334 81 37 sida
1525 334 84 36 icke
1637 346 90 23 vore
1754 333 232 48 erforderlig.

391 391 17 35 I
450 391 67 36 sitt
557 390 175 50 yttrande
774 395 89 30 över
903 388 288 49 propositionen
1232 386 156 37 anförde
1427 385 295 46 statsutskottet,
1751 389 68 35 att.
1834 384 69 36 det
1925 384 63 35 vid

390 442 192 49 prövning
618 455 48 22 av
699 441 72 37 vad
800 441 11 35 i
840 439 155 37 ärendet
1024 438 239 38 förekommit
1292 438 70 36 och
1392 438 44 36 de
1465 437 210 44 slutsatser,
1705 449 80 23 som
1812 435 12 35 i
1853 448 135 36 propo-

391 494 112 36 sition
532 494 89 35 eller
649 491 495 49 ersättningssakkunnigas
1174 489 239 37 betänkande
1441 489 108 36 blivit
1577 487 178 47 uttalade,
1786 487 124 36 funnit
1929 487 60 47 sig

391 545 129 36 kunna
547 545 11 35 i
588 545 65 36 allt
696 543 204 48 väsentligt
942 543 147 36 ansluta
1131 542 60 49 sig
1219 541 57 37 till
1303 541 205 37 desamma.
1563 541 210 44 Riksdagen
1798 540 192 44 godkände

393 599 95 35 detta
525 598 184 35 utskottets
746 596 184 36 uttalande
968 597 63 34 och
1072 595 149 35 därmed
1248 594 295 46 spritcentralens
1572 593 81 36 hela
1681 592 217 44 inlösnings-
1927 591 62 35 och

393 649 451 45 ersättningsverksamhet.

930 802 38 32 B.
1014 802 169 40 Bolagets
1206 800 259 42 organisation.

816 915 27 26 1.
880 914 251 34 Bolagsordning,
1152 915 138 32 styrelse,
1310 913 264 32 stamaktleägare.

375 1058 11 9 .
526 1013 73 38 Det
627 1014 68 36 har
721 1013 163 49 tidigare
912 1018 164 41 nämnts,
1107 1017 55 31 att
1189 1010 249 51 registrering
1466 1011 57 35 för
1552 1009 258 47 aktiebolaget
1837 1007 94 37 Vin-
1960 1006 30 36 &

396 1067 289 49 spritcentralen
720 1066 187 47 begärdes
935 1065 11 35 i
976 1063 214 49 september
1229 1065 108 35 1917.
1393 1063 82 36 Den
1511 1064 43 34 17
1586 1060 158 37 oktober
1775 1060 94 35 1917
1900 1059 91 35 kon-

397 1117 224 38 stituerades
637 1117 155 48 bolaget
807 1117 63 35 vid
886 1114 279 38 sammanträde
1180 1115 11 35 i
1208 1114 231 37 Stockholm.
1470 1112 298 48 Aktiekapitalet
1777 1109 213 38 bestämdes

396 1170 57 36 till
484 1170 227 46 11,225,000
740 1169 151 46 kronor,
920 1180 116 24 varav
1056 1168 165 45 225,000
1241 1167 11 35 i
1272 1165 221 37 stamaktier
1512 1164 70 37 och
1606 1164 226 47 11,000,000
1852 1162 139 36 kronor

395 1222 12 35 i
435 1220 328 51 preferensaktier.
803 1219 292 47 Stamaktierna,
1124 1218 103 36 vilka
1258 1218 117 48 ägdes
1401 1231 45 23 av
1466 1216 257 48 aktiebolaget
1743 1214 248 37 stockholms-

396 1278 181 44 systemet
617 1285 92 23 voro
746 1272 11 35 i
794 1271 119 37 likhet
955 1270 83 37 med
1080 1270 73 36 vad
1195 1283 80 23 som
1313 1269 126 49 gällde
1468 1269 57 35 för
1554 1267 437 48 stockholmssystemets

397 1325 133 48 övriga
558 1325 12 35 i
599 1324 63 36 det
692 1324 228 48 föregående
951 1322 160 37 berörda
1139 1321 251 48 dotterbolag,
1420 1319 194 38 utrustade
1635 1319 85 36 med
1739 1317 254 37 röstövervikt

396 1376 63 36 vid
489 1376 376 48 bolagsstämmorna.
923 1373 380 47 Preferensaktierna,
1332 1373 103 35 vilka
1462 1371 202 37 tecknades
1692 1370 12 36 i
1724 1375 123 44 öppna
1868 1369 122 36 mark-

397 1428 135 47 naden,
575 1426 240 49 berättigade
856 1426 56 36 till
954 1425 98 37 intill
1094 1427 6 33 7
1132 1430 157 43 procent
1332 1423 256 37 ackumulativ
1616 1422 211 46 utdelning.
1883 1413 109 44 Åter-

396 1479 156 37 stående
593 1479 103 35 vinst
732 1478 133 47 skulle,
908 1478 115 35 sedan
1065 1476 248 47 erforderliga
1342 1475 263 48 avsättningar
1634 1473 56 37 till
1719 1473 132 37 fonder
1880 1473 111 44 skett,

397 1531 149 36 tillfalla
583 1529 280 37 stamaktierna.
918 1529 104 35 Enär
1050 1528 436 48 stockholmssystemets
1514 1526 227 36 vinstmedel
1764 1525 229 37 inlevereras

398 1583 56 35 till
492 1582 228 36 statsverket
750 1581 168 48 framgår
947 1580 128 46 härav,
1107 1584 55 31 att
1189 1578 249 49 utdelningen
1466 1580 48 46 på
1542 1577 307 50 spritcentralens
1878 1581 115 31 stam-

398 1635 121 35 aktier
560 1634 67 36 allt
668 1633 85 36 från
797 1632 172 48 bolagets
1010 1630 236 50 begynnelse
1287 1631 63 35 via
1387 1629 416 50 stockholmssystemet
1839 1627 154 37 tillförts

397 1686 244 36 statskassan.

526 1737 134 36 Denna
697 1735 252 38 konstitution
986 1735 58 36 för
1083 1734 288 50 spritcentralen
1400 1734 68 36 har
1497 1733 170 37 förblivit
1694 1732 174 49 gällande
1898 1731 97 37 ända

398 1789 53 36 till
494 1789 135 36 mitten
671 1801 48 23 av
761 1790 39 34 år
838 1788 109 45 1920,
986 1786 46 36 då
1060 1787 104 35 vissa
1192 1786 287 49 betydelsefylla
1507 1785 270 48 förändringar
1804 1785 11 35 i
1844 1784 150 48 bolags-

398 1841 214 48 ordningen
631 1839 282 50 genomfördes.
960 1839 73 36 Det
1053 1839 69 35 har
1142 1838 163 48 tidigare
1320 1842 164 43 nämnts,
1505 1842 54 31 att
1579 1836 416 48 stockholmssystemet

397 1893 12 35 i
437 1892 202 37 skrivelser
667 1892 118 36 under
813 1893 41 34 år
885 1892 93 34 1917
1011 1890 184 36 förklarat
1223 1890 60 48 sig
1311 1890 137 47 villigt,
1478 1895 53 30 att
1554 1889 129 36 därest
1702 1887 293 38 statsmakterna

398 1947 41 33 så
467 1944 178 46 önskade,
675 1943 57 36 till
762 1942 83 37 dem
875 1942 95 36 efter
997 1942 176 49 parikurs
1203 1946 151 44 avyttra
1383 1941 272 36 stamaktierna
1675 1940 12 36 i
1707 1939 288 50 spritcentralen

398 1996 89 36 eller
528 1995 207 36 eventuellt
774 1995 208 36 inleverera
1023 1994 84 36 dem
1151 2006 81 23 som
1274 1993 233 36 vinstmedel.
1564 1992 17 36 I
1623 1992 180 36 skrivelse
1844 1991 73 36 den
1948 1991 46 35 20

398 2047 199 37 december
627 2049 96 34 1919
754 2046 57 36 till
840 2046 132 36 chefen
1004 2045 55 36 för
1087 2044 429 49 finansdepartementet
1543 2049 150 44 upptog
1722 2043 153 48 bolaget
1896 2045 98 46 ånyo

399 2099 123 36 denna
550 2099 107 48 fråga
685 2098 71 37 och
785 2097 187 48 framhöll,
989 2102 54 31 att
1068 2096 63 37 det
1150 2097 162 48 alltjämt
1332 2096 107 36 stode
1459 2096 90 36 kvar
1570 2098 123 34 såsom
1714 2100 52 32 ett
1785 2093 209 47 önskemål,

399 2156 56 30 att
494 2151 154 48 bolaget
691 2150 186 36 befriades
919 2149 82 35 från
1043 2148 73 37 den
1145 2148 58 36 del
1233 2162 46 23 av
1308 2148 58 36 sin
1395 2147 242 37 verksamhet
1666 2147 70 36 och
1765 2147 66 36 sitt
1858 2159 138 23 ansvar

398 2216 80 22 som
507 2215 90 23 vore
626 2201 156 37 förenad
811 2201 84 36 med
923 2200 202 37 innehavet
1153 2214 47 22 av
1228 2200 308 49 spritcentralens
1566 2199 239 46 stamaktier,
1825 2198 104 36 vilka
1949 2198 46 36 då

399 2267 140 35 genom
569 2254 233 49 nyemission
831 2253 109 36 ökats
970 2252 55 36 till
1055 2257 54 31 ett
1137 2252 137 49 belopp
1303 2265 47 23 av
1379 2252 163 47 400,000
1571 2251 150 36 kronor.
1767 2250 86 36 Med
1874 2250 121 37 anled-
