2214 2624
687 167 361 40 Bevillningsutskottets
1073 168 194 30 betänkande
1293 168 49 30 Nr
1367 171 49 27 39.
1767 170 39 29 27

379 242 62 31 För
476 244 251 39 genomförande
763 255 39 20 av
838 243 411 43 partihandelsmonopolet
1281 244 120 32 krävas
1432 244 89 32 vissa
1549 246 174 40 ändringar
1746 246 10 31 i
1780 256 71 21 rus-

249 285 573 42 drycksförsäljningsförordningen.
850 287 186 41 varigenom
1061 289 55 30 det
1139 288 167 40 lagfästes,
1332 291 50 29 att
1405 288 227 41 partihandeln
1655 290 74 30 med
1752 289 99 42 sprit-

249 328 139 40 drycker
412 330 59 30 och
497 329 91 32 viner
612 333 116 29 utövas
752 342 41 20 av
819 332 49 30 ett
891 332 258 40 monopolbolag.
1188 333 7 29 I
1221 332 39 31 de
1275 343 65 29 nya
1356 332 256 39 bestämmelser,
1630 343 67 21 som
1716 333 136 32 sålunda

249 371 103 32 skulle
376 372 122 32 införas
521 373 11 31 i
555 374 257 40 lagstiftningen,
838 374 91 31 torde
953 376 183 37 grunderna
1160 375 49 31 för
1233 375 372 41 partihandelsbolagets
1629 376 222 40 organisation

249 415 145 40 angivas,
429 416 117 32 liksom
582 418 55 30 det
659 417 10 31 i
693 417 94 40 fråga
822 428 50 20 om
906 418 373 40 detaljhandelsbolagen
1311 420 98 30 redan
1440 423 36 27 är
1500 419 155 40 tämligen
1679 419 173 41 detaljerat

249 459 132 39 angivet
405 459 94 32 dessa
522 460 112 40 bolags
658 460 196 40 befogenhet
878 461 59 31 och
962 461 232 40 skyldigheter.

379 503 87 30 Enär
500 503 60 31 den
593 503 232 40 organisation,
849 514 70 20 som
944 504 38 31 de
1006 505 185 31 nuvarande
1215 504 361 41 partihandelsbolagen
1600 516 38 20 av
1664 506 61 30 den
1749 506 102 31 Grön-

248 545 150 32 stedtska
432 547 100 39 typen
564 546 139 38 erhållit,
736 557 97 30 synes
865 547 135 40 erbjuda
1023 550 110 29 staten
1155 558 39 21 en
1217 548 130 40 garanti
1370 548 60 38 för,
1456 549 50 30 att
1528 548 228 41 partihandeln
1779 549 72 31 med

249 588 223 41 spritdrycker
497 589 59 31 och
581 589 54 31 vin
659 590 50 31 för
734 589 173 32 framtiden
931 591 148 31 kommer
1102 592 50 29 att
1170 591 190 31 handhavas
1377 593 42 39 på
1434 593 50 29 ett
1500 602 37 20 ur
1553 592 299 31 statsekonomiska

248 632 202 40 synpunkter
473 632 60 31 och
559 632 397 42 nykterhetssynpunkter
978 633 302 32 tillfredsställande
1303 636 77 35 sätt,
1402 635 93 31 torde
1511 634 103 31 denna
1630 634 221 40 organisation

249 675 9 31 i
293 675 185 40 väsentliga
513 676 181 32 avseenden
729 677 109 31 kunna
868 678 168 30 överföras
1059 680 42 39 på
1124 677 55 32 det
1201 678 60 30 här
1285 688 83 21 ovan
1391 677 198 41 ifrågasatta
1611 678 239 41 partihandels-

248 719 293 40 monopolbolaget.
588 719 14 31 I
636 719 144 41 enlighet
802 720 135 32 härmed
961 731 97 30 synes
1082 722 55 30 det
1159 721 78 32 böra
1261 721 200 32 bestämmas
1484 721 10 31 1
1517 721 259 41 lagstiftningen,
1801 723 51 30 att

247 762 114 40 rening
395 773 41 21 av
470 762 159 32 brännvin
658 768 154 27 ävensom
836 764 205 40 partihandel
1064 765 73 31 med
1160 765 224 41 spritdrycker
1407 765 62 32 och
1491 764 56 32 vin
1571 765 204 32 uteslutande
1798 766 54 31 må

249 805 148 32 bedrivas
433 816 40 21 av
508 808 49 29 ett
584 806 50 32 för
658 807 91 32 detta
773 807 149 32 ändamål
945 808 102 31 bildat
1070 808 330 41 partihandelsbolag.
1447 809 101 31 Detta
1571 809 97 40 bolag
1690 809 59 31 bör
1772 819 80 21 vara

248 851 36 29 så
307 849 111 37 bildat,
443 851 51 29 att
518 849 150 33 aktierna
690 851 93 31 bestå
807 851 67 31 dels
898 862 41 20 av
963 851 203 40 stamaktier,
1189 852 69 31 dels
1274 852 283 41 preferensaktier.
1597 852 253 39 Stamaktierna,

248 903 68 20 som
347 893 93 31 skola
463 892 179 33 innehavas
666 904 40 21 av
730 896 118 35 staten,
872 894 94 32 skola
989 895 147 31 medföra
1159 896 102 30 sådan
1284 897 139 29 rösträtt
1447 896 19 30 å
1491 895 285 40 bolagsstämman,
1802 898 50 30 att

247 936 95 32 dessa
376 935 106 32 aktier
515 936 162 32 innehava
710 937 218 41 majoriteten.
975 938 322 32 Preferensaktierna
1331 938 94 31 skola
1453 938 137 32 framför
1613 939 239 32 stamaktierna

248 979 146 32 medföra
427 980 69 31 rätt
530 979 51 31 till
615 991 39 20 en
685 980 68 32 viss
776 981 183 39 begränsad
983 981 176 40 utdelning.
1205 981 326 32 Preferensaktierna
1553 982 93 32 skola
1671 982 181 32 successivt

246 1022 131 39 inlösas,
413 1022 61 32 och
507 1023 93 31 torde
630 1023 118 41 Kungl.
773 1024 94 40 Maj:t
890 1024 198 32 härutinnan
1110 1025 79 31 böra
1211 1025 148 31 meddela
1381 1025 256 32 bestämmelser.
1684 1025 168 42 Styrelsen

247 1066 84 32 skall
365 1067 93 31 bestå
493 1076 41 21 av
557 1067 99 40 högst
680 1069 16 30 7
722 1067 180 32 ledamöter
925 1070 86 30 samt
1034 1070 49 30 ett
1107 1068 82 33 visst
1214 1068 89 32 antal
1326 1068 209 42 suppleanter
1558 1069 52 32 för
1632 1070 104 38 dessa,
1761 1070 90 31 vilka

246 1110 51 32 för
331 1109 67 33 viss
432 1109 57 38 tid,
525 1112 24 30 t.
585 1121 50 21 ex.
669 1114 50 29 tre
750 1112 46 38 år,
826 1111 94 32 skola
948 1113 42 40 på
1013 1112 125 41 förslag
1161 1123 41 21 av
1224 1112 307 41 kontrollstyrelsen
1554 1115 90 30 utses
1668 1124 41 20 av
1731 1114 118 40 Kungl.

246 1154 103 40 Maj:t.
395 1153 361 42 Partihandelsbolaget
790 1155 84 31 skall
908 1155 55 32 vid
997 1156 162 32 utövande
1187 1167 40 21 av
1251 1156 49 31 sin
1324 1156 212 32 verksamhet
1558 1157 52 31 stå
1633 1157 101 32 under
1757 1162 94 27 över-

246 1197 150 32 inseende
420 1208 42 20 av
484 1198 307 40 kontrollstyrelsen
815 1199 60 31 och
898 1199 87 32 hava
1008 1201 51 30 att
1082 1200 97 31 ställa
1202 1200 51 40 sig
1275 1200 51 32 till
1341 1200 222 32 efterrättelse
1580 1201 38 31 de
1633 1200 217 33 föreskrifter.

245 1241 308 40 kontrollstyrelsen
568 1242 200 32 beträffande
785 1242 239 41 aktiebolagets
1040 1243 202 40 förvaltning
1258 1248 154 27 ävensom
1429 1244 166 40 angående
1612 1245 239 41 räkenskapers

246 1284 134 32 förande
403 1284 66 32 kan
492 1285 156 32 meddela.
696 1286 248 40 Granskningen
968 1297 41 21 av
1032 1287 149 40 bolagets
1204 1287 202 41 förvaltning
1430 1287 84 32 skall
1530 1287 198 33 verkställas
1744 1299 40 21 av
1800 1290 51 30 tre

245 1327 171 39 revisorer,
453 1338 41 21 av
528 1328 91 32 vilka
652 1330 58 31 två
745 1332 89 29 utses
861 1341 41 20 av
926 1330 307 41 kontrollstyrelsen
1256 1331 61 31 och
1341 1341 39 21 en
1404 1341 41 21 av
1468 1330 221 33 innehavarna
1713 1342 41 21 av
1777 1342 73 31 pre-

246 1370 269 33 ferensaktierna.
562 1372 206 41 Granskning
803 1384 41 21 av
875 1373 150 40 bolagets
1049 1374 200 40 förvaltning
1272 1374 59 32 och
1356 1374 223 41 räkenskaper
1601 1375 105 31 skulle
1727 1375 121 40 jämväl

247 1419 58 27 när
332 1425 69 21 som
424 1415 87 31 helst
533 1415 109 32 kunna
665 1416 168 40 företagas
857 1427 41 20 av
923 1416 115 32 chefen
1061 1417 52 32 för
1135 1417 306 41 kontrollstyrelsen
1465 1418 78 32 eller
1566 1428 42 21 av
1629 1429 127 30 person,
1781 1429 69 21 som

245 1458 306 41 kontrollstyrelsen
574 1459 178 33 förordnat.
799 1459 59 32 Om
884 1460 239 33 ansvarsfrihet
1145 1461 105 32 skulle
1272 1461 118 40 Kungl.
1415 1461 95 41 Maj:t
1532 1461 136 33 besluta.
1714 1462 53 31 Av
1790 1463 61 31 den

245 1502 99 38 vinst,
379 1512 70 21 som
484 1504 150 40 uppstått
668 1504 19 31 å
720 1504 150 40 bolagets
899 1504 132 38 rörelse,
1065 1505 98 31 sedan
1187 1504 168 41 utdelning
1377 1504 51 32 till
1450 1505 321 41 preferensaktierna
1793 1508 57 38 ägt

245 1557 81 25 rum,
351 1546 84 31 skall
458 1546 132 41 bolaget
614 1547 84 32 efter
720 1547 118 41 Kungl.
863 1548 111 41 Maj:ts
998 1548 212 41 medgivande
1234 1553 62 36 äga
1320 1550 133 30 avsätta
1475 1548 68 32 viss
1559 1549 51 32 del
1626 1549 49 32 till
1692 1550 158 40 gäldande

246 1600 41 21 av
322 1590 169 40 utskylder
523 1592 86 30 samt
643 1591 50 32 till
727 1591 200 33 reservfond.
974 1592 73 31 Vad
1079 1603 69 21 som
1180 1592 175 32 därutöver
1383 1593 143 31 återstår
1550 1603 41 21 av
1614 1593 129 32 vinsten
1766 1594 84 31 skall

245 1633 132 41 bolaget
414 1633 123 32 insätta
572 1635 18 30 å
624 1635 220 32 statsverkets
878 1635 213 41 giroräkning
1124 1636 10 31 i
1169 1636 197 32 riksbanken
1398 1637 108 31 såsom
1540 1637 309 41 rusdrycksförsälj-

246 1677 211 41 ningsmedel.

375 1721 50 31 Då
458 1721 366 41 partihandelsbolaget,
862 1722 102 41 enligt
996 1722 64 32 vad
1093 1733 83 21 ovan
1199 1724 101 39 sagts,
1325 1723 85 32 skall
1432 1723 175 32 handhava
1629 1723 156 41 reningen
1809 1735 41 21 av

245 1764 159 31 brännvin
438 1767 87 29 samt
558 1765 227 41 partihandeln
820 1766 72 31 med
924 1766 225 41 spritdrycker
1176 1766 61 32 och
1260 1766 64 38 vin,
1348 1767 97 41 följer
1468 1766 113 40 härav,
1606 1770 51 29 att
1681 1768 60 31 allt
1762 1767 88 32 inom

245 1808 110 32 landet
388 1807 172 33 tillverkat
593 1809 160 31 brännvin
788 1810 61 31 och
872 1809 64 39 vin,
962 1812 110 30 avsett
1095 1810 50 32 för
1167 1810 150 32 inhemsk
1340 1810 224 41 förbrukning,
1589 1811 84 32 skall
1696 1811 154 42 försäljas

244 1851 51 32 till
317 1851 365 42 partihandelsbolaget,
707 1857 154 28 ävensom
885 1855 51 30 att
952 1854 43 31 all
1010 1853 121 42 import
1147 1864 41 21 av
1204 1853 225 42 spritdrycker
1445 1854 61 32 och
1522 1855 54 31 vin
1592 1855 58 32 bör
1665 1854 184 33 tillkomma

244 1895 132 40 bolaget
399 1896 72 31 med
495 1896 205 32 uteslutande
724 1898 77 30 rätt.
847 1897 15 31 I
886 1897 80 41 följd
988 1897 104 32 härav
1114 1897 122 32 krävas
1258 1908 65 30 nya
1346 1898 246 32 bestämmelser
1614 1898 115 32 härom
1751 1899 10 32 i
1778 1909 71 22 rus-

245 1939 572 42 drycksförsäljningsförordningen.
864 1941 375 32 Brännvinstillverkare
1263 1942 58 31 bör
1343 1952 81 21 vara
1447 1941 131 42 skyldig
1600 1944 51 30 att
1672 1942 52 32 till
1745 1942 103 42 parti-

243 1982 267 41 handelsbolaget
533 1984 137 41 försälja
693 1984 59 32 allt
775 1984 51 32 för
849 1984 150 32 inhemsk
1022 1985 216 41 förbrukning
1254 1987 109 30 avsett
1379 1985 170 32 beskattat
1564 1986 169 32 brännvin.
1768 1986 80 32 Till-

244 2026 160 41 verkning
428 2037 41 21 av
492 2027 65 39 vin,
582 2038 69 21 som
674 2028 87 31 inom
784 2028 112 32 landet
917 2028 151 32 bedrives
1092 2039 41 21 av
1156 2030 48 31 ett
1220 2029 83 31 fåtal
1318 2028 147 33 fabriker
1480 2029 62 32 och
1558 2040 69 21 som
1643 2030 11 31 i
1671 2030 178 32 allmänhet

245 2080 96 22 avser
367 2070 281 41 tillgodogörande
672 2082 41 21 av
736 2071 171 32 inhemska
930 2072 58 31 bär
1012 2072 60 32 och
1096 2072 137 38 frukter,
1257 2073 93 31 torde
1373 2073 203 32 fortfarande
1599 2074 108 32 såsom
1729 2073 119 33 hittills

245 2114 33 31 få
310 2116 117 30 utövas
461 2116 107 30 såsom
597 2114 125 33 enskild
745 2115 126 40 näring,
895 2126 75 21 men
992 2116 60 31 bör
1074 2115 246 33 vintillverkare
1344 2127 81 21 vara
1447 2116 132 41 skyldig
1602 2119 50 30 att
1675 2117 51 32 till
1747 2117 100 42 parti-

244 2157 268 41 handelsbolaget
535 2158 135 42 försälja
694 2159 59 31 allt
776 2158 65 40 vin,
866 2170 70 21 som
960 2159 73 32 icke
1058 2170 41 21 av
1122 2159 269 33 vintillverkaren
1413 2162 201 39 exporteras.

375 2202 71 31 Vad
481 2202 161 41 importen
678 2213 40 21 av
752 2202 224 42 spritdrycker
1009 2203 61 32 och
1102 2203 55 31 vin
1188 2203 155 32 beträffar
1375 2204 93 31 torde
1492 2204 113 39 denna,
1630 2209 78 28 enär
1731 2205 98 40 detalj
