2192 2624
632 158 356 40 Bevillningsutskottets
1012 158 196 31 betänkande
1233 159 50 30 Nr
1308 160 49 28 59.
1687 158 58 31 115

1408 349 123 36 Bilaga
1557 351 31 27 2.

527 594 135 31 KUNGL.
688 594 423 31 KONTROLLSTYRELSENS
1136 596 177 28 CIRKULÄR
1331 603 44 21 NB
1398 595 37 29 15

378 688 76 32 med
479 688 231 33 föreskrifter
734 689 228 32 beträffande
988 689 607 41 brännvinsförsäljningsbolagens

799 750 112 42 inköp
934 759 42 23 av
998 751 189 31 brännvin.

324 844 117 41 Kungl.
459 845 307 40 kontrollstyrelsen
782 845 51 31 får
853 845 135 31 härmed
1005 844 157 38 meddela,
1185 846 50 30 att
1251 845 169 40 styrelsen,
1436 845 84 31 efter
1535 844 254 32 kontrollrådets

194 888 151 38 hörande,
377 887 134 41 jämlikt
543 888 197 40 stadgandet
773 888 11 31 i
821 890 38 29 15
895 888 18 41 8
949 889 15 30 1
1000 899 97 20 mom.
1134 898 41 21 av
1208 887 231 41 förordningen
1472 888 62 31 den
1569 889 19 30 9
1609 887 71 42 juni
1706 888 83 31 1905

195 931 164 40 angående
389 930 193 41 försäljning
610 942 41 21 av
674 931 168 38 brännvin,
867 931 117 31 sådant
1005 931 142 31 nämnda
1169 931 127 40 lagrum
1319 930 92 41 lyder
1433 931 103 40 enligt
1558 931 231 39 förordningen

194 974 61 32 den
289 975 19 30 3
340 973 70 42 juni
448 975 92 37 1915,
570 974 51 32 till
644 974 221 32 efterrättelse
889 974 51 32 för
963 974 529 41 brännvinsförsäljningsbolagen
1515 975 144 31 beslutat
1680 974 110 32 lämna

195 1018 140 41 följande
359 1017 206 32 föreskrifter
587 1017 201 33 beträffande
811 1017 547 42 brännvinsförsäljningsbolagens
1381 1017 98 42 inköp
1503 1029 42 20 av
1567 1017 170 33 brännvin.

961 1089 14 30 1
995 1067 33 68 8.

323 1147 493 42 Brännvinsförsäljningsbolag
849 1148 126 41 åligger
1007 1150 59 36 att,
1096 1149 44 40 på
1169 1150 68 30 sätt
1260 1148 60 32 här
1343 1148 104 32 nedan
1468 1152 151 28 närmare
1647 1148 143 41 angives,

195 1202 116 30 genom
336 1202 39 21 en
394 1193 87 40 pris-
504 1192 55 31 och
581 1192 244 42 inköpsnämnd,
850 1203 70 21 som
937 1203 41 20 av
993 1192 308 40 kontrollstyrelsen
1315 1191 167 39 tillsättes,
1498 1192 122 41 inköpa
1636 1191 154 41 samtliga

194 1235 38 32 de
255 1235 71 41 slag
350 1246 40 20 av
413 1235 168 39 brännvin,
606 1246 70 21 som
700 1240 56 27 äro
780 1235 214 41 erforderliga
1016 1235 52 32 för
1091 1235 161 32 rörelsens
1276 1236 171 31 utövande.

958 1305 70 40 28.

327 1365 26 31 1.
399 1364 88 31 Pris-
511 1364 61 32 och
595 1364 287 42 inköpsnämnden,
907 1376 69 21 som
999 1365 61 32 har
1082 1365 52 31 sin
1149 1365 211 32 verksamhet
1375 1365 129 41 förlagd
1520 1365 52 32 till
1587 1365 200 38 Stockholm,

194 1407 84 32 skall
314 1408 93 31 bestå
445 1419 42 20 av
520 1408 99 40 högst
652 1408 65 32 fem
751 1408 189 40 ledamöter,
976 1419 42 21 av
1040 1408 91 32 vilka
1153 1408 306 42 kontrollstyrelsen
1482 1409 172 32 förordnar
1676 1419 40 22 en
1740 1410 50 30 att

194 1462 80 21 vara
296 1451 202 32 ordförande.

322 1496 29 30 2.
397 1495 237 32 Ledamöterna
656 1495 11 31 i
690 1495 160 32 nämnden
872 1495 160 33 tillsättas
1054 1495 52 32 för
1129 1506 40 21 en
1194 1495 47 32 tid
1266 1507 41 20 av
1329 1495 100 33 minst
1451 1496 49 31 ett
1523 1496 46 31 år.

323 1540 29 30 3.
402 1538 203 33 Instruktion
629 1539 51 32 för
701 1539 84 42 pris-
809 1539 62 32 och
893 1539 278 42 inköpsnämnden
1194 1539 149 32 utfärdas
1366 1550 42 21 av
1430 1539 315 41 kontrollstyrelsen.

960 1609 19 31 3
1003 1609 28 41 8.

323 1669 87 32 Pris-
433 1669 62 32 och
518 1668 279 43 inköpsnämnden
820 1670 86 31 skall
927 1669 12 32 i
961 1669 64 41 god
1053 1669 48 32 tid
1125 1670 70 32 före
1221 1670 91 41 varje
1331 1670 211 32 kalenderårs
1562 1670 121 41 ingång
1703 1671 87 31 samt

194 1713 103 41 eljest,
332 1713 42 31 då
407 1712 160 32 nämnden
600 1712 38 32 så
670 1713 104 32 finner
806 1713 160 42 lämpligt,
1002 1713 189 41 offentligen
1217 1713 147 32 infordra
1393 1714 106 31 anbud
1522 1714 19 31 å
1563 1714 151 32 leverans
1736 1712 52 33 till

192 1755 527 42 brännvinsförsäljningsbolagen
741 1758 19 31 å
784 1756 89 33 olika
895 1757 156 41 varuslag
1073 1768 42 21 av
1137 1757 169 32 brännvin.

321 1800 207 32 Beträffande
551 1800 39 32 de
613 1800 162 32 särskilda
797 1800 255 39 bestämmelser,
1077 1811 71 21 som
1171 1800 55 32 vid
1247 1800 224 33 infordrandet
1494 1811 41 21 av
1559 1800 106 33 anbud
1680 1800 110 32 kunna

192 1854 81 21 vara
295 1843 221 41 erforderliga,
540 1844 147 32 beslutar
708 1844 307 41 kontrollstyrelsen
1037 1844 85 32 efter
1143 1844 125 41 förslag
1292 1855 41 21 av
1355 1845 169 31 nämnden.

959 1915 20 30 4
1003 1914 27 41 8.

323 1974 166 39 Anbuden,
524 1985 70 21 som
622 1975 94 31 skola
738 1975 51 32 till
811 1974 163 33 nämnden
996 1974 129 41 ingivas
1147 1974 11 32 i
1181 1974 159 41 förseglat
1363 1974 94 32 skick
1480 1976 87 30 samt
1590 1979 59 27 när
1671 1975 38 31 så
1730 1975 58 41 på-

194 2018 137 39 fordras,
366 2028 81 22 vara
482 2018 137 41 åtföljda
654 2029 42 21 av
729 2029 81 31 prov
838 2019 44 41 på
904 2029 112 29 varan,
1040 2018 94 32 skola
1156 2018 98 32 bland
1277 2020 100 30 annat
1399 2017 163 33 innehålla
1585 2018 130 42 uppgift
1736 2028 53 22 om

193 2061 67 42 pris
282 2063 20 31 å
325 2072 102 22 varan
449 2063 102 38 netto,
576 2073 53 21 om
652 2063 219 31 leveranssätt
894 2062 61 32 och
979 2073 52 21 om
1055 2062 62 32 den
1139 2062 207 41 myckenhet,
1366 2072 71 22 som
1456 2062 262 41 anbudsgivaren
1732 2061 58 32 vill

191 2106 155 32 leverera.

955 2150 19 30 5
999 2149 27 41 8.

321 2210 171 33 Nämnden
529 2210 95 39 skall,
660 2211 59 31 där
752 2211 38 32 så
823 2215 120 37 prövas
976 2210 123 40 nödigt,
1124 2209 69 33 låta
1215 2210 169 39 brännvin,
1409 2211 81 31 varå
1513 2210 108 32 anbud
1643 2210 145 41 ingivits,

193 2254 143 41 undergå
358 2265 81 31 prov
462 2254 73 32 med
558 2254 127 41 hänsyn
707 2253 51 33 till
781 2254 141 32 kvalitet
946 2254 61 32 och
1032 2253 212 33 alkoholhalt.
