1890 2804
291 174 42 30 28
710 171 287 35 Statsutskottets
1019 171 184 36 utlåtande
1226 184 41 23 nr
1284 177 76 31 182.

338 251 200 43 Riksdagen
560 252 200 41 (skrivelsen
781 256 99 30 1942:
895 254 80 41 406)
1000 255 108 41 ansåg
1127 253 123 44 frågan
1270 267 58 21 om
1348 256 237 41 upprättande
1606 268 44 22 av
1672 269 40 21 en
1733 268 47 30 ny

294 304 230 35 normalskola
545 304 85 35 böra
651 305 227 35 underkastas
899 306 147 43 förnyad
1068 307 193 43 utredning.
1283 306 231 36 Beträffande
1535 308 166 43 förslaget
1724 321 56 22 om

294 357 200 34 inrättande
508 370 43 21 av
566 362 52 29 ett
632 358 462 44 psykologisk-pedagogiskt
1109 360 141 34 institut
1264 360 144 35 anförde
1424 361 192 43 riksdagen:

336 427 198 44 Riksdagen
552 429 94 34 delar
664 429 385 42 departementschefens
1067 430 222 44 uppfattning
1307 444 57 21 om
1384 436 54 30 att
1457 444 40 22 en
1515 432 145 43 livaktig
1677 433 100 42 peda-

293 472 116 42 gogisk
426 472 350 35 försöksverksamhet
794 477 36 30 är
848 474 196 43 nödvändig
1061 474 52 34 för
1130 475 190 43 främjande
1338 488 45 22 av
1401 481 50 30 ett
1469 476 310 35 framåtskridande

291 517 93 33 mom
405 517 257 34 skolväsendets
684 518 147 34 område.
852 519 104 33 Mera
975 519 219 34 omfattande
1214 520 230 42 pedagogiska
1465 520 118 34 försök
1603 521 111 40 torde,
1735 522 45 41 på

293 563 69 32 sätt
382 561 371 42 departementschefen
774 562 195 41 framhållit,
991 563 81 34 böra
1096 563 166 43 förläggas
1283 565 50 33 till
1357 563 114 35 därför
1494 565 133 34 särskilt
1651 566 129 41 ägnade

293 605 244 34 läroanstalter.
554 606 197 43 Riksdagen
766 606 61 34 har
843 607 74 34 icke
934 607 112 34 funnit
1063 608 181 43 anledning
1259 609 48 33 till
1323 608 135 34 erinran
1474 614 73 29 mot
1564 613 53 31 att
1636 609 57 34 det
1710 622 69 30 nya

294 649 164 40 läroverk,
478 662 72 22 som
570 650 103 43 enligt
691 651 196 42 riksdagens
907 652 134 42 mening
1061 652 62 34 bör
1143 656 179 39 upprättas
1343 653 46 42 på
1410 651 218 43 Östermalm,
1649 654 130 42 organi-

293 704 89 23 seras
401 694 78 33 med
499 694 142 34 särskild
659 695 105 34 tanke
781 697 44 41 på
846 700 52 30 att
918 695 177 36 framdeles
1115 697 10 34 i
1146 696 66 35 viss
1231 697 239 43 utsträckning
1488 698 119 34 kunna
1626 698 91 34 bilda
1738 709 40 23 en

294 738 165 42 grundval
477 738 51 34 för
546 738 114 43 dylika
680 739 225 43 pedagogiska
925 740 122 34 försök.

336 791 196 34 Riksdagen
554 791 101 43 hyser
678 792 64 33 den
762 792 190 43 meningen,
974 798 52 30 att
1047 806 44 21 av
1114 794 266 34 statsmakterna
1402 794 147 42 främjad
1572 794 206 43 pedagogisk

292 834 350 36 försöksverksamhet
658 837 62 33 bör
734 837 156 34 bedrivas
906 837 83 34 efter
1002 841 133 39 strängt
1150 838 255 43 vetenskapliga
1420 838 106 43 linjer.
1543 838 135 35 Genom
1693 851 85 31 upp-

292 880 175 34 rättandet
484 892 44 21 av
544 884 51 30 ett
611 880 456 44 psykologisk-pedagogiskt
1083 882 136 34 institut
1235 883 78 33 med
1331 883 256 43 huvuduppgift
1606 888 52 30 att
1676 883 102 34 främ-

291 923 35 42 ja
350 935 43 22 en
416 924 221 42 systematisk
662 925 202 34 samverkan
890 926 122 34 mellan
1036 926 163 34 teoretisk
1224 927 63 33 och
1312 927 156 42 praktisk
1494 927 191 43 pedagogik
1709 928 69 33 kan

294 967 93 35 detta
405 968 91 43 syfte
514 969 203 42 tillgodoses.
735 970 63 34 Ett
817 970 112 42 dylikt
948 970 134 35 institut
1100 971 98 34 torde
1218 974 85 31 även
1321 972 117 33 kunna
1456 971 191 43 tjänstgöra
1668 973 110 34 såsom

292 1013 142 33 centralt
454 1024 103 31 organ
574 1013 53 34 för
644 1014 151 40 ledande,
812 1015 240 33 övervakande
1070 1015 63 34 och
1154 1016 247 34 samordnande
1420 1028 44 22 av
1482 1016 177 43 pågående
1676 1016 101 43 peda-

293 1056 115 43 gogisk
424 1056 360 36 försöksverksamhet.

337 1109 141 34 Liksom
499 1110 371 43 departementschefen
893 1123 95 23 anser
1008 1112 180 43 riksdagen
1208 1112 194 41 emellertid,
1425 1118 52 30 att
1497 1113 210 42 tidpunkten
1727 1113 51 34 för

293 1154 194 34 inrättande
507 1167 43 21 av
570 1155 170 34 institutet
761 1156 62 33 och
844 1156 74 34 dess
938 1159 155 31 närmare
1115 1156 208 44 utformning
1344 1160 161 31 ävensom
1528 1157 186 35 anvisande
1735 1170 43 22 av

292 1198 113 34 härför
422 1198 212 44 erforderliga
652 1200 108 33 medel
776 1200 62 34 bör
855 1200 46 34 bli
918 1200 165 36 beroende
1100 1213 44 22 av
1162 1201 130 35 särskilt
1307 1201 265 43 riksdagsbeslut
1589 1201 189 35 framdeles.

295 1242 62 34 Vid
373 1242 123 35 sådant
509 1242 210 35 förhållande
731 1244 61 33 har
805 1244 178 42 riksdagen
997 1245 74 35 icke
1085 1245 113 34 funnit
1211 1245 210 43 erforderligt
1437 1250 62 36 att,
1515 1247 9 33 i
1540 1246 146 43 enlighet
1700 1247 77 34 med

293 1286 390 43 departementschefens
705 1287 132 43 förslag,
860 1300 45 22 nu
927 1288 88 34 fatta
1037 1294 49 29 ett
1107 1289 10 33 i
1139 1289 68 35 viss
1229 1291 80 32 mån
1330 1290 53 34 för
1402 1290 184 35 framtiden
1608 1291 170 34 bindande

293 1331 108 34 beslut
418 1332 142 33 rörande
575 1331 187 34 institutets
779 1332 237 42 organisation.

336 1437 119 43 Enligt
471 1437 108 35 beslut
598 1437 58 34 vid
677 1441 85 31 1943
781 1439 53 34 års
853 1438 139 43 riksdag
1009 1439 84 34 skall
1110 1439 102 43 högre
1229 1439 374 36 lärarinneseminariets
1622 1442 155 42 övnings-

293 1490 91 34 skola
401 1490 75 34 från
492 1491 62 33 och
569 1491 79 33 med
664 1491 200 42 budgetåret
882 1491 154 43 1943/44
1055 1492 182 35 successivt
1253 1493 169 42 utbyggas
1438 1494 50 33 till
1502 1498 54 29 ett
1571 1494 103 42 högre
1691 1506 86 22 sam-

293 1543 166 40 läroverk,
476 1544 163 33 benämnt
659 1548 126 29 statens
803 1544 225 34 normalskola
1048 1545 64 33 och
1132 1545 66 34 tills
1217 1545 114 34 vidare
1351 1546 182 34 bestående
1554 1559 56 28 av,
1628 1546 148 35 förutom

291 1597 277 42 övningsskolans
585 1597 170 42 fyraåriga
773 1597 174 40 realskola,
966 1597 143 43 sjuåriga
1130 1598 173 34 flickskola
1322 1604 90 28 samt
1432 1599 150 43 sexåriga
1600 1599 177 41 folkskola,

292 1650 193 42 ytterligare
502 1662 40 21 en
558 1649 143 43 femårig
716 1650 161 34 realskola
896 1651 61 33 och
974 1656 47 29 ett
1038 1650 167 44 fyraårigt
1222 1651 311 43 latingymnasium.
1551 1654 71 33 Det
1640 1657 37 30 är
1693 1657 84 30 även

294 1708 124 35 avsett,
436 1708 52 29 att
506 1715 40 23 en
563 1703 219 42 provårskurs
802 1703 84 35 skall
904 1707 178 39 upprättas
1102 1704 58 34 vid
1179 1705 202 40 läroverket,
1400 1708 62 31 när
1480 1706 97 34 detta
1595 1706 99 34 blivit
1711 1706 65 34 fär-

293 1756 270 43 digorganiserat.
582 1756 18 33 I
619 1756 175 34 avvaktan
811 1757 108 42 härpå
938 1757 60 33 har
1015 1757 122 34 kursen
1156 1757 156 43 tillfälligt
1329 1757 140 43 förlagts
1485 1759 51 33 till
1554 1759 223 42 gosslärover-

292 1809 57 34 ket
372 1809 2 33 i
390 1809 145 34 Malmö.
550 1810 82 34 Tills
649 1810 116 33 vidare
781 1810 83 34 skall
881 1814 126 30 statens
1024 1810 228 34 normalskola
1268 1812 43 41 på
1329 1812 110 41 grund
1457 1824 43 21 av
1517 1812 259 43 lokalsvårighe-

292 1867 50 28 ter
360 1883 47 4 —
426 1863 188 33 läroverket
634 1863 85 34 skall
738 1863 64 34 tills
824 1862 116 35 vidare
959 1863 177 34 kvarbliva
1158 1864 9 33 i
1188 1863 277 43 övningsskolans
1485 1865 127 34 lokaler
1630 1886 46 4 —
1695 1877 80 22 vara

291 1915 203 43 tillgängligt
510 1915 50 34 för
577 1915 121 35 endast
713 1916 171 43 kvinnliga
902 1916 182 42 lärjungar.

335 1969 18 32 I
389 1969 165 33 skrivelse
589 1969 69 33 den
694 1972 19 30 9
749 1969 183 33 december
959 1973 84 29 1943
1069 1969 65 33 har
1159 1970 332 42 skolöverstyrelsen
1515 1971 182 35 hemställt
1722 1983 56 21 om

291 2022 241 42 upprättande
560 2035 45 20 av
634 2027 54 29 ett
716 2022 471 43 psykologisk-pedagogiskt
1214 2023 143 35 institut
1384 2024 78 33 från
1490 2025 65 33 och
1584 2025 81 33 med
1694 2024 83 34 bud-

290 2077 136 40 getåret
464 2075 166 43 1944/45.
668 2074 263 44 Överstyrelsen
966 2076 114 33 finner
1105 2077 61 34 det
1192 2077 192 42 angeläget,
1410 2083 56 28 att
1491 2078 218 41 avgörandet
1734 2090 44 21 av

290 2128 120 43 frågan
430 2141 57 21 om
505 2130 234 41 upprättande
760 2142 42 21 av
822 2130 179 34 institutet
1019 2130 73 34 icke
1112 2130 204 42 uppskjutes
1338 2131 114 42 längre
1474 2135 43 30 än
1538 2132 136 34 alldeles
1694 2132 82 34 nöd-

289 2183 157 42 vändigt.
464 2183 55 33 De
537 2183 157 40 resultat,
712 2195 78 21 man
810 2195 99 30 synes
928 2184 196 42 berättigad
1144 2183 161 34 förvänta
1326 2197 45 20 av
1391 2185 193 34 institutets
1604 2185 172 34 verksam-

289 2236 70 39 het,
379 2236 98 34 torde
495 2236 103 42 enligt
618 2236 264 42 överstyrelsens
905 2236 90 34 åsikt
1014 2249 82 21 vara
1117 2250 43 21 av
1181 2242 86 28 stort
1287 2237 144 35 intresse
1451 2238 62 34 och
1535 2250 103 31 synas
1659 2238 117 34 kunna

289 2288 141 34 komma
453 2289 241 33 skolväsendet
716 2289 49 34 till
787 2289 90 42 godo
899 2290 135 33 alldeles
1058 2290 190 34 oberoende
1270 2303 43 21 av
1336 2291 69 33 vad
1428 2290 53 34 för
1503 2291 241 43 förändringar
1767 2292 10 33 i

289 2342 79 32 vårt
397 2341 178 34 skolväsen
604 2342 320 42 skolutredningens
953 2343 291 42 undersökningar
1271 2344 118 34 kunna
1419 2344 164 34 medföra.
1614 2343 162 44 Översty-

290 2394 105 34 relsen
420 2406 96 23 anser
539 2396 58 33 det
619 2395 169 42 lämpligt,
812 2400 55 29 att
890 2396 176 34 institutet
1090 2396 51 34 till
1165 2409 41 21 en
1229 2397 121 41 början
1374 2398 141 33 erhåller
1538 2411 41 21 en
1604 2410 93 22 mera
1720 2398 55 34 be-

290 2447 148 43 gränsad
470 2449 232 40 organisation
732 2452 42 30 än
805 2449 301 42 skolutredningen
1138 2449 184 43 föreslagit.
1353 2451 68 33 Till
1451 2451 196 34 institutets
1679 2452 96 33 verk-

290 2500 134 34 samhet
453 2500 63 34 bör
545 2502 104 42 enligt
679 2502 267 42 överstyrelsens
976 2503 136 42 mening
1142 2503 54 34 för
1224 2507 101 30 nästa
1356 2504 170 42 budgetår
1557 2505 135 33 anvisas
1724 2509 52 29 ett
