1888 2808
528 145 289 36 Statsutskottets
840 143 183 36 utlåtande
1047 154 41 23 nr
1109 146 74 31 182.
1559 143 42 30 49

113 230 207 42 betydande,
337 233 55 30 att
410 228 42 34 de
468 228 135 41 privata
622 226 257 35 seminariernas
897 223 304 43 lärarrekrytering
1220 225 162 31 avsevärt
1399 221 202 34 försvårats.

111 274 143 34 Tillåtes
273 274 97 33 detta
388 272 211 34 förhållande
617 276 55 28 att
690 270 35 34 få
741 269 164 33 fortsätta
915 269 107 32 under
1032 279 41 21 en
1084 267 86 42 följd
1181 279 44 20 av
1235 267 48 39 år,
1294 266 69 33 kan
1374 264 231 35 förhållandet

113 320 37 33 få
165 318 177 42 ödesdigra
357 317 124 41 följder
496 316 52 33 för
565 315 249 34 seminarierna.
832 314 86 33 Med
933 314 134 41 hänsyn
1084 312 50 33 till
1151 316 55 29 att
1221 311 56 34 vid
1295 311 96 34 dessa
1408 309 196 35 seminarier

114 363 152 34 utbildas
287 363 64 33 alla
371 362 106 33 rikets
498 360 190 35 lärarinnor
707 360 10 33 i
737 358 156 42 kvinnlig
915 357 86 42 slöjd
1023 357 64 33 och
1109 356 170 42 betydligt
1300 359 82 30 över
1403 354 134 34 hälften
1559 366 44 22 av

115 408 232 34 lärarinnorna
368 407 10 33 i
397 406 111 42 huslig
526 404 160 36 ekonomi
705 404 56 33 vid
782 403 105 33 rikets
906 402 104 42 högre
1031 401 139 42 statliga
1191 400 62 34 och
1272 399 222 34 kommunala
1516 399 87 33 läro-

116 453 166 33 anstalter
301 452 113 33 måste
433 451 59 33 det
510 462 82 22 vara
612 455 53 29 ett
684 449 224 39 riksintresse,
928 452 56 29 att
1003 445 283 42 undervisningen
1308 445 58 34 vid
1388 444 96 34 dessa
1507 443 96 34 semi-

115 497 110 34 narier
246 496 104 34 hålles
373 508 91 30 uppe
485 496 44 41 på
550 495 125 41 högsta
696 492 139 43 möjliga
857 492 92 34 nivå.
971 489 432 42 Huvudförutsättningen
1426 488 116 34 härför
1568 491 37 30 är

115 542 157 42 givetvis,
295 546 55 29 att
373 541 98 33 dessa
495 539 194 34 seminarier
711 538 10 33 i
745 537 271 42 fortsättningen
1041 548 74 21 som
1139 535 122 33 hittills
1285 534 48 34 bli
1357 534 11 33 i
1392 533 134 34 tillfälle
1550 537 55 29 att

117 586 145 34 anställa
278 584 235 43 förstklassiga
530 583 231 35 lärarkrafter.
778 582 85 34 Med
881 581 199 34 nuvarande
1096 581 94 33 löner
1207 580 110 32 måste
1333 578 59 34 det
1408 578 88 33 dock
1512 577 94 34 inom

116 632 81 33 kort
215 631 45 33 bli
276 629 160 43 omöjligt
455 629 53 33 för
526 628 241 34 seminarierna
785 631 55 30 att
858 626 118 33 hävda
994 625 49 42 sig
1061 625 10 33 i
1090 624 256 33 konkurrensen
1368 635 57 21 om
1444 623 41 33 de
1504 622 102 33 bästa

117 675 280 39 lärarkrafterna,
425 674 92 33 vilka
543 673 176 41 knappast
745 672 119 33 kunna
891 670 169 34 beräknas
1090 681 82 21 vara
1200 668 112 42 villiga
1342 668 104 41 åtaga
1476 667 49 41 sig
1554 671 53 29 ett

118 719 266 35 ansvarsfullare
402 719 63 33 och
481 730 94 21 mera
591 716 176 34 krävande
784 716 118 33 arbete
918 715 53 33 för
989 714 174 42 betydligt
1181 713 91 42 lägre
1289 713 56 33 lön
1366 716 45 29 än
1429 712 42 33 de
1487 711 120 33 kunna

119 764 125 35 erhålla
274 763 53 34 för
356 768 52 28 ett
437 775 91 21 mera
558 761 239 34 okvalificerat
825 760 129 34 arbete.
983 759 197 33 Problemet
1210 757 62 33 har
1300 757 105 33 redan
1435 756 91 33 visat
1557 755 51 42 sig

119 809 158 34 aktuellt.
293 808 153 34 Sålunda
463 807 61 34 har
539 806 77 34 från
634 805 197 35 fackskolan
848 805 11 33 i
876 804 165 42 Uppsala,
1060 815 73 22 som
1150 802 151 34 utbildar
1319 802 59 33 det
1394 799 214 43 ojämförligt

120 857 129 30 största
275 853 133 33 antalet
435 851 186 34 lärarinnor
647 851 10 33 i
684 850 263 42 ifrågavarande
974 852 136 35 ämnen,
1138 846 200 40 meddelats,
1366 850 55 29 att
1448 845 44 33 då
1520 844 87 34 före-

118 899 130 42 gående
275 899 39 32 år
340 898 62 34 två
428 894 404 43 lärarinnebefattningar
859 892 287 44 ledigförklarats,
1172 892 126 33 endast
1324 895 134 29 tretton
1486 889 122 34 ansök-

120 943 119 42 ningar
256 942 178 33 inkommo
448 961 46 4 —
512 941 99 33 detta
628 940 123 33 oaktat
767 939 88 33 visst
873 937 180 34 överskott
1070 937 45 42 på
1134 936 190 34 lärarinnor
1341 935 51 34 lär
1412 934 197 34 förefinnas.

121 988 113 33 Bland
255 987 87 39 dem,
363 998 75 22 som
459 985 195 41 förfrågade
675 984 49 42 sig
744 983 177 42 angående
941 981 255 39 lönevillkoren,
1217 979 127 34 befann
1366 979 50 42 sig
1437 991 40 20 en
1499 983 51 29 tre
1572 979 38 32 år

121 1031 144 43 tidigare
289 1031 78 33 från
393 1030 119 33 skolan
537 1028 258 35 utexaminerad
822 1027 172 34 lärarinna
1021 1026 78 33 med
1124 1025 68 42 hög
1216 1025 215 41 kompetens,
1458 1035 73 21 som
1556 1022 55 34 för

122 1075 213 35 närvarande
350 1075 58 33 vid
424 1087 41 22 en
483 1073 302 35 statsunderstödd
801 1071 299 34 husmodersskola
1117 1070 11 33 i
1144 1071 56 32 lön
1217 1069 134 42 uppbar
1370 1071 15 30 1
1403 1071 64 30 980
1485 1067 126 33 kronor

122 1133 93 21 mera
233 1132 59 30 per
308 1121 38 32 år
365 1123 44 30 än
428 1119 67 34 vad
514 1119 69 33 hon
600 1118 117 34 kunde
734 1116 126 34 erhålla
880 1116 58 33 vid
958 1114 211 34 fackskolan.
1189 1113 157 34 Givetvis
1364 1112 158 41 föredrog
1541 1111 69 33 hon

123 1170 56 29 att
205 1164 134 34 behålla
367 1164 52 33 sin
445 1163 197 34 dåvarande
668 1161 218 41 anställning.
913 1161 59 32 Då
997 1159 58 34 vid
1082 1158 202 34 fackskolan
1311 1157 86 34 flera
1424 1156 187 34 lärarinnor

124 1209 96 34 skola
237 1210 88 41 avgå
344 1208 79 33 med
442 1207 141 43 pension
605 1209 86 31 1944
713 1206 63 33 och
794 1205 154 42 följande
967 1205 48 39 år,
1035 1216 52 21 ser
1106 1215 80 22 man
1207 1203 61 33 där
1286 1202 79 34 med
1387 1201 147 42 verkligt
1554 1201 57 33 be-

123 1255 158 42 kymmer
295 1254 44 42 på
356 1253 219 34 situationen.
591 1252 87 33 Med
694 1250 200 34 nuvarande
909 1250 95 33 löner
1017 1249 69 33 kan
1102 1260 82 21 man
1199 1247 71 34 helt
1285 1246 115 34 enkelt
1416 1246 73 33 icke
1504 1245 108 34 räkna

125 1299 77 33 med
223 1303 54 29 att
297 1297 128 35 erhålla
445 1298 37 32 så
500 1295 299 35 välkvalificerade
818 1293 223 35 lärarkrafter
1062 1304 75 22 som
1156 1293 77 33 med
1254 1291 136 42 hänsyn
1410 1291 53 33 till
1485 1290 127 34 utbild-

125 1343 140 42 ningens
282 1343 149 33 resultat
448 1353 80 23 vore
546 1341 179 34 önskvärt.

172 1388 140 33 Kraven
338 1388 45 41 på
409 1385 162 34 teoretisk
597 1385 63 33 och
686 1383 156 43 praktisk
869 1382 202 42 skicklighet
1098 1381 63 34 och
1187 1380 192 34 erfarenhet
1406 1380 110 33 måste
1542 1379 73 34 helt

126 1431 168 43 naturligt
312 1431 118 34 ställas
450 1434 160 30 avsevärt
629 1429 103 42 högre
750 1429 43 41 på
815 1428 90 39 dem,
925 1439 74 22 som
1018 1426 111 42 själva
1148 1426 93 33 skola
1262 1425 133 33 utbilda
1416 1424 199 38 lärarinnor,

127 1480 45 30 än
188 1478 46 41 på
251 1477 89 39 dem,
358 1488 76 21 som
453 1474 95 34 skola
565 1472 181 35 undervisa
765 1473 44 41 på
829 1472 60 33 det
908 1471 166 43 egentliga
1094 1470 213 33 skolstadiet.
1328 1469 67 33 Om
1415 1468 42 34 de
1476 1468 140 42 privata

127 1520 258 34 seminariernas
405 1519 122 34 erkänt
544 1518 90 42 höga
654 1516 163 35 standard
836 1516 10 33 i
866 1516 146 42 längden
1031 1515 86 33 skall
1135 1514 119 34 kunna
1273 1513 211 42 uppehållas,
1504 1513 112 33 måste

128 1566 60 33 det
208 1564 115 34 därför
344 1576 85 21 vara
449 1568 52 29 ett
521 1563 138 33 absolut
680 1561 231 40 minimikrav,
932 1565 55 29 att
1007 1560 96 33 deras
1125 1559 95 33 löner
1240 1557 171 42 överstiga
1432 1557 88 39 dem,
1542 1568 74 22 som

129 1610 85 41 utgå
236 1609 51 34 till
311 1608 189 34 lärarinnor
522 1608 10 33 i
555 1606 243 34 motsvarande
822 1609 124 30 ämnen
970 1604 58 34 vid
1053 1604 42 34 de
1117 1602 224 35 kommunala
1363 1600 253 35 flickskolorna.

128 1653 184 43 Rimligast
332 1665 100 30 synes
452 1664 82 21 vara
555 1656 55 30 att
630 1651 96 33 deras
746 1651 95 33 löner
860 1649 190 33 fastställas
1070 1648 10 33 i
1101 1651 157 30 närmare
1278 1646 198 42 anslutning
1497 1646 51 33 till
1568 1646 48 33 lö-

129 1710 104 22 nerna
262 1698 58 34 vid
350 1702 131 29 statens
512 1694 395 36 skolköksseminarium.
937 1694 58 33 Då
1026 1692 258 35 seminariernas
1312 1690 176 43 lönefråga
1517 1701 100 31 synes

128 1744 110 33 kräva
255 1755 41 22 en
315 1742 160 43 grundlig
492 1741 195 41 utredning,
705 1739 183 34 förefinnes
908 1738 44 35 all
972 1738 183 41 anledning
1174 1741 54 29 att
1247 1749 41 21 en
1307 1736 109 34 sådan
1436 1734 183 42 utredning

131 1792 134 29 snarast
287 1787 223 42 igångsättes,
534 1786 35 33 så
594 1790 56 28 att
673 1785 74 33 dess
770 1783 147 34 resultat
939 1783 69 33 kan
1032 1782 189 41 föreläggas
1245 1781 192 41 riksdagen,
1462 1781 35 32 så
1522 1784 97 29 snart

130 1833 99 32 detta
249 1843 41 22 ur
310 1830 258 34 statsfinansiell
591 1829 179 42 synpunkt
790 1831 38 30 är
849 1827 147 42 möjligt.
1017 1825 104 42 Varje
1141 1825 197 43 ytterligare
1360 1824 159 42 uppskov
1540 1823 79 34 med

131 1876 111 33 denna
264 1875 113 42 frågas
398 1874 139 34 lösande
556 1874 155 32 kommer
732 1877 54 29 att
807 1871 143 42 menligt
970 1871 140 33 inverka
1131 1871 44 41 på
1198 1868 254 35 seminariernas
1475 1881 39 21 ur
1534 1868 84 33 riks-

130 1920 180 42 synpunkt
328 1920 37 33 så
383 1917 262 44 betydelsefulla
666 1916 272 34 arbetsresultat.

179 2020 85 34 Med
282 2019 134 42 hänsyn
438 2019 48 34 till
506 2018 64 33 den
590 2016 217 43 ståndpunkt
827 2015 176 34 utskottet
1022 2014 9 33 i
1051 2014 59 33 det
1128 2013 203 43 föregående
1349 2012 126 42 intagit
1494 2012 10 33 i
1523 2011 99 43 fråga

133 2086 58 21 om
212 2073 191 33 beredande
424 2085 43 21 av
488 2070 290 41 löneförbättring
800 2069 53 33 för
873 2072 104 30 nästa
998 2068 171 41 budgetår
1191 2068 38 32 åt
1250 2066 289 42 lärarpersonalen
1562 2065 59 33 vid

133 2128 43 33 de
203 2125 325 35 statsunderstödda
557 2124 154 33 enskilda
738 2122 285 34 läroanstalterna
1052 2133 98 21 anser
1180 2120 49 41 sig
1256 2120 177 33 utskottet
1461 2119 82 33 böra
1572 2118 49 33 bi-

135 2180 99 33 träda
251 2177 393 44 departementschefens
662 2176 229 41 föreliggande
908 2174 127 41 förslag
1051 2174 64 32 och
1134 2173 163 42 avstyrka
1315 2172 97 34 bifall
1432 2172 51 33 till
1500 2171 122 33 motio-

135 2245 104 21 nerna
261 2233 49 32 II:
326 2235 78 36 291,
427 2235 64 29 292
515 2231 62 32 och
601 2234 77 36 363,
702 2229 215 34 sistnämnda
940 2228 132 33 motion
1096 2227 9 32 i
1128 2227 67 33 vad
1219 2226 64 33 den
1308 2238 99 21 avser
1431 2225 117 41 anslag
1571 2224 51 34 till

136 2283 285 42 löneförbättring
448 2283 51 32 för
525 2282 232 33 lärarinnorna
784 2281 58 32 vid
870 2279 198 33 fackskolan
1096 2278 51 32 för
1173 2277 108 41 huslig
1308 2277 157 32 ekonomi
1493 2276 8 33 i
1529 2276 96 41 Upp-

137 2338 80 33 sala.
233 2337 185 34 Utskottet
436 2337 59 33 har
510 2335 187 35 emellertid
714 2334 116 34 funnit
846 2338 56 29 att
919 2333 117 33 starka
1052 2332 73 33 skäl
1142 2331 100 33 blivit
1259 2330 145 34 anförda
1422 2330 9 33 i
1450 2330 174 33 motionen

138 2391 48 33 II:
203 2394 60 29 111
290 2390 54 33 för
368 2394 55 29 att
446 2401 40 21 en
509 2387 185 42 utredning
715 2388 156 32 kommer
895 2386 49 33 till
971 2385 102 33 stånd
1099 2383 145 34 rörande
1267 2384 42 33 de
1333 2383 57 33 vid
1415 2382 61 34 här
1501 2382 123 41 ifråga-

137 2443 150 33 varande
309 2442 136 42 privata
471 2439 381 42 utbildningsanstalter
876 2438 151 33 rådande
1052 2435 338 35 löneförhållandena
1414 2434 108 42 Jämte
1548 2436 76 32 där-

181 2504 96 31 Bihang
295 2504 36 25 till
348 2503 143 31 riksdagens
510 2502 123 32 protokoll
652 2503 71 27 1944.
755 2506 14 20 6
789 2501 74 25 saml.
897 2502 39 23 Nr
959 2503 55 21 182.
1576 2500 14 22 4

1678 2017 142 26 Utskottet.
