1884 2804
293 151 43 31 64

711 150 289 35 Statsutskottets
1023 150 183 36 utlåtande
1229 162 41 24 nr
1291 155 74 32 182.

659 231 32 33 6.
709 231 206 43 bemyndiga
933 232 130 42 Kungl.
1083 232 110 43 Maj:t
1211 238 55 29 att
1283 254 47 4 —
1348 234 79 33 med
1446 233 227 44 iakttagande
1691 234 11 35 i
1719 233 63 36 hu-

614 285 134 34 vudsak
769 297 44 22 av
835 286 42 34 de
898 286 10 33 i
930 286 58 34 det
1010 285 206 44 föregående
1237 287 149 43 angivna
1407 288 194 42 grunderna
1623 308 46 5 —
1690 289 92 34 med-

616 338 75 33 dela
705 338 113 34 beslut
833 338 175 43 angående
1023 340 170 34 successiv
1207 340 211 43 ombildning
1432 341 76 34 från
1524 341 64 34 och
1603 342 79 34 med
1696 342 87 34 bud-

615 391 132 42 getåret
764 391 155 43 1944/45
936 405 43 21 av
993 393 226 34 kommunala
1235 394 240 34 mellanskolor
1491 394 52 34 till
1560 395 222 34 samrealsko-

615 444 61 40 lor,
701 445 106 33 under
832 444 255 44 förutsättning
1112 451 56 29 att
1190 447 195 42 respektive
1408 447 169 35 kommun
1602 448 182 43 förpliktar

616 497 50 42 sig
681 497 68 35 dels
765 503 56 30 att
835 498 10 34 i
861 498 96 43 fråga
974 511 56 21 om
1046 500 67 33 den
1129 499 193 35 ombildade
1337 500 249 35 läroanstalten
1603 501 179 35 tillhanda-

615 550 90 35 hålla
720 550 198 44 erforderlig
932 552 325 47 möbelutrustning,
1273 553 127 35 bostad
1416 555 38 33 åt
1469 554 117 34 rektor
1602 555 79 34 eller
1695 560 88 29 mot-

616 604 167 35 svarande
810 604 151 35 kontant
987 606 195 42 ersättning
1210 612 91 28 samt
1329 607 163 34 bostäder
1521 608 38 33 åt
1589 607 196 44 erforderlig

615 657 386 43 vaktmästarpersonal,
1026 659 72 34 dels
1123 660 75 41 ock,
1221 660 11 34 i
1258 660 65 34 den
1348 661 82 33 mån
1454 661 132 42 Kungl.
1611 661 111 43 Maj:t
1747 663 37 34 så

616 710 112 35 finner
742 711 167 42 påkallat,
926 716 54 30 att
996 712 91 35 intill
1105 717 53 30 ett
1175 712 124 44 belopp
1316 726 46 22 av
1381 717 19 30 5
1415 717 64 31 000
1497 714 128 34 kronor
1641 715 143 34 bekosta

615 763 265 44 komplettering
898 778 44 21 av
959 765 459 44 undervisningsmaterielen
1435 768 64 33 och
1516 767 208 44 utvidgning
1741 781 44 22 av

616 817 200 37 biblioteket
834 818 58 34 vid
911 819 260 41 läroanstalten;

662 872 31 31 7.
710 870 207 43 bemyndiga
932 871 131 43 Kungl.
1081 872 111 43 Maj:t
1209 878 56 29 att
1281 872 162 36 förordna
1462 886 56 22 om
1536 875 43 34 de
1596 875 189 34 avvikelser

616 922 77 35 från
713 924 421 44 personalförteckningen
1155 926 64 34 och
1240 926 41 34 de
1303 927 290 35 överskridanden
1614 940 45 22 av
1679 928 105 34 maxi-

617 977 136 34 merade
776 982 117 37 poster
916 978 11 33 i
952 978 307 43 avlöningsstaten,
1284 991 76 22 som
1384 979 193 35 föranledas
1603 993 46 22 av
1673 981 112 35 beslut

617 1041 57 22 om
691 1029 223 36 kommunala
933 1030 257 36 mellanskolors
1209 1032 214 43 ombildning
1443 1034 51 33 till
1514 1034 270 41 samrealskolor;

662 1083 32 33 8.
712 1082 207 44 bemyndiga
939 1084 131 43 Kungl.
1089 1084 111 43 Maj:t
1219 1090 54 30 att
1291 1086 157 35 meddela
1468 1087 42 34 de
1527 1087 258 36 bestämmelser

616 1135 11 34 i
642 1135 122 44 övrigt,
780 1148 74 23 som
869 1136 168 36 erfordras
1052 1138 12 34 i
1080 1138 168 35 samband
1264 1140 79 34 med
1359 1140 256 43 ombildningen
1631 1154 44 22 av
1689 1141 95 34 kom-

617 1189 140 34 munala
774 1189 240 35 mellanskolor
1034 1191 53 34 till
1107 1192 271 41 samrealskolor;

662 1243 32 32 9.
718 1243 51 33 till
797 1243 186 35 Allmänna
1011 1244 214 35 läroverken:
1253 1245 212 43 Avlöningar
1494 1246 54 35 för
1579 1247 207 43 budgetåret

621 1295 153 43 1944/45
791 1296 119 34 anvisa
926 1302 48 29 ett
990 1297 258 44 förslagsanslag
1263 1311 44 21 av
1324 1302 43 31 30
1381 1302 65 31 440
1461 1303 65 30 000
1543 1300 137 41 kronor;

665 1349 52 33 10.
735 1349 51 34 till
802 1349 237 36 Kommunala
1056 1351 171 34 läroverk:
1249 1351 197 35 Understöd
1462 1354 39 33 åt
1518 1354 93 34 vissa
1629 1354 156 35 kommu-

616 1399 79 36 nala
728 1400 195 44 gymnasier
953 1403 52 34 för
1038 1403 205 43 budgetåret
1277 1404 157 44 1944/45
1457 1406 120 34 anvisa
1598 1411 53 30 ett
1672 1407 117 43 anslag

619 1467 44 21 av
680 1458 39 30 12
734 1459 64 30 000
812 1455 134 41 kronor;

665 1508 53 33 11.
742 1509 142 40 besluta,
909 1513 51 31 att
983 1510 41 35 de
1046 1509 53 35 för
1123 1510 202 43 budgetåret
1350 1511 155 44 1943/44
1531 1513 156 42 gällande
1709 1526 77 30 pro-

618 1560 164 35 visoriska
807 1562 477 43 avlöningsbestämmelserna
1308 1564 54 34 för
1386 1565 254 43 övningslärare
1664 1567 58 34 vid
1747 1568 43 33 de

617 1614 105 43 högre
739 1615 224 35 kommunala
981 1616 159 34 skolorna
1159 1617 93 34 skola
1270 1621 65 39 äga
1351 1618 220 44 tillämpning
1587 1619 130 43 jämväl
1735 1620 54 34 för

618 1667 205 43 budgetåret
842 1669 167 43 1944/45;

665 1724 53 33 12.
737 1724 170 43 medgiva,
927 1729 51 31 att
999 1725 52 34 för
1070 1726 200 43 budgetåret
1292 1727 156 44 1943/44
1470 1728 154 43 gällande
1643 1729 144 42 grunder

618 1776 53 35 för
684 1777 205 43 provisorisk
903 1778 408 45 avlöningsförstärkning
1324 1781 65 33 och
1402 1781 225 43 provisoriskt
1641 1782 148 43 dyrorts-

619 1830 119 43 tillägg
751 1832 37 33 åt
802 1831 90 34 vissa
906 1832 252 42 övningslärare
1172 1833 58 34 vid
1242 1834 156 34 nämnda
1411 1834 110 34 skolor
1533 1835 100 35 skola
1646 1838 62 40 äga
1722 1836 67 34 till-

618 1883 176 43 lämpning
811 1884 130 43 jämväl
960 1884 53 35 för
1032 1885 205 43 budgetåret
1258 1886 168 44 1944/45;

667 1938 52 33 13.
736 1938 48 33 till
801 1938 234 35 Kommunala
1053 1939 167 34 läroverk:
1237 1940 129 43 Bidrag
1384 1941 52 34 till
1454 1941 220 35 kommunala
1690 1941 97 43 flick-

619 1990 112 34 skolor
755 1990 51 34 för
831 1991 202 43 budgetåret
1061 1992 155 43 1944/45
1242 1993 119 35 anvisa
1386 1999 51 30 ett
1459 1994 259 44 förslagsanslag
1741 2007 45 22 av

621 2047 20 29 4
656 2047 64 31 900
734 2048 65 30 000
818 2044 136 41 kronor;

667 2097 52 34 14.
742 2098 51 33 till
811 2098 234 35 Kommunala
1063 2099 166 35 läroverk:
1247 2099 130 44 Bidrag
1396 2100 51 35 till
1465 2101 221 35 kommunala
1705 2103 81 33 mel-

620 2150 169 34 lanskolor
814 2151 55 34 för
895 2152 202 43 budgetåret
1126 2152 153 44 1944/45
1307 2154 121 35 anvisa
1455 2159 49 30 ett
1530 2154 256 44 förslagsanslag

622 2216 44 21 av
679 2207 20 29 4
715 2208 62 30 100
791 2208 67 31 000
873 2205 135 40 kronor;

667 2257 52 34 15.
737 2258 48 34 till
803 2258 234 35 Kommunala
1054 2259 167 34 läroverk:
1238 2259 130 44 Bidrag
1386 2261 51 34 till
1454 2261 178 43 praktiska
1650 2261 137 35 mellan-

620 2310 111 34 skolor
754 2310 52 35 för
831 2312 202 42 budgetåret
1061 2312 155 44 1944/45
1243 2313 119 35 anvisa
1387 2318 51 30 ett
1461 2314 257 44 förslagsanslag
1744 2328 44 22 av

622 2367 21 30 2
656 2367 65 31 400
735 2368 65 30 000
820 2364 136 41 kronor;

667 2417 53 34 16.
743 2418 144 40 besluta,
912 2423 52 29 att
986 2419 157 42 gällande
1167 2420 252 34 bestämmelser
1444 2422 173 42 angående
1641 2426 147 30 statsun-

622 2470 134 34 derstöd
772 2470 53 35 för
841 2471 201 44 budgetåret
1061 2472 155 44 1943/44
1233 2473 52 34 till
1302 2474 315 35 statsunderstödda
1636 2475 151 34 enskilda
