1886 2806
292 152 42 31 54
708 151 287 35 Statsutskottets
1019 152 183 35 utlåtande
1225 164 41 23 nr
1288 157 74 31 182.

291 230 113 33 måste
422 230 183 34 betecknas
624 243 72 21 som
714 235 52 30 ett
784 231 128 43 viktigt
930 232 314 35 samhällsintresse.
1263 234 67 34 Att
1349 235 42 33 de
1409 235 223 35 ekonomiska
1650 237 126 34 utbild-

292 274 241 42 ningshindren
558 275 190 42 avlägsnas,
772 280 55 29 att
851 276 193 43 begåvning
1068 277 63 34 och
1155 278 202 42 lämplighet
1379 279 10 33 i
1414 280 116 34 stället
1556 280 54 34 för
1634 293 73 21 som
1730 294 48 21 nu

291 318 230 34 föräldrarnas
549 319 159 33 ekonomi
734 319 35 34 få
796 320 46 34 bli
869 322 195 41 avgörande
1090 322 53 33 för
1169 323 170 34 tillträdet
1366 324 52 34 till
1445 325 110 34 denna
1584 325 195 43 utbildning

292 363 64 33 och
374 363 139 33 därmed
532 363 51 33 till
601 364 42 33 de
659 369 116 36 poster
791 365 10 32 i
820 365 192 41 samhället,
1030 367 118 33 vartill
1165 367 64 33 den
1249 367 206 41 förbereder,
1474 372 38 31 är
1530 374 54 29 ett
1602 370 174 34 samhälls-

290 407 144 34 intresse
456 408 103 33 också
583 420 40 22 ur
647 409 65 32 den
733 408 231 44 samhälleliga
988 410 270 35 effektivitetens
1283 412 64 33 och
1370 413 407 44 prestationsförmågans

290 451 191 42 synpunkt.

336 505 55 32 De
410 517 149 21 resurser
578 505 10 33 i
608 505 96 42 fråga
725 518 56 21 om
804 506 183 42 stipendier
1008 508 66 33 och
1095 509 198 40 understöd,
1316 522 74 21 som
1410 510 53 34 för
1484 512 216 34 närvarande
1722 514 54 32 stå

290 548 51 34 till
360 548 203 43 förfogande
582 549 53 34 för
655 555 53 29 att
727 551 198 34 underlätta
945 552 168 34 fortsatta
1132 554 129 33 studier
1281 554 53 34 för
1356 555 84 33 barn
1461 555 78 33 från
1558 556 218 34 ekonomiskt

289 598 101 37 svagt
408 594 124 34 ställda
548 594 157 42 familjer,
722 599 59 30 äro
795 596 72 34 helt
884 596 236 43 otillräckliga.
1137 598 66 33 För
1220 599 287 42 undervisningen
1525 601 44 41 på
1587 601 187 34 läroverks-

289 638 129 33 stadiet
441 638 111 33 finnas
578 639 153 34 förutom
755 645 53 29 ett
833 641 287 43 stipendieanslag
1144 643 44 41 på
1213 643 104 42 drygt
1341 648 53 29 ett
1420 644 205 34 tiotusental
1650 645 126 34 kronor

288 681 55 35 för
366 683 42 33 de
430 683 156 34 tekniska
610 684 197 34 läroverken
831 685 64 33 och
917 685 54 34 för
993 686 319 43 specialgymnasiet
1336 688 54 33 för
1413 689 208 41 lantbruks-,
1644 690 130 42 mejeri-

288 726 65 33 och
373 727 310 42 skogsstuderande
700 728 76 43 inga
797 730 108 34 andra
924 730 140 43 statliga
1085 731 178 42 stipendie-
1286 733 63 33 och
1372 734 316 35 understödsmedel
1710 735 64 33 till-

287 771 158 42 gängliga
464 775 42 30 än
526 773 42 33 de
587 773 107 33 medel
715 773 52 34 för
787 774 207 41 ändamålet,
1014 788 75 21 som
1110 777 132 33 utdelas
1263 777 78 33 från
1362 778 174 33 allmänna
1556 778 218 34 arvsfonden.

287 815 172 42 Utslagna
480 817 45 41 på
547 816 75 35 hela
646 818 129 33 antalet
796 819 110 34 elever
928 819 57 34 vid
1008 820 144 35 berörda
1177 821 112 34 skolor
1312 822 46 33 ha
1382 822 40 34 de
1446 823 108 33 under
1576 823 42 33 de
1642 829 132 28 senaste

288 860 81 33 åren
388 862 150 40 uppgått
555 861 51 33 till
625 862 156 42 omkring
799 866 15 29 1
834 863 107 34 krona
960 876 60 30 per
1038 865 74 33 elev
1129 866 63 32 och
1210 867 48 33 år.
1277 866 81 34 Inte
1375 878 57 21 ens
1452 879 56 21 om
1527 867 114 35 därtill
1659 868 115 42 läggas

287 904 43 34 de
345 904 293 42 stipendiemedel,
657 918 72 22 som
749 907 127 42 årligen
896 908 133 34 utdelas
1050 908 78 34 från
1147 910 41 33 de
1205 910 137 41 privata
1363 911 332 41 stipendiefonderna
1715 913 59 33 vid

287 949 93 33 vissa
401 949 172 35 allmänna
595 951 156 33 läroverk
773 952 64 33 och
857 952 196 43 jämförliga
1075 953 250 42 läroanstalter,
1347 955 155 33 kommer
1525 968 82 22 man
1630 968 70 31 upp
1723 957 50 34 till

286 998 53 28 ett
357 993 302 43 stipendiebelopp,
676 996 125 33 räknat
816 1008 59 30 per
891 997 70 33 elev
977 998 63 32 och
1057 999 49 38 år,
1123 1010 73 21 som
1214 1003 36 29 är
1266 999 104 42 högre
1387 1003 43 30 än
1445 1000 137 42 knappt
1600 1004 19 30 5
1637 1001 136 34 kronor.

286 1037 126 33 Denna
430 1037 93 34 siffra
542 1050 58 30 ger
618 1039 77 33 med
714 1040 44 33 all
776 1040 171 34 önskvärd
965 1041 171 42 tydlighet
1155 1043 56 32 vid
1230 1043 148 40 handen,
1396 1044 63 33 hur
1477 1044 220 44 otillräckliga
1717 1046 58 33 sti-

285 1082 316 42 pendieresurserna
619 1084 53 33 för
690 1084 317 36 läroverksstadiets
1026 1087 243 43 undervisning
1286 1092 70 30 äro.

330 1135 18 33 I
371 1136 106 34 likhet
499 1138 77 32 med
600 1137 43 34 de
665 1137 136 43 förslag,
825 1151 74 21 som
921 1139 176 34 lämnades
1120 1140 9 33 i
1153 1154 40 20 en
1218 1144 86 30 1939
1329 1141 181 43 framlagd,
1534 1155 45 21 av
1602 1143 168 34 skolöver-

284 1180 165 42 styrelsen
468 1180 120 35 utförd
607 1182 183 42 utredning
807 1196 44 20 av
870 1183 61 34 här
947 1184 163 41 påtalade
1129 1184 124 43 frågor,
1272 1185 142 35 komma
1432 1187 64 33 den
1517 1199 46 22 nu
1584 1188 187 34 arbetande

284 1224 321 43 skolutredningens
623 1226 124 42 förslag
765 1227 51 33 till
833 1228 91 33 olika
941 1228 241 42 stödåtgärder
1198 1230 52 33 för
1268 1235 55 28 att
1341 1231 197 42 överbygga
1556 1231 64 34 och
1637 1232 132 34 minska

284 1269 42 33 de
348 1269 219 34 ekonomiska
592 1270 356 43 utbildningshindren
971 1278 55 29 att
1049 1274 51 33 till
1124 1274 50 33 sin
1196 1275 151 33 avsedda
1371 1275 217 43 tillämpning
1610 1289 83 21 vara
1714 1277 55 33 be-

283 1313 169 42 gränsade
477 1314 122 33 enbart
625 1315 50 32 till
699 1315 250 43 landsbygdens
975 1317 123 34 behov.
1124 1317 96 34 Även
1247 1331 58 21 om
1331 1320 59 33 det
1416 1323 37 30 är
1478 1320 137 34 alldeles
1640 1321 130 42 riktigt,

284 1362 55 29 att
359 1358 275 42 >landsbygden»>
657 1380 45 3 —
720 1360 62 33 här
801 1360 185 35 definierad
1008 1374 74 21 som
1104 1362 42 34 de
1165 1367 100 35 orter,
1285 1363 91 34 vilka
1398 1364 73 33 icke
1490 1364 44 34 ha
1555 1365 145 42 tillgång
1719 1366 51 33 till

281 1413 99 30 egna,
402 1402 103 42 högre
527 1403 115 34 skolor
662 1424 44 4 —
728 1404 146 34 allmänt
896 1410 67 29 sett
986 1409 38 30 är
1046 1407 138 41 mycket
1208 1411 112 30 sämre
1343 1408 103 33 ställd
1469 1409 10 33 i
1503 1408 97 43 fråga
1625 1422 56 20 om
1704 1410 65 33 den

282 1446 105 42 högre
404 1447 330 43 skolutbildningens
752 1448 249 43 tillgänglighet
1018 1450 65 33 och
1100 1450 143 34 framför
1262 1452 61 33 allt
1341 1453 74 33 dess
1435 1453 221 34 ekonomiska
1674 1457 94 31 över-

282 1490 189 43 komlighet
491 1495 43 29 än
556 1492 117 42 övriga
694 1492 92 34 delar
806 1506 43 21 av
870 1494 78 34 vårt
969 1495 91 39 land,
1082 1496 38 33 så
1142 1494 159 35 förhåller
1323 1497 59 33 det
1401 1497 63 42 sig,
1486 1510 75 21 som
1581 1499 105 33 redan
1708 1499 62 34 här

282 1547 92 21 ovan
395 1536 181 41 påpekats,
598 1536 88 33 dock
708 1538 47 39 så,
777 1543 55 28 att
855 1550 41 22 en
917 1543 71 29 stor
1007 1539 56 34 del
1086 1552 43 21 av
1151 1539 241 43 befolkningen
1415 1542 43 41 på
1481 1545 87 31 även
1592 1543 42 33 de
1654 1548 114 37 egent-

281 1578 67 43 liga
375 1580 210 34 skolorterna
612 1581 105 34 likaså
744 1586 37 29 är
807 1582 216 35 ekonomiskt
1050 1584 185 41 utestängd
1263 1584 77 34 från
1368 1585 222 43 möjligheten
1618 1592 53 29 att
1697 1588 73 34 låta

282 1623 72 34 sina
372 1624 85 33 barn
474 1625 167 33 fortsätta
659 1626 51 32 sin
727 1625 164 43 skolgång
907 1626 10 33 i
933 1626 105 43 högre
1055 1628 124 33 skolor.
1198 1629 66 33 Om
1283 1630 59 33 det
1359 1630 103 33 också
1480 1631 69 33 kan
1570 1635 97 38 sägas
1686 1645 82 21 vara

280 1667 107 42 givet,
408 1673 54 29 att
482 1669 243 41 huvudparten
746 1682 43 20 av
812 1670 40 33 de
873 1671 121 40 medel,
1016 1684 74 21 som
1112 1673 266 33 statsmakterna
1400 1674 10 33 i
1431 1686 39 21 en
1493 1674 141 35 framtid
1655 1676 115 33 kunna

281 1712 142 35 komma
442 1718 54 29 att
517 1714 118 34 anvisa
657 1714 53 34 för
731 1715 59 34 det
811 1716 171 41 ändamål,
1002 1729 122 21 varom
1145 1717 61 34 här
1227 1722 37 29 är
1285 1717 108 43 fråga,
1415 1719 61 33 bör
1498 1719 195 42 disponeras
1714 1720 54 34 för

280 1757 253 42 landsbygdens
557 1758 156 42 räkning,
738 1760 36 32 så
799 1760 112 33 måste
934 1761 58 33 det
1016 1766 37 29 te
1078 1761 48 43 sig
1150 1774 71 21 som
1246 1762 107 34 minst
1379 1768 76 37 sagt
1480 1764 209 34 omotiverat
1714 1770 54 29 att

279 1801 73 34 helt
377 1806 185 38 utestänga
588 1803 42 33 de
655 1803 166 34 föräldrar
846 1805 45 41 på
916 1805 212 34 skolorterna
1155 1805 74 34 från
1256 1807 97 41 varje
1379 1807 179 43 möjlighet
1584 1809 52 34 till
1661 1809 106 43 hjälp,

279 1845 112 34 vilkas
410 1846 112 34 behov
542 1847 74 33 icke
636 1851 58 30 äro
713 1848 133 33 mindre
867 1852 43 29 än
930 1849 451 43 landsbygdsföräldrarnas.
1402 1852 182 34 Förutsatt
1604 1858 55 29 att
1679 1854 90 33 stöd-

279 1891 207 41 åtgärderna
508 1891 53 34 för
584 1893 42 32 de
648 1904 131 22 senares
801 1893 269 35 vidkommande
1092 1895 169 42 verkligen
1284 1896 142 34 komma
1448 1902 54 29 att
1525 1897 169 35 utformas
1718 1900 48 38 så,

279 1939 56 29 att
355 1935 215 42 möjligheter
590 1936 51 33 till
662 1937 270 43 skolutbildning
951 1938 54 34 för
1025 1939 119 34 därför
1164 1939 160 42 lämpade
1344 1941 85 33 barn
1451 1945 132 38 öppnas
1606 1946 85 30 även
1713 1943 54 34 för

279 1978 254 44 landsbygdens
561 1980 83 34 allra
671 1981 111 41 lägsta
809 1982 283 43 inkomsttagare,
1122 1984 109 34 måste
1260 1984 59 34 det
1346 1985 38 42 ju
1414 1986 102 33 också
1543 1986 140 35 komma
1712 1992 54 29 att

279 2022 147 35 framstå
449 2036 72 21 som
543 2037 41 20 en
607 2026 176 40 uppenbar
806 2027 168 34 orättvisa
996 2033 54 28 att
1075 2028 153 34 utesluta
1251 2030 42 33 de
1316 2031 245 34 motsvarande
1583 2031 110 42 lägsta
1716 2032 49 33 in-

278 2067 254 35 komstskikten
555 2070 10 32 i
588 2070 160 33 städerna
769 2070 77 34 från
867 2070 368 44 hjälpmöjligheterna.

323 2110 170 44 Åtgärder
522 2115 79 32 med
633 2114 90 42 syfte
751 2120 56 28 att
834 2115 138 34 komma
1003 2117 41 33 de
1074 2117 219 34 ekonomiska
1325 2118 358 43 utbildningshindren
1713 2120 52 35 till

277 2156 64 34 livs
361 2157 36 33 få
417 2157 72 34 icke
508 2158 170 34 utformas
698 2160 43 40 på
762 2159 96 34 detta
880 2164 81 30 sätt.
981 2160 245 43 Riktpunkten
1248 2161 54 35 för
1323 2163 130 33 sådana
1473 2164 162 41 åtgärder
1654 2165 110 34 måste

276 2201 10 33 i
305 2201 118 34 stället
440 2215 80 21 vara
540 2207 55 28 att
614 2203 104 41 skapa
738 2203 178 42 möjlighet
936 2204 53 34 för
1007 2205 95 42 varje
1121 2206 84 33 barn
1225 2211 66 35 att,
1311 2207 189 35 oberoende
1520 2221 43 21 av
1582 2208 181 35 föräldrar-

276 2257 63 22 nas
357 2246 156 33 ekonomi
533 2247 65 33 och
615 2247 209 42 bostadsort,
842 2248 36 34 få
896 2248 103 43 högre
1017 2249 285 43 skolutbildning,
1322 2264 56 21 om
1398 2252 75 34 dess
1490 2252 194 44 begåvning
1702 2254 62 33 och

277 2288 293 44 förutsättningar
593 2297 55 28 att
672 2292 225 42 tillgodogöra
920 2293 48 42 sig
991 2294 239 43 utbildningen
1252 2295 119 42 lämpa
1394 2296 49 42 sig
1466 2297 127 34 därför.
1618 2298 68 34 För
1709 2303 56 29 att

277 2345 41 22 en
344 2334 107 33 sådan
474 2336 125 41 politik
624 2336 84 34 skall
730 2337 118 34 kunna
872 2338 183 41 realiseras,
1079 2340 112 33 måste
1215 2340 289 42 stödåtgärderna
1528 2342 119 34 ställas
1671 2342 93 35 inom

275 2377 155 35 räckhåll
447 2383 86 29 även
550 2379 55 34 för
621 2381 41 33 de
678 2381 217 34 ekonomiskt
911 2382 81 34 allra
1011 2388 160 37 svagaste
1188 2384 146 34 skikten.
1352 2385 55 33 En
1425 2385 206 35 schematisk
1647 2390 115 38 gräns-

276 2422 167 42 dragning
458 2424 124 34 mellan
599 2425 80 33 land
697 2425 62 34 och
777 2426 79 33 stad
875 2426 63 34 bör
953 2427 70 33 inte
1041 2431 111 38 göras.
1170 2428 327 43 Skolutredningens
1516 2431 160 34 anmälda
1695 2431 67 34 för-

276 2466 74 43 slag
365 2467 111 35 måste
490 2469 44 41 på
551 2469 66 33 den
633 2469 154 42 punkten
805 2470 290 44 vidareutbyggas
1113 2472 62 34 och
1190 2472 259 43 kompletteras.
