2201 2660
422 213 38 30 12
879 206 247 33 Statsutskotteta
1155 204 170 34 Utlåtande
1347 203 69 32 N:o
1440 203 50 31 53.

376 293 120 37 under
526 295 41 33 år
597 290 94 37 1889
719 289 116 37 borde
853 288 144 36 utföras
1014 286 73 36 alla
1103 283 240 39 återstående
1359 281 242 51 byggnader,

505 344 98 38 dock
631 349 92 31 utan
751 341 217 46 inredning,
997 338 221 38 beräknade
1233 336 59 38 till
1313 350 46 23 en
1381 334 165 38 kostnad
1563 333 41 37 af
1628 334 163 46 357,520
1822 331 153 47 kronor,

376 398 212 48 utvändiga
630 401 150 32 vatten-
814 395 70 36 och
913 391 355 51 afloppsledningar
1295 388 218 38 beräknade
1540 386 60 37 till
1656 388 138 45 36,500
1880 397 17 22 >»

377 452 130 37 halfva
536 448 309 50 kaserngårdens
873 446 215 50 grusning
1341 474 2 4 :
1551 472 48 4 ——
1684 440 113 46 8,000
1881 449 16 23 >»

377 498 407 61 planeringsarbeten..
1072 530 16 4 -
1189 528 154 2 a
1517 526 82 2 nn
1688 493 110 44 T,200
1883 502 16 22 »

380 557 198 38 åskledare
606 588 82 4 ......
1072 584 16 2 a
1517 578 36 4 os
1688 546 109 46 1,800
1882 554 17 23 »

379 616 103 32 östra
510 615 211 31 trottoaren
751 611 21 33 å
799 607 244 48 Banérgatan
1072 608 99 33 samt
1186 602 144 37 hälften
1348 601 41 36 af
1403 601 72 36 den
1493 611 112 25 norra

481 666 20 33 å
529 662 246 48 Linnégatan
814 694 2 2 .
1165 688 82 4 vassen
1279 688 16 2 op
1375 686 82 2 AES
1684 652 112 44 9,700
1832 643 19 58 —
1881 661 17 22 »

379 714 263 48 stensättning
671 713 41 36 af
735 712 264 47 Linnégatans
1026 714 128 31 vestra
1184 707 61 36 del
1445 736 154 2 enn
1662 703 135 45 14.500

378 767 212 50 hvarjemte
619 765 41 38 af
684 765 64 37 det
775 764 59 37 för
861 759 377 42 kontorskostnaden
1269 759 70 37 och
1357 756 246 39 oförutsedda

485 819 156 50 utgifter
670 817 218 38 beräknade
916 816 139 48 belopp
1084 812 240 38 erfordrades
1423 842 108 4 SEE
1663 808 136 45 13,780
1833 802 19 57 =
1883 818 17 22 »

1455 883 147 25 summa
1631 869 165 46 449,000
1825 866 142 36 kronor

383 961 69 37 och
482 960 122 36 under
631 961 41 33 år
703 958 92 36 1890
823 955 178 49 samtlige
1031 952 241 38 återstående
1293 950 312 37 arbeten
1466 946 20 51 å
1505 950 100 37 östra

485 1011 323 46 etablisementet,
837 1006 221 40 beräknade
1087 1005 146 37 till...
1407 1034 2 4 ;
1628 998 164 46 430,000
1827 994 18 56 —
1873 1009 17 23 »

512 1081 112 37 Hvad
653 1080 170 48 anginge
854 1077 251 50 möjligheten
1135 1080 68 43 att,
1233 1077 47 47 på
1308 1078 76 32 sätt
1412 1071 224 48 Riksdagen
1664 1069 9 36 i
1689 1068 67 37 sin
1778 1065 202 39 skrifvelse

385 1136 72 36 den
504 1138 18 32 7
557 1133 72 50 juli
671 1135 93 34 1887
810 1132 192 46 förutsatt,
1044 1142 138 36 genom
1219 1125 219 49 förenkling
1466 1124 12 36 i
1507 1121 352 52 byggnadsplanen
1885 1123 97 31 samt

384 1188 121 48 nödig
534 1185 240 51 sparsamhet
803 1184 64 36 vid
895 1182 220 36 utförandet
1144 1180 140 36 bereda
1312 1181 127 45 någon
1468 1175 227 48 minskning
1722 1174 11 34 i
1758 1173 110 35 dessa
1885 1174 96 32 åter-

385 1239 158 37 stående
573 1237 217 47 kostnader,
821 1235 97 37 hade
947 1234 134 36 chefen
1110 1232 58 37 för
1196 1229 302 39 fortifikationen
1529 1227 154 47 erinrat,
1714 1230 55 31 att
1785 1223 116 37 redan
1917 1222 63 37 vid

385 1293 73 36 den
483 1305 140 36 genom
653 1288 141 50 Kongl.
821 1288 125 48 Maj:ts
971 1285 88 38 bref
1083 1285 73 37 den
1186 1286 47 35 25
1256 1282 153 51 januari
1437 1282 97 36 1884
1563 1278 201 38 anbefalda
1794 1275 188 38 omarbet-

385 1346 144 48 ningen
559 1343 41 36 af
624 1343 63 36 det
714 1341 97 37 först
827 1339 215 51 uppgjorda
1057 1337 186 49 förslaget
1257 1336 58 36 till
1330 1333 294 50 ifrågavarande
1640 1328 342 40 kasernetablisse-

387 1403 102 30 ment
518 1396 74 36 alla
621 1396 46 35 de
695 1392 328 49 inskränkningar
1057 1390 126 37 blifvit
1208 1389 196 47 vidtagna,
1432 1399 80 24 som
1542 1385 76 36 läte
1647 1384 132 36 förena
1808 1381 60 49 sig
1897 1379 85 37 med

386 1450 45 36 de
465 1449 40 36 af
530 1448 139 49 Kongl.
713 1446 106 49 Maj:t
861 1445 106 49 gifna
1011 1441 240 38 föreskrifter
1285 1439 199 50 angående
1508 1433 434 53 utrymmesberäkning
1970 1432 11 35 i

386 1503 182 36 kaserner
597 1500 71 37 och
697 1513 46 23 en
774 1495 304 49 ändamålsenlig
1106 1493 216 48 anordning
1350 1492 42 37 af
1415 1490 339 38 etablissementen
1783 1488 11 36 i
1824 1486 58 37 sin
1903 1485 80 36 hel-

385 1555 78 47 het,
493 1553 69 37 och
594 1558 54 30 att
676 1554 119 46 några
823 1549 226 50 ytterligare
1078 1546 329 47 inskränkningar
1434 1555 157 24 numera
1607 1545 42 33 så
1667 1540 152 49 mycket
1834 1538 148 36 mindre

386 1606 128 37 kunde
543 1605 190 48 vidtagas,
763 1616 80 23 som
872 1607 128 31 vestra
1030 1599 331 37 etablissementet
1389 1595 118 38 redan
1537 1607 91 24 vore
1656 1593 12 36 i
1697 1593 64 36 det
1790 1595 192 33 närmaste

387 1657 232 38 fullbordadt
647 1657 71 36 och
747 1655 162 47 somliga
937 1652 168 50 grunder
1132 1651 58 36 för
1219 1650 62 36 det
1308 1654 102 32 östra
1439 1653 93 31 nära
1561 1645 159 49 färdiga.
1760 1644 17 36 I
1803 1643 180 37 afseende

387 1714 21 33 å
436 1710 136 50 sjelfva
600 1707 220 38 utförandet
849 1706 109 47 hade,
988 1704 121 48 enligt
1138 1703 99 36 hvad
1264 1701 134 37 chefen
1428 1700 58 36 för
1513 1697 299 38 fortifikationen
1829 1694 154 47 anmält,

387 1763 117 37 redan
533 1763 100 35 förut
662 1761 50 36 all
741 1758 242 52 sparsamhet
1012 1756 124 37 blifvit
1164 1756 212 47 iakttagen,
1393 1753 159 36 hvarom
1569 1751 75 36 han
1661 1750 70 36 ock
1749 1750 142 46 ansåge
1907 1747 75 46 det,

387 1816 13 35 i
429 1813 237 39 förhållande
695 1813 58 36 till
783 1811 360 37 etablissementens
1172 1807 167 48 omfång,
1369 1805 136 48 billiga
1533 1803 122 49 priset
1679 1802 90 36 bära
1798 1800 132 36 vittne.

517 1863 440 52 Departementschefen
985 1862 69 35 har
1082 1864 47 45 på
1156 1859 125 50 grund
1311 1858 40 36 af
1376 1857 47 37 de
1453 1857 157 47 åsigter,
1639 1854 136 37 chefen
1803 1852 58 36 för
1876 1851 107 37 forti-

388 1919 208 39 fikationen
635 1916 160 38 sålunda
824 1915 146 47 uttalat,
1001 1918 126 32 ansett
1156 1917 55 31 ett
1244 1909 342 51 byggnadsanslag
1611 1907 40 37 af
1663 1907 165 47 449,000
1845 1905 141 35 kronor

388 1973 95 36 böra
524 1971 58 36 för
625 1975 108 31 nästa
770 1972 40 33 år
839 1967 173 47 beredas,
1043 1978 86 23 men
1158 1964 58 48 då,
1246 1963 13 36 i
1287 1963 92 46 följd
1410 1961 41 36 af
1477 1958 284 39 ofvannämnda
1789 1956 194 47 kontrakt,

389 2024 253 48 hvarigenom
684 2020 259 38 innevarande
986 2021 58 34 års
1075 2017 154 36 arbeten
1271 2016 151 36 komme
1451 2019 56 31 att
1535 2013 111 36 kosta
1676 2011 138 47 64,000
1842 2009 143 36 kronor

390 2076 146 37 mindre
578 2080 47 32 än
655 2087 80 24 som
771 2073 217 46 beräknats,
1018 2070 71 37 sist
1120 2068 160 38 berörda
1308 2068 140 47 belopp
1477 2066 115 36 redan
1624 2076 91 24 vore
1743 2060 242 51 tillgängligt

390 2134 56 32 att
474 2127 196 38 användas
699 2126 58 36 för
785 2125 47 37 de
860 2130 101 31 ännu
993 2121 240 39 återstående
1264 2120 193 46 arbetena,
1487 2116 164 38 behöfde
1669 2129 50 23 nu
1741 2115 135 36 endast
1893 2112 91 37 skil-

391 2182 124 36 naden
545 2182 163 46 385,000
737 2179 142 35 kronor
908 2176 41 37 af
973 2174 221 49 Riksdagen
1223 2173 125 36 äskas.

516 2233 98 36 Från
644 2232 73 36 den
746 2243 153 37 person,
930 2242 80 23 som
1040 2228 69 35 har
1125 2225 279 49 försäljningen
1421 2223 41 36 af
1474 2223 168 35 kronans
1658 2220 60 36 till
1733 2219 251 50 gardesrege-

392 2291 175 31 mentena
596 2284 184 49 upplåtna
811 2282 103 36 mark
945 2295 59 22 om
1034 2278 115 47 hand,
1179 2279 68 35 har
1276 2278 189 35 utskottet
1494 2274 152 37 erhållit
1667 2271 237 50 upplysning
1925 2283 60 23 om

392 2338 96 36 huru
518 2337 109 48 långt
656 2334 281 48 försäljningen
967 2330 216 39 fortskridit
1212 2329 70 37 och
1311 2327 134 38 dervid
1474 2325 204 47 inhemtat,
1708 2329 55 32 att
1791 2323 41 36 af
1847 2322 140 48 ifråga-

394 2390 165 37 varande
604 2402 27 22 s.
676 2387 33 36 k.
753 2387 345 48 gardestomterna,
1142 2381 130 37 hvilka
1316 2381 252 35 tillsammans
1598 2376 193 37 innehölle
1822 2375 164 47 945,680
