2198 2638
473 203 244 31 Sammansatta
742 203 97 32 Stats-
863 202 53 32 och
940 202 234 41 Laqutskottets
1205 204 169 31 Utlåtande
1396 204 63 31 N:o
1486 207 28 28 7.
1714 205 36 30 15

349 286 142 41 (Kongl.
514 286 117 42 Maj:ts
654 286 162 42 förslag.)

248 357 25 34 2
307 369 102 23 mom.
467 355 223 37 Kostnaden
725 355 60 37 för
812 355 152 37 utmåls-

197 407 279 47 förrättningen
508 407 96 36 skall
632 407 136 48 gäldas
796 407 41 36 af
861 407 104 48 gruf-

196 472 156 34 egaren;
384 458 72 36 och
484 471 90 24 vare
604 459 196 36 sökanden
825 459 139 48 pligtig

196 515 65 38 att,
291 510 67 36 der
389 509 289 48 bergmästaren
712 510 65 36 det
807 509 155 48 fordrar,

196 562 126 36 denna
364 561 166 36 kostnad
571 561 102 36 inom
711 560 173 49 förelagd
912 561 55 36 tid

197 613 200 48 förskjuta,
427 613 62 36 vid
519 614 189 47 äfventyr,
740 625 61 23 om
821 613 71 36 den
912 612 54 36 tid

197 665 184 46 försittes,
402 669 55 31 att
477 664 264 49 ansökningen
757 664 81 37 icke
855 677 111 23 anses

196 716 112 36 hafva
349 716 199 37 inkommit
587 715 177 50 tidigare,
806 721 47 31 än
890 716 76 36 för-

197 768 144 36 skottet
362 768 217 37 sedermera
600 768 191 49 erlägges,
812 768 154 36 hvilken

197 820 144 49 påföljd
370 820 70 36 bör
458 820 12 36 i
489 820 296 48 föreläggandet
802 820 161 48 intagas.

526 941 48 34 24
604 939 32 49 8.

237 1024 226 41 Uteblifver
492 1024 197 37 sökanden
709 1024 83 36 från
815 1024 148 37 förrätt-

197 1077 155 49 ningen,
381 1076 116 37 varde
526 1076 74 37 den
628 1076 156 46 instäld;
813 1076 70 36 och
903 1088 63 23 an-

198 1130 150 35 komme
374 1128 89 37 dess
484 1128 249 50 företagande
754 1127 214 37 sedermera

197 1184 48 47 på
281 1195 52 35 ny
361 1180 176 37 anmälan
564 1181 104 36 inom
698 1180 74 37 den
801 1179 55 37 tid
884 1179 82 36 från

198 1232 234 37 mutsedelns
460 1232 237 49 utfärdande,
728 1245 80 23 som
837 1231 10 36 i
878 1230 88 49 21$

198 1289 100 44 sägs.
353 1285 88 37 Men
471 1285 33 48 ej
525 1287 61 34 må
605 1298 125 23 annan
749 1288 104 44 parts
873 1282 94 37 eller

199 1336 155 37 allmänt
373 1336 161 37 ombuds
553 1335 260 38 uteblifvande
833 1334 134 37 hindra

198 1388 303 48 förrättningens
552 1388 193 48 fortgång,
788 1387 66 36 der
894 1386 73 36 den

199 1440 124 37 blifvit
360 1443 42 33 så
439 1439 194 49 delgifven
663 1440 71 36 och
763 1438 204 50 kungjord,

198 1505 79 24 som
306 1492 12 36 i
348 1494 47 35 23
426 1491 21 50 $
477 1496 40 32 är
546 1492 122 49 sagdt.

528 1615 45 34 31
605 1612 33 49 8.

252 1699 82 37 Den
362 1699 122 47 lösen,
513 1698 232 49 grufegaren
775 1697 119 48 enligt
918 1698 47 35 30

200 1750 21 50 8
262 1751 69 37 bör
373 1750 156 49 erlägga
565 1750 60 37 för
652 1749 119 46 mark,
801 1762 82 23 som
912 1747 57 37 till

198 1804 143 36 honom
383 1803 179 46 afträdes,
606 1801 97 38 skall
735 1801 230 37 bestämmas

202 1855 61 37 vid
303 1854 386 49 utmålsläggningen.
747 1852 147 50 Sämjas
932 1852 33 48 ej

199 1912 176 45 parterne
404 1920 61 23 om
492 1906 194 49 beloppet,
712 1904 116 38 varde
848 1904 64 37 det
930 1904 41 37 af

200 1958 419 49 förrättningsmannen
647 1957 70 37 och
746 1956 100 50 gode
865 1960 102 33 män-

199 2024 75 24 nen
301 2010 193 38 bestämdt
512 2010 99 37 efter
629 2009 281 50 uppskattning
930 2008 41 36 af

200 2063 157 37 marken
384 2062 58 37 till
470 2062 64 37 det
561 2062 128 46 värde,
719 2074 124 24 annan
862 2060 106 37 mark

200 2115 42 38 af
266 2115 197 37 enahanda
492 2113 263 38 beskaffenhet
784 2113 71 36 och
873 2112 95 49 god-

200 2168 64 36 het
301 2168 13 36 i
350 2172 109 32 orten
487 2166 116 49 högst
629 2165 133 50 gäller,
791 2165 86 36 med
904 2164 64 37 be-

201 2220 163 48 räkning
389 2224 56 32 att
480 2219 212 48 jordegaren
711 2230 179 24 ansvarar
910 2216 59 37 för

200 2276 131 33 räntor
359 2271 72 37 och
459 2270 200 50 utskylder
687 2269 43 37 af
749 2269 149 49 jorden.

252 2325 274 36 Lösesumman
549 2321 97 39 skall
661 2325 21 34 å
697 2322 116 37 sådan
827 2321 139 37 krono-

1130 287 147 41 (Lagens
1300 288 201 32 nuvarande
1525 288 161 41 lydelse.)

1334 942 49 34 24
1412 939 33 50 8.

1070 1024 216 38 Uteblifver
1320 1047 46 5 —
1402 1049 49 4 —
1480 1025 90 49 (lika
1600 1025 86 37 med
1715 1025 76 37 för-

1022 1075 139 50 slaget)
1206 1098 46 4 —
1291 1098 46 5 —
1368 1099 48 4 -—
1445 1080 48 46 på
1520 1091 51 36 ny
1600 1078 186 36 anmälan.

1021 1128 88 36 Men
1148 1128 34 49 ej
1221 1132 58 34 må
1312 1152 48 5 —
1389 1151 50 4 —
1469 1129 87 48 (lika
1593 1130 86 36 med
1717 1129 75 37 för-

1022 1180 137 49 slaget)
1189 1204 49 4 —
1267 1203 47 4 —
1344 1202 48 5 —
1422 1186 42 32 är
1491 1182 124 48 sagdt.

1352 1614 44 34 31
1429 1612 32 49 8.

1073 1698 84 37 Den
1192 1696 109 38 lösen
1330 1719 48 5 —
1409 1721 45 2 —
1485 1696 88 50 (lika
1602 1697 86 37 med
1717 1697 75 37 för-

1024 1749 137 50 slaget)
