2204 2638
469 216 237 30 Sammnmansatta
734 215 86 29 Stals
855 214 50 30 och
937 214 229 39 Eaquiskottets
1198 213 169 31 Utlåtande
1394 214 58 30 N:o
1481 216 18 27 7
1708 213 40 28 20

296 301 73 36 Vid
412 301 280 47 behandlingen
735 300 100 36 inom
876 299 250 48 lagutskottet
1153 299 42 36 af
1221 298 286 51 propositionen
1537 310 60 23 om
1628 297 163 48 iändring

192 354 40 35 af
257 352 299 48 grufvestadgan
588 352 95 36 hade
712 352 187 37 utskottet
927 351 182 48 tillstyrkt
1139 351 240 36 densammas
1405 349 279 50 godkännande
1706 349 84 36 med

193 405 135 36 endast
370 417 45 23 en
459 404 60 35 del
562 404 205 48 ändringar
807 404 11 36 i
861 403 101 36 vissa
1003 403 240 49 paragrafers
1286 402 240 49 ordalydelse
1560 402 11 35 i
1607 402 100 46 syfte
1737 406 55 32 att

194 456 262 36 åstadkomma
497 460 120 31 större
656 455 201 48 tydlighet.
915 455 73 35 Dot
1017 455 41 35 af
1082 454 251 48 lagutskottet
1362 453 211 48 framlagda
1601 453 189 47 förslaget

193 508 96 36 hade
318 506 168 37 derefter
515 507 40 35 af
580 507 133 35 Första
743 506 231 36 Kammaren
1003 506 181 47 antagits,
1215 505 160 36 allenast
1404 504 86 36 med
1506 517 47 23 en
1572 504 163 47 ändring
1753 504 42 36 af

198 561 43 33 13
271 558 34 49 &,
348 558 132 36 dervid
517 558 11 36 i
565 558 177 47 votering
775 558 98 35 efter
900 557 73 37 den
1003 556 54 36 till
1091 560 42 33 17
1165 556 21 48 &
1215 556 193 37 anknutna
1437 555 355 36 hufvuddiskussio-

194 623 72 23 nen
312 609 58 36 för
410 610 75 36 den
527 609 218 49 föreslagna
785 608 174 50 lydelsen
1002 607 173 49 afgifvits
1212 610 46 34 59
1289 613 133 40 röster,
1454 607 133 36 medan
1621 609 43 33 17
1695 606 97 36 varit

196 663 58 34 för
283 661 135 48 afslag.
474 661 128 36 Andra
631 660 230 37 Kammaren
890 660 96 36 hade
1016 660 59 36 för
1105 659 57 37 sin
1182 659 61 36 del
1263 659 147 47 antagit
1431 659 134 36 endast
1586 660 86 45 3,5,
1691 660 34 42 8,
1746 660 42 33 11

195 713 71 36 och
291 712 119 49 1388.
460 712 69 37 Vid
560 712 176 48 votering
764 711 161 37 rörande
958 714 43 33 17
1033 710 20 50 &
1082 712 97 36 hade
1207 711 12 36 i
1248 711 123 37 denna
1399 711 190 36 kammare
1618 709 173 48 afgifvits

196 766 46 34 69
272 770 125 31 röster
424 765 60 36 för
513 765 72 36 den
613 764 216 49 föreslagna
857 763 172 49 lydelsen
1061 764 73 36 och
1167 765 71 34 104
1266 768 123 31 röster
1418 768 79 30 mot
1525 762 230 37 densamma.

297 816 110 37 Efter
434 816 279 49 godkännande
742 817 42 36 af
809 821 55 31 ett
892 816 83 37 från
1003 815 253 48 lagutskottet
1276 815 209 37 inkommet
1501 813 290 48 sammanjemk-

194 867 265 50 ningsförslag
495 868 94 38 hade
625 868 219 48 Riksdagen
872 867 53 36 uti
954 867 202 37 skrifvelse
1186 867 71 36 den
1290 868 42 35 11
1364 867 73 48 maj
1472 868 97 36 1894
1598 865 193 47 förklarat,

195 925 54 31 att
288 920 233 48 Riksdagen,
563 933 79 23 som
687 925 127 33 ansett
850 919 287 49 propositionen
1171 931 59 25 om
1260 917 164 49 ändring
1451 918 11 36 1
1490 917 302 48 grufvestadgan

194 971 187 38 innefatta
410 977 54 32 ett
493 976 120 42 ämne,
643 971 130 38 derom
802 971 218 47 Riksdagen
1050 970 98 47 egde
1177 975 54 32 att
1258 970 60 36 för
1343 969 59 37 sin
1421 969 61 39 del
1504 969 157 46 besluta,
1682 969 110 45 hade,

196 1024 46 37 då
268 1024 220 47 Riksdagen
516 1023 84 38 icke
628 1023 144 37 kunnat
806 1022 205 49 godkänna
1039 1022 46 36 de
1115 1022 41 36 af
1183 1021 136 49 Kongl.
1348 1021 108 49 Maj:t
1483 1020 217 49 föreslagna
1729 1020 63 37 be-

197 1075 237 38 stämmelser
476 1075 195 49 angående
714 1075 144 36 kronan
892 1073 233 39 förbehållen
1151 1073 318 50 jordegareandel
1499 1073 62 37 vid
1590 1072 202 40 inmutnin-

195 1141 69 35 gar
301 1131 48 45 på
384 1127 83 37 icke
505 1127 227 50 disponerad
766 1126 205 49 kronojord
1005 1126 70 39 och
1105 1125 154 39 dermed
1290 1125 372 49 sammanhängande
1691 1124 101 37 stad-

196 1180 165 49 ganden,
404 1179 9 36 i
457 1178 204 50 anledning
702 1179 41 36 af
781 1178 142 49 Kongl.
953 1178 126 48 Maj:ts
1118 1177 234 50 proposition
1383 1177 60 37 för
1471 1177 58 37 sin
1557 1176 57 38 del
1645 1178 148 48 antagit

196 1232 63 49 lag
301 1245 60 23 om
403 1231 143 38 ändrad
587 1231 146 49 lydelse
775 1231 43 38 af
855 1231 103 38 vissa
998 1230 224 51 paragrafer
1262 1230 12 36 i
1310 1229 301 49 grufvestadgan
1640 1228 74 37 den
1748 1230 43 38 16

197 1284 72 48 maj
315 1285 111 46 1884,
469 1283 260 38 innefattande
772 1283 123 37 denna
936 1281 64 50 lag
1040 1282 163 48 ändring
1243 1281 41 38 af
1318 1283 35 45 3,
1389 1283 35 45 5,
1456 1283 43 37 11
1531 1281 70 39 och
1633 1283 44 34 13
1707 1279 42 51 $$
1781 1280 12 36 i

199 1335 312 48 grufvestadgan.

301 1386 57 38 Då
391 1386 219 49 Riksdagen
645 1386 155 38 sålunda
833 1386 85 37 icke
946 1385 173 49 godkänt
1147 1385 46 38 de
1221 1385 224 48 ifrågasatta
1473 1384 254 49 ändringarna
1754 1383 44 38 af

200 1441 58 45 17,
288 1441 47 35 22
366 1439 71 37 och
467 1440 46 36 65
543 1437 45 50 $8
617 1438 11 35 i
656 1437 314 50 grufvestadgan,
1008 1437 72 38 och
1117 1437 153 39 dermed
1309 1436 72 38 den
1417 1436 271 49 förutsättning
1717 1436 75 39 för-

198 1490 107 48 fallit,
343 1504 83 25 som
462 1491 103 48 legat
600 1489 57 37 till
692 1490 125 49 grund
845 1490 60 36 för
933 1488 268 40 förutnämnda
1228 1488 237 50 proposition
1494 1488 196 49 angående
1719 1487 73 39 till-

197 1542 277 49 godogörande
502 1542 42 37 af
569 1542 72 38 den
670 1542 147 38 kronan
846 1541 284 39 tillkommande
1154 1540 322 50 jordegareandel
1495 1540 11 37 i
1524 1540 150 49 grufva,
1694 1540 97 38 hade

197 1595 220 48 Riksdagen
449 1595 12 36 i
490 1594 160 39 särskild
680 1594 202 37 skrifvelse
911 1593 256 49 nyssberörde
1200 1596 41 34 11
1274 1592 71 48 maj
1379 1595 98 34 1894
1507 1592 200 47 meddelat,
1737 1597 55 31 att

198 1647 124 38 denna
350 1646 280 48 framställning
660 1646 32 49 ej
723 1645 119 40 heller
870 1645 42 38 af
936 1645 216 49 Riksdagen
1183 1645 166 38 bifallits.

301 1699 240 39 Beträffande
569 1698 114 38 ofvan
713 1697 249 40 omförmälda
990 1697 42 39 af
1055 1697 240 48 Riksdagens
1324 1697 98 37 båda
1449 1697 149 38 kamrar
1626 1701 166 44 antagna

198 1751 163 49 ändring
389 1751 42 37 af
459 1752 45 35 13
534 1750 20 49 &
583 1751 11 35 i
622 1750 303 50 grufvestadgan
954 1749 67 40 har
1049 1748 421 50 departementschefen
1499 1749 150 45 erinrat,
1681 1748 110 40 huru-

199 1816 79 24 som
310 1803 121 49 enligt
463 1805 15 34 1
511 1816 110 23 mom.
649 1802 12 36 i
690 1802 123 39 denna
842 1801 21 50 $&
893 1801 63 38 det
984 1801 106 49 ålåge
1118 1802 184 37 inmutare
1331 1806 55 31 att
1414 1801 78 37 viss
1510 1801 55 39 tid
1585 1800 81 40 före
1685 1800 106 38 arbe-

198 1860 75 32 tets
315 1854 232 50 påbörjande
588 1854 124 37 lemna
745 1853 154 39 afskrift
927 1854 41 36 af
993 1853 213 39 mutsedeln
1236 1853 33 49 ej
1300 1852 97 38 blott
1426 1852 56 39 till
1509 1853 65 37 det
1600 1852 190 38 inmutade

200 1908 192 36 områdets
422 1920 127 36 egare,
566 1912 88 32 utan
683 1906 111 37 äfven
824 1905 56 38 till
908 1905 85 49 den,
1022 1905 155 38 hvilken
1205 1905 188 37 innehade
1412 1904 277 50 nyttjanderätt
1708 1904 83 40 der-

198 1959 68 48 till,
295 1972 86 24 men
411 1964 55 33 att
493 1959 52 37 uti
575 1958 141 49 Kongl.
746 1958 128 50 Maj:ts
904 1957 248 39 förenämnda
1171 1956 145 49 förslag
1336 1957 73 38 den
1429 1957 161 47 ändring
1609 1956 181 48 vidtagits

199 2011 52 37 uti
279 2011 259 49 nyssnämnda
567 2015 178 42 moment,
774 2016 56 31 att
857 2010 206 37 inmutares
1093 2008 460 50 delgifningsskyldighet
1570 2008 220 40 inskränkts

199 2063 56 36 till
282 2063 236 37 aflemnande
548 2063 41 36 af
622 2062 153 38 afskrift
802 2062 44 39 af
870 2061 225 47 mutsedeln,
1127 2061 161 40 förutom
1317 2060 57 37 till
1402 2061 65 39 det
1493 2061 191 38 inmutade
1713 2074 78 23 om-

199 2115 126 38 rådets
354 2128 127 36 egare,
511 2114 159 39 allenast
697 2114 56 38 till
782 2114 85 47 den,
910 2113 154 39 hvilken
1093 2113 65 37 det
1186 2113 85 39 med
1299 2113 278 49 nyttjanderätt
1604 2114 184 37 innehade.

199 2167 72 39 Vid
314 2166 309 51 propositionens
663 2166 234 49 behandling
932 2165 12 37 i
972 2164 219 50 Riksdagen
1219 2165 96 38 hade
1344 2164 265 50 lagutskottet,
1637 2164 12 38 i
1677 2164 113 38 ända-

200 2219 72 37 mål
313 2225 57 32 att
411 2218 85 40 fullt
535 2218 140 49 tydligt
702 2218 172 38 utmärka
901 2217 100 38 hvad
1030 2217 85 38 med
1144 2217 212 48 ändringen
1384 2217 164 48 afsåges,
1578 2216 98 38 efter
1705 2216 45 38 de
1779 2217 11 36 i

204 2274 44 35 13
277 2270 21 51 &
331 2274 15 35 1
380 2284 110 24 mom.
520 2270 312 40 förekommande
860 2270 116 38 orden
1005 2269 85 37 »det
1119 2269 85 38 med
1229 2268 274 51 nyttjanderätt
1521 2269 177 39 innehar»
1718 2268 73 37 till-

200 2323 82 49 lagt
310 2323 118 39 orden
457 2323 92 37 »och
577 2323 171 47 brukar»,
792 2322 260 38 hvarförutom
1087 2321 265 38 motsvarande
1382 2320 281 51 förtydligande
1692 2321 98 36 före-
