2225 2680
401 245 19 29 4
909 229 234 34 Statsutskottets
1172 224 153 35 Utlåtande
1348 222 60 32 N:o
1434 222 43 30 51.

1090 783 108 39 "N:o
1230 780 91 41 51.

1094 945 69 26 Ank.
1183 943 39 26 till
1241 941 90 27 Riksd.
1351 938 83 28 kansli
1453 937 49 27 den
1522 936 34 28 24
1575 934 66 36 april
1662 933 76 34 1891,
1758 931 36 29 kl.
1814 931 16 26 3
1849 939 20 18 e.
1889 938 34 18 m.

844 1097 189 40 Utlåtande,
1075 1095 75 34 med
1189 1091 180 44 anledning
1410 1087 47 45 af
1491 1085 121 46 Kongl.
1643 1081 121 47 Maj:ts
1792 1078 216 49 proposition

946 1168 170 46 angående
1149 1163 239 37 användandet
1419 1160 46 44 af
1491 1154 400 45 mäilitieboställsfondens
1923 1160 85 36 upp-

938 1242 120 34 komna
1087 1237 210 36 återstående
1324 1232 199 44 behållning.

1672 1279 73 50 (1:a
1773 1276 43 38 U.
1847 1275 58 50 AD

522 1464 18 37 I
558 1477 45 24 en
622 1463 61 36 till
701 1458 209 49 Riksdagen
930 1454 132 38 aflåten
1082 1450 223 52 proposition
1326 1447 73 50 (n:o
1421 1446 37 47 5)
1479 1443 40 38 af
1536 1443 71 37 den
1630 1444 46 34 14
1698 1438 199 39 november
1915 1436 100 38 1890

416 1522 68 36 har
513 1518 134 49 Kongl.
677 1515 105 49 Maj:t
808 1510 189 49 föreslagit
1025 1506 209 48 Riksdagen
1263 1508 53 31 att
1344 1502 68 35 den
1432 1499 21 37 å
1471 1492 419 43 militieboställsfonden
1913 1502 104 37 qvar-

419 1573 145 38 stående
593 1569 215 47 behållning
840 1566 136 44 10,078
1008 1563 135 35 kronor
1173 1562 46 34 27
1250 1565 61 28 öre
1340 1555 113 36 måtte
1482 1552 36 37 få
1547 1550 185 37 användas
1751 1547 115 37 såsom
1886 1544 132 48 bidrag

386 1638 9 7 "
418 1629 59 36 till
506 1624 182 53 gäldande
716 1621 41 38 af
782 1618 247 39 kostnaderna
1055 1614 59 38 för
1143 1614 61 36 det
1232 1610 56 37 för
1316 1614 258 43 stamtruppen
1603 1604 62 38 vid
1695 1597 324 42 Vesternorrlands

420 1682 167 49 bataljon
616 1677 150 38 afsedda
794 1674 281 38 etablissement.

530 1734 52 38 Af
613 1734 61 36 det
702 1729 273 52 propositionen
1004 1723 152 50 bilagda
1185 1716 401 52 statsrådsprotokollet
1613 1711 103 38 öfver
1744 1707 277 40 landtförsvars-

422 1790 158 38 ärenden
609 1784 242 40 förenämnda
884 1782 72 49 dag
984 1780 193 42 inhemtas,
1211 1779 55 32 att
1294 1771 245 48 anledningen
1569 1767 134 43 dertill,
1731 1770 54 31 att
1815 1762 120 50 någon
1964 1761 58 36 be-

423 1845 168 48 hållning
619 1842 20 36 å
667 1841 119 36 denna
814 1836 88 38 fond
931 1842 98 29 ännu
1058 1830 222 44 förefunnes,
1308 1839 87 25 vore
1424 1823 171 50 följande.

530 1898 58 37 Då
616 1896 69 36 den
714 1908 26 23 s.
771 1894 34 35 k.
834 1886 427 43 militieboställskassan,
1287 1882 111 36 hvars
1420 1875 303 51 hufvuduppgift
1741 1873 97 37 varit
1856 1875 55 31 att
1929 1868 94 37 förse

426 1950 354 41 bostadsboställena
821 1945 83 36 med
947 1941 258 38 karaktershus
1246 1938 103 42 eller,
1392 1935 64 35 der
1489 1932 128 48 dylika
1650 1936 98 28 ännu
1781 1927 30 48 ej
1847 1922 178 51 uppförts,

425 2006 163 39 bestrida
616 1997 519 55 inqvarteringsersättningen
1156 1993 37 36 åt
1212 1987 341 44 boställshafvarne,
1574 1984 60 37 vid
1656 1980 235 39 statsverkets
1910 1976 115 38 öfver-

427 2060 159 51 tagande
614 2058 41 37 af
681 2057 139 36 indelta
856 2054 144 36 arméns
1033 2048 181 38 boställen
1247 2046 78 35 icke
1355 2043 125 36 vidare
1510 2039 56 37 för
1594 2039 63 35 sitt
1685 2033 205 39 dåvarande
1919 2030 107 37 ända-

427 2116 76 37 mål
531 2111 240 44 erfordrades,
798 2108 95 36 hade
923 2107 83 35 hela
1035 2104 62 36 det
1125 2102 148 48 belopp,
1295 2098 167 44 482.000
1483 2095 145 42 kronor,
1647 2090 153 37 hvartill
1820 2087 69 37 den
1911 2086 116 47 dispo-

429 2171 102 36 nibla
561 2166 257 47 behållningen
849 2161 40 37 af
914 2162 128 34 kassan
1071 2162 129 43 antogs
1229 2151 133 51 uppgå,
1393 2149 40 37 af
1459 2148 131 49 Kongl.
1620 2146 101 48 Maj:t
1746 2142 82 37 med
1853 2142 94 37 1877
1972 2138 57 36 års

430 2223 163 48 Riksdag
621 2220 159 37 anvisats
808 2217 58 36 till
896 2210 344 55 byggnadsarbeten
1266 2206 57 37 för
1351 2202 297 40 landtförsvaret.
1689 2199 114 36 Innan
1824 2192 204 40 emellertid

430 2278 101 37 tiden
559 2277 99 43 kom,
686 2272 46 37 då
759 2272 102 36 dessa
890 2268 119 37 medel
1039 2265 57 37 för
1124 2262 181 52 gäldande
1326 2258 40 37 af
1381 2254 282 52 ifrågavarande
1683 2248 347 53 byggnadsarbeten

432 2339 104 43 togos
568 2332 12 33 i
613 2328 167 48 anspråk,
810 2324 94 36 hade
933 2334 130 38 genom
1095 2319 196 48 upplupna
1319 2319 125 31 räntor
1472 2306 345 52 kapitaltillgången
1848 2302 37 36 så
1913 2302 116 42 ökats,
