2221 2671
757 226 233 30 Statsutskottets
1020 226 152 31 Utlåtande
1196 228 60 29 N:o
1282 229 43 29 äl.
1816 232 16 29 5

236 308 63 41 att,
342 302 91 38 efter
471 304 180 49 utgående
691 304 38 36 af
765 306 43 36 de
843 306 170 36 anvisade
1043 308 166 44 482,000
1240 308 193 47 kronorna,
1462 309 19 36 å
1510 309 134 38 fonden
1674 310 80 37 fans
1782 317 53 31 ett

235 357 204 38 öfverskott
480 358 40 36 af
559 359 11 35 i
610 360 167 48 jemnadt
811 361 53 35 tal
900 363 139 43 29,000
1074 362 144 36 kronor.
1277 362 54 36 Då
1365 364 124 38 vidare
1519 370 53 31 ett
1600 366 60 36 till
1691 368 141 41 72,000

237 412 133 36 kronor
411 413 204 36 beräknadt
656 413 205 38 öfverskott
902 414 166 50 uppstått
1109 415 21 36 å
1171 416 44 36 de
1255 418 139 47 jemväl
1436 420 247 47 nyssnämnda
1724 420 39 36 år
1797 420 40 37 af

237 466 132 49 Kongl.
409 467 103 48 Maj:t
548 467 85 36 med
671 468 207 49 Riksdagen
918 469 57 35 för
1010 470 309 48 byggnadsbehof
1349 473 172 35 anvisade
1550 486 24 22 s.
1605 474 33 35 k.
1669 474 164 36 boställs-

235 520 261 43 kassemedlen,
531 521 127 35 hvilka
692 522 174 36 härrörde
900 522 40 36 af
970 523 43 36 de
1047 522 79 37 från
1156 530 274 43 regementenas
1459 527 375 37 boställsdirektioner

234 574 246 37 inlevererade
510 574 267 51 behållningar,
806 576 158 49 begärde
993 577 67 36 och
1089 578 114 36 erhöll
1233 579 133 49 Kongl.
1398 580 100 49 Maj:t
1531 583 99 36 1880
1655 581 57 37 års
1732 583 100 36 Riks-

234 628 90 49 dags
358 627 259 50 medgifvande
651 636 55 30 att
740 629 57 37 för
825 631 493 38 kavallerietablissementet
1347 634 12 35 i
1388 633 248 51 Helsingborg
1665 637 168 35 använda

234 682 62 36 det
338 682 134 49 belopp
520 685 165 42 101,000
721 685 143 42 kronor,
893 698 74 22 som
999 685 154 37 sålunda
1181 700 66 23 var
1274 687 47 48 på
1350 687 95 37 båda
1473 688 101 36 dessa
1602 689 130 37 fonder
1760 691 73 35 till-

233 749 183 23 sammans
458 737 231 48 disponibelt.
747 738 54 36 De
844 740 168 48 verkliga
1054 740 247 50 tillgångarne
1342 742 124 36 visade
1508 744 56 48 sig
1598 743 92 36 dock
1725 744 105 37 äfven

233 803 50 23 nu
318 789 111 38 hafva
458 791 63 36 vid
549 791 100 36 tiden
678 790 57 37 för
763 793 257 36 användandet
1049 795 108 35 vuxit
1186 794 102 37 öfver
1317 795 62 37 det
1408 797 207 37 beräknade
1646 798 182 50 beloppet,

233 846 38 34 så
308 851 64 38 att,
410 844 92 37 efter
540 846 255 36 utbetalandet
829 846 41 36 af
895 849 244 47 nyssnämnda
1167 849 60 36 till
1257 849 576 51 Helsingborgsetablissementet

232 899 173 36 anvisade
447 912 156 33 summa,
646 900 103 36 deraf
787 900 179 38 återstode
1008 901 112 37 ofvan
1163 903 151 49 angifna
1352 905 133 49 belopp
1527 907 133 43 10,078
1697 907 135 36 kronor

234 955 46 35 27
325 960 71 37 öre,
434 967 76 22 som
550 953 157 37 derefter
744 954 70 37 fått
847 955 146 49 qvarstå
1025 955 116 37 såsom
1177 957 215 50 behållning
1420 958 20 36 å
1469 960 360 37 militiebostaällsfon-

232 1007 80 44 den,
353 1012 89 31 utan
485 1013 54 30 att
581 1008 93 37 dock
708 1009 156 45 medlen,
897 1011 138 44 hvilka,
1063 1010 47 50 på
1138 1017 72 30 sätt
1237 1012 66 36 här
1332 1012 111 36 ofvan
1472 1017 155 42 nämnts,
1656 1015 96 36 varit
1781 1014 51 37 af-

231 1061 111 36 sedda
371 1067 55 30 att
454 1061 57 37 för
540 1063 362 49 byggnadsändamål
931 1065 197 46 användas,
1160 1079 131 36 genom
1320 1065 232 52 förräntning
1581 1069 113 48 gjorts
1713 1068 118 37 frukt-

232 1115 172 37 bärande.

339 1169 107 36 Hvad
484 1170 125 37 vidare
646 1171 155 49 anginge
834 1170 130 50 frågan
994 1186 59 22 om
1082 1173 240 37 användande
1351 1173 41 37 af
1416 1176 157 35 nämnda
1601 1176 230 52 behållning,

231 1223 94 36 hade
341 1223 375 50 arméförvaltningen
733 1226 11 34 i
760 1225 190 38 skrifvelse
966 1225 40 37 af
1019 1227 68 36 den
1110 1229 43 35 14
1169 1226 164 38 februari
1350 1231 98 35 1890
1464 1228 72 37 fäst
1551 1232 279 47 uppmärksam-

230 1278 104 36 heten
370 1278 121 49 derpå,
521 1283 54 31 att
603 1279 61 36 vid
692 1278 217 51 föregående
938 1280 187 45 tillfällen,
1155 1281 46 36 då
1228 1283 128 48 dylika
1385 1283 159 36 ärenden
1572 1284 97 37 inför
1698 1286 130 49 Kongl.

229 1331 104 49 Maj:t
360 1333 69 35 och
457 1333 209 48 Riksdagen
695 1332 187 47 förevarit,
913 1334 270 50 behållningen,
1212 1341 87 31 utan
1328 1336 132 37 tvifvel
1489 1338 83 36 med
1602 1339 138 50 hänsyn
1771 1341 59 35 till

229 1384 153 38 fondens
420 1388 265 48 ursprungliga
723 1387 183 46 ändamål,
943 1394 134 31 ansetts
1111 1390 88 35 böra
1228 1389 56 37 för
1311 1390 302 38 landtförsvarets
1640 1393 190 51 tillfälliga

230 1440 309 49 byggnadsbehof
570 1446 104 44 tagas
707 1442 12 34 i
753 1441 166 50 anspråk;
949 1443 66 36 och
1045 1442 130 50 ansåge
1204 1444 375 51 arméförvaltningen
1609 1447 60 36 vid
1700 1447 130 38 sådant

229 1494 228 36 förhållande
486 1494 69 37 den
586 1502 98 29 ännu
714 1495 237 49 qvarstående
975 1497 267 48 jemförelsevis
1270 1500 103 48 ringa
1401 1498 206 38 återstoden
1636 1500 41 36 af
1693 1500 136 38 fonden

229 1548 201 49 lämpligen
461 1549 89 36 böra
577 1548 39 37 få
644 1562 44 24 en
716 1550 175 36 liknande
920 1551 246 50 användning.

335 1603 388 50 Arméförvaltningen
751 1604 94 36 hade
874 1605 175 49 derjemte
1078 1607 152 44 anmält,
1252 1609 54 33 att
1325 1607 176 36 kontrakt
1520 1622 59 22 om
1602 1608 227 50 uppförande

229 1656 11 35 i
269 1656 214 37 Hernösand
512 1656 42 37 af
578 1657 62 36 det
667 1657 57 36 för
753 1663 253 45 stamtruppen
1036 1660 62 35 vid
1122 1659 323 38 Vesternorrlands
1466 1662 166 49 bataljon
1652 1664 175 36 erforder-

229 1711 73 48 liga
343 1711 311 37 etablissementet
694 1725 154 24 numera
890 1713 127 37 blifvit
1057 1714 179 36 afslutadt
1272 1715 69 36 och
1374 1720 55 32 att
1461 1716 68 36 den
1564 1718 264 37 kontraherade

228 1764 361 49 byggnadssumman
620 1767 186 49 uppginge
834 1767 60 36 till
925 1769 138 43 99,200
1094 1768 145 45 kronor,
1267 1769 115 37 under
1410 1770 61 35 det
1494 1775 55 31 att
1568 1772 59 35 till
1647 1772 181 49 gäldande

227 1818 41 35 af
294 1819 119 35 denna
443 1819 152 36 kostnad
624 1819 131 37 funnes
783 1821 230 49 tillgängligt
1042 1822 127 36 endast
1189 1822 61 36 det
1270 1823 116 36 under
1405 1823 85 37 åren
1515 1827 97 36 1888
1635 1826 67 35 och
1727 1829 98 35 1889

227 1873 11 34 i
281 1873 55 35 sin
370 1873 125 36 helhet
527 1874 231 36 reserverade
791 1876 166 48 anslaget
989 1876 60 35 till
1077 1876 113 50 sagda
1218 1883 227 43 stamtrupps
1473 1879 172 50 aflöning,
1674 1881 153 35 tillsam-

227 1939 105 24 mans
374 1927 12 35 i
427 1927 113 36 rundt
580 1929 54 35 tal
669 1930 142 41 53,000
848 1930 145 44 kronor,
1031 1929 186 37 äfvensom
1254 1931 69 36 den
1351 1934 233 43 reservation,
1615 1935 211 49 antagligen

234 1982 135 42 13,000
411 1981 148 44 kronor,
596 1995 78 23 som
709 1983 116 35 under
857 1982 39 36 år
929 1985 98 36 1890
1056 1984 123 36 kunde
1208 1984 21 36 å
1257 1998 140 23 samma
1425 1987 128 49 anslag
1584 1989 239 48 uppkomma.

227 2034 71 36 För
327 2039 55 31 att
410 2035 69 36 den
508 2035 208 50 påbegynta
746 2038 285 49 uppsättningen
1059 2037 41 36 af
1122 2039 160 36 nämnda
1302 2045 208 44 stamtrupp
1540 2042 31 47 ej
1602 2042 119 36 skulle
1741 2048 84 44 taga

226 2089 69 34 allt
324 2087 58 37 för
411 2088 86 50 lång
526 2090 54 35 tid
608 2089 181 38 förmälde
818 2092 55 47 sig
902 2091 377 51 arméförvaltningen
1307 2093 58 36 för
1394 2094 69 35 den
1483 2095 99 36 skull
1602 2097 100 34 finna
1722 2097 11 34 i
1754 2097 72 49 hög

226 2142 91 48 grad
360 2143 172 49 önskligt,
565 2149 55 30 att
653 2144 99 49 hjelp
780 2146 59 35 till
867 2145 394 50 byggnadskostnaden
1290 2146 81 37 från
1399 2154 112 30 annat
1536 2148 79 37 håll
1643 2150 184 46 bereddes,

228 2196 67 36 och
332 2196 132 50 ansåge
503 2199 373 49 arméförvaltningen
915 2200 117 36 under
1069 2200 132 37 sådana
1240 2202 311 50 omständigheter
1588 2203 68 37 den
1693 2203 132 51 ifråga-

227 2251 160 36 varande
415 2250 207 38 återstoden
642 2251 21 37 å
683 2253 420 40 militieboställsfonden
1124 2255 214 52 lämpligast
1355 2256 91 38 böra
1466 2258 58 35 till
1545 2257 110 37 ofvan
1675 2258 151 53 angifna

229 2304 170 36 ändamål
428 2306 196 37 användas,
