1902 2831
241 180 40 30 30
584 180 313 30 Bankoutskottets
915 180 183 31 memorial
1113 190 42 20 nr
1172 181 41 30 35
1231 180 39 31 år
1289 181 84 30 1969

239 261 137 30 fordrar
401 261 71 30 inte
497 262 207 40 konstgjord
728 262 211 40 bevattning.
965 262 357 41 Arealavkastningen
1348 262 177 31 förefaller
1551 271 174 32 gynnsam

240 307 8 29 i
274 307 41 29 de
340 307 298 40 försöksodlingar
663 316 73 21 som
762 308 105 39 pågår
892 309 10 29 i
926 308 170 40 Etiopien.
1121 308 222 30 Resistensen
1368 311 73 28 mot
1464 309 169 39 parasiter
1658 308 61 29 och

239 352 159 30 riskerna
423 353 53 29 för
502 353 245 40 fågelangrepp
773 354 109 29 måste
907 353 141 31 utredas
1072 354 209 39 ytterligare.

283 397 115 40 Ifråga
422 407 56 20 om
504 399 308 38 processtekniken
837 399 106 39 pågår
969 399 226 39 utredningar
1222 409 42 20 av
1289 399 433 40 anläggningskostnader-

239 451 45 20 na
311 442 54 30 för
392 442 41 30 de
459 443 58 29 två
544 442 243 31 förstnämnda
816 443 315 40 förfaringssätten,
1160 444 374 42 högtryckspressning
1562 445 63 29 och
1653 445 69 38 låg-

239 487 304 41 tryckspressning
568 488 78 40 plus
673 489 196 29 extraktion
896 489 79 29 med
1001 489 185 40 organiska
1213 489 279 40 lösningsmedel.
1520 491 73 29 Den
1620 490 101 29 först-

239 533 154 30 nämnda
417 533 160 30 metoden
601 535 37 28 är
662 534 155 39 billigare
838 544 82 20 men
944 535 97 30 torde
1065 544 38 31 ge
1127 545 42 20 en
1194 535 290 40 näringsmässigt
1509 537 112 29 sämre
1645 545 76 30 pro-

240 578 87 30 dukt
351 578 78 30 med
453 579 112 29 sämre
588 579 330 39 lagringsresistens.
942 580 74 30 Den
1040 580 118 35 andra,
1183 580 123 40 dyrare
1329 580 171 36 metoden,
1525 589 56 32 ger
1604 590 41 20 en
1671 583 51 27 ut-

240 623 114 30 märkt
381 623 161 40 produkt,
571 624 134 30 hållbar
734 625 84 29 även
846 625 110 30 under
982 626 156 39 tropiska
1166 625 409 40 lagringsförhållanden.
1603 627 118 38 Bipro-

239 668 141 35 dukten,
405 669 104 40 oljan,
534 670 96 29 torde
654 670 107 30 delvis
783 671 102 29 täcka
908 670 479 40 produktionskostnaderna.
1412 672 308 39 Oljeutvinningen

239 714 65 29 blir
329 714 104 40 högre
459 715 78 29 med
563 715 65 29 den
655 715 217 31 sistnämnda
898 716 170 30 metoden.
1094 716 205 40 Ytterligare
1324 717 227 39 utredningar
1577 718 61 29 och
1666 717 55 29 ke-

240 759 122 34 miska,
390 760 192 39 biologiska
608 761 63 28 och
699 760 253 40 toxikologiska
979 761 223 40 värderingar
1230 762 109 30 måste
1366 764 109 38 göras,
1503 763 107 30 innan
1640 764 81 28 slut-

238 803 61 40 ligt
324 805 333 39 ställningstagande
681 806 70 29 kan
776 806 70 30 ske.

285 850 522 30 Proteinkoncentrat
847 852 110 28 från
997 853 187 37 nugfrö.
1224 853 159 38 Tidigare
1423 854 140 29 utförda
1605 854 116 29 försök

240 893 78 29 med
340 893 215 30 frömaterial
578 894 78 29 från
678 895 109 29 Addis
808 895 116 30 Abeba
945 896 104 39 tydde
1071 897 43 38 på
1137 899 48 27 att
1207 899 47 27 ett
1277 897 343 39 proteinkoncentrat
1643 898 79 29 från

239 937 94 31 detta
361 939 157 29 material
547 947 62 32 gav
637 940 92 29 vissa
756 940 135 30 toxiska
922 943 174 38 symptom
1129 941 148 35 (diarré)
1309 943 63 29 hos
1400 942 119 36 råttor,
1550 953 72 20 som
1652 943 70 29 fick

240 984 135 28 relativt
398 984 74 29 små
494 985 142 38 mänger
658 995 40 19 av
720 985 93 30 detta
835 986 168 30 material.
1026 986 91 30 även
1140 988 87 29 barn
1251 997 73 20 som
1346 988 34 30 åt
1402 989 74 38 gröt
1498 989 43 39 på
1563 998 41 20 en
1626 997 96 30 vege-

240 1028 311 40 tabilieblandning
569 1029 247 31 innehållande
837 1031 74 30 små
931 1032 165 39 mängder
1117 1032 150 39 nugfrön
1288 1033 84 39 köpt
1392 1033 43 39 på
1455 1043 134 20 samma
1609 1034 117 28 mark-

240 1073 67 38 nad
329 1074 71 29 fick
422 1073 162 31 diarréer.

283 1118 177 30 Försöken
484 1119 64 29 har
573 1120 82 29 sista
681 1120 72 30 året
777 1121 176 39 upptagits
977 1122 44 39 på
1045 1124 75 37 nytt
1145 1123 78 29 med
1247 1122 150 40 nugfrön
1424 1124 79 29 från
1527 1134 115 20 annan
1669 1124 51 29 del

240 1172 41 20 av
302 1163 127 30 landet.
453 1164 121 29 Råttor
598 1174 72 20 som
694 1165 193 31 utfordrats
911 1167 164 39 antingen
1098 1168 78 29 med
1198 1168 77 29 hela
1298 1168 77 29 frön
1399 1168 82 30 eller
1503 1171 47 28 ett
1572 1170 153 38 protein-

240 1208 206 30 koncentrat
464 1209 78 29 från
560 1209 100 30 dessa
678 1210 78 30 frön
775 1211 70 29 fick
863 1212 70 29 inte
952 1212 106 39 några
1076 1212 161 31 diarréer.
1256 1213 132 39 Djuren
1409 1223 73 20 som
1501 1214 222 30 utfordrades

240 1253 79 29 med
351 1254 379 38 proteinkoncentratet
763 1257 99 28 växte
896 1256 173 39 långsamt
1102 1260 87 28 trots
1223 1260 49 28 att
1306 1259 323 38 äggvitekvaliteten
1664 1269 61 20 var

240 1298 137 29 relativt
397 1299 147 39 hygglig.
566 1300 101 29 Detta
687 1299 98 40 tyder
806 1301 44 39 på
870 1304 48 27 att
940 1302 111 39 någon
1075 1312 115 20 annan
1212 1305 59 38 typ
1292 1313 42 20 av
1354 1304 114 29 toxisk
1490 1304 116 31 faktor
1628 1305 95 29 finns

240 1343 95 29 kvar.

284 1389 383 31 Proteinkoncentratet
692 1391 63 29 har
779 1392 9 29 i
813 1391 93 30 detta
931 1391 60 30 fall
1017 1393 191 29 utarbetats
1232 1393 78 29 med
1336 1403 40 20 en
1401 1403 46 30 ny
1470 1394 131 35 teknik,
1628 1395 95 29 inne-

240 1434 152 30 värande
413 1436 48 28 att
482 1435 159 39 äggvitan
662 1436 215 31 extraherats
897 1437 78 29 med
994 1439 115 28 vatten
1132 1438 110 29 under
1263 1438 37 30 så
1319 1446 229 31 gynnsamma
1569 1440 157 29 metoder

242 1488 73 20 som
337 1479 147 39 möjligt.
507 1479 91 30 även
621 1481 9 28 i
653 1481 154 29 halvstor
831 1482 95 29 skala
950 1483 69 29 kan
1041 1483 44 39 på
1108 1483 37 29 så
1168 1484 66 29 sätt
1257 1484 40 29 30
1317 1485 30 32 2
1375 1494 42 19 av
1438 1485 170 39 proteinet
1631 1486 93 28 lösas

240 1525 47 27 ut.
311 1523 108 30 Dessa
442 1524 303 40 undersökningar
768 1525 159 30 befinner
952 1527 50 39 sig
1024 1527 10 29 i
1058 1530 46 27 ett
1128 1528 137 30 relativt
1288 1531 76 36 nytt
1389 1529 114 30 skede.

284 1568 64 30 Det
372 1569 123 29 verkar
521 1569 126 39 troligt,
673 1572 49 28 att
748 1578 268 31 gynnsammare
1040 1572 146 30 resultat
1213 1573 111 30 skulle
1349 1574 120 30 kunna
1494 1575 150 29 erhållas
1670 1583 53 30 ge-

241 1622 80 19 nom
346 1614 54 28 val
425 1623 41 19 av
490 1622 169 31 gynnsam
684 1615 135 30 variant
845 1626 41 19 av
910 1621 143 34 nugsort
1078 1618 64 28 och
1166 1620 49 27 att
1240 1619 70 29 inte
1335 1619 82 38 utgå
1442 1622 107 27 annat
1574 1621 43 28 än
1643 1620 77 29 från

240 1657 113 30 färskt
379 1658 63 30 frö.
468 1659 63 29 Det
557 1660 37 29 är
619 1660 183 39 väsentligt
829 1663 48 28 att
903 1661 274 39 biprodukterna
1203 1663 86 29 efter
1314 1665 317 36 vattenextraktion
1656 1665 67 29 till-

239 1704 180 37 varatages
446 1703 54 29 för
527 1703 255 41 oljeutvinning
809 1706 64 28 och
900 1706 184 39 värdering
1111 1716 41 21 av
1179 1708 239 30 kvarvarande
1445 1710 202 38 presskaka.
1676 1710 45 29 På

241 1746 218 31 sistnämnda
483 1748 151 39 punkter
659 1749 63 29 har
747 1749 147 32 kontakt
920 1751 96 30 sökts
1041 1752 78 29 med
1145 1753 126 29 svensk
1296 1753 161 30 industri.

282 1791 405 41 Framställning
721 1804 52 19 av
807 1796 507 37 proteinkoncentrat
1350 1798 106 30 från
1491 1808 117 30 raps.
1644 1800 82 28 Pro-

239 1836 280 30 teinkoncentrat
545 1838 77 29 från
649 1848 80 29 raps
755 1839 63 29 har
844 1840 207 30 framställts
1078 1842 78 29 med
1181 1843 9 28 i
1216 1843 136 39 princip
1377 1844 166 29 liknande
1569 1845 155 28 metoder

242 1889 73 21 som
336 1881 53 29 för
408 1882 136 38 nugfrö,
565 1882 71 30 dvs.
656 1884 135 38 protein
810 1885 200 30 extraheras
1029 1886 78 29 med
1125 1888 127 33 vatten,
1273 1888 108 29 innan
1401 1889 94 39 oljan
1515 1898 137 30 pressas
1672 1899 51 20 ur.

284 1926 52 29 En
358 1936 41 20 av
422 1927 258 39 svårigheterna
701 1928 78 30 med
802 1929 64 29 den
890 1931 147 30 svenska
1058 1940 126 31 rapsen
1206 1933 37 29 är
1264 1935 49 29 att
1336 1933 66 30 den
1423 1934 194 30 innehåller
1637 1935 89 29 rela-

239 1970 62 29 tivt
329 1973 93 27 stora
444 1972 169 38 mängder
639 1983 41 19 av
707 1975 254 39 svavelhaltiga,
989 1976 137 30 toxiska
1152 1977 136 30 ämnen.
1315 1979 65 29 Vid
1406 1980 315 29 vattenextraktion

240 2015 63 28 och
332 2015 246 39 efterföljande
607 2017 227 41 gelfiltrering
863 2020 148 30 erhålles
1039 2023 46 27 ett
1114 2022 354 38 proteinkoncentrat,
1500 2033 72 21 som
1601 2025 122 29 fortfa-

239 2059 108 30 rande
368 2060 62 30 har
451 2061 92 30 vissa
563 2062 136 30 toxiska
721 2064 221 39 egenskaper.
966 2065 64 30 Vid
1051 2066 195 39 patologisk
1267 2068 263 40 undersökning
1551 2079 42 20 av
1612 2071 114 28 levrar

240 2104 79 30 från
341 2105 119 35 råttor,
485 2115 74 21 som
581 2107 175 30 utfodrats
779 2109 78 29 med
880 2109 130 32 sådana
1033 2111 214 36 koncentrat,
1272 2113 69 29 kan
1363 2114 92 29 vissa
1479 2114 247 40 förändringar

240 2150 148 38 påvisas.

285 2206 63 30 Det
365 2207 163 30 fortsatta
545 2208 129 30 arbetet
691 2209 63 29 har
771 2209 119 30 därför
906 2211 164 29 inriktats
1088 2212 43 39 på
1147 2215 48 27 att
1214 2212 198 31 undersöka
1427 2214 92 29 vilka
1538 2214 91 29 olika
1647 2215 79 39 ägg-

240 2250 323 40 vitekomponenter
584 2262 72 20 som
676 2254 98 39 ingår
793 2255 9 28 i
823 2256 353 37 proteinkoncentrat,
1197 2258 43 29 bl.
1256 2267 28 20 a.
1305 2258 78 29 med
1402 2259 105 29 tanke
1527 2259 44 39 på
1590 2262 48 27 att
1658 2260 64 28 den

240 2295 63 29 hos
327 2297 379 37 proteinkoncentratet
732 2299 110 30 funna
866 2301 138 29 toxiska
1029 2301 154 30 effekten
1210 2304 37 28 är
1272 2303 209 30 lokaliserad
1506 2305 51 29 till
1584 2315 40 20 en
1651 2314 72 29 spe-

240 2340 74 29 ciell
345 2341 359 40 äggvitekomponent.
734 2344 131 30 Hittills
894 2346 63 28 har
987 2346 69 29 fem
1086 2347 91 29 olika
1207 2348 252 38 komponenter
1488 2350 135 28 kunnat
1654 2351 69 28 sär-

241 2384 123 39 skiljas
391 2386 63 28 och
481 2386 107 31 delvis
616 2388 289 31 karakteriserats
933 2391 78 29 med
1038 2390 290 40 fysikalkemiska
1355 2394 164 30 metoder.
1547 2395 63 29 Det
1637 2395 86 28 åter-

242 2429 70 29 står
332 2432 49 27 att
401 2432 106 37 pröva
525 2431 101 30 dessa
646 2433 92 30 olika
759 2434 405 40 äggvitekomponenters
1184 2437 137 31 toxiska
1341 2438 109 30 effekt
1470 2439 54 29 för
1544 2441 48 28 att
1614 2449 33 20 se
1667 2449 54 19 om

241 2474 64 29 den
330 2476 37 27 är
390 2475 209 30 lokaliserad
623 2478 51 29 till
699 2479 113 38 någon
836 2479 69 30 viss
930 2480 223 39 komponent.

284 2531 77 28 Med
391 2532 187 40 anledning
608 2542 40 20 av
676 2534 91 29 vissa
797 2534 236 30 erfarenheter
1063 2535 78 30 från
1171 2536 302 40 framställningen
1504 2548 41 19 av
1573 2539 150 39 protcin-
