1920 2844
584 150 260 31 Statsutskottets
865 148 166 31 utlåtande
1054 148 47 29 Nr
1123 153 68 26 101.
1618 147 18 30 5

130 246 162 39 mistning
313 258 40 21 av
375 246 84 39 hem,
482 246 157 39 ägodelar
660 246 61 33 och
745 245 366 39 förvärvsmöjligheter
1145 248 88 30 samt
1252 244 12 32 i
1286 256 37 20 en
1346 244 73 32 med
1443 243 102 34 sådan
1568 255 65 21 om-

130 288 161 40 välvning
312 289 205 39 förknippad
536 288 203 39 landsflykt,
760 288 86 32 lärer
867 288 29 38 ej
917 288 75 32 med
1013 288 60 38 fog
1092 287 114 33 kunna
1226 287 125 39 påstås.
1396 287 18 32 I
1436 286 90 33 detta
1550 297 83 21 sam-

131 332 168 38 manhang
320 332 58 32 bör
398 332 30 38 ej
450 331 104 32 heller
579 330 152 39 förbises,
754 330 168 39 hurusom,
944 331 45 38 på
1010 333 68 29 sätt
1098 330 11 31 i
1131 328 342 39 riksdagsskrivelsen
1496 328 137 37 erinras,

132 374 380 39 rysslandssvenskarna
532 374 12 31 i
565 374 38 32 de
624 373 212 38 ställningar,
860 372 38 33 de
918 372 127 39 intagit
1063 373 12 31 i
1096 373 54 32 det
1171 371 207 33 främmande
1402 371 121 38 landet,
1545 370 90 39 gjort

131 417 261 38 betydelsefulla
414 416 146 33 insatser
584 417 53 31 för
662 415 188 39 främjande
875 427 42 20 av
943 414 141 34 svenska
1106 415 175 32 intressen.

175 460 95 32 Inom
293 459 281 33 undertecknades
597 458 156 40 uppdrag
777 457 109 39 ligger
909 460 134 36 strängt
1065 460 94 36 taget
1181 457 30 38 ej
1238 459 52 31 att
1311 455 123 39 avgiva
1458 455 103 39 något
1584 458 49 29 ut-

132 502 135 33 talande
289 514 50 21 om
363 502 38 33 de
423 501 252 39 konsekvenser,
700 513 79 26 som,
803 501 113 32 därest
937 501 78 32 vårt
1037 511 77 22 svar
1135 500 43 38 på
1202 499 38 33 de
1265 498 54 32 till
1342 511 52 21 oss
1419 497 125 34 ställda
1566 497 67 32 frå-

131 557 106 27 gorna
258 544 202 39 godkännes,
482 544 81 33 böra
585 544 103 33 därav
711 543 133 38 dragas.
888 542 47 33 Vi
957 554 78 21 anse
1058 554 51 21 oss
1132 541 183 33 emellertid
1336 541 82 32 böra
1443 539 191 38 framhålla,

132 591 51 29 att
208 588 42 32 då
275 587 180 39 riksdagen
481 587 13 32 1
519 587 50 33 sin
596 586 162 33 skrivelse
786 585 141 39 angivit,
954 588 52 30 att
1031 584 216 39 ”billigheten”
1276 586 113 36 syntes
1417 583 70 33 tala
1515 583 54 32 för
1596 594 39 20 en

129 630 249 39 undersökning
399 629 106 34 sådan
528 641 69 21 som
618 629 62 32 den
702 629 37 33 åt
759 640 53 21 oss
833 628 213 39 uppdragna,
1069 627 73 32 däri
1164 627 93 32 torde
1279 626 37 33 få
1337 637 97 22 anses
1457 625 105 39 ligga,
1585 628 52 30 att

132 673 179 38 riksdagen
334 673 53 32 för
409 673 51 33 sin
483 672 53 33 del
559 671 114 33 funnit
694 674 60 35 att,
778 670 143 34 änskönt
941 671 107 37 några
1070 668 354 40 ersättningsanspråk
1447 668 78 32 från
1547 679 87 27 ryss-

132 715 320 33 landssvenskarnas
483 714 73 34 sida
584 714 30 38 ej
643 714 45 39 på
716 713 137 39 rättslig
882 713 110 38 grund
1020 712 113 32 kunna
1161 716 99 34 göras
1291 710 156 40 gällande
1476 713 70 30 mot
1574 710 61 32 den

133 758 144 33 svenska
303 756 231 39 statsmakten,
562 757 106 32 denna
696 755 93 39 dock,
817 756 112 33 därest
955 755 61 32 den
1043 755 206 38 ifrågasatta
1276 751 282 40 ”särställningen”
1588 764 47 20 er-

132 801 135 38 kännes,
296 800 58 33 bör
380 799 89 39 sörja
497 800 53 31 för
577 802 60 35 att,
664 798 179 33 oberoende
871 809 42 21 av
941 798 62 32 den
1031 796 316 39 hjälpverksamhet,
1378 807 68 21 som
1475 795 73 33 med
1576 794 59 33 all-

131 848 123 28 männa
274 842 106 33 medel
400 845 119 30 utövas
542 841 54 33 till
618 841 131 32 förmån
772 841 53 32 för
847 839 339 39 rysslandssvenskar
1207 839 12 32 i
1240 837 157 39 betryckt
1418 838 86 38 läge,
1527 837 108 39 någon

133 884 187 40 ersättning
343 885 53 32 för
419 884 94 33 lidna
535 883 160 34 förluster
719 882 204 34 omedelbart
947 894 43 21 av
1012 881 191 33 statsmedel
1228 881 132 32 beredes
1386 880 39 33 de
1450 879 186 39 rysslands-

134 928 170 38 svenskar,
331 928 53 32 för
409 926 96 33 vilka
531 927 102 33 sådan
661 925 188 39 ersättning
873 924 67 33 kan
967 936 83 21 vara
1076 937 41 20 av
1143 935 91 21 mera
1258 922 169 39 väsentlig
1454 921 183 39 betydelse.

133 971 53 32 En
208 970 103 33 sådan
332 969 219 39 andemening
571 969 89 32 hava
679 969 35 31 vi
733 968 57 32 vid
811 967 221 33 besvarandet
1053 979 41 20 av
1117 967 38 32 de
1177 965 55 32 till
1254 978 52 21 oss
1330 964 216 33 framställda
1569 964 66 32 frå-

133 1025 105 27 gorna
259 1015 82 30 trott
359 1024 52 22 oss
431 1011 114 33 kunna
565 1011 59 33 och
643 1011 82 32 böra
742 1010 140 39 inlägga
900 1009 13 32 i
935 1010 125 32 dessa.»

178 1081 100 32 Efter
301 1080 204 39 avgivandet
528 1091 43 21 av
593 1079 141 32 berörda
756 1077 174 34 utlåtande
955 1077 88 33 hava
1066 1076 198 40 ytterligare
1289 1076 56 32 två
1370 1075 55 32 till
1451 1074 187 40 Konungen

134 1131 125 34 ställda
280 1129 293 40 framställningar
592 1130 11 32 i
624 1132 112 30 ämnet
755 1128 185 39 inkommit,
962 1128 166 38 nämligen
1150 1139 39 21 en
1211 1127 61 33 den
1295 1127 39 32 12
1355 1126 175 33 november
1553 1126 84 32 19383

131 1181 211 41 dagtecknad
368 1181 106 33 skrift
501 1181 78 32 från
607 1180 166 39 styrelsen
801 1180 53 32 för
881 1178 419 40 Rysslandssvenskarnas
1329 1176 166 39 förening,
1522 1175 75 34 vari
1624 1175 13 32 i

133 1232 178 34 huvudsak
330 1232 202 39 hemställes,
557 1234 51 30 att
629 1231 131 39 förslag
780 1230 55 33 till
855 1230 135 39 lösning
1011 1241 42 21 av
1074 1228 330 38 ersättningsfrågan
1425 1228 105 32 måtte
1553 1227 84 32 före-

134 1285 120 39 läggas
283 1282 222 34 instundande
533 1282 150 39 riksdag,
713 1286 88 29 samt
827 1293 38 21 en
895 1279 254 40 framställning
1179 1280 60 33 den
1269 1279 39 33 21
1339 1278 184 40 september
1553 1278 85 33 1933

131 1336 77 32 från
232 1334 150 33 Svenska
404 1334 296 39 fordringsägares
722 1333 59 32 hos
804 1332 176 39 Ryssland
1002 1331 165 38 förening,
1192 1342 68 21 som
1283 1329 106 39 enligt
1410 1328 67 34 vad
1500 1329 12 32 i
1534 1328 102 33 skrif-

133 1390 56 29 ten
218 1385 138 39 angives
396 1384 172 39 omfattar,
600 1384 148 33 förutom
789 1386 49 30 ett
866 1382 95 33 antal
1002 1380 349 40 rysslandssvenskar,
1384 1384 85 28 även
1511 1379 128 33 sådana

132 1436 167 34 »svenska
317 1436 192 33 affärsmän
527 1435 60 33 och
605 1438 193 36 exportörer
816 1438 88 29 samt
921 1433 102 39 bolag
1042 1433 60 33 och
1121 1432 154 33 enskilda
1295 1432 129 37 firmor,
1445 1443 69 21 som
1534 1430 104 32 under

132 1488 114 39 kriget
270 1487 77 33 haft
370 1487 134 32 affärer
528 1486 74 33 med
627 1485 175 39 Ryssland
829 1485 60 32 och
916 1484 120 32 därvid
1062 1483 91 39 gjort
1178 1483 192 38 förluster»,
1398 1481 62 33 och
1485 1493 70 21 som
1581 1492 56 21 an-

133 1539 109 39 hållit,
263 1541 51 29 att
331 1537 12 32 i
363 1537 62 33 den
444 1536 207 40 proposition
672 1536 11 32 i
704 1539 120 36 ämnet,
844 1534 115 33 vilken
979 1533 112 33 kunde
1110 1534 133 32 komma
1265 1536 51 29 att
1335 1532 195 39 föreläggas
1553 1531 84 32 riks-

134 1589 118 39 dagen,
272 1588 130 39 hänsyn
424 1588 103 32 måtte
548 1591 97 35 tagas
667 1587 54 32 till
742 1586 67 33 alla
830 1586 75 38 slag
926 1597 42 20 av
990 1584 143 34 svenska
1154 1583 276 39 fordringsägare
1450 1582 60 33 hos
1531 1581 106 39 Ryss-

133 1640 90 33 land.

178 1689 50 33 De
253 1687 293 40 framställningar
567 1688 60 32 och
652 1686 140 40 förslag,
817 1686 93 33 vilka
935 1698 45 20 nu
1002 1684 138 40 påkalla
1165 1684 128 39 Kungl.
1318 1683 119 40 Maj:ts
1463 1683 175 40 prövning,

133 1741 170 40 innebära,
324 1744 51 30 att
395 1744 111 30 staten
526 1740 108 33 skulle
655 1739 205 33 tillerkänna
881 1736 385 40 rysslandssvenskarna
1286 1736 131 40 belopp,
1439 1735 95 33 vilka
1553 1735 88 32 hade

133 1790 203 33 karaktären
356 1802 41 21 av
417 1789 222 40 gottgörelser
658 1789 55 32 för
731 1788 92 33 lidna
845 1788 171 38 förluster,
1037 1786 216 34 förskottsvis
1272 1785 193 34 utbetalade
1484 1785 13 32 i
1517 1784 122 34 avvak-

134 1846 58 29 tan
209 1843 45 38 på
270 1853 39 21 en
326 1841 119 39 slutlig
463 1841 167 39 reglering
646 1853 42 20 av
705 1839 263 33 vederbörandes
986 1838 94 33 krav.
1121 1837 77 33 Med
1214 1837 131 38 hänsyn
1363 1837 54 32 till
1435 1836 66 33 vad
1520 1836 12 32 i
1549 1841 90 27 ären-

136 1894 54 32 det
211 1893 140 38 anförts,
373 1893 12 31 i
406 1892 182 38 synnerhet
608 1904 41 20 av
673 1891 38 33 de
732 1890 136 39 jämlikt
888 1889 198 39 riksdagens
1109 1888 127 33 önskan
1258 1887 190 33 tillkallade
1472 1886 167 34 särskilda

140 1945 218 37 sakkunnige,
379 1944 62 32 har
463 1942 366 40 departementschefen
851 1944 111 29 ansett
981 1940 197 38 billigheten
1199 1939 116 39 kräva,
1338 1942 51 29 att
1411 1937 143 33 svenska
1576 1940 65 30 sta-

139 1999 55 29 ien
213 1995 134 33 anvisar
366 1998 48 29 ett
433 1994 121 39 belopp
575 1994 55 32 till
650 1993 192 38 fördelning
861 1991 104 33 bland
988 1991 126 32 sådana
1135 1990 143 33 svenska
1299 1989 227 38 medborgare,
1548 1988 94 32 vilka

139 2047 105 32 under
262 2046 108 38 någon
390 2057 91 20 mera
501 2044 162 33 avsevärd
683 2044 50 32 tid
756 2044 71 32 före
845 2042 228 33 revolutionen
1091 2041 90 32 varit
1201 2041 133 32 bosatta
1360 2040 6 31 i
1387 2039 174 39 Ryssland
1582 2039 61 32 och

139 2110 70 19 som
231 2097 170 32 åsamkats
423 2096 161 32 förluster
605 2108 117 26 genom
745 2094 319 38 nationaliseringen
1085 2105 41 20 av
1148 2093 96 31 deras
1267 2091 170 39 egendom.
1483 2090 160 32 Däremot

141 2160 99 26 synes
267 2147 233 39 föreliggande
525 2146 181 38 utredning
732 2146 73 32 icke
830 2145 79 38 giva
936 2144 75 33 skäl
1039 2144 52 32 för
1116 2147 51 29 att
1191 2155 76 20 man
1293 2142 119 33 härvid
1440 2141 108 33 skulle
1575 2141 66 32 till-

140 2200 122 37 godose
286 2203 81 28 även
389 2199 39 31 de
449 2198 118 38 övriga
590 2209 157 27 grupper,
770 2197 53 31 för
844 2196 95 32 vilka
964 2195 150 32 Svenska
1136 2194 293 38 fordringsägares
1453 2193 60 32 hos
1537 2193 105 37 Ryss-

140 2250 79 32 land
239 2249 154 38 förening
413 2249 71 32 fört
504 2249 103 32 talan.

180 2301 68 31 Vid
268 2300 229 38 övervägande
517 2312 41 20 av
578 2300 122 37 frågan
719 2299 86 32 huru
825 2301 85 30 stort
928 2297 130 39 belopp,
1079 2309 67 20 som
1167 2295 180 39 lämpligen
1370 2295 57 32 bör
1449 2294 117 33 ställas
1587 2293 53 32 till

140 2351 196 38 förfogande
361 2350 53 32 för
439 2350 199 37 ändamålet,
664 2350 93 32 torde
782 2348 324 39 uppmärksammas,
1133 2350 51 29 att
1208 2345 90 33 intill
1324 2348 129 29 senaste
1479 2344 161 33 årsskifte

138 2402 52 31 för
215 2400 309 39 hjälpverksamhet
547 2400 11 31 i
583 2400 89 32 olika
698 2400 124 31 former
845 2398 100 33 bland
972 2396 381 40 rysslandssvenskarna
1379 2395 150 33 anvisats
1556 2406 83 21 sam-

137 2451 151 38 manlagt
312 2450 153 39 omkring
492 2451 47 31 1.7
563 2450 153 38 miljoner
740 2449 119 33 kronor
884 2461 41 20 av
952 2447 203 34 statsmedel.
1204 2446 197 32 Emellertid
1427 2445 62 33 har
1513 2444 127 39 ifråga-

139 2499 144 33 varande
304 2511 127 21 summa
451 2500 112 38 åtgått
582 2499 104 32 under
708 2511 38 20 en
767 2498 85 39 följd
875 2511 41 20 av
938 2499 38 32 år
995 2498 59 32 och
1076 2496 162 33 fördelats
1260 2496 117 33 enbart
1398 2495 87 33 efter
1505 2494 135 33 behovs-
