1874 2834
257 186 19 30 2
739 181 226 30 Statsutskottets
988 180 147 28 utlåtande
1157 180 49 27 Nr
1228 177 50 30 33.

259 262 229 32 överlämnade
511 260 72 32 dem
605 259 54 32 till
683 259 63 32 den
768 279 44 3 —
834 258 184 31 sedermera
1040 256 131 33 avlidne
1193 276 46 3 —
1259 256 200 37 tjänsteman
1482 255 58 32 hos
1563 254 190 38 byggnads-

260 313 171 38 styrelsen,
461 323 69 20 som
560 309 263 33 omhänderhade
851 308 252 36 redovisningen
1131 319 41 19 av
1202 306 138 37 medlen,
1369 306 131 31 kommo
1530 305 165 32 desamma
1724 304 28 37 ej

259 362 199 32 statsverket
482 362 151 38 tillgodo,
661 361 105 31 ehuru
793 359 140 32 Ohlsson
959 370 41 20 av
1026 358 143 31 nämnda
1194 357 200 38 tjänsteman
1419 356 60 31 hos
1505 355 249 38 byggnadssty-

262 414 104 32 relsen
392 413 104 32 erhöll
523 413 107 30 kvitto
656 413 19 30 å
703 411 144 32 medlens
874 410 216 36 inbetalning,
1117 408 107 31 vilket
1249 407 107 31 kvitto
1383 407 182 31 sedermera
1592 406 88 30 visat
1706 405 51 37 sig

261 476 80 20 vara
357 464 192 32 förfalskat.
578 462 253 38 Billighetsskäl
848 472 110 26 synas,
977 460 105 31 såsom
1101 471 41 20 av
1160 459 63 32 den
1240 458 151 31 lämnade
1408 456 228 38 redogörelsen
1654 456 101 30 fram-

262 516 68 37 går,
354 515 69 31 tala
450 514 53 31 för
528 515 49 29 att
602 512 200 32 statsverket
825 512 137 37 påtager
988 510 51 37 sig
1064 510 60 31 den
1148 508 192 38 härigenom
1366 507 192 38 uppkomna
1583 506 174 32 förlusten.

315 565 75 32 Med
412 563 239 39 tillstyrkande
673 575 41 19 av
737 562 126 37 Kungl.
887 561 119 37 Maj:ts
1029 559 216 32 förevarande
1268 558 204 38 proposition
1494 557 191 32 hemställer
1706 558 51 29 ut-

263 617 130 36 skottet,

569 691 50 30 att
639 688 180 38 riksdagen
841 689 51 30 må
913 687 165 38 medgiva,
1100 688 49 30 att
1172 687 107 30 såsom
1302 684 185 39 ersättning
1507 684 55 32 till
1584 684 172 38 styckjun-

526 741 101 31 karen
644 740 33 32 J.
696 739 142 33 Ohlsson
855 739 52 31 för
925 740 48 30 ett
990 749 41 20 av
1048 738 118 31 honom
1184 737 55 31 till
1255 736 126 32 kronan
1398 735 142 32 inbetalt
1555 735 119 38 belopp
1693 735 63 36 må,

526 792 73 31 med
624 790 171 32 anlitande
820 801 40 20 av
885 789 106 32 medel
1017 788 103 32 under
1145 786 244 33 inkomsttiteln
1417 785 238 39 »Hyresmedel
1681 784 77 32 från

526 842 103 31 under
652 839 359 40 byggnadsstyrelsens
1036 839 81 32 vård
1142 838 136 31 stående
1302 837 228 37 egendomar»,
1555 836 82 37 utgå
1662 835 96 38 2,453

525 893 120 32 kronor
669 893 40 30 65
734 896 63 27 öre.

321 953 190 33 Stockholm
536 953 61 31 den
622 952 39 31 27
687 949 149 33 februari
863 950 92 30 1934.

758 1042 49 32 På
832 1040 263 33 statsutskottets
1120 1044 141 33 vägnar:

775 1124 188 33 ANDERS
988 1122 264 33 ANDERSON.

316 1357 62 29 Vid
403 1356 199 30 förestående
627 1354 130 29 ärendes
782 1352 256 34 slutbehandling
1064 1352 84 28 inom
1174 1351 155 28 utskottet
1353 1350 79 28 hava
1457 1349 155 29 närvarit:

317 1417 72 28 från
419 1416 152 28 första
599 1414 194 28 kammaren:
824 1412 108 28 herrar
963 1410 147 33 Hamrin,
1139 1409 168 33 Lindblad,
1337 1407 177 36 Bergqvist,
1544 1405 219 35 Kvarnzelvus,

269 1458 126 30 Nilsson
420 1459 11 28 i
454 1458 127 33 Malmö,
603 1456 133 30 Nilsson
760 1456 10 27 i
795 1455 150 33 Gränebo,
972 1453 96 29 Oscar
1092 1452 122 33 Olsson,
1237 1452 115 34 Bagge,
1377 1450 156 36 Asplund,
1558 1450 123 32 Walles,
1704 1450 59 28 fri-

266 1502 90 28 herre
376 1500 163 35 Lagerfelt
561 1499 56 29 och
639 1498 114 32 Tham;
777 1502 77 24 samt

317 1560 72 29 från
446 1559 110 29 andra
584 1558 192 28 kammaren:
796 1556 107 29 herrar
921 1555 164 29 Anderson
1103 1555 11 27 i
1132 1554 147 33 Råstock,
1296 1554 185 33 Holmgren,
1501 1553 147 30 Jansson,
1667 1550 97 29 Törn-

269 1603 82 28 kvist
377 1603 11 28 i
416 1602 206 32 Karlskrona,
649 1599 154 29 Eriksson
829 1600 11 27 i
870 1597 190 34 Stockholm,
1087 1596 181 29 Andersson
1296 1597 11 27 i
1335 1596 97 32 Höör,
1460 1596 136 27 Persson
1622 1595 11 27 i
1663 1594 100 32 Falla,

267 1645 156 28 Svensson
445 1645 12 27 i
481 1644 151 32 Grönvik,
656 1643 139 28 Jonsson
817 1642 10 27 i
850 1640 195 33 Eskilstuna,
1070 1638 130 29 Nilsson
1223 1639 10 27 i
1258 1638 116 34 Hörby,
1402 1637 149 35 Olofsson
1573 1638 11 27 i
1606 1636 158 34 Digernäs

268 1687 56 29 och
348 1687 110 29 Olsson
481 1687 11 27 i
517 1686 147 33 Staxäng.

689 2497 161 25 Stockholm
871 2497 74 24 1934.
975 2496 35 24 K.
1030 2496 29 24 L.
1079 2482 156 38 Beckmans
1255 2494 95 25 Boktr.
