2194 2638
812 223 397 32 Konstitutionsutskottets
1239 223 174 33 Utlåtande
1436 225 61 31 N:o
1519 226 53 31 25.

788 303 102 36 inom
920 302 71 49 sig,
1015 302 99 50 välja
1133 302 141 38 talman
1293 303 69 36 och

793 354 80 37 vice
901 354 151 37 talman.

896 406 119 36 Innan
1041 406 141 36 talmän
1211 411 63 31 äro
1291 406 92 36 för-
1373 402 13 50 '

794 457 164 37 ordnade
999 458 89 36 eller
1118 458 121 47 valde,
1273 457 93 37 efter

793 509 69 49 thy
908 510 110 36 ofvan
1063 514 100 44 sägs,
1209 510 99 36 föres
1352 510 13 35 i

793 561 185 37 hvardera
1004 562 228 36 Kammaren
1260 561 105 37 ordet

794 613 41 36 af
845 613 72 36 den
930 613 192 37 derstädes
1133 613 231 37 närvarande

792 664 177 49 ledamot,
990 678 78 23 som
1084 664 46 37 de
1144 665 109 36 flesta
1266 665 97 36 riks-

794 716 118 49 dagar
926 716 173 49 bevistat,
1120 716 81 48 och,
1221 716 66 37 der
1301 720 64 33 två

1519 301 119 39 Innan
1665 302 143 38 talmän
1833 308 64 31 äro
1916 303 75 36 för-

1417 354 164 37 ordnade
1623 354 90 37 eller
1744 353 120 49 valde,
1898 355 95 37 efter

1419 407 69 49 thy
1533 406 111 37 ofvan
1691 411 99 44 sägs,
1837 406 100 37 föres
1978 406 13 36 i

1420 458 184 37 hvardera
1631 458 228 37 Kammaren
1885 458 106 37 ordet

1419 510 42 36 af
1470 510 72 36 den
1554 510 192 36 derstädes
1757 510 233 36 närvarande

1418 562 175 47 ledamot,
1614 575 80 23 som
1710 562 45 36 de
1769 562 109 36 festa
1892 562 97 36 riks-

1419 613 117 49 dagar
1555 613 173 47 bevistat,
1750 614 80 47 och,
1847 614 66 36 der
1927 616 64 33 två

1418 665 90 37 eller
1534 665 88 37 flere
1649 665 207 37 ledamöter
1883 665 9 36 1
1914 665 77 36 lika

1418 720 137 46 många
1588 717 198 49 riksdagar
1818 717 171 49 deltagit,

794 768 90 36 eller
911 768 88 37 flere
1027 768 206 37 ledamöter
1256 768 12 36 i
1287 768 76 37 lika
1418 769 73 36 den
1532 769 40 36 af
1608 769 97 47 dem,
1747 782 81 23 som
1861 774 41 31 är
1934 768 56 37 till

794 823 138 45 många
963 820 198 49 riksdagar
1193 820 169 49 deltagit,
1417 820 237 38 lefnadsåren
1682 820 108 37 äldst.

794 871 73 37 den
909 871 41 37 af
986 872 96 47 dem,
1127 885 80 23 som
1241 877 40 32 är
1308 872 57 36 till

794 923 236 38 lefnadsåren
1057 923 109 37 äldst.

1337 1010 21 49 8
1387 1013 60 33 34.

924 1079 211 48 Konungen
1155 1078 94 37 låter
1268 1079 220 48 offentligen
1508 1079 170 48 kungöra
1697 1078 72 37 den
1789 1079 42 36 af
1841 1079 149 36 Honom

794 1131 58 36 för
880 1130 176 49 riksdags
1076 1130 197 49 öppnande
1291 1130 197 37 bestämda
1506 1131 67 47 tid,
1594 1144 79 23 som
1696 1131 32 48 ej
1751 1133 60 33 må
1829 1135 162 32 utsättas

794 1195 132 24 senare
958 1187 47 31 än
1036 1185 21 33 å
1084 1184 120 34 andra
1233 1182 263 49 söckendagen
1524 1182 92 37 efter
1643 1182 175 49 riksdags
1846 1182 144 49 början.

794 1235 52 36 På
886 1234 73 36 den
1000 1234 54 36 tid
1096 1234 106 37 skola
1241 1234 351 49 riksdagsmännen,
1626 1234 115 37 sedan
1772 1234 219 49 gudstjenst

795 1286 86 36 med
922 1286 84 36 dem
1039 1285 124 38 hållen
1195 1291 53 43 är,
1277 1286 323 36 sammankomma
1627 1289 46 46 på
1699 1286 197 47 rikssalen,
1925 1286 66 36 der

795 1338 215 48 Konungen
1050 1337 100 48 eller,
1193 1337 46 37 då
1280 1338 86 36 Han
1409 1341 41 33 så
1490 1338 56 36 för
1586 1338 92 48 godt
1706 1338 131 47 finner,
1868 1337 121 37 Stats-

796 1389 198 37 ministern
1039 1389 89 37 eller
1169 1402 123 24 annan
1334 1389 356 38 BStatsrådsledamot
1731 1390 100 36 förer
1872 1390 116 36 ordet.

796 1441 73 37 Vid
911 1441 103 37 detta
1053 1441 146 37 tillfälle
1239 1441 94 37 låter
1375 1440 212 50 Konungen
1627 1441 170 37 meddela
1832 1441 159 49 lagtima

795 1493 158 49 riksdag
993 1493 201 37 berättelse
1235 1507 58 23 om
1335 1493 99 37 hvad
1478 1494 11 36 i
1529 1493 117 37 rikets
1688 1493 158 49 styrelse
1876 1493 115 37 sedan

794 1545 313 49 nästföregående
1133 1545 158 49 lagtima
1318 1545 177 49 riksdags
1524 1545 275 37 sammanträde
1828 1545 60 49 sig
1915 1545 75 36 till-

795 1597 138 49 dragit,
976 1597 192 37 äfvensom
1196 1597 58 36 till
1280 1597 219 49 Riksdagen
1526 1597 12 36 i
1566 1600 63 33 två
1656 1597 202 49 exemplar,
1887 1596 105 37 deraf

795 1655 55 30 ett
889 1648 188 37 tillställes
1119 1649 184 36 hvardera
1330 1649 241 48 Kammaren,
1601 1649 227 37 öfverlemna
1855 1662 134 36 propo-

796 1700 163 37 sitionen
987 1701 193 48 angående
1198 1701 248 36 statsverkets
1466 1700 167 37 tillstånd
1653 1701 69 36 och
1742 1701 121 47 behof,
1884 1701 105 36 inne-

795 1752 171 37 fattande
993 1752 109 37 äfven
1130 1752 142 49 förslag
1299 1752 159 37 rörande
1487 1757 114 32 sättet
1628 1758 55 31 att
1701 1765 138 36 genom
1858 1752 131 37 bevill-

795 1804 137 49 ningar
973 1804 89 49 fylla
1101 1804 100 36 hvad
1229 1809 123 31 staten
1380 1803 150 38 utöfver
1557 1804 45 37 de
1630 1804 185 37 ordinarie
1842 1804 147 36 inkom-

796 1861 128 32 sterna
965 1855 201 46 erfordrar;
1200 1869 85 23 men
1317 1869 60 23 om
1406 1855 216 50 Riksdagen
1649 1856 137 37 urtima
1814 1861 52 43 är,
1895 1856 95 36 kun-

795 1912 114 45 göres
950 1907 56 37 för
1047 1907 218 37 densamma
1305 1907 253 50 anledningen
1599 1908 57 37 till
1688 1908 86 37 dess
1802 1921 188 24 samman-

796 1959 174 37 kallande
1011 1960 69 36 och
1112 1960 179 36 aflemnas
1318 1959 46 37 de
1392 1960 143 49 förslag
1562 1960 68 37 och
1658 1959 332 49 framställningar,

795 2011 130 37 hvilka
965 2011 105 37 skola
1108 2011 117 37 blifva
1252 2011 156 37 föremål
1434 2012 58 36 för
1519 2012 228 37 Kamrarnas
1775 2011 215 49 öfverlägg-

795 2063 153 50 ningar;
990 2064 213 48 Konungen
1231 2064 94 36 dock
1353 2064 177 48 obetaget
1557 2069 54 31 att
1640 2063 212 37 sedermera
1879 2063 112 36 äfven

796 2115 117 37 andra
941 2115 143 49 förslag
1110 2115 216 37 framställa.

925 2167 57 37 Då
1024 2167 226 49 Konungen,
1292 2170 47 46 på
1380 2172 76 32 sätt
1495 2181 50 23 nu
1590 2172 40 32 är
1671 2167 122 48 sagdt,
1835 2167 156 48 riksdag

797 2223 153 45 öppnat,
991 2219 187 47 framföre,
1211 2219 63 37 vid
1306 2232 144 24 samma
1477 2219 155 47 tillfälle,
1661 2219 229 36 Kamrarnas
1918 2218 71 37 tal-

797 2275 87 32 män
924 2270 58 37 till
1014 2271 225 48 Konungen,
1267 2271 12 36 i
1307 2271 230 37 Kamrarnas
1563 2270 126 48 namn,
1718 2270 107 37 deras
1853 2270 137 37 under-

798 2322 138 49 såtliga
963 2322 178 37 vördnad.
