2234 2634
451 151 42 30 34
935 149 279 32 Bankoutskottets
1238 147 166 32 utlåtande
1429 147 52 31 Nr
1505 150 51 27 55.

450 234 189 35 Utskottet
673 234 65 34 har
757 233 137 35 därför
926 235 120 33 ansett
1082 232 126 46 frågan
1235 231 88 35 böra
1349 235 104 41 göras
1481 230 58 35 till
1568 228 148 36 föremål
1745 229 54 35 för
1827 241 45 23 en
1900 228 145 46 allsidig

450 287 209 46 utredning,
690 286 128 36 därvid
846 287 65 34 här
939 286 159 46 angivna
1126 284 238 48 synpunkter,
1394 283 14 35 i
1436 283 150 35 främsta
1614 285 155 32 rummet
1797 282 168 47 frågorna
1989 294 55 23 om

451 341 367 35 förskottsväsendets
852 340 184 35 ordnande
1065 342 91 32 samt
1184 350 55 24 om
1269 341 52 32 ett
1349 337 193 36 förbättrat
1570 335 225 47 bokförings-
1825 336 66 35 och
1918 336 127 35 räken-

452 394 278 47 skapsväsende,
755 394 101 35 torde
883 394 87 35 böra
998 393 112 35 vinna
1137 392 214 35 beaktande.

559 447 76 35 Vid
669 448 244 34 innevarande
947 447 152 46 riksdag
1126 446 65 35 har
1219 445 136 46 Kungl.
1386 444 107 46 Maj:t
1522 443 193 35 framställt
1744 442 134 46 förslag
1905 442 55 35 för
1988 443 58 34 be-

452 502 159 34 redande
639 513 44 23 av
711 501 116 35 medel
854 501 58 35 till
939 500 233 36 bestridande
1192 511 44 23 av
1254 498 207 43 kostnader,
1484 509 74 23 som
1580 508 101 24 avses
1700 496 13 35 i
1733 492 22 46 $
1778 497 47 33 63
1846 495 199 46 regerings-

452 555 151 35 formen.
660 555 56 34 De
758 554 260 44 förhållanden,
1063 566 74 23 som
1173 552 170 35 föranlett
1371 551 98 35 såväl
1498 550 334 35 statsrevisorernas
1859 549 187 35 uttalande

453 620 75 23 som
558 607 282 37 motionärernas
869 607 319 46 framställningar,
1219 606 102 35 torde
1350 605 151 35 sålunda
1529 604 82 35 icke
1640 604 54 35 för
1712 603 225 35 närvarande
1957 602 89 35 före-

452 662 134 45 finnas;
617 662 65 35 och
710 664 119 44 någon
858 661 158 35 särskild
1045 660 189 46 olägenhet
1262 662 53 32 att
1343 658 57 36 till
1428 661 52 32 ett
1508 660 112 32 annat
1648 659 38 33 år
1713 656 248 46 undanskjuta
1989 668 58 22 av-

452 716 176 45 görandet
656 728 44 23 av
727 728 52 22 nu
807 715 275 46 ifrågavarande
1112 713 173 47 spörsmål
1314 724 106 35 synes
1450 711 122 35 därför
1600 710 81 35 icke
1709 710 185 46 föreligga.

560 769 187 35 Utskottet
775 768 206 35 hemställer
1010 768 115 43 alltså,

883 870 68 49 1:o)
982 878 53 32 att
1065 874 234 35 förenämnda
1327 872 135 36 motion
1490 872 49 34 II:
1565 872 46 34 86
1643 871 29 46 ej
1704 873 56 32 må
1790 883 42 22 av
1853 870 195 45 riksdagen

773 929 157 44 bifallas;

881 978 70 46 2:0)
982 985 53 31 att
1071 981 222 35 motionerna
1327 979 28 35 TI:
1382 980 47 34 70
1466 979 66 34 och
1565 978 48 34 II:
1640 978 71 34 172
1742 977 80 35 icke
1851 976 113 35 heller
1992 978 57 32 må

774 1048 43 23 av
845 1036 197 45 riksdagen
1071 1034 157 44 bifallas;
1260 1036 92 32 samt

882 1085 69 46 3:o)
982 1091 54 32 att
1070 1087 206 46 riksdagen,
1313 1086 13 34 i
1355 1085 197 45 anledning
1581 1096 43 23 av
1652 1084 70 35 vad
1749 1083 13 35 i
1792 1084 98 34 detta
1918 1083 131 34 ärende

775 1141 241 44 förekommit,
1062 1143 57 33 må
1159 1140 141 35 besluta
1342 1143 52 31 att
1422 1138 13 35 i
1464 1137 176 36 skrivelse
1681 1137 57 35 till
1773 1136 135 46 Kungl.
1943 1135 108 46 Maj:t

774 1196 153 44 anhålla,
959 1196 61 34 det
1049 1194 139 35 täcktes
1216 1193 136 46 Kungl.
1375 1192 106 46 Maj:t
1501 1191 73 35 låta
1593 1191 137 43 utreda,
1752 1190 100 35 vilka
1872 1189 179 36 särskilda

774 1249 244 46 anordningar
1046 1250 58 33 må
1132 1247 178 35 erfordras
1338 1246 14 34 i
1380 1246 95 46 syfte
1504 1248 53 32 att
1576 1248 130 43 trygga
1726 1243 235 36 statsverkets
1981 1242 69 36 till-

773 1306 96 44 gång
896 1303 57 35 till
978 1302 130 46 nödigt
1130 1300 234 45 kassaförlag,
1386 1299 13 34 i
1418 1298 173 35 händelse
1620 1310 43 23 av
1691 1296 246 47 begränsning
1965 1296 87 35 eller

773 1357 241 47 upphävande
1034 1368 45 22 av
1097 1353 369 47 riksgäldskontorets
1483 1351 211 47 skyldighet
1708 1354 53 32 att
1775 1350 277 35 tillhandahålla

774 1408 359 46 kassaförstärkning
1174 1410 36 33 åt
1253 1406 228 44 statsverket,
1526 1408 92 32 samt
1660 1404 56 36 till
1751 1404 206 46 riksdagen,
1994 1416 55 22 om

774 1464 140 46 möjligt
949 1463 113 35 redan
1103 1464 103 32 nästa
1247 1463 50 41 år,
1336 1460 185 35 inkomma
1556 1459 81 34 med
1666 1459 59 34 det
1754 1457 144 46 förslag,
1930 1456 122 36 vartill

775 1519 117 34 denna
919 1515 200 46 utredning
1146 1515 73 35 kan
1248 1514 194 35 föranleda.

564 1626 205 36 Stockholm
800 1625 68 34 den
898 1625 21 34 2
946 1623 84 47 juni
1062 1624 110 33 1916.

959 1731 52 34 På
1041 1728 319 36 bankoutskottets
1389 1732 152 41 vägnar:

952 1819 159 35 ERNST
1141 1815 403 38 HEDENSTIERNA.

567 1991 58 27 Vid
649 1990 84 28 detta
758 1989 132 28 ärendes
914 1986 259 35 slutbehandling
1196 1985 80 27 hava
1302 1984 150 27 närvarit:

568 2044 38 20 av
635 2035 99 28 första
763 2035 195 26 kammaren:
995 2032 114 27 herrar
1133 2029 229 31 Hedenstierna,
1388 2028 146 34 Neiglick,
1559 2027 131 31 Ekman,
1716 2027 117 31 Hallin,
1861 2027 188 35 Gustafsson,

460 2081 168 31 Wickman,
652 2080 137 27 friherre
813 2076 229 36 Langenskiöld
1067 2076 61 27 och
1152 2075 79 27 Roos
1256 2076 82 25 samt

568 2134 38 19 av
630 2125 99 27 andra
746 2124 197 27 kammaren:
968 2122 115 26 herrar
1100 2120 134 27 friherre
1251 2117 188 32 Adelswärd,
1461 2116 167 35 Vahlquist,
1645 2115 166 36 Söderberg
1829 2116 8 27 i
1856 2116 195 32 Stockholm,

458 2171 109 27 Olsson
592 2170 10 27 i
627 2169 158 35 Blädinge,
810 2167 201 30 Kristensson,
1037 2164 166 35 Söderberg
1227 2164 10 27 i
1263 2162 164 33 Hobborn,
1450 2162 135 27 Jonsson
1607 2161 4 27 i
1629 2161 165 28 Gumboda
1813 2161 60 28 och
1890 2161 161 27 Anderson

455 2215 9 27 i
491 2215 170 34 Knapasjö.

871 2282 162 24 Stockholm
1056 2280 76 29 1916,
1152 2279 73 24 A.-B.
1247 2278 174 24 Fahlcrantz'
1443 2276 192 31 Boktryckeri.
