2238 2640
722 148 282 32 Bankoutskottets
1027 147 168 32 utlåtande
1219 147 53 32 Nr
1295 150 52 29 55.
1795 147 39 31 21

344 231 85 34 Med
471 231 227 46 åberopande
741 243 43 23 av
827 232 104 34 dessa
967 231 214 35 uttalanden
1223 231 99 35 finna
1363 231 84 35 herr
1488 231 239 35 Kristensson
1755 231 81 35 med

236 285 97 43 flera,
378 287 53 32 att
471 284 216 47 tillräckligt
728 285 157 35 bärande
914 285 80 35 skäl
1022 297 150 23 numera
1199 284 82 36 icke
1310 284 176 47 föreligga
1514 285 55 35 för
1597 287 53 33 ett
1677 285 159 35 bibehål-

236 339 107 34 lande
372 350 43 23 av
443 338 278 35 bestämmelsen
759 351 55 23 om
850 339 360 46 kassaförstärkning
1242 339 82 35 från
1353 338 364 47 riksgäldskontoret,
1747 341 89 32 utan

236 404 96 32 anse,
363 396 53 31 att
444 393 119 34 denna
590 393 250 35 bestämmelse
869 392 137 36 saklöst
1034 393 73 34 kan
1135 395 87 44 utgå
1249 405 44 22 ur
1321 392 246 46 reglementet.

343 446 138 35 Herrar
508 446 104 35 Edén
640 447 67 34 och
735 446 240 36 Kvarnzelius
996 459 44 22 m.
1063 446 35 35 f.
1116 445 214 47 ifrågasätta
1358 447 160 34 däremot
1546 445 31 47 ej
1599 446 237 46 borttagande

236 512 44 23 av
309 496 22 46 $
364 500 46 35 12
440 512 104 22 mom.
577 501 35 43 4,
657 512 82 22 men
779 500 100 35 finna
906 512 45 23 en
989 500 156 46 ändring
1174 500 77 35 däri
1280 512 86 23 vara
1394 512 44 23 av
1466 500 155 35 behovet
1648 499 186 47 påkallad;

236 553 66 35 och
331 553 64 35 bör
424 554 118 34 denna
570 553 115 47 enligt
714 554 102 34 deras
845 553 148 47 mening
1020 556 45 44 gå
1094 553 13 35 i
1136 554 69 34 den
1234 553 225 46 riktningen,
1490 556 53 32 att
1579 553 257 46 skyldigheten

236 607 55 35 för
319 607 353 46 riksgäldskontoret
714 610 53 32 att
808 607 278 35 tillhandahålla
1114 607 359 46 kassaförstärkning
1500 606 250 47 uttryckligen
1778 607 58 34 be-

235 666 149 40 gränsas
413 660 56 36 till
498 660 162 47 fyllande
689 673 44 23 av
762 662 43 33 de
833 661 128 44 behov,
994 673 75 23 som
1098 661 93 35 hava
1220 660 57 36 sin
1311 661 120 46 grund
1458 660 56 35 uti
1542 659 163 48 utgifter,
1737 659 100 37 vilka

236 720 60 29 äro
326 714 271 35 auktoriserade
639 727 44 23 av
724 714 208 47 riksdagen,
976 727 85 23 vare
1104 715 56 46 sig
1201 715 44 34 de
1287 720 61 29 äro
1382 717 188 44 upptagna
1598 714 12 34 i
1638 714 199 35 riksstaten

236 768 87 35 eller
364 771 47 43 på
452 771 110 32 annat
595 771 72 32 sätt
695 768 202 46 medgivna.
955 768 188 46 Därjämte
1170 767 212 47 ifrågasätta
1410 768 276 46 ifrågavarande
1714 767 122 36 motio-

236 827 116 39 närer,
383 821 181 36 huruvida
592 821 81 36 icke
698 821 135 47 jämväl
861 834 45 23 en
935 822 259 46 maximigräns
1223 822 65 35 bör
1316 821 195 36 fastställas
1541 821 55 35 för
1625 822 43 34 de
1692 821 142 46 belopp,

237 887 75 23 som
355 875 353 46 riksgäldskontoret
748 876 116 34 under
906 875 158 47 angivna
1106 875 303 46 förutsättningar
1450 876 66 34 har
1558 878 53 32 att
1646 874 190 36 tillhanda-

237 929 107 34 hålla.

344 983 18 34 I
390 982 212 46 anslutning
629 982 58 35 till
716 994 91 23 ovan
835 983 200 45 åberopade
1063 982 186 35 uttalande
1278 982 12 35 i
1320 983 69 34 den
1418 982 125 46 kungl.
1565 981 271 47 propositionen

236 1036 57 35 till
339 1037 97 34 1911
482 1039 57 32 års
581 1036 150 46 riksdag
771 1036 99 34 finna
899 1041 90 30 även
1025 1035 230 47 fullmäktige
1283 1035 225 47 principiellt
1535 1036 208 46 lämpligast
1770 1036 66 35 och

223 1089 196 47 riktigast,
463 1093 53 31 att
545 1089 237 36 statsverkets
810 1090 225 35 kassabehov
1064 1089 217 36 åtminstone
1309 1090 116 34 under
1452 1089 161 36 normala
1645 1089 191 35 förhållan-

238 1144 69 34 den
336 1147 88 31 utan
451 1143 370 46 riksgäldskontorets
850 1143 185 35 anlitande
1063 1143 208 47 tillgodoses
1299 1156 128 34 genom
1456 1156 45 22 en
1529 1142 215 47 tillräckligt
1764 1146 73 32 stor

237 1197 206 35 kassafond.
501 1197 161 35 Berörda
690 1197 87 35 fond
805 1197 73 35 kan
907 1197 201 35 emellertid
1136 1197 80 35 icke
1240 1197 56 35 för
1314 1198 225 34 närvarande
1559 1197 90 46 fylla
1668 1209 45 22 en
1733 1196 103 47 dylik

236 1250 160 47 uppgift,
440 1251 65 34 och
548 1251 61 34 det
637 1251 102 34 torde
767 1250 80 35 icke
876 1251 114 34 heller
1017 1263 87 22 vara
1132 1250 140 46 möjligt
1301 1253 52 32 att
1382 1250 221 35 omedelbart
1630 1250 206 46 uppbringa

238 1305 207 34 densamma
485 1303 57 35 till
584 1304 57 35 för
682 1303 157 46 angivna
867 1304 166 34 ändamål
1062 1303 214 47 erforderlig
1305 1303 145 35 storlek.
1508 1303 75 35 Vid
1613 1304 128 34 sådant
1768 1304 68 34 för-

237 1358 168 34 hållande
433 1357 93 35 lärer
555 1357 229 44 statsverket,
815 1356 13 35 i
856 1357 99 46 varje
984 1357 64 35 fall
1076 1358 116 34 under
1211 1358 44 34 de
1274 1360 180 32 närmaste
1474 1359 97 42 åren,
1602 1357 82 35 icke
1712 1357 125 35 kunna

236 1412 164 35 undvara
441 1410 235 47 möjligheten
718 1414 53 32 att
808 1411 142 35 erhålla
971 1410 360 47 kassaförstärkning
1358 1410 81 35 från
1468 1410 366 47 riksgäldskontoret;

238 1465 65 35 och
347 1477 106 34 synes
495 1464 105 35 alltså
628 1467 53 32 ett
709 1465 198 45 stadgande
935 1465 124 34 härom
1091 1464 222 35 fortfarande
1341 1465 87 34 böra
1455 1464 117 35 finnas
1600 1464 14 35 1
1642 1464 194 46 riksgälds-

237 1518 186 35 kontorets
464 1519 230 45 reglemente.
752 1518 128 35 Ehuru
921 1518 277 35 bestämmelsen
1240 1518 12 35 i
1288 1515 22 46 $
1343 1518 46 35 12
1419 1530 104 23 mom.
1556 1519 23 33 4
1609 1517 13 35 i
1651 1518 185 35 kontorets

236 1584 51 23 nu
315 1572 165 46 gällande
508 1572 221 46 reglemente
757 1572 114 46 enligt
900 1572 69 35 den
999 1584 92 23 ovan
1119 1571 125 47 gjorda
1271 1571 246 46 utredningen
1545 1572 65 35 bör
1637 1572 118 35 tolkas
1785 1574 48 39 så,

237 1629 53 31 att
332 1628 118 32 rätten
491 1625 57 35 till
577 1625 359 46 kassaförstärkning
965 1626 128 34 endast
1122 1637 103 23 avser
1252 1625 165 46 utgifter,
1449 1637 76 23 som
1555 1631 61 29 äro
1649 1628 187 44 upptagna

237 1678 12 35 i
278 1679 199 34 riksstaten
505 1679 87 34 eller
620 1678 104 46 eljest
753 1691 43 22 av
824 1678 197 46 riksdagen
1051 1679 202 46 medgivna,
1286 1691 107 33 synes
1422 1679 60 34 det
1511 1678 184 45 önskvärt,
1718 1682 52 31 att
1785 1682 51 31 ett

236 1731 269 47 förtydligande
534 1732 12 33 i
576 1732 98 34 detta
703 1732 94 46 syfte
825 1737 114 41 göres.

345 1785 67 35 Om
455 1788 119 31 rätten
617 1788 53 32 att
711 1785 145 45 påkalla
889 1784 359 46 kassaförstärkning
1277 1785 214 35 bestämmes
1520 1787 47 44 på
1596 1785 127 34 sådant
1753 1788 80 40 sätt,

238 1838 182 35 förefaller
462 1839 70 41 det,
578 1850 74 23 som
692 1850 54 23 om
775 1851 44 21 ur
847 1838 292 35 konstitutionell
1169 1838 189 46 synpunkt
1387 1838 79 34 skäl
1494 1838 182 46 knappast
1705 1838 130 35 funnes

238 1892 55 35 för
321 1892 250 35 fastställande
600 1904 44 22 av
673 1904 44 22 en
747 1891 259 47 maximigräns
1036 1892 55 34 för
1120 1892 43 34 de
1183 1892 143 46 belopp,
1348 1891 354 46 riksgäldskontoret
1720 1892 117 34 under

237 1945 158 46 angivna
424 1945 302 46 förutsättningar
754 1946 65 34 har
848 1949 52 31 att
928 1945 286 35 tillhandahålla.
1250 1946 70 34 För
1348 1944 352 47 riksgäldskontoret
1720 1945 116 35 skulle

237 2002 89 31 utan
354 1998 112 35 tvivel
495 2011 45 22 en
570 2000 111 33 sådan
709 2004 108 40 gräns
846 2001 113 44 uppåt
988 1999 174 35 innebära
1191 2011 44 22 en
1265 1999 115 35 fördel
1409 1998 62 35 vid
1491 1999 81 34 dess
1593 1999 244 45 beräkningar

238 2064 43 22 av
325 2051 247 46 föreliggande
613 2052 209 35 lånebehov.
880 2052 109 34 Huru
1030 2057 156 40 gränsen
1227 2052 65 34 bör
1335 2054 120 41 sättas,
1496 2054 113 32 måste
1638 2051 199 35 emellertid

237 2104 99 35 bliva
382 2105 178 34 beroende
607 2105 76 33 dels
726 2107 45 42 på
812 2105 263 34 kassafondens
1118 2104 134 35 storlek
1296 2105 65 34 och
1405 2104 75 34 dels
1523 2107 46 42 på
1597 2104 240 35 förhållandet

238 2158 152 34 emellan
433 2160 135 32 statens
611 2157 201 34 inkomster
854 2158 65 34 och
962 2157 153 46 utgifter
1143 2157 62 35 vid
1234 2157 98 34 olika
1360 2156 94 35 tider
1483 2169 44 23 av
1556 2160 87 40 året,
1675 2158 62 34 allt
1767 2169 68 23 om-

239 2210 248 46 ständigheter
534 2222 74 23 som
656 2210 229 46 fullmäktige
931 2210 81 35 icke
1060 2216 59 29 äro
1166 2210 12 34 i
1224 2210 144 35 tillfälle
1410 2213 53 32 att
1504 2215 164 29 närmare
1696 2211 137 34 utreda.

237 2264 214 47 Uppenbart
493 2269 39 29 är
575 2263 104 44 dock,
710 2267 52 31 att
790 2269 155 40 gränsen
975 2266 113 32 måste
1116 2269 103 40 göras
1248 2263 140 46 ganska
1418 2263 62 35 vid
1510 2264 54 34 för
1594 2266 52 32 att
1674 2263 163 35 undvika
