1884 2852
452 153 396 35 Jordbruksutskottets
870 150 187 32 utlåtande
1080 150 51 31 Nr
1157 148 53 30 24.
1521 144 19 30 9

81 235 356 38 nahemsbyggnader
455 234 98 31 inom
569 230 316 38 stadsplanelagda
903 228 170 33 områden
1090 228 13 31 i
1121 226 169 33 ändamål
1308 226 54 31 att
1381 219 204 46 egnahems-

83 288 238 38 bebyggelsen
341 287 77 32 icke
441 287 12 31 i
476 287 39 30 så
538 286 75 30 stor
635 282 220 37 omfattning
879 291 74 22 som
977 290 50 21 nu
1049 289 85 22 vore
1160 278 103 32 fallet
1286 276 154 32 förlades
1463 275 58 31 till
1541 275 45 31 de

85 338 316 39 stadsplanelagda
431 336 224 34 samhällena
686 334 254 38 angränsande
970 331 173 33 områden
1172 329 81 32 med
1284 330 133 35 många
1447 328 137 36 gånger

84 393 121 37 dåliga
221 393 148 35 vatten-,
387 389 231 38 belysnings-,
635 388 162 36 avlopps-
816 386 65 32 och
902 383 322 39 vägförhållanden
1243 382 13 31 i
1276 380 121 33 stället
1415 379 56 31 för
1489 379 98 31 inom

83 445 118 37 själva
220 443 231 34 samhällena.
490 442 19 32 I
527 441 70 32 den
614 441 85 31 mån
716 438 267 32 motionärerna
1004 436 12 31 i
1036 434 128 34 sådant
1183 433 95 38 syfte
1297 433 124 31 kunna
1440 440 85 23 avse
1544 439 43 22 en

83 495 254 38 utsträckning
354 506 46 21 av
419 492 360 37 lånemöjligheterna
799 491 84 31 från
903 485 409 41 egnahemslånefonden
1330 484 65 32 vill
1413 482 175 33 utskottet

85 549 205 36 framhålla,
310 550 54 30 att
382 557 44 21 en
444 546 114 32 sådan
576 543 203 37 anordning
797 542 115 32 skulle
930 541 81 31 med
1030 541 142 35 hänsyn
1190 537 110 32 bland
1319 536 111 32 annat
1449 535 57 31 till
1526 534 58 32 det

84 602 97 31 inom
199 600 124 38 dylika
340 599 169 32 områden
525 595 265 40 jämförelsevis
809 595 93 36 höga
921 591 219 34 tomtvärdet
1158 589 154 38 givetvis
1331 589 114 30 kräva
1462 596 46 22 en
1526 588 58 29 vä-

85 653 130 37 sentlig
231 652 152 37 höjning
399 661 45 21 av
463 651 58 32 det
539 650 56 31 för
613 646 229 34 närvarande
860 644 170 38 stadgade
1049 644 127 36 högsta
1194 640 320 38 fastighetsvärdet
1532 638 56 32 för

86 704 272 38 egnahemslåns
384 701 218 33 erhållande.
649 700 109 32 Detta
782 699 13 31 i
822 697 166 36 förening
1015 696 81 31 med
1120 704 44 22 en
1188 693 147 37 stegrad
1359 691 226 36 efterfrågan

86 759 47 35 på
155 755 255 38 egnahemslån
433 754 139 31 komme
596 753 55 31 att
676 754 88 34 göra
788 760 44 22 en
854 749 143 37 mycket
1021 746 202 38 betydande
1248 744 134 36 ökning
1409 753 44 21 av
1480 751 105 27 egna-

87 808 316 33 hemslånefonden
424 804 251 36 ofrånkomlig.
696 803 84 32 Med
802 803 142 35 hänsyn
965 799 128 33 härtill
1114 799 65 31 och
1201 798 46 31 då
1269 806 45 22 en
1335 797 134 31 statens
1492 789 94 45 med-

86 861 136 32 verkan
242 859 310 36 överhuvudtaget
572 858 47 36 på
638 856 12 31 i
672 855 183 32 motionen
873 853 122 37 antytt
1017 852 74 31 sätt
1109 850 58 32 till
1184 860 45 22 en
1249 847 212 37 förändring
1482 857 46 21 av
1547 846 43 31 de

85 913 81 33 däri
187 911 158 34 avsedda
368 911 12 31 i
403 911 65 31 och
492 910 57 32 för
572 909 55 36 sig
651 907 76 32 icke
751 905 204 33 tilltalande
978 902 275 34 förhållandena
1275 901 73 31 kan
1370 900 142 31 komma
1536 899 54 31 att

89 966 80 32 leda
190 965 57 32 till
267 964 144 37 mycket
431 961 210 37 vittgående
663 959 261 32 konsekvenser
947 957 56 31 för
1026 956 119 31 staten
1165 954 13 32 i
1200 952 221 33 ekonomiskt
1444 959 143 23 avseen-

88 1016 52 38 de,
155 1027 105 22 anser
276 1016 55 37 sig
349 1015 172 32 utskottet
538 1013 78 32 icke
635 1013 86 31 böra
738 1010 145 33 biträda
901 1009 233 31 motionerna.

128 1069 122 33 Under
273 1066 223 38 åberopande
516 1076 46 21 av
583 1065 59 31 det
663 1073 93 22 ovan
777 1061 155 32 anförda
953 1061 59 31 får
1034 1059 174 32 utskottet
1230 1055 199 35 hemställa,

531 1167 32 36 1)
588 1168 54 31 att
667 1166 195 36 riksdagen
888 1165 59 30 må
972 1163 81 31 med
1080 1161 106 32 bifall
1213 1160 58 31 till
1298 1157 134 38 Kungl.
1460 1156 129 37 Maj:ts

490 1218 239 34 förevarande
751 1215 224 39 proposition
996 1215 94 31 samt
1110 1213 81 31 med
1212 1211 126 36 avslag
1359 1212 21 30 å
1402 1209 188 32 motioner-

491 1282 47 21 na
556 1271 32 32 I:
602 1271 59 31 255
679 1270 65 32 och
762 1269 54 31 II:
830 1268 68 36 315,
917 1270 169 29 ävensom
1102 1267 22 30 å
1142 1264 224 32 motionerna
1382 1261 52 33 II:
1448 1261 58 31 310
1525 1260 66 32 och

491 1323 126 33 11:509
663 1321 192 38 godkänna
901 1320 41 32 de
988 1317 199 37 ändringar
1222 1316 13 31 i
1260 1316 41 32 de
1327 1325 44 21 av
1397 1313 195 36 riksdagen

491 1377 161 35 antagna
678 1373 185 32 allmänna
889 1370 207 39 grunderna
1119 1369 56 32 för
1199 1368 69 32 den
1292 1365 300 34 statsunderstöd-

493 1428 47 32 da
557 1423 478 41 egnahemsverksamheten,
1055 1421 99 33 vilka
1173 1421 143 35 framgå
1335 1429 45 21 av
1400 1418 58 32 det
1475 1417 119 32 såsom

491 1479 122 36 bilaga
639 1478 57 31 till
720 1478 101 31 detta
847 1475 187 32 utlåtande
1059 1473 128 36 fogade
1213 1471 136 36 förslag
1374 1469 55 32 till
1454 1468 140 33 ändrad

493 1530 136 38 lydelse
647 1539 45 21 av
713 1528 18 37 $
751 1529 39 30 18
809 1526 238 37 kungörelsen
1066 1525 68 32 den
1152 1525 18 30 8
1188 1523 81 37 juni
1289 1523 78 30 1928
1389 1520 55 37 (nr
1463 1519 91 37 217);

533 1581 33 36 2)
591 1583 55 31 att
669 1581 226 31 motionerna
918 1579 32 31 I:
963 1578 60 31 256
1046 1577 66 32 och
1137 1575 53 32 II:
1205 1575 57 31 316
1287 1574 78 31 icke
1390 1573 59 31 må
1475 1573 118 30 föran-

494 1635 82 32 leda
599 1634 119 36 någon
741 1632 214 36 riksdagens
976 1629 145 37 åtgärd;

535 1685 32 37 3)
592 1687 55 30 att
692 1685 183 31 motionen
913 1682 123 32 TIT:342
1066 1680 78 31 icke
1172 1680 58 30 må
1260 1677 186 33 föranleda
1474 1677 119 36 någon

495 1738 212 37 riksdagens
729 1736 139 37 åtgärd.

138 1844 201 33 Stockholm
362 1844 63 31 den
450 1843 38 30 27
511 1841 161 32 februari
693 1840 86 31 1934.

530 1943 53 30 På
601 1940 388 38 jordbruksutskottets
1007 1941 153 32 vägnar:

645 2042 36 33 C.
703 2043 33 32 J.
787 2040 262 34 JOHANSSON.
