1900 2828
278 136 38 30 16
594 133 117 32 Andra
735 132 239 38 lagutskottets
1000 129 176 32 utlåtande
1200 129 50 31 Nr
1273 130 56 35 46;
1356 127 140 37 bilagor.

1530 364 134 31 Bilaga
1683 362 71 27 A1.

275 426 14 30 =
309 424 225 34 Länsstyrelsen
553 423 12 26 i
584 421 176 28 Värmlands
780 421 61 26 län.

541 528 100 30 Till
682 526 302 35 riksdagens
1029 523 155 30 andra
1228 521 297 37 lagutskott.

328 616 131 30 Genom
478 613 165 31 skrivelse
663 612 66 30 den
754 611 38 30 13
815 619 94 21 mars
932 609 83 30 1936
1037 608 64 29 har
1123 606 122 37 Kungl.
1267 603 102 37 Maj:t
1389 603 168 31 anbefallt
1580 602 210 35 Konungens

284 655 370 38 befallningshavande
681 657 48 27 att
753 653 51 30 till
830 652 166 30 utskottet
1024 649 123 37 avgiva
1171 648 160 37 yttrande
1359 648 80 28 över
1466 655 43 21 en
1534 645 96 29 inom
1657 643 133 30 riksda-

285 708 82 30 gens
390 699 90 31 båda
504 699 143 29 kamrar
669 696 101 30 väckt
795 694 133 31 motion
951 703 58 20 om
1031 691 171 31 utsträckt
1224 689 219 37 tillämpning
1466 697 43 21 av
1530 688 101 36 lagen
1655 695 58 21 om
1738 694 52 21 ar-

284 742 105 31 rende
409 751 42 21 av
471 740 68 31 viss
559 739 80 37 jord
660 738 21 31 å
701 738 115 30 landet
839 737 11 30 i
873 735 173 32 Norrland
1066 735 67 29 och
1153 734 91 29 vissa
1266 732 95 31 delar
1381 741 43 20 av
1446 729 172 32 Svealand
1648 728 143 38 (motion

285 795 41 20 nr
346 785 60 30 159
425 784 10 29 i
453 783 110 30 första
580 783 204 29 kammaren
803 780 66 30 och
888 788 41 20 nr
949 779 63 29 366
1029 777 11 30 i
1058 777 111 30 andra
1185 773 216 37 kammaren)
1427 775 89 28 samt
1535 773 81 29 över
1635 780 44 21 en
1696 770 96 30 inom

285 827 202 36 riksdagens
511 825 112 30 andra
646 824 179 30 kammare
848 821 103 30 väckt
973 819 142 36 motion,
1137 828 41 20 nr
1201 819 75 34 481,
1298 827 58 20 om
1377 816 68 30 viss
1469 814 149 37 ändring
1641 823 42 21 av
1705 813 42 30 45
1772 810 20 39 8

286 870 10 29 i
315 870 99 35 lagen
433 877 57 21 om
508 865 252 39 nyttjanderätt
777 864 52 30 till
851 864 69 30 fast
939 862 169 38 egendom
1128 871 45 20 m.
1193 870 45 21 m.

332 911 78 30 Med
439 909 188 37 anledning
656 909 108 29 härav
791 906 55 31 får
877 905 209 36 Konungens
1114 900 370 38 befallningshavande
1515 899 80 30 med
1626 898 166 30 Ööverläm-

288 954 113 29 nande
420 961 41 21 av
481 952 10 29 i
512 952 143 30 ärendet
672 949 201 31 infordrade
893 947 185 38 yttranden
1099 944 80 31 från
1201 944 234 30 sekreteraren
1457 942 11 30 i
1487 941 209 31 Värmlands
1718 940 75 30 läns

288 995 116 36 kungl.
425 992 396 37 hushållningssällskap
843 991 67 29 och
928 988 79 31 från
1028 987 212 31 Uddeholms
1259 985 203 37 Aktiebolag
1482 984 125 30 anföra
1627 978 166 46 följande.

333 1037 121 30 Såsom
474 1045 43 21 av
536 1034 244 31 förstnämnda
797 1032 161 38 yttrande
976 1029 164 38 framgår,
1160 1029 97 30 torde
1278 1029 64 29 här
1363 1028 10 29 i
1393 1028 92 29 länet
1505 1026 219 30 förekomma
1743 1027 50 27 ut-

289 1079 160 37 läggning
472 1079 52 29 till
549 1076 205 38 skogsmark
778 1085 43 20 av
844 1075 11 30 i
880 1072 272 39 skogsområden
1177 1072 146 36 belägna
1347 1069 181 37 jordbruk.
1578 1068 56 30 Uti
1656 1070 47 28 ett
1728 1067 66 30 den

292 1123 39 30 13
355 1130 92 22 mars
471 1120 218 36 dagtecknat,
714 1118 104 37 enligt
843 1116 138 38 uppgift
1003 1115 52 30 till
1079 1115 166 30 utskottet
1268 1113 134 36 avgivet
1428 1111 160 38 yttrande
1614 1111 64 29 har
1701 1109 93 37 jord-

289 1162 384 32 brukskommissionen
703 1161 9 29 i
741 1161 92 29 länet
863 1159 117 30 vidare
1011 1156 202 35 framhållit,
1243 1158 49 27 att
1321 1154 162 30 vanhävd
1512 1153 235 30 förekommer
1775 1151 21 31 å

289 1206 209 36 fastigheter,
521 1204 96 30 vilka
639 1202 199 36 fastigheter
857 1200 189 31 emellertid
1067 1200 10 29 i
1100 1198 186 37 anledning
1308 1207 43 20 av
1374 1196 158 37 gällande
1552 1195 242 30 arealbestäm-

289 1248 123 30 melser
433 1247 88 36 ligga
541 1248 99 28 utom
661 1243 289 32 kommissionens
970 1239 357 39 kompetensområde.
1372 1238 135 37 Frågan
1530 1237 174 31 huruvida
1723 1246 72 20 om-

290 1290 173 30 förmälda
486 1287 245 32 förhållanden
755 1286 219 30 förekomma
999 1284 10 30 i
1034 1283 110 31 sådan
1168 1282 210 37 omfattning
1400 1282 81 29 eller
1505 1282 61 29 äro
1590 1279 206 31 föranledda

290 1342 44 20 av
359 1331 130 31 sådana
514 1329 303 37 omständigheter,
846 1330 49 28 att
923 1326 171 31 särskilda
1120 1324 245 37 lagstiftnings-
1392 1324 82 30 eller
1499 1323 111 30 andra
1638 1321 159 37 åtgärder

292 1373 80 32 från
403 1373 270 31 statsmakterna
705 1372 59 29 äro
796 1369 235 36 erforderliga,
1062 1377 101 28 synes
1195 1367 105 36 enligt
1333 1366 210 36 Konungens
1573 1364 223 36 befallnings-

291 1416 176 31 havandes
487 1415 142 36 mening
647 1413 89 31 dock
753 1413 76 30 icke
848 1412 121 30 kunna
988 1409 239 37 tillförlitligen
1246 1409 172 35 besvaras,
1438 1408 120 30 förrän
1577 1416 43 21 en
1638 1407 158 30 fullstän-

292 1458 57 37 dig
368 1459 64 29 och
452 1457 135 36 allsidig
607 1455 184 37 utredning
808 1454 206 31 verkställts.

337 1517 160 30 Karlstad
516 1516 10 30 i
549 1514 250 32 landskansliet
820 1514 68 30 den
909 1514 14 29 1
946 1512 89 38 april
1060 1512 93 30 1936.

796 1597 48 31 På
865 1596 261 37 länsstyrelsens
1148 1596 142 35 vägnar:

333 1660 37 30 R.
391 1659 193 30 Sundelius.
1439 1652 82 31 Axel
1542 1651 206 37 Bergström.

1540 1807 133 31 Bilaga
1693 1806 29 26 A
1735 1805 32 26 2.

322 1880 178 29 Värmlands
520 1880 67 27 läns
606 1878 364 33 hushållningssällskaps
989 1877 201 26 sekreterare.

409 1924 143 30 (Yttrande
571 1924 42 23 till
633 1923 188 30 länsstyrelsen
841 1923 8 22 i
868 1921 164 24 Värmlands
1050 1919 64 30 län.)

296 2011 99 30 Till
436 2010 169 37 Kungl.
643 2008 172 37 Maj:ts
857 2005 557 38 befallningshavande
1453 2004 10 30 i
1504 2003 297 31 Värmlands

1003 2058 89 30 län.

342 2146 131 31 Genom
495 2145 122 30 remiss
637 2145 66 30 den
728 2144 39 30 14
790 2144 129 30 dennes
941 2142 176 31 anmodad
1140 2144 48 27 att
1209 2140 121 37 avgiva
1354 2140 160 37 yttrande
1535 2141 81 28 över
1638 2138 71 31 dels
1731 2148 71 20 mo-

298 2189 73 30 tion
390 2198 41 20 nr
453 2189 61 29 159
533 2188 10 29 i
562 2187 111 30 första
692 2187 214 34 kammaren,
926 2195 57 20 om
1002 2184 171 31 utsträckt
1192 2183 220 36 tillämpning
1430 2191 42 20 av
1490 2182 100 36 lagen
1609 2191 58 21 om
1688 2190 115 21 arren-

298 2231 43 30 de
361 2240 43 21 av
423 2230 68 30 viss
508 2229 80 37 jord
608 2229 20 31 å
649 2229 115 30 landet
783 2228 10 30 i
813 2228 172 30 Norrland
1003 2227 66 30 och
1088 2226 92 30 vissa
1200 2226 95 30 delar
1314 2234 42 21 av
1378 2224 179 35 Svealand,
1578 2224 72 29 dels
1672 2223 132 31 motion

299 2282 41 20 nr
359 2274 61 29 481
440 2272 9 30 i
469 2273 112 29 andra
601 2272 214 34 kammaren,
834 2280 59 20 om
910 2270 68 30 viss
996 2269 149 37 ändring
1164 2277 42 21 av
1226 2268 41 30 45
1287 2266 20 39 8
1327 2267 11 30 i
1358 2267 99 37 lagen
1475 2276 58 21 om
1553 2265 252 36 nyttjanderätt

298 2314 52 30 till
375 2315 69 30 fast
468 2314 170 37 egendom
661 2323 44 21 m.
731 2323 56 25 m.,
811 2312 55 31 får
891 2311 262 31 undertecknad
1176 2310 146 31 härmed
1345 2310 86 30 efter
1454 2307 141 32 samråd
1618 2308 80 29 med
1724 2308 80 29 hus-

299 2355 380 38 hållningssällskapets
701 2354 423 38 jordbrukskonsulenter,
1147 2363 75 20 som
1245 2360 123 28 genom
1392 2352 52 30 sin
1468 2350 221 31 verksamhet
1711 2349 95 30 inom

300 2395 366 80 senahemsnämnden
695 2398 177 30 förvärvat
899 2397 234 31 erfarenheter
1161 2394 45 39 på
1233 2395 147 30 berörda
1409 2393 151 35 område,
1589 2392 126 30 anföra
1742 2391 63 31 föl-

299 2450 115 28 jande.
