1876 2812
274 164 117 31 Andra
411 165 200 31 kammarens
629 165 145 31 andra
795 165 167 39 tillfälliga
982 167 141 31 utskotts
1141 167 170 31 utlåtande
1333 177 41 21 nr
1392 170 48 28 14.
1585 169 18 29 1

770 394 64 38 Nr
859 394 74 39 14.

762 495 104 24 Ankom
881 495 42 25 till
939 495 153 31 riksdagens
1106 495 86 24 kansli
1208 495 50 25 den
1274 495 31 24 16
1321 496 54 31 maj
1393 496 66 23 1946
1475 494 35 26 kl.
1526 496 15 23 2
1556 502 49 18 em.

271 602 115 30 Andra
407 603 197 30 kammarens
623 603 147 30 andra
789 603 167 38 tillfälliga
974 603 140 32 utskotts
1132 603 170 32 utlåtande
1321 605 73 29 över
1412 603 124 32 motion
1552 613 53 21 om

431 655 176 38 utredning
625 657 57 29 och
699 656 121 38 förslag
837 657 165 37 angående
1019 657 62 31 den
1098 657 151 38 psykiska
1266 657 100 31 hälso-
1383 658 59 30 och
1460 656 146 39 sjukvår-

432 709 75 30 dens
522 709 171 39 planering
711 710 57 30 och
788 709 229 39 organisering.

197 814 16 29 I
235 814 124 31 motion
382 824 41 20 nr
445 815 60 29 246
528 815 60 30 har
610 815 76 30 herr
708 816 140 30 Jansson
870 816 13 30 i
906 813 121 33 Örebro
1047 816 93 38 m.fl.
1166 816 173 40 hemställt,
1365 821 47 28 att
1434 816 172 39 riksdagen

111 867 101 30 måtte
235 867 122 31 besluta
380 871 49 29 att
452 869 11 29 i
485 868 153 31 skrivelse
662 869 52 30 till
738 869 119 38 Kungl.
882 869 104 38 Maj:t
1009 869 120 39 begära
1152 869 172 39 skyndsam
1348 870 178 38 utredning
1546 870 61 31 och

112 920 121 38 förslag
261 920 49 32 till
337 921 61 31 den
425 922 153 37 psykiska
605 922 103 31 hälso-
735 923 58 30 och
821 922 216 38 sjukvårdens
1063 923 170 38 planering
1260 923 59 31 och
1346 923 224 39 organisering
1595 924 11 30 i

109 973 139 38 enlighet
265 974 73 31 med
353 974 39 32 de
407 975 210 38 synpunkter,
633 985 69 21 som
717 976 12 30 i
743 975 165 32 motionen
924 976 149 38 angivits.

195 1027 162 31 Utskottet
387 1027 60 30 har
476 1028 162 31 inhämtat
667 1029 175 37 yttranden
872 1030 73 29 över
973 1029 163 31 motionen
1166 1030 76 30 från
1271 1029 333 39 medicinalstyrelsen,

110 1079 367 39 landstingsförbundet,
495 1081 268 32 läkarförbundet
777 1082 58 31 och
852 1081 200 33 Stockholms
1065 1083 90 31 stads
1169 1082 304 38 sjukhusdirektion.

196 1133 331 38 Medicinalstyrelsen
553 1138 108 34 yttrar
685 1135 49 38 sig
760 1136 73 30 över
857 1135 85 31 vissa
965 1135 256 38 huvudpunkter
1245 1137 11 30 i
1280 1136 172 31 motionen.
1477 1136 129 31 Beträf-

112 1185 99 32 fande
231 1187 199 38 utökningen
450 1197 40 20 av
510 1188 211 37 platsantalet
740 1188 87 31 inom
847 1188 63 31 den
930 1189 130 38 statliga
1080 1188 303 39 sinnessjukvården
1400 1189 138 38 anföres,
1560 1193 47 27 att

112 1239 157 37 styrelsen
287 1240 156 38 framlagt
462 1250 38 21 en
517 1241 138 38 utförlig
672 1241 88 42 plan,
779 1251 67 21 som
862 1242 61 38 går
940 1246 37 27 ut
993 1242 43 38 på
1053 1246 47 29 att
1116 1242 217 32 åstadkomma
1349 1242 151 39 omkring
1517 1242 17 30 6
1547 1243 60 30 500

112 1301 63 28 nya
196 1293 122 36 platser
337 1293 52 31 för
407 1293 211 39 sinnessjuka,
640 1294 156 32 imbecilla
814 1295 59 30 och
894 1295 184 32 sinnesslöa.
1101 1294 63 31 Till
1182 1295 84 32 vissa
1284 1306 42 20 av
1343 1295 137 38 planens
1496 1296 111 31 önske-

112 1345 65 30 mål
195 1346 60 30 har
273 1346 100 31 redan
391 1347 219 30 innevarande
627 1347 132 38 riksdag
776 1351 49 28 att
842 1351 76 35 taga
933 1348 166 39 ställning.
1117 1348 132 38 Frågan
1264 1359 53 20 om
1333 1348 274 39 sysselsättnings-

113 1399 105 37 terapi
239 1400 36 29 är
295 1399 135 31 föremål
450 1400 52 30 för
519 1400 371 38 sjukhusutredningens
909 1401 294 38 uppmärksamhet.
1224 1402 17 30 I
1260 1401 97 38 fråga
1373 1412 53 20 om
1444 1401 39 32 de
1502 1403 107 37 öppna

112 1451 245 31 vårdiormerna
378 1453 143 37 påpekar
539 1453 166 37 styrelsen,
724 1457 51 26 att
794 1453 122 39 förslag
934 1454 50 30 till
1002 1454 85 31 årets
1105 1454 128 38 riksdag
1253 1454 170 39 framlagts
1441 1464 50 21 om
1509 1455 98 30 inrät-

113 1504 109 31 tandet
245 1515 39 20 av
306 1505 504 38 hjälpverksamhetsöverläkare.
833 1507 17 29 I
871 1507 163 30 motionen
1056 1507 43 30 ha
1119 1507 172 38 allvarliga
1311 1507 155 38 farhågor
1486 1507 122 32 beträf-

114 1557 96 31 fande
237 1557 249 38 familjevården
510 1562 126 34 yppats.
665 1558 167 39 Styrelsen
856 1569 103 29 anser,
985 1563 49 27 att
1060 1560 90 31 dessa
1175 1561 57 30 äro
1258 1560 193 31 överdrivna
1476 1561 58 30 och
1560 1564 47 27 att

114 1609 250 38 familjevården
387 1611 105 30 under
514 1611 86 31 vissa
622 1611 226 32 förhållanden
870 1614 36 29 är
929 1621 40 22 en
992 1612 135 39 lämplig
1147 1612 178 32 vårdform.
1349 1613 188 39 Anledning
1559 1617 50 27 att

113 1663 132 38 vidtaga
267 1663 159 32 särskilda
448 1664 152 38 åtgärder
624 1665 51 31 för
696 1665 273 39 tillvaratagande
992 1676 39 20 av
1052 1666 40 32 de
1114 1667 43 37 på
1177 1666 140 38 sjukhus
1338 1667 153 37 intagnas
1512 1668 96 30 rätts-

113 1716 105 37 skydd
240 1726 92 21 anser
352 1717 154 38 styrelsen
527 1717 29 38 ej
579 1718 165 38 föreligga.
766 1718 106 38 Något
890 1719 140 38 verkligt
1050 1719 59 31 fall
1130 1730 39 20 av
1190 1719 268 38 rättskränkning
1477 1720 61 31 har
1557 1730 51 20 en-

113 1769 59 37 ligt
196 1770 155 36 styrelsen
375 1770 28 38 ej
428 1770 124 31 kunnat
576 1771 138 37 påvisas.
739 1771 133 38 Frågan
895 1782 52 20 om
969 1771 283 38 vårdavgifternas
1274 1772 155 38 slopande
1451 1774 37 29 är
1510 1773 98 31 redan

114 1822 132 30 föremål
270 1823 52 29 för
343 1823 263 32 statsmakternas
629 1823 186 39 utredning,
840 1825 58 30 och
921 1824 243 38 uppdelningen
1187 1836 39 20 av
1248 1825 38 31 de
1308 1825 142 31 vårdade
1472 1827 10 29 i
1504 1835 104 21 rums-

114 1875 58 29 och
196 1875 227 38 salspatienter
448 1877 36 29 är
509 1886 40 20 av
574 1876 232 31 underordnad
830 1876 169 38 betydelse.
1028 1877 167 38 Styrelsen
1221 1878 168 38 avstyrker
1413 1878 197 38 förändring

113 1928 42 36 på
181 1927 106 31 denna
311 1929 113 36 punkt.
452 1928 387 38 Sjukvårdspersonalens
863 1929 186 38 utbildning
1073 1931 38 29 är
1134 1930 137 31 föremål
1295 1931 52 30 för
1370 1930 176 39 utredning
1570 1941 40 21 av

114 1980 154 31 särskilda
288 1981 208 38 sakkunniga.
516 1982 73 29 Den
610 1981 239 38 förebyggande
866 1982 151 38 psykiska
1033 1983 213 31 hälsovården
1263 1984 156 30 omfattar
1436 1988 45 30 ett
1499 1984 110 30 flertal

114 2033 119 37 frågor,
259 2043 40 21 av
321 2034 88 31 vilka
432 2034 139 34 flertalet
594 2035 38 30 är
654 2035 135 31 föremål
811 2035 54 31 för
885 2035 158 31 särskilda
1066 2035 223 39 utredningar,
1312 2037 57 30 och
1392 2036 121 39 förslag
1534 2037 42 30 ha
1598 2037 11 30 i

112 2086 86 30 vissa
220 2086 90 31 delar
331 2087 180 38 framlagts,
534 2087 88 31 vilka
641 2088 228 31 sammanfalla
888 2089 73 31 med
980 2088 254 32 motionärernas
1255 2089 168 31 önskemål.
1445 2089 164 32 Motionen

113 2138 94 30 berör
228 2139 123 37 jämväl
372 2139 81 31 flera
474 2140 104 31 andra
598 2141 166 38 spörsmål,
787 2151 72 20 men
880 2141 41 32 de
940 2141 142 31 anförda
1102 2143 55 29 äro
1179 2141 47 39 de,
1248 2151 65 21 som
1334 2142 100 39 enligt
1452 2143 157 37 styrelsen

112 2191 134 38 ivrigast
263 2192 101 37 pocka
381 2194 40 36 på
439 2193 50 29 sin
505 2193 135 38 lösning.

196 2241 91 34 Även
310 2245 357 38 landstingsförbundet
688 2246 152 31 hänvisar
862 2247 49 30 till
932 2247 165 38 pågående
1117 2249 217 37 utredningar
1355 2250 56 30 och
1435 2259 101 29 anser,
1560 2254 48 27 att

113 2306 76 20 man
210 2296 59 30 bör
290 2297 135 31 avvakta
446 2298 173 30 resultaten
639 2308 40 20 av
700 2297 91 32 dessa
810 2299 223 39 utredningar,
1055 2300 102 30 innan
1177 2311 40 20 en
1237 2301 121 31 allmän
1378 2303 135 36 översyn
1534 2304 76 29 över

113 2348 63 31 den
193 2349 152 37 psykiska
363 2350 100 30 hälso-
479 2350 59 29 och
556 2350 199 37 sjukvården
772 2351 10 30 i
800 2351 70 30 hela
888 2351 68 32 dess
973 2351 78 31 vidd
1068 2354 181 37 överväges.

199 2401 128 31 Samma
352 2402 190 37 inställning
565 2403 60 29 har
648 2403 280 38 läkarförbundet,
952 2415 68 20 som
1044 2405 104 42 anför,
1173 2409 48 28 att
1245 2416 51 20 om
1318 2407 103 37 några
1443 2418 40 20 av
1507 2407 37 31 de
1568 2418 40 20 av

113 2454 238 30 motionärerna
374 2455 180 31 framförda
576 2455 157 38 frågorna
754 2455 68 33 icke
842 2456 101 31 skulle
962 2456 45 31 bli
1029 2457 86 39 lösta,
1138 2458 112 31 kunna
1270 2459 39 31 de
1328 2460 181 31 sedermera
1528 2471 80 27 upp-

112 2511 90 31 tagas
222 2507 47 31 till
291 2507 204 36 behandling.

113 2568 129 38 Pihang
263 2569 49 30 till
333 2569 185 37 riksdagens
538 2570 161 36 protokoll
720 2572 90 28 1946.
835 2573 36 26 13
890 2572 88 30 saml.
998 2575 20 26 2
1038 2572 70 30 avd.
1133 2573 46 29 Nr
1204 2576 127 28 14—15.
1592 2578 15 28 1
