1870 2780
292 154 20 30 4
622 157 118 31 Andra
757 158 246 37 lagutskottets
1019 161 178 31 utlåtande
1213 171 43 21 nr
1269 164 44 29 36
1327 163 40 30 år
1383 165 81 29 1961

348 242 15 30 I
390 243 61 31 sitt
476 244 39 30 år
541 245 84 31 1948
652 247 145 37 avgivna
822 247 221 33 betänkande
1067 251 79 30 med
1171 250 132 40 förslag
1329 252 52 30 till
1407 253 384 39 vägtrafikförordning

303 304 46 22 m.
367 305 46 21 m.
435 296 100 36 (SOU
555 298 99 31 1948:
673 299 57 37 34)
753 300 201 32 förklarade
972 303 82 29 1944
1071 303 58 30 års
1147 304 576 40 trafikförfattningssakkunniga,
1741 308 50 29 att

305 349 41 30 de
363 349 78 31 icke
459 349 85 31 fann
563 351 188 40 anledning
769 355 50 28 att
837 354 91 38 ånyo
945 355 41 37 gå
1003 356 36 29 in
1056 356 44 37 på
1118 356 123 38 frågan
1259 367 57 20 om
1334 367 43 21 en
1394 358 124 38 högsta
1536 359 254 31 fordonsbredd

304 410 43 21 av
366 402 64 30 245
450 403 213 33 centimeter.
683 405 49 31 De
751 406 212 31 underströk
983 408 87 30 dock
1090 410 295 37 angelägenheten
1405 421 41 20 av
1466 413 60 34 att,
1546 412 37 31 så
1603 415 98 28 snart
1719 422 72 20 om-

303 455 286 39 ständigheterna
612 457 38 31 så
672 458 116 32 kunde
809 460 169 37 medgiva,
1000 470 43 20 en
1063 461 149 39 höjning
1233 472 42 21 av
1297 464 66 30 den
1385 464 138 31 tillåtna
1545 465 246 30 fordonsbred-

302 508 67 30 den
383 508 11 30 i
409 509 206 39 erforderlig
628 511 82 30 mån
724 512 255 37 genomfördes.

347 561 14 30 I
382 562 264 37 propositionen
667 572 43 22 nr
729 564 42 31 30
793 565 52 30 till
868 566 82 30 1951
973 566 58 31 års
1052 567 142 38 riksdag
1215 570 78 29 med
1315 569 132 39 förslag
1468 571 52 29 till
1541 571 249 38 vägtrafikför-

301 615 151 38 ordning
477 625 44 21 m.
548 625 45 21 m.
621 617 203 31 förordades
849 620 50 29 ett
923 619 242 33 bibehållande
1190 631 42 21 av
1257 623 116 37 regeln
1398 633 56 20 om
1480 624 62 31 235
1567 625 222 31 centimeters

301 666 266 33 fordonsbredd.
593 669 198 38 Riksdagen
816 671 123 38 gjorde
963 672 93 39 inget
1081 675 180 31 uttalande
1286 675 222 32 beträffande
1533 678 65 30 den
1624 678 98 30 delen
1748 688 41 20 av

298 721 275 38 Propositionen.

940 835 208 33 Motionerna

343 925 261 32 Motionärerna
628 927 136 30 erinrar
786 937 57 21 om
868 930 51 29 att
943 930 56 30 det
1021 930 44 37 på
1089 932 49 29 ett
1162 931 115 31 flertal
1300 933 108 37 vägar
1430 942 146 22 numera
1599 936 40 28 är
1661 936 126 30 tillåtet

300 978 52 30 att
370 977 77 31 föra
466 978 125 31 fordon
609 980 79 30 med
704 989 43 21 en
764 980 107 31 bredd
889 991 42 21 av
948 982 62 31 250
1027 984 203 30 centimeter
1247 987 91 28 samt
1356 985 195 32 fortsätter:

343 1031 14 29 I
380 1031 94 30 detta
496 1031 74 38 läge
591 1032 64 30 bör
675 1033 56 30 det
752 1034 107 37 enligt
879 1035 62 29 vår
962 1036 140 38 mening
1122 1046 83 21 vara
1226 1038 170 38 naturligt
1417 1041 50 28 att
1487 1041 167 36 generellt
1674 1042 113 30 tillåta

298 1074 64 31 250
384 1084 54 21 cm
460 1075 265 37 fordonsbredd,
746 1087 79 21 men
846 1080 52 29 att
918 1080 290 38 länsstyrelserna
1229 1082 227 39 bemyndigas
1476 1084 142 31 utfärda
1639 1086 148 30 bestäm-

296 1120 128 30 melser
442 1130 55 20 om
517 1121 125 38 högsta
661 1122 106 30 bredd
787 1132 42 21 av
848 1123 63 31 235
931 1133 53 21 cm
1003 1125 44 37 på
1067 1126 40 29 de
1128 1126 34 30 få
1181 1127 106 37 vägar
1306 1128 63 29 där
1388 1129 94 30 detta
1501 1130 39 29 är
1558 1127 225 46 nödvändigt.

340 1164 75 31 Vad
433 1174 73 21 som
524 1166 156 31 starkast
695 1167 90 30 talar
800 1167 56 31 för
871 1177 43 21 en
931 1169 107 31 sådan
1055 1170 149 38 ändring
1219 1172 39 29 är
1273 1173 224 37 naturligtvis
1513 1175 56 30 det
1585 1176 199 30 önskvärda

295 1209 10 29 i
327 1210 52 29 att
400 1209 244 32 åstadkomma
665 1221 42 20 en
727 1212 259 31 internationell
1008 1216 225 37 samordning
1252 1217 45 36 på
1317 1218 94 30 detta
1430 1219 141 30 område
1590 1220 11 29 i
1623 1220 90 37 syfte
1733 1223 51 27 att

294 1254 201 30 underlätta
514 1255 72 30 inte
605 1255 84 31 bara
709 1256 153 31 trafiken
881 1259 86 28 utan
986 1259 86 30 även
1091 1259 173 38 importen
1283 1262 65 30 och
1367 1265 166 35 exporten
1552 1273 42 21 av
1613 1264 169 31 lastbilar.

889 1409 299 43 Remissyttrandet

341 1499 87 37 Väg-
450 1500 64 30 och
537 1501 473 40 vattenbyggnadsstyrelsen
1032 1514 143 30 uppger,
1197 1509 51 29 att
1270 1509 66 29 den
1358 1509 11 29 i
1391 1509 141 37 januari
1557 1511 83 31 1959
1663 1513 10 29 i
1696 1513 88 29 skri-

293 1552 93 31 velse
404 1553 52 30 till
475 1554 163 38 samtliga
655 1555 244 39 länsstyrelser
915 1557 168 37 förordat,
1101 1561 51 29 att
1169 1560 135 31 landets
1320 1562 129 38 vägnät
1465 1563 11 30 i
1493 1565 128 30 största
1639 1566 143 38 möjliga

294 1607 247 38 utsträckning
565 1608 114 31 skulle
703 1610 162 37 upplåtas
890 1610 56 31 för
969 1621 42 21 en
1036 1612 254 32 fordonsbredd
1315 1623 43 22 av
1382 1615 62 31 250
1469 1617 213 32 centimeter.
1708 1619 75 38 Sty-

294 1658 114 32 relsen
435 1659 217 38 framhåller,
679 1663 50 30 att
755 1662 291 39 länsstyrelserna
1073 1666 52 30 till
1152 1666 89 37 följd
1268 1668 107 30 därav
1401 1669 11 29 i
1439 1671 72 29 stor
1536 1672 246 39 utsträckning

292 1711 161 33 utfärdat
474 1713 115 32 lokala
611 1715 334 33 trafikföreskrifter
966 1726 42 22 av
1029 1718 125 31 sådant
1174 1720 167 31 innehåll.
1362 1722 114 38 Några
1497 1723 223 38 olägenheter
1740 1735 41 21 av

291 1766 219 38 övergången
532 1767 53 30 till
609 1768 67 30 den
699 1770 110 30 större
831 1769 300 33 fordonsbredden
1152 1772 66 30 har
1238 1773 77 31 icke
1336 1774 279 38 inrapporterats
1637 1778 51 30 till
1712 1780 69 36 sty-

290 1818 125 31 relsen.
430 1820 75 29 Den
520 1819 197 33 fortsätter:

334 1872 53 30 Då
410 1873 57 30 det
489 1873 39 29 är
550 1874 190 37 styrelsens
762 1875 238 39 uppfattning,
1022 1879 51 29 att
1094 1878 222 32 huvuddelen
1338 1889 43 21 av
1403 1881 135 31 landets
1559 1884 129 37 vägnät
1709 1885 70 29 kan

289 1916 165 37 upplåtas
478 1917 55 30 för
554 1918 64 31 250
642 1927 54 22 cm
720 1919 265 38 fordonsbredd,
1008 1923 85 29 utan
1117 1925 51 29 att
1190 1924 320 32 trafiksäkerheten
1533 1928 122 30 därför
1676 1929 103 30 efter-

289 1962 120 35 sättes,
434 1962 154 31 biträder
614 1964 168 37 styrelsen
808 1965 279 32 motionärernas
1112 1967 132 39 förslag
1268 1978 56 21 om
1349 1971 149 38 ändring
1522 1981 42 21 av
1588 1974 191 37 vägtrafik-

289 2004 271 40 förordningens
577 2007 264 32 bestämmelser
857 2010 10 29 i
886 2010 40 30 54
946 2010 15 34 8
990 2011 9 30 2
1016 2020 105 22 mom.
1139 2021 56 21 om
1213 2014 128 30 största
1359 2015 135 31 tillåten
1513 2016 264 33 fordonsbredd.

288 2050 69 30 För
377 2052 52 29 att
450 2052 65 29 den
536 2051 200 39 föreslagna
756 2054 194 37 ändringen
971 2055 88 31 skall
1079 2056 168 32 innebära
1268 2060 150 30 avsedda
1440 2060 174 32 lättnader
1634 2063 56 30 för
1709 2066 68 28 tra-

289 2094 110 36 fiken,
419 2095 178 31 erfordras
617 2098 202 35 emellertid,
840 2101 51 28 att
911 2099 290 39 länsstyrelserna
1220 2103 76 30 icke
1316 2107 109 28 annat
1443 2106 44 29 än
1506 2106 11 29 i
1536 2107 160 32 absoluta
1715 2118 64 21 un-

286 2139 214 38 dantagsfall
524 2141 157 31 beslutar
703 2152 55 20 om
781 2143 302 40 inskränkningar
1104 2146 10 30 i
1139 2148 65 29 den
1228 2149 111 30 större
1364 2149 310 40 fordonsbredden,
1697 2155 78 30 med

288 2185 78 29 stöd
381 2193 43 22 av
438 2185 37 30 61
495 2185 15 35 8
528 2187 14 29 I
560 2195 105 22 mom.
680 2188 35 35 a)
735 2188 440 40 vägtrafikförordningen.

330 2273 67 31 Vid
421 2275 189 37 styrelsens
632 2277 161 36 yttrande
815 2278 40 30 är
878 2287 73 21 som
974 2280 142 30 nämnts
1139 2280 95 39 fogat
1255 2284 188 36 yttranden
1466 2284 78 31 från
1566 2282 211 48 vägförvalt-

286 2326 174 38 ningarna
480 2328 11 29 i
512 2329 41 29 de
574 2329 69 35 län,
664 2330 63 29 där
745 2339 42 21 en
808 2330 255 32 fordonsbredd
1083 2342 42 21 av
1145 2334 62 30 250
1228 2336 205 31 centimeter
1451 2339 166 36 generellt
1637 2340 138 32 tillåtes.

287 2379 217 32 Yttrandena
524 2382 58 30 rör
601 2381 287 34 erfarenheterna
907 2393 42 22 av
968 2385 65 30 den
1052 2386 152 32 utökade
1223 2387 311 34 fordonsbredden.

332 2433 335 40 Vägförvaltningen
690 2435 11 31 i
720 2436 223 32 Stockholms
965 2437 57 31 län
1044 2447 142 31 uppger,
1208 2442 50 30 att
1279 2442 94 31 vissa
1395 2442 165 39 farhågor
1580 2444 120 38 hystes
1721 2447 56 31 för
