1910 2798
102 746 140 24 Utskottets

97 783 130 28 yttrande.

335 147 39 30 10
699 149 293 32 Statsutskottets
1024 150 188 32 utlåtande
1243 151 52 31 Nr
1322 152 70 30 149.

289 233 110 36 avtal,
423 243 74 21 som
520 234 109 31 slutes
653 235 87 31 efter
764 235 97 31 tiden
884 236 54 31 för
962 236 296 32 ikraftträdandet
1282 247 44 21 av
1351 238 195 37 föreslagen
1570 249 47 27 ny
1642 240 150 31 lönestat

290 286 55 31 för
382 286 97 31 dessa
517 287 171 36 ämbeten,
718 289 155 35 mottaga
898 288 159 37 uppdrag
1081 299 73 21 som
1177 290 190 36 skiljeman
1392 291 12 30 i
1428 291 76 36 fall,
1529 291 43 31 då
1596 292 196 36 uppdraget

290 337 174 32 meddelas
487 348 43 20 av
556 339 149 31 allenast
728 349 43 21 en
794 350 44 20 av
863 341 161 34 parterna
1041 341 85 30 eller
1142 351 45 20 av
1203 343 252 30 överexekutor
1471 343 85 30 eller
1573 343 12 30 i
1601 353 118 21 annan
1735 354 57 20 en-

289 389 93 30 skild
406 390 95 34 parts
526 390 112 30 ställe.

331 440 223 32 Beträffande
593 441 40 31 de
667 451 44 21 av
736 442 259 31 motionärerna
1020 443 57 30 till
1100 443 76 31 stöd
1201 444 53 30 för
1279 443 97 32 dessa
1400 444 309 37 framställningar
1732 456 59 20 an-

288 492 98 31 förda
410 492 122 31 skälen
556 493 55 31 får
635 493 172 32 utskottet
831 494 149 31 hänvisa
1005 495 56 30 till
1085 496 228 30 motionerna.

330 544 321 37 Framställningar
678 556 45 19 av
747 546 183 31 enahanda
953 547 170 30 innebörd
1147 557 73 20 som
1245 548 219 30 motionerna
1488 548 91 30 hava
1603 549 188 30 inkommit

288 595 56 30 till
384 596 170 30 utskottet
590 597 81 29 från
705 598 171 35 styrelsen
912 598 53 30 för
1000 598 164 35 Sveriges
1199 598 334 36 advokatsamfund,
1569 599 220 31 Stockholms

288 646 329 31 handelskammare
641 647 62 31 och
728 648 164 36 Sveriges
917 649 319 31 industriförbund.

330 751 74 36 Att,
430 752 11 30 i
465 752 158 36 enlighet
658 753 76 30 med
770 752 67 31 vad
871 752 39 31 de
935 753 12 30 i
971 753 142 31 ärendet
1137 754 199 30 tillkallade
1361 754 223 36 sakkunniga
1609 755 181 36 föreslagit

287 803 62 30 och
383 803 381 36 departementschefen
799 805 187 36 tillstyrkt,
1022 805 191 31 fristående
1243 806 220 30 föreskrifter
1487 806 175 31 meddelas
1685 808 105 34 angå-

286 855 84 30 ende
405 856 266 34 justitierådens
695 856 63 30 och
788 857 308 34 regeringsrådens
1119 857 339 35 löneförhållanden,
1483 858 113 30 finner
1619 859 172 30 utskottet

286 906 208 30 välbetänkt
528 907 63 30 och
619 916 101 21 anser
744 907 171 31 utskottet
939 908 73 35 ock,
1036 910 52 28 att
1113 908 113 31 denna
1250 908 199 36 anordning
1474 910 60 29 bör
1557 909 121 31 kunna
1703 911 87 28 utan

286 957 184 36 olägenhet
493 958 231 35 genomföras.
753 958 66 31 Det
842 969 45 20 av
911 959 135 36 Kungl.
1070 959 102 37 Maj:t
1190 960 199 35 föreslagna
1405 960 250 36 lönebeloppet,
1674 962 115 34 21,000

285 1010 140 35 kronor,
451 1010 62 30 har
538 1010 170 31 utskottet
732 1011 186 30 ävenledes
942 1013 115 29 ansett
1082 1012 54 35 sig
1161 1012 81 30 böra
1266 1012 191 36 tillstyrka.

328 1061 120 31 Såsom
472 1072 44 20 av
541 1062 381 35 statsrådsprotokollet
947 1063 166 36 framgår,
1139 1063 197 31 föranleder
1359 1063 233 36 justitieråds-
1616 1065 62 30 och
1696 1074 93 26 rege-

284 1113 488 36 ringsrådsbefattningarnas
797 1114 211 36 utbrytning
1031 1124 42 21 ur
1089 1115 57 30 det
1161 1115 183 30 allmänna
1360 1116 428 36 avlöningsreglementet,

283 1165 53 30 att
373 1164 176 31 särskilda
583 1165 454 35 avlöningsbestämmelser
1072 1166 53 30 för
1160 1166 97 31 dessa
1292 1167 351 35 befattningshavare
1679 1169 110 29 måste

283 1216 185 31 meddelas.
514 1216 68 31 För
614 1217 220 31 närvarande
859 1217 112 31 finnes
996 1218 52 30 för
1074 1218 376 36 befattningshavarna
1475 1218 115 36 ifråga
1614 1219 12 30 i
1649 1228 43 21 en
1717 1219 71 31 till-

283 1268 317 36 läggsförfattning
642 1269 57 30 till
739 1269 421 37 avlöningsreglementet
1200 1270 145 35 intagen
1380 1280 42 20 en
1457 1271 240 30 bestämmelse
1733 1281 56 20 om

283 1320 126 31 förbud
445 1322 71 28 mot
552 1321 161 35 förening
748 1331 44 20 av
818 1321 272 35 ifrågavarande
1114 1322 162 30 ämbeten
1300 1322 77 30 med
1401 1322 95 30 vissa
1520 1323 160 30 enskilda
1705 1332 83 26 upp-

283 1371 85 36 drag
403 1372 63 30 och
500 1372 374 36 tjänstebefattningar
909 1373 11 29 i
956 1373 93 30 vissa
1085 1373 114 36 bolag,
1229 1374 214 34 föreningar,
1469 1373 86 30 verk
1579 1374 63 30 och
1666 1374 123 30 inrätt-

283 1423 138 35 ningar.
468 1423 69 31 Vid
572 1423 101 31 sidan
708 1433 44 21 av
786 1424 153 30 nämnda
964 1425 393 35 specialbestämmelser
1381 1425 113 30 skulle
1518 1425 196 31 emellertid
1739 1436 47 20 nu

282 1475 113 35 enligt
430 1474 134 36 Kungl.
600 1475 119 36 Maj:ts
755 1475 130 36 förslag
920 1476 87 30 efter
1042 1476 320 36 löneregleringens
1398 1477 272 35 genomförande
1694 1477 92 31 det
1767 1470 24 46 i

281 1526 435 36 avlöningsreglementets
740 1527 18 30 3
783 1524 17 37 $
824 1527 54 30 för
913 1527 176 31 ordinarie
1124 1528 215 35 tjänstemän
1364 1529 12 29 i
1399 1528 196 30 allmänhet
1618 1528 167 36 stadgade

281 1578 126 31 förbud
442 1580 71 29 mot
548 1578 163 35 förening
746 1588 44 20 av
819 1578 175 31 ordinarie
1018 1580 200 34 befattning
1243 1579 76 31 med
1343 1589 118 21 annan
1485 1579 110 36 tjänst
1619 1582 166 28 ävensom

281 1629 77 31 med
395 1630 92 30 vissa
522 1629 161 31 enskilda
712 1630 158 36 uppdrag
895 1631 62 30 och
981 1631 375 36 tjänstebefattningar
1379 1632 146 34 bringas
1549 1631 57 30 till
1630 1631 154 36 tillämp-

281 1682 87 35 ning
404 1682 20 29 å
458 1681 149 36 justitie-
636 1682 63 30 och
724 1682 252 36 regeringsråd,
1002 1683 10 30 i
1037 1683 65 30 den
1126 1684 82 29 mån
1232 1682 98 32 dessa
1355 1683 217 31 föreskrifter
1595 1693 82 21 avse
1702 1693 84 26 upp-

281 1733 86 36 drag
401 1733 85 31 eller
521 1733 384 36 tjänstebefattningar,
941 1744 73 21 som
1042 1735 32 36 ej
1099 1735 86 30 falla
1211 1735 95 30 inom
1331 1744 120 21 ramen
1475 1735 55 30 för
1554 1735 231 31 omförmälda

280 1785 383 36 specialbestämmelse,
698 1785 85 31 dock
817 1787 52 29 att
903 1786 65 30 den
1004 1787 12 29 i
1051 1788 18 28 2
1104 1796 103 21 mom.
1242 1796 44 20 av
1322 1787 107 35 sagda
1459 1787 166 35 paragraf
1650 1786 135 37 Kungl.

280 1836 102 36 Maj:t
406 1837 146 35 tillagda
577 1836 212 36 dispensrätt
812 1838 75 29 icke
912 1838 114 30 skulle
1050 1838 92 30 hava
1165 1838 171 30 avseende
1359 1839 21 29 å
1395 1838 202 36 justitieråd
1614 1838 62 30 och
1694 1847 91 27 rege-

280 1888 172 35 ringsråd.
500 1888 72 31 Mot
597 1888 68 31 vad
690 1888 134 36 Kungl.
850 1889 101 35 Maj:t
975 1889 219 31 härutinnan
1219 1889 181 36 föreslagit
1424 1890 64 30 har
1512 1890 173 30 utskottet
1709 1890 76 30 icke

280 1940 76 31 haft
380 1941 105 34 något
508 1941 53 30 att
584 1941 127 30 erinra.

324 1992 76 30 Vad
433 1993 112 34 angår
580 1992 127 36 frågan
742 2003 54 20 om
826 1994 69 30 rätt
920 1993 53 30 för
995 1993 150 35 justitie-
1170 1993 62 31 och
1256 1993 244 36 regeringsråd
1524 1994 52 29 att
1599 1994 105 35 åtaga
1728 1993 55 36 sig

279 2043 399 37 skiljemannauppdrag
713 2044 102 35 hava,
851 2045 113 30 såsom
998 2044 383 36 statsrådsprotokollet
1405 2045 62 30 ock
1491 2044 147 36 utvisar,
1663 2045 120 30 delade

280 2095 184 35 meningar
488 2095 12 30 i
524 2095 113 30 denna
662 2095 101 35 fråga
788 2096 93 35 gjort
905 2096 54 35 sig
984 2096 173 36 gällande.
1203 2096 49 30 De
1276 2096 226 35 sakkunniga
1524 2096 91 30 hava
1631 2096 151 30 sålunda

280 2146 219 31 härutinnan
524 2148 141 29 stannat
690 2148 12 29 i
725 2147 117 30 skilda
865 2148 195 35 meningar.
1107 2147 126 31 Medan
1259 2147 39 31 de
1315 2148 243 35 sakkunnigas
1575 2147 207 31 ordförande

279 2199 124 35 ansett,
436 2199 52 30 att
511 2199 377 35 befattningshavarna
912 2200 11 29 i
948 2199 101 36 fråga
1073 2199 105 31 borde
1201 2199 73 31 helt
1297 2200 143 35 betagas
1465 2201 115 29 rätten
1603 2200 52 30 att
1678 2200 103 35 åtaga

279 2251 55 35 sig
369 2250 122 36 dylika
526 2251 168 36 uppdrag,
730 2251 63 30 har
827 2261 42 20 en
904 2261 118 20 annan
1056 2261 45 20 av
1137 2251 39 31 de
1205 2251 226 36 sakkunniga
1455 2251 121 31 funnit
1600 2252 85 35 inga
1709 2261 71 20 som

279 2301 90 32 helst
404 2302 241 31 restriktioner
669 2303 11 30 i
705 2302 145 32 berörda
874 2303 193 31 hänseende
1093 2304 81 30 böra
1198 2303 96 36 gälla
1317 2303 63 31 och
1404 2303 66 31 den
1494 2303 111 35 tredje
1629 2303 151 31 sakkun-

280 2354 80 35 nige
395 2354 63 30 har
485 2354 194 36 föreslagit,
703 2356 52 29 att
779 2364 41 21 en
845 2355 72 30 viss
940 2355 238 36 begränsning
1203 2355 12 30 i
1239 2355 115 30 rätten
1377 2356 53 29 att
1453 2356 104 34 åtaga
1580 2355 54 35 sig
1658 2354 121 36 dylika

280 2405 157 36 uppdrag
464 2406 104 30 borde
592 2406 140 35 stadgas
756 2406 54 31 för
833 2406 388 35 befattningshavarna.
1267 2406 389 35 Departementschefen
1680 2406 63 30 har
1767 2406 12 30 i

280 2457 111 31 likhet
430 2456 77 31 med
546 2458 250 30 statskontoret
835 2458 63 30 och
936 2458 180 30 allmänna
1155 2457 374 36 civilförvaltningens
1567 2456 211 32 lönenämnd

280 2509 123 30 biträtt
427 2508 66 31 den
517 2518 43 21 av
586 2509 40 31 de
649 2509 243 36 sakkunnigas
916 2509 207 31 ordförande
1147 2509 156 31 uttalade
1327 2509 285 36 uppfattningen.
