1922 2854
521 147 113 29 Första
657 147 223 35 lagutskottets
902 146 165 30 utlåtande
1090 147 48 29 Nr
1163 146 50 32 42.
1603 146 20 30 5

114 246 117 27 genom
261 234 437 39 tillfällighetsförsäljning
726 234 80 32 ville
835 238 138 34 avyttra
999 246 109 26 varor,
1139 246 69 20 som
1238 234 53 32 till
1321 233 85 39 följd
1436 245 41 20 av
1506 232 114 33 haveri

112 285 80 32 eller
208 285 159 32 liknande
384 285 179 38 anledning
581 285 80 32 eller
678 286 11 31 i
708 288 102 29 annat
828 284 92 39 syfte
939 290 42 27 än
999 284 440 38 tillfällighetsförsäljning
1461 283 84 32 förts
1567 283 54 32 till

114 335 327 38 försäljningsorten.

161 410 253 39 Propositionen
449 411 145 32 innehöll
618 411 11 31 i
653 411 112 38 övrigt
787 411 92 32 vissa
903 411 53 32 för
979 410 360 39 kringföringshandel
1363 409 60 33 och
1446 409 170 38 tillfällig-

115 462 280 38 hetsförsäljning
420 474 245 26 gemensamma
689 461 260 33 bestämmelser.
1000 460 151 33 Sålunda
1176 461 176 39 föreslogs,
1377 461 11 31 i
1414 460 107 32 likhet
1547 460 73 32 med

113 512 157 38 gällande
291 516 78 36 rätt,
388 517 51 28 att
457 512 155 33 tillstånd
631 513 54 32 till
702 512 360 39 kringföringshandel
1081 512 80 32 eller
1179 511 439 39 tillfällighetsförsäljning

114 563 111 32 kunde
248 563 182 33 återkallas
452 568 60 27 när
535 563 181 39 anledning
739 563 116 32 därtill
878 563 213 32 förekomme.
1137 562 127 33 Vidare
1287 562 146 32 innehöll
1456 561 164 39 förslaget

114 614 102 32 bland
243 617 103 29 annat
371 626 39 20 en
435 614 230 33 bestämmelse
691 618 51 28 att
767 613 267 33 tillståndsbevis
1061 613 109 33 skulle
1195 625 42 20 av
1261 613 244 32 vederbörande
1532 612 86 32 med-

116 664 91 33 föras
235 665 60 32 och
320 665 57 32 vid
404 665 182 32 anfordran
612 665 163 39 uppvisas
803 669 156 28 ävensom
984 664 92 32 vissa
1104 664 356 32 straffbestämmelser
1487 664 59 32 och
1572 666 48 29 ett

115 715 187 38 stadgande
326 727 51 20 om
401 719 68 28 rätt
493 715 53 32 för
569 715 184 39 åklagaren
776 718 51 29 att
849 715 186 32 verkställa
1056 715 127 38 beslag.

159 816 121 32 Första
306 816 221 38 lagutskottet
550 816 208 32 behandlade
783 816 219 32 förenämnda
1026 815 207 39 proposition
1258 815 60 32 och
1342 815 38 32 de
1404 815 11 31 i
1440 814 180 38 anledning

116 867 104 32 därav
243 867 122 32 väckta
389 867 203 32 motionerna
615 867 11 31 i
650 867 137 38 avgivet
808 867 174 32 utlåtande
1006 879 39 19 nr
1069 868 52 32 20.
1167 866 174 32 Utskottet
1363 865 159 33 framhöll
1547 865 72 32 där-

114 918 68 39 vid,
206 918 102 32 bland
330 921 111 36 annat,
467 921 50 29 att
540 918 165 38 förslaget
728 918 123 38 avsåge
876 921 51 29 att
951 917 148 39 alltjämt
1122 917 202 38 möjliggöra
1348 917 53 32 för
1424 916 195 38 länsstyrel-

115 980 96 20 serna
232 972 51 29 att
306 968 152 39 fullfölja
481 969 51 32 sin
554 968 241 33 förutvarande
818 968 195 32 restriktiva
1035 968 123 38 politik
1179 971 168 35 gentemot
1368 967 61 32 den
1450 967 170 38 egentliga

116 1031 25 20 s.
170 1018 32 33 k.
231 1019 301 38 gårdfarihandeln
559 1019 10 31 i
598 1019 92 32 äldre
719 1019 134 38 mening
881 1031 73 20 men
982 1019 177 38 samtidigt
1187 1018 124 38 avsåge
1339 1021 50 29 att
1417 1017 72 32 icke
1517 1018 103 38 lägga

115 1069 117 32 alltför
253 1073 91 29 stora
364 1069 117 32 hinder
500 1070 12 31 i
532 1074 107 33 vägen
659 1070 54 32 för
732 1070 66 31 vad
818 1081 75 20 man
913 1069 109 32 kallat
1043 1069 62 32 den
1127 1069 157 32 moderna
1303 1068 315 39 kringföringshan-

116 1120 84 38 deln,
225 1120 31 33 d.
278 1133 32 19 v.
334 1132 24 20 s.
381 1120 62 32 den
465 1120 121 32 handel
609 1132 69 20 som
700 1120 150 32 brukade
873 1120 57 32 ske
952 1120 44 38 på
1020 1119 54 33 det
1096 1123 70 29 sätt
1187 1123 51 28 att
1259 1119 288 38 affärsföretagen
1568 1122 51 29 ut-

115 1170 102 32 sände
242 1170 189 39 försäljare,
455 1170 93 33 vilka
571 1171 11 31 i
607 1170 182 33 automobil
812 1170 171 32 medförde
1007 1170 39 32 de
1070 1170 192 32 saluhållna
1283 1181 153 21 varorna.
1483 1169 136 33 Utskot-

114 1224 48 29 tet
185 1221 152 32 erinrade
361 1221 176 39 samtidigt
561 1221 114 32 därom
699 1224 50 29 att
773 1221 107 32 denna
903 1220 87 33 form
1014 1232 40 20 av
1078 1220 359 39 kringföringshandel
1461 1220 158 32 obestrid-

115 1272 89 38 ligen
231 1272 81 32 fölle
337 1271 104 32 under
468 1271 38 33 de
531 1271 157 39 gällande
713 1271 294 33 bestämmelserna
1033 1271 59 32 och
1120 1271 129 32 således
1275 1271 101 32 redan
1401 1282 77 21 vore
1502 1270 117 32 under-

115 1322 122 32 kastad
263 1322 289 39 tillståndstvång.
600 1322 52 32 En
678 1334 110 20 annan
814 1322 62 32 sak
900 1333 88 29 vore,
1015 1325 51 29 att
1091 1333 77 20 man
1193 1322 12 31 i
1230 1321 180 39 praktiken
1436 1333 69 21 som
1531 1321 89 38 regel

115 1373 73 32 icke
216 1376 115 35 syntes
358 1373 44 32 ha
429 1373 154 38 påkallat
609 1373 219 38 tillämpning
856 1384 41 20 av
925 1373 97 32 dessa
1048 1372 250 32 bestämmelser
1326 1373 19 31 å
1375 1372 61 32 den
1465 1372 155 32 moderna

115 1423 390 38 kringföringshandeln.
555 1423 174 32 Utskottet
756 1423 140 32 anförde
925 1423 157 39 därefter,
1111 1426 52 29 att
1188 1422 166 33 utskottet
1378 1423 99 38 hyste
1504 1422 117 32 starka

115 1473 268 39 betänkligheter
413 1477 68 28 mot
509 1473 164 38 förslaget
703 1477 51 28 att
782 1473 112 32 införa
924 1473 281 38 tillståndstvång
1233 1473 127 38 jämväl
1388 1473 53 32 för
1468 1473 151 38 kringfö-

115 1523 217 38 ringshandel
352 1523 88 33 inom
461 1523 168 33 hemorten
651 1524 60 32 och
732 1524 62 31 den
815 1528 61 35 ort,
897 1524 60 31 där
978 1523 169 32 sökanden
1170 1523 110 32 driver
1301 1523 71 32 fast
1391 1523 131 32 handel.
1553 1523 68 32 Det

115 1577 115 36 syntes
259 1579 82 27 även
368 1574 218 38 tvivelaktigt
612 1586 52 20 om
692 1586 76 20 man
797 1574 193 38 därigenom
1018 1574 109 32 såsom
1154 1577 126 29 avsetts
1307 1573 110 32 kunde
1443 1577 177 28 nämnvärt

113 1624 141 33 inverka
276 1625 44 38 på
341 1624 177 33 bettleriet.
563 1620 33 36 Å
620 1624 105 32 andra
747 1624 97 32 sidan
868 1624 109 32 skulle
1000 1624 166 38 förslaget
1187 1624 159 32 innebära
1369 1635 39 21 en
1430 1624 189 38 betydande

115 1675 176 39 olägenhet
318 1674 53 33 för
395 1675 215 38 vederhäftig
636 1674 309 39 platsförsäljning.
994 1674 225 33 Beträffande
1248 1674 39 32 de
1315 1674 152 33 formella
1494 1674 125 32 kraven

114 1726 43 38 på
182 1725 149 33 ansökan
355 1725 73 32 med
452 1737 90 20 mera
567 1725 184 33 framstode
777 1725 108 32 såsom
911 1737 39 20 en
974 1725 169 38 väsentlig
1167 1725 187 39 skärpning
1379 1725 38 32 de
1442 1737 68 27 nya
1535 1725 84 32 före-

114 1776 186 32 skrifterna
322 1776 170 38 angående
513 1776 243 38 godkännande
780 1788 42 20 av
844 1776 178 38 försäljare
1044 1779 87 29 samt
1152 1775 205 33 utfärdande
1380 1776 53 32 för
1454 1776 92 38 varje
1569 1777 50 31 så-

114 1826 65 32 dan
205 1838 42 21 av
271 1830 49 28 ett
345 1826 139 32 särskilt
507 1826 103 39 bevis,
635 1827 122 32 försett
781 1826 72 32 med
880 1826 177 38 fotografi.
1104 1826 111 32 Dessa
1238 1826 248 33 bestämmelser
1511 1826 108 33 skulle

114 1877 107 38 enligt
247 1876 181 33 utskottets
456 1877 133 38 mening
615 1877 161 32 innebära
801 1876 190 38 betydande
1017 1877 223 38 olägenheter,
1266 1877 116 32 varför
1408 1877 143 38 ändring
1578 1889 42 20 av

115 1927 165 38 förslaget
299 1927 11 31 i
331 1927 106 32 denna
458 1927 51 32 del
528 1928 12 30 i
559 1927 63 31 allt
641 1927 64 32 fall
723 1939 78 20 vore
820 1927 203 38 nödvändig.
1065 1926 175 33 Utskottet
1258 1927 115 38 gjorde
1392 1927 115 32 vidare
1527 1927 91 32 vissa

114 1977 248 38 invändningar
392 1981 67 28 mot
488 1977 61 32 den
579 1977 11 31 i
622 1977 165 37 förslaget
815 1976 209 33 verkställda
1053 1977 259 38 uppräkningen
1343 1989 41 20 av
1412 1989 107 28 varor,
1549 1990 70 19 som

114 2027 109 32 skulle
251 2027 37 32 få
316 2027 78 32 fritt
420 2027 206 38 kringföras.
678 2026 168 39 Slutligen
874 2027 103 31 funne
1005 2027 166 32 utskottet
1198 2027 206 39 omotiverat,
1433 2031 50 28 att
1510 2031 106 29 rätten

115 2081 50 29 att
195 2077 155 33 använda
379 2077 277 32 hemmavarande
686 2077 84 32 barn
800 2078 109 31 såsom
940 2077 130 32 biträde
1099 2077 59 32 vid
1188 2077 243 39 kringförande
1462 2090 41 20 av
1532 2079 86 31 hem-

114 2128 118 38 slöjds-
256 2128 59 32 och
338 2127 287 33 hantverksalster
649 2127 195 33 inskränkts
869 2128 53 31 till
947 2131 50 28 att
1019 2128 93 38 gälla
1133 2128 120 32 endast
1274 2128 82 32 barn
1379 2128 104 32 under
1507 2130 40 31 16
1571 2129 47 31 år.

114 2178 174 32 Utskottet
313 2178 203 39 förklarade,
541 2181 50 29 att
614 2178 165 32 utskottet
804 2178 43 38 på
872 2178 109 38 grund
1006 2190 41 20 av
1071 2171 144 39 anförda
1238 2179 284 38 omständigheter
1546 2179 73 32 icke

113 2228 111 33 kunde
248 2228 52 32 till
324 2228 188 38 antagande
536 2228 135 32 förorda
693 2228 264 38 ifrågavarande
978 2228 191 38 lagförslag
1191 2229 10 31 i
1223 2229 65 31 vad
1313 2229 54 32 det
1389 2229 94 32 rörde
1505 2229 114 38 kring-

115 2278 265 38 föringshandel.
424 2278 113 32 Under
559 2278 127 32 sådana
710 2278 233 32 förhållanden
967 2282 114 34 syntes
1107 2279 54 31 det
1183 2279 72 32 icke
1278 2279 103 32 heller
1403 2279 113 32 kunna
1537 2280 82 31 ifrå-

114 2332 153 33 gasättas
301 2331 50 29 att
382 2328 195 37 genomföra
610 2328 143 32 allenast
786 2328 38 31 de
857 2328 171 38 angående
1061 2328 439 38 tillfällighetsförsäljning
1533 2330 84 31 före-

114 2378 120 37 slagna
254 2378 257 33 bestämmelser.
555 2378 174 31 Utskottet
748 2378 176 37 avstyrkte
945 2378 142 31 sålunda
1105 2379 248 37 propositionen
1372 2379 10 31 i
1403 2379 74 32 dess
1497 2379 121 32 helhet.

158 2428 68 32 Vid
251 2428 180 32 utskottets
457 2427 174 32 utlåtande
656 2428 121 32 funnos
805 2428 121 37 fogade
952 2428 57 31 två
1034 2430 250 30 reservationer.
