2172 2622
736 203 212 39 Lagutskottets
971 205 149 28 utlåtande
1143 204 46 27 Nr
1211 206 48 27 70.
1785 201 13 28 1

889 578 67 41 Nr
989 578 86 41 70.

815 737 107 24 Ankom
942 736 42 24 till
1003 736 155 31 riksdagens
1177 735 86 25 kansli
1283 735 48 25 den
1353 736 29 24 31
1404 736 49 31 maj
1475 735 67 24 1918
1560 735 36 24 kl.
1618 736 30 23 12
1668 743 32 16 m.

403 875 197 35 Utlåtande
627 874 15 34 i
669 873 205 45 anledning
902 884 45 24 av
974 872 141 46 Kungl.
1143 872 135 46 Maj:ts
1299 872 234 45 proposition
1560 872 80 35 med
1656 869 147 48 förslag

597 940 56 35 till
680 940 59 46 lag
768 951 55 23 om
851 939 151 35 ändrad
1029 939 131 46 lydelse
1187 950 45 24 av
1259 938 60 43 10,
1348 938 59 43 13,
1432 939 51 34 15
1500 938 62 35 och
1581 938 49 35 34
1647 935 49 46 $$
1714 938 16 34 i
1750 937 53 35 la-

593 1019 71 35 gen
692 1018 55 24 om
776 1006 263 46 arbetarskydd
1067 1006 70 35 den
1163 1005 51 34 29
1233 1005 97 47 juni
1357 1005 109 35 1912.

396 1158 215 28 Närvarande:
642 1154 108 31 herrar
781 1143 184 42 Pettersson
988 1153 9 30 i
1021 1153 187 41 Södertälje,
1232 1152 134 32 Persson
1390 1153 10 30 i
1425 1152 214 41 Norrköping,
1663 1151 140 40 Stärner,

531 1196 161 41 Rogberg,
716 1206 96 30 greve
828 1195 112 41 Spens,
954 1195 112 31 Alfred
1083 1195 118 32 Petrén
1213 1195 26 36 ",
1256 1195 220 37 Permansson,
1493 1194 192 41 Tengvall”,
1704 1194 100 31 Frän-

532 1239 69 38 dén,
633 1238 167 40 Lindqvist
822 1238 10 30 i
856 1237 109 37 Kosta,
998 1237 98 31 Erost
1126 1237 147 41 Lindley,
1304 1237 95 34 Strid,
1433 1236 181 32 Andersson
1648 1236 10 30 i
1692 1236 112 41 Knäp-

530 1280 132 42 pinge",
685 1279 164 33 Johanson
874 1281 10 29 i
907 1279 110 32 Gäre?
1040 1282 57 29 och
1120 1279 256 41 Hammarskjöld
1387 1280 26 31 ”.

531 1343 12 13 +x
563 1341 30 31 Ej
615 1342 165 23 närvarande
798 1341 45 23 vid
861 1339 161 26 utlåtandets
1038 1340 138 31 justering.

296 1477 142 37 Genom
466 1490 44 23 en
539 1476 71 36 den
639 1478 45 34 26
713 1477 94 47 april
839 1478 94 34 1918
962 1475 231 47 dagtecknad
1222 1476 245 47 proposition,
1496 1488 44 22 nr
1568 1476 84 42 380,
1680 1476 124 35 vilken

194 1529 188 35 hänvisats
409 1529 57 35 till
492 1528 254 47 lagutskottet,
772 1527 66 35 har
866 1526 135 48 Kungl.
1030 1525 117 48 Maj:t,
1177 1526 118 35 under
1323 1526 232 48 åberopande
1574 1539 44 23 av
1636 1528 169 46 proposi-

194 1580 126 35 tionen
357 1578 159 48 bilagda,
545 1580 12 33 i
585 1577 196 37 statsrådet
817 1578 68 35 och
923 1576 167 48 lagrådet
1117 1577 123 35 hållna
1267 1577 197 48 protokoll,
1493 1576 191 49 föreslagit
1711 1577 93 35 riks-

195 1629 118 48 dagen
341 1635 54 29 att
422 1634 132 42 antaga
581 1629 66 35 här
674 1627 120 36 nedan
822 1629 152 46 intagna
1001 1626 138 49 förslag
1166 1628 56 35 till
1250 1628 62 47 lag
1338 1640 60 23 om
1428 1627 138 36 ändrad
1593 1627 140 49 lydelse
1761 1640 44 22 av

197 1681 57 42 10,
286 1682 57 44 13,
375 1681 44 34 15
448 1679 67 36 och
545 1681 45 33 34
618 1675 39 49 $$
684 1680 12 34 i
723 1680 109 46 lagen
861 1691 59 23 om
949 1678 266 48 arbetarskydd
1244 1678 71 36 den
1344 1680 45 34 29
1415 1679 85 47 juni
1532 1680 105 34 1912.

295 1780 237 36 Beträffande
568 1780 44 35 de
648 1780 90 43 skäl,
775 1792 80 23 som
894 1781 100 46 ligga
1020 1780 58 34 till
1105 1778 123 49 grund
1257 1778 58 37 för
1342 1778 281 48 ifrågavarande
1650 1778 151 48 förslag,

198 1830 57 36 får
294 1832 184 34 utskottet
505 1831 152 35 hänvisa
685 1831 57 34 till
772 1831 287 46 propositionen.

300 1931 189 36 Utskottet
516 1932 66 34 har
610 1930 63 36 vid
699 1931 230 47 granskning
956 1944 42 22 av
1026 1930 176 47 förslaget
1233 1935 121 31 ansett
1382 1931 56 47 sig
1465 1932 11 33 i
1504 1931 116 35 likhet
1648 1930 85 36 med
1760 1943 46 22 en

195 1982 163 36 ledamot
385 1994 44 23 av
456 1980 166 49 lagrådet
649 1982 80 35 icke
748 1982 126 34 kunna
892 1982 189 48 tillstyrka
1102 1981 70 35 den
1191 1980 211 49 föreslagna
1421 1981 204 48 ändringen
1645 1994 43 22 av
1710 1982 46 35 10
1775 1978 29 48 $;

196 2033 55 43 då,
272 2032 97 36 efter
389 2033 198 35 utskottets
615 2032 162 48 mening,
806 2031 101 36 detta
925 2033 146 46 lagrum
1090 2032 13 35 i
1123 2033 56 34 sin
1200 2031 214 36 nuvarande
1442 2031 140 49 lydelse
1605 2030 201 37 innefattar

196 2083 213 47 skyldighet
436 2082 58 36 för
521 2082 246 48 arbetsgivare
794 2087 54 30 att
876 2083 122 35 lämna
1026 2082 70 35 den
1125 2081 247 49 minderårige
1399 2082 220 48 erforderlig
1641 2082 165 48 ledighet

196 2132 57 37 för
280 2132 221 49 deltagande
528 2133 96 35 såväl
653 2133 12 35 i
694 2132 316 48 undervisningen
1040 2134 10 34 i
1071 2132 332 48 ersättningsskola
1427 2145 77 23 som
1524 2133 12 35 i
1554 2132 250 50 yrkesunder-

195 2185 149 46 visning
380 2196 44 22 av
461 2184 113 34 vilket
609 2184 79 47 slag
716 2182 63 36 det
815 2196 87 22 vara
937 2186 70 32 må.
1063 2183 15 35 I
1115 2183 120 48 övrigt
1271 2183 66 35 har
1364 2184 182 35 utskottet
1573 2184 78 35 icke
1680 2183 127 35 funnit

199 2234 76 35 skäl
304 2235 57 34 till
390 2234 246 47 anmärkning
662 2238 79 31 mot
769 2232 188 49 förslaget.

281 2292 116 38 Bihang
420 2292 43 28 till
484 2291 170 38 riksdagens
670 2291 150 38 protokoll
845 2291 90 30 1918.
982 2292 18 28 9
1021 2292 82 28 saml.
1147 2292 41 27 52
1209 2291 74 36 häft.
1331 2291 61 36 (Nr
1416 2292 66 34 70)
1747 2290 18 29 1
