<?xml version="1.0" encoding="UTF-8"?>
<alto xmlns="http://www.loc.gov/standards/alto/ns-v3#" xmlns:xlink="http://www.w3.org/1999/xlink" xmlns:xsi="http://www.w3.org/2001/XMLSchema-instance" xsi:schemaLocation="http://www.loc.gov/standards/alto/ns-v3# http://www.loc.gov/alto/v3/alto-3-0.xsd">
	<Description>
		<MeasurementUnit>pixel</MeasurementUnit>
		<sourceImageInformation>
			<fileName>/tmp/tess_3zhufgud_input.PNG</fileName>
		</sourceImageInformation>
		<OCRProcessing ID="OCR_0">
			<ocrProcessingStep>
				<processingSoftware>
					<softwareName>tesseract 5.3.0</softwareName>
				</processingSoftware>
			</ocrProcessingStep>
		</OCRProcessing>
	</Description>
	<Layout>
		<Page WIDTH="2216" HEIGHT="2686" PHYSICAL_IMG_NR="0" ID="page_0">
			<PrintSpace HPOS="0" VPOS="0" WIDTH="2216" HEIGHT="2686">
				<ComposedBlock ID="cblock_0" HPOS="452" VPOS="157" WIDTH="1055" HEIGHT="34">
					<TextBlock ID="block_0" HPOS="452" VPOS="157" WIDTH="1055" HEIGHT="34">
						<TextLine ID="line_0" HPOS="452" VPOS="157" WIDTH="1055" HEIGHT="34">
							<String ID="string_0" HPOS="452" VPOS="158" WIDTH="61" HEIGHT="32" WC="0.95" CONTENT="224"/><SP WIDTH="398" VPOS="158" HPOS="513"/>
							<String ID="string_1" HPOS="911" VPOS="157" WIDTH="253" HEIGHT="33" WC="0.89" CONTENT="Statsutskottets"/><SP WIDTH="32" VPOS="157" HPOS="1164"/>
							<String ID="string_2" HPOS="1196" VPOS="157" WIDTH="172" HEIGHT="34" WC="0.95" CONTENT="Utlåtande"/><SP WIDTH="22" VPOS="157" HPOS="1368"/>
							<String ID="string_3" HPOS="1390" VPOS="158" WIDTH="64" HEIGHT="33" WC="0.95" CONTENT="N:o"/><SP WIDTH="26" VPOS="158" HPOS="1454"/>
							<String ID="string_4" HPOS="1480" VPOS="162" WIDTH="27" HEIGHT="29" WC="0.95" CONTENT="6."/>
						</TextLine>
					</TextBlock>
				</ComposedBlock>
				<ComposedBlock ID="cblock_1" HPOS="395" VPOS="244" WIDTH="1605" HEIGHT="2046">
					<TextBlock ID="block_1" HPOS="406" VPOS="244" WIDTH="1594" HEIGHT="368">
						<TextLine ID="line_1" HPOS="410" VPOS="244" WIDTH="1589" HEIGHT="53">
							<String ID="string_5" HPOS="410" VPOS="244" WIDTH="225" HEIGHT="51" WC="0.96" CONTENT="kraftigaste"/><SP WIDTH="43" VPOS="244" HPOS="635"/>
							<String ID="string_6" HPOS="678" VPOS="244" WIDTH="235" HEIGHT="51" WC="0.96" CONTENT="krigsfartyg"/><SP WIDTH="41" VPOS="244" HPOS="913"/>
							<String ID="string_7" HPOS="954" VPOS="244" WIDTH="126" HEIGHT="38" WC="0.96" CONTENT="kunde"/><SP WIDTH="42" VPOS="244" HPOS="1080"/>
							<String ID="string_8" HPOS="1122" VPOS="259" WIDTH="156" HEIGHT="37" WC="0.96" CONTENT="passera"/><SP WIDTH="41" VPOS="259" HPOS="1278"/>
							<String ID="string_9" HPOS="1319" VPOS="244" WIDTH="37" HEIGHT="38" WC="0.96" CONTENT="in"/><SP WIDTH="39" VPOS="244" HPOS="1356"/>
							<String ID="string_10" HPOS="1395" VPOS="249" WIDTH="48" HEIGHT="47" WC="0.96" CONTENT="på"/><SP WIDTH="35" VPOS="249" HPOS="1443"/>
							<String ID="string_11" HPOS="1478" VPOS="245" WIDTH="233" HEIGHT="39" WC="0.96" CONTENT="Karlskrona"/><SP WIDTH="29" VPOS="245" HPOS="1711"/>
							<String ID="string_12" HPOS="1740" VPOS="246" WIDTH="93" HEIGHT="38" WC="0.96" CONTENT="redd"/><SP WIDTH="28" VPOS="246" HPOS="1833"/>
							<String ID="string_13" HPOS="1861" VPOS="260" WIDTH="138" HEIGHT="37" WC="0.96" CONTENT="genom"/>
						</TextLine>
						<TextLine ID="line_2" HPOS="408" VPOS="297" WIDTH="1591" HEIGHT="53">
							<String ID="string_14" HPOS="408" VPOS="303" WIDTH="158" HEIGHT="44" WC="0.96" CONTENT="rännan,"/><SP WIDTH="42" VPOS="303" HPOS="566"/>
							<String ID="string_15" HPOS="608" VPOS="298" WIDTH="196" HEIGHT="37" WC="0.96" CONTENT="hvaremot"/><SP WIDTH="41" VPOS="298" HPOS="804"/>
							<String ID="string_16" HPOS="845" VPOS="297" WIDTH="53" HEIGHT="37" WC="0.95" CONTENT="till"/><SP WIDTH="44" VPOS="297" HPOS="898"/>
							<String ID="string_17" HPOS="942" VPOS="297" WIDTH="222" HEIGHT="39" WC="0.96" CONTENT="Stockholm"/><SP WIDTH="42" VPOS="297" HPOS="1164"/>
							<String ID="string_18" HPOS="1206" VPOS="298" WIDTH="134" HEIGHT="38" WC="0.96" CONTENT="endast"/><SP WIDTH="41" VPOS="298" HPOS="1340"/>
							<String ID="string_19" HPOS="1381" VPOS="299" WIDTH="125" HEIGHT="37" WC="0.96" CONTENT="kunde"/><SP WIDTH="40" VPOS="299" HPOS="1506"/>
							<String ID="string_20" HPOS="1546" VPOS="299" WIDTH="177" HEIGHT="49" WC="0.96" CONTENT="intränga"/><SP WIDTH="32" VPOS="299" HPOS="1723"/>
							<String ID="string_21" HPOS="1755" VPOS="299" WIDTH="131" HEIGHT="51" WC="0.96" CONTENT="fartyg"/><SP WIDTH="28" VPOS="299" HPOS="1886"/>
							<String ID="string_22" HPOS="1914" VPOS="300" WIDTH="85" HEIGHT="37" WC="0.96" CONTENT="med"/>
						</TextLine>
						<TextLine ID="line_3" HPOS="407" VPOS="351" WIDTH="1593" HEIGHT="52">
							<String ID="string_23" HPOS="407" VPOS="351" WIDTH="119" HEIGHT="50" WC="0.96" CONTENT="högst"/><SP WIDTH="42" VPOS="351" HPOS="526"/>
							<String ID="string_24" HPOS="568" VPOS="353" WIDTH="52" HEIGHT="47" WC="0.95" CONTENT="7,5"/><SP WIDTH="33" VPOS="353" HPOS="620"/>
							<String ID="string_25" HPOS="653" VPOS="356" WIDTH="138" HEIGHT="33" WC="0.96" CONTENT="meters"/><SP WIDTH="34" VPOS="356" HPOS="791"/>
							<String ID="string_26" HPOS="825" VPOS="351" WIDTH="251" HEIGHT="50" WC="0.93" CONTENT="djupgående."/><SP WIDTH="56" VPOS="351" HPOS="1076"/>
							<String ID="string_27" HPOS="1132" VPOS="351" WIDTH="58" HEIGHT="38" WC="0.95" CONTENT="Då"/><SP WIDTH="41" VPOS="351" HPOS="1190"/>
							<String ID="string_28" HPOS="1231" VPOS="352" WIDTH="196" HEIGHT="38" WC="0.95" CONTENT="dessutom"/><SP WIDTH="36" VPOS="352" HPOS="1427"/>
							<String ID="string_29" HPOS="1463" VPOS="352" WIDTH="236" HEIGHT="38" WC="0.96" CONTENT="Karlskrona"/><SP WIDTH="28" VPOS="352" HPOS="1699"/>
							<String ID="string_30" HPOS="1727" VPOS="366" WIDTH="91" HEIGHT="24" WC="0.95" CONTENT="vore"/><SP WIDTH="30" VPOS="366" HPOS="1818"/>
							<String ID="string_31" HPOS="1848" VPOS="352" WIDTH="152" HEIGHT="51" WC="0.96" CONTENT="beläget"/>
						</TextLine>
						<TextLine ID="line_4" HPOS="407" VPOS="404" WIDTH="1591" HEIGHT="51">
							<String ID="string_32" HPOS="407" VPOS="404" WIDTH="105" HEIGHT="38" WC="0.95" CONTENT="invid"/><SP WIDTH="41" VPOS="404" HPOS="512"/>
							<String ID="string_33" HPOS="553" VPOS="404" WIDTH="131" HEIGHT="37" WC="0.96" CONTENT="hafvet"/><SP WIDTH="42" VPOS="404" HPOS="684"/>
							<String ID="string_34" HPOS="726" VPOS="404" WIDTH="70" HEIGHT="38" WC="0.96" CONTENT="och"/><SP WIDTH="40" VPOS="404" HPOS="796"/>
							<String ID="string_35" HPOS="836" VPOS="404" WIDTH="82" HEIGHT="37" WC="0.96" CONTENT="icke"/><SP WIDTH="44" VPOS="404" HPOS="918"/>
							<String ID="string_36" HPOS="962" VPOS="407" WIDTH="124" HEIGHT="35" WC="0.95" CONTENT="såsom"/><SP WIDTH="30" VPOS="407" HPOS="1086"/>
							<String ID="string_37" HPOS="1116" VPOS="404" WIDTH="221" HEIGHT="38" WC="0.95" CONTENT="Stockholm"/><SP WIDTH="29" VPOS="404" HPOS="1337"/>
							<String ID="string_38" HPOS="1366" VPOS="405" WIDTH="70" HEIGHT="37" WC="0.96" CONTENT="och"/><SP WIDTH="29" VPOS="405" HPOS="1436"/>
							<String ID="string_39" HPOS="1465" VPOS="405" WIDTH="315" HEIGHT="50" WC="0.96" CONTENT="befästningarna"/><SP WIDTH="27" VPOS="405" HPOS="1780"/>
							<String ID="string_40" HPOS="1807" VPOS="406" WIDTH="64" HEIGHT="37" WC="0.93" CONTENT="vid"/><SP WIDTH="29" VPOS="406" HPOS="1871"/>
							<String ID="string_41" HPOS="1900" VPOS="406" WIDTH="98" HEIGHT="37" WC="0.92" CONTENT="Vax-"/>
						</TextLine>
						<TextLine ID="line_5" HPOS="406" VPOS="457" WIDTH="1592" HEIGHT="51">
							<String ID="string_42" HPOS="406" VPOS="457" WIDTH="104" HEIGHT="38" WC="0.96" CONTENT="holm"/><SP WIDTH="43" VPOS="457" HPOS="510"/>
							<String ID="string_43" HPOS="553" VPOS="457" WIDTH="71" HEIGHT="37" WC="0.92" CONTENT="och"/><SP WIDTH="42" VPOS="457" HPOS="624"/>
							<String ID="string_44" HPOS="666" VPOS="457" WIDTH="410" HEIGHT="50" WC="0.59" CONTENT="Oscar-Fredriksborg"/><SP WIDTH="41" VPOS="457" HPOS="1076"/>
							<String ID="string_45" HPOS="1117" VPOS="457" WIDTH="186" HEIGHT="50" WC="0.91" CONTENT="omgifvet"/><SP WIDTH="41" VPOS="457" HPOS="1303"/>
							<String ID="string_46" HPOS="1344" VPOS="458" WIDTH="41" HEIGHT="37" WC="0.96" CONTENT="af"/><SP WIDTH="38" VPOS="458" HPOS="1385"/>
							<String ID="string_47" HPOS="1423" VPOS="472" WIDTH="47" HEIGHT="23" WC="0.96" CONTENT="en"/><SP WIDTH="41" VPOS="472" HPOS="1470"/>
							<String ID="string_48" HPOS="1511" VPOS="458" WIDTH="92" HEIGHT="38" WC="0.96" CONTENT="bred"/><SP WIDTH="39" VPOS="458" HPOS="1603"/>
							<String ID="string_49" HPOS="1642" VPOS="459" WIDTH="195" HEIGHT="49" WC="0.96" CONTENT="skärgård,"/><SP WIDTH="31" VPOS="459" HPOS="1837"/>
							<String ID="string_50" HPOS="1868" VPOS="464" WIDTH="130" HEIGHT="44" WC="0.96" CONTENT="syntes"/>
						</TextLine>
						<TextLine ID="line_6" HPOS="406" VPOS="510" WIDTH="1592" HEIGHT="51">
							<String ID="string_51" HPOS="406" VPOS="511" WIDTH="110" HEIGHT="37" WC="0.96" CONTENT="faran"/><SP WIDTH="28" VPOS="511" HPOS="516"/>
							<String ID="string_52" HPOS="544" VPOS="510" WIDTH="61" HEIGHT="37" WC="0.96" CONTENT="för"/><SP WIDTH="27" VPOS="510" HPOS="605"/>
							<String ID="string_53" HPOS="632" VPOS="514" WIDTH="55" HEIGHT="33" WC="0.96" CONTENT="ett"/><SP WIDTH="24" VPOS="514" HPOS="687"/>
							<String ID="string_54" HPOS="711" VPOS="510" WIDTH="303" HEIGHT="50" WC="0.93" CONTENT="framgångsrikt"/><SP WIDTH="29" VPOS="510" HPOS="1014"/>
							<String ID="string_55" HPOS="1043" VPOS="510" WIDTH="472" HEIGHT="51" WC="0.91" CONTENT="öfverrumplingsföretag"/><SP WIDTH="29" VPOS="510" HPOS="1515"/>
							<String ID="string_56" HPOS="1544" VPOS="517" WIDTH="79" HEIGHT="32" WC="0.96" CONTENT="mot"/><SP WIDTH="29" VPOS="517" HPOS="1623"/>
							<String ID="string_57" HPOS="1652" VPOS="512" WIDTH="236" HEIGHT="38" WC="0.95" CONTENT="Karlskrona"/><SP WIDTH="22" VPOS="512" HPOS="1888"/>
							<String ID="string_58" HPOS="1910" VPOS="526" WIDTH="88" HEIGHT="25" WC="0.95" CONTENT="vara"/>
						</TextLine>
						<TextLine ID="line_7" HPOS="406" VPOS="562" WIDTH="781" HEIGHT="50">
							<String ID="string_59" HPOS="406" VPOS="563" WIDTH="192" HEIGHT="49" WC="0.96" CONTENT="betydligt"/><SP WIDTH="27" VPOS="563" HPOS="598"/>
							<String ID="string_60" HPOS="625" VPOS="568" WIDTH="119" HEIGHT="32" WC="0.96" CONTENT="större"/><SP WIDTH="30" VPOS="568" HPOS="744"/>
							<String ID="string_61" HPOS="774" VPOS="568" WIDTH="46" HEIGHT="32" WC="0.96" CONTENT="än"/><SP WIDTH="29" VPOS="568" HPOS="820"/>
							<String ID="string_62" HPOS="849" VPOS="568" WIDTH="79" HEIGHT="32" WC="0.96" CONTENT="mot"/><SP WIDTH="28" VPOS="568" HPOS="928"/>
							<String ID="string_63" HPOS="956" VPOS="562" WIDTH="231" HEIGHT="38" WC="0.96" CONTENT="Stockholm."/>
						</TextLine>
					</TextBlock>
					<TextBlock ID="block_2" HPOS="403" VPOS="616" WIDTH="1594" HEIGHT="195">
						<TextLine ID="line_8" HPOS="510" VPOS="616" WIDTH="1487" HEIGHT="52">
							<String ID="string_64" HPOS="510" VPOS="616" WIDTH="52" HEIGHT="37" WC="0.96" CONTENT="På"/><SP WIDTH="40" VPOS="616" HPOS="562"/>
							<String ID="string_65" HPOS="602" VPOS="616" WIDTH="121" HEIGHT="50" WC="0.95" CONTENT="grund"/><SP WIDTH="41" VPOS="616" HPOS="723"/>
							<String ID="string_66" HPOS="764" VPOS="616" WIDTH="113" HEIGHT="37" WC="0.95" CONTENT="häraf"/><SP WIDTH="39" VPOS="616" HPOS="877"/>
							<String ID="string_67" HPOS="916" VPOS="621" WIDTH="131" HEIGHT="45" WC="0.93" CONTENT="syntes"/><SP WIDTH="40" VPOS="621" HPOS="1047"/>
							<String ID="string_68" HPOS="1087" VPOS="616" WIDTH="181" HEIGHT="37" WC="0.92" CONTENT="behofvet"/><SP WIDTH="42" VPOS="616" HPOS="1268"/>
							<String ID="string_69" HPOS="1310" VPOS="616" WIDTH="42" HEIGHT="37" WC="0.96" CONTENT="af"/><SP WIDTH="28" VPOS="616" HPOS="1352"/>
							<String ID="string_70" HPOS="1380" VPOS="622" WIDTH="55" HEIGHT="31" WC="0.95" CONTENT="ett"/><SP WIDTH="31" VPOS="622" HPOS="1435"/>
							<String ID="string_71" HPOS="1466" VPOS="616" WIDTH="76" HEIGHT="37" WC="0.93" CONTENT="fast"/><SP WIDTH="28" VPOS="616" HPOS="1542"/>
							<String ID="string_72" HPOS="1570" VPOS="617" WIDTH="427" HEIGHT="51" WC="0.91" CONTENT="undervattenstorped-"/>
						</TextLine>
						<TextLine ID="line_9" HPOS="405" VPOS="669" WIDTH="1592" HEIGHT="50">
							<String ID="string_73" HPOS="405" VPOS="669" WIDTH="139" HEIGHT="37" WC="0.96" CONTENT="batteri"/><SP WIDTH="30" VPOS="669" HPOS="544"/>
							<String ID="string_74" HPOS="574" VPOS="669" WIDTH="63" HEIGHT="37" WC="0.96" CONTENT="vid"/><SP WIDTH="28" VPOS="669" HPOS="637"/>
							<String ID="string_75" HPOS="665" VPOS="674" WIDTH="101" HEIGHT="32" WC="0.96" CONTENT="stora"/><SP WIDTH="27" VPOS="674" HPOS="766"/>
							<String ID="string_76" HPOS="793" VPOS="669" WIDTH="172" HEIGHT="50" WC="0.95" CONTENT="inloppet"/><SP WIDTH="28" VPOS="669" HPOS="965"/>
							<String ID="string_77" HPOS="993" VPOS="669" WIDTH="56" HEIGHT="37" WC="0.95" CONTENT="till"/><SP WIDTH="29" VPOS="669" HPOS="1049"/>
							<String ID="string_78" HPOS="1078" VPOS="669" WIDTH="235" HEIGHT="37" WC="0.93" CONTENT="Karlskrona"/><SP WIDTH="29" VPOS="669" HPOS="1313"/>
							<String ID="string_79" HPOS="1342" VPOS="669" WIDTH="224" HEIGHT="49" WC="0.89" CONTENT="oafvisligen"/><SP WIDTH="29" VPOS="669" HPOS="1566"/>
							<String ID="string_80" HPOS="1595" VPOS="670" WIDTH="217" HEIGHT="49" WC="0.96" CONTENT="framträda,"/><SP WIDTH="30" VPOS="670" HPOS="1812"/>
							<String ID="string_81" HPOS="1842" VPOS="671" WIDTH="71" HEIGHT="36" WC="0.93" CONTENT="och"/><SP WIDTH="19" VPOS="671" HPOS="1913"/>
							<String ID="string_82" HPOS="1932" VPOS="684" WIDTH="65" HEIGHT="24" WC="0.92" CONTENT="an-"/>
						</TextLine>
						<TextLine ID="line_10" HPOS="406" VPOS="721" WIDTH="1590" HEIGHT="49">
							<String ID="string_83" HPOS="406" VPOS="724" WIDTH="92" HEIGHT="45" WC="0.91" CONTENT="såge"/><SP WIDTH="43" VPOS="724" HPOS="498"/>
							<String ID="string_84" HPOS="541" VPOS="721" WIDTH="416" HEIGHT="48" WC="0.90" CONTENT="marinförvaltningen,"/><SP WIDTH="43" VPOS="721" HPOS="957"/>
							<String ID="string_85" HPOS="1000" VPOS="726" WIDTH="54" HEIGHT="32" WC="0.96" CONTENT="att"/><SP WIDTH="42" VPOS="726" HPOS="1054"/>
							<String ID="string_86" HPOS="1096" VPOS="735" WIDTH="47" HEIGHT="23" WC="0.95" CONTENT="en"/><SP WIDTH="42" VPOS="735" HPOS="1143"/>
							<String ID="string_87" HPOS="1185" VPOS="722" WIDTH="114" HEIGHT="36" WC="0.95" CONTENT="sådan"/><SP WIDTH="41" VPOS="722" HPOS="1299"/>
							<String ID="string_88" HPOS="1340" VPOS="721" WIDTH="239" HEIGHT="49" WC="0.95" CONTENT="anläggning"/><SP WIDTH="37" VPOS="721" HPOS="1579"/>
							<String ID="string_89" HPOS="1616" VPOS="723" WIDTH="115" HEIGHT="36" WC="0.95" CONTENT="borde"/><SP WIDTH="29" VPOS="723" HPOS="1731"/>
							<String ID="string_90" HPOS="1760" VPOS="723" WIDTH="152" HEIGHT="36" WC="0.96" CONTENT="komma"/><SP WIDTH="28" VPOS="723" HPOS="1912"/>
							<String ID="string_91" HPOS="1940" VPOS="724" WIDTH="56" HEIGHT="35" WC="0.96" CONTENT="till"/>
						</TextLine>
						<TextLine ID="line_11" HPOS="403" VPOS="773" WIDTH="210" HEIGHT="38">
							<String ID="string_92" HPOS="403" VPOS="773" WIDTH="210" HEIGHT="38" WC="0.96" CONTENT="utförande."/>
						</TextLine>
					</TextBlock>
					<TextBlock ID="block_3" HPOS="404" VPOS="820" WIDTH="1591" HEIGHT="214">
						<TextLine ID="line_12" HPOS="508" VPOS="820" WIDTH="1487" HEIGHT="56">
							<String ID="string_93" HPOS="508" VPOS="820" WIDTH="295" HEIGHT="43" WC="0.91" CONTENT="Ämbetsverket"/><SP WIDTH="40" VPOS="820" HPOS="803"/>
							<String ID="string_94" HPOS="843" VPOS="827" WIDTH="69" HEIGHT="36" WC="0.96" CONTENT="har"/><SP WIDTH="41" VPOS="827" HPOS="912"/>
							<String ID="string_95" HPOS="953" VPOS="826" WIDTH="169" HEIGHT="37" WC="0.93" CONTENT="härefter"/><SP WIDTH="42" VPOS="826" HPOS="1122"/>
							<String ID="string_96" HPOS="1164" VPOS="826" WIDTH="196" HEIGHT="50" WC="0.91" CONTENT="öfvergått"/><SP WIDTH="41" VPOS="826" HPOS="1360"/>
							<String ID="string_97" HPOS="1401" VPOS="826" WIDTH="57" HEIGHT="36" WC="0.94" CONTENT="till"/><SP WIDTH="41" VPOS="826" HPOS="1458"/>
							<String ID="string_98" HPOS="1499" VPOS="826" WIDTH="136" HEIGHT="49" WC="0.96" CONTENT="frågan"/><SP WIDTH="28" VPOS="826" HPOS="1635"/>
							<String ID="string_99" HPOS="1663" VPOS="840" WIDTH="61" HEIGHT="23" WC="0.96" CONTENT="om"/><SP WIDTH="29" VPOS="840" HPOS="1724"/>
							<String ID="string_100" HPOS="1753" VPOS="827" WIDTH="242" HEIGHT="49" WC="0.96" CONTENT="lämpligaste"/>
						</TextLine>
						<TextLine ID="line_13" HPOS="405" VPOS="879" WIDTH="1590" HEIGHT="50">
							<String ID="string_101" HPOS="405" VPOS="879" WIDTH="151" HEIGHT="50" WC="0.96" CONTENT="platsen"/><SP WIDTH="42" VPOS="879" HPOS="556"/>
							<String ID="string_102" HPOS="598" VPOS="879" WIDTH="60" HEIGHT="37" WC="0.96" CONTENT="för"/><SP WIDTH="41" VPOS="879" HPOS="658"/>
							<String ID="string_103" HPOS="699" VPOS="879" WIDTH="240" HEIGHT="49" WC="0.95" CONTENT="anläggande"/><SP WIDTH="44" VPOS="879" HPOS="939"/>
							<String ID="string_104" HPOS="983" VPOS="879" WIDTH="40" HEIGHT="36" WC="0.96" CONTENT="af"/><SP WIDTH="42" VPOS="879" HPOS="1023"/>
							<String ID="string_105" HPOS="1065" VPOS="879" WIDTH="292" HEIGHT="49" WC="0.96" CONTENT="ifrågavarande"/><SP WIDTH="28" VPOS="879" HPOS="1357"/>
							<String ID="string_106" HPOS="1385" VPOS="879" WIDTH="138" HEIGHT="37" WC="0.95" CONTENT="batteri"/><SP WIDTH="29" VPOS="879" HPOS="1523"/>
							<String ID="string_107" HPOS="1552" VPOS="884" WIDTH="96" HEIGHT="32" WC="0.96" CONTENT="samt"/><SP WIDTH="29" VPOS="884" HPOS="1648"/>
							<String ID="string_108" HPOS="1677" VPOS="893" WIDTH="60" HEIGHT="23" WC="0.92" CONTENT="om"/><SP WIDTH="29" VPOS="893" HPOS="1737"/>
							<String ID="string_109" HPOS="1766" VPOS="880" WIDTH="229" HEIGHT="37" WC="0.90" CONTENT="detsammas"/>
						</TextLine>
						<TextLine ID="line_14" HPOS="404" VPOS="932" WIDTH="1590" HEIGHT="49">
							<String ID="string_110" HPOS="404" VPOS="932" WIDTH="275" HEIGHT="48" WC="0.96" CONTENT="beskaffenhet,"/><SP WIDTH="23" VPOS="932" HPOS="679"/>
							<String ID="string_111" HPOS="702" VPOS="945" WIDTH="85" HEIGHT="24" WC="0.96" CONTENT="men"/><SP WIDTH="28" VPOS="945" HPOS="787"/>
							<String ID="string_112" HPOS="815" VPOS="932" WIDTH="106" HEIGHT="36" WC="0.96" CONTENT="torde"/><SP WIDTH="30" VPOS="932" HPOS="921"/>
							<String ID="string_113" HPOS="951" VPOS="945" WIDTH="47" HEIGHT="24" WC="0.96" CONTENT="en"/><SP WIDTH="28" VPOS="945" HPOS="998"/>
							<String ID="string_114" HPOS="1026" VPOS="932" WIDTH="245" HEIGHT="49" WC="0.95" CONTENT="redogörelse"/><SP WIDTH="22" VPOS="932" HPOS="1271"/>
							<String ID="string_115" HPOS="1293" VPOS="932" WIDTH="57" HEIGHT="37" WC="0.96" CONTENT="för"/><SP WIDTH="19" VPOS="932" HPOS="1350"/>
							<String ID="string_116" HPOS="1369" VPOS="932" WIDTH="100" HEIGHT="37" WC="0.95" CONTENT="hvad"/><SP WIDTH="22" VPOS="932" HPOS="1469"/>
							<String ID="string_117" HPOS="1491" VPOS="932" WIDTH="12" HEIGHT="37" WC="0.95" CONTENT="1"/><SP WIDTH="19" VPOS="932" HPOS="1503"/>
							<String ID="string_118" HPOS="1522" VPOS="932" WIDTH="103" HEIGHT="37" WC="0.96" CONTENT="detta"/><SP WIDTH="19" VPOS="932" HPOS="1625"/>
							<String ID="string_119" HPOS="1644" VPOS="932" WIDTH="182" HEIGHT="37" WC="0.44" CONTENT="afseende"/><SP WIDTH="22" VPOS="932" HPOS="1826"/>
							<String ID="string_120" HPOS="1848" VPOS="932" WIDTH="146" HEIGHT="38" WC="0.93" CONTENT="anförts"/>
						</TextLine>
						<TextLine ID="line_15" HPOS="405" VPOS="984" WIDTH="720" HEIGHT="50">
							<String ID="string_121" HPOS="405" VPOS="985" WIDTH="83" HEIGHT="37" WC="0.96" CONTENT="icke"/><SP WIDTH="29" VPOS="985" HPOS="488"/>
							<String ID="string_122" HPOS="517" VPOS="984" WIDTH="210" HEIGHT="50" WC="0.95" CONTENT="lämpligen"/><SP WIDTH="28" VPOS="984" HPOS="727"/>
							<String ID="string_123" HPOS="755" VPOS="985" WIDTH="91" HEIGHT="37" WC="0.96" CONTENT="böra"/><SP WIDTH="27" VPOS="985" HPOS="846"/>
							<String ID="string_124" HPOS="873" VPOS="985" WIDTH="69" HEIGHT="36" WC="0.96" CONTENT="här"/><SP WIDTH="26" VPOS="985" HPOS="942"/>
							<String ID="string_125" HPOS="968" VPOS="985" WIDTH="157" HEIGHT="37" WC="0.96" CONTENT="lämnas."/>
						</TextLine>
					</TextBlock>
					<TextBlock ID="block_4" HPOS="404" VPOS="1037" WIDTH="1591" HEIGHT="101">
						<TextLine ID="line_16" HPOS="510" VPOS="1037" WIDTH="1485" HEIGHT="50">
							<String ID="string_126" HPOS="510" VPOS="1037" WIDTH="268" HEIGHT="38" WC="0.96" CONTENT="Kostnaderna"/><SP WIDTH="40" VPOS="1037" HPOS="778"/>
							<String ID="string_127" HPOS="818" VPOS="1037" WIDTH="60" HEIGHT="37" WC="0.93" CONTENT="för"/><SP WIDTH="40" VPOS="1037" HPOS="878"/>
							<String ID="string_128" HPOS="918" VPOS="1037" WIDTH="318" HEIGHT="50" WC="0.91" CONTENT="torpedbatteriet"/><SP WIDTH="36" VPOS="1037" HPOS="1236"/>
							<String ID="string_129" HPOS="1272" VPOS="1037" WIDTH="112" HEIGHT="37" WC="0.96" CONTENT="hafva"/><SP WIDTH="31" VPOS="1037" HPOS="1384"/>
							<String ID="string_130" HPOS="1415" VPOS="1037" WIDTH="42" HEIGHT="37" WC="0.93" CONTENT="af"/><SP WIDTH="25" VPOS="1037" HPOS="1457"/>
							<String ID="string_131" HPOS="1482" VPOS="1037" WIDTH="283" HEIGHT="38" WC="0.91" CONTENT="ämbetsverket"/><SP WIDTH="27" VPOS="1037" HPOS="1765"/>
							<String ID="string_132" HPOS="1792" VPOS="1038" WIDTH="203" HEIGHT="38" WC="0.96" CONTENT="beräknats"/>
						</TextLine>
						<TextLine ID="line_17" HPOS="404" VPOS="1089" WIDTH="433" HEIGHT="49">
							<String ID="string_133" HPOS="404" VPOS="1089" WIDTH="57" HEIGHT="37" WC="0.91" CONTENT="till"/><SP WIDTH="32" VPOS="1089" HPOS="461"/>
							<String ID="string_134" HPOS="493" VPOS="1091" WIDTH="163" HEIGHT="47" WC="0.91" CONTENT="687,000"/><SP WIDTH="30" VPOS="1091" HPOS="656"/>
							<String ID="string_135" HPOS="686" VPOS="1090" WIDTH="151" HEIGHT="37" WC="0.96" CONTENT="kronor."/>
						</TextLine>
					</TextBlock>
					<TextBlock ID="block_5" HPOS="402" VPOS="1142" WIDTH="1593" HEIGHT="405">
						<TextLine ID="line_18" HPOS="508" VPOS="1142" WIDTH="1487" HEIGHT="50">
							<String ID="string_136" HPOS="508" VPOS="1142" WIDTH="196" HEIGHT="50" WC="0.91" CONTENT="Härjämte"/><SP WIDTH="41" VPOS="1142" HPOS="704"/>
							<String ID="string_137" HPOS="745" VPOS="1143" WIDTH="69" HEIGHT="37" WC="0.93" CONTENT="har"/><SP WIDTH="41" VPOS="1143" HPOS="814"/>
							<String ID="string_138" HPOS="855" VPOS="1142" WIDTH="409" HEIGHT="50" WC="0.90" CONTENT="marinförvaltningen"/><SP WIDTH="41" VPOS="1142" HPOS="1264"/>
							<String ID="string_139" HPOS="1305" VPOS="1147" WIDTH="126" HEIGHT="32" WC="0.93" CONTENT="ansett"/><SP WIDTH="36" VPOS="1147" HPOS="1431"/>
							<String ID="string_140" HPOS="1467" VPOS="1142" WIDTH="147" HEIGHT="50" WC="0.92" CONTENT="nödigt,"/><SP WIDTH="30" VPOS="1142" HPOS="1614"/>
							<String ID="string_141" HPOS="1644" VPOS="1148" WIDTH="55" HEIGHT="32" WC="0.96" CONTENT="att"/><SP WIDTH="29" VPOS="1148" HPOS="1699"/>
							<String ID="string_142" HPOS="1728" VPOS="1143" WIDTH="60" HEIGHT="37" WC="0.96" CONTENT="för"/><SP WIDTH="28" VPOS="1143" HPOS="1788"/>
							<String ID="string_143" HPOS="1816" VPOS="1143" WIDTH="179" HEIGHT="38" WC="0.96" CONTENT="batteriet"/>
						</TextLine>
						<TextLine ID="line_19" HPOS="403" VPOS="1195" WIDTH="1591" HEIGHT="49">
							<String ID="string_144" HPOS="403" VPOS="1195" WIDTH="241" HEIGHT="37" WC="0.96" CONTENT="anskaffades"/><SP WIDTH="29" VPOS="1195" HPOS="644"/>
							<String ID="string_145" HPOS="673" VPOS="1209" WIDTH="47" HEIGHT="23" WC="0.96" CONTENT="en"/><SP WIDTH="29" VPOS="1209" HPOS="720"/>
							<String ID="string_146" HPOS="749" VPOS="1196" WIDTH="258" HEIGHT="46" WC="0.96" CONTENT="strålkastare,"/><SP WIDTH="26" VPOS="1196" HPOS="1007"/>
							<String ID="string_147" HPOS="1033" VPOS="1195" WIDTH="251" HEIGHT="49" WC="0.92" CONTENT="hvarigenom"/><SP WIDTH="22" VPOS="1195" HPOS="1284"/>
							<String ID="string_148" HPOS="1306" VPOS="1195" WIDTH="227" HEIGHT="36" WC="0.89" CONTENT="detsammas"/><SP WIDTH="21" VPOS="1195" HPOS="1533"/>
							<String ID="string_149" HPOS="1554" VPOS="1196" WIDTH="440" HEIGHT="48" WC="0.91" CONTENT="verksamhetsförmåga"/>
						</TextLine>
						<TextLine ID="line_20" HPOS="402" VPOS="1246" WIDTH="1591" HEIGHT="51">
							<String ID="string_150" HPOS="402" VPOS="1247" WIDTH="12" HEIGHT="36" WC="0.96" CONTENT="i"/><SP WIDTH="28" VPOS="1247" HPOS="414"/>
							<String ID="string_151" HPOS="442" VPOS="1246" WIDTH="191" HEIGHT="50" WC="0.95" CONTENT="väsentlig"/><SP WIDTH="40" VPOS="1246" HPOS="633"/>
							<String ID="string_152" HPOS="673" VPOS="1247" WIDTH="95" HEIGHT="50" WC="0.96" CONTENT="grad"/><SP WIDTH="44" VPOS="1247" HPOS="768"/>
							<String ID="string_153" HPOS="812" VPOS="1247" WIDTH="119" HEIGHT="37" WC="0.95" CONTENT="skulle"/><SP WIDTH="42" VPOS="1247" HPOS="931"/>
							<String ID="string_154" HPOS="973" VPOS="1247" WIDTH="118" HEIGHT="50" WC="0.94" CONTENT="höjas."/><SP WIDTH="69" VPOS="1247" HPOS="1091"/>
							<String ID="string_155" HPOS="1160" VPOS="1247" WIDTH="75" HEIGHT="37" WC="0.89" CONTENT="För"/><SP WIDTH="41" VPOS="1247" HPOS="1235"/>
							<String ID="string_156" HPOS="1276" VPOS="1246" WIDTH="294" HEIGHT="38" WC="0.89" CONTENT="strålkastarens"/><SP WIDTH="30" VPOS="1246" HPOS="1570"/>
							<String ID="string_157" HPOS="1600" VPOS="1247" WIDTH="245" HEIGHT="38" WC="0.91" CONTENT="anskaffande"/><SP WIDTH="30" VPOS="1247" HPOS="1845"/>
							<String ID="string_158" HPOS="1875" VPOS="1248" WIDTH="118" HEIGHT="37" WC="0.88" CONTENT="erfor-"/>
						</TextLine>
						<TextLine ID="line_21" HPOS="404" VPOS="1300" WIDTH="1589" HEIGHT="50">
							<String ID="string_159" HPOS="404" VPOS="1300" WIDTH="134" HEIGHT="37" WC="0.91" CONTENT="drades"/><SP WIDTH="50" VPOS="1300" HPOS="538"/>
							<String ID="string_160" HPOS="588" VPOS="1300" WIDTH="225" HEIGHT="49" WC="0.93" CONTENT="ytterligare"/><SP WIDTH="57" VPOS="1300" HPOS="813"/>
							<String ID="string_161" HPOS="870" VPOS="1301" WIDTH="137" HEIGHT="46" WC="0.89" CONTENT="20,000"/><SP WIDTH="55" VPOS="1301" HPOS="1007"/>
							<String ID="string_162" HPOS="1062" VPOS="1300" WIDTH="153" HEIGHT="46" WC="0.95" CONTENT="kronor,"/><SP WIDTH="42" VPOS="1300" HPOS="1215"/>
							<String ID="string_163" HPOS="1257" VPOS="1300" WIDTH="212" HEIGHT="49" WC="0.95" CONTENT="hvarjämte"/><SP WIDTH="50" VPOS="1300" HPOS="1469"/>
							<String ID="string_164" HPOS="1519" VPOS="1300" WIDTH="59" HEIGHT="36" WC="0.92" CONTENT="för"/><SP WIDTH="42" VPOS="1300" HPOS="1578"/>
							<String ID="string_165" HPOS="1620" VPOS="1300" WIDTH="238" HEIGHT="37" WC="0.87" CONTENT="densammas"/><SP WIDTH="42" VPOS="1300" HPOS="1858"/>
							<String ID="string_166" HPOS="1900" VPOS="1314" WIDTH="93" HEIGHT="36" WC="0.92" CONTENT="upp-"/>
						</TextLine>
						<TextLine ID="line_22" HPOS="403" VPOS="1352" WIDTH="1590" HEIGHT="50">
							<String ID="string_167" HPOS="403" VPOS="1352" WIDTH="184" HEIGHT="37" WC="0.93" CONTENT="ställande"/><SP WIDTH="30" VPOS="1352" HPOS="587"/>
							<String ID="string_168" HPOS="617" VPOS="1352" WIDTH="240" HEIGHT="37" WC="0.91" CONTENT="erfordrades"/><SP WIDTH="29" VPOS="1352" HPOS="857"/>
							<String ID="string_169" HPOS="886" VPOS="1357" WIDTH="53" HEIGHT="32" WC="0.96" CONTENT="ett"/><SP WIDTH="29" VPOS="1357" HPOS="939"/>
							<String ID="string_170" HPOS="968" VPOS="1352" WIDTH="136" HEIGHT="50" WC="0.96" CONTENT="belopp"/><SP WIDTH="31" VPOS="1352" HPOS="1104"/>
							<String ID="string_171" HPOS="1135" VPOS="1352" WIDTH="42" HEIGHT="37" WC="0.93" CONTENT="af"/><SP WIDTH="25" VPOS="1352" HPOS="1177"/>
							<String ID="string_172" HPOS="1202" VPOS="1354" WIDTH="111" HEIGHT="46" WC="0.92" CONTENT="3,300"/><SP WIDTH="21" VPOS="1354" HPOS="1313"/>
							<String ID="string_173" HPOS="1334" VPOS="1352" WIDTH="139" HEIGHT="37" WC="0.96" CONTENT="kronor"/><SP WIDTH="19" VPOS="1352" HPOS="1473"/>
							<String ID="string_174" HPOS="1492" VPOS="1352" WIDTH="58" HEIGHT="36" WC="0.96" CONTENT="till"/><SP WIDTH="20" VPOS="1352" HPOS="1550"/>
							<String ID="string_175" HPOS="1570" VPOS="1352" WIDTH="243" HEIGHT="38" WC="0.96" CONTENT="bestridande"/><SP WIDTH="21" VPOS="1352" HPOS="1813"/>
							<String ID="string_176" HPOS="1834" VPOS="1353" WIDTH="41" HEIGHT="36" WC="0.92" CONTENT="af"/><SP WIDTH="15" VPOS="1353" HPOS="1875"/>
							<String ID="string_177" HPOS="1890" VPOS="1353" WIDTH="103" HEIGHT="36" WC="0.92" CONTENT="kost-"/>
						</TextLine>
						<TextLine ID="line_23" HPOS="402" VPOS="1404" WIDTH="1590" HEIGHT="50">
							<String ID="string_178" HPOS="402" VPOS="1405" WIDTH="125" HEIGHT="36" WC="0.96" CONTENT="naden"/><SP WIDTH="29" VPOS="1405" HPOS="527"/>
							<String ID="string_179" HPOS="556" VPOS="1405" WIDTH="59" HEIGHT="37" WC="0.96" CONTENT="för"/><SP WIDTH="28" VPOS="1405" HPOS="615"/>
							<String ID="string_180" HPOS="643" VPOS="1405" WIDTH="102" HEIGHT="37" WC="0.87" CONTENT="vissa"/><SP WIDTH="27" VPOS="1405" HPOS="745"/>
							<String ID="string_181" HPOS="772" VPOS="1404" WIDTH="311" HEIGHT="37" WC="0.91" CONTENT="fortifikatoriska"/><SP WIDTH="21" VPOS="1404" HPOS="1083"/>
							<String ID="string_182" HPOS="1104" VPOS="1405" WIDTH="165" HEIGHT="37" WC="0.94" CONTENT="arbeten."/><SP WIDTH="46" VPOS="1405" HPOS="1269"/>
							<String ID="string_183" HPOS="1315" VPOS="1404" WIDTH="259" HEIGHT="50" WC="0.96" CONTENT="Följaktligen"/><SP WIDTH="19" VPOS="1404" HPOS="1574"/>
							<String ID="string_184" HPOS="1593" VPOS="1405" WIDTH="125" HEIGHT="37" WC="0.96" CONTENT="kunde"/><SP WIDTH="20" VPOS="1405" HPOS="1718"/>
							<String ID="string_185" HPOS="1738" VPOS="1406" WIDTH="254" HEIGHT="37" WC="0.96" CONTENT="kostnaderna"/>
						</TextLine>
						<TextLine ID="line_24" HPOS="402" VPOS="1457" WIDTH="1589" HEIGHT="50">
							<String ID="string_186" HPOS="402" VPOS="1458" WIDTH="59" HEIGHT="36" WC="0.93" CONTENT="för"/><SP WIDTH="42" VPOS="1458" HPOS="461"/>
							<String ID="string_187" HPOS="503" VPOS="1457" WIDTH="271" HEIGHT="38" WC="0.92" CONTENT="strålkastaren"/><SP WIDTH="42" VPOS="1457" HPOS="774"/>
							<String ID="string_188" HPOS="816" VPOS="1457" WIDTH="69" HEIGHT="37" WC="0.96" CONTENT="och"/><SP WIDTH="44" VPOS="1457" HPOS="885"/>
							<String ID="string_189" HPOS="929" VPOS="1457" WIDTH="86" HEIGHT="37" WC="0.93" CONTENT="dess"/><SP WIDTH="43" VPOS="1457" HPOS="1015"/>
							<String ID="string_190" HPOS="1058" VPOS="1457" WIDTH="263" HEIGHT="50" WC="0.91" CONTENT="anbringande"/><SP WIDTH="41" VPOS="1457" HPOS="1321"/>
							<String ID="string_191" HPOS="1362" VPOS="1458" WIDTH="189" HEIGHT="36" WC="0.96" CONTENT="beräknas"/><SP WIDTH="41" VPOS="1458" HPOS="1551"/>
							<String ID="string_192" HPOS="1592" VPOS="1461" WIDTH="130" HEIGHT="46" WC="0.96" CONTENT="uppgå"/><SP WIDTH="46" VPOS="1461" HPOS="1722"/>
							<String ID="string_193" HPOS="1768" VPOS="1458" WIDTH="55" HEIGHT="36" WC="0.93" CONTENT="till"/><SP WIDTH="30" VPOS="1458" HPOS="1823"/>
							<String ID="string_194" HPOS="1853" VPOS="1459" WIDTH="138" HEIGHT="48" WC="0.91" CONTENT="23,300"/>
						</TextLine>
						<TextLine ID="line_25" HPOS="402" VPOS="1510" WIDTH="150" HEIGHT="37">
							<String ID="string_195" HPOS="402" VPOS="1510" WIDTH="150" HEIGHT="37" WC="0.96" CONTENT="kronor."/>
						</TextLine>
					</TextBlock>
					<TextBlock ID="block_6" HPOS="397" VPOS="1561" WIDTH="1594" HEIGHT="509">
						<TextLine ID="line_26" HPOS="504" VPOS="1561" WIDTH="1487" HEIGHT="50">
							<String ID="string_196" HPOS="504" VPOS="1561" WIDTH="190" HEIGHT="50" WC="0.95" CONTENT="Slutligen"/><SP WIDTH="28" VPOS="1561" HPOS="694"/>
							<String ID="string_197" HPOS="722" VPOS="1562" WIDTH="69" HEIGHT="36" WC="0.92" CONTENT="har"/><SP WIDTH="20" VPOS="1562" HPOS="791"/>
							<String ID="string_198" HPOS="811" VPOS="1561" WIDTH="409" HEIGHT="49" WC="0.92" CONTENT="marinförvaltningen"/><SP WIDTH="20" VPOS="1561" HPOS="1220"/>
							<String ID="string_199" HPOS="1240" VPOS="1562" WIDTH="142" HEIGHT="37" WC="0.96" CONTENT="lämnat"/><SP WIDTH="21" VPOS="1562" HPOS="1382"/>
							<String ID="string_200" HPOS="1403" VPOS="1576" WIDTH="47" HEIGHT="23" WC="0.96" CONTENT="en"/><SP WIDTH="19" VPOS="1576" HPOS="1450"/>
							<String ID="string_201" HPOS="1469" VPOS="1562" WIDTH="153" HEIGHT="49" WC="0.96" CONTENT="uppgift"/><SP WIDTH="18" VPOS="1562" HPOS="1622"/>
							<String ID="string_202" HPOS="1640" VPOS="1565" WIDTH="48" HEIGHT="46" WC="0.96" CONTENT="på"/><SP WIDTH="19" VPOS="1565" HPOS="1688"/>
							<String ID="string_203" HPOS="1707" VPOS="1562" WIDTH="73" HEIGHT="37" WC="0.97" CONTENT="den"/><SP WIDTH="20" VPOS="1562" HPOS="1780"/>
							<String ID="string_204" HPOS="1800" VPOS="1562" WIDTH="191" HEIGHT="49" WC="0.96" CONTENT="personal,"/>
						</TextLine>
						<TextLine ID="line_27" HPOS="401" VPOS="1614" WIDTH="1588" HEIGHT="50">
							<String ID="string_205" HPOS="401" VPOS="1628" WIDTH="80" HEIGHT="23" WC="0.97" CONTENT="som"/><SP WIDTH="28" VPOS="1628" HPOS="481"/>
							<String ID="string_206" HPOS="509" VPOS="1614" WIDTH="119" HEIGHT="37" WC="0.95" CONTENT="skulle"/><SP WIDTH="30" VPOS="1614" HPOS="628"/>
							<String ID="string_207" HPOS="658" VPOS="1614" WIDTH="190" HEIGHT="37" WC="0.96" CONTENT="erfordras"/><SP WIDTH="30" VPOS="1614" HPOS="848"/>
							<String ID="string_208" HPOS="878" VPOS="1614" WIDTH="59" HEIGHT="37" WC="0.96" CONTENT="för"/><SP WIDTH="28" VPOS="1614" HPOS="937"/>
							<String ID="string_209" HPOS="965" VPOS="1614" WIDTH="234" HEIGHT="50" WC="0.95" CONTENT="bemanning"/><SP WIDTH="18" VPOS="1614" HPOS="1199"/>
							<String ID="string_210" HPOS="1217" VPOS="1615" WIDTH="41" HEIGHT="37" WC="0.91" CONTENT="af"/><SP WIDTH="15" VPOS="1615" HPOS="1258"/>
							<String ID="string_211" HPOS="1273" VPOS="1615" WIDTH="318" HEIGHT="49" WC="0.91" CONTENT="torpedbatteriet"/><SP WIDTH="20" VPOS="1615" HPOS="1591"/>
							<String ID="string_212" HPOS="1611" VPOS="1615" WIDTH="70" HEIGHT="36" WC="0.93" CONTENT="och"/><SP WIDTH="21" VPOS="1615" HPOS="1681"/>
							<String ID="string_213" HPOS="1702" VPOS="1614" WIDTH="287" HEIGHT="38" WC="0.92" CONTENT="strålkastaren."/>
						</TextLine>
						<TextLine ID="line_28" HPOS="399" VPOS="1666" WIDTH="1591" HEIGHT="51">
							<String ID="string_214" HPOS="399" VPOS="1666" WIDTH="189" HEIGHT="38" WC="0.91" CONTENT="Behofvet"/><SP WIDTH="27" VPOS="1666" HPOS="588"/>
							<String ID="string_215" HPOS="615" VPOS="1667" WIDTH="12" HEIGHT="36" WC="0.91" CONTENT="i"/><SP WIDTH="29" VPOS="1667" HPOS="627"/>
							<String ID="string_216" HPOS="656" VPOS="1667" WIDTH="103" HEIGHT="36" WC="0.96" CONTENT="detta"/><SP WIDTH="35" VPOS="1667" HPOS="759"/>
							<String ID="string_217" HPOS="794" VPOS="1667" WIDTH="178" HEIGHT="37" WC="0.96" CONTENT="afseende"/><SP WIDTH="29" VPOS="1667" HPOS="972"/>
							<String ID="string_218" HPOS="1001" VPOS="1667" WIDTH="126" HEIGHT="36" WC="0.96" CONTENT="kunde"/><SP WIDTH="29" VPOS="1667" HPOS="1127"/>
							<String ID="string_219" HPOS="1156" VPOS="1667" WIDTH="83" HEIGHT="37" WC="0.96" CONTENT="icke"/><SP WIDTH="29" VPOS="1667" HPOS="1239"/>
							<String ID="string_220" HPOS="1268" VPOS="1667" WIDTH="112" HEIGHT="49" WC="0.96" CONTENT="fyllas"/><SP WIDTH="29" VPOS="1667" HPOS="1380"/>
							<String ID="string_221" HPOS="1409" VPOS="1681" WIDTH="141" HEIGHT="35" WC="0.95" CONTENT="genom"/><SP WIDTH="29" VPOS="1681" HPOS="1550"/>
							<String ID="string_222" HPOS="1579" VPOS="1681" WIDTH="51" HEIGHT="22" WC="0.96" CONTENT="nu"/><SP WIDTH="28" VPOS="1681" HPOS="1630"/>
							<String ID="string_223" HPOS="1658" VPOS="1667" WIDTH="173" HEIGHT="49" WC="0.93" CONTENT="befintlig"/><SP WIDTH="27" VPOS="1667" HPOS="1831"/>
							<String ID="string_224" HPOS="1858" VPOS="1681" WIDTH="132" HEIGHT="36" WC="0.91" CONTENT="perso-"/>
						</TextLine>
						<TextLine ID="line_29" HPOS="399" VPOS="1718" WIDTH="1592" HEIGHT="51">
							<String ID="string_225" HPOS="399" VPOS="1718" WIDTH="240" HEIGHT="50" WC="0.89" CONTENT="naltillgång."/><SP WIDTH="70" VPOS="1718" HPOS="639"/>
							<String ID="string_226" HPOS="709" VPOS="1719" WIDTH="75" HEIGHT="36" WC="0.73" CONTENT="För"/><SP WIDTH="40" VPOS="1719" HPOS="784"/>
							<String ID="string_227" HPOS="824" VPOS="1719" WIDTH="177" HEIGHT="37" WC="0.94" CONTENT="batteriet"/><SP WIDTH="41" VPOS="1719" HPOS="1001"/>
							<String ID="string_228" HPOS="1042" VPOS="1719" WIDTH="236" HEIGHT="37" WC="0.96" CONTENT="beräknades"/><SP WIDTH="30" VPOS="1719" HPOS="1278"/>
							<String ID="string_229" HPOS="1308" VPOS="1719" WIDTH="224" HEIGHT="49" WC="0.95" CONTENT="erforderlig"/><SP WIDTH="28" VPOS="1719" HPOS="1532"/>
							<String ID="string_230" HPOS="1560" VPOS="1720" WIDTH="175" HEIGHT="49" WC="0.96" CONTENT="personal"/><SP WIDTH="28" VPOS="1720" HPOS="1735"/>
							<String ID="string_231" HPOS="1763" VPOS="1719" WIDTH="57" HEIGHT="37" WC="0.96" CONTENT="till"/><SP WIDTH="29" VPOS="1719" HPOS="1820"/>
							<String ID="string_232" HPOS="1849" VPOS="1733" WIDTH="142" HEIGHT="23" WC="0.95" CONTENT="samma"/>
						</TextLine>
						<TextLine ID="line_30" HPOS="399" VPOS="1771" WIDTH="1590" HEIGHT="51">
							<String ID="string_233" HPOS="399" VPOS="1771" WIDTH="103" HEIGHT="37" WC="0.96" CONTENT="antal"/><SP WIDTH="41" VPOS="1771" HPOS="502"/>
							<String ID="string_234" HPOS="543" VPOS="1784" WIDTH="80" HEIGHT="24" WC="0.96" CONTENT="som"/><SP WIDTH="38" VPOS="1784" HPOS="623"/>
							<String ID="string_235" HPOS="661" VPOS="1771" WIDTH="41" HEIGHT="37" WC="0.95" CONTENT="af"/><SP WIDTH="38" VPOS="1771" HPOS="702"/>
							<String ID="string_236" HPOS="740" VPOS="1771" WIDTH="136" HEIGHT="37" WC="0.96" CONTENT="chefen"/><SP WIDTH="41" VPOS="1771" HPOS="876"/>
							<String ID="string_237" HPOS="917" VPOS="1771" WIDTH="60" HEIGHT="37" WC="0.96" CONTENT="för"/><SP WIDTH="28" VPOS="1771" HPOS="977"/>
							<String ID="string_238" HPOS="1005" VPOS="1772" WIDTH="155" HEIGHT="37" WC="0.93" CONTENT="flottans"/><SP WIDTH="29" VPOS="1772" HPOS="1160"/>
							<String ID="string_239" HPOS="1189" VPOS="1772" WIDTH="83" HEIGHT="37" WC="0.96" CONTENT="stab"/><SP WIDTH="29" VPOS="1772" HPOS="1272"/>
							<String ID="string_240" HPOS="1301" VPOS="1777" WIDTH="143" HEIGHT="32" WC="0.96" CONTENT="ansetts"/><SP WIDTH="35" VPOS="1777" HPOS="1444"/>
							<String ID="string_241" HPOS="1479" VPOS="1772" WIDTH="244" HEIGHT="49" WC="0.96" CONTENT="erforderligt"/><SP WIDTH="27" VPOS="1772" HPOS="1723"/>
							<String ID="string_242" HPOS="1750" VPOS="1772" WIDTH="60" HEIGHT="37" WC="0.93" CONTENT="för"/><SP WIDTH="27" VPOS="1772" HPOS="1810"/>
							<String ID="string_243" HPOS="1837" VPOS="1772" WIDTH="152" HEIGHT="50" WC="0.92" CONTENT="torped-"/>
						</TextLine>
						<TextLine ID="line_31" HPOS="399" VPOS="1823" WIDTH="1590" HEIGHT="50">
							<String ID="string_244" HPOS="399" VPOS="1823" WIDTH="175" HEIGHT="37" WC="0.96" CONTENT="batteriet"/><SP WIDTH="37" VPOS="1823" HPOS="574"/>
							<String ID="string_245" HPOS="611" VPOS="1824" WIDTH="63" HEIGHT="36" WC="0.92" CONTENT="vid"/><SP WIDTH="35" VPOS="1824" HPOS="674"/>
							<String ID="string_246" HPOS="709" VPOS="1823" WIDTH="447" HEIGHT="50" WC="0.78" CONTENT="Oscar—Fredriksborg"/><SP WIDTH="29" VPOS="1823" HPOS="1156"/>
							<String ID="string_247" HPOS="1185" VPOS="1824" WIDTH="91" HEIGHT="37" WC="0.95" CONTENT="eller"/><SP WIDTH="29" VPOS="1824" HPOS="1276"/>
							<String ID="string_248" HPOS="1305" VPOS="1827" WIDTH="20" HEIGHT="33" WC="0.96" CONTENT="2"/><SP WIDTH="32" VPOS="1827" HPOS="1325"/>
							<String ID="string_249" HPOS="1357" VPOS="1825" WIDTH="194" HEIGHT="36" WC="0.96" CONTENT="officerare"/><SP WIDTH="31" VPOS="1825" HPOS="1551"/>
							<String ID="string_250" HPOS="1582" VPOS="1829" WIDTH="97" HEIGHT="32" WC="0.96" CONTENT="samt"/><SP WIDTH="32" VPOS="1829" HPOS="1679"/>
							<String ID="string_251" HPOS="1711" VPOS="1827" WIDTH="43" HEIGHT="33" WC="0.93" CONTENT="13"/><SP WIDTH="30" VPOS="1827" HPOS="1754"/>
							<String ID="string_252" HPOS="1784" VPOS="1824" WIDTH="205" HEIGHT="37" WC="0.90" CONTENT="underoffi-"/>
						</TextLine>
						<TextLine ID="line_32" HPOS="398" VPOS="1876" WIDTH="1591" HEIGHT="49">
							<String ID="string_253" HPOS="398" VPOS="1889" WIDTH="128" HEIGHT="24" WC="0.90" CONTENT="cerare"/><SP WIDTH="30" VPOS="1889" HPOS="526"/>
							<String ID="string_254" HPOS="556" VPOS="1876" WIDTH="69" HEIGHT="37" WC="0.96" CONTENT="och"/><SP WIDTH="30" VPOS="1876" HPOS="625"/>
							<String ID="string_255" HPOS="655" VPOS="1876" WIDTH="194" HEIGHT="49" WC="0.96" CONTENT="manskap."/><SP WIDTH="57" VPOS="1876" HPOS="849"/>
							<String ID="string_256" HPOS="906" VPOS="1876" WIDTH="138" HEIGHT="37" WC="0.91" CONTENT="Härtill"/><SP WIDTH="29" VPOS="1876" HPOS="1044"/>
							<String ID="string_257" HPOS="1073" VPOS="1877" WIDTH="149" HEIGHT="36" WC="0.96" CONTENT="komme"/><SP WIDTH="29" VPOS="1877" HPOS="1222"/>
							<String ID="string_258" HPOS="1251" VPOS="1877" WIDTH="60" HEIGHT="36" WC="0.93" CONTENT="för"/><SP WIDTH="29" VPOS="1877" HPOS="1311"/>
							<String ID="string_259" HPOS="1340" VPOS="1877" WIDTH="272" HEIGHT="37" WC="0.91" CONTENT="strålkastaren"/><SP WIDTH="32" VPOS="1877" HPOS="1612"/>
							<String ID="string_260" HPOS="1644" VPOS="1878" WIDTH="19" HEIGHT="35" WC="0.96" CONTENT="6"/><SP WIDTH="31" VPOS="1878" HPOS="1663"/>
							<String ID="string_261" HPOS="1694" VPOS="1890" WIDTH="97" HEIGHT="23" WC="0.96" CONTENT="man."/><SP WIDTH="57" VPOS="1890" HPOS="1791"/>
							<String ID="string_262" HPOS="1848" VPOS="1877" WIDTH="56" HEIGHT="36" WC="0.91" CONTENT="De"/><SP WIDTH="29" VPOS="1877" HPOS="1904"/>
							<String ID="string_263" HPOS="1933" VPOS="1880" WIDTH="56" HEIGHT="34" WC="0.91" CONTENT="år-"/>
						</TextLine>
						<TextLine ID="line_33" HPOS="397" VPOS="1928" WIDTH="1592" HEIGHT="50">
							<String ID="string_264" HPOS="397" VPOS="1928" WIDTH="77" HEIGHT="49" WC="0.96" CONTENT="liga"/><SP WIDTH="39" VPOS="1928" HPOS="474"/>
							<String ID="string_265" HPOS="513" VPOS="1928" WIDTH="255" HEIGHT="37" WC="0.96" CONTENT="kostnaderna"/><SP WIDTH="41" VPOS="1928" HPOS="768"/>
							<String ID="string_266" HPOS="809" VPOS="1929" WIDTH="59" HEIGHT="36" WC="0.96" CONTENT="för"/><SP WIDTH="41" VPOS="1929" HPOS="868"/>
							<String ID="string_267" HPOS="909" VPOS="1929" WIDTH="123" HEIGHT="36" WC="0.96" CONTENT="denna"/><SP WIDTH="41" VPOS="1929" HPOS="1032"/>
							<String ID="string_268" HPOS="1073" VPOS="1930" WIDTH="186" HEIGHT="48" WC="0.96" CONTENT="personal,"/><SP WIDTH="43" VPOS="1930" HPOS="1259"/>
							<String ID="string_269" HPOS="1302" VPOS="1929" WIDTH="80" HEIGHT="36" WC="0.93" CONTENT="däri"/><SP WIDTH="31" VPOS="1929" HPOS="1382"/>
							<String ID="string_270" HPOS="1413" VPOS="1929" WIDTH="252" HEIGHT="37" WC="0.92" CONTENT="inberäknadt"/><SP WIDTH="27" VPOS="1929" HPOS="1665"/>
							<String ID="string_271" HPOS="1692" VPOS="1929" WIDTH="211" HEIGHT="49" WC="0.96" CONTENT="utgifterna"/><SP WIDTH="28" VPOS="1929" HPOS="1903"/>
							<String ID="string_272" HPOS="1931" VPOS="1929" WIDTH="58" HEIGHT="37" WC="0.96" CONTENT="för"/>
						</TextLine>
						<TextLine ID="line_34" HPOS="397" VPOS="1980" WIDTH="1591" HEIGHT="50">
							<String ID="string_273" HPOS="397" VPOS="1980" WIDTH="88" HEIGHT="37" WC="0.93" CONTENT="dess"/><SP WIDTH="44" VPOS="1980" HPOS="485"/>
							<String ID="string_274" HPOS="529" VPOS="1980" WIDTH="147" HEIGHT="50" WC="0.90" CONTENT="öfning,"/><SP WIDTH="42" VPOS="1980" HPOS="676"/>
							<String ID="string_275" HPOS="718" VPOS="1981" WIDTH="68" HEIGHT="36" WC="0.96" CONTENT="har"/><SP WIDTH="42" VPOS="1981" HPOS="786"/>
							<String ID="string_276" HPOS="828" VPOS="1981" WIDTH="41" HEIGHT="36" WC="0.90" CONTENT="af"/><SP WIDTH="38" VPOS="1981" HPOS="869"/>
							<String ID="string_277" HPOS="907" VPOS="1981" WIDTH="407" HEIGHT="49" WC="0.90" CONTENT="marinförvaltningen"/><SP WIDTH="41" VPOS="1981" HPOS="1314"/>
							<String ID="string_278" HPOS="1355" VPOS="1981" WIDTH="203" HEIGHT="37" WC="0.96" CONTENT="beräknats"/><SP WIDTH="37" VPOS="1981" HPOS="1558"/>
							<String ID="string_279" HPOS="1595" VPOS="1981" WIDTH="57" HEIGHT="37" WC="0.93" CONTENT="till"/><SP WIDTH="30" VPOS="1981" HPOS="1652"/>
							<String ID="string_280" HPOS="1682" VPOS="1983" WIDTH="136" HEIGHT="47" WC="0.91" CONTENT="29,163"/><SP WIDTH="31" VPOS="1983" HPOS="1818"/>
							<String ID="string_281" HPOS="1849" VPOS="1981" WIDTH="139" HEIGHT="37" WC="0.95" CONTENT="kronor"/>
						</TextLine>
						<TextLine ID="line_35" HPOS="397" VPOS="2034" WIDTH="153" HEIGHT="36">
							<String ID="string_282" HPOS="397" VPOS="2034" WIDTH="48" HEIGHT="35" WC="0.84" CONTENT="80"/><SP WIDTH="30" VPOS="2034" HPOS="445"/>
							<String ID="string_283" HPOS="475" VPOS="2039" WIDTH="75" HEIGHT="31" WC="0.95" CONTENT="öre."/>
						</TextLine>
					</TextBlock>
					<TextBlock ID="block_7" HPOS="395" VPOS="2084" WIDTH="1591" HEIGHT="206">
						<TextLine ID="line_36" HPOS="499" VPOS="2084" WIDTH="1487" HEIGHT="51">
							<String ID="string_284" HPOS="499" VPOS="2084" WIDTH="75" HEIGHT="38" WC="0.96" CONTENT="För"/><SP WIDTH="42" VPOS="2084" HPOS="574"/>
							<String ID="string_285" HPOS="616" VPOS="2084" WIDTH="244" HEIGHT="38" WC="0.96" CONTENT="anordnande"/><SP WIDTH="42" VPOS="2084" HPOS="860"/>
							<String ID="string_286" HPOS="902" VPOS="2086" WIDTH="40" HEIGHT="36" WC="0.96" CONTENT="af"/><SP WIDTH="38" VPOS="2086" HPOS="942"/>
							<String ID="string_287" HPOS="980" VPOS="2085" WIDTH="262" HEIGHT="48" WC="0.95" CONTENT="inkvartering"/><SP WIDTH="40" VPOS="2085" HPOS="1242"/>
							<String ID="string_288" HPOS="1282" VPOS="2086" WIDTH="60" HEIGHT="36" WC="0.96" CONTENT="för"/><SP WIDTH="41" VPOS="2086" HPOS="1342"/>
							<String ID="string_289" HPOS="1383" VPOS="2086" WIDTH="293" HEIGHT="48" WC="0.96" CONTENT="ifrågavarande"/><SP WIDTH="29" VPOS="2086" HPOS="1676"/>
							<String ID="string_290" HPOS="1705" VPOS="2086" WIDTH="179" HEIGHT="49" WC="0.88" CONTENT="personal"/><SP WIDTH="28" VPOS="2086" HPOS="1884"/>
							<String ID="string_291" HPOS="1912" VPOS="2086" WIDTH="74" HEIGHT="36" WC="0.88" CONTENT="till-"/>
						</TextLine>
						<TextLine ID="line_37" HPOS="396" VPOS="2137" WIDTH="1589" HEIGHT="51">
							<String ID="string_292" HPOS="396" VPOS="2137" WIDTH="169" HEIGHT="37" WC="0.96" CONTENT="hörande"/><SP WIDTH="41" VPOS="2137" HPOS="565"/>
							<String ID="string_293" HPOS="606" VPOS="2137" WIDTH="102" HEIGHT="37" WC="0.96" CONTENT="befäl"/><SP WIDTH="42" VPOS="2137" HPOS="708"/>
							<String ID="string_294" HPOS="750" VPOS="2137" WIDTH="70" HEIGHT="37" WC="0.93" CONTENT="och"/><SP WIDTH="37" VPOS="2137" HPOS="820"/>
							<String ID="string_295" HPOS="857" VPOS="2138" WIDTH="222" HEIGHT="37" WC="0.78" CONTENT="underbefäl"/><SP WIDTH="28" VPOS="2138" HPOS="1079"/>
							<String ID="string_296" HPOS="1107" VPOS="2138" WIDTH="161" HEIGHT="37" WC="0.91" CONTENT="behöfde"/><SP WIDTH="28" VPOS="2138" HPOS="1268"/>
							<String ID="string_297" HPOS="1296" VPOS="2137" WIDTH="186" HEIGHT="49" WC="0.92" CONTENT="härjämte"/><SP WIDTH="28" VPOS="2137" HPOS="1482"/>
							<String ID="string_298" HPOS="1510" VPOS="2152" WIDTH="75" HEIGHT="36" WC="0.93" CONTENT="nya"/><SP WIDTH="27" VPOS="2152" HPOS="1585"/>
							<String ID="string_299" HPOS="1612" VPOS="2138" WIDTH="145" HEIGHT="37" WC="0.83" CONTENT="Jokaler"/><SP WIDTH="27" VPOS="2138" HPOS="1757"/>
							<String ID="string_300" HPOS="1784" VPOS="2138" WIDTH="201" HEIGHT="37" WC="0.96" CONTENT="anskaffas."/>
						</TextLine>
						<TextLine ID="line_38" HPOS="395" VPOS="2189" WIDTH="1590" HEIGHT="51">
							<String ID="string_301" HPOS="395" VPOS="2189" WIDTH="75" HEIGHT="37" WC="0.96" CONTENT="För"/><SP WIDTH="46" VPOS="2189" HPOS="470"/>
							<String ID="string_302" HPOS="516" VPOS="2189" WIDTH="46" HEIGHT="37" WC="0.96" CONTENT="de"/><SP WIDTH="45" VPOS="2189" HPOS="562"/>
							<String ID="string_303" HPOS="607" VPOS="2189" WIDTH="12" HEIGHT="36" WC="0.93" CONTENT="1"/><SP WIDTH="30" VPOS="2189" HPOS="619"/>
							<String ID="string_304" HPOS="649" VPOS="2190" WIDTH="134" HEIGHT="36" WC="0.96" CONTENT="sådant"/><SP WIDTH="40" VPOS="2190" HPOS="783"/>
							<String ID="string_305" HPOS="823" VPOS="2190" WIDTH="178" HEIGHT="37" WC="0.96" CONTENT="afseende"/><SP WIDTH="46" VPOS="2190" HPOS="1001"/>
							<String ID="string_306" HPOS="1047" VPOS="2190" WIDTH="237" HEIGHT="50" WC="0.96" CONTENT="lämpligaste"/><SP WIDTH="38" VPOS="2190" HPOS="1284"/>
							<String ID="string_307" HPOS="1322" VPOS="2190" WIDTH="310" HEIGHT="50" WC="0.93" CONTENT="anordningarna"/><SP WIDTH="29" VPOS="2190" HPOS="1632"/>
							<String ID="string_308" HPOS="1661" VPOS="2191" WIDTH="241" HEIGHT="37" WC="0.90" CONTENT="erfordrades"/><SP WIDTH="30" VPOS="2191" HPOS="1902"/>
							<String ID="string_309" HPOS="1932" VPOS="2196" WIDTH="53" HEIGHT="31" WC="0.96" CONTENT="ett"/>
						</TextLine>
						<TextLine ID="line_39" HPOS="396" VPOS="2241" WIDTH="523" HEIGHT="49">
							<String ID="string_310" HPOS="396" VPOS="2241" WIDTH="136" HEIGHT="49" WC="0.95" CONTENT="anslag"/><SP WIDTH="28" VPOS="2241" HPOS="532"/>
							<String ID="string_311" HPOS="560" VPOS="2242" WIDTH="42" HEIGHT="36" WC="0.93" CONTENT="af"/><SP WIDTH="26" VPOS="2242" HPOS="602"/>
							<String ID="string_312" HPOS="628" VPOS="2243" WIDTH="112" HEIGHT="46" WC="0.91" CONTENT="8,000"/><SP WIDTH="30" VPOS="2243" HPOS="740"/>
							<String ID="string_313" HPOS="770" VPOS="2242" WIDTH="149" HEIGHT="37" WC="0.95" CONTENT="kronor."/>
						</TextLine>
					</TextBlock>
				</ComposedBlock>
			</PrintSpace>
		</Page>
	</Layout>
</alto>
