2205 2698
703 167 254 32 Statsutskottets
988 167 172 33 Utlåtande
1182 167 63 32 N:o
1272 171 28 30 6.
1696 169 60 31 199

203 253 158 48 ledning
402 253 64 37 vid
506 254 165 36 nämnda
703 254 75 36 fort
806 254 233 37 beräknades
1068 254 12 36 1
1109 257 41 33 så
1177 254 79 49 hög
1283 254 95 49 grad
1406 254 152 37 komma
1587 259 55 32 att
1670 255 124 37 öfver-

205 306 139 48 skrida,
374 306 99 36 hvad
501 306 223 37 kommittén
751 307 13 36 i
793 320 142 24 samma
963 306 177 38 afseende
1169 311 125 33 ansett
1322 307 251 50 erforderligt.

308 359 86 37 Med
422 359 143 49 hemlig
588 359 348 37 ämbetsskrifvelse
958 360 74 36 den
1054 362 18 34 1
1095 359 173 37 sistlidna
1287 360 205 37 november
1511 360 67 37 har
1598 361 196 36 marinför-

205 411 222 50 valtningen
456 412 86 36 med
571 411 207 50 anledning
806 412 110 36 häraf
941 413 251 36 öfverlämnat
1222 412 68 38 och
1320 413 180 49 åberopat
1528 426 44 23 en
1594 413 199 37 skrifvelse

204 464 83 36 från
329 465 136 36 chefen
506 465 58 36 för
593 464 296 37 fortifikationen
919 466 41 35 af
985 465 71 36 den
1086 467 46 34 26
1163 465 324 49 därförutgångna
1515 465 170 48 oktober,
1715 466 81 37 däri

205 517 123 36 denne
356 516 165 47 förmält,
552 522 54 31 att
635 517 176 49 samtliga
840 517 45 36 de
914 517 402 50 befästningsarbeten
1344 517 60 37 vid
1436 517 248 48 Karlskrona,
1715 531 80 24 som

205 582 91 24 vore
338 569 81 36 dels
460 569 115 37 redan
618 569 237 37 fullbordade
897 569 80 37 dels
1018 570 120 36 under
1177 570 214 47 utförande,
1430 570 157 49 inginge
1616 571 11 36 i
1656 571 73 36 den
1758 571 41 36 af

204 621 467 49 befästningskommittén
711 622 222 36 utarbetade
975 622 139 49 planen
1148 623 58 36 för
1235 623 255 36 Karlskronas
1519 623 100 36 fasta
1647 623 149 37 försvar

204 679 96 32 samt
341 678 56 33 att
437 674 89 48 inga
567 674 116 37 andra
725 674 93 37 verk
859 679 46 31 än
948 675 110 36 dessa
1085 688 90 24 vore
1204 675 155 37 afsedda
1388 680 53 32 att
1468 675 60 37 för
1557 675 71 37 den
1649 675 146 50 ifråga-

203 727 166 37 varande
399 741 170 23 summan
599 729 163 45 748,100
791 727 142 36 kronor
960 728 154 36 utföras.

306 780 17 35 I
339 779 56 37 gin
412 779 235 37 sistnämnda
663 779 203 36 skrifvelse
885 780 69 36 har
969 779 407 49 marinförvaltningen
1391 780 121 37 tillika
1528 780 136 47 anfört,
1681 780 115 37 bland

204 836 126 43 annat,
360 836 56 32 att
444 832 194 48 ökningen
666 832 12 35 i
706 831 215 37 kostnaden
948 831 60 37 för
1037 832 304 48 anordningarna
1367 833 59 35 för
1446 831 129 37 eldens
1595 832 160 49 ledning
1775 836 20 33 å

203 883 137 37 Västra
370 884 247 36 Hästholmen
648 897 90 24 vore
759 884 189 37 beroende
973 884 48 48 af,
1044 884 80 37 dels
1145 888 55 32 att
1220 898 86 23 man
1325 884 63 37 vid
1408 884 246 50 uppgörande
1675 886 41 35 af
1732 885 63 36 det

203 936 119 36 första
350 936 370 49 kostnadsförslaget
748 937 58 36 för
835 937 110 36 dessa
975 937 254 48 anordningar
1257 937 83 36 icke
1367 937 80 36 haft
1467 942 54 31 att
1541 937 108 48 tillgå
1668 941 127 45 någon

204 988 171 37 definitiv
402 989 91 48 plan
521 988 56 36 till
606 989 135 36 fortets
770 989 246 48 ombyggnad
1046 989 79 36 dels
1150 989 69 36 ock
1239 993 56 32 att
1314 989 265 48 fordringarna
1599 992 20 33 å
1639 1003 154 35 pansar-

203 1040 125 50 skydd
357 1041 71 36 och
457 1047 185 42 utrymme
671 1041 59 37 för
758 1041 405 50 observationsplatser
1191 1041 72 37 och
1291 1042 243 36 strålkastare
1562 1042 11 36 i
1602 1042 194 48 väsentlig

203 1096 87 33 mån
319 1098 165 44 stegrats
512 1093 121 36 under
661 1094 46 35 de
736 1107 131 23 senare
893 1096 99 34 åren.
1024 1094 193 49 Därjämte
1237 1094 97 36 hade
1355 1094 182 36 behofvet
1556 1094 41 36 af
1614 1095 181 36 moderna

204 1145 571 50 orderöfverföringsapparater
817 1146 197 36 äfvensom
1058 1146 39 36 af
1136 1153 53 30 ett
1230 1159 104 23 mera
1375 1146 246 49 genomfördt
1649 1152 143 43 system

203 1198 60 36 för
300 1198 182 37 elektrisk
510 1198 202 49 belysning
739 1199 102 36 inom
870 1199 116 36 fortet
1014 1199 114 48 gjort,
1159 1203 54 32 att
1241 1199 211 37 kostnaden
1481 1198 129 37 härför
1642 1204 152 32 väsent-

203 1251 102 49 ligen
336 1255 174 44 stegrats.
568 1250 189 50 Blutligen
784 1251 68 36 har
880 1251 405 48 marinförvaltningen
1315 1252 141 36 lämnat
1484 1265 48 23 en
1552 1252 244 49 specificerad

203 1303 153 49 uppgift
383 1303 197 49 angående
601 1303 296 49 användningen
921 1303 41 36 af
979 1303 63 36 det
1061 1303 58 37 för
1138 1303 288 49 ifrågavarande
1448 1304 172 36 ändamål
1640 1305 156 36 afsedda

203 1355 141 50 belopp
386 1332 70 60 af
465 1357 73 34 200
543 1357 86 45 000
671 1332 173 71 NR
866 1355 154 37 hvilken
1059 1369 105 36 uppg
1140 1332 92 59 gift
1233 1356 119 48 jämte
1381 1356 227 37 skrifvelsen
1636 1356 10 36 i
1677 1357 119 49 öfrigt

203 1407 108 37 torde
340 1408 38 36 få
406 1385 305 59 tillhandahållas
740 1408 238 51 Riksdagens
1008 1408 281 36 vederbörande
1319 1409 153 36 utskott.

306 1460 111 36 Hvad
460 1460 182 49 slutligen
684 1461 178 36 beträffar
907 1461 191 49 Ålfsborgs
1136 1462 180 48 fästning,
1359 1464 41 34 så
1442 1461 66 37 har
1536 1461 259 49 befästnings-

204 1512 226 37 kommittén
471 1512 186 37 beräknat
699 1513 256 36 kostnaderna
994 1512 60 37 för
1100 1513 292 49 bestycknings-
1431 1514 69 36 och
1538 1513 256 49 befästnings-

204 1565 310 48 anordningarna
542 1565 195 36 därstädes
775 1565 65 46 till,
869 1565 60 36 för
957 1565 46 36 de
1032 1566 102 35 förra
1165 1567 199 46 1,010,000
1394 1566 140 36 kronor
1562 1566 71 36 och
1660 1566 61 36 för
1749 1567 46 36 de

204 1630 132 23 senare
380 1619 163 44 840,000
586 1618 149 43 kronor,
778 1617 154 37 hvartill
974 1618 119 35 skulle
1130 1617 150 37 komma
1316 1618 60 36 för
1403 1619 206 35 försvarets
1639 1618 157 49 ledning

205 1670 138 45 50,000
372 1669 154 47 kronor,
557 1669 90 36 eller
676 1669 146 36 således
851 1669 156 49 tillhopa
1038 1671 200 45 1,900,000
1267 1669 150 37 kronor.
1475 1671 56 35 Då
1557 1670 168 36 härifrån
1741 1672 55 35 af-

202 1721 140 36 räknas
383 1721 41 37 af
461 1721 225 36 kommittén
727 1721 211 37 beräknadt
979 1721 134 50 bidrag
1154 1722 84 36 från
1280 1722 252 50 en-per-mille
1573 1722 143 38 fonden
1757 1723 41 37 af

205 1775 164 44 240,000
407 1774 152 46 kronor,
599 1773 121 37 skulle
757 1774 257 36 kostnaderna
1047 1775 10 34 i
1087 1774 118 49 öfrigt
1234 1775 121 48 enligt
1384 1775 247 36 kommitténs
1661 1775 133 36 beräk-

205 1826 136 48 ningar
369 1825 149 37 komma
548 1830 55 32 att
630 1829 129 46 uppgå
787 1826 56 36 till
875 1828 199 44 1,660,000
1103 1826 149 37 kronor.

308 1878 54 36 Af
387 1879 425 49 marinförvaltningens
842 1878 258 50 underdäniga
1130 1878 201 38 skrifvelse
1361 1879 72 37 den
1461 1881 23 35 4
1505 1879 157 37 oktober
1685 1882 109 47 1901,

204 1931 61 36 för
301 1931 153 37 hvilken
479 1931 70 49 jag
576 1936 171 32 närmare
781 1932 198 49 redogjort
1006 1932 12 36 i
1046 1932 84 36 mitt
1159 1932 207 37 anförande
1395 1932 57 36 till
1481 1933 312 48 statsrådsproto-

204 1983 119 36 kollet
365 1983 72 37 den
482 1986 42 33 11
564 1983 150 49 januari
759 1986 109 46 1902,
899 1984 144 49 bilagdt
1072 1998 142 23 samma
1243 1988 60 33 års
1332 1985 462 49 statsverksproposition,

206 2035 179 49 framgår,
423 2040 66 43 att,
529 2036 115 37 sedan
674 2013 194 72 bidraget
878 2036 86 37 från
994 2037 255 48 en-per-mille
1278 2037 146 36 fonden
1451 2037 125 36 blifvit
1605 2037 191 37 bestämdt

203 2087 58 37 till
292 2065 83 71 270,
378 2066 75 58 000
482 2066 150 71 kronor,
663 2089 72 36 den
763 2066 59 59 för
851 2089 178 37 arbetena
1058 2089 63 36 vid
1149 2083 186 54 Älfsborg
1358 2089 245 48 beräkneliga
1624 2103 171 23 summan

204 2118 171 71 uppgått
406 2140 56 37 till
508 2142 121 46 1,930,
625 2119 82 59 000
749 2141 150 37 kronor.
956 2141 161 37 Arméns
1155 2116 268 79 myndigheter
1451 2142 96 37 hade
1554 2118 64 60 af
1643 2142 153 36 anfördt

205 2193 83 36 skäl
331 2197 135 43 ansett,
509 2170 55 59 att
608 2171 161 70 125,000
799 2194 140 36 kronor
968 2193 120 37 skulle
1116 2194 128 36 kunna
1273 2194 209 37 öfverföras
1509 2194 85 36 från
1622 2194 174 37 artilleri-

203 2245 212 36 kostnaden
456 2244 56 37 till
549 2245 456 49 befästningskostnaden
1034 2246 70 37 och
1133 2246 46 37 de
1209 2246 214 49 disponibla
1451 2246 147 37 medlen
1627 2246 167 38 fördelas
