<?xml version="1.0" encoding="UTF-8"?>
<alto xmlns="http://www.loc.gov/standards/alto/ns-v3#" xmlns:xlink="http://www.w3.org/1999/xlink" xmlns:xsi="http://www.w3.org/2001/XMLSchema-instance" xsi:schemaLocation="http://www.loc.gov/standards/alto/ns-v3# http://www.loc.gov/alto/v3/alto-3-0.xsd">
	<Description>
		<MeasurementUnit>pixel</MeasurementUnit>
		<sourceImageInformation>
			<fileName>/tmp/tess_a4xusqek_input.PNG</fileName>
		</sourceImageInformation>
		<OCRProcessing ID="OCR_0">
			<ocrProcessingStep>
				<processingSoftware>
					<softwareName>tesseract 5.3.0</softwareName>
				</processingSoftware>
			</ocrProcessingStep>
		</OCRProcessing>
	</Description>
	<Layout>
		<Page WIDTH="2195" HEIGHT="2694" PHYSICAL_IMG_NR="0" ID="page_0">
			<PrintSpace HPOS="0" VPOS="0" WIDTH="2195" HEIGHT="2694">
				<ComposedBlock ID="cblock_0" HPOS="194" VPOS="2179" WIDTH="138" HEIGHT="64">
					<TextBlock ID="block_0" HPOS="194" VPOS="2179" WIDTH="138" HEIGHT="64">
						<TextLine ID="line_0" HPOS="194" VPOS="2179" WIDTH="138" HEIGHT="23">
							<String ID="string_0" HPOS="194" VPOS="2179" WIDTH="138" HEIGHT="23" WC="0.85" CONTENT="Utskottets"/>
						</TextLine>
						<TextLine ID="line_1" HPOS="196" VPOS="2213" WIDTH="129" HEIGHT="30">
							<String ID="string_1" HPOS="196" VPOS="2213" WIDTH="129" HEIGHT="30" WC="0.94" CONTENT="yttrande."/>
						</TextLine>
					</TextBlock>
				</ComposedBlock>
				<ComposedBlock ID="cblock_1" HPOS="439" VPOS="147" WIDTH="1052" HEIGHT="33">
					<TextBlock ID="block_1" HPOS="439" VPOS="147" WIDTH="1052" HEIGHT="33">
						<TextLine ID="line_2" HPOS="439" VPOS="147" WIDTH="1052" HEIGHT="33">
							<String ID="string_2" HPOS="439" VPOS="148" WIDTH="59" HEIGHT="31" WC="0.95" CONTENT="162"/><SP WIDTH="396" VPOS="148" HPOS="498"/>
							<String ID="string_3" HPOS="894" VPOS="147" WIDTH="256" HEIGHT="33" WC="0.68" CONTENT="Statsutskottets"/><SP WIDTH="30" VPOS="147" HPOS="1150"/>
							<String ID="string_4" HPOS="1180" VPOS="147" WIDTH="171" HEIGHT="33" WC="0.63" CONTENT="Ullåtande"/><SP WIDTH="22" VPOS="147" HPOS="1351"/>
							<String ID="string_5" HPOS="1373" VPOS="147" WIDTH="64" HEIGHT="32" WC="0.95" CONTENT="N:o"/><SP WIDTH="26" VPOS="147" HPOS="1437"/>
							<String ID="string_6" HPOS="1463" VPOS="151" WIDTH="28" HEIGHT="28" WC="0.94" CONTENT="6."/>
						</TextLine>
					</TextBlock>
				</ComposedBlock>
				<ComposedBlock ID="cblock_2" HPOS="388" VPOS="233" WIDTH="1599" HEIGHT="1517">
					<TextBlock ID="block_2" HPOS="394" VPOS="233" WIDTH="1592" HEIGHT="460">
						<TextLine ID="line_3" HPOS="500" VPOS="233" WIDTH="1486" HEIGHT="51">
							<String ID="string_7" HPOS="500" VPOS="234" WIDTH="407" HEIGHT="50" WC="0.91" CONTENT="Marinförvaltningen"/><SP WIDTH="40" VPOS="234" HPOS="907"/>
							<String ID="string_8" HPOS="947" VPOS="235" WIDTH="69" HEIGHT="36" WC="0.95" CONTENT="har"/><SP WIDTH="40" VPOS="235" HPOS="1016"/>
							<String ID="string_9" HPOS="1056" VPOS="234" WIDTH="128" HEIGHT="37" WC="0.95" CONTENT="vidare"/><SP WIDTH="41" VPOS="234" HPOS="1184"/>
							<String ID="string_10" HPOS="1225" VPOS="234" WIDTH="212" HEIGHT="49" WC="0.95" CONTENT="föreslagit,"/><SP WIDTH="39" VPOS="234" HPOS="1437"/>
							<String ID="string_11" HPOS="1476" VPOS="238" WIDTH="55" HEIGHT="33" WC="0.96" CONTENT="att"/><SP WIDTH="30" VPOS="238" HPOS="1531"/>
							<String ID="string_12" HPOS="1561" VPOS="233" WIDTH="281" HEIGHT="50" WC="0.96" CONTENT="framställning"/><SP WIDTH="28" VPOS="233" HPOS="1842"/>
							<String ID="string_13" HPOS="1870" VPOS="237" WIDTH="116" HEIGHT="35" WC="0.96" CONTENT="måtte"/>
						</TextLine>
						<TextLine ID="line_4" HPOS="396" VPOS="286" WIDTH="1586" HEIGHT="52">
							<String ID="string_14" HPOS="396" VPOS="293" WIDTH="114" HEIGHT="44" WC="0.95" CONTENT="göras"/><SP WIDTH="41" VPOS="293" HPOS="510"/>
							<String ID="string_15" HPOS="551" VPOS="288" WIDTH="58" HEIGHT="37" WC="0.94" CONTENT="till"/><SP WIDTH="40" VPOS="288" HPOS="609"/>
							<String ID="string_16" HPOS="649" VPOS="288" WIDTH="222" HEIGHT="49" WC="0.94" CONTENT="Riksdagen"/><SP WIDTH="42" VPOS="288" HPOS="871"/>
							<String ID="string_17" HPOS="913" VPOS="301" WIDTH="61" HEIGHT="23" WC="0.93" CONTENT="om"/><SP WIDTH="41" VPOS="301" HPOS="974"/>
							<String ID="string_18" HPOS="1015" VPOS="286" WIDTH="206" HEIGHT="50" WC="0.96" CONTENT="byggande"/><SP WIDTH="29" VPOS="286" HPOS="1221"/>
							<String ID="string_19" HPOS="1250" VPOS="287" WIDTH="42" HEIGHT="38" WC="0.96" CONTENT="af"/><SP WIDTH="25" VPOS="287" HPOS="1292"/>
							<String ID="string_20" HPOS="1317" VPOS="288" WIDTH="20" HEIGHT="35" WC="0.96" CONTENT="9"/><SP WIDTH="31" VPOS="288" HPOS="1337"/>
							<String ID="string_21" HPOS="1368" VPOS="287" WIDTH="159" HEIGHT="49" WC="0.93" CONTENT="stycken"/><SP WIDTH="29" VPOS="287" HPOS="1527"/>
							<String ID="string_22" HPOS="1556" VPOS="289" WIDTH="60" HEIGHT="35" WC="0.92" CONTENT="2:a"/><SP WIDTH="28" VPOS="289" HPOS="1616"/>
							<String ID="string_23" HPOS="1644" VPOS="287" WIDTH="50" HEIGHT="36" WC="0.94" CONTENT="kl."/><SP WIDTH="31" VPOS="287" HPOS="1694"/>
							<String ID="string_24" HPOS="1725" VPOS="287" WIDTH="257" HEIGHT="51" WC="0.95" CONTENT="torpedbåtar."/>
						</TextLine>
						<TextLine ID="line_5" HPOS="396" VPOS="339" WIDTH="1590" HEIGHT="51">
							<String ID="string_25" HPOS="396" VPOS="340" WIDTH="87" HEIGHT="37" WC="0.95" CONTENT="Med"/><SP WIDTH="40" VPOS="340" HPOS="483"/>
							<String ID="string_26" HPOS="523" VPOS="340" WIDTH="151" HEIGHT="50" WC="0.92" CONTENT="hänsyn"/><SP WIDTH="40" VPOS="340" HPOS="674"/>
							<String ID="string_27" HPOS="714" VPOS="341" WIDTH="58" HEIGHT="36" WC="0.96" CONTENT="till"/><SP WIDTH="41" VPOS="341" HPOS="772"/>
							<String ID="string_28" HPOS="813" VPOS="340" WIDTH="117" HEIGHT="37" WC="0.93" CONTENT="andra"/><SP WIDTH="41" VPOS="340" HPOS="930"/>
							<String ID="string_29" HPOS="971" VPOS="340" WIDTH="277" HEIGHT="49" WC="0.90" CONTENT="anslagsbehof"/><SP WIDTH="29" VPOS="340" HPOS="1248"/>
							<String ID="string_30" HPOS="1277" VPOS="340" WIDTH="146" HEIGHT="49" WC="0.91" CONTENT="nödgas"/><SP WIDTH="23" VPOS="340" HPOS="1423"/>
							<String ID="string_31" HPOS="1446" VPOS="340" WIDTH="70" HEIGHT="49" WC="0.96" CONTENT="jag"/><SP WIDTH="29" VPOS="340" HPOS="1516"/>
							<String ID="string_32" HPOS="1545" VPOS="339" WIDTH="212" HEIGHT="38" WC="0.93" CONTENT="emellertid"/><SP WIDTH="28" VPOS="339" HPOS="1757"/>
							<String ID="string_33" HPOS="1785" VPOS="341" WIDTH="201" HEIGHT="37" WC="0.91" CONTENT="hemställa"/>
						</TextLine>
						<TextLine ID="line_6" HPOS="396" VPOS="392" WIDTH="1589" HEIGHT="50">
							<String ID="string_34" HPOS="396" VPOS="407" WIDTH="61" HEIGHT="22" WC="0.96" CONTENT="om"/><SP WIDTH="28" VPOS="407" HPOS="457"/>
							<String ID="string_35" HPOS="485" VPOS="398" WIDTH="55" HEIGHT="32" WC="0.96" CONTENT="att"/><SP WIDTH="28" VPOS="398" HPOS="540"/>
							<String ID="string_36" HPOS="568" VPOS="392" WIDTH="281" HEIGHT="50" WC="0.96" CONTENT="framställning"/><SP WIDTH="36" VPOS="392" HPOS="849"/>
							<String ID="string_37" HPOS="885" VPOS="396" WIDTH="117" HEIGHT="34" WC="0.96" CONTENT="måtte"/><SP WIDTH="33" VPOS="396" HPOS="1002"/>
							<String ID="string_38" HPOS="1035" VPOS="397" WIDTH="114" HEIGHT="45" WC="0.96" CONTENT="göras"/><SP WIDTH="29" VPOS="397" HPOS="1149"/>
							<String ID="string_39" HPOS="1178" VPOS="406" WIDTH="60" HEIGHT="24" WC="0.96" CONTENT="om"/><SP WIDTH="29" VPOS="406" HPOS="1238"/>
							<String ID="string_40" HPOS="1267" VPOS="392" WIDTH="215" HEIGHT="50" WC="0.96" CONTENT="beviljande"/><SP WIDTH="28" VPOS="392" HPOS="1482"/>
							<String ID="string_41" HPOS="1510" VPOS="393" WIDTH="41" HEIGHT="36" WC="0.96" CONTENT="af"/><SP WIDTH="24" VPOS="393" HPOS="1551"/>
							<String ID="string_42" HPOS="1575" VPOS="392" WIDTH="124" HEIGHT="38" WC="0.95" CONTENT="medel"/><SP WIDTH="27" VPOS="392" HPOS="1699"/>
							<String ID="string_43" HPOS="1726" VPOS="393" WIDTH="60" HEIGHT="37" WC="0.96" CONTENT="för"/><SP WIDTH="29" VPOS="393" HPOS="1786"/>
							<String ID="string_44" HPOS="1815" VPOS="396" WIDTH="41" HEIGHT="34" WC="0.96" CONTENT="år"/><SP WIDTH="32" VPOS="396" HPOS="1856"/>
							<String ID="string_45" HPOS="1888" VPOS="396" WIDTH="97" HEIGHT="35" WC="0.96" CONTENT="1906"/>
						</TextLine>
						<TextLine ID="line_7" HPOS="395" VPOS="445" WIDTH="1591" HEIGHT="50">
							<String ID="string_46" HPOS="395" VPOS="445" WIDTH="57" HEIGHT="37" WC="0.95" CONTENT="till"/><SP WIDTH="29" VPOS="445" HPOS="452"/>
							<String ID="string_47" HPOS="481" VPOS="445" WIDTH="203" HEIGHT="50" WC="0.96" CONTENT="byggande"/><SP WIDTH="29" VPOS="445" HPOS="684"/>
							<String ID="string_48" HPOS="713" VPOS="446" WIDTH="41" HEIGHT="36" WC="0.92" CONTENT="af"/><SP WIDTH="26" VPOS="446" HPOS="754"/>
							<String ID="string_49" HPOS="780" VPOS="445" WIDTH="158" HEIGHT="37" WC="0.91" CONTENT="allenast"/><SP WIDTH="28" VPOS="445" HPOS="938"/>
							<String ID="string_50" HPOS="966" VPOS="447" WIDTH="20" HEIGHT="35" WC="0.96" CONTENT="6"/><SP WIDTH="31" VPOS="447" HPOS="986"/>
							<String ID="string_51" HPOS="1017" VPOS="445" WIDTH="140" HEIGHT="37" WC="0.96" CONTENT="sådana"/><SP WIDTH="27" VPOS="445" HPOS="1157"/>
							<String ID="string_52" HPOS="1184" VPOS="445" WIDTH="141" HEIGHT="49" WC="0.95" CONTENT="fartyg."/><SP WIDTH="64" VPOS="445" HPOS="1325"/>
							<String ID="string_53" HPOS="1389" VPOS="445" WIDTH="52" HEIGHT="37" WC="0.95" CONTENT="På"/><SP WIDTH="31" VPOS="445" HPOS="1441"/>
							<String ID="string_54" HPOS="1472" VPOS="450" WIDTH="75" HEIGHT="32" WC="0.93" CONTENT="sätt"/><SP WIDTH="32" VPOS="450" HPOS="1547"/>
							<String ID="string_55" HPOS="1579" VPOS="445" WIDTH="407" HEIGHT="50" WC="0.69" CONTENT="marinförvaltningen"/>
						</TextLine>
						<TextLine ID="line_8" HPOS="394" VPOS="498" WIDTH="1592" HEIGHT="50">
							<String ID="string_56" HPOS="394" VPOS="498" WIDTH="201" HEIGHT="50" WC="0.95" CONTENT="föreslagit"/><SP WIDTH="44" VPOS="498" HPOS="595"/>
							<String ID="string_57" HPOS="639" VPOS="498" WIDTH="67" HEIGHT="37" WC="0.95" CONTENT="bör"/><SP WIDTH="26" VPOS="498" HPOS="706"/>
							<String ID="string_58" HPOS="732" VPOS="498" WIDTH="86" HEIGHT="38" WC="0.96" CONTENT="hela"/><SP WIDTH="29" VPOS="498" HPOS="818"/>
							<String ID="string_59" HPOS="847" VPOS="498" WIDTH="212" HEIGHT="37" WC="0.96" CONTENT="kostnaden"/><SP WIDTH="29" VPOS="498" HPOS="1059"/>
							<String ID="string_60" HPOS="1088" VPOS="498" WIDTH="60" HEIGHT="37" WC="0.96" CONTENT="för"/><SP WIDTH="28" VPOS="498" HPOS="1148"/>
							<String ID="string_61" HPOS="1176" VPOS="502" WIDTH="55" HEIGHT="33" WC="0.97" CONTENT="ett"/><SP WIDTH="28" VPOS="502" HPOS="1231"/>
							<String ID="string_62" HPOS="1259" VPOS="498" WIDTH="121" HEIGHT="50" WC="0.96" CONTENT="dylikt"/><SP WIDTH="28" VPOS="498" HPOS="1380"/>
							<String ID="string_63" HPOS="1408" VPOS="498" WIDTH="129" HEIGHT="50" WC="0.96" CONTENT="fartyg"/><SP WIDTH="27" VPOS="498" HPOS="1537"/>
							<String ID="string_64" HPOS="1564" VPOS="498" WIDTH="160" HEIGHT="50" WC="0.95" CONTENT="beviljas"/><SP WIDTH="30" VPOS="498" HPOS="1724"/>
							<String ID="string_65" HPOS="1754" VPOS="498" WIDTH="58" HEIGHT="37" WC="0.96" CONTENT="för"/><SP WIDTH="29" VPOS="498" HPOS="1812"/>
							<String ID="string_66" HPOS="1841" VPOS="512" WIDTH="145" HEIGHT="24" WC="0.96" CONTENT="samma"/>
						</TextLine>
						<TextLine ID="line_9" HPOS="395" VPOS="550" WIDTH="1586" HEIGHT="51">
							<String ID="string_67" HPOS="395" VPOS="554" WIDTH="51" HEIGHT="34" WC="0.88" CONTENT="år,"/><SP WIDTH="57" VPOS="554" HPOS="446"/>
							<String ID="string_68" HPOS="503" VPOS="551" WIDTH="78" HEIGHT="36" WC="0.94" CONTENT="Mot"/><SP WIDTH="30" VPOS="551" HPOS="581"/>
							<String ID="string_69" HPOS="611" VPOS="551" WIDTH="72" HEIGHT="37" WC="0.95" CONTENT="den"/><SP WIDTH="28" VPOS="551" HPOS="683"/>
							<String ID="string_70" HPOS="711" VPOS="551" WIDTH="42" HEIGHT="37" WC="0.93" CONTENT="af"/><SP WIDTH="16" VPOS="551" HPOS="753"/>
							<String ID="string_71" HPOS="769" VPOS="551" WIDTH="407" HEIGHT="49" WC="0.92" CONTENT="marinförvaltningen"/><SP WIDTH="19" VPOS="551" HPOS="1176"/>
							<String ID="string_72" HPOS="1195" VPOS="550" WIDTH="232" HEIGHT="38" WC="0.95" CONTENT="verkställda"/><SP WIDTH="18" VPOS="550" HPOS="1427"/>
							<String ID="string_73" HPOS="1445" VPOS="551" WIDTH="224" HEIGHT="49" WC="0.95" CONTENT="beräkning,"/><SP WIDTH="21" VPOS="551" HPOS="1669"/>
							<String ID="string_74" HPOS="1690" VPOS="551" WIDTH="121" HEIGHT="59" WC="0.96" CONTENT="enligt"/><SP WIDTH="18" VPOS="551" HPOS="1811"/>
							<String ID="string_75" HPOS="1829" VPOS="552" WIDTH="152" HEIGHT="37" WC="0.96" CONTENT="hvilken"/>
						</TextLine>
						<TextLine ID="line_10" HPOS="394" VPOS="603" WIDTH="1592" HEIGHT="51">
							<String ID="string_76" HPOS="394" VPOS="603" WIDTH="135" HEIGHT="59" WC="0.96" CONTENT="hvarje"/><SP WIDTH="38" VPOS="603" HPOS="529"/>
							<String ID="string_77" HPOS="567" VPOS="604" WIDTH="128" HEIGHT="49" WC="0.96" CONTENT="fartyg"/><SP WIDTH="40" VPOS="604" HPOS="695"/>
							<String ID="string_78" HPOS="735" VPOS="603" WIDTH="122" HEIGHT="38" WC="0.96" CONTENT="skulle"/><SP WIDTH="42" VPOS="603" HPOS="857"/>
							<String ID="string_79" HPOS="899" VPOS="604" WIDTH="150" HEIGHT="37" WC="0.96" CONTENT="komma"/><SP WIDTH="42" VPOS="604" HPOS="1049"/>
							<String ID="string_80" HPOS="1091" VPOS="580" WIDTH="54" HEIGHT="60" WC="0.93" CONTENT="att"/><SP WIDTH="40" VPOS="580" HPOS="1145"/>
							<String ID="string_81" HPOS="1185" VPOS="604" WIDTH="149" HEIGHT="36" WC="0.92" CONTENT="kosta"/><SP WIDTH="-25" VPOS="604" HPOS="1334"/>
							<String ID="string_82" HPOS="1309" VPOS="576" WIDTH="27" HEIGHT="81" WC="0.79" CONTENT=":"/><SP WIDTH="-11" VPOS="576" HPOS="1336"/>
							<String ID="string_83" HPOS="1325" VPOS="605" WIDTH="164" HEIGHT="47" WC="0.92" CONTENT="200,000"/><SP WIDTH="30" VPOS="605" HPOS="1489"/>
							<String ID="string_84" HPOS="1519" VPOS="604" WIDTH="150" HEIGHT="47" WC="0.96" CONTENT="kronor,"/><SP WIDTH="28" VPOS="604" HPOS="1669"/>
							<String ID="string_85" HPOS="1697" VPOS="604" WIDTH="70" HEIGHT="37" WC="0.96" CONTENT="har"/><SP WIDTH="24" VPOS="604" HPOS="1767"/>
							<String ID="string_86" HPOS="1791" VPOS="605" WIDTH="71" HEIGHT="49" WC="0.96" CONTENT="jag"/><SP WIDTH="27" VPOS="605" HPOS="1862"/>
							<String ID="string_87" HPOS="1889" VPOS="605" WIDTH="97" HEIGHT="37" WC="0.96" CONTENT="intet"/>
						</TextLine>
						<TextLine ID="line_11" HPOS="394" VPOS="661" WIDTH="218" HEIGHT="32">
							<String ID="string_88" HPOS="394" VPOS="661" WIDTH="56" HEIGHT="32" WC="0.95" CONTENT="att"/><SP WIDTH="28" VPOS="661" HPOS="450"/>
							<String ID="string_89" HPOS="478" VPOS="656" WIDTH="134" HEIGHT="37" WC="0.96" CONTENT="erinra."/>
						</TextLine>
					</TextBlock>
					<TextBlock ID="block_3" HPOS="392" VPOS="703" WIDTH="1595" HEIGHT="94">
						<TextLine ID="line_12" HPOS="496" VPOS="703" WIDTH="1491" HEIGHT="55">
							<String ID="string_90" HPOS="496" VPOS="703" WIDTH="129" HEIGHT="42" WC="0.95" CONTENT="Äfven"/><SP WIDTH="28" VPOS="703" HPOS="625"/>
							<String ID="string_91" HPOS="653" VPOS="708" WIDTH="110" HEIGHT="37" WC="0.96" CONTENT="dessa"/><SP WIDTH="31" VPOS="708" HPOS="763"/>
							<String ID="string_92" HPOS="794" VPOS="711" WIDTH="20" HEIGHT="34" WC="0.96" CONTENT="6"/><SP WIDTH="31" VPOS="711" HPOS="814"/>
							<String ID="string_93" HPOS="845" VPOS="709" WIDTH="160" HEIGHT="48" WC="0.93" CONTENT="stycken"/><SP WIDTH="30" VPOS="709" HPOS="1005"/>
							<String ID="string_94" HPOS="1035" VPOS="712" WIDTH="58" HEIGHT="33" WC="0.92" CONTENT="2:a"/><SP WIDTH="28" VPOS="712" HPOS="1093"/>
							<String ID="string_95" HPOS="1121" VPOS="708" WIDTH="50" HEIGHT="37" WC="0.96" CONTENT="kl."/><SP WIDTH="29" VPOS="708" HPOS="1171"/>
							<String ID="string_96" HPOS="1200" VPOS="709" WIDTH="246" HEIGHT="48" WC="0.95" CONTENT="torpedbåtar"/><SP WIDTH="28" VPOS="709" HPOS="1446"/>
							<String ID="string_97" HPOS="1474" VPOS="722" WIDTH="114" HEIGHT="36" WC="0.96" CONTENT="synas"/><SP WIDTH="28" VPOS="722" HPOS="1588"/>
							<String ID="string_98" HPOS="1616" VPOS="710" WIDTH="78" HEIGHT="47" WC="0.96" CONTENT="mig"/><SP WIDTH="27" VPOS="710" HPOS="1694"/>
							<String ID="string_99" HPOS="1721" VPOS="709" WIDTH="93" HEIGHT="37" WC="0.96" CONTENT="böra"/><SP WIDTH="19" VPOS="709" HPOS="1814"/>
							<String ID="string_100" HPOS="1833" VPOS="710" WIDTH="154" HEIGHT="48" WC="0.96" CONTENT="byggas"/>
						</TextLine>
						<TextLine ID="line_13" HPOS="392" VPOS="760" WIDTH="270" HEIGHT="37">
							<String ID="string_101" HPOS="392" VPOS="760" WIDTH="101" HEIGHT="35" WC="0.96" CONTENT="inom"/><SP WIDTH="30" VPOS="760" HPOS="493"/>
							<String ID="string_102" HPOS="523" VPOS="760" WIDTH="139" HEIGHT="37" WC="0.96" CONTENT="landet."/>
						</TextLine>
					</TextBlock>
					<TextBlock ID="block_4" HPOS="388" VPOS="811" WIDTH="1598" HEIGHT="834">
						<TextLine ID="line_14" HPOS="497" VPOS="811" WIDTH="1487" HEIGHT="51">
							<String ID="string_103" HPOS="497" VPOS="812" WIDTH="133" HEIGHT="50" WC="0.94" CONTENT="Enligt"/><SP WIDTH="28" VPOS="812" HPOS="630"/>
							<String ID="string_104" HPOS="658" VPOS="813" WIDTH="46" HEIGHT="36" WC="0.96" CONTENT="de"/><SP WIDTH="29" VPOS="813" HPOS="704"/>
							<String ID="string_105" HPOS="733" VPOS="812" WIDTH="265" HEIGHT="49" WC="0.93" CONTENT="beräkningar,"/><SP WIDTH="30" VPOS="812" HPOS="998"/>
							<String ID="string_106" HPOS="1028" VPOS="811" WIDTH="408" HEIGHT="50" WC="0.91" CONTENT="marinförvaltningen"/><SP WIDTH="21" VPOS="811" HPOS="1436"/>
							<String ID="string_107" HPOS="1457" VPOS="812" WIDTH="97" HEIGHT="38" WC="0.96" CONTENT="efter"/><SP WIDTH="20" VPOS="812" HPOS="1554"/>
							<String ID="string_108" HPOS="1574" VPOS="813" WIDTH="149" HEIGHT="37" WC="0.94" CONTENT="samråd"/><SP WIDTH="20" VPOS="813" HPOS="1723"/>
							<String ID="string_109" HPOS="1743" VPOS="813" WIDTH="86" HEIGHT="37" WC="0.95" CONTENT="med"/><SP WIDTH="20" VPOS="813" HPOS="1829"/>
							<String ID="string_110" HPOS="1849" VPOS="813" WIDTH="135" HEIGHT="38" WC="0.96" CONTENT="chefen"/>
						</TextLine>
						<TextLine ID="line_15" HPOS="392" VPOS="864" WIDTH="1592" HEIGHT="50">
							<String ID="string_111" HPOS="392" VPOS="864" WIDTH="60" HEIGHT="37" WC="0.96" CONTENT="för"/><SP WIDTH="41" VPOS="864" HPOS="452"/>
							<String ID="string_112" HPOS="493" VPOS="864" WIDTH="152" HEIGHT="37" WC="0.95" CONTENT="flottans"/><SP WIDTH="41" VPOS="864" HPOS="645"/>
							<String ID="string_113" HPOS="686" VPOS="865" WIDTH="82" HEIGHT="36" WC="0.95" CONTENT="stab"/><SP WIDTH="43" VPOS="865" HPOS="768"/>
							<String ID="string_114" HPOS="811" VPOS="865" WIDTH="166" HEIGHT="48" WC="0.93" CONTENT="anställt,"/><SP WIDTH="31" VPOS="865" HPOS="977"/>
							<String ID="string_115" HPOS="1008" VPOS="865" WIDTH="291" HEIGHT="48" WC="0.91" CONTENT="nödvändiggör"/><SP WIDTH="41" VPOS="865" HPOS="1299"/>
							<String ID="string_116" HPOS="1340" VPOS="878" WIDTH="48" HEIGHT="23" WC="0.96" CONTENT="en"/><SP WIDTH="41" VPOS="878" HPOS="1388"/>
							<String ID="string_117" HPOS="1429" VPOS="879" WIDTH="51" HEIGHT="35" WC="0.91" CONTENT="ny"/><SP WIDTH="44" VPOS="879" HPOS="1480"/>
							<String ID="string_118" HPOS="1524" VPOS="867" WIDTH="57" HEIGHT="34" WC="0.80" CONTENT="1:a"/><SP WIDTH="41" VPOS="867" HPOS="1581"/>
							<String ID="string_119" HPOS="1622" VPOS="865" WIDTH="48" HEIGHT="36" WC="0.93" CONTENT="kl."/><SP WIDTH="35" VPOS="865" HPOS="1670"/>
							<String ID="string_120" HPOS="1705" VPOS="865" WIDTH="205" HEIGHT="49" WC="0.96" CONTENT="torpedbåt"/><SP WIDTH="28" VPOS="865" HPOS="1910"/>
							<String ID="string_121" HPOS="1938" VPOS="879" WIDTH="46" HEIGHT="23" WC="0.95" CONTENT="en"/>
						</TextLine>
						<TextLine ID="line_16" HPOS="393" VPOS="917" WIDTH="1591" HEIGHT="50">
							<String ID="string_122" HPOS="393" VPOS="917" WIDTH="147" HEIGHT="49" WC="0.96" CONTENT="ökning"/><SP WIDTH="27" VPOS="917" HPOS="540"/>
							<String ID="string_123" HPOS="567" VPOS="918" WIDTH="42" HEIGHT="36" WC="0.95" CONTENT="af"/><SP WIDTH="23" VPOS="918" HPOS="609"/>
							<String ID="string_124" HPOS="632" VPOS="917" WIDTH="155" HEIGHT="37" WC="0.93" CONTENT="flottans"/><SP WIDTH="29" VPOS="917" HPOS="787"/>
							<String ID="string_125" HPOS="816" VPOS="917" WIDTH="278" HEIGHT="50" WC="0.91" CONTENT="stampersonal"/><SP WIDTH="29" VPOS="917" HPOS="1094"/>
							<String ID="string_126" HPOS="1123" VPOS="917" WIDTH="85" HEIGHT="37" WC="0.96" CONTENT="med"/><SP WIDTH="30" VPOS="917" HPOS="1208"/>
							<String ID="string_127" HPOS="1238" VPOS="920" WIDTH="20" HEIGHT="33" WC="0.96" CONTENT="2"/><SP WIDTH="30" VPOS="920" HPOS="1258"/>
							<String ID="string_128" HPOS="1288" VPOS="917" WIDTH="206" HEIGHT="48" WC="0.96" CONTENT="officerare,"/><SP WIDTH="31" VPOS="917" HPOS="1494"/>
							<String ID="string_129" HPOS="1525" VPOS="920" WIDTH="21" HEIGHT="33" WC="0.96" CONTENT="2"/><SP WIDTH="29" VPOS="920" HPOS="1546"/>
							<String ID="string_130" HPOS="1575" VPOS="917" WIDTH="318" HEIGHT="38" WC="0.96" CONTENT="underofficerare"/><SP WIDTH="21" VPOS="917" HPOS="1893"/>
							<String ID="string_131" HPOS="1914" VPOS="918" WIDTH="70" HEIGHT="36" WC="0.96" CONTENT="och"/>
						</TextLine>
						<TextLine ID="line_17" HPOS="395" VPOS="969" WIDTH="1589" HEIGHT="50">
							<String ID="string_132" HPOS="395" VPOS="971" WIDTH="43" HEIGHT="34" WC="0.96" CONTENT="17"/><SP WIDTH="45" VPOS="971" HPOS="438"/>
							<String ID="string_133" HPOS="483" VPOS="983" WIDTH="86" HEIGHT="23" WC="0.96" CONTENT="man"/><SP WIDTH="28" VPOS="983" HPOS="569"/>
							<String ID="string_134" HPOS="597" VPOS="969" WIDTH="42" HEIGHT="37" WC="0.93" CONTENT="af"/><SP WIDTH="33" VPOS="969" HPOS="639"/>
							<String ID="string_135" HPOS="672" VPOS="970" WIDTH="287" HEIGHT="49" WC="0.90" CONTENT="sjömanskåren"/><SP WIDTH="29" VPOS="970" HPOS="959"/>
							<String ID="string_136" HPOS="988" VPOS="974" WIDTH="96" HEIGHT="32" WC="0.95" CONTENT="samt"/><SP WIDTH="27" VPOS="974" HPOS="1084"/>
							<String ID="string_137" HPOS="1111" VPOS="982" WIDTH="49" HEIGHT="24" WC="0.96" CONTENT="en"/><SP WIDTH="27" VPOS="982" HPOS="1160"/>
							<String ID="string_138" HPOS="1187" VPOS="969" WIDTH="224" HEIGHT="50" WC="0.95" CONTENT="förhöjning"/><SP WIDTH="27" VPOS="969" HPOS="1411"/>
							<String ID="string_139" HPOS="1438" VPOS="970" WIDTH="41" HEIGHT="36" WC="0.93" CONTENT="af"/><SP WIDTH="25" VPOS="970" HPOS="1479"/>
							<String ID="string_140" HPOS="1504" VPOS="969" WIDTH="366" HEIGHT="50" WC="0.91" CONTENT="aflöningsanslaget"/><SP WIDTH="27" VPOS="969" HPOS="1870"/>
							<String ID="string_141" HPOS="1897" VPOS="971" WIDTH="87" HEIGHT="36" WC="0.96" CONTENT="med"/>
						</TextLine>
						<TextLine ID="line_18" HPOS="395" VPOS="1021" WIDTH="1589" HEIGHT="50">
							<String ID="string_142" HPOS="395" VPOS="1023" WIDTH="136" HEIGHT="44" WC="0.92" CONTENT="18,672"/><SP WIDTH="30" VPOS="1023" HPOS="531"/>
							<String ID="string_143" HPOS="561" VPOS="1022" WIDTH="139" HEIGHT="36" WC="0.96" CONTENT="kronor"/><SP WIDTH="19" VPOS="1022" HPOS="700"/>
							<String ID="string_144" HPOS="719" VPOS="1024" WIDTH="48" HEIGHT="35" WC="0.96" CONTENT="80"/><SP WIDTH="30" VPOS="1024" HPOS="767"/>
							<String ID="string_145" HPOS="797" VPOS="1028" WIDTH="75" HEIGHT="42" WC="0.96" CONTENT="öre,"/><SP WIDTH="31" VPOS="1028" HPOS="872"/>
							<String ID="string_146" HPOS="903" VPOS="1022" WIDTH="42" HEIGHT="36" WC="0.93" CONTENT="af"/><SP WIDTH="24" VPOS="1022" HPOS="945"/>
							<String ID="string_147" HPOS="969" VPOS="1021" WIDTH="416" HEIGHT="49" WC="0.91" CONTENT="beklädnadsanslaget"/><SP WIDTH="28" VPOS="1021" HPOS="1385"/>
							<String ID="string_148" HPOS="1413" VPOS="1022" WIDTH="84" HEIGHT="37" WC="0.91" CONTENT="med"/><SP WIDTH="34" VPOS="1022" HPOS="1497"/>
							<String ID="string_149" HPOS="1531" VPOS="1024" WIDTH="109" HEIGHT="45" WC="0.91" CONTENT="1,887"/><SP WIDTH="31" VPOS="1024" HPOS="1640"/>
							<String ID="string_150" HPOS="1671" VPOS="1022" WIDTH="154" HEIGHT="49" WC="0.96" CONTENT="kronor,"/><SP WIDTH="29" VPOS="1022" HPOS="1825"/>
							<String ID="string_151" HPOS="1854" VPOS="1023" WIDTH="41" HEIGHT="36" WC="0.93" CONTENT="af"/><SP WIDTH="25" VPOS="1023" HPOS="1895"/>
							<String ID="string_152" HPOS="1920" VPOS="1037" WIDTH="64" HEIGHT="23" WC="0.92" CONTENT="an-"/>
						</TextLine>
						<TextLine ID="line_19" HPOS="393" VPOS="1074" WIDTH="1590" HEIGHT="50">
							<String ID="string_153" HPOS="393" VPOS="1074" WIDTH="125" HEIGHT="49" WC="0.95" CONTENT="slaget"/><SP WIDTH="40" VPOS="1074" HPOS="518"/>
							<String ID="string_154" HPOS="558" VPOS="1074" WIDTH="57" HEIGHT="37" WC="0.92" CONTENT="till"/><SP WIDTH="41" VPOS="1074" HPOS="615"/>
							<String ID="string_155" HPOS="656" VPOS="1074" WIDTH="334" HEIGHT="37" WC="0.91" CONTENT="naturaunderhåll"/><SP WIDTH="41" VPOS="1074" HPOS="990"/>
							<String ID="string_156" HPOS="1031" VPOS="1074" WIDTH="86" HEIGHT="37" WC="0.93" CONTENT="med"/><SP WIDTH="41" VPOS="1074" HPOS="1117"/>
							<String ID="string_157" HPOS="1158" VPOS="1077" WIDTH="113" HEIGHT="45" WC="0.80" CONTENT="4,370"/><SP WIDTH="30" VPOS="1077" HPOS="1271"/>
							<String ID="string_158" HPOS="1301" VPOS="1075" WIDTH="143" HEIGHT="36" WC="0.96" CONTENT="kronor"/><SP WIDTH="29" VPOS="1075" HPOS="1444"/>
							<String ID="string_159" HPOS="1473" VPOS="1077" WIDTH="47" HEIGHT="35" WC="0.96" CONTENT="30"/><SP WIDTH="30" VPOS="1077" HPOS="1520"/>
							<String ID="string_160" HPOS="1550" VPOS="1080" WIDTH="76" HEIGHT="42" WC="0.96" CONTENT="öre,"/><SP WIDTH="30" VPOS="1080" HPOS="1626"/>
							<String ID="string_161" HPOS="1656" VPOS="1075" WIDTH="41" HEIGHT="37" WC="0.95" CONTENT="af"/><SP WIDTH="25" VPOS="1075" HPOS="1697"/>
							<String ID="string_162" HPOS="1722" VPOS="1075" WIDTH="175" HEIGHT="49" WC="0.96" CONTENT="anslaget"/><SP WIDTH="28" VPOS="1075" HPOS="1897"/>
							<String ID="string_163" HPOS="1925" VPOS="1075" WIDTH="58" HEIGHT="37" WC="0.96" CONTENT="till"/>
						</TextLine>
						<TextLine ID="line_20" HPOS="391" VPOS="1126" WIDTH="1595" HEIGHT="51">
							<String ID="string_164" HPOS="391" VPOS="1126" WIDTH="153" HEIGHT="37" WC="0.96" CONTENT="flottans"/><SP WIDTH="41" VPOS="1126" HPOS="544"/>
							<String ID="string_165" HPOS="585" VPOS="1127" WIDTH="237" HEIGHT="49" WC="0.96" CONTENT="nybyggnad"/><SP WIDTH="44" VPOS="1127" HPOS="822"/>
							<String ID="string_166" HPOS="866" VPOS="1127" WIDTH="70" HEIGHT="36" WC="0.96" CONTENT="och"/><SP WIDTH="34" VPOS="1127" HPOS="936"/>
							<String ID="string_167" HPOS="970" VPOS="1127" WIDTH="196" HEIGHT="36" WC="0.94" CONTENT="underhåll"/><SP WIDTH="28" VPOS="1127" HPOS="1166"/>
							<String ID="string_168" HPOS="1194" VPOS="1127" WIDTH="85" HEIGHT="36" WC="0.93" CONTENT="med"/><SP WIDTH="29" VPOS="1127" HPOS="1279"/>
							<String ID="string_169" HPOS="1308" VPOS="1129" WIDTH="114" HEIGHT="46" WC="0.91" CONTENT="4,500"/><SP WIDTH="29" VPOS="1129" HPOS="1422"/>
							<String ID="string_170" HPOS="1451" VPOS="1127" WIDTH="140" HEIGHT="37" WC="0.96" CONTENT="kronor"/><SP WIDTH="29" VPOS="1127" HPOS="1591"/>
							<String ID="string_171" HPOS="1620" VPOS="1132" WIDTH="97" HEIGHT="32" WC="0.96" CONTENT="samt"/><SP WIDTH="28" VPOS="1132" HPOS="1717"/>
							<String ID="string_172" HPOS="1745" VPOS="1128" WIDTH="41" HEIGHT="36" WC="0.92" CONTENT="af"/><SP WIDTH="26" VPOS="1128" HPOS="1786"/>
							<String ID="string_173" HPOS="1812" VPOS="1128" WIDTH="174" HEIGHT="49" WC="0.91" CONTENT="öfnings-"/>
						</TextLine>
						<TextLine ID="line_21" HPOS="391" VPOS="1179" WIDTH="1591" HEIGHT="49">
							<String ID="string_174" HPOS="391" VPOS="1179" WIDTH="174" HEIGHT="49" WC="0.96" CONTENT="anslaget"/><SP WIDTH="28" VPOS="1179" HPOS="565"/>
							<String ID="string_175" HPOS="593" VPOS="1180" WIDTH="85" HEIGHT="36" WC="0.92" CONTENT="med"/><SP WIDTH="30" VPOS="1180" HPOS="678"/>
							<String ID="string_176" HPOS="708" VPOS="1181" WIDTH="110" HEIGHT="44" WC="0.91" CONTENT="6,972"/><SP WIDTH="30" VPOS="1181" HPOS="818"/>
							<String ID="string_177" HPOS="848" VPOS="1179" WIDTH="140" HEIGHT="37" WC="0.96" CONTENT="kronor"/><SP WIDTH="28" VPOS="1179" HPOS="988"/>
							<String ID="string_178" HPOS="1016" VPOS="1180" WIDTH="91" HEIGHT="36" WC="0.96" CONTENT="eller"/><SP WIDTH="29" VPOS="1180" HPOS="1107"/>
							<String ID="string_179" HPOS="1136" VPOS="1179" WIDTH="146" HEIGHT="37" WC="0.96" CONTENT="således"/><SP WIDTH="21" VPOS="1179" HPOS="1282"/>
							<String ID="string_180" HPOS="1303" VPOS="1193" WIDTH="48" HEIGHT="22" WC="0.96" CONTENT="en"/><SP WIDTH="19" VPOS="1193" HPOS="1351"/>
							<String ID="string_181" HPOS="1370" VPOS="1180" WIDTH="99" HEIGHT="36" WC="0.96" CONTENT="ökad"/><SP WIDTH="20" VPOS="1180" HPOS="1469"/>
							<String ID="string_182" HPOS="1489" VPOS="1179" WIDTH="95" HEIGHT="49" WC="0.96" CONTENT="årlig"/><SP WIDTH="19" VPOS="1179" HPOS="1584"/>
							<String ID="string_183" HPOS="1603" VPOS="1180" WIDTH="162" HEIGHT="37" WC="0.96" CONTENT="kostnad"/><SP WIDTH="21" VPOS="1180" HPOS="1765"/>
							<String ID="string_184" HPOS="1786" VPOS="1180" WIDTH="41" HEIGHT="37" WC="0.93" CONTENT="af"/><SP WIDTH="18" VPOS="1180" HPOS="1827"/>
							<String ID="string_185" HPOS="1845" VPOS="1182" WIDTH="137" HEIGHT="46" WC="0.92" CONTENT="36,402"/>
						</TextLine>
						<TextLine ID="line_22" HPOS="391" VPOS="1231" WIDTH="1594" HEIGHT="64">
							<String ID="string_186" HPOS="391" VPOS="1231" WIDTH="140" HEIGHT="36" WC="0.95" CONTENT="kronor"/><SP WIDTH="44" VPOS="1231" HPOS="531"/>
							<String ID="string_187" HPOS="575" VPOS="1233" WIDTH="45" HEIGHT="34" WC="0.95" CONTENT="10"/><SP WIDTH="43" VPOS="1233" HPOS="620"/>
							<String ID="string_188" HPOS="663" VPOS="1236" WIDTH="75" HEIGHT="32" WC="0.93" CONTENT="öre."/><SP WIDTH="70" VPOS="1236" HPOS="738"/>
							<String ID="string_189" HPOS="808" VPOS="1231" WIDTH="53" HEIGHT="36" WC="0.96" CONTENT="På"/><SP WIDTH="42" VPOS="1231" HPOS="861"/>
							<String ID="string_190" HPOS="903" VPOS="1236" WIDTH="75" HEIGHT="31" WC="0.95" CONTENT="sätt"/><SP WIDTH="27" VPOS="1236" HPOS="978"/>
							<String ID="string_191" HPOS="1005" VPOS="1231" WIDTH="168" HEIGHT="64" WC="0.95" CONTENT="framgår"/><SP WIDTH="28" VPOS="1231" HPOS="1173"/>
							<String ID="string_192" HPOS="1201" VPOS="1232" WIDTH="40" HEIGHT="35" WC="0.95" CONTENT="af"/><SP WIDTH="25" VPOS="1232" HPOS="1241"/>
							<String ID="string_193" HPOS="1266" VPOS="1232" WIDTH="84" HEIGHT="36" WC="0.96" CONTENT="mitt"/><SP WIDTH="26" VPOS="1232" HPOS="1350"/>
							<String ID="string_194" HPOS="1376" VPOS="1232" WIDTH="179" HEIGHT="48" WC="0.95" CONTENT="yttrande"/><SP WIDTH="29" VPOS="1232" HPOS="1555"/>
							<String ID="string_195" HPOS="1584" VPOS="1232" WIDTH="58" HEIGHT="36" WC="0.93" CONTENT="till"/><SP WIDTH="28" VPOS="1232" HPOS="1642"/>
							<String ID="string_196" HPOS="1670" VPOS="1232" WIDTH="315" HEIGHT="49" WC="0.88" CONTENT="statsrådsproto-"/>
						</TextLine>
						<TextLine ID="line_23" HPOS="390" VPOS="1282" WIDTH="1594" HEIGHT="51">
							<String ID="string_197" HPOS="390" VPOS="1282" WIDTH="118" HEIGHT="37" WC="0.92" CONTENT="kollet"/><SP WIDTH="29" VPOS="1282" HPOS="508"/>
							<String ID="string_198" HPOS="537" VPOS="1283" WIDTH="71" HEIGHT="37" WC="0.96" CONTENT="den"/><SP WIDTH="32" VPOS="1283" HPOS="608"/>
							<String ID="string_199" HPOS="640" VPOS="1285" WIDTH="44" HEIGHT="35" WC="0.96" CONTENT="12"/><SP WIDTH="25" VPOS="1285" HPOS="684"/>
							<String ID="string_200" HPOS="709" VPOS="1284" WIDTH="148" HEIGHT="48" WC="0.93" CONTENT="januari"/><SP WIDTH="30" VPOS="1284" HPOS="857"/>
							<String ID="string_201" HPOS="887" VPOS="1283" WIDTH="191" HEIGHT="37" WC="0.90" CONTENT="nästlidna"/><SP WIDTH="29" VPOS="1283" HPOS="1078"/>
							<String ID="string_202" HPOS="1107" VPOS="1287" WIDTH="40" HEIGHT="33" WC="0.96" CONTENT="år"/><SP WIDTH="29" VPOS="1287" HPOS="1147"/>
							<String ID="string_203" HPOS="1176" VPOS="1284" WIDTH="97" HEIGHT="36" WC="0.93" CONTENT="hade"/><SP WIDTH="31" VPOS="1284" HPOS="1273"/>
							<String ID="string_204" HPOS="1304" VPOS="1284" WIDTH="409" HEIGHT="49" WC="0.91" CONTENT="marinförvaltningen"/><SP WIDTH="20" VPOS="1284" HPOS="1713"/>
							<String ID="string_205" HPOS="1733" VPOS="1285" WIDTH="47" HEIGHT="36" WC="0.96" CONTENT="då"/><SP WIDTH="20" VPOS="1285" HPOS="1780"/>
							<String ID="string_206" HPOS="1800" VPOS="1285" WIDTH="184" HEIGHT="36" WC="0.96" CONTENT="beräknat"/>
						</TextLine>
						<TextLine ID="line_24" HPOS="391" VPOS="1335" WIDTH="1591" HEIGHT="51">
							<String ID="string_207" HPOS="391" VPOS="1335" WIDTH="45" HEIGHT="37" WC="0.96" CONTENT="de"/><SP WIDTH="44" VPOS="1335" HPOS="436"/>
							<String ID="string_208" HPOS="480" VPOS="1335" WIDTH="119" HEIGHT="49" WC="0.95" CONTENT="årliga"/><SP WIDTH="41" VPOS="1335" HPOS="599"/>
							<String ID="string_209" HPOS="640" VPOS="1336" WIDTH="266" HEIGHT="48" WC="0.96" CONTENT="kostnaderna,"/><SP WIDTH="44" VPOS="1336" HPOS="906"/>
							<String ID="string_210" HPOS="950" VPOS="1349" WIDTH="79" HEIGHT="23" WC="0.95" CONTENT="som"/><SP WIDTH="44" VPOS="1349" HPOS="1029"/>
							<String ID="string_211" HPOS="1073" VPOS="1336" WIDTH="120" HEIGHT="36" WC="0.95" CONTENT="skulle"/><SP WIDTH="42" VPOS="1336" HPOS="1193"/>
							<String ID="string_212" HPOS="1235" VPOS="1335" WIDTH="116" HEIGHT="38" WC="0.95" CONTENT="blifva"/><SP WIDTH="45" VPOS="1335" HPOS="1351"/>
							<String ID="string_213" HPOS="1396" VPOS="1350" WIDTH="45" HEIGHT="23" WC="0.93" CONTENT="en"/><SP WIDTH="44" VPOS="1350" HPOS="1441"/>
							<String ID="string_214" HPOS="1485" VPOS="1336" WIDTH="94" HEIGHT="50" WC="0.93" CONTENT="följd"/><SP WIDTH="42" VPOS="1336" HPOS="1579"/>
							<String ID="string_215" HPOS="1621" VPOS="1313" WIDTH="41" HEIGHT="60" WC="0.94" CONTENT="af"/><SP WIDTH="26" VPOS="1313" HPOS="1662"/>
							<String ID="string_216" HPOS="1688" VPOS="1350" WIDTH="46" HEIGHT="23" WC="0.96" CONTENT="en"/><SP WIDTH="29" VPOS="1350" HPOS="1734"/>
							<String ID="string_217" HPOS="1763" VPOS="1350" WIDTH="52" HEIGHT="36" WC="0.93" CONTENT="ny"/><SP WIDTH="30" VPOS="1350" HPOS="1815"/>
							<String ID="string_218" HPOS="1845" VPOS="1340" WIDTH="57" HEIGHT="34" WC="0.90" CONTENT="2:a"/><SP WIDTH="28" VPOS="1340" HPOS="1902"/>
							<String ID="string_219" HPOS="1930" VPOS="1337" WIDTH="52" HEIGHT="36" WC="0.96" CONTENT="kl."/>
						</TextLine>
						<TextLine ID="line_25" HPOS="390" VPOS="1382" WIDTH="1593" HEIGHT="54">
							<String ID="string_220" HPOS="390" VPOS="1387" WIDTH="211" HEIGHT="49" WC="0.95" CONTENT="torpedbåt,"/><SP WIDTH="43" VPOS="1387" HPOS="601"/>
							<String ID="string_221" HPOS="644" VPOS="1388" WIDTH="54" HEIGHT="36" WC="0.93" CONTENT="till"/><SP WIDTH="43" VPOS="1388" HPOS="698"/>
							<String ID="string_222" HPOS="741" VPOS="1389" WIDTH="135" HEIGHT="47" WC="0.92" CONTENT="25,681"/><SP WIDTH="50" VPOS="1389" HPOS="876"/>
							<String ID="string_223" HPOS="926" VPOS="1388" WIDTH="137" HEIGHT="36" WC="0.96" CONTENT="kronor"/><SP WIDTH="38" VPOS="1388" HPOS="1063"/>
							<String ID="string_224" HPOS="1101" VPOS="1390" WIDTH="47" HEIGHT="34" WC="0.96" CONTENT="60"/><SP WIDTH="29" VPOS="1390" HPOS="1148"/>
							<String ID="string_225" HPOS="1177" VPOS="1394" WIDTH="75" HEIGHT="30" WC="0.93" CONTENT="öre."/><SP WIDTH="59" VPOS="1394" HPOS="1252"/>
							<String ID="string_226" HPOS="1311" VPOS="1382" WIDTH="298" HEIGHT="43" WC="0.52" CONTENT="Ämbetsverket"/><SP WIDTH="26" VPOS="1382" HPOS="1609"/>
							<String ID="string_227" HPOS="1635" VPOS="1389" WIDTH="69" HEIGHT="36" WC="0.96" CONTENT="har"/><SP WIDTH="27" VPOS="1389" HPOS="1704"/>
							<String ID="string_228" HPOS="1731" VPOS="1402" WIDTH="62" HEIGHT="34" WC="0.95" CONTENT="nu,"/><SP WIDTH="30" VPOS="1402" HPOS="1793"/>
							<String ID="string_229" HPOS="1823" VPOS="1389" WIDTH="160" HEIGHT="36" WC="0.96" CONTENT="likasom"/>
						</TextLine>
						<TextLine ID="line_26" HPOS="389" VPOS="1414" WIDTH="1594" HEIGHT="80">
							<String ID="string_230" HPOS="389" VPOS="1438" WIDTH="123" HEIGHT="49" WC="0.96" CONTENT="ifråga"/><SP WIDTH="35" VPOS="1438" HPOS="512"/>
							<String ID="string_231" HPOS="547" VPOS="1452" WIDTH="59" HEIGHT="23" WC="0.96" CONTENT="om"/><SP WIDTH="30" VPOS="1452" HPOS="606"/>
							<String ID="string_232" HPOS="636" VPOS="1418" WIDTH="176" HEIGHT="71" WC="0.94" CONTENT="jagarna,"/><SP WIDTH="39" VPOS="1418" HPOS="812"/>
							<String ID="string_233" HPOS="851" VPOS="1444" WIDTH="136" HEIGHT="44" WC="0.71" CONTENT="angett,"/><SP WIDTH="36" VPOS="1444" HPOS="987"/>
							<String ID="string_234" HPOS="1023" VPOS="1444" WIDTH="54" HEIGHT="32" WC="0.92" CONTENT="att"/><SP WIDTH="28" VPOS="1444" HPOS="1077"/>
							<String ID="string_235" HPOS="1105" VPOS="1439" WIDTH="180" HEIGHT="37" WC="0.92" CONTENT="behofvet"/><SP WIDTH="28" VPOS="1439" HPOS="1285"/>
							<String ID="string_236" HPOS="1313" VPOS="1443" WIDTH="20" HEIGHT="33" WC="0.90" CONTENT="å"/><SP WIDTH="29" VPOS="1443" HPOS="1333"/>
							<String ID="string_237" HPOS="1362" VPOS="1441" WIDTH="176" HEIGHT="48" WC="0.95" CONTENT="anslaget"/><SP WIDTH="27" VPOS="1441" HPOS="1538"/>
							<String ID="string_238" HPOS="1565" VPOS="1440" WIDTH="57" HEIGHT="37" WC="0.95" CONTENT="till"/><SP WIDTH="28" VPOS="1440" HPOS="1622"/>
							<String ID="string_239" HPOS="1650" VPOS="1414" WIDTH="333" HEIGHT="80" WC="0.91" CONTENT="naturaunderhåll"/>
						</TextLine>
						<TextLine ID="line_27" HPOS="390" VPOS="1491" WIDTH="1592" HEIGHT="51">
							<String ID="string_240" HPOS="390" VPOS="1491" WIDTH="70" HEIGHT="36" WC="0.93" CONTENT="och"/><SP WIDTH="29" VPOS="1491" HPOS="460"/>
							<String ID="string_241" HPOS="489" VPOS="1494" WIDTH="21" HEIGHT="33" WC="0.92" CONTENT="å"/><SP WIDTH="28" VPOS="1494" HPOS="510"/>
							<String ID="string_242" HPOS="538" VPOS="1491" WIDTH="332" HEIGHT="50" WC="0.89" CONTENT="öfningsanslaget"/><SP WIDTH="27" VPOS="1491" HPOS="870"/>
							<String ID="string_243" HPOS="897" VPOS="1469" WIDTH="149" HEIGHT="60" WC="0.96" CONTENT="komme"/><SP WIDTH="29" VPOS="1469" HPOS="1046"/>
							<String ID="string_244" HPOS="1075" VPOS="1496" WIDTH="54" HEIGHT="32" WC="0.96" CONTENT="att"/><SP WIDTH="27" VPOS="1496" HPOS="1129"/>
							<String ID="string_245" HPOS="1156" VPOS="1491" WIDTH="117" HEIGHT="37" WC="0.96" CONTENT="blifva"/><SP WIDTH="28" VPOS="1491" HPOS="1273"/>
							<String ID="string_246" HPOS="1301" VPOS="1495" WIDTH="118" HEIGHT="46" WC="0.95" CONTENT="något"/><SP WIDTH="19" VPOS="1495" HPOS="1419"/>
							<String ID="string_247" HPOS="1438" VPOS="1493" WIDTH="121" HEIGHT="49" WC="0.96" CONTENT="högre"/><SP WIDTH="29" VPOS="1493" HPOS="1559"/>
							<String ID="string_248" HPOS="1588" VPOS="1497" WIDTH="48" HEIGHT="32" WC="0.96" CONTENT="än"/><SP WIDTH="19" VPOS="1497" HPOS="1636"/>
							<String ID="string_249" HPOS="1655" VPOS="1493" WIDTH="101" HEIGHT="36" WC="0.96" CONTENT="förut"/><SP WIDTH="18" VPOS="1493" HPOS="1756"/>
							<String ID="string_250" HPOS="1774" VPOS="1493" WIDTH="208" HEIGHT="37" WC="0.95" CONTENT="beräknats"/>
						</TextLine>
						<TextLine ID="line_28" HPOS="390" VPOS="1543" WIDTH="1592" HEIGHT="51">
							<String ID="string_251" HPOS="390" VPOS="1543" WIDTH="70" HEIGHT="37" WC="0.96" CONTENT="och"/><SP WIDTH="27" VPOS="1543" HPOS="460"/>
							<String ID="string_252" HPOS="487" VPOS="1544" WIDTH="57" HEIGHT="35" WC="0.95" CONTENT="till"/><SP WIDTH="29" VPOS="1544" HPOS="544"/>
							<String ID="string_253" HPOS="573" VPOS="1544" WIDTH="94" HEIGHT="49" WC="0.96" CONTENT="följd"/><SP WIDTH="29" VPOS="1544" HPOS="667"/>
							<String ID="string_254" HPOS="696" VPOS="1544" WIDTH="111" HEIGHT="36" WC="0.96" CONTENT="däraf"/><SP WIDTH="25" VPOS="1544" HPOS="807"/>
							<String ID="string_255" HPOS="832" VPOS="1544" WIDTH="147" HEIGHT="49" WC="0.96" CONTENT="antagit"/><SP WIDTH="27" VPOS="1544" HPOS="979"/>
							<String ID="string_256" HPOS="1006" VPOS="1545" WIDTH="73" HEIGHT="36" WC="0.96" CONTENT="den"/><SP WIDTH="29" VPOS="1545" HPOS="1079"/>
							<String ID="string_257" HPOS="1108" VPOS="1544" WIDTH="120" HEIGHT="49" WC="0.96" CONTENT="årliga"/><SP WIDTH="25" VPOS="1544" HPOS="1228"/>
							<String ID="string_258" HPOS="1253" VPOS="1544" WIDTH="211" HEIGHT="37" WC="0.96" CONTENT="kostnaden"/><SP WIDTH="20" VPOS="1544" HPOS="1464"/>
							<String ID="string_259" HPOS="1484" VPOS="1546" WIDTH="59" HEIGHT="35" WC="0.97" CONTENT="för"/><SP WIDTH="20" VPOS="1546" HPOS="1543"/>
							<String ID="string_260" HPOS="1563" VPOS="1558" WIDTH="46" HEIGHT="24" WC="0.93" CONTENT="en"/><SP WIDTH="22" VPOS="1558" HPOS="1609"/>
							<String ID="string_261" HPOS="1631" VPOS="1548" WIDTH="58" HEIGHT="33" WC="0.90" CONTENT="2:a"/><SP WIDTH="18" VPOS="1548" HPOS="1689"/>
							<String ID="string_262" HPOS="1707" VPOS="1546" WIDTH="50" HEIGHT="36" WC="0.96" CONTENT="kl."/><SP WIDTH="22" VPOS="1546" HPOS="1757"/>
							<String ID="string_263" HPOS="1779" VPOS="1545" WIDTH="203" HEIGHT="49" WC="0.96" CONTENT="torpedbåt"/>
						</TextLine>
						<TextLine ID="line_29" HPOS="388" VPOS="1596" WIDTH="1005" HEIGHT="49">
							<String ID="string_264" HPOS="388" VPOS="1596" WIDTH="152" HEIGHT="35" WC="0.96" CONTENT="komma"/><SP WIDTH="28" VPOS="1596" HPOS="540"/>
							<String ID="string_265" HPOS="568" VPOS="1600" WIDTH="56" HEIGHT="32" WC="0.96" CONTENT="att"/><SP WIDTH="27" VPOS="1600" HPOS="624"/>
							<String ID="string_266" HPOS="651" VPOS="1603" WIDTH="128" HEIGHT="42" WC="0.96" CONTENT="uppgå"/><SP WIDTH="28" VPOS="1603" HPOS="779"/>
							<String ID="string_267" HPOS="807" VPOS="1596" WIDTH="58" HEIGHT="36" WC="0.93" CONTENT="till"/><SP WIDTH="30" VPOS="1596" HPOS="865"/>
							<String ID="string_268" HPOS="895" VPOS="1598" WIDTH="136" HEIGHT="45" WC="0.91" CONTENT="26,168"/><SP WIDTH="30" VPOS="1598" HPOS="1031"/>
							<String ID="string_269" HPOS="1061" VPOS="1596" WIDTH="140" HEIGHT="36" WC="0.96" CONTENT="kronor"/><SP WIDTH="29" VPOS="1596" HPOS="1201"/>
							<String ID="string_270" HPOS="1230" VPOS="1598" WIDTH="48" HEIGHT="34" WC="0.91" CONTENT="20"/><SP WIDTH="30" VPOS="1598" HPOS="1278"/>
							<String ID="string_271" HPOS="1308" VPOS="1602" WIDTH="85" HEIGHT="31" WC="0.86" CONTENT="öre.."/>
						</TextLine>
					</TextBlock>
					<TextBlock ID="block_5" HPOS="390" VPOS="1647" WIDTH="1592" HEIGHT="103">
						<TextLine ID="line_30" HPOS="490" VPOS="1647" WIDTH="1492" HEIGHT="50">
							<String ID="string_272" HPOS="490" VPOS="1647" WIDTH="130" HEIGHT="38" WC="0.95" CONTENT="Under"/><SP WIDTH="40" VPOS="1647" HPOS="620"/>
							<String ID="string_273" HPOS="660" VPOS="1648" WIDTH="111" HEIGHT="36" WC="0.93" CONTENT="titeln"/><SP WIDTH="40" VPOS="1648" HPOS="771"/>
							<String ID="string_274" HPOS="811" VPOS="1648" WIDTH="296" HEIGHT="49" WC="0.90" CONTENT="nyanskaffning"/><SP WIDTH="41" VPOS="1648" HPOS="1107"/>
							<String ID="string_275" HPOS="1148" VPOS="1649" WIDTH="41" HEIGHT="36" WC="0.93" CONTENT="af"/><SP WIDTH="38" VPOS="1649" HPOS="1189"/>
							<String ID="string_276" HPOS="1227" VPOS="1648" WIDTH="433" HEIGHT="49" WC="0.90" CONTENT="krigsfartygsmateriel"/><SP WIDTH="41" VPOS="1648" HPOS="1660"/>
							<String ID="string_277" HPOS="1701" VPOS="1650" WIDTH="69" HEIGHT="36" WC="0.96" CONTENT="bör"/><SP WIDTH="42" VPOS="1650" HPOS="1770"/>
							<String ID="string_278" HPOS="1812" VPOS="1649" WIDTH="170" HEIGHT="48" WC="0.96" CONTENT="sålunda,"/>
						</TextLine>
						<TextLine ID="line_31" HPOS="390" VPOS="1699" WIDTH="1124" HEIGHT="51">
							<String ID="string_279" HPOS="390" VPOS="1699" WIDTH="122" HEIGHT="49" WC="0.95" CONTENT="enligt"/><SP WIDTH="28" VPOS="1699" HPOS="512"/>
							<String ID="string_280" HPOS="540" VPOS="1700" WIDTH="76" HEIGHT="37" WC="0.96" CONTENT="min"/><SP WIDTH="30" VPOS="1700" HPOS="616"/>
							<String ID="string_281" HPOS="646" VPOS="1700" WIDTH="109" HEIGHT="48" WC="0.95" CONTENT="åsikt,"/><SP WIDTH="29" VPOS="1700" HPOS="755"/>
							<String ID="string_282" HPOS="784" VPOS="1703" WIDTH="48" HEIGHT="47" WC="0.96" CONTENT="på"/><SP WIDTH="29" VPOS="1703" HPOS="832"/>
							<String ID="string_283" HPOS="861" VPOS="1706" WIDTH="107" HEIGHT="31" WC="0.96" CONTENT="extra"/><SP WIDTH="28" VPOS="1706" HPOS="968"/>
							<String ID="string_284" HPOS="996" VPOS="1705" WIDTH="75" HEIGHT="32" WC="0.96" CONTENT="stat"/><SP WIDTH="27" VPOS="1705" HPOS="1071"/>
							<String ID="string_285" HPOS="1098" VPOS="1701" WIDTH="60" HEIGHT="36" WC="0.96" CONTENT="för"/><SP WIDTH="29" VPOS="1701" HPOS="1158"/>
							<String ID="string_286" HPOS="1187" VPOS="1703" WIDTH="41" HEIGHT="34" WC="0.96" CONTENT="år"/><SP WIDTH="31" VPOS="1703" HPOS="1228"/>
							<String ID="string_287" HPOS="1259" VPOS="1702" WIDTH="96" HEIGHT="36" WC="0.93" CONTENT="1906"/><SP WIDTH="30" VPOS="1702" HPOS="1355"/>
							<String ID="string_288" HPOS="1385" VPOS="1701" WIDTH="129" HEIGHT="37" WC="0.91" CONTENT="äskas:"/>
						</TextLine>
					</TextBlock>
				</ComposedBlock>
				<ComposedBlock ID="cblock_3" HPOS="388" VPOS="1786" WIDTH="1575" HEIGHT="263">
					<TextBlock ID="block_6" HPOS="388" VPOS="1786" WIDTH="1575" HEIGHT="248">
						<TextLine ID="line_32" HPOS="388" VPOS="1786" WIDTH="1574" HEIGHT="50">
							<String ID="string_289" HPOS="388" VPOS="1786" WIDTH="59" HEIGHT="36" WC="0.96" CONTENT="för"/><SP WIDTH="28" VPOS="1786" HPOS="447"/>
							<String ID="string_290" HPOS="475" VPOS="1786" WIDTH="265" HEIGHT="37" WC="0.95" CONTENT="fullbordande"/><SP WIDTH="29" VPOS="1786" HPOS="740"/>
							<String ID="string_291" HPOS="769" VPOS="1787" WIDTH="41" HEIGHT="37" WC="0.96" CONTENT="af"/><SP WIDTH="24" VPOS="1787" HPOS="810"/>
							<String ID="string_292" HPOS="834" VPOS="1787" WIDTH="146" HEIGHT="37" WC="0.93" CONTENT="arbetet"/><SP WIDTH="29" VPOS="1787" HPOS="980"/>
							<String ID="string_293" HPOS="1009" VPOS="1790" WIDTH="19" HEIGHT="33" WC="0.92" CONTENT="å"/><SP WIDTH="34" VPOS="1790" HPOS="1028"/>
							<String ID="string_294" HPOS="1062" VPOS="1800" WIDTH="47" HEIGHT="24" WC="0.93" CONTENT="en"/><SP WIDTH="32" VPOS="1800" HPOS="1109"/>
							<String ID="string_295" HPOS="1141" VPOS="1790" WIDTH="56" HEIGHT="33" WC="0.90" CONTENT="1:a"/><SP WIDTH="30" VPOS="1790" HPOS="1197"/>
							<String ID="string_296" HPOS="1227" VPOS="1788" WIDTH="48" HEIGHT="35" WC="0.93" CONTENT="kl."/><SP WIDTH="32" VPOS="1788" HPOS="1275"/>
							<String ID="string_297" HPOS="1307" VPOS="1787" WIDTH="204" HEIGHT="49" WC="0.52" CONTENT="pansarbåt"/><SP WIDTH="18" VPOS="1787" HPOS="1511"/>
							<String ID="string_298" HPOS="1529" VPOS="1820" WIDTH="60" HEIGHT="4" WC="0.48" CONTENT="....."/><SP WIDTH="44" VPOS="1820" HPOS="1589"/>
							<String ID="string_299" HPOS="1633" VPOS="1821" WIDTH="25" HEIGHT="3" WC="0.54" CONTENT="..."/><SP WIDTH="23" VPOS="1821" HPOS="1658"/>
							<String ID="string_300" HPOS="1681" VPOS="1788" WIDTH="46" HEIGHT="37" WC="0.89" CONTENT="kr."/><SP WIDTH="32" VPOS="1788" HPOS="1727"/>
							<String ID="string_301" HPOS="1759" VPOS="1791" WIDTH="203" HEIGHT="45" WC="0.88" CONTENT="2,542,900"/>
						</TextLine>
						<TextLine ID="line_33" HPOS="413" VPOS="1840" WIDTH="1549" HEIGHT="48">
							<String ID="string_302" HPOS="413" VPOS="1850" WIDTH="18" HEIGHT="23" WC="0.92" CONTENT="»"/><SP WIDTH="157" VPOS="1850" HPOS="431"/>
							<String ID="string_303" HPOS="588" VPOS="1851" WIDTH="18" HEIGHT="23" WC="0.93" CONTENT="»"/><SP WIDTH="169" VPOS="1851" HPOS="606"/>
							<String ID="string_304" HPOS="775" VPOS="1852" WIDTH="18" HEIGHT="23" WC="0.92" CONTENT="»"/><SP WIDTH="106" VPOS="1852" HPOS="793"/>
							<String ID="string_305" HPOS="899" VPOS="1852" WIDTH="17" HEIGHT="23" WC="0.0" CONTENT="Doo"/><SP WIDTH="157" VPOS="1852" HPOS="916"/>
							<String ID="string_306" HPOS="1073" VPOS="1852" WIDTH="17" HEIGHT="21" WC="0.32" CONTENT="PB"/><SP WIDTH="50" VPOS="1852" HPOS="1090"/>
							<String ID="string_307" HPOS="1140" VPOS="1840" WIDTH="136" HEIGHT="48" WC="0.0" CONTENT="JAGA"/><SP WIDTH="34" VPOS="1840" HPOS="1276"/>
							<String ID="string_308" HPOS="1310" VPOS="1871" WIDTH="348" HEIGHT="6" WC="0.0" CONTENT="oeesnnresssssssessererser"/><SP WIDTH="-51" VPOS="1871" HPOS="1658"/>
							<String ID="string_309" HPOS="1607" VPOS="1836" WIDTH="54" HEIGHT="57" WC="0.35" CONTENT="nere"/><SP WIDTH="28" VPOS="1836" HPOS="1661"/>
							<String ID="string_310" HPOS="1689" VPOS="1853" WIDTH="17" HEIGHT="23" WC="0.56" CONTENT="»"/><SP WIDTH="92" VPOS="1853" HPOS="1706"/>
							<String ID="string_311" HPOS="1798" VPOS="1842" WIDTH="164" HEIGHT="46" WC="0.0" CONTENT="—606,000"/>
						</TextLine>
						<TextLine ID="line_34" HPOS="413" VPOS="1891" WIDTH="1550" HEIGHT="50">
							<String ID="string_312" HPOS="413" VPOS="1903" WIDTH="17" HEIGHT="22" WC="0.92" CONTENT="»"/><SP WIDTH="46" VPOS="1903" HPOS="430"/>
							<String ID="string_313" HPOS="476" VPOS="1891" WIDTH="234" HEIGHT="49" WC="0.88" CONTENT="påbörjande"/><SP WIDTH="30" VPOS="1891" HPOS="710"/>
							<String ID="string_314" HPOS="740" VPOS="1892" WIDTH="40" HEIGHT="35" WC="0.95" CONTENT="af"/><SP WIDTH="24" VPOS="1892" HPOS="780"/>
							<String ID="string_315" HPOS="804" VPOS="1894" WIDTH="64" HEIGHT="33" WC="0.96" CONTENT="två"/><SP WIDTH="23" VPOS="1894" HPOS="868"/>
							<String ID="string_316" HPOS="891" VPOS="1892" WIDTH="136" HEIGHT="48" WC="0.36" CONTENT="jägare"/><SP WIDTH="19" VPOS="1892" HPOS="1027"/>
							<String ID="string_317" HPOS="1046" VPOS="1923" WIDTH="49" HEIGHT="5" WC="0.77" CONTENT="mes"/><SP WIDTH="22" VPOS="1923" HPOS="1095"/>
							<String ID="string_318" HPOS="1117" VPOS="1923" WIDTH="173" HEIGHT="5" WC="0.8" CONTENT="messeses"/><SP WIDTH="20" VPOS="1923" HPOS="1290"/>
							<String ID="string_319" HPOS="1310" VPOS="1924" WIDTH="348" HEIGHT="5" WC="0.0" CONTENT="oss"/><SP WIDTH="31" VPOS="1924" HPOS="1658"/>
							<String ID="string_320" HPOS="1689" VPOS="1905" WIDTH="17" HEIGHT="23" WC="0.85" CONTENT="»"/><SP WIDTH="54" VPOS="1905" HPOS="1706"/>
							<String ID="string_321" HPOS="1760" VPOS="1895" WIDTH="203" HEIGHT="46" WC="0.78" CONTENT="1,212,000"/>
						</TextLine>
						<TextLine ID="line_35" HPOS="413" VPOS="1943" WIDTH="1549" HEIGHT="50">
							<String ID="string_322" HPOS="413" VPOS="1955" WIDTH="17" HEIGHT="23" WC="0.92" CONTENT="»"/><SP WIDTH="146" VPOS="1955" HPOS="430"/>
							<String ID="string_323" HPOS="576" VPOS="1955" WIDTH="17" HEIGHT="21" WC="0.92" CONTENT="»"/><SP WIDTH="154" VPOS="1955" HPOS="593"/>
							<String ID="string_324" HPOS="747" VPOS="1955" WIDTH="17" HEIGHT="23" WC="0.92" CONTENT="»"/><SP WIDTH="29" VPOS="1955" HPOS="764"/>
							<String ID="string_325" HPOS="793" VPOS="1944" WIDTH="77" HEIGHT="35" WC="0.92" CONTENT="fem"/><SP WIDTH="32" VPOS="1944" HPOS="870"/>
							<String ID="string_326" HPOS="902" VPOS="1946" WIDTH="56" HEIGHT="34" WC="0.87" CONTENT="l:a"/><SP WIDTH="28" VPOS="1946" HPOS="958"/>
							<String ID="string_327" HPOS="986" VPOS="1943" WIDTH="50" HEIGHT="37" WC="0.94" CONTENT="kl."/><SP WIDTH="30" VPOS="1943" HPOS="1036"/>
							<String ID="string_328" HPOS="1066" VPOS="1944" WIDTH="245" HEIGHT="49" WC="0.70" CONTENT="torpedbåtar..."/><SP WIDTH="11" VPOS="1944" HPOS="1311"/>
							<String ID="string_329" HPOS="1322" VPOS="1976" WIDTH="337" HEIGHT="5" WC="0.0" CONTENT="..s.momwecwcmmsnm"/><SP WIDTH="29" VPOS="1976" HPOS="1659"/>
							<String ID="string_330" HPOS="1688" VPOS="1957" WIDTH="18" HEIGHT="23" WC="0.67" CONTENT="»"/><SP WIDTH="91" VPOS="1957" HPOS="1706"/>
							<String ID="string_331" HPOS="1797" VPOS="1947" WIDTH="165" HEIGHT="45" WC="0.32" CONTENT="900,000"/>
						</TextLine>
						<TextLine ID="line_36" HPOS="413" VPOS="1970" WIDTH="1549" HEIGHT="79">
							<String ID="string_332" HPOS="413" VPOS="2007" WIDTH="17" HEIGHT="23" WC="0.91" CONTENT="»"/><SP WIDTH="46" VPOS="2007" HPOS="430"/>
							<String ID="string_333" HPOS="476" VPOS="1995" WIDTH="245" HEIGHT="36" WC="0.91" CONTENT="anskaffande"/><SP WIDTH="31" VPOS="1995" HPOS="721"/>
							<String ID="string_334" HPOS="752" VPOS="1996" WIDTH="40" HEIGHT="36" WC="0.96" CONTENT="af"/><SP WIDTH="25" VPOS="1996" HPOS="792"/>
							<String ID="string_335" HPOS="817" VPOS="2009" WIDTH="69" HEIGHT="23" WC="0.93" CONTENT="sex"/><SP WIDTH="29" VPOS="2009" HPOS="886"/>
							<String ID="string_336" HPOS="915" VPOS="1999" WIDTH="58" HEIGHT="34" WC="0.91" CONTENT="2:a"/><SP WIDTH="29" VPOS="1999" HPOS="973"/>
							<String ID="string_337" HPOS="1002" VPOS="1996" WIDTH="48" HEIGHT="36" WC="0.95" CONTENT="kl."/><SP WIDTH="120" VPOS="1996" HPOS="1050"/>
							<String ID="string_338" HPOS="1170" VPOS="2009" WIDTH="18" HEIGHT="22" WC="0.91" CONTENT="»"/><SP WIDTH="455" VPOS="2009" HPOS="1188"/>
							<String ID="string_339" HPOS="1643" VPOS="2010" WIDTH="64" HEIGHT="23" WC="0.6" CONTENT="2»"/><SP WIDTH="54" VPOS="2010" HPOS="1707"/>
							<String ID="string_340" HPOS="1761" VPOS="1970" WIDTH="122" HEIGHT="79" WC="0.90" CONTENT="1,200,"/><SP WIDTH="5" VPOS="1970" HPOS="1883"/>
							<String ID="string_341" HPOS="1888" VPOS="1999" WIDTH="74" HEIGHT="35" WC="0.96" CONTENT="000"/>
						</TextLine>
					</TextBlock>
				</ComposedBlock>
				<ComposedBlock ID="cblock_4" HPOS="1281" VPOS="2028" WIDTH="698" HEIGHT="88">
					<TextBlock ID="block_7" HPOS="1281" VPOS="2028" WIDTH="698" HEIGHT="88">
						<TextLine ID="line_37" HPOS="1281" VPOS="2028" WIDTH="698" HEIGHT="88">
							<String ID="string_342" HPOS="1281" VPOS="2028" WIDTH="92" HEIGHT="75" WC="0.29" CONTENT="ller"/><SP WIDTH="18" VPOS="2028" HPOS="1373"/>
							<String ID="string_343" HPOS="1391" VPOS="2028" WIDTH="176" HEIGHT="88" WC="0.69" CONTENT="tillhopa"/><SP WIDTH="18" VPOS="2028" HPOS="1567"/>
							<String ID="string_344" HPOS="1585" VPOS="2029" WIDTH="141" HEIGHT="74" WC="0.95" CONTENT="kronor"/><SP WIDTH="30" VPOS="2029" HPOS="1726"/>
							<String ID="string_345" HPOS="1756" VPOS="2069" WIDTH="223" HEIGHT="46" WC="0.89" CONTENT="6,460,900»"/>
						</TextLine>
					</TextBlock>
				</ComposedBlock>
				<ComposedBlock ID="cblock_5" HPOS="385" VPOS="2167" WIDTH="1593" HEIGHT="157">
					<TextBlock ID="block_8" HPOS="385" VPOS="2167" WIDTH="1593" HEIGHT="145">
						<TextLine ID="line_38" HPOS="491" VPOS="2167" WIDTH="1487" HEIGHT="51">
							<String ID="string_346" HPOS="491" VPOS="2167" WIDTH="87" HEIGHT="37" WC="0.96" CONTENT="Med"/><SP WIDTH="29" VPOS="2167" HPOS="578"/>
							<String ID="string_347" HPOS="607" VPOS="2168" WIDTH="150" HEIGHT="48" WC="0.96" CONTENT="hänsyn"/><SP WIDTH="28" VPOS="2168" HPOS="757"/>
							<String ID="string_348" HPOS="785" VPOS="2167" WIDTH="58" HEIGHT="37" WC="0.96" CONTENT="till"/><SP WIDTH="28" VPOS="2167" HPOS="843"/>
							<String ID="string_349" HPOS="871" VPOS="2169" WIDTH="125" HEIGHT="49" WC="0.96" CONTENT="öfriga"/><SP WIDTH="28" VPOS="2169" HPOS="996"/>
							<String ID="string_350" HPOS="1024" VPOS="2174" WIDTH="101" HEIGHT="31" WC="0.93" CONTENT="stora"/><SP WIDTH="29" VPOS="2174" HPOS="1125"/>
							<String ID="string_351" HPOS="1154" VPOS="2170" WIDTH="273" HEIGHT="48" WC="0.61" CONTENT="anslagsbehot"/><SP WIDTH="24" VPOS="2170" HPOS="1427"/>
							<String ID="string_352" HPOS="1451" VPOS="2170" WIDTH="121" HEIGHT="36" WC="0.96" CONTENT="under"/><SP WIDTH="28" VPOS="2170" HPOS="1572"/>
							<String ID="string_353" HPOS="1600" VPOS="2171" WIDTH="123" HEIGHT="36" WC="0.93" CONTENT="denna"/><SP WIDTH="24" VPOS="2171" HPOS="1723"/>
							<String ID="string_354" HPOS="1747" VPOS="2171" WIDTH="231" HEIGHT="37" WC="0.92" CONTENT="hufvudtitel"/>
						</TextLine>
						<TextLine ID="line_39" HPOS="386" VPOS="2194" WIDTH="1591" HEIGHT="96">
							<String ID="string_355" HPOS="386" VPOS="2219" WIDTH="68" HEIGHT="36" WC="0.96" CONTENT="har"/><SP WIDTH="29" VPOS="2219" HPOS="454"/>
							<String ID="string_356" HPOS="483" VPOS="2220" WIDTH="184" HEIGHT="36" WC="0.96" CONTENT="utskottet"/><SP WIDTH="27" VPOS="2220" HPOS="667"/>
							<String ID="string_357" HPOS="694" VPOS="2220" WIDTH="128" HEIGHT="36" WC="0.95" CONTENT="funnit"/><SP WIDTH="28" VPOS="2220" HPOS="822"/>
							<String ID="string_358" HPOS="850" VPOS="2199" WIDTH="213" HEIGHT="59" WC="0.96" CONTENT="kostnaden"/><SP WIDTH="28" VPOS="2199" HPOS="1063"/>
							<String ID="string_359" HPOS="1091" VPOS="2221" WIDTH="59" HEIGHT="36" WC="0.96" CONTENT="för"/><SP WIDTH="19" VPOS="2221" HPOS="1150"/>
							<String ID="string_360" HPOS="1169" VPOS="2194" WIDTH="296" HEIGHT="96" WC="0.35" CONTENT="nyanskaffning"/><SP WIDTH="19" VPOS="2194" HPOS="1465"/>
							<String ID="string_361" HPOS="1484" VPOS="2222" WIDTH="40" HEIGHT="37" WC="0.93" CONTENT="af"/><SP WIDTH="16" VPOS="2222" HPOS="1524"/>
							<String ID="string_362" HPOS="1540" VPOS="2222" WIDTH="437" HEIGHT="50" WC="0.87" CONTENT="krigsfartygsmateriel"/>
						</TextLine>
						<TextLine ID="line_40" HPOS="385" VPOS="2271" WIDTH="1593" HEIGHT="53">
							<String ID="string_363" HPOS="385" VPOS="2271" WIDTH="92" HEIGHT="37" WC="0.96" CONTENT="böra"/><SP WIDTH="28" VPOS="2271" HPOS="477"/>
							<String ID="string_364" HPOS="505" VPOS="2272" WIDTH="60" HEIGHT="36" WC="0.96" CONTENT="för"/><SP WIDTH="29" VPOS="2272" HPOS="565"/>
							<String ID="string_365" HPOS="594" VPOS="2272" WIDTH="314" HEIGHT="37" WC="0.96" CONTENT="nästkommande"/><SP WIDTH="33" VPOS="2272" HPOS="908"/>
							<String ID="string_366" HPOS="941" VPOS="2275" WIDTH="40" HEIGHT="34" WC="0.96" CONTENT="år"/><SP WIDTH="27" VPOS="2275" HPOS="981"/>
							<String ID="string_367" HPOS="1008" VPOS="2273" WIDTH="11" HEIGHT="36" WC="0.96" CONTENT="i"/><SP WIDTH="24" VPOS="2273" HPOS="1019"/>
							<String ID="string_368" HPOS="1043" VPOS="2273" WIDTH="84" HEIGHT="37" WC="0.96" CONTENT="icke"/><SP WIDTH="30" VPOS="2273" HPOS="1127"/>
							<String ID="string_369" HPOS="1157" VPOS="2274" WIDTH="213" HEIGHT="49" WC="0.95" CONTENT="oväsentlig"/><SP WIDTH="28" VPOS="2274" HPOS="1370"/>
							<String ID="string_370" HPOS="1398" VPOS="2277" WIDTH="85" HEIGHT="34" WC="0.96" CONTENT="mån"/><SP WIDTH="28" VPOS="2277" HPOS="1483"/>
							<String ID="string_371" HPOS="1511" VPOS="2275" WIDTH="220" HEIGHT="49" WC="0.96" CONTENT="begränsas."/><SP WIDTH="44" VPOS="2275" HPOS="1731"/>
							<String ID="string_372" HPOS="1775" VPOS="2275" WIDTH="107" HEIGHT="37" WC="0.96" CONTENT="Dock"/><SP WIDTH="29" VPOS="2275" HPOS="1882"/>
							<String ID="string_373" HPOS="1911" VPOS="2275" WIDTH="67" HEIGHT="37" WC="0.96" CONTENT="har"/>
						</TextLine>
					</TextBlock>
				</ComposedBlock>
			</PrintSpace>
		</Page>
	</Layout>
</alto>
