2187 2688
459 121 60 31 140

911 125 260 36 Statsutskottets
1199 128 176 36 UHåtande
1397 130 63 32 N:o
1486 136 27 28 6.

815 211 165 42 lefnads-
1022 214 70 37 och
1134 215 258 51 tjänsteålder,
1436 231 79 24 som
1543 218 211 51 berättigar
1783 219 137 38 honom
1950 220 59 37 till

816 265 172 49 pension,
1018 266 84 38 icke
1126 271 64 35 må
1219 282 141 25 samma
1388 271 222 50 förhöjning
1638 272 183 47 tillträda;

916 319 37 48 k)
980 324 56 32 att
1063 320 125 38 lektor
1215 321 62 38 vid
1307 323 314 50 sjökrigsskolan,
1652 339 80 23 som
1748 327 109 48 ingår
1872 329 47 47 på
1934 326 73 37 den

813 384 74 36 nya
927 372 217 38 lönestaten
1182 374 93 40 eller
1309 389 81 27 som
1418 382 199 33 utnämnes
1646 379 96 36 efter
1771 379 63 36 det
1862 380 145 47 kungö-

812 424 97 39 relse
952 424 11 36 i
1005 430 129 34 ämnet
1169 427 217 49 utkommit,
1424 430 98 36 skall
1558 430 115 37 hafva
1709 432 186 48 rättighet
1937 432 71 37 och

812 475 222 50 skyldighet
1062 484 53 31 att
1143 480 64 38 vid
1227 482 204 48 uppnådda
1447 484 46 34 65
1510 483 192 37 lefnadsår
1718 485 70 36 och
1805 487 46 34 35
1872 485 135 48 tjänst-

812 531 40 35 år
881 531 84 35 med
994 531 161 49 pension
1179 533 89 38 från
1297 534 189 39 allmänna
1513 535 383 51 indragningsstaten
1925 538 83 36 från

805 581 167 50 tjänsten
1018 583 101 49 afgå,
1166 585 140 50 Kungl.
1353 587 106 49 Maj:t
1504 588 98 37 dock
1639 589 181 49 obetaget
1849 595 55 32 att
1931 590 76 38 låta

810 634 87 37 med
939 635 174 40 afskedet
1154 643 120 41 anstå,
1317 639 127 38 därest
1485 641 70 38 och
1596 644 42 34 så
1668 642 115 50 länge
1812 644 74 36 den
1915 657 90 36 pen-

810 687 346 50 sionsberättigade
1197 692 154 47 prötvas
1380 693 12 35 i
1420 693 169 49 tjänsten
1617 694 127 37 kunna
1773 699 49 45 på
1851 700 54 31 ett
1932 695 74 36 till-

810 739 294 37 fredsställande
1134 746 75 31 sätt
1236 755 129 36 gagna
1393 744 64 36 det
1484 744 204 46 allmänna;

914 792 29 47 l)
975 796 54 32 att
1056 793 359 52 pensionsbeloppet
1444 797 96 37 skall
1555 802 136 45 utgöra
1707 799 199 37 oafkortad
1922 800 81 45 lön;

913 848 51 43 m)
1009 851 55 30 att
1100 845 124 40 lektor
1253 848 97 36 skall
1378 849 63 36 vid
1468 850 148 37 inträde
1645 854 21 32 å
1694 851 75 36 den
1798 865 73 34 nya
1899 852 105 36 löne-

810 900 125 32 staten
964 910 90 23 vara
1083 898 154 50 skyldig
1257 900 236 39 underkasta
1522 902 60 49 sig
1610 903 46 36 de
1685 903 227 38 förändrade
1940 904 64 37 be-

810 949 238 37 stämmelser
1080 952 161 37 rörande
1282 954 283 50 pensionering,
1610 969 81 23 som
1732 956 128 37 kunna
1888 957 116 37 varda

808 1000 201 48 stadgade;

912 1055 41 45 n)
992 1059 67 44 att,
1101 1056 98 37 intill
1242 1057 88 37 dess
1372 1072 50 36 ny
1464 1058 138 38 allmän
1631 1060 230 50 författning
1888 1065 115 45 angå-

808 1105 97 36 ende
934 1106 112 37 civila
1073 1109 388 48 tjänstinnehafvares
1490 1116 77 32 rätt
1590 1112 61 38 till
1679 1113 157 48 pension
1866 1114 102 36 trädt
1991 1114 13 36 i

810 1157 111 47 kraft,
964 1161 20 34 å
1024 1159 143 39 lektors
1192 1161 284 39 löneförmåner
1505 1164 94 37 skall
1629 1165 59 36 för
1718 1179 46 22 en
1792 1166 94 36 hvar
1915 1167 89 48 afgå

809 1210 68 35 och
909 1213 38 33 åt
975 1213 232 37 statsverket
1235 1214 179 49 besparas
1434 1216 168 49 följande
1619 1216 150 50 belopp,
1791 1217 210 49 nämligen:

910 1262 13 36 i
951 1263 121 40 första
1099 1265 233 49 lönegradet
1359 1300 29 3 ==
1396 1300 344 5 mmm
1763 1271 71 34 100
1862 1270 142 37 kronor

911 1314 12 37 1
950 1316 117 37 andra
1198 1330 17 24 »
1760 1323 70 35 115
1920 1335 17 22 »

910 1367 12 35 i
949 1368 124 49 tredje
1196 1384 16 20 »
1334 1404 71 3 a
1426 1404 220 4 Kr
1665 1405 71 4 a
1759 1376 71 34 130
1919 1387 17 23 »

910 1419 9 35 i
950 1419 122 47 fjärde
1195 1434 246 25 Pn
1461 1456 276 4 a
1758 1428 71 34 145
1919 1439 17 23 >»

909 1471 11 35 i
948 1471 116 38 femte
1191 1487 33 22 PE
1332 1507 377 5 rr
1755 1479 70 35 160
1919 1491 17 23 »

807 1627 273 39 seminarierna
1120 1633 71 45 må,
1235 1631 62 36 vid
1341 1632 217 50 öfvergång
1598 1632 57 37 till
1684 1634 315 49 sjökrigsskolan,

806 1678 60 37 för
893 1679 346 52 tillgodonjutande
1268 1684 41 36 af
1333 1684 170 49 aflöning
1518 1685 11 36 i
1545 1685 120 48 högre
1680 1686 185 49 lönegrad
1882 1688 119 35 räkna

807 1730 61 49 sig
895 1731 57 38 till
979 1734 101 47 godo
1109 1735 231 49 föregående
1369 1737 263 49 tjänstgöring
1661 1741 122 34 såsom
1812 1739 188 37 ordinarie

804 1782 122 38 lärare
955 1785 120 49 enligt
1104 1787 197 38 enahanda
1328 1789 178 49 grunder,
1537 1803 80 24 som
1647 1790 69 36 här
1744 1791 113 37 ofvan
1877 1791 124 37 blifvit

802 1835 201 49 stadgade;

901 1889 47 48 p)
994 1893 53 32 att
1089 1890 45 36 de
1175 1890 12 36 i
1233 1891 130 49 kungl.
1395 1892 212 37 cirkulären
1636 1893 73 36 den
1741 1895 17 34 1
1786 1894 84 49 juni
1902 1896 95 35 1877

805 1940 71 36 och
916 1942 44 34 18
999 1942 73 47 maj
1109 1944 99 35 1878
1238 1943 248 37 omförmälda
1514 1944 182 37 docenter
1723 1945 64 36 vid
1816 1946 183 36 universi-

802 1997 106 31 teten
947 1997 59 33 må
1034 1998 73 44 äga
1136 1999 55 32 att
1219 1995 97 37 efter
1344 1996 226 49 utnämning
1597 1997 57 36 till
1682 1996 125 38 lektor
1834 1998 64 36 vid
1927 1999 70 49 sjö-

802 2044 246 49 krigsskolan
1086 2046 63 37 för
1189 2047 259 49 uppflyttning
1479 2049 11 35 i
1518 2049 120 47 högre
1667 2049 185 49 lönegrad
1880 2051 118 36 räkna

804 2096 61 49 sig
892 2097 57 36 till
975 2098 101 48 godo
1098 2098 80 42 iden
1202 2099 71 48 tid,
1304 2100 96 37 dock
1429 2101 33 49 ej
1492 2101 151 37 utöfver
1672 2106 56 32 tre
1757 2105 50 44 år,
1838 2102 45 36 de
1912 2103 84 36 med

802 2149 56 35 nit
886 2149 71 36 och
977 2149 240 50 skicklighet
1245 2151 161 50 deltagit
1433 2153 12 35 i
1473 2153 324 49 undervisningen
1826 2154 61 36 vid
1916 2155 81 35 uni-

802 2201 210 46 versitetet,
1043 2202 123 38 såvidt
1194 2203 45 37 de
1268 2205 134 39 vunnit
1430 2204 229 50 behörighet
1686 2205 58 37 till
1764 2206 234 50 anställning

802 2253 63 36 vid
894 2253 156 37 allmänt
1078 2254 190 47 läroverk;
