2174 2698
231 656 94 30 Norge.

198 2134 136 23 Danmark.

441 139 40 32 20
899 142 247 33 Statsutskottets
1176 143 169 34 Utlåtande
1366 145 65 32 N:o
1456 149 27 28 6.

399 233 97 32 samt
524 241 46 23 en
604 241 143 24 summa
783 229 42 36 af
851 230 137 46 10,000
1017 230 141 37 kronor
1187 231 59 37 för
1273 231 197 38 aflönande
1498 233 41 36 af
1564 232 185 51 behöfligt
1775 233 217 51 ingenjörs-

397 280 147 39 biträde
572 281 64 37 vid
665 281 75 37 den
769 281 195 51 egentliga
992 282 498 52 mariningenjörsdetaljen.

502 333 126 39 Sedan
670 334 445 50 mariningenjörstatens
1148 337 177 37 bildande
1354 338 97 37 hade
1480 337 159 39 sålunda
1667 339 147 50 ökning
1842 340 39 36 af
1906 354 84 37 per-

398 388 173 37 sonalens
600 393 176 32 numerär
803 388 64 37 vid
895 388 92 37 flera
1014 388 175 39 tillfällen
1217 395 66 45 ägt
1311 403 93 36 rum,
1433 392 198 37 hvaremot
1659 392 218 50 aflöningen
1906 393 85 37 allt-

398 440 118 37 sedan
546 442 97 35 1875
674 440 214 38 bibehållits
916 441 65 37 vid
1009 441 252 39 oförändrade
1290 443 150 51 belopp.

500 494 57 36 De
586 493 239 50 sakkunnige
856 493 113 38 hafva
997 494 169 38 härefter
1184 495 143 38 lämnat
1345 510 48 23 en
1413 496 186 38 öfversikt
1617 498 42 36 af
1673 498 318 50 mariningenjör-

397 545 203 38 väsendets
629 546 261 49 organisation
917 547 104 36 inom
1049 560 48 24 en
1125 548 62 37 del
1214 549 41 37 af
1279 549 193 38 utlandets
1501 550 165 37 mariner
1694 551 71 37 och
1784 550 133 38 därvid
1931 551 59 36 till

396 612 49 24 en
472 599 134 50 början
634 599 143 37 lämnat
805 612 47 24 en
881 600 106 50 dylik
1015 600 186 37 öfversikt
1229 602 232 37 beträffande
1483 602 313 50 organisationen
1817 604 8 36 i
1847 603 139 50 Norge.

501 652 82 37 Den
611 653 130 37 norska
769 652 154 39 flottans
951 653 178 37 tekniska
1158 655 174 49 personal
1361 655 41 37 af
1427 655 149 38 officers
1603 669 98 36 rang
1727 656 196 51 utgjordes
1953 656 43 38 af

394 705 356 48 ingenjörpersonal
787 705 62 36 vid
883 705 345 47 Karljohansvärns
1256 707 96 46 varf,
1377 708 376 37 handtverkskårens
1782 709 208 46 officerare,

395 756 222 49 ingenjörer
652 756 64 36 vid
754 756 190 37 marinens
982 757 321 50 byggnadsväsen
1333 764 96 31 samt
1456 759 222 50 ingenjörer
1706 760 64 36 vid
1799 760 192 37 marinens

395 822 208 24 minväsen.

497 861 411 49 Ingenjörpersonalen
949 862 64 37 vid
1046 862 345 50 Karljohansvärns
1426 865 85 35 vart
1542 878 90 23 vore
1661 864 229 37 civilmilitär
1918 865 70 37 och

394 914 157 37 bestode
593 914 40 36 af
673 927 45 24 en
759 914 284 48 varfsdirektör,
1085 918 64 34 två
1180 916 334 37 underdirektörer
1543 922 97 31 samt
1666 917 222 49 ingenjörer
1917 918 72 37 och

393 966 128 37 ritare.

497 1018 573 50 Varfsdirektörsbefattningen
1111 1020 95 37 hade
1249 1020 97 37 ända
1387 1021 57 36 till
1478 1021 59 36 för
1565 1024 120 46 några
1713 1024 41 33 år
1782 1022 119 36 sedan
1929 1027 58 31 ut-

394 1071 124 37 öfvats
560 1072 41 36 af
639 1085 47 23 en
728 1071 128 37 officer
896 1072 64 36 vid
995 1072 144 48 flottan,
1169 1086 85 23 men
1283 1073 64 37 vid
1378 1075 200 35 1901—02
1608 1077 59 34 års
1696 1074 168 49 storting
1891 1074 97 37 hade

394 1124 60 36 för
491 1123 124 38 denna
643 1124 221 49 befattning
899 1125 175 49 uppförts
1103 1125 72 37 den
1205 1126 95 36 efter
1327 1126 140 37 norska
1495 1126 267 37 förhållanden
1791 1127 198 37 afsevärda

392 1176 115 37 lönen
548 1176 42 37 af
629 1178 136 45 10,000
803 1177 140 37 kronor
970 1177 59 36 för
1057 1182 56 31 att
1141 1181 125 33 såsom
1294 1179 275 36 varfsdirektör
1597 1179 127 37 kunna
1752 1179 160 37 anställa
1941 1192 46 24 en

393 1228 153 36 erfaren
573 1228 187 48 ingenjör,
803 1228 99 37 helst
938 1232 140 45 någon,
1122 1242 80 23 som
1230 1230 11 35 i
1271 1231 196 48 egenskap
1496 1231 41 36 af
1562 1230 82 37 chet
1674 1231 80 36 ledt
1782 1235 54 32 ett
1865 1235 122 32 större

392 1280 405 37 varfsetablissement.

495 1332 75 37 För
597 1333 192 37 vinnande
819 1333 40 36 af
885 1333 231 49 anställning
1144 1336 121 35 såsom
1295 1333 169 38 direktör
1493 1334 92 37 eller
1603 1335 179 49 ingenjör
1800 1335 64 37 vid
1884 1335 102 37 varf-

392 1390 65 31 vet
484 1385 138 37 funnes
651 1385 82 37 icke
761 1386 231 36 föreskrifna
1020 1388 118 46 några
1165 1386 219 49 fordringar
1412 1387 151 37 utöfver
1591 1387 47 36 de
1667 1387 186 37 tekniska.

495 1437 73 36 Till
609 1437 354 37 handtverkskåren
996 1438 118 36 hörde
1145 1438 86 37 hela
1265 1438 73 37 den
1367 1439 59 36 för
1453 1439 262 49 tjänstgöring
1743 1440 157 37 ombord
1930 1439 54 37 af-

393 1489 117 36 sedda
547 1489 175 37 tekniska
761 1489 238 49 personalen.
1054 1490 147 37 Kårens
1239 1491 204 47 officerare,
1479 1504 82 24 som
1589 1491 97 37 hade
1714 1491 140 37 militär
1881 1492 103 36 ställ-

391 1541 107 49 ning,
535 1542 198 49 utgjordes
771 1542 40 36 af
844 1544 20 35 5
904 1542 342 50 mariningenjörer
1282 1543 40 37 af
1355 1546 64 34 två
1455 1543 146 38 klasser
1639 1544 70 37 och
1746 1546 45 35 10
1821 1544 164 36 maskin-

392 1600 149 30 mestre.

495 1645 132 37 Såsom
657 1646 343 50 mariningenjörer
1028 1647 206 36 anställdes
1262 1647 221 49 ingenjörer
1502 1648 86 36 med
1607 1648 154 37 teknisk
1781 1648 204 48 högskole-

391 1710 158 24 examen
589 1704 96 30 samt
725 1699 173 49 praktisk
937 1698 261 50 tjänstgöring
1238 1699 65 37 vid
1343 1700 198 36 mekanisk
1569 1700 183 37 verkstad
1780 1699 93 38 eller
1899 1700 85 36 varf

391 1750 71 36 och
499 1753 21 33 å
548 1750 206 50 ångfartyg
795 1754 124 34 såsom
960 1751 252 37 maskinister.
1270 1751 291 38 Maskinmestre
1603 1752 265 49 rekryterades
1901 1752 84 36 från

389 1802 559 38 maskinistunderofficerarna.

494 1854 52 36 På
582 1855 132 48 hvarje
751 1856 226 48 panserskib
1017 1855 253 48 tjänstgjorde
1312 1870 45 22 en
1401 1856 301 50 mariningenjör
1731 1856 71 37 och
1833 1869 45 23 en
1908 1869 78 23 ma-

390 1905 246 46 skimmester;
665 1910 48 46 på
743 1907 124 49 öfriga
896 1912 122 32 större
1046 1908 130 48 fartyg
1204 1921 48 23 en
1280 1908 301 37 maskinmester.

492 1958 16 36 I
550 1964 154 44 spetsen
745 1959 60 37 för
846 1960 189 36 marinens
1076 1959 322 49 byggnadsväsen
1436 1961 109 36 stode
1583 1974 48 23 en
1658 1960 324 49 ingenjörofficer,

388 2010 156 37 hvilken
584 2011 57 36 till
682 2011 65 37 sitt
787 2011 147 37 biträde
971 2012 97 36 hade
1105 2025 46 23 en
1179 2012 113 37 ritare
1321 2012 72 37 och
1421 2025 48 24 en
1497 2012 356 50 ingenjörlöjtnant.
1910 2012 74 37 Vid

388 2063 191 37 marinens
607 2064 195 36 minväsen
832 2063 180 49 slutligen
1040 2064 253 50 tjänstgjorde
1322 2078 47 23 en
1396 2064 177 50 ingenjör
1601 2065 70 36 och
1701 2078 48 23 en
1776 2064 127 37 ritare.

492 2115 17 36 I
545 2117 193 35 Danmark
775 2116 176 37 tillhörde
980 2117 72 36 den
1081 2116 178 37 tekniska
1287 2116 349 50 befälspersonalen
1664 2116 168 50 följande
1860 2117 121 47 kårer,

387 2167 207 49 nämligen,
623 2168 318 49 maskinkorpset,
970 2168 155 37 hvilken
1152 2168 175 38 tillhörde
1355 2169 154 37 flottans
1538 2168 26 49 (i
1591 2169 203 36 inskränkt
1809 2169 172 48 mening)

387 2220 122 47 kårer,
540 2225 97 31 samt
677 2220 435 50 haandverkerkorpset
1141 2221 70 36 och
1240 2221 325 50 ssminekorpsets
1594 2221 126 49 depot,
1749 2221 130 37 hvilka
1907 2220 75 37 till-

386 2272 119 36 hörde
534 2272 169 37 varfvets
730 2273 123 37 kårer.
