2179 2705
445 146 42 32 30
904 147 248 33 Statsutskottets
1181 147 170 33 Ullåtande
1372 148 64 32 N:o
1463 152 27 29 6.

404 234 120 50 betyg
550 237 227 46 genomgått
804 234 231 38 föreskrifna
1062 235 206 37 teoretiska
1295 235 133 37 kurser
1458 236 71 37 och
1558 235 149 37 erhållit
1735 236 98 48 goda
1851 235 148 38 vitsord

404 287 85 37 från
529 287 255 37 föreskrifven
821 287 172 51 praktisk
1033 288 272 49 tjänstgöring,
1343 293 77 32 rätt
1452 293 56 32 att
1535 288 114 37 vinna
1677 288 231 50 anställning
1936 289 62 37 vid

405 340 429 50 mariningenjörkåren,
872 354 86 24 men
995 340 97 38 hade
1130 341 82 37 icke
1241 341 126 37 funnit
1395 347 54 31 ett
1478 341 134 37 sådant
1639 341 175 50 lämpligt
1843 355 59 23 om
1931 355 67 24 ens

404 393 153 50 möjligt
585 398 55 32 att
667 393 235 49 genomföra.
959 393 85 38 Der
1071 394 68 47 tid,
1169 407 84 23 som
1281 394 157 50 åtginge
1467 394 85 37 från
1581 395 64 36 det
1665 408 48 22 en
1733 394 84 37 elev
1837 400 161 44 antoges

404 446 70 37 och
515 446 58 36 till
616 446 85 37 dess
733 446 73 37 han
836 459 91 24 vore
955 447 224 49 kompetent
1207 451 56 32 att
1291 447 93 37 söka
1412 447 75 37 fast
1516 447 234 49 anställning
1778 447 62 37 vid
1869 448 128 47 kåren,

402 499 198 49 uppginge
642 499 194 49 nämligen
877 498 57 38 till
978 500 45 35 10
1070 502 51 43 år,
1164 500 70 37 och
1262 504 54 32 att
1349 503 41 33 så
1417 500 107 48 långt
1551 500 12 36 i
1590 501 138 47 förväg
1755 500 86 37 med
1870 503 129 46 någon

403 552 179 36 säkerhet
623 552 168 36 beräkna
827 551 73 38 den
929 552 143 49 afgång
1099 552 84 37 från
1210 552 129 40 kåren,
1373 566 80 23 som
1482 552 119 37 skulle
1629 552 247 49 förekomma,
1906 566 92 24 vore

403 603 83 38 icke
514 604 161 50 möjligt.
732 603 130 39 Skulle
891 609 54 32 ett
987 605 135 37 sådant
1153 604 345 50 rekryteringssätt
1531 605 117 37 likväl
1676 610 172 45 antagas,
1878 608 119 34 måste

403 657 61 37 för
492 657 243 50 rekrytering
767 658 41 36 af
832 657 137 37 kårens
998 671 129 24 reserv
1156 657 187 38 särskilda
1371 657 178 50 åtgärder
1577 658 185 48 vidtagas.

508 710 75 36 Det
623 710 42 36 af
702 710 45 36 de
790 710 241 48 sakkunnige
1073 710 221 48 föreslagna
1330 688 384 71 rekryteringssättet
1755 711 155 49 erbjöde
1951 711 47 36 de

405 760 148 50 viktiga
585 761 227 47 fördelarna,
846 767 56 31 att
931 775 86 23 man
1046 739 193 59 bibehölle
1264 761 250 50 möjligheten
1544 767 55 31 att
1626 768 96 44 göra
1751 726 106 73 urval
1885 763 114 37 bland

405 813 46 37 de
483 813 194 38 utbildade
706 814 98 37 ända
831 814 59 37 till
919 814 87 37 dess
1035 814 76 37 fast
1139 814 234 49 anställning
1401 814 63 37 vid
1493 815 116 37 kåren
1622 788 197 80 "slutligen
1852 829 147 24 vunnes

405 871 98 32 samt
530 871 55 31 att
611 867 245 49 rekrytering
882 867 42 36 af
948 880 180 23 reserven
1157 867 195 49 samtidigt
1380 866 173 38 erhölles.

508 918 88 38 Med
625 919 73 37 den
727 921 41 34 år
798 921 97 35 1908
923 919 224 37 inträdande
1174 919 213 37 utsträckta
1414 919 244 50 värnplikten
1686 920 152 36 komme
1859 919 139 37 visser-

403 970 105 50 ligen
552 977 124 31 staten
718 977 55 31 att
813 972 41 36 af
886 972 85 47 den,
1002 985 83 23 som
1114 972 64 36 vid
1206 972 502 49 värnpliktsinskrifningen
1736 972 262 49 genomginge

406 1024 93 36 eller
527 1027 226 46 genomgått
780 1024 224 37 fackskolan
1032 1025 61 36 för
1121 1024 476 49 maskinbyggnadskonst
1625 1025 63 36 vid
1708 1025 176 36 tekniska
1902 1025 96 49 hög-

405 1076 147 48 skolan,
594 1077 129 36 fordra
768 1078 45 35 10
855 1077 200 37 månaders
1097 1077 259 49 tjänstgöring
1397 1080 125 34 såsom
1564 1077 247 50 värnpliktig,
1853 1077 12 36 1
1902 1078 97 49 jäm-

405 1106 147 60 förelse
586 1129 183 37 hvarmed
811 1129 74 36 den
920 1129 417 59 militärtjänstgöring,
1367 1143 79 23 som
1486 1130 41 36 af
1560 1130 439 50 mariningenjöreleven

405 1181 198 37 fordrades
634 1182 70 37 och
733 1182 159 36 hvilken
920 1182 197 49 uppginge
1147 1181 55 37 till
1233 1195 46 23 en
1310 1185 20 33 2
1361 1182 199 37 månaders
1590 1182 264 50 tjänstgöring
1880 1182 119 37 under

406 1233 251 37 skolferierna
698 1234 71 36 och
814 1236 45 33 14
897 1234 201 36 månaders
1126 1234 262 49 tjänstgöring
1416 1234 11 36 1
1456 1247 46 24 en
1531 1234 108 49 följd,
1669 1235 32 46 ej
1734 1235 124 36 kunde
1887 1239 111 44 sägas

405 1299 90 23 vara
524 1286 247 49 synnerligen
800 1286 258 49 betungande,
1097 1300 87 23 men
1222 1286 86 36 med
1349 1286 152 50 hänsyn
1543 1287 81 36 dels
1666 1286 57 37 till
1765 1287 73 37 den
1866 1286 132 49 längre

406 1338 261 49 öfningstiden
712 1338 82 37 dels
826 1338 58 36 till
930 1339 157 36 fordran
1132 1342 58 46 på,
1233 1344 55 31 att
1328 1338 281 38 militärkursen
1650 1339 167 37 förlades
1859 1338 139 37 mellan

406 1391 388 46 mogenhetsexamen
836 1391 70 36 och
947 1391 46 36 de
1035 1391 176 36 tekniska
1241 1391 205 48 studierna,
1476 1392 146 36 hvilket
1651 1392 33 48 ej
1715 1392 164 36 behöfde
1907 1404 92 23 vara

405 1441 108 38 fallet
554 1443 86 37 med
667 1443 263 49 värnpliktens
959 1443 256 50 fullgörande,
1245 1448 131 45 syntes
1406 1443 115 37 likväl
1550 1444 117 36 redan
1695 1447 48 46 på
1771 1444 72 37 den
1873 1443 126 50 grund

405 1497 129 47 någon
576 1495 226 37 ekonomisk
845 1496 214 48 ersättning
1100 1496 93 36 böra
1234 1496 127 47 gifvas
1403 1497 109 35 dessa
1555 1496 128 36 elever
1711 1496 164 36 förutom
1904 1496 93 36 diet-

404 1547 216 49 penningar
660 1548 64 36 vid
764 1548 261 48 tjänstgöring
1032 1529 189 55 ”ombord
1263 1548 69 36 och
1368 1563 46 23 en
1443 1549 268 36 motsvarande
1740 1549 168 48 aflöning
1935 1548 64 37 vid

403 1599 260 50 tjänstgöring
704 1603 19 33 å
765 1600 152 36 flottans
958 1599 95 37 varf.
1120 1594 113 42 Ännu
1271 1613 79 24 mer
1390 1601 119 36 borde
1549 1601 157 36 fordran
1738 1603 48 47 på
1815 1605 54 32 att
1877 1574 122 80 "såväl

404 1652 327 49 undervisningen
773 1666 81 23 som
895 1652 73 37 den
1009 1652 197 49 praktiska
1248 1652 267 50 utbildningen
1544 1653 120 37 skulle
1693 1653 192 37 bedrifvas
1914 1652 86 37 med

406 1704 163 36 särskild
611 1682 115 58 tanke
768 1707 48 45 på
855 1704 236 49 anställning
1127 1704 64 37 vid
1220 1680 431 78 mariningenjörkåren,
1681 1710 88 32 utan
1799 1711 56 31 att
1881 1705 119 36 likväl

405 1755 177 37 säkerhet
622 1756 60 37 för
715 1756 116 37 sådan
864 1756 234 50 anställning
1126 1757 175 48 erhölles,
1330 1763 95 43 göra
1453 1758 63 36 det
1545 1757 237 49 nödvändigt
1810 1762 54 31 att
1892 1757 108 49 gifva

405 1808 85 46 den,
533 1822 81 23 som
655 1812 49 46 på
746 1811 39 34 så
814 1809 133 37 osäkra
974 1809 336 37 framtidsutsikter
1339 1810 180 36 beträdde
1549 1823 46 23 en
1624 1810 110 46 bana,
1764 1809 172 37 fördelen
1964 1809 39 36 af

404 1860 208 37 understöd
640 1861 121 36 under
790 1861 211 37 studiernas
1030 1861 260 37 bedrifvande.

509 1913 85 36 Den
631 1913 241 49 lämpligaste
909 1914 148 36 formen
1089 1914 60 36 för
1177 1914 135 36 sådant
1339 1914 208 36 understöd
1576 1913 96 37 hade
1702 1918 108 44 synts
1839 1913 46 36 de
1915 1913 85 36 sak-

405 1964 169 48 kunnige
603 1979 90 23 vara
720 1965 220 48 tilldelande
970 1966 41 35 af
1042 1966 208 48 stipendier
1278 1969 38 33 åt
1344 1966 176 37 eleverna
1549 1965 106 37 såväl
1683 1966 120 36 under
1832 1965 73 37 den
1933 1965 65 46 tid,

406 2017 47 36 de
496 2018 261 49 genomginge
786 2018 140 36 kursen
963 2020 47 47 på
1037 2018 176 36 tekniska
1242 2018 226 49 högskolan,
1499 2031 80 23 som
1608 2018 120 36 under
1756 2017 73 38 den
1858 2017 65 47 tid,
1953 2017 46 36 de

406 2069 97 36 efter
532 2070 124 36 slutad
684 2070 279 49 högskolekurs
992 2070 60 36 för
1081 2071 59 36 sin
1168 2070 218 49 utbildning
1413 2070 97 37 hade
1540 2070 234 49 anställning
1801 2070 65 36 vid
1889 2070 109 36 verk-

406 2122 84 36 stad
519 2122 71 36 och
617 2122 94 37 varf.
769 2122 147 37 Genom
946 2127 56 32 att
1022 2122 174 37 eleverna
1216 2126 122 33 såsom
1360 2122 249 50 stipendiater
1626 2122 259 49 genomginge
1905 2122 93 48 hög-

406 2174 146 46 skolan,
581 2175 186 36 bereddes
791 2175 144 48 jämväl
965 2175 155 37 flottans
1149 2175 267 49 myndigheter
1445 2180 121 32 större
1596 2174 243 50 möjligheter
1862 2179 55 32 att
1935 2174 63 36 be-

405 2231 160 31 stämma
594 2226 226 50 studieplan,
849 2227 233 37 kontrollera
1110 2227 327 49 undervisningen
1467 2228 71 36 och
1567 2227 119 37 ordna
1715 2228 217 36 densamma
1951 2229 49 46 på

403 2278 244 50 lämpligaste
690 2284 75 31 sätt
807 2279 86 36 med
930 2279 150 50 hänsyn
1113 2279 58 36 till
1199 2280 285 49 anställningen
1514 2293 81 24 som
1624 2279 299 49 marimingenjör
1951 2284 47 30 än
