<?xml version="1.0" encoding="UTF-8"?>
<alto xmlns="http://www.loc.gov/standards/alto/ns-v3#" xmlns:xlink="http://www.w3.org/1999/xlink" xmlns:xsi="http://www.w3.org/2001/XMLSchema-instance" xsi:schemaLocation="http://www.loc.gov/standards/alto/ns-v3# http://www.loc.gov/alto/v3/alto-3-0.xsd">
	<Description>
		<MeasurementUnit>pixel</MeasurementUnit>
		<sourceImageInformation>
			<fileName>/tmp/tess_gggich33_input.PNG</fileName>
		</sourceImageInformation>
		<OCRProcessing ID="OCR_0">
			<ocrProcessingStep>
				<processingSoftware>
					<softwareName>tesseract 5.3.0</softwareName>
				</processingSoftware>
			</ocrProcessingStep>
		</OCRProcessing>
	</Description>
	<Layout>
		<Page WIDTH="1880" HEIGHT="2800" PHYSICAL_IMG_NR="0" ID="page_0">
			<PrintSpace HPOS="0" VPOS="0" WIDTH="1880" HEIGHT="2800">
				<ComposedBlock ID="cblock_0" HPOS="283" VPOS="181" WIDTH="1118" HEIGHT="41">
					<TextBlock ID="block_0" HPOS="283" VPOS="181" WIDTH="1118" HEIGHT="41">
						<TextLine ID="line_0" HPOS="283" VPOS="181" WIDTH="1118" HEIGHT="41">
							<String ID="string_0" HPOS="283" VPOS="185" WIDTH="18" HEIGHT="29" WC="0.96" CONTENT="4"/><SP WIDTH="357" VPOS="185" HPOS="301"/>
							<String ID="string_1" HPOS="658" VPOS="182" WIDTH="402" HEIGHT="40" WC="0.91" CONTENT="Bevillningsutskottets"/><SP WIDTH="23" VPOS="182" HPOS="1060"/>
							<String ID="string_2" HPOS="1083" VPOS="181" WIDTH="184" HEIGHT="29" WC="0.96" CONTENT="memorial"/><SP WIDTH="18" VPOS="181" HPOS="1267"/>
							<String ID="string_3" HPOS="1285" VPOS="190" WIDTH="43" HEIGHT="20" WC="0.95" CONTENT="nr"/><SP WIDTH="21" VPOS="190" HPOS="1328"/>
							<String ID="string_4" HPOS="1349" VPOS="181" WIDTH="52" HEIGHT="29" WC="0.92" CONTENT="56."/>
						</TextLine>
					</TextBlock>
				</ComposedBlock>
				<ComposedBlock ID="cblock_1" HPOS="285" VPOS="262" WIDTH="1503" HEIGHT="146">
					<TextBlock ID="block_1" HPOS="285" VPOS="262" WIDTH="1503" HEIGHT="146">
						<TextLine ID="line_1" HPOS="330" VPOS="262" WIDTH="1457" HEIGHT="42">
							<String ID="string_5" HPOS="330" VPOS="268" WIDTH="67" HEIGHT="29" WC="0.96" CONTENT="Vid"/><SP WIDTH="29" VPOS="268" HPOS="397"/>
							<String ID="string_6" HPOS="426" VPOS="267" WIDTH="236" HEIGHT="30" WC="0.96" CONTENT="betänkandet"/><SP WIDTH="29" VPOS="267" HPOS="662"/>
							<String ID="string_7" HPOS="691" VPOS="267" WIDTH="103" HEIGHT="29" WC="0.93" CONTENT="fanns"/><SP WIDTH="28" VPOS="267" HPOS="794"/>
							<String ID="string_8" HPOS="822" VPOS="266" WIDTH="106" HEIGHT="38" WC="0.92" CONTENT="fogad"/><SP WIDTH="30" VPOS="266" HPOS="928"/>
							<String ID="string_9" HPOS="958" VPOS="275" WIDTH="42" HEIGHT="20" WC="0.96" CONTENT="en"/><SP WIDTH="28" VPOS="275" HPOS="1000"/>
							<String ID="string_10" HPOS="1028" VPOS="275" WIDTH="41" HEIGHT="21" WC="0.96" CONTENT="av"/><SP WIDTH="29" VPOS="275" HPOS="1069"/>
							<String ID="string_11" HPOS="1098" VPOS="265" WIDTH="122" HEIGHT="29" WC="0.96" CONTENT="herrar"/><SP WIDTH="27" VPOS="265" HPOS="1220"/>
							<String ID="string_12" HPOS="1247" VPOS="264" WIDTH="126" HEIGHT="40" WC="0.96" CONTENT="Gustaf"/><SP WIDTH="26" VPOS="264" HPOS="1373"/>
							<String ID="string_13" HPOS="1399" VPOS="264" WIDTH="175" HEIGHT="39" WC="0.93" CONTENT="Elofsson,"/><SP WIDTH="33" VPOS="264" HPOS="1574"/>
							<String ID="string_14" HPOS="1607" VPOS="262" WIDTH="180" HEIGHT="37" WC="0.92" CONTENT="Velander,"/>
						</TextLine>
						<TextLine ID="line_2" HPOS="285" VPOS="314" WIDTH="1503" HEIGHT="42">
							<String ID="string_15" HPOS="285" VPOS="318" WIDTH="199" HEIGHT="38" WC="0.96" CONTENT="Niklasson,"/><SP WIDTH="18" VPOS="318" HPOS="484"/>
							<String ID="string_16" HPOS="502" VPOS="317" WIDTH="137" HEIGHT="37" WC="0.94" CONTENT="Petrén,"/><SP WIDTH="18" VPOS="317" HPOS="639"/>
							<String ID="string_17" HPOS="657" VPOS="316" WIDTH="188" HEIGHT="39" WC="0.96" CONTENT="Sandberg,"/><SP WIDTH="20" VPOS="316" HPOS="845"/>
							<String ID="string_18" HPOS="865" VPOS="316" WIDTH="152" HEIGHT="29" WC="0.96" CONTENT="Jonsson"/><SP WIDTH="19" VPOS="316" HPOS="1017"/>
							<String ID="string_19" HPOS="1036" VPOS="315" WIDTH="11" HEIGHT="29" WC="0.93" CONTENT="i"/><SP WIDTH="20" VPOS="315" HPOS="1047"/>
							<String ID="string_20" HPOS="1067" VPOS="315" WIDTH="212" HEIGHT="40" WC="0.91" CONTENT="Skedsbygd,"/><SP WIDTH="19" VPOS="315" HPOS="1279"/>
							<String ID="string_21" HPOS="1298" VPOS="315" WIDTH="226" HEIGHT="29" WC="0.96" CONTENT="Kristensson"/><SP WIDTH="19" VPOS="315" HPOS="1524"/>
							<String ID="string_22" HPOS="1543" VPOS="314" WIDTH="11" HEIGHT="29" WC="0.96" CONTENT="i"/><SP WIDTH="20" VPOS="314" HPOS="1554"/>
							<String ID="string_23" HPOS="1574" VPOS="314" WIDTH="105" HEIGHT="39" WC="0.93" CONTENT="Osby,"/><SP WIDTH="20" VPOS="314" HPOS="1679"/>
							<String ID="string_24" HPOS="1699" VPOS="314" WIDTH="89" HEIGHT="38" WC="0.92" CONTENT="Hag-"/>
						</TextLine>
						<TextLine ID="line_3" HPOS="287" VPOS="365" WIDTH="1205" HEIGHT="43">
							<String ID="string_25" HPOS="287" VPOS="369" WIDTH="80" HEIGHT="39" WC="0.96" CONTENT="berg"/><SP WIDTH="19" VPOS="369" HPOS="367"/>
							<String ID="string_26" HPOS="386" VPOS="368" WIDTH="11" HEIGHT="29" WC="0.96" CONTENT="i"/><SP WIDTH="21" VPOS="368" HPOS="397"/>
							<String ID="string_27" HPOS="418" VPOS="368" WIDTH="126" HEIGHT="29" WC="0.96" CONTENT="Malmö"/><SP WIDTH="19" VPOS="368" HPOS="544"/>
							<String ID="string_28" HPOS="563" VPOS="367" WIDTH="66" HEIGHT="30" WC="0.96" CONTENT="och"/><SP WIDTH="19" VPOS="367" HPOS="629"/>
							<String ID="string_29" HPOS="648" VPOS="366" WIDTH="112" HEIGHT="41" WC="0.93" CONTENT="Sjölin"/><SP WIDTH="20" VPOS="366" HPOS="760"/>
							<String ID="string_30" HPOS="780" VPOS="366" WIDTH="145" HEIGHT="39" WC="0.92" CONTENT="avgiven"/><SP WIDTH="20" VPOS="366" HPOS="925"/>
							<String ID="string_31" HPOS="945" VPOS="365" WIDTH="224" HEIGHT="34" WC="0.96" CONTENT="reservation,"/><SP WIDTH="22" VPOS="365" HPOS="1169"/>
							<String ID="string_32" HPOS="1191" VPOS="365" WIDTH="73" HEIGHT="30" WC="0.93" CONTENT="vari"/><SP WIDTH="20" VPOS="365" HPOS="1264"/>
							<String ID="string_33" HPOS="1284" VPOS="365" WIDTH="208" HEIGHT="35" WC="0.91" CONTENT="hemställts,"/>
						</TextLine>
					</TextBlock>
				</ComposedBlock>
				<ComposedBlock ID="cblock_2" HPOS="286" VPOS="432" WIDTH="1503" HEIGHT="597">
					<TextBlock ID="block_2" HPOS="286" VPOS="432" WIDTH="1503" HEIGHT="544">
						<TextLine ID="line_4" HPOS="329" VPOS="432" WIDTH="1454" HEIGHT="42">
							<String ID="string_34" HPOS="329" VPOS="437" WIDTH="46" HEIGHT="33" WC="0.88" CONTENT="A)"/><SP WIDTH="27" VPOS="437" HPOS="375"/>
							<String ID="string_35" HPOS="402" VPOS="438" WIDTH="52" HEIGHT="28" WC="0.96" CONTENT="att"/><SP WIDTH="23" VPOS="438" HPOS="454"/>
							<String ID="string_36" HPOS="477" VPOS="436" WIDTH="188" HEIGHT="38" WC="0.96" CONTENT="riksdagen"/><SP WIDTH="23" VPOS="436" HPOS="665"/>
							<String ID="string_37" HPOS="688" VPOS="436" WIDTH="116" HEIGHT="34" WC="0.96" CONTENT="måtte,"/><SP WIDTH="24" VPOS="436" HPOS="804"/>
							<String ID="string_38" HPOS="828" VPOS="436" WIDTH="80" HEIGHT="29" WC="0.93" CONTENT="med"/><SP WIDTH="24" VPOS="436" HPOS="908"/>
							<String ID="string_39" HPOS="932" VPOS="435" WIDTH="174" HEIGHT="30" WC="0.91" CONTENT="förmälan"/><SP WIDTH="24" VPOS="435" HPOS="1106"/>
							<String ID="string_40" HPOS="1130" VPOS="436" WIDTH="50" HEIGHT="28" WC="0.96" CONTENT="att"/><SP WIDTH="24" VPOS="436" HPOS="1180"/>
							<String ID="string_41" HPOS="1204" VPOS="435" WIDTH="125" HEIGHT="38" WC="0.92" CONTENT="Kungl."/><SP WIDTH="25" VPOS="435" HPOS="1329"/>
							<String ID="string_42" HPOS="1354" VPOS="434" WIDTH="124" HEIGHT="39" WC="0.96" CONTENT="Maj:ts"/><SP WIDTH="24" VPOS="434" HPOS="1478"/>
							<String ID="string_43" HPOS="1502" VPOS="432" WIDTH="216" HEIGHT="41" WC="0.96" CONTENT="proposition"/><SP WIDTH="24" VPOS="432" HPOS="1718"/>
							<String ID="string_44" HPOS="1742" VPOS="440" WIDTH="41" HEIGHT="21" WC="0.96" CONTENT="nr"/>
						</TextLine>
						<TextLine ID="line_5" HPOS="287" VPOS="482" WIDTH="1498" HEIGHT="45">
							<String ID="string_45" HPOS="287" VPOS="487" WIDTH="73" HEIGHT="35" WC="0.96" CONTENT="237,"/><SP WIDTH="27" VPOS="487" HPOS="360"/>
							<String ID="string_46" HPOS="387" VPOS="487" WIDTH="52" HEIGHT="30" WC="0.96" CONTENT="till"/><SP WIDTH="27" VPOS="487" HPOS="439"/>
							<String ID="string_47" HPOS="466" VPOS="487" WIDTH="40" HEIGHT="29" WC="0.96" CONTENT="de"/><SP WIDTH="25" VPOS="487" HPOS="506"/>
							<String ID="string_48" HPOS="531" VPOS="486" WIDTH="96" HEIGHT="30" WC="0.96" CONTENT="delar"/><SP WIDTH="26" VPOS="486" HPOS="627"/>
							<String ID="string_49" HPOS="653" VPOS="485" WIDTH="263" HEIGHT="42" WC="0.95" CONTENT="propositionen"/><SP WIDTH="24" VPOS="485" HPOS="916"/>
							<String ID="string_50" HPOS="940" VPOS="485" WIDTH="206" HEIGHT="30" WC="0.96" CONTENT="behandlats"/><SP WIDTH="26" VPOS="485" HPOS="1146"/>
							<String ID="string_51" HPOS="1172" VPOS="494" WIDTH="43" HEIGHT="20" WC="0.96" CONTENT="av"/><SP WIDTH="26" VPOS="494" HPOS="1215"/>
							<String ID="string_52" HPOS="1241" VPOS="485" WIDTH="171" HEIGHT="29" WC="0.95" CONTENT="utskottet"/><SP WIDTH="25" VPOS="485" HPOS="1412"/>
							<String ID="string_53" HPOS="1437" VPOS="483" WIDTH="11" HEIGHT="29" WC="0.96" CONTENT="i"/><SP WIDTH="25" VPOS="483" HPOS="1448"/>
							<String ID="string_54" HPOS="1473" VPOS="483" WIDTH="229" HEIGHT="30" WC="0.93" CONTENT="förevarande"/><SP WIDTH="27" VPOS="483" HPOS="1702"/>
							<String ID="string_55" HPOS="1729" VPOS="482" WIDTH="56" HEIGHT="30" WC="0.91" CONTENT="be-"/>
						</TextLine>
						<TextLine ID="line_6" HPOS="286" VPOS="531" WIDTH="1501" HEIGHT="42">
							<String ID="string_56" HPOS="286" VPOS="535" WIDTH="177" HEIGHT="29" WC="0.96" CONTENT="tänkande"/><SP WIDTH="21" VPOS="535" HPOS="463"/>
							<String ID="string_57" HPOS="484" VPOS="535" WIDTH="75" HEIGHT="29" WC="0.96" CONTENT="icke"/><SP WIDTH="21" VPOS="535" HPOS="559"/>
							<String ID="string_58" HPOS="580" VPOS="535" WIDTH="139" HEIGHT="29" WC="0.96" CONTENT="kunnat"/><SP WIDTH="22" VPOS="535" HPOS="719"/>
							<String ID="string_59" HPOS="741" VPOS="544" WIDTH="41" HEIGHT="20" WC="0.96" CONTENT="av"/><SP WIDTH="21" VPOS="544" HPOS="782"/>
							<String ID="string_60" HPOS="803" VPOS="534" WIDTH="188" HEIGHT="39" WC="0.96" CONTENT="riksdagen"/><SP WIDTH="23" VPOS="534" HPOS="991"/>
							<String ID="string_61" HPOS="1014" VPOS="533" WIDTH="214" HEIGHT="30" WC="0.91" CONTENT="oförändrad"/><SP WIDTH="22" VPOS="533" HPOS="1228"/>
							<String ID="string_62" HPOS="1250" VPOS="532" WIDTH="140" HEIGHT="33" WC="0.90" CONTENT="bifallas"/><SP WIDTH="23" VPOS="532" HPOS="1390"/>
							<String ID="string_63" HPOS="1413" VPOS="533" WIDTH="64" HEIGHT="29" WC="0.96" CONTENT="och"/><SP WIDTH="22" VPOS="533" HPOS="1477"/>
							<String ID="string_64" HPOS="1499" VPOS="532" WIDTH="11" HEIGHT="29" WC="0.96" CONTENT="i"/><SP WIDTH="23" VPOS="532" HPOS="1510"/>
							<String ID="string_65" HPOS="1533" VPOS="531" WIDTH="189" HEIGHT="40" WC="0.96" CONTENT="anledning"/><SP WIDTH="23" VPOS="531" HPOS="1722"/>
							<String ID="string_66" HPOS="1745" VPOS="541" WIDTH="42" HEIGHT="20" WC="0.95" CONTENT="av"/>
						</TextLine>
						<TextLine ID="line_7" HPOS="288" VPOS="584" WIDTH="1498" HEIGHT="43">
							<String ID="string_67" HPOS="288" VPOS="588" WIDTH="41" HEIGHT="30" WC="0.96" CONTENT="de"/><SP WIDTH="22" VPOS="588" HPOS="329"/>
							<String ID="string_68" HPOS="351" VPOS="587" WIDTH="223" HEIGHT="40" WC="0.96" CONTENT="likalydande"/><SP WIDTH="22" VPOS="587" HPOS="574"/>
							<String ID="string_69" HPOS="596" VPOS="586" WIDTH="220" HEIGHT="31" WC="0.93" CONTENT="motionerna"/><SP WIDTH="21" VPOS="586" HPOS="816"/>
							<String ID="string_70" HPOS="837" VPOS="587" WIDTH="64" HEIGHT="30" WC="0.88" CONTENT="I:5"/><SP WIDTH="24" VPOS="587" HPOS="901"/>
							<String ID="string_71" HPOS="925" VPOS="595" WIDTH="41" HEIGHT="22" WC="0.96" CONTENT="av"/><SP WIDTH="22" VPOS="595" HPOS="966"/>
							<String ID="string_72" HPOS="988" VPOS="587" WIDTH="79" HEIGHT="28" WC="0.96" CONTENT="herr"/><SP WIDTH="22" VPOS="587" HPOS="1067"/>
							<String ID="string_73" HPOS="1089" VPOS="585" WIDTH="88" HEIGHT="31" WC="0.96" CONTENT="Elon"/><SP WIDTH="23" VPOS="585" HPOS="1177"/>
							<String ID="string_74" HPOS="1200" VPOS="585" WIDTH="201" HEIGHT="30" WC="0.92" CONTENT="Andersson"/><SP WIDTH="24" VPOS="585" HPOS="1401"/>
							<String ID="string_75" HPOS="1425" VPOS="594" WIDTH="44" HEIGHT="21" WC="0.89" CONTENT="m."/><SP WIDTH="23" VPOS="594" HPOS="1469"/>
							<String ID="string_76" HPOS="1492" VPOS="584" WIDTH="36" HEIGHT="31" WC="0.91" CONTENT="fl."/><SP WIDTH="26" VPOS="584" HPOS="1528"/>
							<String ID="string_77" HPOS="1554" VPOS="585" WIDTH="65" HEIGHT="29" WC="0.96" CONTENT="och"/><SP WIDTH="22" VPOS="585" HPOS="1619"/>
							<String ID="string_78" HPOS="1641" VPOS="584" WIDTH="45" HEIGHT="29" WC="0.63" CONTENT="II:"/><SP WIDTH="17" VPOS="584" HPOS="1686"/>
							<String ID="string_79" HPOS="1703" VPOS="584" WIDTH="17" HEIGHT="30" WC="0.63" CONTENT="5"/><SP WIDTH="24" VPOS="584" HPOS="1720"/>
							<String ID="string_80" HPOS="1744" VPOS="592" WIDTH="42" HEIGHT="21" WC="0.95" CONTENT="av"/>
						</TextLine>
						<TextLine ID="line_8" HPOS="288" VPOS="633" WIDTH="1498" HEIGHT="43">
							<String ID="string_81" HPOS="288" VPOS="638" WIDTH="80" HEIGHT="30" WC="0.96" CONTENT="herr"/><SP WIDTH="26" VPOS="638" HPOS="368"/>
							<String ID="string_82" HPOS="394" VPOS="637" WIDTH="106" HEIGHT="31" WC="0.68" CONTENT="Ohlin"/><SP WIDTH="22" VPOS="637" HPOS="500"/>
							<String ID="string_83" HPOS="522" VPOS="648" WIDTH="45" HEIGHT="20" WC="0.90" CONTENT="m."/><SP WIDTH="23" VPOS="648" HPOS="567"/>
							<String ID="string_84" HPOS="590" VPOS="638" WIDTH="49" HEIGHT="34" WC="0.77" CONTENT="fl.,"/><SP WIDTH="25" VPOS="638" HPOS="639"/>
							<String ID="string_85" HPOS="664" VPOS="638" WIDTH="42" HEIGHT="29" WC="0.96" CONTENT="de"/><SP WIDTH="23" VPOS="638" HPOS="706"/>
							<String ID="string_86" HPOS="729" VPOS="636" WIDTH="222" HEIGHT="40" WC="0.96" CONTENT="likalydande"/><SP WIDTH="24" VPOS="636" HPOS="951"/>
							<String ID="string_87" HPOS="975" VPOS="636" WIDTH="218" HEIGHT="31" WC="0.96" CONTENT="motionerna"/><SP WIDTH="25" VPOS="636" HPOS="1193"/>
							<String ID="string_88" HPOS="1218" VPOS="636" WIDTH="85" HEIGHT="30" WC="0.67" CONTENT="1:28"/><SP WIDTH="24" VPOS="636" HPOS="1303"/>
							<String ID="string_89" HPOS="1327" VPOS="646" WIDTH="41" HEIGHT="20" WC="0.96" CONTENT="av"/><SP WIDTH="24" VPOS="646" HPOS="1368"/>
							<String ID="string_90" HPOS="1392" VPOS="636" WIDTH="80" HEIGHT="29" WC="0.96" CONTENT="herr"/><SP WIDTH="23" VPOS="636" HPOS="1472"/>
							<String ID="string_91" HPOS="1495" VPOS="634" WIDTH="108" HEIGHT="30" WC="0.95" CONTENT="förste"/><SP WIDTH="23" VPOS="634" HPOS="1603"/>
							<String ID="string_92" HPOS="1626" VPOS="635" WIDTH="73" HEIGHT="29" WC="0.91" CONTENT="vice"/><SP WIDTH="23" VPOS="635" HPOS="1699"/>
							<String ID="string_93" HPOS="1722" VPOS="633" WIDTH="64" HEIGHT="30" WC="0.89" CONTENT="tal-"/>
						</TextLine>
						<TextLine ID="line_9" HPOS="289" VPOS="684" WIDTH="1497" HEIGHT="36">
							<String ID="string_94" HPOS="289" VPOS="697" WIDTH="154" HEIGHT="21" WC="0.93" CONTENT="mannen"/><SP WIDTH="19" VPOS="697" HPOS="443"/>
							<String ID="string_95" HPOS="462" VPOS="687" WIDTH="156" HEIGHT="31" WC="0.91" CONTENT="Gränebo"/><SP WIDTH="20" VPOS="687" HPOS="618"/>
							<String ID="string_96" HPOS="638" VPOS="697" WIDTH="46" HEIGHT="21" WC="0.92" CONTENT="m."/><SP WIDTH="21" VPOS="697" HPOS="684"/>
							<String ID="string_97" HPOS="705" VPOS="687" WIDTH="37" HEIGHT="30" WC="0.95" CONTENT="fl."/><SP WIDTH="20" VPOS="687" HPOS="742"/>
							<String ID="string_98" HPOS="762" VPOS="688" WIDTH="65" HEIGHT="30" WC="0.96" CONTENT="och"/><SP WIDTH="21" VPOS="688" HPOS="827"/>
							<String ID="string_99" HPOS="848" VPOS="688" WIDTH="46" HEIGHT="29" WC="0.95" CONTENT="II:"/><SP WIDTH="17" VPOS="688" HPOS="894"/>
							<String ID="string_100" HPOS="911" VPOS="687" WIDTH="40" HEIGHT="30" WC="0.95" CONTENT="32"/><SP WIDTH="21" VPOS="687" HPOS="951"/>
							<String ID="string_101" HPOS="972" VPOS="697" WIDTH="40" HEIGHT="20" WC="0.96" CONTENT="av"/><SP WIDTH="20" VPOS="697" HPOS="1012"/>
							<String ID="string_102" HPOS="1032" VPOS="687" WIDTH="80" HEIGHT="29" WC="0.96" CONTENT="herr"/><SP WIDTH="23" VPOS="687" HPOS="1112"/>
							<String ID="string_103" HPOS="1135" VPOS="686" WIDTH="162" HEIGHT="30" WC="0.95" CONTENT="Hedlund"/><SP WIDTH="20" VPOS="686" HPOS="1297"/>
							<String ID="string_104" HPOS="1317" VPOS="687" WIDTH="11" HEIGHT="29" WC="0.92" CONTENT="i"/><SP WIDTH="20" VPOS="687" HPOS="1328"/>
							<String ID="string_105" HPOS="1348" VPOS="686" WIDTH="135" HEIGHT="29" WC="0.90" CONTENT="Rådom"/><SP WIDTH="20" VPOS="686" HPOS="1483"/>
							<String ID="string_106" HPOS="1503" VPOS="695" WIDTH="45" HEIGHT="20" WC="0.92" CONTENT="m."/><SP WIDTH="20" VPOS="695" HPOS="1548"/>
							<String ID="string_107" HPOS="1568" VPOS="686" WIDTH="49" HEIGHT="34" WC="0.91" CONTENT="fl.,"/><SP WIDTH="22" VPOS="686" HPOS="1617"/>
							<String ID="string_108" HPOS="1639" VPOS="685" WIDTH="41" HEIGHT="30" WC="0.91" CONTENT="de"/><SP WIDTH="21" VPOS="685" HPOS="1680"/>
							<String ID="string_109" HPOS="1701" VPOS="684" WIDTH="85" HEIGHT="29" WC="0.90" CONTENT="lika-"/>
						</TextLine>
						<TextLine ID="line_10" HPOS="288" VPOS="734" WIDTH="1498" HEIGHT="44">
							<String ID="string_110" HPOS="288" VPOS="739" WIDTH="151" HEIGHT="39" WC="0.96" CONTENT="lydande"/><SP WIDTH="21" VPOS="739" HPOS="439"/>
							<String ID="string_111" HPOS="460" VPOS="738" WIDTH="219" HEIGHT="30" WC="0.93" CONTENT="motionerna"/><SP WIDTH="23" VPOS="738" HPOS="679"/>
							<String ID="string_112" HPOS="702" VPOS="738" WIDTH="104" HEIGHT="30" WC="0.90" CONTENT="1:322"/><SP WIDTH="23" VPOS="738" HPOS="806"/>
							<String ID="string_113" HPOS="829" VPOS="747" WIDTH="42" HEIGHT="21" WC="0.96" CONTENT="av"/><SP WIDTH="23" VPOS="747" HPOS="871"/>
							<String ID="string_114" HPOS="894" VPOS="738" WIDTH="80" HEIGHT="28" WC="0.96" CONTENT="herr"/><SP WIDTH="22" VPOS="738" HPOS="974"/>
							<String ID="string_115" HPOS="996" VPOS="736" WIDTH="142" HEIGHT="31" WC="0.93" CONTENT="Andrén"/><SP WIDTH="21" VPOS="736" HPOS="1138"/>
							<String ID="string_116" HPOS="1159" VPOS="746" WIDTH="46" HEIGHT="21" WC="0.87" CONTENT="m."/><SP WIDTH="23" VPOS="746" HPOS="1205"/>
							<String ID="string_117" HPOS="1228" VPOS="736" WIDTH="37" HEIGHT="30" WC="0.94" CONTENT="fl."/><SP WIDTH="23" VPOS="736" HPOS="1265"/>
							<String ID="string_118" HPOS="1288" VPOS="736" WIDTH="64" HEIGHT="30" WC="0.95" CONTENT="och"/><SP WIDTH="24" VPOS="736" HPOS="1352"/>
							<String ID="string_119" HPOS="1376" VPOS="736" WIDTH="45" HEIGHT="29" WC="0.93" CONTENT="II:"/><SP WIDTH="17" VPOS="736" HPOS="1421"/>
							<String ID="string_120" HPOS="1438" VPOS="735" WIDTH="62" HEIGHT="31" WC="0.93" CONTENT="374"/><SP WIDTH="23" VPOS="735" HPOS="1500"/>
							<String ID="string_121" HPOS="1523" VPOS="744" WIDTH="41" HEIGHT="22" WC="0.95" CONTENT="av"/><SP WIDTH="22" VPOS="744" HPOS="1564"/>
							<String ID="string_122" HPOS="1586" VPOS="736" WIDTH="81" HEIGHT="29" WC="0.93" CONTENT="herr"/><SP WIDTH="23" VPOS="736" HPOS="1667"/>
							<String ID="string_123" HPOS="1690" VPOS="734" WIDTH="96" HEIGHT="40" WC="0.91" CONTENT="Hjal-"/>
						</TextLine>
						<TextLine ID="line_11" HPOS="289" VPOS="784" WIDTH="1498" HEIGHT="40">
							<String ID="string_124" HPOS="289" VPOS="798" WIDTH="143" HEIGHT="21" WC="0.91" CONTENT="marson"/><SP WIDTH="19" VPOS="798" HPOS="432"/>
							<String ID="string_125" HPOS="451" VPOS="798" WIDTH="44" HEIGHT="21" WC="0.89" CONTENT="m."/><SP WIDTH="20" VPOS="798" HPOS="495"/>
							<String ID="string_126" HPOS="515" VPOS="788" WIDTH="47" HEIGHT="35" WC="0.88" CONTENT="fl.,"/><SP WIDTH="23" VPOS="788" HPOS="562"/>
							<String ID="string_127" HPOS="585" VPOS="788" WIDTH="178" HEIGHT="30" WC="0.96" CONTENT="motionen"/><SP WIDTH="20" VPOS="788" HPOS="763"/>
							<String ID="string_128" HPOS="783" VPOS="788" WIDTH="44" HEIGHT="29" WC="0.95" CONTENT="II:"/><SP WIDTH="20" VPOS="788" HPOS="827"/>
							<String ID="string_129" HPOS="847" VPOS="788" WIDTH="61" HEIGHT="30" WC="0.95" CONTENT="113"/><SP WIDTH="20" VPOS="788" HPOS="908"/>
							<String ID="string_130" HPOS="928" VPOS="798" WIDTH="42" HEIGHT="20" WC="0.95" CONTENT="av"/><SP WIDTH="18" VPOS="798" HPOS="970"/>
							<String ID="string_131" HPOS="988" VPOS="787" WIDTH="121" HEIGHT="29" WC="0.96" CONTENT="herrar"/><SP WIDTH="20" VPOS="787" HPOS="1109"/>
							<String ID="string_132" HPOS="1129" VPOS="787" WIDTH="149" HEIGHT="29" WC="0.96" CONTENT="Persson"/><SP WIDTH="18" VPOS="787" HPOS="1278"/>
							<String ID="string_133" HPOS="1296" VPOS="785" WIDTH="11" HEIGHT="29" WC="0.93" CONTENT="i"/><SP WIDTH="20" VPOS="785" HPOS="1307"/>
							<String ID="string_134" HPOS="1327" VPOS="786" WIDTH="195" HEIGHT="30" WC="0.91" CONTENT="Landafors"/><SP WIDTH="23" VPOS="786" HPOS="1522"/>
							<String ID="string_135" HPOS="1545" VPOS="786" WIDTH="63" HEIGHT="30" WC="0.96" CONTENT="och"/><SP WIDTH="21" VPOS="786" HPOS="1608"/>
							<String ID="string_136" HPOS="1629" VPOS="784" WIDTH="158" HEIGHT="40" WC="0.96" CONTENT="Hagberg"/>
						</TextLine>
						<TextLine ID="line_12" HPOS="288" VPOS="834" WIDTH="1501" HEIGHT="42">
							<String ID="string_137" HPOS="288" VPOS="838" WIDTH="10" HEIGHT="28" WC="0.96" CONTENT="i"/><SP WIDTH="15" VPOS="838" HPOS="298"/>
							<String ID="string_138" HPOS="313" VPOS="838" WIDTH="119" HEIGHT="33" WC="0.96" CONTENT="Luleå,"/><SP WIDTH="15" VPOS="838" HPOS="432"/>
							<String ID="string_139" HPOS="447" VPOS="837" WIDTH="53" HEIGHT="30" WC="0.96" CONTENT="till"/><SP WIDTH="15" VPOS="837" HPOS="500"/>
							<String ID="string_140" HPOS="515" VPOS="838" WIDTH="40" HEIGHT="29" WC="0.96" CONTENT="de"/><SP WIDTH="15" VPOS="838" HPOS="555"/>
							<String ID="string_141" HPOS="570" VPOS="837" WIDTH="97" HEIGHT="29" WC="0.96" CONTENT="delar"/><SP WIDTH="17" VPOS="837" HPOS="667"/>
							<String ID="string_142" HPOS="684" VPOS="837" WIDTH="177" HEIGHT="29" WC="0.96" CONTENT="motionen"/><SP WIDTH="15" VPOS="837" HPOS="861"/>
							<String ID="string_143" HPOS="876" VPOS="835" WIDTH="177" HEIGHT="41" WC="0.96" CONTENT="upptagits"/><SP WIDTH="15" VPOS="835" HPOS="1053"/>
							<String ID="string_144" HPOS="1068" VPOS="835" WIDTH="54" HEIGHT="30" WC="0.96" CONTENT="till"/><SP WIDTH="15" VPOS="835" HPOS="1122"/>
							<String ID="string_145" HPOS="1137" VPOS="835" WIDTH="212" HEIGHT="38" WC="0.95" CONTENT="behandling"/><SP WIDTH="15" VPOS="835" HPOS="1349"/>
							<String ID="string_146" HPOS="1364" VPOS="835" WIDTH="9" HEIGHT="29" WC="0.96" CONTENT="i"/><SP WIDTH="18" VPOS="835" HPOS="1373"/>
							<String ID="string_147" HPOS="1391" VPOS="835" WIDTH="153" HEIGHT="29" WC="0.96" CONTENT="nämnda"/><SP WIDTH="15" VPOS="835" HPOS="1544"/>
							<String ID="string_148" HPOS="1559" VPOS="834" WIDTH="230" HEIGHT="34" WC="0.96" CONTENT="betänkande,"/>
						</TextLine>
						<TextLine ID="line_13" HPOS="289" VPOS="885" WIDTH="1500" HEIGHT="40">
							<String ID="string_149" HPOS="289" VPOS="888" WIDTH="179" HEIGHT="29" WC="0.96" CONTENT="motionen"/><SP WIDTH="28" VPOS="888" HPOS="468"/>
							<String ID="string_150" HPOS="496" VPOS="888" WIDTH="44" HEIGHT="29" WC="0.0" CONTENT="II:"/><SP WIDTH="17" VPOS="888" HPOS="540"/>
							<String ID="string_151" HPOS="557" VPOS="887" WIDTH="63" HEIGHT="30" WC="0.0" CONTENT="569"/><SP WIDTH="29" VPOS="887" HPOS="620"/>
							<String ID="string_152" HPOS="649" VPOS="897" WIDTH="42" HEIGHT="20" WC="0.96" CONTENT="av"/><SP WIDTH="30" VPOS="897" HPOS="691"/>
							<String ID="string_153" HPOS="721" VPOS="887" WIDTH="120" HEIGHT="29" WC="0.96" CONTENT="herrar"/><SP WIDTH="27" VPOS="887" HPOS="841"/>
							<String ID="string_154" HPOS="868" VPOS="887" WIDTH="153" HEIGHT="29" WC="0.96" CONTENT="Jansson"/><SP WIDTH="28" VPOS="887" HPOS="1021"/>
							<String ID="string_155" HPOS="1049" VPOS="886" WIDTH="12" HEIGHT="29" WC="0.96" CONTENT="i"/><SP WIDTH="29" VPOS="886" HPOS="1061"/>
							<String ID="string_156" HPOS="1090" VPOS="885" WIDTH="103" HEIGHT="30" WC="0.96" CONTENT="Kalix"/><SP WIDTH="27" VPOS="885" HPOS="1193"/>
							<String ID="string_157" HPOS="1220" VPOS="887" WIDTH="64" HEIGHT="28" WC="0.96" CONTENT="och"/><SP WIDTH="30" VPOS="887" HPOS="1284"/>
							<String ID="string_158" HPOS="1314" VPOS="885" WIDTH="152" HEIGHT="40" WC="0.96" CONTENT="Staxäng"/><SP WIDTH="28" VPOS="885" HPOS="1466"/>
							<String ID="string_159" HPOS="1494" VPOS="886" WIDTH="90" HEIGHT="28" WC="0.96" CONTENT="samt"/><SP WIDTH="28" VPOS="886" HPOS="1584"/>
							<String ID="string_160" HPOS="1612" VPOS="885" WIDTH="177" HEIGHT="29" WC="0.96" CONTENT="motionen"/>
						</TextLine>
						<TextLine ID="line_14" HPOS="288" VPOS="936" WIDTH="1052" HEIGHT="40">
							<String ID="string_161" HPOS="288" VPOS="939" WIDTH="44" HEIGHT="29" WC="0.94" CONTENT="II:"/><SP WIDTH="16" VPOS="939" HPOS="332"/>
							<String ID="string_162" HPOS="348" VPOS="939" WIDTH="62" HEIGHT="29" WC="0.94" CONTENT="577"/><SP WIDTH="21" VPOS="939" HPOS="410"/>
							<String ID="string_163" HPOS="431" VPOS="948" WIDTH="43" HEIGHT="20" WC="0.96" CONTENT="av"/><SP WIDTH="15" VPOS="948" HPOS="474"/>
							<String ID="string_164" HPOS="489" VPOS="938" WIDTH="120" HEIGHT="29" WC="0.92" CONTENT="herrar"/><SP WIDTH="18" VPOS="938" HPOS="609"/>
							<String ID="string_165" HPOS="627" VPOS="938" WIDTH="159" HEIGHT="38" WC="0.92" CONTENT="Vigelsbo"/><SP WIDTH="17" VPOS="938" HPOS="786"/>
							<String ID="string_166" HPOS="803" VPOS="937" WIDTH="64" HEIGHT="30" WC="0.96" CONTENT="och"/><SP WIDTH="20" VPOS="937" HPOS="867"/>
							<String ID="string_167" HPOS="887" VPOS="938" WIDTH="198" HEIGHT="28" WC="0.96" CONTENT="Pettersson"/><SP WIDTH="16" VPOS="938" HPOS="1085"/>
							<String ID="string_168" HPOS="1101" VPOS="937" WIDTH="10" HEIGHT="29" WC="0.93" CONTENT="i"/><SP WIDTH="19" VPOS="937" HPOS="1111"/>
							<String ID="string_169" HPOS="1130" VPOS="936" WIDTH="210" HEIGHT="35" WC="0.92" CONTENT="Ersbacken,"/>
						</TextLine>
					</TextBlock>
					<TextBlock ID="block_3" HPOS="335" VPOS="989" WIDTH="374" HEIGHT="40">
						<TextLine ID="line_15" HPOS="335" VPOS="989" WIDTH="374" HEIGHT="40">
							<String ID="string_170" HPOS="335" VPOS="991" WIDTH="34" HEIGHT="34" WC="0.94" CONTENT="1)"/><SP WIDTH="31" VPOS="991" HPOS="369"/>
							<String ID="string_171" HPOS="400" VPOS="992" WIDTH="126" HEIGHT="36" WC="0.96" CONTENT="antaga"/><SP WIDTH="25" VPOS="992" HPOS="526"/>
							<String ID="string_172" HPOS="551" VPOS="989" WIDTH="158" HEIGHT="40" WC="0.95" CONTENT="följande"/>
						</TextLine>
					</TextBlock>
				</ComposedBlock>
				<ComposedBlock ID="cblock_3" HPOS="286" VPOS="1139" WIDTH="1504" HEIGHT="233">
					<TextBlock ID="block_4" HPOS="286" VPOS="1139" WIDTH="1504" HEIGHT="233">
						<TextLine ID="line_16" HPOS="924" VPOS="1139" WIDTH="226" HEIGHT="43">
							<String ID="string_173" HPOS="924" VPOS="1139" WIDTH="226" HEIGHT="43" WC="0.96" CONTENT="Förslag"/>
						</TextLine>
						<TextLine ID="line_17" HPOS="1012" VPOS="1200" WIDTH="51" HEIGHT="30">
							<String ID="string_174" HPOS="1012" VPOS="1200" WIDTH="51" HEIGHT="30" WC="0.96" CONTENT="till"/>
						</TextLine>
						<TextLine ID="line_18" HPOS="286" VPOS="1266" WIDTH="1504" HEIGHT="45">
							<String ID="string_175" HPOS="286" VPOS="1268" WIDTH="238" HEIGHT="43" WC="0.96" CONTENT="förordning"/><SP WIDTH="22" VPOS="1268" HPOS="524"/>
							<String ID="string_176" HPOS="546" VPOS="1267" WIDTH="207" HEIGHT="44" WC="0.96" CONTENT="angående"/><SP WIDTH="23" VPOS="1267" HPOS="753"/>
							<String ID="string_177" HPOS="776" VPOS="1267" WIDTH="157" HEIGHT="34" WC="0.96" CONTENT="ändrad"/><SP WIDTH="24" VPOS="1267" HPOS="933"/>
							<String ID="string_178" HPOS="957" VPOS="1267" WIDTH="152" HEIGHT="43" WC="0.96" CONTENT="lydelse"/><SP WIDTH="23" VPOS="1267" HPOS="1109"/>
							<String ID="string_179" HPOS="1132" VPOS="1278" WIDTH="50" HEIGHT="22" WC="0.91" CONTENT="av"/><SP WIDTH="16" VPOS="1278" HPOS="1182"/>
							<String ID="string_180" HPOS="1198" VPOS="1266" WIDTH="56" HEIGHT="44" WC="0.78" CONTENT="1$"/><SP WIDTH="15" VPOS="1266" HPOS="1254"/>
							<String ID="string_181" HPOS="1269" VPOS="1267" WIDTH="291" HEIGHT="44" WC="0.96" CONTENT="förordningen"/><SP WIDTH="19" VPOS="1267" HPOS="1560"/>
							<String ID="string_182" HPOS="1579" VPOS="1267" WIDTH="77" HEIGHT="34" WC="0.96" CONTENT="den"/><SP WIDTH="19" VPOS="1267" HPOS="1656"/>
							<String ID="string_183" HPOS="1675" VPOS="1268" WIDTH="21" HEIGHT="33" WC="0.96" CONTENT="3"/><SP WIDTH="16" VPOS="1268" HPOS="1696"/>
							<String ID="string_184" HPOS="1712" VPOS="1268" WIDTH="78" HEIGHT="42" WC="0.94" CONTENT="maj"/>
						</TextLine>
						<TextLine ID="line_19" HPOS="407" VPOS="1328" WIDTH="1270" HEIGHT="44">
							<String ID="string_185" HPOS="407" VPOS="1330" WIDTH="89" HEIGHT="33" WC="0.96" CONTENT="1929"/><SP WIDTH="21" VPOS="1330" HPOS="496"/>
							<String ID="string_186" HPOS="517" VPOS="1328" WIDTH="67" HEIGHT="44" WC="0.96" CONTENT="(nr"/><SP WIDTH="23" VPOS="1328" HPOS="584"/>
							<String ID="string_187" HPOS="607" VPOS="1328" WIDTH="61" HEIGHT="43" WC="0.96" CONTENT="62)"/><SP WIDTH="26" VPOS="1328" HPOS="668"/>
							<String ID="string_188" HPOS="694" VPOS="1339" WIDTH="63" HEIGHT="23" WC="0.96" CONTENT="om"/><SP WIDTH="25" VPOS="1339" HPOS="757"/>
							<String ID="string_189" HPOS="782" VPOS="1328" WIDTH="179" HEIGHT="34" WC="0.96" CONTENT="särskild"/><SP WIDTH="24" VPOS="1328" HPOS="961"/>
							<String ID="string_190" HPOS="985" VPOS="1329" WIDTH="107" HEIGHT="33" WC="0.93" CONTENT="skatt"/><SP WIDTH="24" VPOS="1329" HPOS="1092"/>
							<String ID="string_191" HPOS="1116" VPOS="1328" WIDTH="23" HEIGHT="33" WC="0.93" CONTENT="å"/><SP WIDTH="24" VPOS="1328" HPOS="1139"/>
							<String ID="string_192" HPOS="1163" VPOS="1328" WIDTH="142" HEIGHT="34" WC="0.96" CONTENT="bensin"/><SP WIDTH="25" VPOS="1328" HPOS="1305"/>
							<String ID="string_193" HPOS="1330" VPOS="1328" WIDTH="75" HEIGHT="34" WC="0.93" CONTENT="och"/><SP WIDTH="25" VPOS="1328" HPOS="1405"/>
							<String ID="string_194" HPOS="1430" VPOS="1328" WIDTH="247" HEIGHT="44" WC="0.90" CONTENT="motorsprit."/>
						</TextLine>
					</TextBlock>
				</ComposedBlock>
				<ComposedBlock ID="cblock_4" HPOS="291" VPOS="1423" WIDTH="1497" HEIGHT="140">
					<TextBlock ID="block_5" HPOS="291" VPOS="1423" WIDTH="1497" HEIGHT="140">
						<TextLine ID="line_20" HPOS="335" VPOS="1423" WIDTH="1453" HEIGHT="40">
							<String ID="string_195" HPOS="335" VPOS="1424" WIDTH="211" HEIGHT="39" WC="0.96" CONTENT="Härigenom"/><SP WIDTH="22" VPOS="1424" HPOS="546"/>
							<String ID="string_196" HPOS="568" VPOS="1424" WIDTH="197" HEIGHT="34" WC="0.96" CONTENT="förordnas,"/><SP WIDTH="23" VPOS="1424" HPOS="765"/>
							<String ID="string_197" HPOS="788" VPOS="1426" WIDTH="50" HEIGHT="28" WC="0.96" CONTENT="att"/><SP WIDTH="26" VPOS="1426" HPOS="838"/>
							<String ID="string_198" HPOS="864" VPOS="1425" WIDTH="14" HEIGHT="28" WC="0.92" CONTENT="1"/><SP WIDTH="31" VPOS="1425" HPOS="878"/>
							<String ID="string_199" HPOS="909" VPOS="1423" WIDTH="15" HEIGHT="37" WC="0.91" CONTENT="$"/><SP WIDTH="24" VPOS="1423" HPOS="924"/>
							<String ID="string_200" HPOS="948" VPOS="1423" WIDTH="251" HEIGHT="39" WC="0.96" CONTENT="förordningen"/><SP WIDTH="23" VPOS="1423" HPOS="1199"/>
							<String ID="string_201" HPOS="1222" VPOS="1424" WIDTH="66" HEIGHT="30" WC="0.96" CONTENT="den"/><SP WIDTH="23" VPOS="1424" HPOS="1288"/>
							<String ID="string_202" HPOS="1311" VPOS="1423" WIDTH="18" HEIGHT="30" WC="0.96" CONTENT="3"/><SP WIDTH="23" VPOS="1423" HPOS="1329"/>
							<String ID="string_203" HPOS="1352" VPOS="1424" WIDTH="71" HEIGHT="39" WC="0.96" CONTENT="maj"/><SP WIDTH="29" VPOS="1424" HPOS="1423"/>
							<String ID="string_204" HPOS="1452" VPOS="1424" WIDTH="82" HEIGHT="29" WC="0.96" CONTENT="1929"/><SP WIDTH="25" VPOS="1424" HPOS="1534"/>
							<String ID="string_205" HPOS="1559" VPOS="1433" WIDTH="57" HEIGHT="20" WC="0.96" CONTENT="om"/><SP WIDTH="24" VPOS="1433" HPOS="1616"/>
							<String ID="string_206" HPOS="1640" VPOS="1423" WIDTH="148" HEIGHT="30" WC="0.96" CONTENT="särskild"/>
						</TextLine>
						<TextLine ID="line_21" HPOS="293" VPOS="1473" WIDTH="1495" HEIGHT="40">
							<String ID="string_207" HPOS="293" VPOS="1474" WIDTH="92" HEIGHT="30" WC="0.93" CONTENT="skatt"/><SP WIDTH="26" VPOS="1474" HPOS="385"/>
							<String ID="string_208" HPOS="411" VPOS="1475" WIDTH="20" HEIGHT="29" WC="0.92" CONTENT="å"/><SP WIDTH="24" VPOS="1475" HPOS="431"/>
							<String ID="string_209" HPOS="455" VPOS="1473" WIDTH="121" HEIGHT="30" WC="0.96" CONTENT="bensin"/><SP WIDTH="25" VPOS="1473" HPOS="576"/>
							<String ID="string_210" HPOS="601" VPOS="1475" WIDTH="66" HEIGHT="29" WC="0.93" CONTENT="och"/><SP WIDTH="24" VPOS="1475" HPOS="667"/>
							<String ID="string_211" HPOS="691" VPOS="1473" WIDTH="214" HEIGHT="40" WC="0.40" CONTENT="motorsprit&quot;"/><SP WIDTH="24" VPOS="1473" HPOS="905"/>
							<String ID="string_212" HPOS="929" VPOS="1473" WIDTH="87" HEIGHT="30" WC="0.95" CONTENT="skall"/><SP WIDTH="25" VPOS="1473" HPOS="1016"/>
							<String ID="string_213" HPOS="1041" VPOS="1473" WIDTH="133" HEIGHT="30" WC="0.96" CONTENT="erhålla"/><SP WIDTH="26" VPOS="1473" HPOS="1174"/>
							<String ID="string_214" HPOS="1200" VPOS="1473" WIDTH="132" HEIGHT="31" WC="0.96" CONTENT="ändrad"/><SP WIDTH="26" VPOS="1473" HPOS="1332"/>
							<String ID="string_215" HPOS="1358" VPOS="1473" WIDTH="130" HEIGHT="40" WC="0.96" CONTENT="lydelse"/><SP WIDTH="25" VPOS="1473" HPOS="1488"/>
							<String ID="string_216" HPOS="1513" VPOS="1474" WIDTH="43" HEIGHT="39" WC="0.96" CONTENT="på"/><SP WIDTH="25" VPOS="1474" HPOS="1556"/>
							<String ID="string_217" HPOS="1581" VPOS="1474" WIDTH="69" HEIGHT="29" WC="0.96" CONTENT="sätt"/><SP WIDTH="26" VPOS="1474" HPOS="1650"/>
							<String ID="string_218" HPOS="1676" VPOS="1473" WIDTH="112" HEIGHT="29" WC="0.96" CONTENT="nedan"/>
						</TextLine>
						<TextLine ID="line_22" HPOS="291" VPOS="1524" WIDTH="152" HEIGHT="39">
							<String ID="string_219" HPOS="291" VPOS="1524" WIDTH="152" HEIGHT="39" WC="0.90" CONTENT="angives."/>
						</TextLine>
					</TextBlock>
				</ComposedBlock>
				<ComposedBlock ID="cblock_5" HPOS="490" VPOS="1573" WIDTH="331" HEIGHT="120">
					<TextBlock ID="block_6" HPOS="490" VPOS="1573" WIDTH="331" HEIGHT="120">
						<TextLine ID="line_23" HPOS="490" VPOS="1573" WIDTH="331" HEIGHT="40">
							<String ID="string_220" HPOS="490" VPOS="1574" WIDTH="164" HEIGHT="30" WC="0.96" CONTENT="Gällande"/><SP WIDTH="24" VPOS="1574" HPOS="654"/>
							<String ID="string_221" HPOS="678" VPOS="1573" WIDTH="143" HEIGHT="40" WC="0.96" CONTENT="lydelse:"/>
						</TextLine>
						<TextLine ID="line_24" HPOS="624" VPOS="1659" WIDTH="63" HEIGHT="34">
							<String ID="string_222" HPOS="624" VPOS="1659" WIDTH="63" HEIGHT="34" WC="0.85" CONTENT="15."/>
						</TextLine>
					</TextBlock>
				</ComposedBlock>
				<ComposedBlock ID="cblock_6" HPOS="291" VPOS="1716" WIDTH="731" HEIGHT="543">
					<TextBlock ID="block_7" HPOS="291" VPOS="1716" WIDTH="731" HEIGHT="484">
						<TextLine ID="line_25" HPOS="335" VPOS="1716" WIDTH="684" HEIGHT="36">
							<String ID="string_223" HPOS="335" VPOS="1718" WIDTH="67" HEIGHT="29" WC="0.96" CONTENT="För"/><SP WIDTH="27" VPOS="1718" HPOS="402"/>
							<String ID="string_224" HPOS="429" VPOS="1716" WIDTH="132" HEIGHT="36" WC="0.96" CONTENT="bensin,"/><SP WIDTH="28" VPOS="1716" HPOS="561"/>
							<String ID="string_225" HPOS="589" VPOS="1725" WIDTH="76" HEIGHT="22" WC="0.95" CONTENT="som"/><SP WIDTH="28" VPOS="1725" HPOS="665"/>
							<String ID="string_226" HPOS="693" VPOS="1716" WIDTH="52" HEIGHT="30" WC="0.95" CONTENT="till"/><SP WIDTH="26" VPOS="1716" HPOS="745"/>
							<String ID="string_227" HPOS="771" VPOS="1716" WIDTH="90" HEIGHT="31" WC="0.93" CONTENT="riket"/><SP WIDTH="27" VPOS="1716" HPOS="861"/>
							<String ID="string_228" HPOS="888" VPOS="1716" WIDTH="131" HEIGHT="29" WC="0.92" CONTENT="införes"/>
						</TextLine>
						<TextLine ID="line_26" HPOS="291" VPOS="1765" WIDTH="730" HEIGHT="37">
							<String ID="string_229" HPOS="291" VPOS="1768" WIDTH="81" HEIGHT="29" WC="0.96" CONTENT="eller"/><SP WIDTH="23" VPOS="1768" HPOS="372"/>
							<String ID="string_230" HPOS="395" VPOS="1767" WIDTH="66" HEIGHT="30" WC="0.96" CONTENT="här"/><SP WIDTH="22" VPOS="1767" HPOS="461"/>
							<String ID="string_231" HPOS="483" VPOS="1767" WIDTH="190" HEIGHT="35" WC="0.96" CONTENT="tillverkas,"/><SP WIDTH="26" VPOS="1767" HPOS="673"/>
							<String ID="string_232" HPOS="699" VPOS="1766" WIDTH="98" HEIGHT="35" WC="0.96" CONTENT="skall,"/><SP WIDTH="23" VPOS="1766" HPOS="797"/>
							<String ID="string_233" HPOS="820" VPOS="1768" WIDTH="11" HEIGHT="29" WC="0.96" CONTENT="i"/><SP WIDTH="22" VPOS="1768" HPOS="831"/>
							<String ID="string_234" HPOS="853" VPOS="1767" WIDTH="68" HEIGHT="29" WC="0.93" CONTENT="den"/><SP WIDTH="23" VPOS="1767" HPOS="921"/>
							<String ID="string_235" HPOS="944" VPOS="1765" WIDTH="77" HEIGHT="30" WC="0.92" CONTENT="ord-"/>
						</TextLine>
						<TextLine ID="line_27" HPOS="291" VPOS="1816" WIDTH="729" HEIGHT="40">
							<String ID="string_236" HPOS="291" VPOS="1817" WIDTH="83" HEIGHT="39" WC="0.96" CONTENT="ning"/><SP WIDTH="19" VPOS="1817" HPOS="374"/>
							<String ID="string_237" HPOS="393" VPOS="1818" WIDTH="116" HEIGHT="29" WC="0.96" CONTENT="nedan"/><SP WIDTH="16" VPOS="1818" HPOS="509"/>
							<String ID="string_238" HPOS="525" VPOS="1817" WIDTH="152" HEIGHT="39" WC="0.96" CONTENT="stadgas,"/><SP WIDTH="19" VPOS="1817" HPOS="677"/>
							<String ID="string_239" HPOS="696" VPOS="1817" WIDTH="154" HEIGHT="39" WC="0.96" CONTENT="erläggas"/><SP WIDTH="19" VPOS="1817" HPOS="850"/>
							<String ID="string_240" HPOS="869" VPOS="1816" WIDTH="151" HEIGHT="30" WC="0.96" CONTENT="särskild"/>
						</TextLine>
						<TextLine ID="line_28" HPOS="291" VPOS="1867" WIDTH="728" HEIGHT="31">
							<String ID="string_241" HPOS="291" VPOS="1869" WIDTH="94" HEIGHT="29" WC="0.96" CONTENT="skatt"/><SP WIDTH="23" VPOS="1869" HPOS="385"/>
							<String ID="string_242" HPOS="408" VPOS="1877" WIDTH="46" HEIGHT="21" WC="0.93" CONTENT="av"/><SP WIDTH="22" VPOS="1877" HPOS="454"/>
							<String ID="string_243" HPOS="476" VPOS="1868" WIDTH="143" HEIGHT="30" WC="0.91" CONTENT="aderton"/><SP WIDTH="26" VPOS="1868" HPOS="619"/>
							<String ID="string_244" HPOS="645" VPOS="1868" WIDTH="59" HEIGHT="29" WC="0.96" CONTENT="öre"/><SP WIDTH="25" VPOS="1868" HPOS="704"/>
							<String ID="string_245" HPOS="729" VPOS="1868" WIDTH="54" HEIGHT="29" WC="0.96" CONTENT="för"/><SP WIDTH="24" VPOS="1868" HPOS="783"/>
							<String ID="string_246" HPOS="807" VPOS="1867" WIDTH="89" HEIGHT="31" WC="0.96" CONTENT="liter."/><SP WIDTH="26" VPOS="1867" HPOS="896"/>
							<String ID="string_247" HPOS="922" VPOS="1867" WIDTH="97" HEIGHT="30" WC="0.96" CONTENT="Skatt"/>
						</TextLine>
						<TextLine ID="line_29" HPOS="291" VPOS="1917" WIDTH="730" HEIGHT="40">
							<String ID="string_248" HPOS="291" VPOS="1918" WIDTH="89" HEIGHT="29" WC="0.95" CONTENT="skall"/><SP WIDTH="22" VPOS="1918" HPOS="380"/>
							<String ID="string_249" HPOS="402" VPOS="1918" WIDTH="90" HEIGHT="30" WC="0.96" CONTENT="dock"/><SP WIDTH="19" VPOS="1918" HPOS="492"/>
							<String ID="string_250" HPOS="511" VPOS="1918" WIDTH="75" HEIGHT="30" WC="0.96" CONTENT="icke"/><SP WIDTH="21" VPOS="1918" HPOS="586"/>
							<String ID="string_251" HPOS="607" VPOS="1919" WIDTH="85" HEIGHT="38" WC="0.96" CONTENT="utgå"/><SP WIDTH="20" VPOS="1919" HPOS="692"/>
							<String ID="string_252" HPOS="712" VPOS="1917" WIDTH="54" HEIGHT="30" WC="0.92" CONTENT="för"/><SP WIDTH="21" VPOS="1917" HPOS="766"/>
							<String ID="string_253" HPOS="787" VPOS="1917" WIDTH="234" HEIGHT="39" WC="0.91" CONTENT="mineralolje-"/>
						</TextLine>
						<TextLine ID="line_30" HPOS="291" VPOS="1967" WIDTH="730" HEIGHT="41">
							<String ID="string_254" HPOS="291" VPOS="1968" WIDTH="165" HEIGHT="40" WC="0.96" CONTENT="produkt,"/><SP WIDTH="20" VPOS="1968" HPOS="456"/>
							<String ID="string_255" HPOS="476" VPOS="1978" WIDTH="73" HEIGHT="21" WC="0.93" CONTENT="som"/><SP WIDTH="17" VPOS="1978" HPOS="549"/>
							<String ID="string_256" HPOS="566" VPOS="1967" WIDTH="134" HEIGHT="31" WC="0.90" CONTENT="införes"/><SP WIDTH="18" VPOS="1967" HPOS="700"/>
							<String ID="string_257" HPOS="718" VPOS="1969" WIDTH="54" HEIGHT="29" WC="0.96" CONTENT="för"/><SP WIDTH="19" VPOS="1969" HPOS="772"/>
							<String ID="string_258" HPOS="791" VPOS="1970" WIDTH="49" HEIGHT="28" WC="0.96" CONTENT="att"/><SP WIDTH="19" VPOS="1970" HPOS="840"/>
							<String ID="string_259" HPOS="859" VPOS="1967" WIDTH="59" HEIGHT="32" WC="0.91" CONTENT="vid"/><SP WIDTH="21" VPOS="1967" HPOS="918"/>
							<String ID="string_260" HPOS="939" VPOS="1967" WIDTH="82" HEIGHT="40" WC="0.91" CONTENT="olje-"/>
						</TextLine>
						<TextLine ID="line_31" HPOS="292" VPOS="2017" WIDTH="730" HEIGHT="32">
							<String ID="string_261" HPOS="292" VPOS="2018" WIDTH="209" HEIGHT="30" WC="0.96" CONTENT="raffinaderi"/><SP WIDTH="21" VPOS="2018" HPOS="501"/>
							<String ID="string_262" HPOS="522" VPOS="2018" WIDTH="180" HEIGHT="30" WC="0.96" CONTENT="användas"/><SP WIDTH="23" VPOS="2018" HPOS="702"/>
							<String ID="string_263" HPOS="725" VPOS="2018" WIDTH="222" HEIGHT="31" WC="0.92" CONTENT="uteslutande"/><SP WIDTH="23" VPOS="2018" HPOS="947"/>
							<String ID="string_264" HPOS="970" VPOS="2017" WIDTH="52" HEIGHT="30" WC="0.92" CONTENT="så-"/>
						</TextLine>
						<TextLine ID="line_32" HPOS="293" VPOS="2067" WIDTH="728" HEIGHT="41">
							<String ID="string_265" HPOS="293" VPOS="2078" WIDTH="73" HEIGHT="21" WC="0.96" CONTENT="som"/><SP WIDTH="25" VPOS="2078" HPOS="366"/>
							<String ID="string_266" HPOS="391" VPOS="2069" WIDTH="126" HEIGHT="31" WC="0.95" CONTENT="råvara"/><SP WIDTH="22" VPOS="2069" HPOS="517"/>
							<String ID="string_267" HPOS="539" VPOS="2068" WIDTH="57" HEIGHT="31" WC="0.96" CONTENT="vid"/><SP WIDTH="27" VPOS="2068" HPOS="596"/>
							<String ID="string_268" HPOS="623" VPOS="2067" WIDTH="226" HEIGHT="41" WC="0.96" CONTENT="tillverkning"/><SP WIDTH="24" VPOS="2067" HPOS="849"/>
							<String ID="string_269" HPOS="873" VPOS="2077" WIDTH="44" HEIGHT="22" WC="0.93" CONTENT="av"/><SP WIDTH="23" VPOS="2077" HPOS="917"/>
							<String ID="string_270" HPOS="940" VPOS="2068" WIDTH="81" HEIGHT="30" WC="0.92" CONTENT="ben-"/>
						</TextLine>
						<TextLine ID="line_33" HPOS="293" VPOS="2118" WIDTH="727" HEIGHT="40">
							<String ID="string_271" HPOS="293" VPOS="2119" WIDTH="63" HEIGHT="31" WC="0.93" CONTENT="sin."/><SP WIDTH="39" VPOS="2119" HPOS="356"/>
							<String ID="string_272" HPOS="395" VPOS="2119" WIDTH="68" HEIGHT="30" WC="0.92" CONTENT="För"/><SP WIDTH="37" VPOS="2119" HPOS="463"/>
							<String ID="string_273" HPOS="500" VPOS="2119" WIDTH="204" HEIGHT="39" WC="0.92" CONTENT="motorsprit"/><SP WIDTH="35" VPOS="2119" HPOS="704"/>
							<String ID="string_274" HPOS="739" VPOS="2119" WIDTH="88" HEIGHT="29" WC="0.96" CONTENT="skall"/><SP WIDTH="37" VPOS="2119" HPOS="827"/>
							<String ID="string_275" HPOS="864" VPOS="2118" WIDTH="156" HEIGHT="40" WC="0.96" CONTENT="erläggas"/>
						</TextLine>
						<TextLine ID="line_34" HPOS="293" VPOS="2169" WIDTH="666" HEIGHT="31">
							<String ID="string_276" HPOS="293" VPOS="2169" WIDTH="151" HEIGHT="30" WC="0.96" CONTENT="särskild"/><SP WIDTH="21" VPOS="2169" HPOS="444"/>
							<String ID="string_277" HPOS="465" VPOS="2170" WIDTH="92" HEIGHT="29" WC="0.96" CONTENT="skatt"/><SP WIDTH="19" VPOS="2170" HPOS="557"/>
							<String ID="string_278" HPOS="576" VPOS="2178" WIDTH="43" HEIGHT="22" WC="0.96" CONTENT="av"/><SP WIDTH="21" VPOS="2178" HPOS="619"/>
							<String ID="string_279" HPOS="640" VPOS="2178" WIDTH="60" HEIGHT="21" WC="0.96" CONTENT="sex"/><SP WIDTH="18" VPOS="2178" HPOS="700"/>
							<String ID="string_280" HPOS="718" VPOS="2170" WIDTH="57" HEIGHT="30" WC="0.96" CONTENT="öre"/><SP WIDTH="21" VPOS="2170" HPOS="775"/>
							<String ID="string_281" HPOS="796" VPOS="2169" WIDTH="55" HEIGHT="30" WC="0.96" CONTENT="för"/><SP WIDTH="19" VPOS="2169" HPOS="851"/>
							<String ID="string_282" HPOS="870" VPOS="2169" WIDTH="89" HEIGHT="30" WC="0.96" CONTENT="liter."/>
						</TextLine>
					</TextBlock>
					<TextBlock ID="block_8" HPOS="336" VPOS="2218" WIDTH="684" HEIGHT="41">
						<TextLine ID="line_35" HPOS="336" VPOS="2218" WIDTH="684" HEIGHT="41">
							<String ID="string_283" HPOS="336" VPOS="2220" WIDTH="13" HEIGHT="29" WC="0.96" CONTENT="I"/><SP WIDTH="17" VPOS="2220" HPOS="349"/>
							<String ID="string_284" HPOS="366" VPOS="2221" WIDTH="115" HEIGHT="29" WC="0.93" CONTENT="denna"/><SP WIDTH="15" VPOS="2221" HPOS="481"/>
							<String ID="string_285" HPOS="496" VPOS="2237" WIDTH="43" HEIGHT="3" WC="0.91" CONTENT="—"/><SP WIDTH="14" VPOS="2237" HPOS="539"/>
							<String ID="string_286" HPOS="553" VPOS="2238" WIDTH="44" HEIGHT="2" WC="0.90" CONTENT="—"/><SP WIDTH="14" VPOS="2238" HPOS="597"/>
							<String ID="string_287" HPOS="611" VPOS="2237" WIDTH="46" HEIGHT="4" WC="0.91" CONTENT="—"/><SP WIDTH="17" VPOS="2237" HPOS="657"/>
							<String ID="string_288" HPOS="674" VPOS="2219" WIDTH="114" HEIGHT="31" WC="0.93" CONTENT="såsom"/><SP WIDTH="18" VPOS="2219" HPOS="788"/>
							<String ID="string_289" HPOS="806" VPOS="2218" WIDTH="214" HEIGHT="41" WC="0.91" CONTENT="motorsprit."/>
						</TextLine>
					</TextBlock>
				</ComposedBlock>
				<ComposedBlock ID="cblock_7" HPOS="1239" VPOS="1573" WIDTH="377" HEIGHT="39">
					<TextBlock ID="block_9" HPOS="1239" VPOS="1573" WIDTH="377" HEIGHT="39">
						<TextLine ID="line_36" HPOS="1239" VPOS="1573" WIDTH="377" HEIGHT="39">
							<String ID="string_290" HPOS="1239" VPOS="1573" WIDTH="208" HEIGHT="39" WC="0.96" CONTENT="Föreslagen"/><SP WIDTH="25" VPOS="1573" HPOS="1447"/>
							<String ID="string_291" HPOS="1472" VPOS="1573" WIDTH="144" HEIGHT="39" WC="0.95" CONTENT="lydelse:"/>
						</TextLine>
					</TextBlock>
				</ComposedBlock>
				<ComposedBlock ID="cblock_8" HPOS="1061" VPOS="1658" WIDTH="732" HEIGHT="600">
					<TextBlock ID="block_10" HPOS="1397" VPOS="1658" WIDTH="63" HEIGHT="33">
						<TextLine ID="line_37" HPOS="1397" VPOS="1658" WIDTH="63" HEIGHT="33">
							<String ID="string_292" HPOS="1397" VPOS="1658" WIDTH="63" HEIGHT="33" WC="0.84" CONTENT="15."/>
						</TextLine>
					</TextBlock>
					<TextBlock ID="block_11" HPOS="1061" VPOS="1715" WIDTH="732" HEIGHT="485">
						<TextLine ID="line_38" HPOS="1106" VPOS="1715" WIDTH="685" HEIGHT="37">
							<String ID="string_293" HPOS="1106" VPOS="1717" WIDTH="68" HEIGHT="29" WC="0.96" CONTENT="För"/><SP WIDTH="26" VPOS="1717" HPOS="1174"/>
							<String ID="string_294" HPOS="1200" VPOS="1716" WIDTH="133" HEIGHT="36" WC="0.96" CONTENT="bensin,"/><SP WIDTH="29" VPOS="1716" HPOS="1333"/>
							<String ID="string_295" HPOS="1362" VPOS="1725" WIDTH="75" HEIGHT="21" WC="0.95" CONTENT="som"/><SP WIDTH="28" VPOS="1725" HPOS="1437"/>
							<String ID="string_296" HPOS="1465" VPOS="1716" WIDTH="52" HEIGHT="29" WC="0.95" CONTENT="till"/><SP WIDTH="27" VPOS="1716" HPOS="1517"/>
							<String ID="string_297" HPOS="1544" VPOS="1716" WIDTH="89" HEIGHT="30" WC="0.93" CONTENT="riket"/><SP WIDTH="27" VPOS="1716" HPOS="1633"/>
							<String ID="string_298" HPOS="1660" VPOS="1715" WIDTH="131" HEIGHT="30" WC="0.91" CONTENT="införes"/>
						</TextLine>
						<TextLine ID="line_39" HPOS="1062" VPOS="1765" WIDTH="730" HEIGHT="37">
							<String ID="string_299" HPOS="1062" VPOS="1767" WIDTH="83" HEIGHT="30" WC="0.96" CONTENT="eller"/><SP WIDTH="23" VPOS="1767" HPOS="1145"/>
							<String ID="string_300" HPOS="1168" VPOS="1768" WIDTH="64" HEIGHT="29" WC="0.96" CONTENT="här"/><SP WIDTH="21" VPOS="1768" HPOS="1232"/>
							<String ID="string_301" HPOS="1253" VPOS="1767" WIDTH="192" HEIGHT="35" WC="0.96" CONTENT="tillverkas,"/><SP WIDTH="26" VPOS="1767" HPOS="1445"/>
							<String ID="string_302" HPOS="1471" VPOS="1766" WIDTH="98" HEIGHT="35" WC="0.95" CONTENT="skall,"/><SP WIDTH="23" VPOS="1766" HPOS="1569"/>
							<String ID="string_303" HPOS="1592" VPOS="1767" WIDTH="12" HEIGHT="30" WC="0.96" CONTENT="i"/><SP WIDTH="22" VPOS="1767" HPOS="1604"/>
							<String ID="string_304" HPOS="1626" VPOS="1766" WIDTH="67" HEIGHT="29" WC="0.93" CONTENT="den"/><SP WIDTH="22" VPOS="1766" HPOS="1693"/>
							<String ID="string_305" HPOS="1715" VPOS="1765" WIDTH="77" HEIGHT="31" WC="0.92" CONTENT="ord-"/>
						</TextLine>
						<TextLine ID="line_40" HPOS="1061" VPOS="1816" WIDTH="731" HEIGHT="40">
							<String ID="string_306" HPOS="1061" VPOS="1816" WIDTH="85" HEIGHT="40" WC="0.96" CONTENT="ning"/><SP WIDTH="19" VPOS="1816" HPOS="1146"/>
							<String ID="string_307" HPOS="1165" VPOS="1817" WIDTH="115" HEIGHT="30" WC="0.95" CONTENT="nedan"/><SP WIDTH="17" VPOS="1817" HPOS="1280"/>
							<String ID="string_308" HPOS="1297" VPOS="1817" WIDTH="152" HEIGHT="39" WC="0.96" CONTENT="stadgas,"/><SP WIDTH="18" VPOS="1817" HPOS="1449"/>
							<String ID="string_309" HPOS="1467" VPOS="1816" WIDTH="155" HEIGHT="40" WC="0.96" CONTENT="erläggas"/><SP WIDTH="19" VPOS="1816" HPOS="1622"/>
							<String ID="string_310" HPOS="1641" VPOS="1816" WIDTH="151" HEIGHT="30" WC="0.96" CONTENT="särskild"/>
						</TextLine>
						<TextLine ID="line_41" HPOS="1062" VPOS="1866" WIDTH="729" HEIGHT="42">
							<String ID="string_311" HPOS="1062" VPOS="1868" WIDTH="95" HEIGHT="29" WC="0.96" CONTENT="skatt"/><SP WIDTH="19" VPOS="1868" HPOS="1157"/>
							<String ID="string_312" HPOS="1176" VPOS="1877" WIDTH="43" HEIGHT="21" WC="0.92" CONTENT="av"/><SP WIDTH="19" VPOS="1877" HPOS="1219"/>
							<String ID="string_313" HPOS="1238" VPOS="1867" WIDTH="174" HEIGHT="41" WC="0.90" CONTENT="tjugufem"/><SP WIDTH="20" VPOS="1867" HPOS="1412"/>
							<String ID="string_314" HPOS="1432" VPOS="1867" WIDTH="57" HEIGHT="31" WC="0.96" CONTENT="öre"/><SP WIDTH="21" VPOS="1867" HPOS="1489"/>
							<String ID="string_315" HPOS="1510" VPOS="1866" WIDTH="54" HEIGHT="30" WC="0.96" CONTENT="för"/><SP WIDTH="20" VPOS="1866" HPOS="1564"/>
							<String ID="string_316" HPOS="1584" VPOS="1866" WIDTH="88" HEIGHT="32" WC="0.84" CONTENT="liter."/><SP WIDTH="21" VPOS="1866" HPOS="1672"/>
							<String ID="string_317" HPOS="1693" VPOS="1867" WIDTH="98" HEIGHT="30" WC="0.96" CONTENT="Skatt"/>
						</TextLine>
						<TextLine ID="line_42" HPOS="1062" VPOS="1917" WIDTH="730" HEIGHT="40">
							<String ID="string_318" HPOS="1062" VPOS="1918" WIDTH="91" HEIGHT="29" WC="0.96" CONTENT="skall"/><SP WIDTH="21" VPOS="1918" HPOS="1153"/>
							<String ID="string_319" HPOS="1174" VPOS="1918" WIDTH="89" HEIGHT="30" WC="0.96" CONTENT="dock"/><SP WIDTH="19" VPOS="1918" HPOS="1263"/>
							<String ID="string_320" HPOS="1282" VPOS="1918" WIDTH="77" HEIGHT="30" WC="0.96" CONTENT="icke"/><SP WIDTH="21" VPOS="1918" HPOS="1359"/>
							<String ID="string_321" HPOS="1380" VPOS="1918" WIDTH="84" HEIGHT="39" WC="0.95" CONTENT="utgå"/><SP WIDTH="20" VPOS="1918" HPOS="1464"/>
							<String ID="string_322" HPOS="1484" VPOS="1918" WIDTH="54" HEIGHT="29" WC="0.93" CONTENT="för"/><SP WIDTH="21" VPOS="1918" HPOS="1538"/>
							<String ID="string_323" HPOS="1559" VPOS="1917" WIDTH="233" HEIGHT="39" WC="0.90" CONTENT="mineralolje-"/>
						</TextLine>
						<TextLine ID="line_43" HPOS="1062" VPOS="1967" WIDTH="731" HEIGHT="41">
							<String ID="string_324" HPOS="1062" VPOS="1968" WIDTH="164" HEIGHT="40" WC="0.96" CONTENT="produkt,"/><SP WIDTH="20" VPOS="1968" HPOS="1226"/>
							<String ID="string_325" HPOS="1246" VPOS="1978" WIDTH="75" HEIGHT="21" WC="0.93" CONTENT="som"/><SP WIDTH="17" VPOS="1978" HPOS="1321"/>
							<String ID="string_326" HPOS="1338" VPOS="1967" WIDTH="133" HEIGHT="31" WC="0.90" CONTENT="införes"/><SP WIDTH="19" VPOS="1967" HPOS="1471"/>
							<String ID="string_327" HPOS="1490" VPOS="1969" WIDTH="54" HEIGHT="29" WC="0.96" CONTENT="för"/><SP WIDTH="18" VPOS="1969" HPOS="1544"/>
							<String ID="string_328" HPOS="1562" VPOS="1970" WIDTH="51" HEIGHT="28" WC="0.96" CONTENT="att"/><SP WIDTH="18" VPOS="1970" HPOS="1613"/>
							<String ID="string_329" HPOS="1631" VPOS="1967" WIDTH="58" HEIGHT="31" WC="0.93" CONTENT="vid"/><SP WIDTH="20" VPOS="1967" HPOS="1689"/>
							<String ID="string_330" HPOS="1709" VPOS="1967" WIDTH="84" HEIGHT="39" WC="0.92" CONTENT="olje-"/>
						</TextLine>
						<TextLine ID="line_44" HPOS="1063" VPOS="2017" WIDTH="730" HEIGHT="32">
							<String ID="string_331" HPOS="1063" VPOS="2018" WIDTH="208" HEIGHT="31" WC="0.96" CONTENT="raffinaderi"/><SP WIDTH="23" VPOS="2018" HPOS="1271"/>
							<String ID="string_332" HPOS="1294" VPOS="2018" WIDTH="180" HEIGHT="30" WC="0.96" CONTENT="användas"/><SP WIDTH="23" VPOS="2018" HPOS="1474"/>
							<String ID="string_333" HPOS="1497" VPOS="2018" WIDTH="221" HEIGHT="30" WC="0.93" CONTENT="uteslutande"/><SP WIDTH="22" VPOS="2018" HPOS="1718"/>
							<String ID="string_334" HPOS="1740" VPOS="2017" WIDTH="53" HEIGHT="30" WC="0.92" CONTENT="så-"/>
						</TextLine>
						<TextLine ID="line_45" HPOS="1064" VPOS="2067" WIDTH="729" HEIGHT="40">
							<String ID="string_335" HPOS="1064" VPOS="2078" WIDTH="76" HEIGHT="21" WC="0.96" CONTENT="som"/><SP WIDTH="24" VPOS="2078" HPOS="1140"/>
							<String ID="string_336" HPOS="1164" VPOS="2068" WIDTH="124" HEIGHT="32" WC="0.96" CONTENT="råvara"/><SP WIDTH="23" VPOS="2068" HPOS="1288"/>
							<String ID="string_337" HPOS="1311" VPOS="2068" WIDTH="58" HEIGHT="31" WC="0.96" CONTENT="vid"/><SP WIDTH="27" VPOS="2068" HPOS="1369"/>
							<String ID="string_338" HPOS="1396" VPOS="2067" WIDTH="225" HEIGHT="40" WC="0.96" CONTENT="tillverkning"/><SP WIDTH="24" VPOS="2067" HPOS="1621"/>
							<String ID="string_339" HPOS="1645" VPOS="2077" WIDTH="44" HEIGHT="22" WC="0.93" CONTENT="av"/><SP WIDTH="23" VPOS="2077" HPOS="1689"/>
							<String ID="string_340" HPOS="1712" VPOS="2067" WIDTH="81" HEIGHT="30" WC="0.91" CONTENT="ben-"/>
						</TextLine>
						<TextLine ID="line_46" HPOS="1064" VPOS="2118" WIDTH="728" HEIGHT="41">
							<String ID="string_341" HPOS="1064" VPOS="2119" WIDTH="64" HEIGHT="31" WC="0.87" CONTENT="sin."/><SP WIDTH="39" VPOS="2119" HPOS="1128"/>
							<String ID="string_342" HPOS="1167" VPOS="2119" WIDTH="67" HEIGHT="30" WC="0.92" CONTENT="För"/><SP WIDTH="36" VPOS="2119" HPOS="1234"/>
							<String ID="string_343" HPOS="1270" VPOS="2118" WIDTH="205" HEIGHT="41" WC="0.91" CONTENT="motorsprit"/><SP WIDTH="35" VPOS="2118" HPOS="1475"/>
							<String ID="string_344" HPOS="1510" VPOS="2118" WIDTH="90" HEIGHT="30" WC="0.95" CONTENT="skall"/><SP WIDTH="36" VPOS="2118" HPOS="1600"/>
							<String ID="string_345" HPOS="1636" VPOS="2118" WIDTH="156" HEIGHT="39" WC="0.95" CONTENT="erläggas"/>
						</TextLine>
						<TextLine ID="line_47" HPOS="1064" VPOS="2168" WIDTH="666" HEIGHT="32">
							<String ID="string_346" HPOS="1064" VPOS="2169" WIDTH="151" HEIGHT="30" WC="0.96" CONTENT="särskild"/><SP WIDTH="21" VPOS="2169" HPOS="1215"/>
							<String ID="string_347" HPOS="1236" VPOS="2170" WIDTH="93" HEIGHT="29" WC="0.96" CONTENT="skatt"/><SP WIDTH="20" VPOS="2170" HPOS="1329"/>
							<String ID="string_348" HPOS="1349" VPOS="2178" WIDTH="43" HEIGHT="22" WC="0.96" CONTENT="av"/><SP WIDTH="20" VPOS="2178" HPOS="1392"/>
							<String ID="string_349" HPOS="1412" VPOS="2178" WIDTH="60" HEIGHT="21" WC="0.96" CONTENT="sex"/><SP WIDTH="18" VPOS="2178" HPOS="1472"/>
							<String ID="string_350" HPOS="1490" VPOS="2170" WIDTH="57" HEIGHT="30" WC="0.95" CONTENT="öre"/><SP WIDTH="21" VPOS="2170" HPOS="1547"/>
							<String ID="string_351" HPOS="1568" VPOS="2169" WIDTH="55" HEIGHT="31" WC="0.96" CONTENT="för"/><SP WIDTH="19" VPOS="2169" HPOS="1623"/>
							<String ID="string_352" HPOS="1642" VPOS="2168" WIDTH="88" HEIGHT="31" WC="0.96" CONTENT="liter."/>
						</TextLine>
					</TextBlock>
					<TextBlock ID="block_12" HPOS="1108" VPOS="2218" WIDTH="682" HEIGHT="40">
						<TextLine ID="line_48" HPOS="1108" VPOS="2218" WIDTH="682" HEIGHT="40">
							<String ID="string_353" HPOS="1108" VPOS="2220" WIDTH="12" HEIGHT="29" WC="0.95" CONTENT="I"/><SP WIDTH="18" VPOS="2220" HPOS="1120"/>
							<String ID="string_354" HPOS="1138" VPOS="2221" WIDTH="114" HEIGHT="29" WC="0.93" CONTENT="denna"/><SP WIDTH="15" VPOS="2221" HPOS="1252"/>
							<String ID="string_355" HPOS="1267" VPOS="2237" WIDTH="44" HEIGHT="3" WC="0.92" CONTENT="—"/><SP WIDTH="14" VPOS="2237" HPOS="1311"/>
							<String ID="string_356" HPOS="1325" VPOS="2237" WIDTH="44" HEIGHT="3" WC="0.76" CONTENT="—-"/><SP WIDTH="14" VPOS="2237" HPOS="1369"/>
							<String ID="string_357" HPOS="1383" VPOS="2237" WIDTH="45" HEIGHT="3" WC="0.85" CONTENT="—"/><SP WIDTH="18" VPOS="2237" HPOS="1428"/>
							<String ID="string_358" HPOS="1446" VPOS="2219" WIDTH="114" HEIGHT="30" WC="0.93" CONTENT="såsom"/><SP WIDTH="17" VPOS="2219" HPOS="1560"/>
							<String ID="string_359" HPOS="1577" VPOS="2218" WIDTH="213" HEIGHT="40" WC="0.91" CONTENT="motorsprit."/>
						</TextLine>
					</TextBlock>
				</ComposedBlock>
				<ComposedBlock ID="cblock_9" HPOS="336" VPOS="2361" WIDTH="1450" HEIGHT="92">
					<TextBlock ID="block_13" HPOS="336" VPOS="2361" WIDTH="1450" HEIGHT="92">
						<TextLine ID="line_49" HPOS="336" VPOS="2361" WIDTH="955" HEIGHT="41">
							<String ID="string_360" HPOS="336" VPOS="2361" WIDTH="126" HEIGHT="31" WC="0.96" CONTENT="Denna"/><SP WIDTH="18" VPOS="2361" HPOS="462"/>
							<String ID="string_361" HPOS="480" VPOS="2362" WIDTH="206" HEIGHT="40" WC="0.96" CONTENT="förordning"/><SP WIDTH="18" VPOS="2362" HPOS="686"/>
							<String ID="string_362" HPOS="704" VPOS="2362" WIDTH="116" HEIGHT="30" WC="0.96" CONTENT="träder"/><SP WIDTH="19" VPOS="2362" HPOS="820"/>
							<String ID="string_363" HPOS="839" VPOS="2361" WIDTH="11" HEIGHT="30" WC="0.96" CONTENT="i"/><SP WIDTH="19" VPOS="2361" HPOS="850"/>
							<String ID="string_364" HPOS="869" VPOS="2363" WIDTH="97" HEIGHT="30" WC="0.96" CONTENT="kraft"/><SP WIDTH="19" VPOS="2363" HPOS="966"/>
							<String ID="string_365" HPOS="985" VPOS="2362" WIDTH="65" HEIGHT="30" WC="0.96" CONTENT="den"/><SP WIDTH="22" VPOS="2362" HPOS="1050"/>
							<String ID="string_366" HPOS="1072" VPOS="2364" WIDTH="15" HEIGHT="29" WC="0.96" CONTENT="1"/><SP WIDTH="21" VPOS="2364" HPOS="1087"/>
							<String ID="string_367" HPOS="1108" VPOS="2362" WIDTH="68" HEIGHT="40" WC="0.96" CONTENT="juli"/><SP WIDTH="21" VPOS="2362" HPOS="1176"/>
							<String ID="string_368" HPOS="1197" VPOS="2363" WIDTH="94" HEIGHT="30" WC="0.96" CONTENT="1950."/>
						</TextLine>
						<TextLine ID="line_50" HPOS="336" VPOS="2411" WIDTH="1450" HEIGHT="42">
							<String ID="string_369" HPOS="336" VPOS="2411" WIDTH="133" HEIGHT="31" WC="0.96" CONTENT="Genom"/><SP WIDTH="17" VPOS="2411" HPOS="469"/>
							<String ID="string_370" HPOS="486" VPOS="2412" WIDTH="113" HEIGHT="30" WC="0.96" CONTENT="denna"/><SP WIDTH="18" VPOS="2412" HPOS="599"/>
							<String ID="string_371" HPOS="617" VPOS="2411" WIDTH="206" HEIGHT="40" WC="0.92" CONTENT="förordning"/><SP WIDTH="17" VPOS="2411" HPOS="823"/>
							<String ID="string_372" HPOS="840" VPOS="2412" WIDTH="180" HEIGHT="41" WC="0.91" CONTENT="upphäves"/><SP WIDTH="18" VPOS="2412" HPOS="1020"/>
							<String ID="string_373" HPOS="1038" VPOS="2412" WIDTH="251" HEIGHT="40" WC="0.96" CONTENT="förordningen"/><SP WIDTH="18" VPOS="2412" HPOS="1289"/>
							<String ID="string_374" HPOS="1307" VPOS="2413" WIDTH="67" HEIGHT="30" WC="0.96" CONTENT="den"/><SP WIDTH="18" VPOS="2413" HPOS="1374"/>
							<String ID="string_375" HPOS="1392" VPOS="2413" WIDTH="19" HEIGHT="30" WC="0.96" CONTENT="5"/><SP WIDTH="19" VPOS="2413" HPOS="1411"/>
							<String ID="string_376" HPOS="1430" VPOS="2421" WIDTH="94" HEIGHT="22" WC="0.96" CONTENT="mars"/><SP WIDTH="21" VPOS="2421" HPOS="1524"/>
							<String ID="string_377" HPOS="1545" VPOS="2412" WIDTH="83" HEIGHT="30" WC="0.95" CONTENT="1948"/><SP WIDTH="24" VPOS="2412" HPOS="1628"/>
							<String ID="string_378" HPOS="1652" VPOS="2412" WIDTH="58" HEIGHT="33" WC="0.96" CONTENT="(nr"/><SP WIDTH="18" VPOS="2412" HPOS="1710"/>
							<String ID="string_379" HPOS="1728" VPOS="2411" WIDTH="58" HEIGHT="34" WC="0.95" CONTENT="81)"/>
						</TextLine>
					</TextBlock>
				</ComposedBlock>
				<ComposedBlock ID="cblock_10" HPOS="293" VPOS="2461" WIDTH="514" HEIGHT="40">
					<TextBlock ID="block_14" HPOS="293" VPOS="2461" WIDTH="514" HEIGHT="40">
						<TextLine ID="line_51" HPOS="293" VPOS="2461" WIDTH="514" HEIGHT="40">
							<String ID="string_380" HPOS="293" VPOS="2470" WIDTH="55" HEIGHT="22" WC="0.93" CONTENT="om"/><SP WIDTH="24" VPOS="2470" HPOS="348"/>
							<String ID="string_381" HPOS="372" VPOS="2461" WIDTH="234" HEIGHT="40" WC="0.90" CONTENT="tilläggsskatt"/><SP WIDTH="26" VPOS="2461" HPOS="606"/>
							<String ID="string_382" HPOS="632" VPOS="2463" WIDTH="21" HEIGHT="30" WC="0.91" CONTENT="å"/><SP WIDTH="22" VPOS="2463" HPOS="653"/>
							<String ID="string_383" HPOS="675" VPOS="2461" WIDTH="132" HEIGHT="32" WC="0.96" CONTENT="bensin."/>
						</TextLine>
					</TextBlock>
				</ComposedBlock>
				<ComposedBlock ID="cblock_11" HPOS="322" VPOS="2545" WIDTH="791" HEIGHT="32">
					<TextBlock ID="block_15" HPOS="322" VPOS="2545" WIDTH="791" HEIGHT="32">
						<TextLine ID="line_52" HPOS="322" VPOS="2545" WIDTH="791" HEIGHT="32">
							<String ID="string_384" HPOS="322" VPOS="2546" WIDTH="7" HEIGHT="14" WC="0.88" CONTENT="!"/><SP WIDTH="20" VPOS="2546" HPOS="329"/>
							<String ID="string_385" HPOS="349" VPOS="2547" WIDTH="112" HEIGHT="24" WC="0.96" CONTENT="Senaste"/><SP WIDTH="18" VPOS="2547" HPOS="461"/>
							<String ID="string_386" HPOS="479" VPOS="2547" WIDTH="98" HEIGHT="30" WC="0.96" CONTENT="lydelse"/><SP WIDTH="19" VPOS="2547" HPOS="577"/>
							<String ID="string_387" HPOS="596" VPOS="2554" WIDTH="26" HEIGHT="17" WC="0.96" CONTENT="se"/><SP WIDTH="21" VPOS="2554" HPOS="622"/>
							<String ID="string_388" HPOS="643" VPOS="2545" WIDTH="72" HEIGHT="26" WC="0.93" CONTENT="1945:"/><SP WIDTH="11" VPOS="2545" HPOS="715"/>
							<String ID="string_389" HPOS="726" VPOS="2545" WIDTH="49" HEIGHT="26" WC="0.93" CONTENT="737"/><SP WIDTH="18" VPOS="2545" HPOS="775"/>
							<String ID="string_390" HPOS="793" VPOS="2546" WIDTH="151" HEIGHT="31" WC="0.92" CONTENT="(omtryckt"/><SP WIDTH="20" VPOS="2546" HPOS="944"/>
							<String ID="string_391" HPOS="964" VPOS="2545" WIDTH="71" HEIGHT="25" WC="0.55" CONTENT="1948:"/><SP WIDTH="10" VPOS="2545" HPOS="1035"/>
							<String ID="string_392" HPOS="1045" VPOS="2545" WIDTH="68" HEIGHT="31" WC="0.55" CONTENT="368)."/>
						</TextLine>
					</TextBlock>
				</ComposedBlock>
			</PrintSpace>
		</Page>
	</Layout>
</alto>
