2210 2628
246 281 114 24 Utskottet.

463 192 19 30 2
859 182 363 43 Bevillningsutskottets
1245 177 194 34 betänkande
1462 177 51 30 Nr
1537 176 51 31 12.

551 267 278 36 Motionärerna
869 263 115 36 hafva
1019 261 111 36 väckt
1158 260 65 35 sitt
1251 257 143 47 förslag
1421 256 12 35 i
1461 253 163 38 uttaladt
1651 252 111 49 syfte,
1793 255 54 32 att
1875 251 12 36 i
1915 264 96 23 sam-

421 320 102 37 band
565 319 83 36 med
691 317 72 36 den
805 315 161 36 väntade
1007 311 287 51 propositionen
1334 322 61 22 om
1436 320 47 23 en
1507 302 505 52 jordvärdestegringsskatt

417 371 144 50 jämväl
602 371 178 46 frågorna
820 380 60 23 om
921 365 176 47 taxering
1138 363 41 36 af
1216 362 62 36 det
1314 359 260 45 samhälleliga
1597 355 221 50 jordvärdet
1845 354 13 35 1
1884 353 129 37 landet

422 429 98 31 samt
561 436 60 22 om
663 421 101 36 skatt
804 422 20 33 å
852 419 102 35 detta
978 415 203 50 jordvärde
1209 416 115 33 måtte
1352 412 127 35 kunna
1509 409 41 36 af
1574 420 142 24 samma
1743 406 159 45 utskott,
1932 418 81 24 som

423 476 121 36 skulle
572 474 80 35 haft
681 477 55 31 att
763 470 186 38 behandla
968 483 46 22 en
1035 467 115 37 sådan
1169 463 246 52 proposition,
1436 467 189 44 upptagas
1645 459 56 36 till
1720 457 291 37 skärskådande.

422 528 58 36 Då
516 540 51 22 nu
596 528 128 45 någon
752 521 281 47 framställning
1062 519 81 36 från
1171 517 139 47 Kungl.
1339 514 107 48 Maj:t
1473 513 13 36 i
1514 513 109 47 fråga
1651 524 60 22 om
1740 510 100 36 skatt
1868 511 21 33 å
1911 509 104 48 jord-

423 577 308 48 värdestegring,
773 574 119 48 enligt
927 572 100 37 hvad
1055 570 184 36 utskottet
1268 568 197 44 inhämtat,
1494 564 83 36 icke
1604 568 41 31 är
1673 567 53 31 att
1753 565 116 32 vänta
1897 560 119 36 under

424 629 254 38 innevarande
720 626 168 47 riksdag,
928 625 124 35 finner
1086 623 61 47 sig
1187 620 183 37 utskottet
1396 617 86 36 med
1511 616 149 47 hänsyn
1687 614 58 35 till
1773 612 100 37 hvad
1901 613 115 35 ofvan

428 683 146 35 anförts
606 681 69 35 och
702 684 92 30 utan
822 682 55 32 att
904 676 90 48 ingå
1021 675 12 36 i
1061 679 170 32 närmare
1259 670 182 50 pröfning
1469 668 40 36 af
1535 668 296 35 motionärernas
1859 664 157 47 förslag,

426 734 93 36 böra
547 731 207 46 hemställa,

954 836 54 30 att
1050 829 86 36 herr
1176 826 243 48 Lindhagens
1449 837 47 22 m.
1522 823 36 35 fl.
1589 819 246 39 förevarande
1864 818 154 48 motion,

826 884 46 35 II:
920 883 87 44 251,
1050 894 60 23 om
1154 878 197 37 skrifvelse
1391 876 57 36 till
1489 874 144 48 Kungl.
1675 871 108 48 Maj:t
1824 870 196 48 angående

828 939 115 32 sättet
982 933 60 36 för
1083 945 45 23 en
1170 929 160 38 särskild
1372 928 174 46 taxering
1586 925 41 36 af
1664 925 64 35 det
1760 921 261 49 samhälleliga

823 985 222 50 jordvärdet
1085 984 12 35 i
1124 982 137 46 landet,
1290 980 80 36 icke
1399 982 116 33 måtte
1545 978 55 35 till
1627 979 129 46 någon
1783 973 238 49 Riksdagens

829 1037 134 49 åtgärd
991 1035 204 37 föranleda.

562 1128 222 38 Stockholm
814 1127 71 34 den
917 1128 42 32 17
991 1136 102 23 mars
1123 1125 108 32 1911.

872 1228 53 35 På
951 1224 436 49 bevillningsutskottets
1418 1225 158 43 vägnar:

1019 1329 43 35 K.
1093 1328 45 36 G.
1171 1324 273 38 KARLSSON.

1099 1482 272 40 Reservation

568 1569 40 35 af
632 1569 129 35 herrar
788 1566 178 35 Eriksson
994 1563 13 35 i
1037 1559 272 49 Grängesberg
1337 1556 69 36 och
1434 1556 116 46 Kobb,
1580 1567 81 23 som
1690 1553 139 36 anfört:

567 1621 82 36 Den
677 1617 244 47 skattefråga,
949 1614 281 36 motionärerna
1256 1610 137 45 berört,
1423 1619 115 37 synes
1566 1619 61 23 oss
1655 1618 91 23 vara
1775 1605 40 35 af
1837 1604 71 36 den
1929 1609 101 30 stora

437 1673 205 50 betydelse,
676 1675 55 32 att
760 1670 72 35 den
859 1667 85 36 med
973 1669 167 33 snaraste
1171 1662 65 36 bör
1264 1662 111 35 vinna
1402 1658 262 49 Regeringens
1693 1657 70 35 och
1791 1655 238 48 Riksdagens

438 1723 347 52 uppmärksamhet.
841 1720 58 36 En
935 1718 120 36 första
1082 1713 219 48 nödvändig
1329 1711 134 49 åtgärd
1490 1710 108 36 torde
1626 1708 130 37 härvid
1784 1721 89 23 vara
1901 1712 54 31 att
1982 1709 49 46 på

440 1782 77 32 sätt
544 1776 279 36 motionärerna
850 1768 197 49 föreslagit
1073 1766 132 37 utreda
1233 1768 114 33 sättet
1373 1763 58 36 för
1456 1762 176 47 taxering
1652 1761 39 35 af
1707 1760 45 36 de
1773 1758 259 48 samhälleliga

436 1827 266 50 jordvärdena,
745 1837 86 23 men
872 1823 45 35 då
954 1822 37 35 vi
1019 1820 114 36 hafva
1160 1816 204 48 anledning
1391 1819 151 42 antaga,
1571 1818 55 31 att
1654 1812 101 36 detta
1783 1811 185 48 spörsmål
1995 1809 41 36 af

438 1880 143 49 Kungl.
610 1878 106 48 Maj:t
743 1882 89 30 utan
860 1877 126 44 någon
1015 1871 235 47 Riksdagens
1270 1866 193 38 skrifvelse
1483 1865 95 36 skall
1597 1869 110 44 göras
1727 1863 55 36 till
1801 1861 156 37 föremål
1975 1861 57 36 för

440 1929 284 50 öfvervägande
751 1928 64 36 vid
834 1923 245 39 utarbetande
1099 1922 39 36 af
1155 1920 145 48 förslag
1318 1919 56 36 till
1387 1915 512 52 jordvärdestegringsskatt,
1920 1912 113 36 hafva

441 1984 37 35 vi
506 1984 82 35 icke
616 1986 121 32 ansett
766 1993 60 22 oss
854 1978 90 36 böra
972 1975 92 49 vrka
1093 1972 105 38 bifall
1224 1972 59 36 till
1309 1971 202 35 motionen.

575 2137 139 35 Herrar
742 2134 157 37 friherre
929 2132 129 43 Trolle,
1087 2131 45 33 E.
1160 2128 209 42 Bohnstedt,
1389 2127 151 34 Bromée
1558 2124 12 35 i
1590 2123 130 35 Billsta
1739 2122 70 36 och
1827 2121 176 34 Ericsson
2021 2119 13 35 i

445 2190 232 46 Ofvanmyra
717 2186 111 36 hafva
865 2183 157 37 anhållit
1050 2182 36 35 få
1114 2178 237 46 antecknadt,
1380 2182 54 31 att
1462 2176 46 36 de
1536 2175 81 36 icke
1645 2173 158 49 deltagit
1831 2172 11 35 i
1870 2170 165 38 behand-

445 2243 131 46 lingen
604 2239 39 36 af
667 2239 103 35 detta
798 2236 135 37 ärende
961 2235 102 35 inom
1091 2232 192 36 utskottet.

652 2335 235 41 STOCKHOLM,
907 2331 116 40 ISAAC
1036 2328 158 41 MARCUS”
1211 2323 529 44 BOKTRYCKERI-AKTIEBOLAG,
1761 2320 77 41 1911,
