1874 2776
297 164 38 30 12
630 162 115 26 Första
768 161 216 34 lagutskottets
1009 162 159 26 utlåtande
1192 170 40 17 nr
1256 162 34 27 16
1313 162 35 27 år
1371 162 75 27 1957

296 252 69 30 gor,
390 246 89 27 t.ex.
505 253 56 20 om
586 244 258 38 verkningarna
869 244 43 39 på
937 245 68 28 den
1030 244 197 39 mänskliga
1253 245 221 38 organismen
1501 254 41 20 av
1566 245 215 30 alkoholför-

296 296 113 39 täring
437 298 88 28 även
553 297 10 28 i
591 296 258 39 jämförelsevis
877 297 100 39 ringa
1007 298 109 33 doser,
1146 299 38 28 är
1213 297 210 30 tvivelsutan
1451 298 107 29 också
1585 299 113 38 ägnad
1729 301 50 28 att

296 350 128 39 främja
464 350 330 29 trafiksäkerheten.
833 350 48 30 De
920 350 444 40 upplysningskampanjer
1402 351 55 30 för
1497 351 185 39 nykterhet
1721 352 58 30 vid

296 402 143 30 förande
466 412 41 20 av
533 403 252 34 motorfordon,
812 412 73 20 som
910 403 183 39 härvidlag
1117 404 159 29 bedrives
1302 413 41 20 av
1368 404 165 39 frivilliga
1560 405 220 38 nykterhets-

296 455 284 39 organisationer,
605 457 98 28 torde
729 456 147 30 sålunda
899 456 45 30 ha
970 466 43 20 en
1039 458 70 28 stor
1133 456 140 40 uppgift
1298 459 49 27 att
1371 457 96 39 fylla.

349 509 48 29 De
417 509 202 29 nuvarande
640 509 631 39 trafiknykterhetsbestämmelserna
1351 510 94 29 vilka
1466 510 10 29 i
1498 512 86 28 stort
1605 513 66 27 sett
1691 513 89 28 mot-

297 570 116 20 svarar
441 562 69 29 den
536 562 221 39 lagstiftning
785 572 72 20 som
884 563 244 39 genomfördes
1157 563 38 29 år
1225 563 80 29 1941
1335 581 42 3 —
1404 566 170 38 upptager
1601 564 56 29 två
1686 565 92 39 slags

294 614 420 39 trafiknykterhetsbrott,
742 615 174 39 nämligen
940 616 251 30 huvudbrottet
1216 616 186 40 rattfylleri
1427 618 65 29 och
1517 619 48 28 ett
1590 617 188 40 lindrigare

292 666 91 29 brott
416 676 76 20 som
512 668 11 28 i
543 668 69 28 viss
643 668 84 29 mån
760 669 39 28 är
830 670 49 28 att
909 668 163 30 betrakta
1103 678 75 20 som
1210 669 346 39 ordningsförseelse.
1579 670 200 40 Rattfylleri

295 720 182 40 föreligger
498 721 11 29 i
531 722 109 29 första
662 722 97 29 hand
781 721 43 31 då
845 722 114 39 någon
981 722 70 30 fört
1073 723 243 30 motorfordon
1338 723 37 30 så
1396 724 177 39 påverkad
1594 733 41 20 av
1658 725 120 29 starka

295 774 145 38 drycker
462 776 51 27 att
535 775 55 29 det
612 775 69 29 kan
704 777 144 37 antagas
871 777 49 28 att
941 776 72 29 han
1034 776 75 29 icke
1131 776 44 40 på
1195 776 235 39 betryggande
1453 778 69 28 sätt
1543 777 136 30 kunnat
1701 777 77 30 föra

295 826 160 30 fordonet
484 836 80 20 men
592 828 175 39 därjämte
796 837 55 20 om
880 828 142 30 föraren
1049 829 57 30 vid
1135 829 125 30 färden
1289 830 87 29 hade
1405 839 44 20 en
1477 830 302 30 blodalkoholhalt

293 888 42 20 av
349 879 88 39 lägst
457 879 44 34 1,5
516 880 169 39 promille.
702 880 118 30 Under
837 881 56 29 det
909 881 190 39 lindrigare
1115 882 129 29 brottet
1261 882 196 40 inbegripes
1475 883 73 29 åter
1567 883 131 30 sådana
1716 884 62 29 fall

296 934 61 28 när
383 933 152 34 föraren,
563 936 83 27 utan
674 936 51 27 att
753 935 45 29 ha
824 935 88 29 varit
939 935 177 39 påverkad
1142 936 109 39 enligt
1278 937 66 29 den
1370 936 179 30 allmänna
1577 938 116 38 regeln
1720 938 58 29 vid

294 985 196 40 rattfylleri,
515 987 104 29 likväl
641 987 58 30 vid
724 988 124 29 färden
870 988 89 30 hade
983 998 43 20 en
1050 989 217 29 alkoholhalt
1290 989 11 29 i
1323 989 115 30 blodet
1462 999 42 20 av
1527 989 151 35 0,3—1,49
1700 999 79 31 pro-

294 1039 101 30 mille.
432 1039 156 30 Gränsen
613 1041 54 29 för
692 1041 234 29 straffansvar
951 1042 39 28 är
1014 1041 147 30 sålunda
1187 1043 69 28 satt
1280 1042 56 30 vid
1359 1052 44 20 en
1427 1043 352 30 alkoholkoncentra-

293 1092 72 29 tion
388 1093 9 28 i
421 1092 161 30 förarens
603 1093 80 30 blod
708 1103 42 20 av
774 1093 44 34 0,8
840 1094 170 39 promille.
1045 1094 65 30 Vid
1134 1095 217 29 tillkomsten
1375 1105 41 20 av
1441 1095 80 29 1941
1549 1096 55 29 års
1628 1096 151 40 lagstift-

294 1145 82 39 ning
398 1146 176 29 uttalades
599 1147 92 29 olika
717 1147 182 38 meningar
923 1147 11 29 i
961 1147 134 39 frågan,
1119 1148 57 29 vid
1202 1148 108 29 vilket
1333 1149 105 29 värde
1463 1149 116 29 denna
1603 1150 176 38 promille-

292 1198 102 37 gräns
414 1198 114 29 skulle
548 1198 134 39 dragas.
704 1199 51 29 Bl.
776 1208 29 20 a.
826 1199 186 30 förordade
1032 1200 109 30 första
1161 1201 239 38 lagutskottet,
1422 1203 50 28 att
1494 1204 149 37 gränsen
1664 1203 114 30 skulle

294 1253 106 29 sättas
419 1252 59 30 vid
499 1252 45 34 0,5
563 1253 170 39 promille.
766 1253 199 39 Riksdagen
986 1255 168 29 stannade
1175 1255 193 30 emellertid
1388 1255 55 30 för
1463 1256 68 29 den
1551 1256 105 39 högre
1676 1258 102 37 grän-

294 1314 70 25 sen,
391 1304 45 35 0,8
463 1306 169 39 promille.
671 1306 79 30 Med
776 1306 136 39 hänsyn
939 1307 53 29 till
1021 1308 41 29 de
1089 1308 112 29 starkt
1229 1308 120 29 delade
1376 1308 183 40 meningar
1587 1318 74 20 som
1688 1309 90 30 före-

294 1358 53 39 låg
370 1359 37 28 är
431 1359 58 29 det
514 1358 197 40 förklarligt
735 1361 51 27 att
809 1369 80 19 man
913 1360 44 29 då
981 1360 76 30 icke
1080 1360 79 30 ville
1183 1361 43 39 gå
1250 1361 127 39 längre.
1412 1361 153 30 Numera
1588 1362 62 30 bör
1673 1363 104 29 emel-

294 1411 99 30 lertid
423 1420 43 20 en
496 1421 95 20 mera
620 1412 133 29 allmän
783 1413 203 39 anslutning
1015 1413 120 30 kunna
1164 1414 126 29 vinnas
1319 1415 102 39 kring
1450 1425 43 20 en
1523 1416 148 39 ändring
1701 1425 75 20 som

292 1463 143 30 innebär
460 1466 51 28 att
535 1466 179 38 strängare
739 1465 292 39 nykterhetskrav
1056 1467 115 29 ställes
1196 1467 45 39 på
1265 1467 268 31 motorförarna.

348 1517 109 30 Tiden
486 1527 101 30 synes
615 1518 149 30 sålunda
793 1528 46 20 nu
866 1528 83 20 vara
977 1527 123 31 mogen
1127 1520 55 29 för
1210 1522 50 28 att
1288 1521 10 28 i
1326 1521 264 40 lagstiftningen
1618 1522 77 38 giva
1724 1524 53 28 ut-

293 1570 98 39 tryck
421 1570 35 30 åt
488 1572 50 28 att
568 1571 314 40 alkoholförtäring
913 1572 65 30 och
1009 1572 145 30 förande
1186 1582 42 20 av
1257 1574 242 30 motorfordon
1530 1575 11 28 i
1570 1575 137 40 princip
1738 1577 39 28 är

292 1623 192 40 oförenliga
509 1625 79 29 med
612 1625 185 29 varandra.
833 1625 280 40 Lagstiftningen
1137 1626 63 30 bör
1227 1626 9 29 i
1262 1627 151 39 enlighet
1436 1628 80 30 med
1542 1628 121 30 nutida
1689 1629 88 29 krav

292 1676 44 40 på
360 1686 41 20 en
426 1677 66 39 god
517 1677 233 30 trafikkultur
775 1678 131 34 fastslå,
932 1680 51 28 att
1009 1680 86 28 även
1119 1680 315 39 alkoholförtäring
1459 1681 10 29 i
1495 1681 135 30 mindre
1656 1683 120 38 mäng-

292 1730 59 29 der
374 1730 89 29 skall
486 1731 172 29 undvikas
680 1731 11 28 i
715 1731 169 30 samband
906 1732 80 29 med
1008 1732 235 30 motortrafik.
1278 1734 100 29 Detta
1400 1734 62 29 bör
1485 1735 88 29 dock
1595 1735 76 30 icke
1693 1735 83 29 rim-

292 1782 112 39 ligtvis
427 1783 143 30 komma
591 1784 51 29 till
665 1785 142 38 uttryck
828 1785 11 28 i
860 1794 41 20 en
923 1786 103 39 regel,
1047 1785 116 30 vilken
1186 1786 116 30 såsom
1324 1787 124 39 farliga
1471 1788 54 29 för
1547 1788 229 30 trafiksäker-

292 1836 100 29 heten
419 1837 169 39 stämplar
613 1838 133 29 sådana
772 1838 112 30 förare
911 1848 75 20 som
1012 1839 166 40 uppvisar
1203 1839 175 40 praktiskt
1403 1841 251 39 betydelselösa
1680 1841 96 30 blod-

293 1889 272 31 alkoholvärden
592 1891 55 29 vid
677 1891 205 39 körningen.
923 1892 54 29 En
1005 1892 70 30 viss
1103 1893 172 38 marginal
1304 1893 109 30 måste
1442 1894 112 29 hållas
1582 1895 78 29 med
1689 1894 87 30 hän-

290 1951 63 30 syn
377 1942 51 29 till
452 1942 43 30 de
520 1942 196 40 obetydliga
740 1944 286 39 promillehalter,
1051 1945 61 30 där
1136 1945 179 39 påverkan
1339 1947 239 39 regelmässigt
1603 1948 75 29 icke
1704 1948 71 29 kan

290 1996 172 39 iakttagas
487 1998 86 28 även
595 1998 77 29 med
696 1999 42 28 de
762 1998 126 30 finaste
910 1999 262 39 vetenskapliga
1195 2000 165 29 metoder.

345 2049 565 41 Trafiknykterhetsutredningen
935 2052 66 29 har
1026 2052 178 39 föreslagit
1230 2055 50 27 att
1304 2054 66 29 den
1394 2054 94 39 lägre
1513 2055 262 39 promillegrän-

292 2111 59 20 sen
373 2102 129 30 sänkes
524 2103 79 29 från
626 2104 45 33 0,8
694 2104 53 29 till
770 2104 45 34 0,5
838 2105 62 29 och
923 2105 65 29 har
1010 2105 52 30 till
1086 2107 75 29 stöd
1185 2106 122 30 härför
1329 2106 175 41 åberopat,
1528 2110 49 27 att
1600 2108 56 29 vid
1679 2108 96 30 blod-

291 2155 255 30 alkoholhalter
564 2157 19 29 å
601 2157 108 29 minst
727 2158 94 29 detta
839 2159 47 28 tal
905 2159 225 39 nedsättning
1149 2169 41 20 av
1210 2159 249 39 körförmågan
1479 2161 135 29 kunnat
1633 2161 142 29 konsta-

291 2210 88 27 teras
405 2209 64 29 hos
496 2210 56 29 det
577 2210 91 29 klart
693 2211 238 38 övervägande
958 2212 130 29 antalet
1113 2213 215 29 undersökta
1354 2213 125 30 förare.
1518 2214 256 39 Utredningens

291 2261 218 40 ståndpunkt
533 2263 63 29 har
621 2263 198 30 kritiserats
844 2264 10 29 i
879 2266 48 27 ett
951 2265 195 38 betydande
1172 2266 97 29 antal
1295 2266 322 39 remissyttranden,
1644 2268 10 28 i
1680 2267 94 30 vilka

291 2314 133 30 anförts
452 2317 62 32 att,
542 2316 43 29 då
610 2316 215 30 verkställda
852 2318 229 39 utredningar
1108 2318 75 30 icke
1212 2319 84 38 givit
1324 2320 91 29 klart
1442 2320 129 30 besked
1599 2320 175 30 huruvida

290 2377 42 19 en
352 2368 216 30 alkoholhalt
588 2370 128 29 mellan
738 2370 45 34 0,5
803 2371 63 29 och
887 2370 44 35 0,8
952 2371 159 39 promille
1132 2372 178 39 verkligen
1330 2373 85 29 ökar
1435 2374 119 29 risken
1575 2374 54 29 för
1650 2373 124 30 trafik-

290 2421 149 38 olyckor,
467 2422 187 39 anledning
681 2423 130 30 saknas
837 2425 49 28 att
911 2425 111 29 ändra
1048 2425 65 29 den
1140 2426 203 29 nuvarande
1369 2427 149 38 gränsen
1544 2427 56 29 vid
1626 2426 45 33 0,8
1697 2435 77 30 pro-

287 2474 102 29 mille.
