2264 2662
473 178 18 26 2
642 172 118 34 Andra
783 173 205 32 kammarens
1010 172 139 33 andra
1172 166 173 48 tillfälliga
1367 172 139 33 utskotts
1528 171 170 34 utlåtande
1720 172 53 33 Nr
1794 174 29 31 6.

431 261 142 49 Kungl.
615 261 107 49 Maj:t
748 261 149 37 täcktes
926 260 227 38 föranstalta
1177 274 61 24 om
1268 260 359 38 åstadkommandet
1655 261 41 38 af
1721 274 47 24 en
1796 260 153 50 allsidig
1976 266 59 32 ut-

429 313 165 49 redning
621 313 162 37 rörande
812 313 182 37 behofvet
1023 313 42 37 af
1089 312 208 50 ändringar
1324 312 11 37 1
1354 326 51 23 nu
1420 312 181 51 gällande
1618 312 241 38 föreskrifter
1871 313 164 37 rörande

429 365 491 50 skyddskoppympningen
944 367 10 35 i
983 365 99 37 riket
1109 370 99 32 samt
1235 364 169 38 därefter
1417 364 58 37 till
1501 365 220 49 Riksdagen
1736 364 195 38 inkomma
1946 365 88 37 med

430 417 47 37 de
518 416 157 50 förslag,
714 416 152 38 hvartill
896 417 126 37 denna
1049 416 207 50 utredning
1283 417 128 37 kunde
1439 416 210 38 föranleda.
1702 417 17 37 I
1746 416 172 50 enlighet
1945 416 88 38 med

430 469 126 37 denna
584 469 203 37 skrifvelse
816 469 218 37 anbefallde
1062 468 143 50 Kungl.
1234 468 106 50 Maj:t
1363 482 140 36 genom
1521 468 127 38 beslut
1661 468 74 37 den
1753 470 42 36 17
1815 468 219 51 september

432 523 94 35 1909
555 521 133 50 kungl.
717 520 395 51 medicinalstyrelsen
1141 526 55 31 att
1222 520 208 37 verkställa
1458 521 74 37 den
1560 520 42 38 af
1626 520 222 50 Riksdagen
1863 520 171 50 begärda

428 573 258 50 utredningen
726 577 98 33 samt
863 572 58 37 till
961 571 142 51 Kungl.
1142 572 107 50 Maj:t
1284 572 195 37 inkomma
1507 572 87 38 med
1618 572 47 37 de
1692 572 158 50 förslag,
1879 572 154 38 hvartill

428 625 223 38 densamma
679 624 127 38 kunde
834 624 209 38 föranleda.

527 677 58 36 Då
613 677 64 36 det
695 676 184 48 gifvetvis
898 677 60 36 för
972 677 188 35 utskottet
1174 676 99 35 varit
1286 676 41 35 af
1340 681 79 31 stor
1433 675 201 48 betydelse
1650 681 55 30 att
1720 675 59 36 för
1793 675 240 36 bedömande

429 727 42 36 af
495 727 139 49 frågan
658 726 143 37 erhålla
828 727 218 36 kännedom
1075 739 73 35 om,
1176 726 96 36 huru
1302 725 108 49 långt
1434 725 126 37 denna
1578 724 209 51 utredning
1805 724 227 49 fortskridit,

427 778 70 38 har
536 778 188 38 utskottet
764 778 131 37 därom
934 778 137 49 begärt
1099 777 237 50 upplysning
1363 778 85 36 från
1475 776 408 50 medicinalstyrelsen,
1911 790 82 25 som
2021 777 11 36 i

429 835 128 32 ämnet
586 830 125 37 anfört
734 830 327 49 hufvudsakligen
1088 829 184 49 följande:

532 881 98 37 »Till
668 894 47 23 en
742 881 135 49 början
904 886 119 32 mötte
1048 881 64 36 det
1138 880 150 50 ganska
1316 884 104 33 stora
1447 879 239 49 svårigheter
1714 884 55 32 att
1792 879 104 38 finna
1922 880 112 37 verk-

429 932 72 50 ligt
541 932 244 50 sakkunniga
812 946 196 36 personer,
1037 932 12 37 i
1078 932 209 50 synnerhet
1315 945 81 23 som
1425 931 395 49 medicinalstyrelsen
1848 931 92 37 fann
1969 932 65 36 det

428 998 93 24 vara
549 985 42 36 af
615 984 81 37 vikt
725 990 55 32 att
804 985 113 37 äfven
946 984 118 37 andra
1092 989 48 32 än
1167 984 130 37 läkare
1326 983 178 49 deltogoi
1522 982 270 50 utredningen,
1809 988 92 32 enär
1915 982 117 39 bland

430 1036 260 37 allmänheten
729 1036 91 47 ofta,
850 1049 60 24 om
935 1036 72 37 ock
1034 1039 49 46 på
1111 1035 158 37 alldeles
1294 1034 196 38 ohållbara
1513 1034 182 49 grunder,
1723 1034 211 50 förspörjes
1958 1035 75 37 den

429 1088 312 49 uppfattningen,
785 1093 55 31 att
867 1087 131 37 läkare
1039 1087 123 37 skulle
1198 1100 91 23 vara
1318 1089 49 47 på
1394 1088 119 47 något
1541 1091 77 31 sätt
1644 1085 173 50 partiska
1844 1086 12 36 i
1883 1086 149 50 frågan.

428 1139 125 37 Häraf
578 1138 208 38 orsakades
814 1142 119 46 något
961 1138 180 49 dröjsmål
1166 1139 87 36 med
1271 1137 281 49 utredningens
1566 1137 310 48 igångsättande.
1932 1137 100 37 Slut-

426 1191 106 48 ligen
569 1190 183 49 lyckades
788 1190 64 36 det
891 1190 191 49 styrelsen
1110 1194 55 32 att
1191 1189 59 37 för
1276 1189 218 50 uppdraget
1520 1187 194 38 förvärfva
1742 1188 291 38 föreståndaren

428 1241 60 37 för
525 1241 483 49 vetenskapsakademiens
1032 1240 278 37 Nobelinstitut
1337 1241 59 36 för
1425 1239 203 50 fysikalisk
1655 1239 113 48 kemi,
1796 1240 235 49 professorn,

427 1293 160 37 filosofie
628 1293 165 37 doktorn
838 1292 37 38 8.
917 1295 44 34 A.
1004 1292 210 37 Arrhenius
1254 1296 99 32 samt
1380 1292 119 36 förste
1526 1290 370 50 provinsialläkaren
1922 1292 45 36 A.
1995 1291 35 37 J.

425 1344 160 38 Larson.

527 1395 181 37 Härefter
732 1395 310 37 sammanträdde
1070 1394 191 50 styrelsen
1289 1393 74 37 den
1391 1395 47 35 28
1463 1393 75 50 maj
1569 1395 96 36 1910
1692 1393 88 38 med
1804 1393 114 38 dessa
1946 1394 85 37 sak-

429 1447 171 49 kunniga
635 1446 121 49 jämte
793 1447 292 36 föreståndaren
1116 1446 59 36 för
1203 1445 336 37 statsmedicinska
1564 1445 212 37 anstaltens
1804 1445 228 37 medicinskt

429 1497 328 50 bakteriologiska
782 1497 209 50 afdelning,
1020 1497 223 50 professorn
1267 1496 135 37 Alfred
1425 1496 236 47 Pettersson,
1690 1496 72 37 och
1789 1496 144 37 beslöts
1948 1496 84 38 där-

427 1550 76 47 vid,
533 1554 54 31 att
609 1549 57 36 till
693 1549 257 49 utredningen
978 1548 170 37 hörande
1176 1548 131 48 frågor
1336 1547 123 37 skulle
1486 1560 216 37 grupperas
1729 1550 49 47 på
1801 1547 64 37 det
1893 1552 86 42 sätt,

528 1606 47 31 att
614 1600 248 49 redogörelse
903 1600 57 37 för
985 1600 74 37 den
1086 1598 295 49 vetenskapliga
1403 1598 139 50 grund,
1570 1599 146 49 hvarpå
1742 1598 290 38 vaccinationen

429 1651 133 48 hvilar,
592 1656 99 32 samt
717 1651 183 49 pröfning
928 1652 42 36 af
995 1652 125 36 denna
1147 1650 126 49 grund
1301 1650 10 36 i
1336 1651 74 35 den
1438 1649 132 37 nutida
1593 1650 284 49 vetenskapens
1905 1649 126 51 belys-

427 1703 106 49 ning,
562 1702 123 38 skulie
713 1702 196 38 utarbetas
939 1703 41 36 af
1004 1702 291 50 professorerna
1322 1701 211 37 Arrhenius
1561 1701 72 37 och
1660 1701 234 47 Pettersson,

528 1759 48 32 att
602 1753 258 49 redogörelse,
889 1753 237 38 omfattande
1153 1752 147 49 viktiga
1324 1752 106 37 delar
1458 1752 41 37 af
1525 1752 327 49 smittkoppornas
1872 1752 158 37 historia

430 1806 71 36 och
534 1805 236 47 utbredning
794 1811 99 30 samt
920 1805 250 49 sjukdomens
1200 1803 301 50 spridningssätt
1524 1804 72 36 och
1611 1803 283 37 smittosamhet
1907 1803 123 37 skulle

428 1856 198 38 utarbetas
667 1856 41 37 af
740 1856 218 37 dåvarande
990 1855 290 38 tillförordnade
1308 1854 314 37 medicinalrådet
1645 1855 60 36 Fr.
1734 1855 197 37 Bissmark
1959 1855 71 37 och

429 1908 120 37 förste
572 1906 368 51 provinsialläkaren
967 1908 159 46 Larson,
1151 1905 129 39 hvilka
1308 1906 114 37 äfven
1450 1905 99 37 hade
1569 1911 55 32 att
1643 1906 11 36 i
1670 1906 186 37 samband
1872 1906 157 37 därmed

428 1959 209 37 verkställa
672 1958 182 50 pröfning
893 1960 41 35 af
968 1958 273 51 påståendena,
1271 1962 55 32 att
1353 1957 74 36 den
1450 1957 134 37 nutida
1612 1957 254 38 hälsovården
1893 1957 136 50 gjorde

427 2010 432 49 tvångsvaccinationen
903 2010 194 48 obehöflig
1133 2009 72 36 och
1237 2013 54 32 att
1318 2008 289 37 vaccinationen
1634 2021 91 23 vore
1753 2008 161 37 förenad
1941 2009 88 36 med

426 2061 119 37 vådor
573 2067 99 31 samt
695 2061 42 37 af
761 2060 227 50 betydelsen
1004 2061 62 38 afi
1083 2059 237 38 sistnämnda
1333 2059 220 37 hänseende
1566 2059 241 37 framkomna
1822 2059 206 50 klagomål,

527 2118 47 32 att
613 2113 133 49 frågor
787 2112 199 49 angående
1028 2110 547 50 vaccinationsberedningens
1611 2110 145 48 teknik,
1790 2111 139 37 animal
1957 2111 72 37 och

426 2164 272 37 humaniserad
725 2163 154 37 vaccins
907 2164 214 49 beredning
1144 2163 72 36 och
1244 2161 177 48 kontroll,
1446 2161 122 37 skulle
1583 2162 157 37 utredas
1756 2162 41 37 af
1809 2161 218 38 medicinal-

428 2215 108 37 rådet
565 2214 46 38 G.
639 2214 175 49 Kjerrulf
838 2215 71 36 och
937 2216 221 48 professorn
1186 2214 235 46 Pettersson,

526 2271 48 33 att
600 2267 131 49 frågor
758 2266 200 49 angående
987 2264 392 41 vaccinationsteknik
1406 2264 72 38 och
1505 2264 366 50 kompetensvillkor
1888 2264 60 38 för
1962 2278 66 24 an-
