1888 2850
530 147 275 31 Statsutskottets
826 146 177 32 utlåtande
1022 147 49 31 Nr
1092 148 71 30 185.
1571 142 38 32 17

457 230 31 39 a)
519 231 50 30 till
598 231 135 31 Statens
762 231 474 34 arbetslöshetskommission
1266 234 45 28 ett
1338 231 269 37 förslagsanslag

410 291 43 21 av
477 282 141 34 350,000
643 282 142 36 kronor;

455 332 34 40 b)
517 333 50 30 till
591 332 278 38 Reservarbeten,
890 332 579 31 kontantunderstödsverksamhet
1491 342 45 22 m.
1559 342 45 21 m.

411 385 46 28 ett
483 382 349 38 reservationsanslag
857 392 43 21 av
927 383 175 35 8,000,000
1128 383 143 35 kronor;

456 434 41 30 II.
523 437 49 27 att
586 434 178 31 motionen
782 434 43 30 II:
840 434 52 36 40,
913 434 5 30 i
935 434 67 30 den
1017 433 82 31 mån
1115 434 67 30 den
1196 434 77 30 icke
1286 434 70 31 kan
1371 443 101 21 anses
1486 434 114 31 besva-

412 484 63 30 rad
502 493 124 28 genom
655 484 67 30 vad
752 484 164 30 utskottet
944 493 91 21 ovan
1064 483 126 37 anfört,
1221 484 76 30 icke
1325 482 58 33 må
1411 484 52 31 till
1492 483 114 38 någon

410 534 202 37 riksdagens
640 533 122 38 åtgärd
787 534 191 31 föranleda.

147 635 200 31 Stockholm
369 636 67 31 den
460 637 40 30 16
524 636 70 37 maj
620 637 93 30 1939.

595 735 49 31 På
668 736 268 30 statsutskottets
960 737 143 35 vägnar:

643 803 34 31 C.
707 804 35 30 P.
771 804 36 30 V.
836 799 221 36 GRÄNEBO.

134 1020 197 24 Närvarande:
351 1027 28 17 se
400 1020 91 24 under
514 1018 158 26 utlåtandet
695 1027 33 17 nr
752 1020 56 24 184.

695 1151 303 34 Reservation

143 1249 43 20 av
212 1240 120 29 herrar
359 1239 199 30 Johansson
585 1239 9 30 i
622 1238 258 36 Fredrikslund,
911 1237 200 39 Carlström,
1138 1238 125 37 Domö,
1290 1238 148 30 Persson
1465 1237 11 30 i
1506 1236 97 31 Falla

98 1290 65 30 och
187 1289 193 38 Lundberg,
402 1299 76 21 som
500 1292 119 33 ansett,
645 1292 49 27 att
715 1289 165 30 utskottet
899 1289 79 30 bort
998 1289 173 36 tillstyrka
1192 1288 100 30 bifall
1313 1288 50 31 till
1384 1287 218 31 motionerna

99 1339 27 30 I:
141 1339 64 30 282
231 1339 66 30 och
322 1338 43 31 II:
381 1339 74 35 436,
481 1339 10 30 i
514 1339 67 30 vad
605 1340 100 29 dessa
729 1348 80 21 avse
832 1337 147 39 höjning
1002 1349 43 21 av
1069 1338 384 36 reservationsanslaget
1476 1338 52 30 till
1552 1347 49 21 re-

99 1390 228 36 servarbeten,
353 1390 576 30 kontantunderstödsverksamhet
954 1399 46 21 m.
1026 1399 46 21 m.
1099 1388 81 32 från
1206 1399 42 21 av
1275 1389 122 36 Kungl.
1424 1388 101 37 Maj:t
1551 1388 50 31 fö-

98 1440 158 36 1eslagna
284 1440 173 36 8,000,000
485 1441 129 29 kronor
639 1440 51 31 till
720 1441 194 35 10,500,000
942 1441 139 29 kronor.

130 2500 110 32 Bihang
260 2499 41 25 till
321 2499 167 32 riksdagens
509 2499 144 32 protokoll
676 2500 73 24 1939.
788 2500 14 22 6
824 2499 80 24 saml.
946 2498 37 24 Nr
1002 2499 146 23 184—185.
1555 2495 15 24 2
