1908 2850
333 163 98 27 Andra
453 164 181 26 kammarens
655 163 139 34 tredje
816 162 145 36 tillfälliga
983 164 125 27 utskotts
1130 163 148 28 memorial
1299 171 34 20 nr
1356 164 22 27 1.
1591 165 8 25 1

788 305 65 39 Nr
888 307 33 37 I.

546 412 109 27 Ankom
674 413 41 26 till
738 413 172 33 riksdagens
930 414 93 26 kansli
1043 415 54 26 den
1120 414 28 25 11
1172 413 127 28 februari
1323 413 69 27 1936
1412 414 36 27 kl.
1472 415 27 25 11
1525 414 18 26 f.
1563 420 36 21 m.

319 501 117 32 Andra
466 502 203 31 kammarens
698 502 160 38 tredje
887 503 173 38 tillfälliga
1086 504 142 30 utskotts
1256 503 177 38 memorial,
1463 513 40 21 nr
1531 506 30 35 1,
1588 503 12 30 i

528 556 179 38 anledning
725 566 40 21 av
782 557 97 30 väckt
896 556 125 32 motion
1037 567 50 21 om
1105 559 68 30 rätt
1190 559 49 29 att
1258 557 131 38 erlägga
1407 557 84 39 årlig
1508 558 91 31 awvto-

527 609 186 32 mobilskatt
733 611 13 30 i
767 610 55 31 två
844 610 351 39 betalningsterminer.

150 716 16 29 I
188 726 39 22 en
248 716 87 31 inom
356 716 106 31 andra
481 717 189 31 kammaren
689 717 98 31 väckt
808 718 59 30 och
888 718 53 30 till
961 718 72 31 dess
1054 718 108 38 tredje
1183 718 172 38 tillfälliga
1374 719 127 33 utskott
1522 718 77 31 hän-

108 768 93 32 visad
221 770 132 37 motion,
373 780 43 20 nr
437 770 70 38 119,
528 770 61 31 har
609 770 77 31 herr
709 771 137 30 Werner
867 771 10 30 i
899 771 112 38 Höjen
1032 781 41 21 m.
1094 772 39 37 fl.
1155 772 175 38 hemställt,
1353 775 49 28 att
1423 771 175 38 riksdagen

108 823 101 31 måtte
230 823 11 30 i
263 823 153 32 skrivelse
438 823 55 31 till
513 823 122 39 Kungl.
659 824 104 38 Maj:t
786 824 132 32 anhålla
938 835 52 21 om
1012 825 103 31 sådan
1138 825 142 39 ändring
1301 825 12 30 i
1336 825 112 39 kungl.
1471 824 127 32 förord-

107 876 122 39 ningen
246 887 40 21 av
301 877 63 31 den
381 877 39 30 12
437 877 168 32 december
620 878 83 30 1924
718 878 168 38 angående
903 878 154 39 uppbörd
1073 888 41 22 av
1130 879 267 32 automobilskatt
1414 884 49 29 att
1480 879 118 31 skatte-

108 930 120 38 pliktig
253 931 200 32 innehavare
476 941 43 21 av
544 931 178 32 automobil
746 932 54 30 må
824 932 113 31 kunna
962 932 168 39 medgivas
1154 933 68 31 rätt
1248 936 50 27 att
1323 932 133 39 erlägga
1481 932 117 31 honom

108 984 122 38 påförd
252 984 84 39 årlig
358 985 267 31 automobilskatt
647 986 11 29 i
680 989 121 28 tvenne
822 985 344 39 betalningsterminer
1190 986 11 30 i
1224 986 102 32 likhet
1349 985 73 32 med
1445 985 152 39 uppbörd

107 1047 40 21 av
168 1037 286 38 kronoutskylder.

150 1091 65 31 Till
235 1091 360 39 bevillningsutskottet
618 1092 84 32 hava
727 1092 53 31 för
802 1092 240 33 förberedande
1065 1094 200 41 behandling
1288 1095 169 32 hänvisats
1480 1096 38 29 12
1542 1095 55 31 vid

106 1144 87 32 årets
213 1144 134 39 riksdag
366 1146 119 30 väckta
503 1146 161 31 motioner
683 1146 182 33 berörande
885 1147 440 41 automobilbeskattningen,
1346 1149 167 38 nämligen
1535 1159 63 21 mo-

108 1197 151 32 tionerna
280 1208 42 20 nr
346 1198 69 37 102,
440 1199 70 37 103,
535 1199 59 30 249
618 1200 60 29 och
701 1198 61 31 250
785 1199 11 30 i
820 1199 107 32 första
949 1200 189 32 kammaren
1162 1206 85 28 samt
1270 1212 41 21 nr
1335 1202 70 39 253,
1431 1202 70 38 255,
1526 1202 71 37 256,

106 1250 70 39 327,
194 1251 70 38 329,
282 1252 68 38 552,
369 1252 59 30 553
446 1253 58 31 och
523 1253 59 30 554
598 1253 10 30 i
625 1252 105 32 andra
746 1253 199 31 kammaren.
975 1254 17 30 I
1009 1254 85 32 vissa
1111 1265 41 21 av
1169 1255 92 32 dessa
1277 1256 160 31 motioner
1455 1256 140 31 behand-

106 1304 47 31 las
172 1305 119 38 frågan
311 1315 49 21 om
380 1305 268 32 fordonsskatten
666 1307 60 31 och
745 1306 10 31 i
774 1316 40 21 en
833 1317 41 21 av
892 1307 75 31 dem
991 1307 49 38 (1:
1057 1308 76 38 249)
1157 1309 130 31 beröres
1305 1310 81 30 även
1407 1309 120 39 frågan
1545 1319 50 22 om

106 1358 195 39 uppbörden
323 1369 42 21 av
388 1360 146 31 nämnda
556 1361 96 30 skatt.

147 1412 77 32 Med
244 1413 180 39 anledning
444 1424 41 20 av
505 1413 54 32 det
580 1414 166 38 samband,
768 1424 68 21 som
856 1415 180 38 föreligger
1054 1416 121 31 mellan
1195 1416 164 32 motionen
1381 1416 53 31 II:
1456 1417 60 30 119
1537 1417 59 31 och

104 1465 85 31 vissa
217 1476 40 21 av
286 1466 38 31 de
352 1467 153 38 nämnda,
536 1468 52 30 till
615 1467 360 39 bevillningsutskottet
1002 1469 178 32 hänvisade
1209 1470 213 37 motionerna,
1452 1470 61 31 har
1542 1470 54 32 det

106 1519 201 39 ifrågasatts,
333 1520 168 31 huruvida
526 1521 68 30 ieke
620 1520 63 31 den
711 1521 91 30 förra
829 1522 166 30 motionen
1020 1522 177 39 lämpligen
1224 1523 100 32 borde
1350 1523 179 32 behandlas
1556 1534 40 20 av

105 1581 123 22 samma
247 1573 126 32 utskott
394 1584 69 20 som
484 1573 39 31 de
544 1583 121 22 senare.

146 1626 67 30 För
237 1630 49 27 att
311 1626 120 32 bereda
454 1627 105 31 andra
582 1628 190 31 kammaren
797 1628 133 31 tillfälle
956 1632 50 30 att
1030 1629 136 38 besluta,
1192 1629 166 32 huruvida
1384 1630 63 32 den
1474 1630 121 38 ifråga-

103 1679 145 32 varande
268 1680 165 32 motionen
452 1681 85 30 skall
559 1682 94 37 göras
673 1682 53 30 till
745 1681 138 32 föremål
905 1682 54 31 för
979 1683 202 39 behandling
1200 1694 41 21 av
1260 1684 206 31 kammarens
1486 1683 109 39 tredje

104 1732 170 40 tillfälliga
290 1734 127 32 utskott
435 1734 79 32 eller
531 1735 204 31 överlämnas
751 1735 53 32 till
820 1741 102 28 annat
939 1736 137 38 utskott,
1095 1737 148 31 anhåller
1261 1737 114 31 därför
1394 1737 158 32 utskottet

464 1827 50 28 att
533 1823 34 31 få
586 1824 52 30 till
657 1824 105 31 andra
781 1824 188 31 kammaren
988 1825 182 31 återlämna
1188 1826 164 31 motionen
1373 1826 52 30 II:
1444 1826 69 30 119.

146 1910 184 31 Stockholm
351 1911 62 30 den
435 1912 37 29 11
495 1912 146 30 februari
664 1912 88 30 1936.

643 2008 44 31 På
712 2009 174 30 utskottets
909 2011 141 36 vägnar:

638 2106 114 30 OLOF
778 2106 277 31 ANDERSSON.

216 2315 201 28 Närvarande:
451 2316 99 27 herrar
581 2316 165 28 Andersson
780 2317 5 26 i
818 2317 116 32 Malmö,
964 2317 147 34 Lindberg
1142 2318 6 26 i
1180 2317 175 32 Stockholm,
1376 2317 178 40 Andersson
1588 2318 4 26 i

422 2351 239 35 Munkaljungby,
679 2352 171 33 Jacobsson,
867 2352 120 27 Nilsson
1006 2353 6 26 i
1033 2351 159 36 Göteborg,
1211 2352 119 33 Ekman,
1348 2352 80 31 Lind,
1450 2351 118 29 Werner
1587 2361 7 17 +

423 2387 101 32 Höjen,
543 2387 159 27 Arnemark
719 2388 53 26 och
792 2387 122 32 Jonsson
934 2389 6 24 i
960 2387 181 35 Skedsbygd.

140 2571 115 34 Bihang
274 2571 41 27 till
334 2571 180 34 riksdagens.
526 2572 144 33 protokoll
692 2572 77 26 1936.
803 2573 33 26 13
853 2572 81 27 saml.
963 2573 17 25 3
999 2573 63 26 avd.
1093 2572 41 27 Nr
1156 2573 20 25 1.
1545 2573 6 23 1
