1874 2790
274 171 39 30 82
735 167 263 30 Statlsutskottets
1020 165 166 29 utlåtande
1210 172 37 19 nr
1264 163 69 28 187.

273 248 11 30 i
301 248 91 39 fråga
411 256 54 20 om
484 245 64 30 den
566 254 62 20 ena
644 241 246 40 befattningen,
909 239 57 31 vid
981 238 110 31 behov
1108 239 61 39 äga
1185 236 133 31 besluta
1338 246 52 19 om
1407 234 103 40 högre
1530 231 242 40 löneställning

273 298 10 30 i
305 299 93 29 extra
419 296 83 31 eller
523 291 360 40 arvodesanställning.

326 346 125 32 Vidare
472 345 142 31 föreslås
634 344 120 40 utbyte
775 354 39 19 av
835 342 40 31 de
894 352 45 19 nu
960 341 10 30 i
991 336 417 45 personalförteckningen
1429 334 167 41 uppförda
1617 333 18 30 3
1654 332 120 31 befatt-

274 399 164 41 ningarna
461 398 53 30 för
537 396 211 31 förrådsmän
772 394 11 30 i
806 392 122 31 MEo5
952 393 68 29 mot
1044 390 225 30 vaktmästare
1293 387 10 30 i
1327 397 126 20 samma
1476 384 171 41 lönegrad.

329 448 241 31 Kostnaderna
595 447 53 30 för
672 445 198 40 avlöningar
893 455 40 19 m.
958 454 41 19 m.
1026 441 53 31 till
1105 441 65 30 den
1196 441 94 29 extra
1314 437 169 32 ordinarie
1508 435 168 42 personal,
1703 445 72 20 som

275 500 143 32 sålunda
437 498 64 31 bör
522 497 162 41 uppföras
705 497 20 29 å
746 491 417 45 personalförteckningen
1185 489 54 31 för
1259 490 96 29 nästa
1376 487 176 40 budgetår,
1572 485 87 31 hava
1699 484 76 31 med

273 549 256 41 utgångspunkt
544 549 11 29 i
572 546 155 43 gällande
744 541 435 43 avlöningsbestämmelser
1195 538 181 33 beräknats
1388 537 53 31 till
1453 535 154 41 omkring
1617 535 19 30 3
1646 534 60 31 100
1715 534 60 31 000

278 602 124 31 kronor
426 601 58 39 (nu
505 600 18 30 2
536 599 60 31 900
609 598 61 31 000
688 596 151 40 kronor).

820 679 61 27 Viss
901 679 79 27 extra
1000 677 129 33 personal
1151 682 30 20 m.
1203 682 32 20 m.

328 735 281 33 Medelsbehovet
651 731 109 32 under
800 732 159 40 posterna
999 726 197 32 Vikarier
1238 726 63 29 för
1342 724 11 30 i
1394 720 344 44 personalförtec
1747 719 30 30 k-

276 788 155 40 ningen
454 783 209 43 uppförda
687 784 115 29 extra
825 779 215 32 ordinarie
1064 777 268 41 tjänstemän,
1356 773 127 41 Övrig
1505 776 116 27 extra
1643 780 134 31 perso-

278 839 66 30 nal
364 838 63 31 och
447 834 240 41 Tillfälligt
706 831 188 32 anställd
913 828 199 44 personal
1131 828 62 30 har
1212 826 106 41 enligt
1338 823 194 32 nuvarande
1552 821 154 41 löneläge
1726 820 53 30 be-

278 890 135 30 räknats
432 888 54 31 till
509 887 72 40 (125
594 886 61 31 000
674 890 29 29 +
721 884 62 31 495
796 883 61 31 000
875 887 29 29 +
923 882 59 30 174
995 880 61 31 500
1069 880 51 39 =)
1144 879 10 30 i
1174 877 165 32 avrundat
1357 875 47 32 tal
1422 875 60 30 795
1496 873 60 31 000
1573 873 126 30 kronor
1721 872 58 40 (nu

279 940 106 41 enligt
406 938 239 41 statsliggaren
666 936 59 31 341
740 935 62 30 400
823 932 148 40 kronor).

965 1016 139 27 Fänrikar.

331 1075 242 32 Kostnaderna
588 1074 52 31 för
656 1072 96 30 löner
768 1070 53 31 till
838 1067 254 43 ifrågavarande
1110 1064 159 43 personal
1286 1065 85 29 samt
1388 1060 192 42 flygtillägg
1597 1058 62 31 och
1676 1057 103 31 andra

281 1125 166 32 särskilda
477 1122 351 40 avlöningsförmåner
856 1120 84 30 hava
971 1117 106 40 enligt
1105 1114 195 33 nuvarande
1331 1112 154 40 löneläge
1515 1110 182 31 beräknats
1728 1107 52 31 till

280 1178 61 32 570
353 1178 62 31 000
433 1177 126 31 kronor
581 1175 58 40 (nu
659 1174 61 30 740
733 1173 61 30 000
813 1170 149 40 kronor).

767 1266 62 26 Viss
849 1262 214 29 icke-ordinarie
1083 1259 223 34 läkarpersonal.

333 1319 383 34 Arvodeskostnaderna
741 1317 95 37 hava,
861 1315 108 31 under
991 1311 249 41 hänvisningen
1263 1309 53 31 till
1339 1308 64 31 vad
1427 1306 108 32 under
1557 1304 107 42 punkt
1689 1304 19 30 4
1731 1313 53 20 an-

282 1373 95 37 förts,
400 1371 181 32 beräknats
604 1369 52 31 till
680 1367 196 32 oförändrat
897 1365 136 40 belopp,
1055 1362 115 31 24000
1191 1361 133 31 kronor.

938 1447 193 28 Musikelever.

338 1504 281 32 Medelsbehovet
638 1503 54 30 för
710 1502 93 30 detta
822 1499 154 32 ändamål
993 1497 166 32 beräknas
1179 1496 53 31 för
1250 1492 277 34 nästkommande
1546 1491 168 40 budgetår
1733 1488 52 32 till

288 1556 197 32 oförändrat
502 1554 135 41 belopp,
659 1553 39 30 14
711 1552 61 31 600
790 1551 133 31 kronor.
953 1546 222 33 Beträffande
1195 1557 42 19 en
1256 1556 40 19 av
1315 1540 333 35 försvarsväsendets
1668 1539 118 31 under-

287 1605 263 34 befälsförbund
567 1604 98 31 väckt
681 1603 95 40 fråga
793 1612 53 20 om
862 1599 144 42 höjning
1023 1610 40 19 av
1081 1598 65 31 den
1164 1596 163 31 kontanta
1345 1593 231 40 ersättningen
1594 1590 54 33 till
1665 1589 122 32 musik-

286 1656 110 31 elever
415 1655 161 32 hänvisas
597 1654 54 31 till
672 1653 65 31 vad
758 1652 106 31 under
885 1652 132 30 arméns
1038 1646 299 42 avlöningsanslag
1358 1644 140 31 anförts.

937 1735 86 28 Civila
1042 1734 101 27 lärare.

340 1792 121 31 Under
504 1789 198 33 rubrikerna
746 1785 357 43 Flygförbanden,
1148 1778 481 45 Flygkrigshögskolan,
1674 1776 114 40 Flyg-

288 1841 312 38 kadettskolan,
625 1837 370 44 Aspirantskolan,
1022 1831 498 37 Underofficersskolan,
1548 1827 240 43 Signalsko-

290 1893 66 32 lan
375 1893 64 32 och
458 1890 211 33 Tekniska
687 1889 119 32 skolan
855 1890 57 29 äro
932 1888 11 30 i
962 1885 155 42 gällande
1138 1882 214 42 förteckning
1370 1884 20 29 å
1406 1881 93 31 vissa
1516 1879 106 32 andra
1640 1877 148 31 arvoden

291 1945 62 31 och
371 1943 169 33 särskilda
557 1941 228 41 ersättningar
802 1941 172 40 upptagna
990 1937 126 41 belopp
1136 1938 19 29 å
1172 1934 147 41 tillhopa
1336 1933 61 31 266
1410 1932 61 31 520
1488 1931 134 36 kronor,
1640 1928 150 32 avsedda

288 1997 49 30 att
363 1993 154 33 bestrida
545 1991 148 34 arvoden
720 1990 55 32 till
802 1989 101 33 civila
929 1989 116 32 lärare.
1075 1988 18 30 I
1122 1987 59 31 det
1209 1983 203 43 föregående
1440 1983 61 31 har
1529 1980 182 37 förordats,
1740 1981 49 29 att

291 2045 237 33 motsvarande
543 2043 185 33 kostnader
743 2043 54 31 för
811 2043 98 29 nästa
922 2039 168 41 budgetår
1105 2037 96 32 skola
1216 2035 174 32 redovisas
1406 2033 108 32 under
1529 2031 261 41 anslagsposten

288 2097 54 31 till
363 2095 201 41 avlöningar
584 2094 54 32 till
660 2093 97 41 övrig
778 2090 254 34 icke-ordinarie
1055 2088 167 43 personal.
1258 2087 68 30 För
1348 2087 97 29 nästa
1466 2083 167 41 budgetår
1654 2081 61 31 har
1738 2081 53 30 för

289 2147 193 32 ändamålet
500 2145 182 32 beräknats
705 2146 49 30 ett
773 2143 126 41 belopp
920 2153 40 20 av
983 2141 60 31 220
1056 2140 61 31 000
1137 2139 134 31 kronor.

744 2227 62 27 Viss
826 2224 270 29 kontraktsanställd
1117 2223 62 27 civil
1201 2222 140 34 personal.

341 2279 284 33 Medelsbehovet
662 2278 54 31 för
752 2275 187 32 avlönande
977 2285 40 20 av
1053 2272 256 42 ifrågavarande
1346 2269 158 43 personal
1530 2269 60 31 har
1617 2268 53 30 för
1695 2268 98 29 nästa

290 2332 168 42 budgetår
477 2331 180 32 beräknats
678 2329 55 31 till
753 2328 61 31 470
827 2328 61 30 000
908 2327 124 31 kronor
1056 2325 57 41 (nu
1133 2324 62 31 580
1208 2323 61 31 000
1289 2317 150 51 kronor).

346 2426 69 31 Det
441 2423 251 41 sammanlagda
717 2421 276 33 medelsbehovet
1019 2420 108 31 under
1153 2418 258 40 anslagsposten
1438 2415 53 32 till
1517 2413 199 40 avlöningar
1741 2411 53 31 till

297 2476 94 42 övrig
411 2474 256 33 icke-ordinarie
687 2471 159 43 personal
866 2471 99 41 utgör
984 2469 107 41 enligt
1109 2468 59 31 det
1187 2468 93 31 förut
1299 2465 143 32 anförda
1461 2464 62 32 och
1543 2462 77 32 med
1639 2462 155 40 utgångs-
