1934 2796
625 125 262 29 Statsutskottets
911 124 166 28 utlåtande
1100 133 38 19 nr
1156 124 70 28 187.
1627 118 41 31 89

218 200 384 40 Departementschefen
626 199 61 31 har
711 199 134 37 erinrat,
870 201 48 29 att
940 199 67 30 han
1031 198 57 31 vid
1112 198 154 30 anmälan
1290 208 39 20 av
1354 195 235 32 motsvarande
1614 206 52 19 an-

168 250 188 42 slagsfråga
380 251 53 31 för
456 250 226 31 innevarande
707 250 166 41 budgetår
902 249 272 41 (propositionen
1201 248 91 31 1946:
1308 248 68 37 250,
1404 259 24 19 s.
1454 247 51 40 75)
1535 246 131 36 uttalat,

168 304 49 28 att
240 301 64 31 den
328 301 107 31 under
459 303 36 29 år
519 302 79 30 1945
621 301 186 40 påbörjade
831 300 256 31 verksamheten
1112 299 54 31 för
1189 301 48 28 att
1262 298 169 41 förhjälpa
1455 297 106 31 under
1584 297 83 30 mili-

170 352 281 41 tärtjänstgöring
470 352 146 31 skadade
636 352 52 30 till
709 351 150 31 utkomst
877 362 121 30 genom
1018 353 75 38 eget
1112 350 116 30 arbete
1246 369 43 3 —
1306 348 197 32 arbetsvård
1520 367 43 3 —
1580 348 91 33 visat

169 403 52 41 sig
241 403 83 41 fylla
344 405 47 29 ett
412 405 85 29 stort
517 402 118 31 behov.
667 402 51 31 De
739 401 196 41 ytterligare
957 401 239 36 erfarenheter,
1218 411 72 20 som
1311 400 189 31 sedermera
1520 398 147 37 vunnits,

168 453 52 38 ha,
243 453 194 31 framhåller
458 452 372 42 departementschefen
852 463 54 26 nu,
928 450 42 33 än
991 463 69 19 mer
1080 451 155 41 bestyrkt
1257 450 296 41 angelägenheten,
1576 449 92 32 såväl

170 515 38 19 ur
230 504 195 31 samhällets
447 504 172 41 synpunkt
640 514 72 20 som
734 504 75 30 med
831 503 132 41 hänsyn
985 502 53 33 till
1060 502 41 31 de
1122 502 169 31 skadades
1313 502 178 36 intressen,
1513 512 40 19 av
1575 500 94 41 dylik

170 554 206 32 arbetsvård.
409 555 70 31 Det
499 555 61 32 har
581 554 115 31 därför
718 557 95 38 synts
837 553 225 41 erforderligt,
1086 555 49 29 att
1157 552 256 32 verksamheten
1436 553 127 39 fortgår
1585 553 83 29 även

171 605 108 31 under
299 607 98 29 nästa
417 605 167 41 budgetår
606 606 87 30 efter
715 605 10 30 i
747 605 179 31 huvudsak
950 604 225 31 oförändrade
1199 603 178 41 riktlinjer.

222 656 119 41 Enligt
368 656 40 31 de
436 656 53 31 för
515 655 493 41 omskolningsverksamheten
1035 654 156 41 gällande
1217 654 299 31 bestämmelserna
1543 655 53 29 må
1624 656 46 28 ut-

170 706 159 42 bildning
347 717 39 20 av
405 706 114 41 längre
539 706 211 40 varaktighet
769 707 42 29 än
831 707 47 29 ett
897 707 37 29 år
953 705 72 31 icke
1044 705 242 40 ifrågakomma
1305 707 80 28 utan
1405 704 125 41 Kungl.
1551 703 119 42 Maj:ts

170 756 222 42 medgivande
411 758 11 30 i
441 757 92 40 varje
553 756 136 32 särskilt
709 756 68 31 fall.
807 756 68 32 Det
893 756 61 30 har
973 758 95 38 synts
1088 755 373 41 departementschefen
1479 755 82 30 böra
1581 756 90 29 över-

173 809 109 39 vägas,
304 807 169 31 huruvida
495 807 71 32 icke
589 809 84 29 även
696 807 99 31 dessa
819 806 113 41 frågor
954 806 82 30 böra
1059 807 140 39 avgöras
1223 816 40 20 av
1286 805 385 31 arbetsmarknadskom-

171 858 196 31 missionen.

224 961 177 33 Utskottet
425 960 188 42 tillstyrker
636 961 126 41 Kungl.
789 960 119 41 Maj:ts
935 960 127 41 förslag
1087 960 62 30 och
1174 960 195 30 hemställer
1394 959 108 37 alltså,

466 1040 49 28 att
541 1038 180 40 riksdagen
747 1039 53 29 må
826 1037 53 31 till
910 1035 222 41 Omskolning
1158 1047 40 20 av
1225 1036 12 31 i
1263 1033 234 42 militärtjänst
1523 1035 149 30 skadade

425 1088 52 31 för
512 1087 202 41 budgetåret
750 1087 136 31 1947/48
923 1087 116 31 anvisa
1076 1089 48 29 ett
1161 1086 266 41 förslagsanslag
1463 1097 39 19 av
1538 1086 135 30 500000

423 1139 132 30 kronor.

226 1197 197 32 Stockholm
443 1197 65 31 den
531 1198 35 30 17
587 1197 73 41 juni
682 1197 89 31 1947.

668 1281 50 30 På
741 1279 273 32 statsutskottets
1039 1281 135 39 vägnar:

716 1364 31 31 J.
772 1364 37 30 B.
835 1363 291 32 JOHANSSON.

229 1579 64 31 Vid
319 1578 216 40 förestående
562 1577 143 31 ärendes
732 1577 281 40 slutbehandling
1039 1577 92 30 inom
1158 1577 166 30 utskottet
1351 1577 85 30 hava
1463 1576 158 31 närvarit:

226 1630 74 30 från
323 1630 135 30 första
480 1629 203 30 kammaren:
707 1628 116 30 herrar
845 1627 112 31 Johan
980 1627 177 31 Bernhard
1180 1626 206 37 Johansson,
1411 1626 104 31 Oscar
1537 1625 137 37 Olsson,

173 1672 169 37 Gränebo,
372 1671 84 31 Karl
485 1671 209 37 Andersson,
724 1670 148 37 Andrén,
903 1669 126 31 Gustaf
1056 1668 179 38 Karlsson,
1265 1669 140 37 Boman,
1436 1668 125 32 Gustaf
1589 1668 87 30 Iwar

172 1714 189 37 Anderson,
382 1713 208 41 Rosenberg,
612 1713 131 31 Gustav
765 1713 91 30 Emil
876 1712 208 37 Andersson,
1106 1711 185 41 Lundgren
1312 1711 62 31 och
1395 1711 117 31 fröken
1534 1710 140 37 Osvald;

173 1759 87 28 samt

227 1816 74 30 från
317 1826 47 20 an
404 1826 40 20 dra
459 1815 203 30 kammaren:
679 1815 115 30 herrar
810 1814 167 30 Eriksson
993 1814 10 30 i
1022 1813 207 38 Stockholm,
1246 1813 206 40 Bergström,
1469 1812 103 37 Falla,
1590 1812 86 30 Mår-

173 1859 151 36 tensson,
350 1857 194 38 Lindholm,
570 1856 207 37 Åkerström,
803 1856 223 36 Holmström,
1052 1855 119 40 Onsjö,
1197 1855 166 40 'Thapper,
1389 1855 147 30 Persson
1561 1855 11 29 1
1598 1854 78 31 Vin-

173 1899 91 40 berg,
287 1900 148 30 Persson
457 1900 10 30 i
493 1898 177 41 Svensköp
693 1899 62 30 och
778 1898 196 31 Johansson
998 1898 10 30 i
1030 1897 168 40 Mysinge.

777 2121 292 32 Reservationer:

228 2183 56 29 vid
300 2182 147 39 punkten
465 2185 71 34 2:0)
557 2180 151 37 (Ändrad
724 2179 232 41 organisation
972 2190 39 18 av
1027 2178 373 40 infanteriregementes
1416 2176 104 31 stabs-
1536 2176 61 31 och
1615 2177 62 29 för-

179 2231 277 40 valtningstjänst
480 2232 8 29 i
514 2231 85 40 fred)
628 2242 39 19 av
692 2231 114 30 herrar
830 2231 185 38 Lundgren
1040 2230 61 30 och
1127 2228 221 39 Holmström,
1372 2228 89 30 vilka
1485 2230 119 34 ansett,
1630 2230 48 28 att

176 2282 166 31 utskottet
363 2282 77 31 bort
460 2281 154 40 avstyrka
639 2281 158 29 fortsatta
818 2279 221 39 utredningar
1058 2278 174 41 angående
1253 2277 239 31 bibehållande
1513 2288 39 19 av
1573 2277 105 30 stabs-

176 2332 290 39 chefsbefattning
491 2332 53 29 vid
572 2331 354 38 infanteriregemente
952 2329 61 30 och
1038 2331 49 29 att
1112 2329 100 30 alltså
1237 2328 57 30 det
1319 2328 114 40 stycke
1458 2328 10 29 i
1494 2327 184 30 utskottets

179 2382 171 30 utlåtande
375 2385 18 28 å
417 2394 23 19 s.
469 2383 36 29 15
530 2383 59 30 och
618 2383 47 35 16,
690 2393 71 19 som
786 2381 115 41 börjar
924 2381 73 30 med
1025 2380 102 31 orden
1156 2379 136 39 »Enligt
1316 2378 362 40 organisationsnämn-

178 2432 102 30 dens»
302 2433 59 30 och
382 2433 105 29 slutar
505 2432 72 30 med
598 2432 103 30 orden
724 2431 127 30 »denna
872 2432 122 37 fråga»,
1013 2430 76 30 bort
1107 2430 83 30 hava
1212 2430 149 40 följande
1380 2429 140 40 lydelse:

1729 964 134 25 Utskottet.
