1890 2790
268 135 39 31 70
719 140 263 30 Statsutskottets
1005 142 167 29 utlåtande
1195 151 38 19 nr
1251 143 68 28 187.

270 211 16 30 1
309 210 63 41 juli
396 212 79 31 1947
499 213 160 32 anställas
683 225 41 20 en
747 214 204 41 tjänsteman
974 213 76 34 med
1072 215 125 33 arvode
1219 217 234 32 motsvarande
1477 217 160 41 avlöning
1659 216 107 41 enligt

269 260 100 41 högst
400 261 162 42 lönegrad
593 263 114 32 Eo18.
750 264 19 31 I
799 264 215 43 vederbörlig
1045 266 374 42 personalförteckning
1451 267 54 31 för
1536 267 227 31 innevarande

268 311 166 41 budgetår
457 312 62 32 har
542 313 112 32 vidare
679 314 223 39 föreskrivits,
928 318 49 29 att
1001 318 92 30 extra
1118 316 169 32 ordinarie
1312 317 230 42 befattningar
1566 317 57 31 vid
1647 318 118 41 ifråga-

269 362 143 32 varande
435 362 269 34 kameralkontor
725 365 57 31 vid
805 365 268 42 uppkommande
1095 367 152 41 ledighet
1268 367 72 32 icke
1362 370 53 29 må
1437 368 224 31 återbesättas
1684 370 81 29 utan

268 411 124 43 Kungl.
417 412 118 42 Maj:ts
559 414 229 42 medgivande.

320 463 382 42 Departementschefen
727 466 60 31 har
811 469 110 29 ansett
947 467 56 32 det
1027 467 209 33 fortfarande
1261 468 71 32 icke
1357 480 77 20 vara
1459 470 132 41 möjligt
1616 472 49 30 att
1689 472 77 39 taga

268 514 118 42 slutlig
404 515 164 42 ställning
588 516 11 31 i
620 516 110 32 denna
750 517 354 42 organisationsfråga.
1126 519 163 32 Rådande
1311 519 87 32 brist
1418 522 43 39 på
1482 520 283 32 marinintenden-

268 565 235 32 turofficerare
516 567 60 31 har
590 567 189 32 emellertid
791 570 98 39 synts
902 569 279 42 nödvändiggöra
1196 570 143 41 förnyad
1354 571 224 41 omprövning
1592 581 40 20 av
1647 571 118 41 frågan

268 626 53 20 om
340 616 359 43 anställningsformen
720 618 54 31 för
794 619 158 33 cheferna
972 620 53 32 för
1044 619 322 33 kameralkontoren.
1390 621 375 41 Organisationsnämn-

268 666 64 31 den
355 666 61 33 har
439 666 151 34 förordat
612 668 287 33 underofficerare
923 670 10 31 i
956 669 161 43 lönegrad
1141 670 97 32 UO3
1261 673 110 29 såsom
1394 671 224 38 kassachefer,
1643 672 122 31 medan

267 716 332 44 civilförvaltningen
634 721 112 30 ansett
781 720 98 32 civila
915 720 169 32 ordinarie
1120 721 204 42 tjänstemän
1348 722 11 31 i
1384 723 40 30 24
1449 723 205 41 lönegraden
1679 726 86 28 mest

268 768 162 42 lämpade.
470 769 382 42 Departementschefen
879 771 61 31 har
967 772 52 31 för
1047 772 53 31 sin
1128 773 54 30 del
1211 775 112 29 ansett
1349 773 335 42 arbetsuppgifterna
1712 774 54 31 för

267 819 256 42 ifrågavarande
552 821 113 32 chefer
694 827 87 28 samt
810 822 63 32 den
903 822 192 33 nuvarande
1124 823 132 32 bristen
1285 826 43 39 på
1355 824 317 32 kassörsutbildade
1702 825 63 31 för-

267 870 126 32 valtare
412 872 68 31 tala
498 872 53 31 för
568 874 49 30 att
635 872 100 32 civila
753 873 204 41 tjänstemän
976 873 151 42 placeras
1146 876 43 40 på
1209 875 98 31 dessa
1327 877 124 39 poster.
1482 876 53 31 En
1554 876 211 42 inplacering

268 932 39 20 av
334 922 100 31 dessa
460 922 203 41 tjänstemän
688 943 43 3 —
757 935 71 20 som
854 924 84 31 böra
963 924 183 32 benämnas
1174 925 187 32 kamrerare
1386 946 43 3 —
1454 927 10 30 i
1491 927 39 30 22
1557 927 207 41 lönegraden

264 972 61 32 har
345 975 97 39 synts
463 972 53 32 till
537 973 124 41 fyllest.
683 973 281 42 Befattningarna
985 974 153 38 föreslås,
1159 975 11 30 i
1191 974 145 32 avbidan
1356 977 43 40 på
1419 975 133 42 slutligt
1572 975 192 42 ställnings-

267 1023 143 41 tagande
436 1025 11 30 i
474 1024 378 42 organisationsfrågan,
880 1026 94 31 skola
1000 1026 142 32 inrättas
1169 1038 72 20 som
1268 1029 91 30 extra
1386 1028 179 31 ordinarie.
1603 1028 161 42 Departe-

266 1074 233 32 mentschefen
520 1075 119 32 räknar
659 1076 101 31 alltså
780 1077 77 31 med
878 1079 48 29 att
949 1077 73 31 från
1045 1077 62 32 och
1128 1078 77 31 med
1226 1080 97 29 nästa
1344 1078 166 42 budgetår
1530 1079 57 31 vid
1609 1079 156 32 vartdera

267 1135 39 21 av
344 1126 206 32 ÖOstkustens
587 1127 61 31 och
686 1127 214 41 Sydkustens
938 1128 246 32 marindistrikt
1221 1129 201 32 tillkommer
1449 1130 16 30 1
1492 1129 194 43 befattning
1712 1131 53 31 för

266 1176 187 32 kamrerare
478 1178 11 30 i
514 1177 89 31 MEo
616 1178 49 30 22.

318 1228 75 31 Vad
415 1228 306 41 personalbehovet
744 1229 10 31 i
778 1230 109 41 övrigt
910 1229 164 32 beträffar
1096 1231 60 31 har
1180 1231 65 38 det,
1271 1232 41 30 då
1334 1232 60 32 här
1417 1234 35 28 är
1476 1232 92 41 fråga
1593 1243 53 20 om
1670 1235 93 29 extra

264 1279 168 31 ordinarie
455 1279 157 42 personal
634 1280 11 31 i
667 1279 92 42 lägre
782 1280 208 41 lönegrader,
1015 1282 96 39 synts
1134 1281 374 41 departementschefen
1531 1282 34 31 få
1586 1282 178 31 ankomma

266 1331 43 39 på
329 1328 127 43 Kungl.
479 1329 100 43 Maj:t
600 1333 49 29 att
671 1331 85 32 fatta
778 1331 113 32 beslut
912 1332 213 32 härutinnan.
1160 1333 203 31 Nuvarande
1386 1336 93 29 extra
1502 1334 169 31 ordinarie
1694 1345 70 31 per-

266 1380 95 31 sonal
380 1380 64 32 bör
463 1380 35 32 få
516 1381 134 32 kvarstå
669 1382 11 30 i
700 1381 234 33 innehavande
954 1383 240 42 befattningar,
1214 1395 76 20 men
1310 1384 56 31 vid
1387 1385 192 41 uppkomna
1599 1385 165 32 vakanser

265 1430 83 33 böra
369 1430 231 43 befattningar
623 1432 34 32 få
678 1432 210 42 nytillsättas
911 1434 120 31 endast
1053 1434 93 31 inom
1169 1435 65 31 den
1256 1446 65 30 nya
1344 1436 283 40 personalramen.
1662 1436 100 32 Kost-

265 1481 149 32 naderna
434 1482 54 31 för
508 1482 255 42 ifrågavarande
785 1485 158 40 personal
964 1485 43 31 ha
1027 1483 182 34 beräknats
1231 1485 53 32 till
1306 1485 196 32 oförändrat
1523 1486 135 42 belopp.

317 1532 18 31 I
355 1532 185 43 anledning
560 1544 40 21 av
619 1533 130 42 förslag
768 1545 40 21 av
828 1534 120 32 chefen
969 1535 54 31 för
1042 1535 152 32 marinen
1214 1536 61 31 har
1294 1536 333 43 civilförvaltningen
1647 1538 115 31 vidare

267 1582 151 33 förordat
446 1583 191 33 inrättande
667 1595 41 21 av
737 1584 92 33 vissa
856 1587 151 30 närmare
1037 1586 146 42 angivna
1212 1588 91 30 extra
1333 1587 169 32 ordinarie
1531 1588 233 42 befattningar

266 1633 56 32 vid
358 1634 421 33 Norrlandskustens
818 1636 61 31 och
917 1636 259 32 Ostkustens
1214 1636 326 34 marindistrikt.
1578 1638 81 33 Med
1685 1639 78 32 hän-

266 1695 62 31 syn
365 1685 107 31 bland
509 1688 100 29 annat
647 1686 53 31 till
739 1687 173 41 pågående
952 1687 545 43 organisationsundersökningar
1523 1689 62 32 har
1613 1690 150 42 departe-

265 1736 233 31 mentschefen
523 1736 71 32 icke
619 1739 112 30 ansett
756 1737 53 42 sig
831 1737 129 32 beredd
985 1740 49 29 att
1057 1750 46 19 nu
1129 1740 78 40 taga
1231 1739 162 42 ställning
1417 1740 53 31 till
1496 1751 52 20 om
1574 1740 62 32 och
1661 1741 11 30 i
1698 1741 64 31 vad

264 1787 76 30 mån
362 1786 166 42 utökning
549 1798 40 20 av
610 1787 65 32 den
698 1790 92 29 extra
813 1788 168 32 ordinarie
1003 1789 204 41 personalen
1228 1790 56 31 vid
1304 1791 292 31 marindistrikten
1618 1791 64 32 bör
1703 1792 58 31 ske

265 1837 74 31 från
360 1837 62 32 och
442 1838 77 31 med
538 1839 97 31 nästa
654 1838 176 42 budgetår.
862 1839 51 31 Av
935 1850 126 21 samma
1081 1840 73 31 skäl
1175 1840 61 33 har
1256 1841 373 41 departementschefen
1649 1845 113 29 ansett

265 1887 52 42 sig
339 1886 72 33 icke
435 1887 113 33 kunna
571 1888 170 42 tillstyrka
765 1891 47 29 ett
835 1900 40 20 av
898 1889 332 43 civilförvaltningen
1255 1891 156 42 framlagt
1434 1892 129 42 förslag
1585 1903 54 21 om
1661 1893 100 32 inrät-

263 1938 101 32 tande
401 1949 41 20 av
478 1950 41 20 en
556 1939 168 32 ordinarie
762 1940 508 43 expeditionsvaktsbefattning
1306 1941 57 32 vid
1388 1943 228 32 Västkustens
1643 1944 118 31 marin-

266 1989 145 32 distrikt.
451 1990 69 32 Det
546 1990 60 31 har
633 1992 96 39 synts
758 1990 34 31 få
819 1991 175 31 ankomma
1021 1994 43 39 på
1091 1992 126 41 Kungl.
1247 1991 99 43 Maj:t
1374 1994 50 30 att
1451 1994 86 31 efter
1564 1995 197 41 ytterligare

264 2040 256 41 överväganden
541 2040 154 32 meddela
716 2040 254 32 bestämmelser
990 2053 54 20 om
1066 2042 64 31 den
1154 2045 93 29 extra
1268 2043 169 33 ordinarie
1459 2045 211 40 personalen.
1692 2046 68 31 Vid

265 2089 288 43 uppskattningen
574 2102 40 20 av
633 2090 276 34 medelsbehovet
930 2093 53 30 för
1003 2094 97 30 nästa
1120 2093 167 41 budgetår
1306 2094 61 31 har
1387 2095 373 41 departementschefen

263 2140 118 32 räknat
421 2142 78 31 med
541 2152 39 21 av
621 2140 332 44 civilförvaltningen
996 2143 144 41 angivna
1183 2146 93 29 extra
1318 2145 169 32 ordinarie
1529 2146 231 43 befattningar

268 2193 106 41 (prop.
400 2204 24 19 s.
451 2192 60 32 175
534 2192 61 32 och
620 2192 85 41 176).

263 2277 86 32 Vissa
370 2277 351 43 utbildningsanstalter.

314 2336 384 41 Departementschefen
731 2338 62 32 har
825 2339 184 41 föreslagit,
1034 2342 49 29 att
1116 2342 19 29 å
1167 2341 418 42 personalförteckningen
1608 2342 54 32 för
1684 2342 76 41 sjö-

262 2386 357 43 krigshögskolan
642 2389 163 42 uppföras
828 2390 19 30 2
870 2391 93 30 extra
985 2390 169 32 ordinarie
1177 2391 230 42 befattningar
1430 2393 53 30 för
1504 2393 150 31 kontors-
1678 2393 82 31 eller

263 2437 258 34 skrivbiträden.
