1917 2821
442 142 405 38 Bevillningsutskottets
864 142 218 29 betänkande
1096 150 43 20 nr
1153 142 41 29 46
1208 142 40 28 år
1263 141 83 29 1970
1615 144 18 29 3

309 223 224 32 (Nuvarande
551 222 146 40 lydelse)

148 287 158 29 närmast
331 286 74 39 före
431 286 240 39 nyssnämnda
699 285 164 40 tidpunkt

149 331 198 39 fastställda
376 331 151 30 värdena
554 331 19 29 å
601 331 93 29 olika
721 331 73 39 slag
821 340 42 20 av

150 376 83 39 djur
249 376 200 39 understiga
465 376 245 30 motsvarande
725 385 139 29 genom-

150 421 219 39 snittspriser
382 421 20 29 å
416 421 101 29 dessa
532 420 168 40 djurslag.

1087 222 224 39 (Föreslagen
1329 222 145 39 lydelse)

920 286 282 39 hetstaxeringen
1228 285 113 30 åsatta
1366 285 269 37 jordbruksvär-

922 331 66 34 det,
1008 330 357 40 skogsmarksvärdet,
1383 331 120 29 värdet
1521 339 41 21 av
1579 331 55 28 öv-

922 376 51 39 rig
989 376 102 29 mark
1106 376 65 29 och
1185 376 121 29 värdet
1322 385 41 20 av
1379 375 174 30 särskilda
1568 375 66 30 till-

918 420 139 40 gångar,
1072 420 155 30 minskat
1241 421 78 29 med
1335 420 126 39 skäligt
1474 420 106 30 värde
1594 429 41 20 av

922 474 97 21 mera
1039 465 196 39 betydande
1257 464 291 40 naturtillgångar
1571 464 65 31 och

923 510 173 30 särskilda
1117 509 187 30 förmåner.
1327 510 309 39 Skogsmarksvär-

922 555 56 29 det
999 555 167 29 inräknas
1188 555 89 29 dock
1296 555 79 29 med
1395 555 101 39 högst
1517 555 39 30 25
1572 554 62 30 000

922 600 140 29 kronor.
1081 600 71 29 Har
1171 600 369 29 riksskattenämnden
1558 600 77 29 icke

921 644 167 29 fastställt
1115 644 104 29 värde
1247 644 20 29 å
1293 643 177 40 stamdjur
1501 643 133 35 (såsom

923 689 10 29 i
950 688 99 40 fråga
1069 698 54 20 om
1143 688 188 40 dyrbarare
1350 688 211 40 avelsdjur),
1580 689 56 30 be-

923 734 165 30 stämmes
1116 734 118 30 värdet
1261 733 52 30 till
1341 734 178 30 allmänna
1545 735 91 29 salu-

923 780 129 28 värdel.

196 888 122 29 Denna
335 888 56 39 lag
406 887 118 30 träder
541 888 12 29 i
570 887 96 30 kraft
684 887 67 30 den
771 887 15 29 1
805 887 67 40 juli
892 887 83 30 1970
994 886 64 31 och
1076 887 177 39 tillämpas
1271 886 223 31 beträffande
1511 887 123 29 räken-

152 932 147 40 skapsår
317 941 75 21 som
408 933 117 39 börjat
542 932 67 30 den
628 933 15 28 1
662 932 141 39 januari
823 932 83 30 1970
925 932 81 29 eller
1024 940 131 21 senare.
1174 932 49 29 De
1240 940 69 31 nya
1324 931 311 30 bestämmelserna

150 986 56 21 om
224 977 106 29 värde
347 977 20 30 å
385 977 82 39 djur
485 977 176 39 tillämpas
681 977 86 29 även
784 978 11 28 i
814 976 99 40 fråga
931 986 56 20 om
1006 976 268 39 räkenskapsår,
1295 985 75 20 som
1388 976 115 39 börjat
1522 976 111 29 under

151 1022 37 30 år
209 1022 92 34 1969,
320 1031 56 21 om
395 1022 66 29 den
480 1022 253 39 skattskyldige
750 1022 76 29 icke
845 1023 116 28 senast
979 1021 66 30 den
1063 1021 39 30 31
1122 1030 95 20 mars
1237 1020 83 30 1970
1337 1021 12 29 i
1368 1021 143 39 avgiven
1530 1021 104 39 själv-

150 1068 219 29 deklaration
395 1068 81 29 eller
500 1068 11 28 i
538 1076 116 20 annan
681 1066 153 39 skriftlig
859 1066 91 30 form
976 1066 173 30 meddelat
1175 1066 382 39 taxeringsmyndighet
1584 1067 49 28 att

150 1113 71 29 han
238 1112 111 30 under
367 1112 38 30 år
425 1112 82 30 1969
525 1112 155 39 övergått
698 1112 81 29 eller
797 1111 122 30 ämnar
938 1111 124 39 övergå
1078 1111 54 30 till
1148 1111 194 39 beräkning
1360 1120 42 20 av
1418 1111 155 29 inkomst
1592 1120 41 20 av

149 1157 360 40 jordbruksfastighet
538 1156 105 40 enligt
670 1156 360 39 bokföringsmässiga
1058 1156 161 39 grunder.
1249 1156 12 28 I
1291 1156 117 39 övriga
1436 1156 62 29 fall
1528 1156 105 39 gäller

151 1203 96 29 äldre
264 1202 263 30 bestämmelser
545 1202 9 29 i
575 1201 99 40 fråga
693 1211 55 20 om
768 1201 258 40 räkenskapsår
1047 1210 73 21 som
1139 1201 116 39 börjat
1275 1201 74 29 före
1369 1201 66 29 den
1457 1201 14 28 1
1493 1201 139 39 januari

153 1248 93 29 1970.

793 1456 40 44 2)
850 1456 144 42 Förslag

870 1524 52 30 till

855 1590 73 43 Lag

423 1675 59 20 om
498 1663 151 42 ändring
664 1663 12 31 i
691 1661 431 43 kommunalskattelagen
1139 1662 120 44 (1928:
1273 1661 85 45 370)

198 1768 211 39 Härigenom
429 1767 195 34 förordnas,
644 1767 50 28 att
712 1766 114 39 punkt
844 1766 18 29 3
882 1775 42 20 av
942 1765 272 39 anvisningarna
1232 1766 53 28 till
1304 1765 39 30 21
1366 1765 15 37 8
1402 1765 65 30 och
1485 1766 114 39 punkt
1620 1766 15 28 1

155 1822 41 20 av
214 1812 272 39 anvisningarna
502 1811 54 29 till
573 1810 39 30 41
644 1810 5 37 8
670 1810 425 39 kommunalskattelagen
1118 1809 212 35 (1928:370)
1353 1810 90 29 skall
1460 1809 46 30 ha
1523 1809 113 30 nedan

154 1857 149 39 angivna
317 1857 139 39 lydelse.

315 1945 224 34 (Nuvarande
556 1944 146 40 lydelse)

1091 1943 224 39 (Föreslagen
1333 1943 145 39 lydelse)

783 2006 231 36 Anvisningar

811 2069 54 30 till
889 2069 39 30 21
957 2068 27 38 8.

199 2126 45 29 3.1
270 2125 121 30 Såsom
404 2125 116 29 intäkt
560 2142 16 3 —
602 2141 29 4 —
656 2141 82 3 ——
765 2141 33 3 —
810 2140 266 5 ——-—
985 2119 32 45 —
1038 2119 41 45 —
1089 2122 39 30 35
1146 2122 27 37 8.

200 2170 115 30 Sådan
330 2169 206 40 gottgörelse
575 2185 18 4 —
621 2186 27 3 —
673 2185 29 4 —
722 2185 35 4 —
780 2185 35 3 —
836 2185 35 3 —
884 2176 42 21 av
937 2166 370 41 jordbruksfastighet.

198 2215 189 30 Redovisar
402 2214 233 39 arbetsgivare
649 2231 43 3 —
704 2231 45 3 —
761 2231 44 2 —
818 2212 224 40 tillämpning
1055 2213 11 28 i
1082 2212 99 39 fråga
1196 2221 56 20 om
1267 2212 369 39 jordbruksfastighet.

198 2260 124 30 Därest
340 2260 156 29 inkomst
536 2276 22 3 —
587 2276 27 3 —
644 2275 27 4 —
698 2275 30 3 —
761 2275 33 3 —
824 2275 30 3 —
884 2275 36 2 —
939 2257 86 29 även
1044 2257 10 29 i
1074 2256 99 40 fråga
1191 2265 57 21 om
1267 2257 369 39 jordbruksfastighet.

200 2306 70 29 Har
286 2304 252 40 skattskyldigs
551 2304 156 29 inkomst
722 2313 41 20 av
775 2303 95 39 jord-

154 2349 280 40 bruksfastighet
480 2349 73 30 året
598 2348 75 30 före
717 2348 153 29 beskatt-

156 2395 179 39 ningsåret
374 2394 189 29 beräknats
603 2393 105 38 enligt
748 2393 122 29 bokfö-

155 2439 252 40 ringsmässiga
430 2438 151 40 grunder
604 2447 80 20 men
708 2438 89 29 skall
819 2437 51 30 in-

189 2506 7 13 1
219 2506 114 23 Senaste
346 2504 103 30 lydelse
464 2503 76 24 1967:
553 2503 58 24 546.

971 2303 71 29 Har
1057 2302 251 39 skattskyldigs
1322 2302 155 29 inkomst
1492 2311 41 20 av
1546 2302 95 39 jord-

927 2346 278 40 bruksfastighet
1250 2346 74 30 året
1369 2346 75 30 före
1487 2347 153 30 beskatt-

928 2392 177 38 ningsåret
1146 2392 188 29 beräknats
1374 2391 105 39 enligt
1519 2392 122 29 bokfö-

928 2436 250 40 ringsmässiga
1201 2436 151 39 grunder
1374 2445 81 21 men
1479 2437 89 29 skall
1590 2437 51 29 in-
