1919 2822
448 150 405 39 Bevillningsutskottets
868 151 220 29 betänkande
1101 159 44 21 nr
1158 151 43 30 46
1214 151 39 29 år
1268 150 84 30 1970
1620 153 19 29 9

199 230 102 30 Flera
325 231 303 30 remissinstanser
653 231 64 30 har
744 231 106 31 också
874 231 78 30 haft
979 231 194 41 erinringar
1200 234 73 28 mot
1300 232 42 30 de
1368 241 48 21 nu
1442 232 199 39 föreslagna

155 285 168 39 reglerna.

200 339 74 29 Den
301 339 107 29 sedan
434 339 38 29 år
501 339 82 30 1968
611 339 188 30 arbetande
824 339 648 40 jordbruksbeskattningskommittén
1497 340 65 30 har
1588 340 53 30 till

157 392 137 40 uppgift
314 394 49 28 att
381 393 45 29 bl.
445 402 30 20 a.
494 393 170 39 överväga
682 393 226 39 obligatorisk
927 393 172 40 övergång
1116 394 53 29 till
1187 394 338 39 bokföringsmässig
1543 395 98 29 redo-

155 446 138 40 visning
313 455 42 21 av
374 447 157 29 inkomst
552 456 42 20 av
613 446 370 41 jordbruksfastighet.
1005 447 52 30 Då
1077 448 210 30 kommittén
1308 448 106 39 enligt
1434 448 207 40 propositio-

155 509 68 20 nen
244 499 65 30 har
331 500 328 40 uppmärksammat
682 501 202 39 problemen
906 501 78 30 med
1007 502 279 30 bestämmandet
1309 511 41 21 av
1371 502 269 40 ingångsvärdet

156 553 54 30 för
229 554 83 39 djur
329 554 59 29 vid
406 554 172 40 övergång
596 555 53 29 till
667 554 360 41 bokföringsmässiga
1046 555 151 40 grunder
1216 556 65 30 och
1299 556 58 30 det
1380 556 6 29 i
1404 556 128 39 många
1551 565 90 21 sam-

155 607 179 39 manhang
351 608 11 28 i
381 608 187 39 riksdagen
587 608 58 29 vid
662 608 212 40 behandling
893 618 42 20 av
953 609 172 30 motioner
1143 610 106 38 yrkas
1269 610 117 38 avslag
1404 610 80 29 med
1501 610 140 29 hänvis-

155 661 85 39 ning
258 661 54 29 till
333 661 178 40 pågående
531 662 238 39 utredningar,
789 662 63 30 bör
873 663 149 39 ändring
1042 663 11 29 i
1074 663 260 30 fastställandet
1356 672 42 21 av
1417 663 223 40 ingångsvär-

156 715 57 30 det
231 715 101 30 anstå
349 715 71 30 tills
438 715 210 31 kommittén
666 716 176 30 avlämnat
861 717 60 29 sitt
939 717 293 30 slutbetänkande
1249 717 65 30 och
1333 727 41 20 en
1394 718 133 29 samlad
1546 718 94 29 över-

157 778 64 29 syn
235 778 42 20 av
290 769 427 40 inkomstbeskattningen
732 779 41 20 av
786 770 173 39 jordbruk
972 771 71 29 kan
1057 771 232 39 genomföras.

806 935 180 33 Utskottet

200 1037 116 39 Enligt
344 1038 159 39 gällande
529 1038 262 30 bestämmelser
820 1039 53 29 får
901 1039 156 30 inkomst
1086 1049 41 20 av
1153 1040 360 39 jordbruksfastighet
1542 1040 97 29 redo-

155 1091 93 28 visas
266 1091 166 39 antingen
452 1091 105 39 enligt
576 1092 333 40 kontantprincipen
929 1093 81 29 eller
1030 1093 106 39 enligt
1156 1093 359 39 bokföringsmässiga
1536 1101 103 31 grun-

156 1144 70 29 der.
250 1144 177 30 Särskilda
450 1145 262 30 bestämmelser
735 1145 64 30 har
822 1146 185 34 utfärdats,
1033 1155 74 21 som
1131 1147 151 38 reglerar
1306 1147 41 29 de
1372 1147 267 38 skattemässiga

154 1198 260 39 verkningarna
433 1198 57 30 vid
510 1199 80 39 byte
610 1208 43 21 av
672 1199 369 40 redovisningsmetod.

200 1252 65 29 Vid
289 1252 172 39 övergång
484 1252 80 30 från
588 1253 280 39 kontantmässig
892 1254 52 29 till
968 1254 338 40 bokföringsmässig
1330 1255 309 29 inkomstredovis-

156 1304 84 40 ning
261 1306 89 29 skall
371 1305 54 30 för
446 1306 57 29 det
523 1306 39 29 år
582 1306 217 40 övergången
820 1307 79 30 sker
921 1316 74 21 som
1017 1307 175 40 avgående
1211 1310 80 37 post
1310 1310 128 38 upptas
1458 1309 120 29 värdet
1599 1318 42 20 av

156 1359 82 40 djur
262 1360 58 29 vid
344 1360 337 40 beskattningsårets
707 1360 138 40 ingång.
873 1362 13 28 I
913 1361 111 30 första
1049 1362 95 29 hand
1173 1362 88 29 skall
1287 1362 269 39 ingångsvärdet
1583 1362 56 30 be-

156 1413 169 29 stämmas
347 1413 54 29 till
424 1414 67 29 den
514 1414 247 39 ursprungliga
785 1415 195 29 kostnaden
1005 1415 54 29 för
1084 1416 278 39 nyuppsättning
1387 1425 42 20 av
1453 1416 92 39 djur.
1571 1416 67 29 Om

156 1467 114 29 denna
293 1467 151 30 kostnad
466 1467 72 30 inte
562 1468 70 29 kan
656 1468 101 34 visas,
784 1468 88 30 skall
896 1468 268 40 ingångsvärdet
1188 1470 213 29 bestämmas
1426 1469 53 30 till
1503 1470 134 39 belopp,

156 1529 75 20 som
251 1520 54 30 för
324 1521 94 29 olika
438 1521 72 39 slag
530 1530 41 20 av
591 1522 81 39 djur
691 1522 11 29 i
724 1522 112 29 skilda
856 1522 267 40 åldersgrupper
1144 1523 131 39 årligen
1296 1523 171 29 fastställs
1489 1532 42 21 av
1551 1523 88 29 riks-

156 1574 303 30 skattenämnden.
482 1575 110 29 Dessa
614 1575 129 29 värden
766 1577 194 28 motsvarar
984 1576 40 29 80
1044 1576 32 33 Z
1104 1586 42 19 av
1169 1576 391 40 genomsnittspriserna
1584 1577 54 29 för

156 1627 102 30 dessa
274 1628 160 39 djurslag
450 1628 42 30 fr.
510 1637 30 21 o.
557 1638 46 20 m.
621 1629 67 29 den
707 1629 15 29 1
742 1630 144 29 oktober
903 1629 73 30 året
994 1629 75 30 före
1085 1630 319 40 beskattningsåret
1421 1633 23 27 t.
1463 1640 29 20 o.
1510 1640 45 20 m.
1574 1631 67 30 den

155 1681 41 29 30
216 1682 194 39 september
428 1682 328 40 beskattningsåret.

199 1735 67 29 För
286 1736 56 29 det
360 1736 284 39 beskattningsår
663 1736 44 30 då
727 1746 41 20 en
787 1737 232 39 jordbrukare
1040 1737 142 39 övergår
1203 1737 79 30 från
1302 1738 337 39 bokföringsmässig

155 1788 53 29 till
226 1789 281 39 kontantmässig
524 1790 381 39 inkomstredovisning
926 1790 88 29 skall
1034 1791 257 29 nettointäkten
1311 1792 86 29 ökas
1417 1792 80 29 med
1517 1793 47 28 ett
1584 1792 56 29 be-

155 1841 81 40 lopp
256 1843 247 29 motsvarande
523 1843 177 29 allmänna
722 1844 197 30 saluvärdet
939 1844 45 39 på
1005 1844 126 40 djuren
1152 1844 58 30 vid
1230 1845 337 39 beskattningsårets
1588 1846 52 29 in-

156 1895 98 40 gång,
281 1896 89 29 dock
394 1896 102 39 högst
521 1897 80 29 med
627 1897 41 30 de
694 1907 42 19 av
761 1897 370 31 riksskattenämnden
1158 1898 199 30 fastställda
1383 1899 163 34 värdena,
1575 1899 64 29 och

154 1949 160 30 minskas
337 1950 79 29 med
439 1950 124 40 belopp
588 1951 245 29 motsvarande
858 1951 56 29 det
937 1951 106 30 värde
1068 1960 74 21 som
1166 1952 11 29 i
1204 1954 136 28 senaste
1364 1952 275 40 balansräkning

154 2003 180 39 upptagits
359 2003 54 30 för
438 2004 135 39 djuren.
599 2004 210 39 Härigenom
836 2005 157 29 kommer
1020 2005 66 30 den
1112 2006 111 29 under
1250 2006 66 29 den
1342 2006 298 39 bokföringsmäs-

156 2057 73 39 siga
247 2057 339 40 redovisningstiden
605 2058 204 39 uppkomna
829 2059 103 29 dolda
950 2068 161 20 reserven
1129 2059 10 30 i
1161 2059 281 40 djurvarulagret
1463 2061 50 28 att
1533 2060 107 30 fram-

155 2112 54 28 tas
231 2110 53 30 till
306 2111 233 40 beskattning.

199 2163 48 30 På
266 2165 170 38 grundval
457 2174 42 20 av
518 2174 42 20 en
579 2165 95 30 inom
695 2166 369 30 riksskattenämnden
1085 2167 189 39 upprättad
1295 2167 234 39 promemoria
1551 2167 88 30 före-

156 2218 69 29 slås
246 2218 11 29 i
278 2219 262 38 propositionen
562 2221 50 27 att
635 2220 233 38 skattskyldig
891 2228 74 21 som
988 2220 143 39 övergår
1153 2221 53 28 till
1228 2221 337 39 bokföringsmässig
1588 2222 52 28 in-

153 2271 344 40 komstredovisning
515 2272 72 30 inte
607 2272 88 30 skall
714 2272 46 30 ha
778 2273 69 29 rätt
866 2273 52 29 till
938 2274 129 38 avdrag
1085 2274 55 29 för
1159 2274 120 29 värdet
1300 2283 42 20 av
1362 2275 109 29 andra
1492 2275 81 39 djur
1595 2275 44 29 än

156 2333 25 21 s.
196 2325 32 29 k.
249 2325 184 36 stamdjur.
453 2326 109 29 Dessa
580 2326 89 29 skall
688 2326 121 29 därvid
826 2344 45 2 ---
888 2335 56 20 om
964 2327 494 39 nyuppsättningskostnaden
1477 2328 72 30 inte
1570 2329 69 28 kan

154 2378 93 29 visas
265 2396 45 3 —
326 2379 11 28 i
356 2379 137 39 princip
512 2380 54 28 tas
585 2388 71 30 upp
676 2380 53 29 till
750 2382 47 27 ett
816 2380 106 29 värde
942 2380 245 30 motsvarande
1208 2381 70 29 fem
1299 2381 214 39 fjärdedelar
1535 2391 42 20 av
1598 2383 41 28 de

153 2432 132 29 värden
311 2441 74 20 som
410 2432 186 30 fastställts
621 2442 41 20 av
687 2433 370 30 riksskattenämnden
1082 2434 157 30 närmast
1266 2434 74 30 före
1367 2435 56 29 det
1450 2435 110 30 första
1586 2436 54 28 rä-

155 2485 272 40 kenskapsårets
450 2486 138 39 ingång.
614 2486 80 30 Som
718 2495 42 21 en
783 2487 90 39 följd
898 2496 41 20 av
963 2489 50 27 att
1036 2487 254 39 ingångsvärde
1313 2488 72 30 inte
1411 2489 89 29 skall
1525 2489 36 29 få
1585 2491 54 27 tas
