2234 2658
688 177 237 43 Lagutskottets
953 177 172 34 Utlåtande
1149 177 64 33 N:o
1240 179 54 31 57.
1770 178 18 31 5

939 315 46 36 10
1017 317 30 43 $.

322 424 20 36 I
385 424 185 48 prislistor,
612 423 195 48 räkningar
845 423 67 36 och
941 423 111 36 andra
1081 422 181 48 skriftliga
1291 422 223 48 handlingar,
1544 422 124 38 hvilka
1696 422 92 49 angå

189 479 44 37 de
262 491 112 31 varor,
403 478 21 36 a
452 477 125 37 hvilka
606 477 317 37 bestämmelserna
950 477 12 35 i
991 477 116 36 denna
1135 476 210 49 förordning
1368 479 62 34 äro
1450 475 223 50 tillämpliga,
1694 476 94 37 skall

190 546 92 36 noga
324 533 163 48 angifvas
530 545 129 23 varans
701 534 92 34 rätta
831 544 118 32 namn,
985 531 67 37 och
1080 530 59 38 må
1167 530 75 37 deri
1271 531 79 36 icke
1378 531 140 48 intagas
1546 531 130 49 origtig
1704 531 84 37 eller

189 586 242 38 vilseledande
459 587 143 49 uppgift
630 599 58 25 om
718 599 128 24 varans
875 585 160 37 innehåll
1064 585 67 38 och
1159 584 256 38 beskaffenhet.

940 723 44 35 11
1019 725 30 42 $.

324 831 248 49 Konstgjorda
613 830 239 49 gödselmedel
894 829 59 37 må
990 830 54 36 till
1083 830 94 36 riket
1204 830 134 36 införas
1368 830 125 36 endast
1521 830 37 35 af
1585 829 206 37 handlande

191 886 81 37 med
314 886 84 36 eller
441 885 205 37 tillverkare
674 886 37 35 af
739 884 124 49 dylika
893 897 112 32 varor,
1034 884 146 37 hvarför
1208 884 248 49 gödselmedel,
1492 896 78 25 som
1603 884 56 36 till
1698 884 93 37 riket

191 940 204 45 ankomma,
439 940 78 37 icke
559 939 60 37 må
660 940 57 36 till
758 944 223 43 mottagaren
1014 939 187 44 utlemnas,
1230 938 80 37 med
1340 938 138 37 mindre
1506 938 115 37 denne
1649 938 142 49 styrker

191 996 53 47 sig
286 1008 85 24 vara
415 993 111 38 sådan
568 993 205 37 handlande
816 993 84 37 eller
941 993 213 37 tillverkare.
1223 992 59 37 Då
1320 992 113 37 sådan
1461 992 79 36 från
1569 992 136 37 utrikes
1735 998 55 31 ort

191 1049 219 37 ankommen
448 1062 86 23 vara
571 1049 38 36 af
637 1053 223 44 mottagaren
889 1048 56 36 till
974 1061 117 23 annan
1122 1048 187 44 utlemnas,
1338 1047 131 48 åligger
1498 1047 68 36 den
1594 1047 94 36 förre
1716 1047 74 36 lika

192 1103 207 49 skyldighet
427 1103 82 36 med
538 1102 137 50 säljare.

943 1211 45 35 12
1021 1213 29 42 8.

326 1319 218 37 Underlåter
573 1319 128 49 säljare
730 1324 52 31 att
810 1319 11 35 i
851 1318 372 37 öfverensstämmelse
1252 1318 81 36 med
1364 1317 244 50 stadgandena
1637 1318 11 36 i
1673 1319 11 35 1
1723 1318 65 37 och

198 1376 19 34 2
264 1379 44 42 $$
352 1374 55 36 till
450 1374 155 48 köparen
650 1373 220 37 öfverlemna
904 1373 250 48 garantibevis,
1184 1372 83 37 eller
1296 1372 219 37 öfverträder
1544 1372 129 49 säljare
1705 1373 86 36 före-

196 1429 151 36 skriften
389 1429 12 35 i
445 1431 21 33 3
512 1431 30 43 $,
585 1428 146 44 straffes,
768 1427 116 37 derest
912 1427 79 36 icke
1018 1427 109 48 högre
1156 1439 129 24 ansvar
1314 1427 88 36 efter
1430 1426 134 37 allmän
1594 1427 58 48 lag
1680 1427 112 49 följer,

195 1483 83 36 med
308 1483 101 36 böter
437 1482 79 36 från
546 1482 66 37 och
641 1482 82 36 med
751 1483 50 36 tio
832 1482 54 36 till
915 1481 67 37 och
1011 1481 81 37 med
1121 1481 193 36 etthundra
1342 1481 141 37 kronor.

941 1618 46 36 12
1019 1620 30 43 6

329 1717 76 46 Äro
448 1726 43 36 de
533 1726 37 36 af
616 1726 154 49 säljaren
807 1725 11 37 i
847 1725 61 37 det
935 1726 11 35 i
989 1726 6 36 1
1030 1729 19 42 $
1079 1725 239 37 omförmälda
1347 1724 137 38 beviset
1511 1725 164 37 lemnade
1703 1738 90 36 upp-

194 1781 156 48 gifterna
391 1780 183 48 angående
616 1780 68 36 den
726 1779 156 37 försålda
924 1792 128 25 varans
1096 1778 246 38 beskaffenhet
1370 1779 161 49 origtiga,
1562 1779 85 37 eller
1675 1780 118 36 öfver-

195 1834 119 37 trädes
359 1834 274 37 bestämmelsen
669 1835 13 35 i
721 1835 46 36 10
799 1837 30 43 8,
858 1833 139 37 straffes
1026 1834 162 49 säljaren,
1218 1833 116 37 derest
1362 1834 29 49 ej
1422 1834 194 48 gerningen
1645 1837 39 33 är
1712 1833 82 37 med

196 1902 129 23 ansvar
367 1889 88 36 efter
496 1888 184 37 allmänna
713 1888 209 48 strafflagen
951 1888 136 48 belagd,
1117 1888 80 36 med
1226 1887 100 37 böter
1355 1887 79 37 från
1463 1888 67 36 och
1558 1887 81 37 med
1668 1888 126 37 femtio

195 1942 55 37 till
279 1942 67 37 och
374 1942 82 37 med
484 1942 192 37 etthundra
704 1941 140 38 kronor.

330 1996 129 38 Såsom
493 1997 129 48 origtig
657 1996 93 37 skall
778 1997 144 48 uppgift
949 1996 80 37 icke
1057 2009 113 32 anses,
1199 1996 117 37 derest
1343 1996 197 38 afvikelsen
1569 1996 79 37 icke
1676 1997 118 36 öfver-

196 2051 108 49 stiger
350 2051 56 37 för
451 2051 73 36 kali
573 2053 53 43 0,5
669 2056 154 44 procent,
865 2051 56 37 för
962 2051 197 48 fosforsyra
1204 2052 54 43 0,5
1296 2056 147 44 procent
1478 2050 68 38 och
1580 2051 55 36 för
1663 2051 132 48 qväfve

198 2107 53 43 0,3
277 2111 155 43 procent.

945 2215 46 35 14
1022 2216 29 43 8.

334 2321 150 37 Allmän
522 2321 166 49 åklagare
724 2321 132 49 åligger
895 2327 53 31 att
985 2321 94 37 åtala
1119 2322 184 37 förseelser
1338 2327 75 31 mot
1440 2322 117 36 denna
1586 2322 208 48 förordning
