2119 2656
1781 201 16 27 [AC]

1804 201 15 25 vt

727 199 219 42 Lagutskottets
972 199 161 31 Utlåtande
1155 198 66 32 N:o
1246 200 52 30 23.

912 652 90 42 N:o
1037 652 85 41 23.

906 828 68 25 Ank.
994 827 43 25 till
1054 827 91 25 Riksd.
1165 827 87 25 kansli
1271 827 48 25 den
1339 827 15 25 5
1373 834 70 17 mars
1462 826 74 26 1887,
1555 826 34 25 kl.
1609 826 14 25 I
1643 833 19 18 e.
1683 834 33 16 m.

412 967 265 48 Laqutskottets
717 966 201 42 utlåtande,
947 967 13 34 i
988 966 194 48 anledning
1223 965 45 48 af
1304 965 102 35 väckt
1442 965 134 35 motion
1610 978 55 22 om
1694 964 124 48 tillägg

610 1035 54 34 till
691 1035 42 34 17
761 1035 82 47 kap.
873 1034 44 36 16
944 1032 26 45 $
998 1033 342 48 rättegångsbalken.

310 1137 71 35 Till
424 1137 273 46 lagutskottets
739 1130 285 53 handläggning
1057 1135 67 34 har
1152 1135 134 34 Andra
1315 1133 223 36 Kammaren
1570 1134 172 41 hänvisat
1771 1146 45 21 en

208 1189 104 35 inom
353 1188 163 35 nämnda
558 1188 191 34 karumare
792 1186 39 36 af
869 1187 87 34 herr
997 1186 43 35 £.
1081 1184 180 49 Nyström
1290 1185 113 35 väckt
1431 1187 144 33 motion
1609 1184 76 44 (n:o
1718 1186 98 42 177),

208 1240 153 35 hvaruti
402 1240 251 45 motionären,
696 1240 121 33 under
858 1237 241 48 åberopande
1142 1236 319 46 hufvudsakligen
1500 1236 40 35 af
1574 1235 97 36 hvad
1706 1235 111 34 han
1795 1231 26 58 i

208 1291 104 35 förut
354 1290 142 47 afgifna
524 1290 188 34 motioner
742 1288 136 43 anfört,
908 1288 169 44 föreslår,
1113 1293 56 30 att
1195 1287 216 47 Riksdagen
1441 1290 117 32 måtte
1586 1288 58 33 för
1672 1286 56 35 sin
1758 1286 60 34 del

208 1342 151 35 besluta
400 1340 165 48 följande
607 1341 137 47 tillägg
785 1340 58 35 till
886 1342 43 33 17
967 1340 85 46 kap.
1087 1341 41 34 16
1160 1336 17 48 $
1206 1338 377 47 rättegångsbalken:
1625 1336 191 41 »Vittnen,

208 1405 82 23 som
332 1393 31 45 ej
407 1392 127 35 kunna
575 1390 138 36 förmås
751 1397 55 29 att
841 1391 145 47 aflägga
1015 1390 56 43 ed,
1101 1390 106 35 skola
1235 1391 10 33 i
1276 1389 119 47 begge
1425 1389 270 35 delomännens
1725 1388 92 34 eller

208 1443 110 36 deras
360 1443 269 35 ombudsmäns
658 1446 160 31 närvaro
849 1443 121 33 denna
997 1440 197 36 försäkran
1224 1439 157 49 afgifva:
1408 1441 64 46 jag
1499 1439 43 35 N.
1571 1439 56 43 N.,
1657 1437 160 49 afgifver

208 1494 156 35 härmed
406 1494 76 34 min
525 1493 223 48 högtidliga,
786 1493 221 47 upprigtiga
1037 1492 70 35 och
1137 1491 242 47 sannfärdiga
1407 1491 209 46 förklaring
1644 1490 69 35 och
1743 1488 74 36 för-

208 1545 148 43 säkran,
386 1550 55 30 att
464 1545 66 46 jag
557 1544 95 35 skall
681 1546 121 33 vittna
831 1543 70 35 och
931 1543 100 47 gifva
1060 1543 59 34 till
1147 1543 123 34 känna
1299 1542 66 35 allt
1386 1542 98 34 hvad
1500 1542 65 47 jag
1584 1548 63 28 vet
1666 1542 10 33 i
1694 1541 123 34 denna

207 1596 66 34 sak
304 1595 118 35 händt
451 1595 69 35 och
551 1600 84 29 sant
663 1597 100 40 vara,
793 1598 39 30 så
861 1600 55 29 att
939 1594 66 46 jag
1034 1594 31 45 ej
1096 1593 244 47 uppsätligen
1369 1594 115 45 något
1504 1591 171 47 förtiger,
1694 1592 123 46 tilläg-

207 1659 67 33 ger
304 1646 92 35 eller
424 1645 230 35 förändrard.

308 1814 16 35 I
340 1813 249 37 förevarande
607 1822 107 27 ämne
731 1814 187 34 vidhåller
934 1814 254 45 lagutskottet
1205 1812 232 36 fortfaraude
1458 1812 71 35 den
1551 1812 163 46 mening,
1735 1824 80 22 som
1835 1849 7 6 .

210 1866 157 35 uttalats
396 1866 10 34 i
436 1865 85 36 dess
554 1866 59 34 till
642 1865 46 35 de
718 1865 95 34 båda
842 1864 250 36 sistförflutna
1121 1872 108 27 årens
1256 1863 197 47 riksdagar
1482 1862 142 48 afgifna
1652 1863 164 34 utlåtan-

210 1917 71 35 den
322 1913 133 48 (1885:
498 1929 59 22 n:o
601 1919 19 33 8
661 1916 71 35 och
765 1918 111 33 1886:
911 1929 60 21 n:o
1003 1913 61 46 19)
1094 1915 10 34 i
1133 1915 204 47 anledning
1365 1913 40 36 af
1430 1915 86 33 herr
1543 1913 197 47 Nyströms
1769 1913 47 35 då

208 1968 136 35 väckta
373 1967 200 35 motioner.
627 1967 157 35 Antalet
813 1966 39 35 af
877 1966 45 35 de
951 1966 78 44 fall,
1059 1966 65 34 der
1152 1973 140 40 vägran
1321 1971 56 29 att
1405 1965 145 47 aflägga
1579 1964 46 35 ed
1654 1970 161 41 egtrum

209 2018 122 36 under
372 2018 241 46 åberopande
650 2017 39 36 af
713 2018 177 46 religiösa
917 2017 305 47 betänkligheter
1254 2016 92 35 eller
1375 2016 120 35 under
1523 2015 211 47 förklaring
1761 2024 56 26 avt

210 2069 96 36 eden
346 2068 58 36 för
445 2069 72 35 den
559 2082 150 35 person,
747 2081 79 22 som
855 2068 121 36 skulle
1006 2069 145 46 aflägga
1180 2068 228 42 densamma,
1437 2067 165 35 saknade
1632 2066 49 35 all
1710 2067 106 46 bety-

210 2121 116 42 delse,
368 2120 67 35 har
478 2120 136 35 hittills
650 2120 97 35 visat
775 2120 57 47 sig
860 2118 269 36 försvinnande
1160 2119 83 35 litet
1271 2120 10 33 i
1310 2117 237 36 förhållande
1577 2118 57 34 till
1663 2117 46 35 de
1737 2116 78 43 fall,

209 2171 69 35 der
317 2171 94 35 eden
453 2178 91 28 utan
588 2171 276 45 invändningar
905 2169 126 36 blifvit
1072 2170 138 46 aflagd;
1248 2169 71 35 och
1356 2169 64 35 det
1449 2176 40 27 är
1519 2167 108 36 äfven
1656 2167 59 35 för
1744 2167 69 35 den

210 2228 97 29 mest
347 2222 223 47 skarpsynte
606 2222 172 47 omöjligt
815 2226 56 30 att
903 2221 85 35 med
1017 2221 176 35 säkerhet
1221 2220 110 35 döma
1360 2232 60 22 om
1450 2219 45 35 de
1524 2219 182 47 verkiiga,
1737 2219 78 34 inre

210 2273 169 35 motiven
406 2272 58 35 för
493 2286 43 21 en
567 2273 220 47 edsvägran.
841 2271 73 35 För
942 2271 233 35 främmande
1204 2270 296 36 trosbekännare
1530 2277 52 36 är,
1611 2273 122 32 såsom
1756 2269 60 34 be-

311 2327 63 26 Bih.
394 2327 44 26 till
455 2327 97 26 Riksd.
573 2328 73 25 Prot.
672 2327 80 26 1887.
792 2326 13 25 7
826 2326 85 26 Saml.
950 2326 34 26 14
1004 2327 81 32 Häft.
1700 2325 16 23 4
