1886 2796
596 133 264 29 Statsutskottets
882 134 166 29 utlåtande
1072 144 38 19 nr
1133 136 28 27 4.
1587 135 37 30 17

126 204 149 32 anställd
309 204 258 42 eldarpersonal
600 206 53 31 för
686 206 156 32 skötseln
876 219 40 20 av
938 209 363 41 värmeanläggningar
1322 209 57 31 vid
1402 209 91 32 vissa
1515 210 112 31 förråd

127 254 45 31 ha
194 254 183 33 beräknats
401 256 198 31 oförändrat
621 257 42 31 45
674 257 62 32 000
758 257 135 32 kronor.

180 304 68 33 Det
281 306 256 41 sammanlagda
567 307 281 32 medelsbehovet
871 308 108 32 under
1001 309 157 41 anslaget
1180 310 112 31 skulle
1314 310 101 31 alltså
1437 312 115 40 uppgå
1573 310 53 31 till

124 355 54 41 (10
189 356 62 32 600
262 357 64 31 000
342 362 30 29 +
390 357 19 31 2
422 357 61 31 500
494 357 64 31 000
575 363 30 29 +
626 357 39 32 75
676 358 64 31 000
756 363 30 30 -t
803 359 41 31 45
856 359 63 32 000
930 359 50 41 =)
995 360 39 31 13
1046 360 62 31 220
1119 360 63 32 000
1197 360 135 32 kronor.
1349 360 277 42 Departements-

125 406 120 32 chefen
268 407 62 31 har
352 407 191 32 emellertid
566 408 121 31 räknat
709 408 78 32 med
810 411 50 30 att
883 411 49 30 ett
954 410 121 41 anslag
1097 422 40 20 av
1162 411 38 31 13
1211 412 137 31 000000
1369 411 126 32 kronor
1516 411 110 32 skulle

124 468 79 20 vara
225 457 208 42 tillräckligt.

178 508 18 31 I
228 508 109 32 likhet
370 509 78 31 med
481 510 65 31 vad
582 520 75 21 som
691 510 106 41 gäller
829 511 53 31 för
914 511 231 32 innevarande
1179 512 169 42 budgetår
1380 513 105 32 borde
1519 514 107 41 enligt

124 558 379 42 departementschefen
537 560 127 41 Kungl.
699 560 98 42 Maj:t
829 563 62 40 äga
924 563 58 36 att,
1017 573 55 20 om
1108 562 185 42 tillgången
1321 565 44 40 på
1387 563 238 42 värnpliktiga,

127 619 74 21 som
234 609 115 32 kunde
383 611 95 40 tagas
512 611 11 30 i
557 611 148 41 anspråk
734 612 54 31 för
814 612 278 42 ekonomitjänst,
1117 613 134 32 komme
1273 615 51 30 att
1346 614 200 41 understiga
1569 614 57 32 det

124 659 63 31 här
212 659 195 32 beräknade
430 661 138 38 antalet,
592 661 157 41 medgiva
772 662 266 32 överskridande
1061 674 42 20 av
1126 663 58 32 det
1206 664 93 31 antal
1321 664 178 38 anställda,
1522 667 105 39 varpå

124 710 411 42 anslagsberäkningarna
557 712 176 41 grundats.

186 794 155 33 Utskottet
363 795 62 31 har
446 796 89 31 intet
558 798 51 29 att
632 796 112 32 erinra
766 800 72 29 mot
861 797 66 32 den
950 798 209 32 verkställda
1181 799 372 43 anslagsberäkningen
1568 800 59 32 lik-

125 855 74 22 som
233 846 30 40 ej
297 845 110 32 heller
436 848 71 30 mot
530 847 65 31 vad
618 847 378 42 departementschefen
1020 848 11 32 i
1055 849 167 32 samband
1245 849 140 32 därmed
1409 850 120 33 anfört.
1568 851 59 32 Ut-

124 895 130 32 skottet
275 896 208 39 hemställer,

445 966 49 30 att
527 965 185 41 riksdagen
746 968 55 29 må
834 966 53 31 till
920 967 135 32 Armén:
1090 967 203 41 Åvlöningar
1327 968 51 32 till
1399 968 65 32 viss
1486 970 141 31 arbetar-

389 1016 150 39 personal
571 1016 54 31 för
657 1015 206 43 budgetåret
897 1017 138 39 1949/50
1067 1017 118 32 anvisa
1218 1020 49 29 ett
1298 1018 267 42 förslagsanslag
1587 1030 40 20 av

396 1066 38 30 13
445 1066 63 31 000
519 1066 64 31 000
605 1066 136 32 kronor.

555 1184 197 43 Avlöningar
774 1194 40 24 m.
840 1194 40 25 m.
903 1186 48 33 till
974 1186 229 42 värnpliktiga.

177 1251 84 42 27:0)
284 1251 125 32 Armén:
440 1253 183 39 Avlöningar
652 1262 37 22 m.
721 1262 36 23 m.
780 1255 45 30 till
849 1255 212 38 värnpliktiga.
1098 1254 127 42 Kungl.
1249 1255 98 41 Maj:t
1369 1254 61 32 har
1451 1255 177 42 föreslagit

125 1301 182 42 riksdagen
341 1302 122 41 (punkt
495 1303 50 38 35,
582 1314 26 21 s.
637 1304 40 31 80
700 1303 64 32 och
788 1303 51 42 81)
862 1306 50 30 att
934 1304 53 32 till
1009 1305 258 41 ifrågavarande
1290 1305 157 32 ändamål
1469 1306 53 31 för
1546 1306 82 32 bud-

125 1354 131 39 getåret
281 1353 137 39 1949/50
440 1353 119 32 anvisa
581 1356 51 29 ett
654 1354 269 42 förslagsanslag
945 1366 39 20 av
1009 1356 39 31 19
1060 1356 137 31 000000
1218 1356 135 32 kronor.

180 1436 126 32 Vidare
340 1441 60 27 har
432 1437 10 31 i
477 1448 43 21 en
554 1438 95 31 inom
684 1438 106 32 andra
822 1439 195 31 kammaren
1052 1450 41 20 av
1123 1440 78 31 herr
1222 1440 168 40 Dahlgren
1412 1451 38 21 m.
1467 1442 39 40 fl.
1530 1441 99 32 väckt

128 1486 130 32 motion
293 1487 57 41 (II:
366 1487 70 41 103)
462 1488 128 41 yrkats,
614 1490 51 30 att
687 1488 184 42 riksdagen
894 1491 105 30 måtte
1021 1489 137 32 besluta
1180 1490 80 41 höja
1282 1490 271 42 dagavlöningen
1576 1492 53 31 för

124 1537 159 41 samtliga
305 1537 192 41 kategorier
518 1538 231 42 värnpliktiga
770 1539 79 32 med
872 1539 41 32 50
935 1541 58 30 öre
1016 1551 62 30 per
1100 1540 75 41 dag.

177 1587 18 31 I
219 1588 93 41 fråga
335 1598 55 21 om
415 1588 41 31 de
488 1588 83 38 skäl,
596 1589 256 32 motionärerna
874 1590 112 32 anfört
1009 1590 54 31 till
1087 1591 78 31 stöd
1188 1591 52 31 för
1263 1591 61 31 sitt
1345 1591 161 42 yrkande,
1530 1592 99 32 torde

125 1638 33 31 få
180 1638 162 32 hänvisas
365 1638 53 31 till
441 1639 187 32 motionen.

178 1714 166 41 Anslaget
367 1716 37 29 är
425 1715 52 31 för
492 1715 233 32 innevarande
741 1716 168 41 budgetår
925 1717 142 41 uppfört
1082 1717 79 31 med
1177 1719 49 30 ett
1241 1717 128 42 belopp
1385 1729 40 20 av
1442 1719 38 31 18
1494 1719 62 31 700
1566 1719 63 31 000

125 1764 134 32 kronor.

188 1840 157 32 Utskottet
367 1840 50 32 får
439 1841 112 31 erinra
574 1852 55 21 om
653 1844 50 29 att
728 1843 81 31 1948
832 1844 55 30 års
910 1843 140 41 riksdag
1072 1843 129 32 fattade
1223 1844 117 31 beslut
1359 1855 55 20 om
1430 1844 144 42 höjning
1589 1856 40 20 av

127 1891 311 41 penningbidraget
470 1891 78 32 med
582 1892 42 31 50
657 1894 58 30 öre
748 1893 53 31 för
835 1893 65 41 dag
921 1894 53 30 för
997 1893 159 41 samtliga
1178 1894 191 41 kategorier
1391 1895 237 41 värnpliktiga.

125 1941 83 31 Med
240 1941 134 41 hänsyn
408 1941 115 31 härtill
558 1942 64 31 och
655 1942 11 31 i
700 1943 165 31 avvaktan
900 1945 44 40 på
977 1944 183 31 resultatet
1182 1955 40 20 av
1246 1945 81 31 1948
1350 1946 54 30 års
1427 1945 201 41 värnplikts-

125 1991 198 32 kommittés
357 1991 117 32 arbete
508 2003 102 21 anser
643 1993 53 41 sig
729 1994 169 31 utskottet
931 1994 73 31 icke
1031 1994 84 31 böra
1137 1995 138 31 förorda
1297 1997 111 39 någon
1430 1996 199 41 ytterligare

125 2041 144 42 höjning
284 2053 40 20 av
340 2042 320 43 penningbidraget.
696 2044 180 32 Utskottet
893 2044 176 42 avstyrker
1085 2044 114 33 därför
1215 2045 57 32 det
1287 2045 12 31 i
1315 2045 174 32 motionen
1506 2046 48 31 II:
1570 2047 59 31 103

124 2092 212 31 framställda
358 2093 166 41 yrkandet
551 2094 129 31 härom.

178 2143 54 30 Då
265 2142 169 32 utskottet
467 2143 74 32 icke
575 2144 61 31 har
669 2146 104 39 något
796 2147 50 29 att
869 2145 111 32 erinra
1002 2148 73 29 mot
1098 2145 66 32 den
1187 2157 40 20 av
1250 2146 377 41 departementschefen

125 2192 208 31 verkställda
353 2193 231 42 beräkningen
601 2205 41 21 av
657 2195 281 32 medelsbehovet
953 2196 111 31 under
1079 2196 163 41 anslaget,
1258 2197 51 30 får
1324 2197 178 37 utskottet,
1519 2197 110 31 under

127 2242 133 31 erinran
284 2254 55 20 om
364 2243 64 31 vad
452 2244 169 31 utskottet
643 2245 11 30 i
678 2245 58 31 det
759 2245 204 41 föregående
987 2245 109 32 under
1120 2246 109 41 punkt
1254 2248 14 29 1
1294 2247 122 36 anfört,
1436 2247 191 37 hemställa,

445 2312 49 29 att
510 2310 183 41 riksdagen
710 2313 63 36 må,
792 2311 77 31 med
883 2311 95 32 bifall
991 2312 53 31 till
1057 2312 127 41 Kungl.
1198 2313 117 41 Maj:ts
1327 2313 127 41 förslag
1466 2315 161 30 ävensom

395 2360 77 31 med
495 2361 117 40 avslag
635 2363 18 28 å
677 2361 216 32 motionerna
917 2363 25 30 1:
959 2363 60 30 194
1035 2362 64 31 och
1116 2362 46 31 II:
1177 2363 70 38 245,
1264 2363 104 32 såvitt
1384 2375 45 19 nu
1446 2366 36 29 är
1497 2363 11 32 i
1525 2364 101 41 fråga,

394 2412 88 29 samt
516 2411 176 31 motionen
726 2411 46 31 II:
789 2412 59 31 103
871 2412 54 31 till
948 2412 139 32 Armén:
1111 2413 204 41 Avlöningar
1336 2424 39 21 m.
1399 2424 39 21 m.
1464 2414 50 31 till
1537 2416 91 30 värn-

124 2489 103 26 2—398
243 2495 26 18 49
315 2488 115 36 Bihang
453 2489 44 28 till
519 2489 170 36 riksdagens
706 2490 147 36 protokoll
878 2491 88 28 1949.
1014 2493 18 24 6
1054 2491 83 28 saml.
1176 2491 45 28 Nr
1243 2493 28 27 4.
