1896 2806
567 155 260 37 Statsutskottets
848 158 159 30 memorial
1030 157 47 29 Nr
1098 159 67 28 125.
1580 155 38 32 138

781 542 60 40 Nr
869 541 84 42 123.

525 703 119 28 Ankom
667 702 47 29 till
736 702 173 33 riksdagens
932 701 96 28 kansli
1050 701 59 28 den
1133 701 38 28 17
1195 700 59 35 maj
1282 701 78 28 1927
1384 700 38 28 kl.
1448 702 17 26 4
1489 710 24 17 e.
1538 710 38 17 m.

337 834 174 33 Memorial
538 833 169 39 angående
736 832 155 39 tillfällig
919 831 279 39 löneförbättring
1226 832 34 31 åt
1287 831 158 32 nordiska
1473 834 142 28 museets

559 882 164 39 personal.

1379 930 75 40 (2:a
1475 930 92 40 avd.)

160 1053 67 32 För
256 1052 185 33 beredande
471 1064 42 20 av
540 1051 160 39 tillfällig
727 1049 282 40 löneförbättring
1040 1050 34 31 åt
1104 1048 157 33 nordiska
1292 1052 141 28 museets
1464 1047 153 38 personal

115 1103 62 33 har
196 1104 104 32 under
323 1103 38 32 de
386 1114 114 21 senare
523 1102 77 32 åren
623 1101 149 33 anvisats
796 1100 105 33 medel
924 1101 19 31 å
968 1103 93 29 extra
1085 1103 78 29 stat.
1210 1098 118 33 Senast
1351 1098 157 33 anvisade
1533 1098 83 31 1926

115 1155 55 31 års
197 1154 139 38 riksdag
360 1153 54 33 för
437 1152 183 33 beredande
645 1164 42 20 av
712 1152 103 32 sådan
839 1151 206 32 löneförmån
1071 1150 103 32 under
1197 1150 90 32 tiden
1314 1151 16 30 1
1356 1149 62 38 juli
1445 1149 171 31 1926—30

115 1205 73 38 juni
212 1205 84 32 1927
322 1205 34 31 åt
379 1203 261 39 ifrågavarande
664 1202 166 39 personal,
854 1202 73 32 med
951 1201 171 39 undantag
1145 1212 42 20 av
1210 1200 94 32 vakt-
1329 1200 59 31 och
1413 1199 203 37 arbetarper-

117 1255 134 32 sonalen
269 1255 57 32 vid
344 1253 356 38 friluftsavdelningen
719 1253 20 32 å
757 1252 161 39 Skansen,
937 1252 54 31 för
1008 1251 198 39 budgetåret
1226 1251 213 31 1926—1927
1458 1253 46 28 ett
1524 1253 92 27 extra

116 1306 120 38 anslag
257 1317 42 20 av
321 1305 117 38 14,975
459 1304 132 39 kronor,
615 1307 49 29 att
686 1303 87 32 efter
794 1302 129 39 Kungl.
946 1302 117 38 Maj:ts
1086 1301 247 32 bestämmande
1353 1301 83 38 utgå
1457 1301 12 30 i
1491 1300 126 31 huvud-

117 1356 111 39 saklig
249 1355 147 39 enlighet
417 1355 73 32 med
510 1355 38 32 de
570 1354 225 39 föreskrifter,
818 1365 68 21 som
908 1352 214 33 beträffande
1145 1351 231 33 motsvarande
1397 1350 220 39 befattnings-

116 1407 124 32 havare
259 1407 89 31 inom
368 1406 61 32 den
448 1405 100 33 civila
570 1404 336 39 statsförvaltningen
926 1403 109 32 kunde
1055 1403 90 31 bliva
1166 1402 155 39 gällande
1342 1402 52 32 för
1415 1405 202 28 motsvaran-

117 1458 39 31 de
176 1457 61 32 tid.

162 1507 18 32 I
198 1507 61 33 den
275 1507 55 32 till
348 1506 179 39 riksdagen
546 1506 61 32 den
624 1507 21 30 4
662 1505 133 38 januari
814 1505 83 32 1927
917 1504 134 32 avlåtna
1069 1503 248 38 propositionen
1335 1502 167 39 angående
1521 1504 96 29 stats-

116 1557 133 33 verkets
270 1557 155 33 tillstånd
447 1557 60 32 och
527 1556 105 32 behov
655 1555 165 33 framlade
843 1555 129 39 Kungl.
995 1554 102 38 Maj:t
1118 1554 104 32 under
1243 1553 133 32 åttonde
1397 1552 220 37 huvudtiteln,

118 1608 149 39 punkten
310 1609 52 38 29,
403 1607 131 39 förslag
572 1607 55 32 till
656 1606 245 39 lönereglering
931 1606 54 32 för
1012 1604 332 39 befattningshavare
1374 1604 56 32 vid
1460 1602 158 33 nordiska

118 1662 136 30 museet.

163 1709 197 38 Riksdagen
387 1709 62 31 har
476 1708 184 32 emellertid
687 1707 74 33 icke
790 1707 113 32 funnit
932 1707 53 38 sig
1013 1718 45 20 nu
1085 1706 80 32 böra
1193 1705 121 32 bifalla
1343 1704 127 39 Kungl.
1500 1704 118 38 Maj:ts

118 1759 222 33 omförmälda
363 1758 130 39 förslag
512 1761 81 29 utan
614 1758 142 38 uppfört
778 1758 39 32 de
837 1760 95 29 extra
954 1756 157 39 anslagen
1134 1756 54 32 till
1210 1755 157 33 nordiska
1388 1759 124 28 museet
1534 1758 86 27 samt

118 1810 56 31 till
193 1809 183 32 beredande
397 1821 42 20 av
458 1808 179 39 tillfälliga
659 1808 199 38 lönetillägg
880 1808 34 31 åt
934 1807 90 32 vissa
1045 1806 228 32 vaktmästare
1295 1818 41 20 m.
1358 1805 38 33 fl.
1417 1806 56 31 vid
1496 1808 124 28 museet

120 1860 73 32 med
211 1871 127 20 samma
353 1859 119 38 belopp
492 1870 69 21 som
580 1858 53 32 för
649 1857 263 39 ifrågavarande
931 1857 154 32 ändamål
1103 1857 83 37 utgå
1205 1856 53 32 för
1276 1856 195 37 budgetåret
1492 1856 129 30 1926—

122 1911 95 31 1927.

164 1960 77 32 Med
268 1960 179 38 anledning
472 1959 105 32 härav
601 1959 104 38 torde,
731 1959 12 31 i
770 1957 326 33 överensstämmelse
1122 1957 73 32 med
1221 1957 61 32 den
1310 1955 214 39 ståndpunkt,
1552 1967 68 20 som

119 2010 13 32 i
150 2010 100 39 fråga
269 2022 52 20 om
339 2009 160 39 tillfällig
517 2009 282 39 löneförbättring
819 2009 34 32 åt
872 2012 142 28 museets
1034 2007 154 39 personal
1208 2007 91 32 förut
1316 2007 139 38 intagits
1476 2017 41 21 av
1537 2006 83 31 riks-

121 2061 117 39 dagen,
263 2060 126 39 jämväl
416 2060 119 39 anslag
558 2060 54 33 till
638 2059 158 40 tillfällig
822 2058 280 39 löneförbättring
1127 2058 81 32 böra
1233 2058 53 32 för
1312 2057 196 38 budgetåret
1536 2057 83 31 1927

119 2113 132 31 —1928
273 2113 84 38 utgå
378 2112 74 32 med
476 2123 124 21 samma
623 2110 119 39 belopp
767 2122 70 20 som
860 2110 148 32 anvisats
1032 2109 53 33 för
1107 2109 196 39 budgetåret
1329 2109 226 31 1926—1927.

166 2162 173 33 Utskottet
363 2161 194 33 hemställer
579 2162 111 38 alltså,

475 2256 51 29 att
547 2252 179 39 riksdagen
748 2253 55 31 må
824 2252 54 32 för
898 2251 182 32 beredande
1102 2263 42 20 av
1164 2250 160 39 tillfällig
1343 2249 279 38 löneförbättring

433 2303 102 33 under
560 2303 91 32 tiden
680 2304 17 31 1
726 2302 62 39 juli
819 2303 173 31 1927—30
1018 2301 73 38 juni
1119 2302 84 31 1928
1232 2301 36 32 åt
1294 2300 156 32 nordiska
1479 2304 141 28 museets

431 2354 165 39 personal,
625 2353 73 33 med
725 2353 173 39 undantag
927 2364 41 21 av
995 2351 95 33 vakt-
1121 2352 60 32 och
1210 2350 325 39 arbetarpersonalen
1564 2350 57 32 vid

433 2404 356 39 friluftsavdelningen
810 2404 19 32 å
852 2403 161 39 Skansen,
1035 2402 54 33 för
1109 2402 198 39 budgetåret
1331 2402 214 32 1927—1928
1568 2412 53 20 an-

433 2456 72 32 visa
523 2459 47 29 ett
587 2458 95 30 extra
698 2454 121 39 anslag
836 2466 42 20 av
899 2455 115 37 14,975
1032 2453 133 39 kronor,
1184 2456 49 29 att
1252 2453 86 32 efter
1357 2452 127 39 Kungl.
1503 2452 118 38 Maj:ts
