1900 2808
245 173 19 31 8
655 177 110 28 Andra
788 177 226 36 lagutskottets
1037 177 166 29 utlåtande
1226 186 38 19 nr
1288 177 50 30 22.

246 249 55 32 till
322 249 227 42 kungörelsen
571 249 65 32 den
659 249 38 32 13
718 249 184 31 november
924 250 89 37 1942,
1035 249 67 32 den
1122 260 73 21 som
1216 250 132 31 ändock
1368 250 136 31 utförde
1526 249 219 43 skogsarbete

249 300 191 42 (huggning
470 300 83 32 eller
583 300 157 41 körning)
778 301 111 31 skulle
912 301 210 41 undantagas
1145 301 75 31 från
1243 301 181 42 uttagning
1445 301 53 32 till
1521 301 225 42 tjänsteplikt,

245 351 117 31 därest
376 351 67 31 han
458 353 43 39 på
516 351 86 31 visst
618 352 69 30 sätt
702 351 140 41 styrkte,
860 353 50 30 att
925 351 67 32 han
1009 351 104 32 redan
1130 352 108 31 utfört
1253 352 178 41 huggning
1446 351 84 33 eller
1545 352 146 42 körning
1707 363 40 21 av

245 401 72 32 viss
341 401 213 42 omfattning.
590 401 141 32 Oavsett
755 412 55 21 om
833 413 86 20 vana
942 402 257 41 skogsarbetare
1223 402 132 32 komme
1380 405 50 29 att
1452 402 154 42 begagna
1630 403 53 41 sig
1707 413 41 21 av

246 452 113 31 denna
381 451 178 42 möjlighet
582 454 51 29 att
655 452 112 41 undgå
791 452 260 41 tjänsteplikten
1075 452 83 32 eller
1182 452 82 38 icke,
1290 452 99 32 stode
1413 452 58 32 det
1493 452 98 39 klart,
1616 455 51 30 att
1690 453 59 32 det

247 504 94 29 stora
359 502 148 32 flertalet
526 513 40 20 av
585 502 41 31 de
645 502 274 42 tjänstepliktiga
937 513 79 21 vore
1036 513 108 21 ovana
1162 503 57 31 vid
1239 503 58 32 det
1316 503 125 38 arbete,
1462 514 73 21 som
1555 503 58 32 det
1632 503 116 32 ålades

247 552 77 31 dem
342 555 50 29 att
409 552 121 31 utföra.
559 552 207 42 Därigenom
784 552 128 33 ökades
930 552 145 42 givetvis
1095 552 114 32 risken
1228 553 54 31 för
1300 553 188 41 olycksfall.
1519 553 103 32 Vissa
1641 553 109 32 risker

247 603 54 31 för
322 605 52 30 att
395 603 41 31 de
458 603 271 41 tjänstepliktiga
751 603 110 31 under
882 603 181 32 utförande
1086 614 41 20 av
1149 603 132 32 arbetet
1304 603 110 32 skulle
1437 604 125 41 ådraga
1585 604 53 41 sig
1661 603 88 42 sjuk-

248 653 119 31 domar
381 654 43 41 på
439 656 102 29 annat
556 655 68 29 sätt
639 655 42 29 än
697 664 122 30 genom
835 652 179 42 olycksfall
1032 653 149 41 förelåge
1198 655 93 30 även.
1320 654 99 31 Efter
1435 654 136 32 erinran
1587 664 55 21 om
1658 656 92 31 inne-

247 703 133 32 börden
397 714 41 21 av
454 703 232 42 stadgandena
703 703 12 31 i
732 703 40 31 22
790 702 21 42 $&
828 703 100 41 lagen
946 714 54 21 om
1018 703 215 41 tjänsteplikt
1252 704 170 38 anfördes,
1442 706 49 30 att
1510 703 168 32 särskilda
1696 704 54 32 be-

246 753 215 32 stämmelser
477 764 54 21 om
548 753 189 42 ersättning
754 754 54 31 för
824 753 234 42 kroppsskada
1076 754 63 31 och
1157 753 168 41 sjukdom,
1344 754 146 41 ådragen
1509 754 109 32 under
1635 754 116 32 arbete

248 804 110 41 enligt
375 803 236 42 kungörelsen,
632 806 117 39 syntes
769 804 232 41 erforderliga.

300 854 128 32 Vidare
446 854 61 31 har
523 855 12 31 i
553 855 249 41 promemorian
822 856 200 36 omnämnts,
1042 856 50 30 att
1111 854 180 42 uttagning
1310 854 54 32 till
1384 854 217 42 tjänsteplikt
1618 854 133 32 komme

248 906 50 30 att
313 906 64 40 äga
390 916 73 20 rum
477 907 102 29 våren
596 905 90 38 1943,
702 905 105 31 sedan
823 905 42 32 de
880 905 272 41 tjänstepliktiga
1167 905 12 31 i
1195 905 165 31 samband
1375 905 76 32 med
1467 905 214 41 inskrivning
1697 905 54 32 till

248 955 422 42 värnpliktstjänstgöring
693 955 216 41 registrerats
933 955 54 32 för
1009 955 224 41 tjänsteplikt.
1272 955 274 42 'Tjänsteplikten
1570 956 62 31 har
1656 955 96 32 emel-

248 1006 104 31 iertid
369 1006 128 31 kunnat
514 1005 165 42 fullgöras
698 1005 159 42 frivilligt
874 1008 12 31 i
904 1006 118 40 förväg
1039 1006 105 31 redan
1162 1005 108 32 under
1288 1006 134 31 vintern
1442 1006 165 31 1942.—43
1626 1017 41 20 av
1685 1005 67 32 den

249 1067 75 20 som
356 1056 116 31 därom
503 1056 122 41 ingivit
657 1056 154 31 anmälan
844 1056 54 31 till
930 1056 253 32 vederbörande
1205 1056 319 32 länsarbetsnämnd
1547 1056 73 32 före
1644 1056 65 32 den
1735 1058 15 29 1

250 1106 135 42 januari
410 1106 87 32 1943.

304 1181 19 31 I
339 1181 94 32 detta
448 1181 242 41 sammanhang
705 1183 53 29 må
774 1181 130 32 lämnas
922 1180 151 42 följande
1096 1180 222 42 uppgifter
1341 1180 178 33 rörande
1543 1180 211 42 frivilligt

250 1231 201 32 anmälda.

304 1281 92 32 Hela
410 1281 126 32 antalet
550 1281 158 42 frivilligt
722 1281 158 31 anmälda
894 1280 158 42 utgjorde
1068 1281 122 38 20,006,
1207 1292 40 20 av
1262 1280 91 32 vilka
1369 1281 112 38 11,885
1497 1281 109 41 själva
1621 1280 134 33 anvisat

250 1332 118 32 arbete
387 1332 53 31 för
457 1332 52 41 sig
526 1331 108 32 under
652 1331 57 32 det
726 1333 50 30 att
793 1331 91 38 8,121
904 1331 119 41 begärt
1040 1331 181 41 anvisning
1238 1342 41 21 av
1297 1331 375 41 arbetsförmedlingen.

304 1382 53 32 De
377 1382 154 32 anmälda
549 1381 175 32 fördelade
744 1381 53 42 sig
816 1383 43 40 på
878 1381 151 41 följande
1049 1381 260 42 yrkesgrupper:

253 1449 168 41 jordbruk
449 1475 200 5 s.ssssssssesses
670 1474 116 5 sersesere
796 1474 18 5 rr
824 1474 47 5 rena
897 1448 92 38 6,800
1025 1448 125 32 handel
1171 1448 63 32 och
1255 1448 201 32 samfärdsel
1480 1474 159 5 ............
1665 1448 93 38 2,948

257 1500 326 41 skogshushållning
609 1496 10 50 =
628 1525 243 5 .ssmsssssseessrss>
899 1499 91 38 1,850
1025 1499 131 40 husligt
1174 1498 116 32 arbete
1313 1524 326 5 ..ssssssmssssersssinrsssa
1698 1498 61 32 164

257 1550 151 32 industri
433 1550 62 32 och
519 1550 165 32 hantverk
712 1575 160 6 ............
899 1550 91 37 7,088
1027 1550 133 31 diverse
1186 1549 140 32 arbeten
1354 1575 285 5 ..............sses0sa
1697 1549 62 32 536

257 1601 125 40 sjöfart
399 1601 62 31 och
478 1600 88 32 fiske
586 1626 285 6 ...................>+
929 1600 62 32 218
1027 1602 81 30 utan
1131 1600 146 31 särskild
1301 1599 196 42 utbildning
1522 1625 117 6 .........
1697 1600 63 31 402

307 1667 20 31 I
361 1667 248 42 promemorian
642 1668 61 31 har
735 1667 116 32 vidare
886 1667 173 42 påpekats,
1094 1669 50 29 att
1167 1667 42 31 de
1232 1666 182 42 viktigaste
1439 1666 318 42 skiljaktigheterna

253 1717 126 32 mellan
405 1718 79 31 1916
508 1719 54 30 års
587 1717 469 42 olycksfallsförsäkringslag
1080 1717 63 32 och
1169 1717 79 32 1927
1274 1719 55 30 års
1354 1717 403 41 militärersättningsför-

254 1768 149 42 ordning
434 1768 142 32 bestode
610 1768 83 37 däri,
727 1770 50 29 att
799 1768 108 41 enligt
929 1767 244 41 förordningen
1196 1778 41 21 en
1260 1767 197 42 vittgående
1480 1767 278 41 ersättningsrätt

254 1818 153 42 förelåge
422 1820 83 30 även
520 1818 216 32 beträffande
752 1818 198 41 sjukdomar
966 1818 63 32 och
1045 1820 49 30 att
1111 1818 273 41 ersättningarna
1400 1818 53 32 till
1470 1817 42 32 de
1529 1817 229 42 värnpliktiga

255 1868 75 32 icke
350 1869 98 31 stode
468 1868 11 31 i
499 1869 145 31 relation
664 1868 54 32 till
738 1868 99 32 deras
857 1868 135 41 vanliga
1012 1868 274 31 arbetsinkomst.

307 1919 77 32 Vad
403 1919 86 31 först
507 1919 145 41 anginge
681 1918 510 42 ersättningsbeloppens
1221 1918 164 32 storlek
1415 1918 220 32 omnämndes
1655 1921 11 31 i
1685 1928 74 32 pro-

255 1969 196 38 memorian,
486 1971 50 29 att
569 1969 58 31 det
649 1969 58 31 vid
731 1969 213 31 tillkomsten
967 1980 40 20 av
1033 1969 79 31 1927
1138 1970 54 30 års
1217 1968 542 42 militärersättningsförordning

255 2019 215 38 framhållits,
502 2022 49 29 att
582 2020 43 31 de
656 2019 246 41 värnpliktigas
923 2019 228 41 ersättningar
1171 2019 73 31 icke
1266 2021 82 29 utan
1369 2019 194 41 betydande
1584 2018 175 42 praktiska

255 2070 212 41 svårigheter
479 2069 113 32 kunde
608 2071 98 39 göras
720 2069 173 32 beroende
908 2080 41 21 av
963 2069 98 32 deras
1078 2069 237 31 förhållanden
1331 2069 11 31 i
1358 2069 58 32 det
1431 2069 100 32 civila
1545 2069 92 32 livet.
1653 2069 106 32 Detta

256 2120 64 32 och
342 2120 105 32 andra
468 2120 72 31 skäl
561 2120 88 32 hade
672 2119 171 38 föranlett,
866 2121 50 30 att
939 2119 65 32 den
1027 2119 106 41 årliga
1156 2119 322 41 arbetsförtjänsten
1501 2120 54 31 för
1578 2119 76 32 dem
1678 2130 81 31 upp-

255 2171 106 41 tagits
379 2170 53 32 till
451 2170 41 32 de
511 2170 92 31 förut
622 2170 211 38 omnämnda,
853 2169 151 32 fixerade
1023 2169 180 41 beloppen.
1223 2168 97 33 Även
1339 2169 217 32 beträffande
1575 2180 46 21 nu
1640 2169 119 41 ifråga-

255 2221 149 31 varande
419 2220 272 42 tjänstepliktiga
705 2219 122 42 gällde,
843 2222 50 29 att
908 2220 41 31 de
965 2220 71 31 ofta
1051 2220 31 40 ej
1100 2220 63 31 alls
1179 2220 83 31 eller
1278 2220 121 31 endast
1414 2220 12 31 i
1441 2220 97 41 ringa
1554 2219 206 41 omfattning

256 2271 129 41 sysslat
404 2271 76 31 med
498 2270 196 32 lönearbete
714 2270 63 32 och
796 2273 51 29 att
866 2281 42 21 en
928 2270 188 40 beräkning
1135 2281 40 20 av
1195 2270 98 32 deras
1314 2270 145 42 tidigare
1480 2270 280 41 arbetsförtjänst

256 2320 118 32 därför
390 2323 106 30 måste
512 2321 92 31 bliva
620 2321 11 31 i
647 2321 68 41 hög
730 2321 83 41 grad
830 2320 164 41 vansklig.
1023 2320 42 41 Ej
1084 2320 108 32 heller
1207 2320 107 32 borde
1332 2320 322 41 arbetsförtjänsten
1672 2320 11 31 i
1701 2319 58 32 det

256 2371 56 31 för
334 2370 77 32 dem
434 2372 105 31 oftast
562 2382 108 20 ovana
693 2371 124 37 arbete,
841 2370 56 32 till
921 2370 105 32 vilket
1049 2371 42 31 de
1116 2370 141 41 uttagits
1282 2370 108 42 enligt
1412 2370 346 42 tjänstepliktslagen,

256 2431 81 21 vara
354 2424 132 29 ensamt
502 2421 277 41 utslagsgivande
797 2421 58 31 vid
873 2421 290 40 ersättningarnas
1181 2420 264 33 bestämmande.
1475 2421 286 41 Ersättningarna

256 2470 109 32 borde
380 2489 43 4 —
439 2471 105 42 enligt
560 2471 249 42 promemorian
825 2490 42 4 —
884 2471 88 41 lägst
989 2473 81 39 utgå
1087 2471 77 32 med
1181 2471 136 41 belopp,
1336 2482 72 21 som
1426 2471 235 42 ungefärligen
1679 2471 81 30 mot-
