1886 2848
294 179 106 27 Första
420 179 183 27 kammarens
622 176 112 34 första
784 173 146 35 tillfälliga
951 173 125 27 utskotts
1097 170 150 29 utlåtande
1267 169 44 29 Nr
1333 169 41 27 13.
1568 166 16 27 3

137 261 150 38 Sveriges
328 257 343 34 socialdemokratiska
711 255 271 32 kvinnoförbund
1015 263 95 21 anser
1131 255 49 28 att
1202 251 121 37 frågan
1345 260 52 21 om
1417 249 103 31 behov
1541 258 40 21 av

93 314 151 39 kvinnlig
262 313 263 37 samhällstjänst
545 312 89 30 inom
655 308 369 37 försvarsberedskapen
1045 305 195 38 tillräckligt
1261 303 321 39 uppmärksammats

96 378 115 29 genom
227 366 222 39 utredningen
467 365 53 30 för
537 363 98 32 social
652 362 190 37 beredskap,
862 361 56 31 det
936 359 187 39 framlagda
1141 358 158 38 förslaget
1318 367 51 21 om
1388 355 193 39 arbetsplikt

96 422 59 31 och
174 431 115 29 genom
306 418 379 37 kvinnoföreningarnas
703 413 376 40 beredskapskommitté.
1120 413 133 37 Frågan
1272 422 52 20 om
1342 410 169 38 hemhjälp
1531 409 52 30 för

98 474 194 32 husmödrar
315 473 60 31 bör
397 472 191 37 visserligen
612 469 135 32 utredas
770 479 73 21 men
869 468 63 31 den
956 468 65 30 kan
1046 466 102 38 enligt
1174 464 197 32 förbundets
1395 463 133 38 mening
1552 463 30 37 ej

97 528 84 32 lösas
198 528 42 38 på
257 528 66 30 sätt
341 527 10 29 i
368 526 166 31 motionen
551 533 99 22 avses.
691 522 149 32 Särskild
858 521 179 38 utredning
1056 531 39 20 av
1112 520 136 31 behovet
1266 519 57 31 vid
1340 517 65 32 den
1424 516 160 39 frivilliga

99 582 118 31 sociala
238 581 111 38 hjälp-
370 580 60 31 och
450 577 371 39 skyddsverksamheten
841 585 97 28 synes
958 574 128 37 onödig.
1130 572 164 38 Slutligen
1317 572 55 30 får
1392 571 122 38 frågan
1534 580 49 21 om

100 633 221 33 anskaffande
340 643 41 21 av
401 631 203 32 arbetskraft
623 630 54 31 till
696 629 197 39 jordbruket
913 629 11 29 i
945 628 105 30 första
1069 627 89 30 hand
1179 636 93 21 anses
1291 635 79 22 vara
1393 628 47 27 ett
1460 624 125 31 arbets-

100 686 333 38 marknadsproblem.
482 684 188 37 Utredning
695 683 116 32 härom
836 682 106 38 pågår
968 681 102 31 redan
1098 681 59 30 och
1183 680 109 37 någon
1318 689 48 27 ny
1392 678 102 31 sådan
1521 678 63 30 kan

101 742 116 31 därför
234 741 68 30 icke
321 739 161 31 förordas.
522 738 73 30 Den
612 741 98 34 nytta
727 736 40 32 de
784 746 89 28 unga
890 735 188 31 kvinnorna
1093 734 113 30 kunna
1224 733 43 30 ha
1285 743 40 20 av
1344 742 40 20 en
1401 731 68 32 tids
1486 731 101 38 prak-

101 796 79 31 tiskt
198 794 109 31 arbete
325 793 43 38 på
384 790 228 39 landsbygden
628 791 66 29 kan
710 790 60 31 nås
787 789 43 38 på
846 788 134 31 enklare
998 788 74 30 sätt.
1112 786 194 31 Förbundet
1324 786 106 31 slutar
1447 784 73 31 med
1539 787 48 28 att

104 848 155 38 avstyrka
279 846 214 31 motionerna.

146 956 15 29 I
183 955 121 31 motion
327 955 58 29 111
408 957 91 34 tages
519 953 82 31 sikte
624 952 42 38 på
688 951 235 31 företrädesvis
946 951 77 37 fyra
1044 950 86 37 slags
1151 948 292 39 tjänsteområden,
1467 947 60 31 där
1550 955 39 21 en

105 1009 141 38 frivillig
265 1007 151 38 kvinnlig
438 1005 261 38 samhällstjänst
719 1005 111 31 kunde
850 1004 46 31 bli
918 1014 40 21 av
978 1002 174 39 betydelse.
1196 1003 102 29 Dessa
1320 1002 58 31 äro
1400 1002 32 37 1)
1460 1001 127 30 försva-

105 1066 60 33 ret,
190 1062 34 37 2)
254 1059 149 32 enskilda
427 1060 82 38 hem,
535 1059 34 37 3)
599 1059 99 30 social
723 1057 206 31 verksamhet
953 1057 61 31 och
1038 1056 34 38 4)
1104 1055 205 39 jordbruket.
1359 1054 16 30 I
1400 1053 123 32 motion
1549 1062 42 21 nr

107 1116 57 30 183
190 1115 102 31 riktas
317 1112 334 39 uppmärksamheten
674 1110 263 38 huvudsakligen
961 1110 43 38 på
1029 1109 63 31 den
1116 1108 118 32 sociala
1259 1108 247 31 verksamheten
1533 1107 59 30 och

107 1167 344 39 semesterproblemet.

149 1223 16 29 I
189 1222 96 38 fråga
305 1232 52 20 om
379 1232 39 21 en
441 1220 142 39 frivillig
604 1220 151 38 kvinnlig
778 1219 278 37 samhällstjänsts
1077 1217 166 39 betydelse
1266 1217 54 31 för
1343 1216 163 32 försvaret
1529 1224 63 22 un-

109 1275 187 38 derstrykes
315 1274 102 31 redan
438 1275 10 30 i
468 1274 124 30 motion
612 1283 41 21 nr
675 1274 67 38 111,
766 1277 48 27 att
835 1272 181 39 problemet
1037 1272 60 30 här
1117 1271 52 31 till
1190 1274 69 27 stor
1281 1269 52 32 del
1354 1271 37 30 är
1412 1274 74 27 rent
1506 1268 88 31 mili-

106 1330 69 30 tärt
192 1329 58 32 och
267 1328 102 31 måste
386 1328 84 31 lösas
487 1326 179 32 oberoende
683 1337 40 21 av
740 1325 304 38 samhällstjänsten
1061 1324 11 30 i
1089 1325 63 30 den
1169 1324 134 39 mening
1320 1323 63 31 den
1400 1324 11 29 i
1429 1322 165 31 motionen

108 1383 127 30 fattats.
281 1382 64 30 Det
370 1382 38 30 är
430 1381 95 31 också
549 1380 177 31 utskottets
749 1379 232 38 uppfattning.
1028 1378 16 30 I
1069 1378 63 31 den
1155 1378 76 30 mån
1254 1377 257 38 medborgarnas
1534 1375 60 31 och

108 1436 43 31 då
174 1436 80 30 även
277 1435 203 30 kvinnornas
501 1434 144 37 tjänster
667 1433 11 30 i
700 1432 154 31 händelse
877 1442 40 21 av
939 1431 83 38 krig,
1046 1431 167 37 krigsfara
1236 1430 80 31 eller
1339 1430 95 37 eljest
1457 1439 41 21 av
1520 1429 75 38 krig

110 1488 195 31 föranledda
325 1486 232 32 förhållanden
578 1486 114 31 kunna
711 1495 81 20 vara
813 1484 172 38 behövliga
1005 1484 59 31 vill
1085 1484 159 31 utskottet
1265 1484 114 31 erinra
1401 1483 122 37 därom,
1546 1485 50 27 att

110 1542 121 38 frågan
252 1551 51 21 om
324 1539 212 40 tjänsteplikt
559 1539 58 30 och
640 1538 136 31 därmed
797 1537 321 38 sammanhängande
1141 1536 159 39 spörsmål
1323 1537 38 30 är
1383 1536 138 31 föremål
1543 1535 54 31 för

109 1594 180 38 utredning
307 1604 40 20 av
366 1592 162 32 särskilda
545 1592 135 38 nyligen
698 1591 183 32 tillkallade
900 1590 205 38 sakkunniga
1124 1590 58 31 och
1201 1593 49 27 att
1269 1590 89 30 inom
1375 1588 222 31 rikskommis-

110 1648 113 31 sionen
249 1646 180 39 utredning
457 1646 104 38 pågår
587 1645 169 38 angående
783 1644 254 38 möjligheterna
1064 1647 50 28 att
1141 1644 42 37 på
1211 1643 85 31 olika
1324 1642 156 32 områden
1509 1642 87 31 inom

110 1700 234 32 samhällslivet
363 1699 97 31 finna
479 1698 185 39 ersättning
682 1699 54 30 för
755 1698 55 31 vid
829 1697 224 39 mobilisering
1070 1697 221 38 uppkommen
1311 1696 130 38 avgång
1460 1696 43 38 på
1522 1705 75 29 per-

111 1753 100 32 sonal.
257 1754 61 31 Att
362 1752 103 31 innan
499 1751 92 32 dessa
613 1751 220 38 utredningar
854 1751 157 31 slutförts
1033 1751 121 38 begära
1176 1749 183 38 utredning
1382 1760 52 20 om
1456 1748 143 39 frivillig

110 1807 153 38 kvinnlig
287 1805 270 38 samhällstjänst,
585 1804 109 32 vilken
720 1804 197 32 åtminstone
944 1802 13 32 i
980 1803 184 39 väsentliga
1188 1804 136 37 stycken
1350 1802 94 32 torde
1470 1803 129 30 komma

113 1864 49 27 att
185 1859 231 32 sammanfalla
440 1859 73 31 med
537 1858 92 31 dessa
653 1858 102 31 redan
779 1856 171 40 pågående
974 1856 226 38 utredningar,
1224 1867 98 27 synes
1344 1856 161 32 utskottet
1529 1855 71 32 icke

114 1913 155 39 påkallat.

155 1967 75 31 Vad
253 1966 149 32 därefter
424 1964 434 39 hemhjälpsverksamheten
883 1963 11 30 i
919 1963 72 32 dess
1015 1963 87 30 olika
1125 1963 122 30 former
1271 1962 168 31 beträffar
1462 1962 60 30 vill
1545 1965 55 27 ut-

114 2020 120 31 skottet
253 2019 179 32 framhålla
451 2021 49 28 att
519 2016 224 32 innevarande
762 2017 134 38 riksdag
915 2016 141 39 tidigare
1076 2016 10 30 i
1106 2016 154 31 skrivelse
1280 2015 53 31 till
1354 2015 122 39 Kungl.
1496 2015 105 38 Maj:t

115 2074 113 37 begärt
256 2071 180 40 utredning
465 2081 51 21 om
544 2070 436 38 hemhjälpverksamhetens
1009 2069 220 38 planmässiga
1259 2068 254 39 organiserande
1542 2068 60 31 och

116 2125 183 39 stödjande.
341 2126 66 30 Det
427 2135 96 28 synes
544 2124 169 39 utskottet,
737 2134 68 20 som
826 2134 51 20 om
899 2123 39 31 de
961 2123 10 30 i
993 2122 217 32 förevarande
1233 2122 160 31 motioner
1417 2122 185 31 framförda

115 2179 206 31 önskemålen
341 2178 124 38 jämväl
484 2178 102 30 måste
605 2178 44 30 bli
670 2176 339 39 uppmärksammade,
1029 2176 57 30 och
1107 2179 49 29 att
1175 2176 143 37 begäran
1338 2186 51 20 om
1408 2175 195 38 ytterligare

116 2231 181 38 utredning
323 2231 118 31 därför
466 2230 69 31 icke
561 2230 59 31 bör
648 2231 102 37 göras.
800 2229 149 31 Särskild
976 2228 179 39 utredning
1182 2229 140 30 rörande
1350 2228 254 38 möjligheterna

117 2285 53 29 för
189 2284 225 37 tjänstgöring
433 2283 56 30 vid
508 2283 64 30 den
591 2282 161 38 frivilliga
772 2282 119 31 sociala
910 2281 111 38 hjälp-
1041 2282 59 30 och
1119 2281 370 38 skyddsverksamheten
1510 2280 94 32 torde

117 2337 69 30 icke
205 2346 80 21 vara
301 2335 160 38 behövlig.
502 2336 15 28 I
535 2335 66 30 viss
619 2335 75 29 mån
714 2335 49 30 lär
782 2335 54 30 väl
855 2336 82 29 även
957 2334 90 30 detta
1066 2334 158 37 spörsmål
1242 2334 130 30 komma
1390 2338 48 27 att
1458 2332 146 32 behand-

119 2390 47 30 las
184 2389 56 31 vid
260 2398 40 21 en
320 2388 181 38 utredning
520 2398 40 20 av
580 2386 417 38 hemhjälpverksamheten
1018 2387 58 30 och
1097 2386 10 30 i
1128 2386 107 38 övrigt
1255 2386 94 31 torde
1370 2386 92 38 dylik
1481 2387 124 36 tjänst-

119 2442 116 38 göring
253 2442 113 30 kunna
385 2440 122 32 ordnas
526 2440 74 31 med
621 2440 93 38 hjälp
735 2450 39 19 av
796 2439 101 31 redan
921 2439 208 38 förefintliga
1148 2439 270 38 organisationer.

1625 945 149 27 Utskottet.
