1925 2825
490 178 312 31 Bankoutskottets
828 180 178 31 utlåtande
1031 189 43 21 nr
1098 181 42 30 35
1164 181 39 31 år
1229 181 84 31 1970
1625 187 19 31 3

814 264 175 31 Utskottet

201 339 79 30 Med
302 340 66 29 den
391 350 48 20 nu
462 340 169 31 bedrivna
654 344 130 28 strama
807 343 296 40 kreditpolitiken,
1127 344 118 31 vilken
1268 345 65 30 har
1357 346 55 30 sin
1437 345 207 41 motivering

157 392 87 31 bl.a.
268 394 10 28 i
302 394 58 30 det
383 394 89 40 höga
496 395 284 31 internationella
803 397 192 41 ränteläget
1019 398 66 30 och
1109 398 309 40 påfrestningarna
1442 400 45 39 på
1511 399 133 31 valuta-

157 456 160 21 reserven
336 457 80 20 men
435 448 107 30 också
559 449 10 29 i
589 449 56 30 det
664 450 184 30 inhemska
867 451 325 41 konjunkturläget,
1212 453 71 30 kan
1302 452 58 30 det
1379 453 71 30 inte
1470 453 174 31 undvikas

158 502 49 28 att
224 501 128 40 många
369 503 10 28 i
397 502 65 30 och
479 502 55 31 för
551 503 51 40 sig
618 503 271 31 välmotiverade
906 505 229 31 kreditbehov
1151 506 72 30 inte
1240 507 72 30 kan
1329 506 211 41 tillgodoses.
1559 508 85 29 Där-

157 555 57 29 vid
241 556 71 29 kan
342 556 214 40 svårigheter
584 558 217 39 uppkomma
830 559 106 30 också
966 558 54 32 för
1050 559 289 42 industriföretag
1370 562 50 29 att
1451 560 194 32 finansiera

157 609 78 29 sina
251 610 188 38 planerade
457 610 262 40 investeringar.
738 612 233 40 Fullmäktige
989 614 12 29 i
1019 613 215 30 riksbanken
1251 615 65 29 har
1334 617 49 27 att
1401 615 59 30 vid
1479 616 166 39 upplägg-

155 662 130 41 ningen
303 672 43 21 av
363 664 288 40 kreditpolitiken
670 665 136 36 beakta,
827 667 51 29 att
898 667 41 29 de
959 675 43 22 av
1022 667 275 31 statsmakterna
1316 667 228 40 prioriterade
1567 669 75 30 sek-

154 718 152 33 torerna,
329 718 113 29 staten
464 718 66 30 och
549 719 350 40 bostadsbyggandet,
922 721 11 29 i
956 719 111 31 första
1088 721 95 30 hand
1205 721 71 30 kan
1298 721 152 32 tillföras
1471 722 172 31 erforder-

157 770 68 40 liga
241 770 164 31 krediter.
423 772 171 30 Ansvaret
611 772 54 30 för
682 773 67 29 den
766 773 148 40 löpande
931 774 266 40 utformningen
1214 784 43 21 av
1272 775 289 40 kreditpolitiken
1578 778 65 29 och

156 824 240 40 avvägningen
419 835 42 20 av
481 826 41 30 de
543 826 95 30 olika
658 827 283 39 kreditpolitiska
961 828 148 35 medlen,
1132 828 185 31 däribland
1339 829 68 30 den
1428 830 11 29 i
1462 830 95 30 detta
1579 830 62 30 fall

155 878 155 30 aktuella
327 879 396 36 emissionskontrollen,
741 880 111 31 måste
870 882 106 39 enligt
994 882 189 31 utskottets
1200 882 228 41 uppfattning
1445 884 198 30 tillkomma

152 931 352 42 bankofullmäktige.
524 933 59 30 Ett
602 934 206 40 ingripande
828 935 80 30 från
927 935 207 40 riksdagens
1156 936 75 30 sida
1251 937 11 29 i
1283 936 114 31 denna
1416 937 224 31 verksamhet

155 985 39 30 så
217 994 75 21 som
313 986 261 31 motionärerna
597 988 146 29 föreslår
766 989 71 29 kan
859 989 170 29 utskottet
1054 990 149 29 sålunda
1226 990 71 29 inte
1320 990 187 40 tillstyrka.

199 1076 176 29 Utskottet
389 1076 203 31 hemställer
606 1076 121 31 därför

463 1150 51 27 att
533 1149 187 39 riksdagen
740 1150 114 29 avslår
874 1151 220 31 motionerna
1114 1153 27 28 I:
1161 1153 83 29 1174
1264 1155 66 29 och
1350 1155 45 29 II:
1414 1155 93 30 1383.

198 1254 201 30 Stockholm
415 1255 67 30 den
497 1256 41 29 28
553 1256 89 39 april
659 1256 82 30 1970

625 1337 48 30 På
697 1337 307 32 bankoutskottets
1019 1341 144 38 vägnar:

734 1418 34 30 C.
793 1419 37 30 G.
856 1419 201 30 REGNÉLL

773 1562 241 30 Närvarande:

194 1620 81 30 från
323 1622 137 30 första
479 1622 222 31 kammaren:
723 1623 122 30 herrar
867 1624 118 31 Ståhle
1010 1625 66 36 (s),
1098 1625 72 31 Åke
1192 1627 152 30 Larsson
1372 1627 64 36 (s),
1460 1627 178 32 Åkerlund

155 1665 84 34 (m),
255 1666 141 29 Lundin
415 1666 65 35 (s),
496 1667 173 30 Mattsson
687 1668 111 40 (cp)”,
815 1668 158 41 Stadling
991 1670 51 35 (s)
1061 1671 66 29 och
1140 1671 161 31 Annerås
1318 1671 93 38 (fp);

195 1727 80 30 från
303 1728 153 31 andra
483 1729 221 31 kammaren:
736 1731 122 30 herrar
886 1732 142 39 Regnéll
1063 1733 84 35 (m),
1178 1734 158 31 Franzén
1364 1736 11 29 i
1406 1736 130 30 Motala
1570 1737 67 34 (s),

149 1772 190 39 Börjesson
357 1773 12 29 i
388 1773 217 40 Glömminge
630 1775 92 40 (cp),
742 1775 152 30 Larsson
914 1778 11 28 i
946 1776 109 31 Umeå
1081 1777 87 40 (fp),
1191 1778 163 40 Haglund
1381 1778 64 37 (s),
1468 1780 168 31 Fridolfs-

151 1825 63 21 son
229 1817 10 29 i
254 1817 142 40 Rödeby
414 1817 51 35 (s)
485 1818 66 31 och
565 1818 198 31 Stridsman
782 1819 90 41 (cp).

186 1909 12 14 x
220 1906 34 32 Ej
269 1907 182 25 närvarande
465 1909 49 23 vid
527 1909 192 30 justeringen.

778 2099 229 32 Reservation

194 2184 42 20 av
261 2175 122 30 herrar
409 2174 181 32 Åkerlund
620 2177 70 34 (m)
721 2177 66 30 och
813 2177 144 40 Regnéll
989 2179 83 35 (m),
1101 2180 96 30 vilka
1224 2182 115 29 ansett
1366 2182 52 29 att
1446 2182 188 30 utskottets

147 2228 163 38 yttrande
324 2229 65 29 och
403 2230 212 29 hemställan
627 2230 78 30 bort
719 2231 47 29 ha
779 2231 158 40 följande
951 2232 145 39 lydelse:

195 2299 197 31 >Utskottet
412 2300 61 30 vill
495 2301 67 30 vad
585 2301 107 40 angår
714 2302 67 30 den
803 2312 43 20 av
867 2303 262 31 motionärerna
1151 2304 258 32 aktualiserade
1433 2305 125 40 frågan
1582 2308 51 28 ut-

148 2353 81 34 tala,
255 2355 50 29 att
329 2354 171 30 utskottet
524 2354 117 31 finner
665 2356 57 30 det
747 2356 180 40 angeläget
951 2357 50 30 att
1027 2358 237 40 näringslivet,
1291 2359 143 31 särskilt
1460 2360 173 40 exportin-

147 2406 150 35 dustrin,
318 2406 55 30 för
393 2407 78 30 sina
490 2408 252 40 investeringar
763 2410 71 30 inte
855 2411 180 39 utestängs
1057 2411 81 30 från
1158 2412 228 40 möjligheten
1409 2415 49 28 att
1479 2413 46 41 på
1544 2414 90 40 jäm-

147 2459 142 31 förbara
311 2460 128 31 villkor
461 2462 221 30 konkurrera
705 2463 80 30 med
810 2464 123 34 staten,
958 2464 325 40 bostadsföretagen
1308 2467 65 29 och
1397 2466 119 40 övriga
1541 2467 92 30 låne-

148 2513 155 31 sökande
316 2523 57 21 om
388 2514 217 42 tillgängliga
618 2516 204 31 lånemedel.
