2242 2638
360 228 117 35 Andra
501 226 256 36 Kammmarens
785 224 180 45 Tillfälliga
994 223 137 36 Utskotts
1156 222 77 42 (N:o
1258 222 34 42 3)
1323 220 169 38 Utlåtande
1515 221 64 36 N:r
1605 225 27 32 .
1784 223 19 34 7

201 322 130 37 andra
373 320 212 45 anstalter,
630 322 47 34 så
720 319 126 36 skulle
889 316 359 49 undersökningen
1292 316 70 37 ske
1396 316 13 36 i
1442 317 112 44 1,816
1586 317 213 45 anstalter,

199 375 138 37 hvilka
374 377 44 34 år
450 376 97 35 1891
579 374 120 48 hyste
730 374 142 43 32,163
902 372 109 48 hjon.
1069 371 87 36 Har
1184 369 260 38 motionären
1474 369 12 36 i
1516 369 73 37 sitt
1617 383 55 23 nu
1700 370 101 46 före-

198 429 193 49 liggande
421 428 152 48 förslag
601 426 221 49 inbegripit
844 425 156 49 jemväl
1030 425 48 36 de
1112 427 46 34 15
1188 424 298 36 barnhemmen
1516 424 77 36 och
1613 423 50 37 de
1685 425 117 44 3,764

199 483 158 38 mindre
400 482 334 48 fattigstugorna,
780 480 126 36 skulle
950 479 79 36 den
1071 478 166 37 komma
1276 480 64 34 att
1368 477 245 37 verkställas
1642 477 13 36 i
1685 479 116 43 5,595

202 537 213 44 anstalter,
456 535 129 49 sagda
617 537 43 34 år
688 533 186 49 hysande
903 534 142 42 43,577
1075 544 206 37 personer.
1340 531 19 36 I
1387 531 111 36 förra
1525 531 115 36 fallet
1668 531 133 37 blefve

204 594 104 42 12,96
347 590 78 37 och
461 589 13 36 i
504 589 69 36 det
602 600 145 25 senare
781 589 108 43 17,56
921 588 173 47 procent
1123 586 45 36 af
1191 585 152 48 hjonen
1371 585 172 36 föremål
1570 584 62 36 för
1659 584 143 37 under-

201 645 241 48 sökningen.
502 641 246 38 Statistiken
790 641 64 36 för
886 642 96 35 1891
1015 640 120 45 visar,
1168 641 64 35 att
1268 638 5 36 i
1302 644 190 31 närmare
1526 639 114 44 1,000
1669 638 133 37 lands-

200 699 241 37 kommuner
484 697 78 36 och
606 694 234 38 äfvenledes
883 694 13 36 i
935 696 131 46 några
1105 693 139 37 städer
1272 693 86 36 helt
1387 693 78 36 och
1493 692 128 36 hållet
1650 692 152 37 saknas

200 753 211 48 fattighus,
441 749 275 49 fattiggårdar
746 749 77 36 och
853 748 224 37 arbetshus.
1134 747 80 36 För
1242 746 286 49 landsbygden
1557 747 148 47 utgöra
1735 746 66 48 dy-

200 807 84 36 lika
324 806 242 36 kommuner
607 816 87 24 mer
725 808 54 31 än
807 803 51 35 40
886 804 174 47 procent
1090 801 44 36 af
1157 801 94 36 hela
1280 800 92 36 dess
1403 799 114 37 antal
1546 799 254 37 kommuner.

203 860 113 37 Skall
346 872 51 24 en
426 856 307 49 undersökning
764 868 77 36 ega
869 868 101 32 rum,
1000 855 69 36 vill
1099 855 70 36 det
1196 854 13 36 i
1238 853 99 49 följd
1365 853 123 37 häraf
1499 865 123 36 synas
1643 852 157 49 nödigt,

203 917 63 34 att
296 914 241 36 densamma
567 911 121 36 äfven
709 910 197 36 omfattar
934 909 295 36 barnhemmen
1259 907 76 37 och
1356 907 168 36 framför
1544 907 73 36 allt
1639 906 48 37 de
1711 920 29 23 s.
1763 907 36 36 k.

201 967 158 37 mindre
388 965 333 49 fattigstugorna,
753 963 99 37 allra
881 963 107 36 helst
1004 974 86 25 som
1107 962 49 37 de
1181 961 12 37 i
1223 961 110 37 dessa
1355 956 270 62 sistnämnda,
1647 966 154 31 smärre

203 1022 78 36 och
323 1032 113 25 mera
471 1018 163 50 spridda
664 1017 201 37 anstalter
893 1016 174 48 intagna
1095 1015 91 36 icke
1215 1015 90 36 lära
1333 1015 41 36 få
1404 1026 121 24 anses
1554 1014 158 36 mindre
1742 1016 59 34 ut-

202 1077 113 35 satta
356 1075 62 35 för
461 1072 136 48 dåliga
641 1071 185 37 sanitära
853 1069 286 38 förhållanden
1170 1075 53 30 än
1253 1068 49 37 de
1332 1067 12 37 i
1375 1070 129 34 större
1535 1068 78 36 och
1643 1070 158 34 centra-

201 1129 86 36 lare
316 1128 179 48 belägna
525 1125 202 37 anstalter
755 1124 192 37 vårdade.

310 1182 133 37 Ofvan
473 1179 173 37 anförda
675 1178 182 37 statistik
885 1176 156 38 utvisar
1069 1175 240 49 visserligen
1339 1188 51 24 en
1418 1174 184 49 betydlig
1623 1175 78 36 och
1722 1177 79 35 sta-

203 1236 87 48 digt
318 1233 243 49 fortgående
590 1231 239 48 utveckling
857 1231 60 37 till
947 1231 70 36 det
1045 1231 136 35 bättre
1213 1230 45 35 af
1281 1229 126 36 rikets
1427 1228 237 48 fattigvård.
1723 1228 79 38 Vid

203 1290 92 35 dess
340 1287 132 37 siffror
501 1287 115 36 såväl
648 1288 23 33 å
702 1285 159 36 antalet
890 1283 391 48 understödstagare
1312 1294 87 25 som
1430 1284 23 34 å
1482 1282 319 36 kommunernas

202 1341 169 49 utgifter
398 1341 62 36 för
487 1338 282 50 fattigvården
800 1344 44 30 är
874 1337 224 38 emellertid
1129 1339 63 34 att
1220 1336 156 45 märka,
1409 1338 63 34 att
1502 1348 51 24 en
1572 1335 91 36 icke
1684 1335 118 48 ringa

203 1396 65 36 del
308 1396 45 35 af
386 1394 209 48 ökningen
623 1394 134 35 måste
788 1391 234 37 tillskrifvas
1052 1390 310 48 fullständigare
1393 1389 78 37 och
1499 1388 301 49 tillförlitligare

202 1447 358 51 primäruppgifter
591 1452 53 31 än
674 1446 60 45 de,
767 1458 86 24 som
882 1444 129 37 under
1039 1444 173 48 tidigare
1232 1445 44 34 år
1297 1445 104 34 stått
1421 1442 61 37 till
1502 1442 112 36 buds.
1671 1443 131 36 Detta

201 1502 236 37 framhålles
466 1500 68 37 vid
568 1500 99 37 flera
696 1499 187 37 tillfällen
912 1498 13 37 i
954 1497 230 37 statistiska
1215 1496 313 49 centralbyråns
1557 1496 246 36 berättelser

202 1556 175 37 rörande
406 1555 318 36 kommunernas
754 1552 225 49 fattigvård
1009 1552 77 36 och
1113 1552 192 35 finanser.
1365 1550 55 37 Så
1450 1549 155 37 erinras
1635 1551 28 34 t.
1696 1562 61 24 ex.
1788 1549 13 36 i

201 1610 254 37 berättelsen
498 1609 61 35 för
604 1610 44 34 år
693 1609 112 43 1879,
851 1609 63 34 att
957 1605 79 37 den
1073 1604 235 49 betydande
1340 1603 207 48 ökningen
1575 1603 94 36 med
1698 1609 104 30 nära

206 1665 141 43 12,000
388 1661 392 47 understödstagare
809 1660 91 36 från
912 1658 264 49 föregående
1209 1660 45 33 år
1281 1657 14 36 i
1323 1657 81 37 viss
1433 1659 99 34 mån
1563 1662 44 30 är
1635 1656 167 36 "endast

203 1717 188 44 skenbar,
423 1717 135 34 såsom
588 1714 285 48 förnämligast
903 1712 202 37 beroende
1136 1712 45 35 af
1203 1710 310 48 fullständigare
1542 1709 205 49 uppgifter
1778 1712 23 33 å

203 1770 161 36 antalet
407 1767 256 37 'tillhörande
698 1766 147 37 barn."
906 1765 214 36 Liknande
1152 1771 44 29 är
1226 1764 129 48 enligt
1382 1763 254 37 berättelsen
1665 1763 62 36 för
1757 1765 45 33 år

207 1825 100 34 1888
349 1821 275 37 förhållandet
652 1820 94 36 med
776 1820 79 36 den
885 1819 53 36 då
966 1817 220 37 inträffade
1217 1817 208 48 ökningen
1456 1817 45 35 af
1524 1822 103 30 nära
1660 1817 141 44 12,000

201 1875 404 48 understödstagare,
645 1873 12 37 1
699 1876 46 45 ty
789 1875 63 35 att
894 1873 136 36 denna
1072 1871 144 37 "delvis
1260 1872 119 35 beror
1406 1872 55 47 på
1489 1869 311 48 fullständigare

201 1929 205 49 uppgifter
435 1941 66 24 om
531 1928 49 36 de
611 1927 185 37 enskilda
824 1925 524 49 fattigvårdssamhällenas
1377 1923 422 48 understödstagare”,

202 1996 140 23 vunna
383 1995 150 35 genom
577 1981 69 36 det
689 1993 84 35 nya
814 1979 194 37 formulär
1050 1979 61 35 för
1153 1978 204 48 uppgifter
1387 1990 66 23 om
1481 1977 318 36 kommunernas

204 2035 233 49 fattigvård,
482 2034 155 36 hvilket
678 2034 61 35 för
768 2033 182 36 nämnda
981 2034 44 34 år
1052 2032 129 36 första
1208 2034 168 45 gången
1404 2030 95 36 kom
1529 2029 59 36 till
1619 2029 180 36 använd-

202 2089 111 48 ning.
377 2089 86 35 Den
492 2087 235 47 betydande
759 2086 206 47 ökningen
995 2085 12 35 i
1035 2085 319 35 kommunernas
1384 2081 417 49 fattigvårdsutgifter

202 2142 173 37 erhåller
406 2142 121 34 äfven
556 2139 59 36 till
646 2152 51 23 en
727 2139 64 36 del
821 2139 62 35 sin
912 2137 222 48 förklaring
1161 2149 150 35 genom
1343 2136 48 36 de
1414 2136 110 36 äldre
1548 2138 118 33 årens
1688 2147 113 23 mera

202 2193 291 47 ofullständiga
535 2191 367 50 primärnppgitter.
962 2191 55 36 Så
1050 2191 117 35 heter
1196 2190 70 36 det
1295 2192 28 34 t.
1355 2202 60 23 ex.
1451 2189 13 36 i
1497 2201 97 35 nyss
1630 2187 172 37 anförda

203 2248 222 36 berättelse
455 2248 61 35 för
547 2249 44 33 år
624 2248 110 33 1879:
758 2244 285 37 "Fortfarande
1072 2244 140 47 gäller,
1245 2245 64 34 att
1338 2242 48 36 de
1419 2245 23 33 å
1471 2241 182 47 nämnda
1675 2241 125 36 tabell

204 2301 80 49 (n:o
320 2302 45 48 V)
396 2299 199 49 uppförda
623 2299 169 47 utgifter
820 2300 61 34 för
910 2297 278 47 fattigvården
1218 2299 133 33 måste
1383 2308 120 24 anses
1533 2295 112 47 lägre
1677 2300 53 30 än
1751 2293 49 36 de

204 2354 183 47 verkliga
432 2352 231 45 kostnader,
696 2366 84 22 som
815 2352 293 36 kommmerna
1137 2351 61 35 för
1228 2350 129 47 sagda
1388 2349 191 36 ändamål
1610 2349 81 34 fått
1720 2347 81 36 vid-
