1930 2830
575 193 290 36 Statsutskottets
878 192 183 36 utlåtande
1075 204 41 22 nr
1129 193 34 32 8.
1598 187 19 31 5

172 277 130 42 Kungl.
325 275 126 43 Maj:ts
472 274 125 43 förslag
618 274 143 34 innebär
782 272 206 35 oförändrad
1010 269 309 43 medelsanvisning
1339 268 106 34 under
1467 267 149 42 anslaget

124 331 53 34 till
204 330 179 42 bokinköp
410 329 66 34 och
502 327 238 43 bokbindning
766 331 92 31 samt
884 325 213 44 uppförande
1123 336 46 22 av
1194 328 52 30 ett
1270 321 267 44 engångsanslag
1561 320 53 34 till

127 384 225 34 anskaffande
373 396 45 21 av
439 383 68 34 viss
528 381 161 35 utländsk
709 381 185 33 litteratur.

170 438 57 33 Av
251 436 376 43 statsrådsprotokollet
651 435 184 40 inhämtas,
858 438 55 30 att
935 428 332 38 riksbibliotekarien
1291 430 52 34 för
1366 430 51 34 sin
1441 429 53 33 del
1518 428 97 34 hem-

126 492 105 39 ställt,
247 496 56 29 att
319 490 60 35 det
394 488 238 36 förstnämnda
649 488 151 43 anslaget
816 487 80 35 med
912 487 133 42 hänsyn
1061 486 51 34 till
1130 484 262 44 prisstegringen
1408 483 101 35 sedan
1527 482 87 34 bud-

126 545 132 42 getåret
278 543 169 44 1939/40,
465 543 42 34 då
525 543 152 42 anslaget
695 542 90 34 varit
802 540 145 44 uppfört
964 539 78 35 med
1060 551 133 23 samma
1213 539 128 42 belopp
1359 550 74 22 som
1452 536 53 34 för
1522 536 93 34 inne-

126 598 150 34 varande
295 597 182 43 budgetår,
498 597 108 33 måtte
627 596 97 42 höjas
746 596 80 34 med
847 599 43 30 20
905 598 66 31 000
992 594 126 34 kronor
1138 593 53 34 till
1214 596 64 30 130
1292 595 66 31 000
1378 591 139 40 kronor,
1535 601 80 22 men

127 657 55 29 att
202 650 377 44 departementschefen
598 670 47 5 —
664 649 108 34 under
791 649 133 33 erinran
946 653 56 29 att
1021 647 154 43 anslaget
1195 645 77 34 från
1292 645 66 34 och
1377 645 78 33 med
1477 644 138 33 inneva-

125 705 104 34 rande
247 705 171 42 budgetår
434 704 158 34 återförts
609 704 53 34 till
680 702 252 43 förkrigsnivån
949 722 46 5 —
1012 701 76 34 icke
1106 704 114 31 ansett
1239 700 50 42 sig
1306 699 117 34 kunna
1440 696 175 44 tillstyrka

125 760 114 41 någon
260 758 198 43 ytterligare
479 757 144 43 höjning
643 769 44 22 av
709 756 153 43 anslaget
885 755 52 34 för
958 758 100 30 nästa
1080 754 180 42 budgetår.

169 814 19 33 I
203 813 222 34 motionerna
441 812 32 33 I:
487 814 65 38 134
568 811 66 34 och
650 810 52 34 II:
712 812 68 32 209
796 810 64 33 har
876 809 160 40 erinrats,
1055 813 56 29 att
1127 804 389 46 departementschefen
1533 803 80 35 med

124 867 135 43 hänsyn
280 867 53 34 till
354 866 66 33 den
441 865 108 34 under
570 864 40 34 de
633 876 113 22 senare
768 864 79 33 åren
869 862 182 35 inträffade
1073 861 194 43 stegringen
1289 873 46 21 av
1357 860 95 34 såväl
1475 858 140 43 bokpri-

126 933 52 21 ser
198 932 75 23 som
292 919 289 43 bindningspriser
599 917 151 35 förordat
768 917 144 43 höjning
931 929 45 22 av
995 916 159 42 anslagen
1174 915 52 35 till
1246 913 178 43 bokinköp
1444 912 65 35 och
1528 912 87 34 bok-

125 974 166 43 bindning
321 973 59 34 vid
409 971 432 36 universitetsbiblioteken
871 971 79 33 med
981 973 121 31 11500
1132 969 126 33 kronor
1286 968 52 33 för
1366 967 155 43 Uppsala
1550 966 64 34 och

127 1031 41 30 13
183 1031 66 30 000
273 1028 126 33 kronor
422 1027 53 33 för
498 1026 112 34 Lund.
645 1025 120 42 Enligt
788 1024 270 34 motionärernas
1082 1022 140 43 mening
1245 1026 117 38 syntes
1386 1033 132 22 samma
1541 1020 73 34 skäl

125 1080 162 43 föreligga
304 1085 54 30 att
376 1079 52 35 för
444 1080 119 42 kungl.
580 1078 207 35 biblioteket
804 1078 150 43 godtaga
971 1077 64 34 den
1052 1089 44 22 av
1114 1074 334 36 riksbibliotekarien
1465 1074 150 42 begärda

125 1134 185 43 höjningen
326 1146 46 21 av
389 1133 154 42 anslaget
558 1133 53 33 till
629 1131 178 44 bokinköp
823 1131 66 34 och
908 1130 248 42 bokbindning.

171 1231 84 34 Med
272 1231 182 43 anledning
469 1244 44 21 av
529 1231 59 34 det
603 1231 11 34 i
629 1230 217 34 motionerna
860 1230 30 33 I:
907 1233 64 30 134
988 1229 65 33 och
1068 1228 50 34 II:
1133 1231 66 31 209
1216 1227 213 35 framställda
1445 1225 171 44 yrkandet

126 1286 61 33 vill
205 1286 178 33 utskottet
402 1284 194 41 framhålla,
617 1289 54 31 att
690 1284 58 34 det
768 1296 100 30 synes
889 1283 174 39 önskvärt,
1083 1287 52 30 att
1155 1281 118 42 kungl.
1295 1280 206 35 biblioteket
1521 1281 11 33 i
1552 1278 63 35 lik-

124 1339 62 34 het
209 1340 78 34 med
310 1338 436 35 universitetsbiblioteken
770 1337 143 33 erhåller
936 1349 43 21 en
1002 1335 128 43 ökning
1153 1348 44 21 av
1223 1335 71 34 sina
1319 1334 110 33 medel
1453 1333 53 35 till
1531 1333 85 34 bok-

125 1392 107 43 inköp
255 1393 65 33 och
344 1391 249 43 bokbindning.
617 1391 66 35 Att
706 1389 377 44 departementschefen
1105 1401 48 21 nu
1177 1387 153 35 förordat
1354 1400 43 22 en
1420 1387 128 42 ökning
1571 1398 44 22 av

124 1445 452 35 universitetsbibliotekens
600 1444 260 43 ifrågavarande
883 1443 243 43 anslagsmedel
1149 1442 99 34 torde
1270 1441 190 34 emellertid
1481 1461 47 5 —
1548 1440 68 34 för-

125 1505 100 28 utom
251 1512 45 21 av
318 1499 41 33 de

125 1553 158 43 rustning
311 1565 46 21 av
386 1551 505 43 universitetsorganisationen,
922 1563 74 21 som
1026 1549 203 43 påbörjades
1259 1561 124 30 genom
1413 1549 113 33 beslut
1555 1547 60 34 vid

126 1610 87 30 1946
238 1607 53 34 års
312 1606 140 43 riksdag
474 1606 64 33 och
564 1617 120 22 varom
708 1605 197 43 ytterligare
928 1604 125 42 förslag
1076 1603 99 34 torde
1198 1615 81 22 vara
1303 1607 53 30 att
1378 1602 162 33 förvänta
1563 1601 52 34 till

124 1659 227 34 innevarande
371 1660 53 34 års
445 1659 148 42 riksdag,
614 1659 117 33 vilken
751 1657 232 43 upprustning
1003 1656 143 40 medför,
1168 1661 52 29 att
1239 1655 108 34 ökade
1367 1656 86 33 krav
1473 1655 143 33 komma

125 1718 55 30 att
195 1713 116 35 ställas
327 1713 46 42 på
390 1712 443 35 universitetsbiblioteken.
861 1711 185 34 Utskottet
1063 1713 36 31 är
1117 1710 51 34 för
1184 1709 212 35 närvarande
1413 1709 74 33 icke
1504 1709 111 33 berett

125 1771 55 29 att
196 1766 175 43 tillstyrka
387 1779 43 21 en
446 1766 144 43 höjning
605 1778 45 21 av
668 1765 118 43 kungl.
804 1765 224 34 bibliotekets
1046 1764 117 42 anslag
1178 1764 54 33 till
1250 1763 179 42 bokinköp
1446 1763 65 33 och
1528 1762 87 34 bok-

125 1820 178 43 bindning.
325 1820 186 34 Utskottet
533 1818 153 35 biträder
707 1819 98 33 alltså
828 1819 131 42 Kungl.
982 1817 126 43 Maj:ts
1130 1817 124 42 förslag
1276 1829 58 21 om
1359 1815 257 44 ifrågavarande

124 1873 134 42 anslags
279 1872 218 43 uppförande
518 1872 78 34 med
617 1877 54 29 ett
693 1872 127 42 belopp
842 1884 46 22 av
913 1875 63 30 110
991 1875 65 29 600
1079 1871 126 33 kronor
1228 1870 64 34 och
1316 1870 181 42 avstyrker
1518 1868 96 35 bifall

126 1926 52 34 till
194 1926 57 34 det
269 1926 204 34 motionsvis
490 1925 214 34 framställda
720 1925 181 43 yrkandet.

170 1980 69 33 Till
260 1979 223 34 anskaffande
504 1992 45 21 av
571 1978 68 35 viss
661 1978 161 34 utländsk
844 1978 173 33 litteratur
1039 1977 58 33 vid
1118 1977 118 42 kungl.
1258 1976 205 34 biblioteket
1485 1976 96 34 torde
1605 1976 9 33 i

125 2032 150 43 enlighet
295 2032 79 34 med
396 2032 69 34 vad
487 2031 378 44 departementschefen
886 2030 154 34 förordat
1060 2030 83 34 böra
1165 2030 134 34 anvisas
1322 2035 52 29 ett
1396 2029 139 34 särskilt
1556 2041 58 22 an-

126 2087 72 41 slag
217 2098 44 21 av
282 2090 43 30 20
339 2089 66 31 000
425 2086 137 33 kronor.

171 2135 117 51 Under
306 2139 215 59 åberopande
541 2151 43 22 av
603 2139 68 33 vad
692 2138 141 35 sålunda
853 2137 131 35 anförts
1004 2137 194 34 hemställer
1217 2137 187 40 utskottet,

490 2196 53 29 att
570 2192 179 42 riksdagen
776 2192 70 39 må,
873 2190 79 35 med
981 2190 95 34 bifall
1102 2190 53 35 till
1182 2190 131 42 Kungl.
1341 2190 125 42 Maj:ts
1493 2189 123 42 förslag

444 2250 90 28 samt
554 2244 79 33 med
655 2244 152 42 avslag
797 2238 24 52 å
836 2244 213 34 motionerna
1071 2244 30 32 I:
1117 2246 64 30 134
1204 2244 65 32 och
1292 2243 49 33 II:
1356 2246 78 36 209,
1455 2242 52 34 för
1528 2243 87 33 bud-

445 2298 130 42 getåret
598 2297 155 42 1947/48
775 2297 119 34 anvisa

490 2351 33 41 a)
551 2351 52 33 till
624 2349 131 42 Kungl.
778 2349 218 34 biblioteket:
1016 2348 186 43 Bokinköp
1224 2350 64 33 och
1311 2348 234 43 bokbindning
1565 2353 50 29 ett

444 2403 341 42 reservationsanslag
806 2415 44 21 av
875 2405 63 30 110
953 2406 65 29 000
1040 2402 138 41 kronor;

490 2457 36 42 b)
555 2456 52 34 till
634 2455 131 42 Kungl.
791 2455 217 34 biblioteket:
1032 2455 232 41 Anskafjande
1288 2467 45 22 av
1358 2455 70 34 viss
1453 2455 162 33 utländsk

444 2507 172 35 litteratur
635 2514 54 29 ett
710 2508 344 42 reservationsanslag
1075 2521 43 21 av
1142 2512 121 30 20000
1285 2508 135 34 kronor.

1670 1229 143 27 Utskottet.
