1920 2830
579 178 295 36 Statsutskottets
892 177 186 34 utlåtande
1097 188 42 22 nr
1156 178 34 31 8.
1586 174 42 30 25

140 263 205 42 budgetåret
371 260 155 43 1937/38
551 259 105 34 under
680 258 141 34 åttonde
844 257 223 34 huvudtiteln
1091 256 89 33 hade
1205 255 135 33 anvisat
1364 258 53 29 ett
1442 252 117 42 anslag
1584 264 45 21 av

141 313 18 29 9
175 312 64 30 000
256 308 137 33 kronor.

185 352 67 33 För
270 357 52 29 ett
342 355 78 29 vart
439 362 45 21 av
506 348 196 44 påföljande
720 352 128 29 tvenne
867 346 170 43 budgetår
1056 344 172 43 beviljade
1248 343 179 42 riksdagen
1447 343 20 32 å
1487 340 142 35 åttonde

140 396 222 34 huvudtiteln
383 395 51 33 för
453 393 171 35 täckande
645 406 44 21 av
708 392 229 34 kostnaderna
958 391 53 33 för
1030 389 218 35 konstrådets
1269 387 218 35 verksamhet
1509 389 37 30 11
1562 389 66 30 000

140 442 125 33 kronor
286 441 65 33 och
372 440 52 33 för
444 439 205 42 budgetåret
670 437 153 43 1940/41
848 440 19 30 7
882 440 65 30 500
968 436 137 33 kronor.

186 486 66 33 För
273 485 104 42 därpå
397 484 149 42 följande
566 483 168 42 budgetår
752 482 62 34 har
832 480 189 35 emellertid
1040 479 131 43 Kungl.
1191 478 111 42 Maj:t
1320 478 75 34 icke
1413 477 91 42 gjort
1524 476 105 33 fram-

142 531 159 42 ställning
320 542 57 21 om
399 528 116 43 anslag
536 528 106 33 under
661 526 143 35 åttonde
824 525 236 35 huvudtiteln.
1082 523 241 35 Kostnaderna
1342 522 52 34 för
1412 521 218 36 konstrådets

142 575 218 34 verksamhet
380 574 91 34 hava
491 573 114 34 täckts
625 572 200 42 därigenom
846 576 54 29 att
920 570 131 42 Kungl.
1073 569 108 42 Maj:t
1202 581 45 21 av
1266 568 51 34 för
1336 565 293 36 kommittéända-

141 620 68 33 mål
230 620 52 33 till
302 618 198 43 förfogande
521 617 137 34 stående
676 616 109 34 medel
804 616 137 34 anvisat
960 614 213 42 erforderligt
1192 613 138 42 belopp.

186 665 18 33 I
229 665 50 33 sin
302 662 367 44 petitaframställning
690 662 65 33 den
777 665 20 29 4
820 661 76 42 juni
921 663 86 31 1946
1032 659 203 34 hemställde
1258 657 202 34 konstrådet
1484 656 69 33 dels
1578 659 51 30 att

141 709 131 43 Kungl.
292 708 109 43 Maj:t
420 708 111 33 måtte
551 707 62 33 hos
635 710 86 30 1947
744 707 53 33 års
818 705 135 42 riksdag
972 704 149 34 utverka
1144 704 117 41 anslag
1280 703 9 33 i
1311 701 190 43 principiell
1521 700 109 34 likhet

143 755 77 33 med
246 754 69 33 vad
341 765 74 22 som
440 752 95 34 skett
561 752 52 33 till
640 751 64 33 och
731 750 77 34 med
834 749 207 42 budgetåret
1067 748 152 42 1940/41
1249 747 65 34 och
1339 746 69 34 dels
1434 751 54 30 att
1513 745 118 41 anslag

142 799 107 34 måtte
268 799 85 41 utgå
372 797 79 34 med
469 797 106 41 något
595 795 122 34 ändrat
737 795 127 42 belopp
883 794 65 34 och
967 793 86 34 efter
1073 794 10 33 i
1102 793 91 34 vissa
1210 791 191 34 avseenden
1420 789 209 35 annorlunda

143 844 146 42 grunder
311 846 44 30 än
378 855 74 21 som
475 841 111 43 gällde
608 840 51 34 för
680 853 47 21 nu
750 839 145 43 löpande
918 838 167 43 budgetår
1108 838 65 33 och
1196 849 74 22 som
1293 837 151 41 angåvos
1467 836 9 33 i
1500 834 131 43 Kungl.

143 888 123 42 Maj:ts
285 887 123 42 nådiga
426 887 85 33 brev
529 887 64 33 den
612 889 42 30 28
673 885 75 42 juni
770 888 98 30 1946.

187 933 83 34 Som
289 932 208 41 motivering
515 931 53 33 för
586 931 51 33 sin
654 929 207 34 hemställan
879 929 12 33 i
908 927 235 35 förstnämnda
1162 925 165 35 avseende
1346 924 199 35 underströk
1563 928 68 30 sta-

143 983 75 29 tens
234 976 177 41 konstråd,
428 980 54 30 att
498 974 202 35 konstrådet
718 986 81 21 vore
817 986 41 21 en
876 986 44 22 av
937 972 180 43 riksdagen
1137 971 158 34 beslutad
1312 970 70 35 fast
1400 970 118 42 statlig
1535 969 96 34 insti-

142 1022 115 34 tution
271 1022 65 33 och
352 1026 52 29 att
418 1020 74 34 dess
508 1019 221 34 verksamhet
743 1018 206 43 principiellt
963 1017 90 34 hade
1069 1029 110 22 annan
1194 1016 163 33 karaktär
1372 1019 43 30 än
1431 1014 58 34 det
1504 1014 128 39 arbete,

144 1079 72 21 som
236 1066 151 34 utfördes
405 1078 44 20 av
468 1077 42 21 en
529 1070 87 28 utav
632 1064 131 42 Kungl.
782 1063 111 42 Maj:t
910 1063 125 33 tillsatt
1052 1061 199 34 kommitté.

187 1109 455 43 Statsverkspropositionen
666 1108 184 33 innehåller
873 1106 188 34 emellertid
1085 1106 73 34 icke
1182 1106 111 42 någon
1318 1105 104 34 sådan
1446 1103 186 34 framställ-

143 1156 92 42 ning,
254 1168 76 22 som
348 1167 44 22 av
411 1153 201 34 konstrådet
630 1152 142 43 åsyftas.

189 1201 72 33 Det
276 1200 98 33 torde
390 1200 81 33 böra
488 1198 255 42 understrykas,
760 1202 54 29 att
829 1196 120 43 frågan
966 1196 76 33 icke
1057 1196 62 33 har
1134 1196 114 41 någon
1264 1194 149 43 egentlig
1429 1192 203 35 ekonomisk

143 1244 177 34 räckvidd.
339 1245 71 33 Det
428 1243 140 43 belopp,
586 1255 74 22 som
678 1247 131 30 statens
824 1240 165 35 konstråd
1007 1240 160 40 behöver,
1185 1240 97 33 torde
1301 1239 105 33 under
1423 1239 66 34 alla
1506 1237 127 34 förhål-

143 1290 123 33 landen
289 1289 144 34 komma
456 1293 55 29 att
534 1287 141 35 erhållas
700 1287 162 42 antingen
886 1298 125 31 genom
1035 1290 54 30 att
1113 1285 117 42 anslag
1253 1289 170 37 upptages
1447 1283 19 33 å
1490 1282 143 35 åttonde

143 1334 226 34 huvudtiteln
387 1333 80 34 eller
485 1333 104 33 också
607 1344 122 31 genom
749 1331 173 35 anlitande
940 1343 44 21 av
1004 1330 229 42 vederbörligt
1250 1329 315 41 kommittéanslag.
1582 1327 52 34 Ur

144 1379 194 42 riksdagens
362 1377 180 44 synpunkt
565 1377 96 34 torde
684 1377 60 34 det
766 1376 191 34 emellertid
980 1375 75 34 icke
1079 1376 117 33 kunna
1218 1386 96 22 anses
1338 1373 162 43 likgiltigt
1523 1373 111 33 vilket

144 1424 194 39 alternativ,
352 1435 72 22 som
442 1422 119 42 väljes.
576 1422 74 33 Det
665 1422 108 33 måste
788 1421 173 41 nämligen
976 1432 81 21 vara
1072 1419 173 42 riktigare,
1260 1424 54 29 att
1329 1418 180 42 riksdagen
1523 1417 112 34 direkt

144 1468 206 33 förbehåller
372 1467 49 42 sig
444 1470 114 30 rätten
580 1469 106 39 pröva
710 1465 251 34 vederbörande
984 1464 126 42 anslag,
1133 1463 111 34 vilket
1264 1463 69 33 kan
1356 1463 57 33 ske
1435 1474 124 31 genom
1580 1466 54 29 att

144 1512 108 34 medel
271 1511 145 43 beviljas
433 1512 19 33 å
469 1510 142 34 åttonde
629 1509 235 35 huvudtiteln.
881 1508 213 42 Principiellt
1111 1508 70 33 kan
1199 1508 59 33 det
1275 1507 30 42 ej
1324 1508 103 33 heller
1444 1519 95 21 anses
1552 1519 82 21 vara

144 1556 310 34 tillfredsställande
470 1560 55 29 att
541 1556 66 33 den
624 1554 229 43 provisoriska
870 1553 200 42 anordning,
1086 1565 75 22 som
1178 1553 71 34 rått
1265 1551 41 34 de
1323 1557 133 29 senaste
1473 1552 93 40 åren,
1583 1551 52 33 får

144 1601 179 34 fortbestå.

190 1708 120 34 Såsom
337 1708 10 33 i
372 1707 221 33 förevarande
618 1706 136 33 motion
780 1705 140 35 erinrats
945 1705 121 33 täckas
1092 1704 52 35 för
1169 1704 213 34 närvarande
1408 1702 227 35 kostnaderna

145 1760 51 34 för
212 1760 217 34 konstrådets
447 1759 232 41 verksamhet,
698 1759 94 35 vilka
811 1759 142 42 tidigare
972 1758 176 34 bestredos
1166 1770 44 21 av
1230 1762 52 30 ett
1301 1757 116 42 anslag
1434 1757 44 42 på
1497 1757 138 33 rikssta-

144 1818 70 36 ten,
235 1815 79 33 med
335 1813 121 40 medel,
478 1825 74 21 som
576 1812 116 35 ställas
713 1813 52 33 till
787 1812 111 35 rådets
919 1810 199 44 förfogande
1138 1811 76 33 från
1236 1810 140 34 åttonde
1396 1810 239 34 huvudtitelns

145 1867 116 42 anslag
279 1867 53 33 till
351 1866 227 34 kommittéer
596 1866 64 33 och
680 1865 220 42 utredningar
918 1876 123 31 genom
1061 1864 224 42 sakkunniga.
1304 1864 121 42 Enligt
1443 1863 193 34 utskottets

146 1920 139 42 mening
304 1931 100 30 synes
424 1919 58 34 det
503 1918 208 43 principiellt
731 1918 159 42 riktigare
910 1923 53 29 att
983 1918 116 41 anslag
1119 1917 51 33 för
1191 1917 198 34 ändamålet
1408 1916 163 43 uppföres
1591 1917 45 41 på

146 1973 193 33 riksstaten.
361 1972 187 34 Utskottet
569 1984 95 21 anser
688 1971 50 43 sig
759 1971 107 34 likväl
889 1971 75 33 icke
985 1976 86 28 utan
1093 1970 125 43 förslag
1239 1970 10 34 i
1271 1973 118 31 ämnet
1408 1970 76 33 från
1505 1970 131 41 Kungl.

146 2026 124 41 Maj:ts
289 2026 73 33 sida
382 2026 82 33 böra
483 2025 134 40 föreslå,
637 2030 53 28 att
709 2045 46 4 —
772 2025 113 33 såsom
905 2025 10 32 i
936 2024 178 33 motionen
1133 2024 49 32 II:
1197 2027 66 30 207
1284 2023 166 43 påyrkats
1468 2043 46 5 —
1532 2023 103 33 redan

146 2079 51 33 för
220 2082 97 31 nästa
342 2078 167 42 budgetår
533 2078 52 33 för
608 2078 200 33 konstrådet
832 2078 108 33 skulle
964 2077 163 42 uppföras
1150 2082 51 29 ett
1225 2077 117 42 anslag
1365 2077 106 33 under
1493 2076 144 34 åttonde

146 2132 233 33 huvudtiteln.
408 2132 181 33 Utskottet
613 2132 100 41 utgår
735 2131 186 34 emellertid
946 2131 85 33 ifrån
1056 2135 53 29 att
1134 2131 130 41 Kungl.
1290 2130 108 42 Maj:t
1422 2130 53 33 till
1499 2129 137 43 förnyat

146 2185 238 42 övervägande
413 2189 170 38 upptager
609 2185 118 41 frågan
754 2197 57 21 om
838 2197 41 20 en
905 2185 164 41 återgång
1095 2184 51 33 till
1173 2184 66 33 den
1266 2184 145 41 tidigare
1436 2183 201 42 tillämpade

147 2238 229 42 anordningen
402 2238 213 33 beträffande
639 2237 260 42 finansiermgen
926 2250 43 21 av
995 2238 215 33 konstrådets
1237 2237 229 33 verksamhet.
1491 2237 145 33 Utskot-

148 2297 51 28 tet
218 2291 51 33 får
289 2292 191 38 hemstiälla,

510 2349 55 28 att
587 2344 178 41 riksdagen
789 2344 55 32 må
867 2343 10 33 i
900 2342 181 43 anledning
1102 2355 45 21 av
1169 2343 175 33 motionen
1368 2343 48 33 II:
1432 2346 66 30 207
1520 2344 9 33 i
1553 2343 84 33 skri-

467 2397 89 33 velse
571 2397 51 32 till
641 2396 130 41 Kungl.
788 2395 108 42 Maj:t
914 2396 78 42 giva
1010 2396 168 33 tillkänna
1195 2396 65 33 vad
1280 2396 171 34 utskottet
1468 2396 62 33 här
1547 2408 90 21 ovan

466 2449 124 34 anfört.

1693 1705 142 26 Utskottet.
