1920 2826
310 218 43 31 20
748 209 294 36 Statsutskottets
1067 206 181 36 utlåtande
1271 217 43 22 nr
1336 207 34 32 8.

635 291 309 36 tikvarieämbetet
964 290 65 34 och
1050 293 135 30 statens
1206 285 189 36 historiska
1415 295 162 23 museum
1597 295 47 21 m.
1663 294 59 28 m.,
1743 285 55 30 att

635 346 177 42 tillämpas
831 344 70 34 tills
920 343 120 34 vidare
1059 342 79 33 från
1156 340 65 35 och
1239 340 81 34 med
1339 338 211 42 budgetåret
1569 338 87 32 1947
1661 334 76 43 /A8:

1008 438 416 41 Avlöningsstat.

638 519 30 30 1.
692 513 216 42 Avlöningar
943 511 54 34 till
1033 508 173 36 ordinarie
1241 507 229 43 tjänstemän,

687 566 203 44 förslagsvis
912 585 551 13 s...sse-es
1142 560 115 54 rer
1300 560 11 54 r
1331 560 135 54 rt
1491 558 130 33 kronor
1643 558 65 32 380
1723 557 65 31 800

637 625 31 30 2.
692 620 167 34 Arvoden
877 618 65 34 och
959 616 172 35 särskilda
1148 614 247 41 ersättningar,
1412 612 58 34 be-

693 673 141 35 stämda
852 684 45 22 av
917 670 134 42 Kungl.
1070 668 111 43 Maj:t
1207 692 256 9 .........-«-
1554 678 16 16 »
1722 664 66 30 480

637 732 31 30 3.
692 726 217 42 Avlöningar
925 724 53 34 till
996 723 99 42 övrig
1112 719 265 37 icke-ordinarie
1395 730 75 31 per-

691 780 98 34 [769
743 773 32 50 61:
1554 785 16 16 »
1644 771 64 31 329
1723 770 66 31 820

637 838 32 30 4.
693 833 139 42 Rörligt
851 832 132 42 tillägg,
1000 828 203 44 förslagsvis
1230 850 234 11 ........-+-
1554 838 17 16 »
1666 825 43 29 42
1724 824 65 31 600

1319 888 146 35 Summa
1488 887 131 33 kronor
1643 887 65 32 753
1723 886 79 36 700;

682 985 31 42 c)
741 984 53 34 till
835 981 215 39 Vitterhets-,
1087 978 154 36 historie-
1281 977 66 35 och
1383 968 422 53 antikvitetsakademien:

637 1034 438 38 Riksantikvarieämbetet
1094 1033 65 34 och
1176 1035 131 32 statens
1326 1029 185 35 historiska
1520 1039 160 22 museum
1688 1036 118 23 m.m.:

635 1090 217 42 Avlöningar
864 1089 54 34 för
931 1088 212 42 budgetåret
1160 1084 154 43 1947/48
1331 1083 122 34 anvisa
1468 1087 54 29 ett
1536 1079 269 43 förslagsanslag

639 1158 44 22 av
700 1148 65 31 753
780 1148 65 30 700
862 1143 137 38 kronor;

680 1198 49 34 II.
754 1202 55 30 att
832 1196 177 34 motionen
1032 1194 51 34 II:
1098 1197 42 30 30
1165 1193 58 33 må
1247 1203 95 22 anses
1365 1190 166 34 besvarad
1555 1187 79 35 med
1658 1186 68 34 vad
1750 1190 56 29 ut-

637 1252 132 34 skottet
786 1262 92 23 ovan
896 1249 124 36 anfört.

365 1370 92 42 49:0)
485 1368 235 40 Vitterhets-,
736 1364 169 36 historie-
922 1364 69 33 och
1007 1359 460 37 antikvitetsakademien:
1485 1351 322 51 Riksantikvarie-

320 1424 160 34 ämbetet
499 1422 68 33 och
586 1422 142 32 statens
747 1417 203 35 historiska
968 1425 168 24 museum
1157 1424 46 23 m.
1223 1423 62 23 m.:
1306 1410 286 36 Omkostnader.
1620 1409 19 33 I
1657 1408 151 42 enlighet

320 1476 79 34 med
421 1475 131 42 Kungl.
576 1473 125 42 Maj:ts
724 1471 126 43 förslag
875 1469 128 44 (punkt
1026 1472 55 36 53,
1104 1480 26 22 s.
1155 1465 207 42 116—119),
1385 1463 111 34 vilket
1520 1462 142 34 innebär
1684 1473 42 22 en
1749 1473 59 22 an-

321 1528 230 44 slagshöjning
571 1526 80 35 med
672 1529 40 30 16
727 1529 65 30 700
813 1524 138 40 kronor,
971 1521 197 35 hemställer
1188 1519 186 38 utskottet,

686 1584 54 29 att
757 1577 176 43 riksdagen
951 1576 57 33 må
1027 1575 53 34 till
1100 1571 216 41 Vitterhets-,
1334 1570 152 34 listorie-
1505 1569 65 34 och
1588 1567 219 35 antikvitets-

640 1630 213 36 akademien:
887 1626 438 38 Riksantikvarieämbetet
1361 1624 65 33 och
1461 1626 131 30 statens
1627 1620 183 35 historiska

642 1697 158 22 museum
816 1696 49 21 m.
880 1695 60 22 m.:
958 1680 254 36 Omkostnader
1227 1679 52 33 för
1295 1677 205 43 budgetåret
1517 1675 156 43 1947/48
1691 1674 118 34 anvisa

643 1745 52 29 ett
711 1737 259 43 förslagsanslag
987 1748 44 22 av
1051 1738 64 30 160
1130 1737 65 31 600
1214 1733 136 33 kronor.

369 1867 91 42 50:0)
488 1865 236 40 Vitterhets-,
740 1861 169 35 historie-
926 1861 68 33 och
1011 1855 457 38 antikvitetsakademien:
1488 1848 322 53 Riksantikvarie-

323 1921 162 34 ämbetet
509 1920 68 33 och
603 1919 142 33 statens
769 1914 204 35 historiska
996 1921 169 25 museum
1188 1921 48 23 m.
1258 1919 63 24 m.:
1348 1908 207 41 Inredning
1580 1908 67 32 och
1671 1906 139 33 utrust-

324 1974 101 42 ning.
455 1973 19 33 I
492 1971 151 43 enlighet
658 1969 80 35 med
757 1967 130 43 Kungl.
906 1966 126 42 Maj:ts
1051 1965 124 41 förslag
1197 1962 129 44 (punkt
1345 1964 55 38 54,
1419 1974 25 22 s.
1465 1964 63 30 119
1548 1960 66 33 och
1635 1959 93 42 120),
1747 1958 63 33 vil-

322 2027 60 34 ket
400 2026 140 33 innebär
559 2037 41 21 en
620 2021 273 44 anslagshöjning
911 2019 77 34 med
1007 2022 43 30 25
1065 2022 66 30 000
1148 2018 136 38 kronor,
1302 2014 196 35 hemställer
1516 2013 188 40 utskottet,

688 2081 54 29 att
759 2074 178 42 riksdagen
954 2073 58 33 må
1030 2072 53 34 till
1104 2069 214 39 Vitterhets-,
1336 2067 153 35 historie-
1508 2067 65 33 och
1590 2065 220 35 antikvitets-

643 2128 216 36 akademien:
894 2123 436 38 Riksantikvarieämbetet
1364 2121 65 34 och
1464 2123 132 31 statens
1631 2118 181 35 historiska

644 2194 160 23 museum
831 2193 48 22 m.
906 2191 61 23 m.:
994 2177 185 43 Inredning
1206 2176 66 35 och
1301 2174 199 42 utrustning
1528 2173 52 34 för
1608 2173 203 42 budgetåret

646 2235 155 44 1947/48
821 2234 116 35 anvisa
956 2238 54 29 ett
1028 2229 343 42 reservationsanslag
1388 2240 46 21 av
1452 2231 42 31 75
1509 2231 66 31 000
1594 2227 134 33 kronor.

371 2365 90 42 51:0)
489 2362 236 41 Vitterhets-,
749 2359 170 35 historie-
943 2359 67 33 och
1034 2352 460 38 antikvitetsakademien:
1521 2351 154 35 Statens
1699 2351 113 34 histo-

324 2418 104 33 riska
445 2426 169 24 museum
633 2425 46 23 m.
700 2424 63 23 m.:
786 2410 206 36 Underhåll
1012 2410 69 34 och
1101 2408 144 34 ökande
1264 2417 49 23 av
1332 2406 266 41 samlingarna.
1627 2404 18 33 I
1666 2403 146 43 enlighet

324 2470 81 34 med
427 2469 131 42 Kungl.
582 2467 125 43 Maj:ts
729 2466 126 42 förslag
880 2463 129 44 (punkt
1032 2466 56 36 56,
1111 2475 25 21 s.
1162 2459 207 42 121—123),
1392 2458 109 34 vilket
1524 2457 143 34 innebär
1689 2468 41 22 en
1754 2468 58 21 an-

325 2522 231 43 slagshöjning
576 2521 78 34 med
676 2523 40 30 14
731 2522 66 31 000
819 2518 137 39 kronor,
976 2515 199 35 hemställer
1195 2513 184 40 utskottet,
