1910 2828
547 199 292 36 Statsutskottets
852 197 182 35 utlåtande
1047 209 42 23 nr
1102 199 34 33 8.
1546 196 42 31 75

309 281 119 34 rektor

354 335 33 41 a)
414 333 139 35 kurstid
578 336 43 31 34
647 332 128 34 veckor
805 357 279 8 ...........-.
1109 329 129 34 kronor
1264 331 16 30 1
1297 331 65 30 260

478 393 17 16 »
579 380 43 31 24
647 377 80 34 eller
746 380 40 30 21
809 376 128 33 veckor
963 401 120 8 ......
1174 388 16 17 »
1297 375 65 31 840

309 450 230 35 ämneslärare
556 449 82 35 med
655 449 72 42 fast
745 446 211 44 anställning

355 506 33 40 a)
416 503 139 35 kurstid
580 506 43 31 34
648 502 127 34 veckor
806 527 280 9 ............:
1175 514 16 17 »
1265 501 98 31 1080

355 549 37 41 b)
479 564 16 16 »
579 551 44 30 24
706 561 16 17 PP
805 572 279 8 ooeserrre
960 546 59 44 rer
1032 546 55 44 res
1175 559 16 16 »
1298 546 65 31 720

354 594 31 41 c)
477 608 16 16 »
578 595 40 31 21
704 606 17 17 Po
805 617 279 8 ooosarere
940 589 34 47 rr
984 589 37 47 es
1040 589 48 47 ra
1173 604 16 16 »
1296 590 66 31 600

311 669 95 30 extra
425 663 173 36 ordinarie
617 663 66 34 och
700 661 243 36 vikarierande
961 659 231 36 ämneslärare

355 719 33 41 a)
415 717 140 35 kurstid
580 721 43 30 24
648 716 130 35 veckor
805 741 280 9 .............
1175 729 17 15 »
1298 716 66 30 600

358 764 36 41 b)
481 778 15 17 >
583 765 41 31 21
710 776 16 17 PP
801 785 280 9 ooceesrs
915 760 36 44 rr
959 760 36 44 ss
1005 785 76 9 ss
1171 774 17 16 »
1295 760 65 32 540

312 807 174 35 timlärare
516 807 13 34 i
558 806 153 34 läsämne
749 832 257 7 ....s.sscess
1030 804 130 33 kronor
1186 806 30 31 1:
1231 802 145 43 30/tim.

311 878 258 44 övningslärare

356 933 34 42 a)
423 932 89 42 slöjd
547 955 460 11 ........ssscscs-e0>
973 928 36 51 es
1098 944 17 16 »
1188 931 31 30 1:
1235 926 142 44 10/tim.

356 977 36 41 b)
414 976 309 42 hushållsgöromål
748 1001 257 8 ..........-..
1096 988 16 16 »
1185 971 181 43 4:50/dag

357 1022 32 42 c)
416 1020 204 44 gymnastik
640 1020 65 34 och
726 1020 85 42 sång
840 1045 166 8 ........
1097 1033 15 15 »
1187 1016 190 43 -1:30/tim.

144 1101 226 35 Beträffande
384 1099 314 44 tilläggsbeloppen
715 1098 53 35 för
785 1098 176 35 timlärare
979 1097 12 35 i
1008 1098 154 34 läsämne
1180 1096 65 35 och
1263 1095 53 35 för
1332 1094 260 43 övningslärare

100 1146 99 35 torde
216 1146 90 34 dock
324 1144 133 44 Kungl.
474 1144 112 43 Maj:t
603 1144 85 34 böra
704 1146 64 40 äga
785 1143 146 42 vidtaga
949 1142 43 35 de
1009 1141 235 43 jämkningar,
1262 1152 75 22 som
1354 1140 59 33 må
1431 1138 161 35 befinnas

102 1191 186 43 påkallade
308 1202 45 22 av
371 1189 140 43 hänsyn
530 1189 54 34 till
605 1189 69 34 den
694 1200 46 22 av
760 1187 125 35 chefen
905 1186 56 35 för
978 1186 403 43 finansdepartementet
1400 1183 113 36 under
1532 1182 55 35 för

99 1236 86 34 flera
203 1234 222 35 huvudtitlar
444 1245 259 32 gemensamma
721 1232 115 43 frågor
855 1231 146 34 berörda
1021 1231 177 34 allmänna
1215 1229 212 43 regleringen
1445 1240 46 21 av
1511 1228 81 34 tim-

103 1279 270 36 lärararvodena
393 1278 65 35 och
476 1278 280 43 övningslärares
777 1277 108 34 löner.
904 1277 19 34 I
943 1275 117 44 övrigt
1078 1275 102 34 torde
1200 1274 87 35 böra
1305 1274 93 43 gälla
1417 1273 12 35 i
1447 1272 140 36 huvud-

101 1324 62 35 sak
183 1336 135 23 samma
338 1323 126 34 villkor
483 1322 68 35 och
573 1320 262 36 bestämmelser
855 1321 80 34 med
957 1319 173 35 avseende
1149 1320 19 33 å
1189 1318 234 43 lönetillägget
1443 1329 76 23 som
1540 1316 53 35 för

102 1368 235 35 innevarande
362 1367 183 43 budgetår.
571 1366 251 34 Kostnaderna
846 1364 101 35 torde
972 1364 123 34 kunna
1120 1363 170 35 beräknas
1316 1362 53 35 till
1395 1362 12 35 i
1433 1367 84 29 runt
1541 1360 51 35 tal

101 1416 65 31 400
180 1417 67 30 000
264 1413 141 33 kronor.

146 1493 19 33 I
186 1491 179 34 motionen
383 1490 52 35 II:
448 1493 67 39 134
534 1489 132 35 anföres
685 1489 104 35 bland
809 1494 104 29 annat
932 1488 163 43 följande.

147 1554 131 43 Frågan
306 1566 58 22 om
390 1552 210 43 statsbidrag
625 1551 54 35 till
706 1551 321 43 byggnadsarbeten
1055 1550 60 34 vid
1141 1549 303 43 folkhögskolorna
1470 1547 122 34 under-

102 1599 138 35 ställdes
257 1599 90 34 förra
365 1599 74 33 året
455 1597 197 43 riksdagens
670 1596 170 44 prövning
858 1608 124 31 genom
1002 1595 216 34 motionerna
1235 1594 30 34 I:
1279 1597 66 31 208
1366 1593 65 34 och
1449 1593 51 33 IT:
1514 1595 78 31 326.

103 1644 110 34 Dessa
236 1643 170 35 motioner
427 1642 98 35 ledde
548 1641 190 35 emellertid
761 1641 77 34 icke
860 1641 53 34 till
936 1640 113 43 någon
1072 1639 194 43 riksdagens
1292 1638 133 43 åtgärd,
1449 1636 145 36 emedan

104 1688 264 35 statsutskottet
391 1688 11 33 i
428 1687 63 34 sitt
515 1686 180 35 utlåtande
720 1686 196 39 förutsatte,
940 1690 55 29 att
1019 1684 133 43 Kungl.
1177 1683 110 43 Maj:t
1311 1683 88 35 hade
1426 1683 51 33 sin
1503 1694 90 31 upp-

104 1733 239 34 märksamhet
367 1731 114 35 riktad
506 1732 47 43 på
577 1731 67 34 den
668 1731 11 34 i
704 1730 176 34 desamma
906 1730 140 34 berörda
1074 1729 119 43 frågan
1219 1729 11 34 i
1255 1727 168 36 samband
1448 1728 80 34 med
1554 1725 40 35 de

104 1777 170 43 pågående
297 1776 265 43 utredningarna
583 1775 141 36 rörande
748 1774 444 43 undervisningsväsendets
1216 1772 173 35 ordnande
1412 1772 53 34 för
1488 1771 106 35 fram-

104 1822 105 35 tiden.
228 1821 182 35 Utskottet
429 1821 117 43 ansåg,
564 1825 54 30 att
636 1820 188 34 resultaten
842 1832 44 22 av
906 1819 95 34 dessa
1019 1818 223 43 utredningar
1260 1819 12 34 i
1290 1817 64 34 den
1372 1817 83 34 mån
1473 1816 41 34 de
1535 1816 59 34 be-

105 1867 95 34 rörde
222 1866 209 34 folkskolans
455 1865 163 43 ställning
640 1866 10 33 i
674 1863 351 44 skolorganisationen
1048 1863 86 35 först
1157 1862 103 35 borde
1284 1862 183 40 avvaktas,
1490 1861 104 34 innan

104 1911 197 43 problemen
320 1910 171 43 angående
507 1909 263 43 folkhögskolan
789 1913 171 38 upptoges
981 1908 52 34 till
1052 1906 247 44 övervägande.

149 1955 119 43 Enligt
293 1955 68 33 vad
386 1955 35 33 vi
445 1954 46 35 ha
516 1954 117 34 erfarit
656 1954 62 33 har
741 1952 345 35 skolkommissionen
1111 1951 152 34 beslutat
1288 1950 178 43 uppdraga
1491 1950 38 35 åt
1553 1961 41 22 en

105 2000 191 43 delegation
314 2000 93 33 inom
424 1998 270 35 kommissionen
712 2003 55 30 att
783 1997 122 35 utreda
922 1997 120 43 frågan
1060 2008 58 22 om
1136 1995 281 43 folkhögskolans
1435 1994 161 42 ställning

105 2045 65 34 och
198 2044 174 43 uppgifter
400 2044 95 33 inom
523 2042 255 41 skolväsendet,
806 2041 122 35 varvid
956 2045 88 30 även
1072 2040 121 43 frågan
1221 2052 57 22 om
1307 2039 208 43 statsbidrag
1541 2038 53 35 till

106 2088 196 44 byggnader
326 2088 52 34 för
402 2087 265 43 folkhögskolan
694 2087 103 34 borde
823 2091 173 38 upptagas
1023 2085 53 35 till
1102 2084 261 43 undersökning.
1389 2083 206 35 Direktiven

106 2134 52 34 för
178 2134 111 34 denna
311 2133 183 42 utredning
515 2131 98 37 torde
635 2131 188 34 emellertid
845 2143 82 23 vara
947 2130 82 43 föga
1050 2129 219 44 preciserade.
1291 2129 126 34 Vidare
1440 2128 52 34 får
1513 2140 82 22 man

107 2178 100 34 också
235 2178 197 40 förutsätta,
460 2182 54 30 att
541 2176 66 35 den
635 2176 148 34 avsedda
811 2175 169 34 reformen
1009 2187 44 22 av
1082 2174 79 35 vårt
1188 2172 407 43 undervisningsväsende

107 2222 155 34 kommer
279 2227 54 29 att
349 2221 93 42 dröja
460 2223 91 32 ännu
569 2220 154 43 åtskillig
740 2220 62 34 tid.
819 2220 42 33 Vi
879 2231 79 22 anse
977 2218 114 35 därför
1108 2223 55 29 att
1179 2217 117 43 frågan
1313 2230 57 21 om
1389 2216 208 43 statsbidrag

107 2267 52 33 till
185 2266 321 42 byggnadsarbeten
532 2264 59 34 vid
617 2263 304 44 folkhögskolorna
946 2263 107 34 borde
1078 2263 118 34 kunna
1222 2263 85 33 lösas
1335 2261 191 34 oberoende
1552 2273 45 21 av

107 2311 63 33 den
192 2310 179 43 planerade
392 2309 169 35 reformen
585 2321 44 21 av
652 2309 77 33 hela
751 2307 250 35 skolväsendet.
1023 2306 193 43 Utredning
1237 2318 44 21 av
1302 2305 120 42 frågan
1445 2306 63 33 bör
1529 2305 67 33 för-

107 2355 155 34 denskull
283 2354 58 34 ske
361 2359 131 29 snarast
512 2353 137 41 möjligt
669 2352 86 34 efter
774 2351 111 34 direkt
906 2351 114 34 beslut
1041 2363 44 21 av
1107 2350 131 43 Kungl.
1258 2349 109 42 Maj:t
1387 2350 65 33 och
1472 2349 125 42 förslag

107 2399 184 42 föreläggas
310 2398 90 34 helst
418 2401 98 31 nästa
536 2398 54 33 års
609 2396 147 43 riksdag.
777 2396 69 34 Om
865 2396 36 33 så
921 2407 94 23 anses
1035 2394 158 43 lämpligt
1213 2395 60 33 bör
1292 2394 38 42 ju
1350 2393 113 35 denna
1481 2393 115 34 utred-

108 2443 81 43 ning
204 2443 119 34 kunna
339 2442 202 34 verkställas
558 2454 44 21 av
621 2440 355 40 skolkommissionen,
995 2439 43 34 då
1056 2440 67 34 den
1139 2439 63 33 har
1218 2439 49 34 sin
1286 2438 311 43 uppmärksamhet

109 2486 113 36 riktad
239 2488 43 42 på
300 2487 113 34 saken.
