1926 2830
576 172 298 36 Statsutskottets
892 174 186 35 utlåtande
1096 187 43 22 nr
1155 177 34 33 8.
1563 181 64 30 113

135 250 60 35 ket
214 251 140 35 innebär
372 252 186 35 anvisande
575 265 45 23 av
639 266 131 22 samma
789 255 261 44 anslagsbelopp
1068 269 75 22 som
1162 256 51 36 för
1231 257 227 35 innevarande
1476 258 148 43 budget-

135 304 47 40 år,
198 304 196 35 hemställer
411 305 185 42 utskottet,

500 365 56 30 att
575 360 181 44 riksdagen
776 363 58 33 må
855 362 50 35 till
925 362 128 45 Bidrag
1074 364 54 34 till
1147 364 162 44 avlöning
1328 378 44 22 av
1391 365 234 42 föreståndare

454 412 51 42 för
526 414 148 35 svenska
696 415 297 37 studenthemmet
1014 417 13 35 i
1048 417 97 35 Paris
1167 417 52 35 för
1241 418 202 44 budgetåret
1469 419 155 44 1947/48

455 467 120 35 anvisa
590 473 53 30 ett
659 469 116 43 anslag
790 482 44 23 av
852 473 20 31 8
886 474 65 31 000
968 471 137 35 kronor.

180 565 114 41 286:0)
324 564 228 44 Främjande
576 577 48 24 av
647 568 509 37 internationellt-kulturellt
1181 573 217 33 samarbete.
1433 572 17 33 I
1475 573 149 43 enlighet

136 616 76 34 med
236 616 130 45 Kungl.
391 618 124 44 Maj:ts
539 619 127 44 förslag
691 621 129 43 (punkt
844 625 78 39 326,
945 635 25 23 s.
996 624 95 43 534),
1117 624 109 36 vilket
1250 625 139 34 innebär
1413 637 41 22 en
1478 626 145 43 anslags-

134 670 142 43 höjning
297 672 78 34 med
399 675 63 31 100
477 676 65 32 000
563 673 138 42 kronor,
721 674 197 36 hemställer
938 676 186 43 utskottet,

499 731 55 31 att
576 727 179 44 riksdagen
776 729 58 34 må
855 729 53 35 till
929 730 206 42 Främjande
1156 744 44 22 av
1222 731 400 36 internationellt-kultu-

454 779 77 36 rellt
553 781 193 35 samarbete
769 782 52 36 för
845 783 208 43 budgetåret
1078 784 156 44 1947/48
1259 786 118 35 anvisa
1400 791 52 30 ett
1475 798 148 23 reserva-

454 834 211 45 tionsanslag
683 848 44 21 av
746 839 66 31 225
827 839 66 32 000
911 837 136 36 kronor.

179 931 115 42 287:o)
323 931 229 43 Främjande
570 943 50 25 av
639 934 382 37 nordiskt-kulturellt
1038 939 219 33 samarbete.
1286 938 131 44 Kungl.
1436 939 109 43 Maj:t
1561 940 63 34 har

139 983 129 43 (punkt
283 988 78 37 327,
376 998 26 21 s.
417 987 195 42 534—546)
632 987 178 44 föreslagit
826 989 184 43 riksdagen
1028 995 55 30 att
1099 991 52 34 till
1171 991 268 43 ifrågavarande
1454 993 166 35 ändamål

135 1035 51 35 för
207 1037 204 43 budgetåret
433 1039 156 44 1947/48
612 1041 115 35 anvisa
749 1046 54 30 ett
825 1043 343 44 reservationsanslag
1189 1057 43 21 av
1254 1048 65 31 237
1333 1049 65 31 600
1419 1046 137 35 kronor.

181 1136 18 33 I
215 1136 171 35 samband
403 1137 145 35 härmed
566 1138 64 34 har
646 1139 177 36 utskottet
840 1141 53 34 till
913 1141 213 44 behandling
1143 1142 154 36 förehaft
1313 1145 65 34 två
1395 1144 226 43 likalydande

135 1189 184 41 motioner,
343 1190 129 35 väckta
492 1191 69 34 den
582 1204 66 22 ena
669 1193 94 34 inom
787 1194 110 35 första
919 1195 207 35 kammaren
1149 1209 45 22 av
1216 1197 122 35 fröken
1360 1198 134 35 Osvald
1514 1211 47 22 m.
1581 1199 39 42 fl.

138 1243 44 42 (I:
199 1244 77 41 191)
307 1244 66 35 och
400 1244 67 35 den
492 1246 111 34 andra
629 1246 95 35 inom
749 1248 111 34 andra
885 1248 205 36 kammaren
1118 1263 45 21 av
1191 1251 78 34 herr
1296 1251 185 44 Swedberg
1509 1265 48 22 m.
1582 1253 38 43 fl.

137 1296 64 40 (II:
216 1298 95 42 270),
333 1298 10 33 i
368 1298 92 34 vilka
483 1299 205 42 hemställts,
711 1305 51 30 att
784 1300 75 35 från
882 1301 259 43 ifrågavarande
1163 1304 117 43 anslag
1301 1306 57 33 må
1380 1305 118 34 kunna
1521 1306 101 34 utbe-

133 1350 86 34 talas
237 1350 119 43 bidrag
371 1351 130 42 jämväl
518 1353 51 34 för
586 1353 202 36 bevistande
805 1368 44 21 av
867 1355 93 41 kurs,
977 1369 75 21 som
1068 1357 104 43 pågår
1188 1358 104 35 minst
1311 1362 40 30 14
1369 1359 116 43 dagar,
1501 1360 121 34 anord-

134 1403 64 34 nad
221 1416 45 22 av
288 1405 122 33 svensk
431 1405 123 44 folklig
575 1406 392 46 rikssammanslutning,
988 1422 74 22 som
1085 1410 53 34 för
1161 1412 50 33 sin
1234 1412 387 43 bildningsverksamhet

133 1456 154 42 åtnjuter
304 1458 283 42 statsunderstöd,
607 1465 89 31 samt
716 1466 51 30 att
786 1462 152 43 anslaget
957 1463 94 42 höjes
1070 1464 78 33 med
1169 1468 18 30 3
1203 1469 65 30 000
1286 1465 124 35 kronor
1428 1466 49 34 till
1499 1470 42 30 20
1556 1471 65 29 000

134 1510 139 35 kronor.

180 1609 131 44 Kungl.
328 1610 126 43 Maj:ts
472 1611 129 44 förslag
619 1613 145 35 innebär
781 1627 42 21 en
841 1615 285 44 anslagshöjning
1143 1617 80 34 med
1245 1621 62 30 116
1323 1622 65 30 000
1406 1618 140 36 kronor.
1564 1620 55 34 Av

135 1663 60 34 det
211 1663 195 44 föreslagna
424 1666 305 44 anslagsbeloppet
747 1680 100 22 avses
867 1672 40 30 15
922 1672 67 31 000
1003 1669 131 35 kronor
1152 1670 54 35 för
1242 1671 377 37 bestridande

135 1730 62 21 av
231 1718 302 36 särskilda
567 1720 327 36 kostnader
928 1722 86 35 för
1052 1724 226 43 ungdom
1314 1725 113 35 från
1463 1731 156 30 annat

135 1771 268 36 nordiskt
438 1773 128 34 land
621 1778 59 30 än
730 1775 242 43 Sverige
1008 1777 172 35 under
1215 1779 310 35 bevistande
1562 1793 57 21 av

133 1824 119 35 kurs
289 1825 86 35 vid
411 1827 192 34 svensk
639 1827 403 45 folkhögskola.
1079 1830 136 36 Härom
1240 1831 177 36 inhämtas
1443 1846 45 21 av
1513 1838 105 30 stats-

134 1878 295 43 rådsprotokollet
447 1879 169 43 följande.

178 1931 160 35 Svenska
360 1932 205 43 föreningen
591 1934 144 34 Norden
763 1935 65 34 har
853 1936 222 35 beträffande
1101 1937 268 43 ifrågavarande
1395 1939 124 43 bidrag
1543 1940 76 34 icke

134 1984 183 43 ifrågasatt
332 1986 116 42 någon
463 1986 206 44 förändring
684 1988 53 33 för
750 1991 102 31 nästa
869 1989 183 42 budgetår.
1066 1990 218 44 Föreningen
1298 1992 65 34 har
1376 1992 117 35 anfört
1511 1994 107 34 bland

134 2043 121 38 annat.

179 2101 55 33 De
259 2101 409 45 stipendiemöjligheter,
695 2116 76 22 som
802 2104 131 35 beretts
963 2106 155 42 ungdom
1148 2106 77 35 från
1253 2108 291 41 grannländerna,
1573 2109 46 35 ha

133 2145 164 41 medfört,
325 2150 55 30 att
406 2148 237 42 sammanlagt
672 2148 138 34 hundra
837 2150 114 33 elever
977 2150 79 34 från
1085 2151 196 41 Danmark,
1310 2153 161 40 Finland,
1499 2154 119 42 Norge

133 2189 66 34 och
218 2190 120 34 Island
358 2190 143 35 komma
520 2196 55 30 att
594 2192 137 34 bevista
750 2193 151 35 svenska
920 2194 262 43 folkhögskolor
1203 2197 110 33 under
1333 2198 128 33 läsåret
1486 2202 133 30 1946—

136 2237 98 31 1947.
251 2235 171 34 Intresset
440 2235 9 34 i
469 2236 281 42 grannländerna
768 2237 54 34 för
839 2238 100 34 dessa
955 2238 192 43 stipendier
1164 2240 64 34 har
1246 2241 92 34 varit
1356 2241 142 43 mycket
1516 2247 102 35 stort,

134 2278 64 34 och
222 2280 235 42 sammanlagt
478 2280 91 34 hade
590 2280 219 42 fyrahundra
830 2282 235 42 ansökningar
1088 2284 187 35 inkommit
1299 2285 59 34 vid
1383 2287 234 42 anmälnings-

135 2323 113 33 tidens
267 2324 144 42 utgång.

179 2367 173 34 Rådande
368 2368 367 35 valutaförhållanden
751 2382 41 29 ge
809 2370 59 33 vid
885 2370 152 41 handen,
1056 2376 54 30 att
1129 2372 60 34 det
1207 2376 89 31 även
1315 2374 9 33 i
1342 2373 275 44 fortsättningen

134 2415 38 29 är
196 2411 219 44 nödvändigt
439 2417 55 29 att
518 2413 115 34 elever
656 2413 77 34 från
758 2415 281 41 grannländerna
1066 2416 131 34 erhålla
1222 2417 123 43 bidrag
1368 2418 52 34 till
1445 2419 172 34 resekost-

133 2456 108 34 nader
264 2456 64 34 och
354 2457 50 33 till
428 2457 227 43 nödvändiga
679 2458 145 42 utgifter
848 2471 45 22 av
919 2471 95 22 mera
1038 2461 174 42 personlig
1236 2461 168 35 karaktär
1430 2463 111 34 under
1565 2464 51 34 sin

135 2500 139 34 vistelse
291 2502 46 42 på
355 2502 127 34 svensk
501 2502 255 43 folkhögskola.

166 2563 16 25 8
224 2577 4 1 —
257 2562 100 33 Bihang
375 2564 38 25 till
427 2563 150 33 riksdagens
593 2565 130 31 protokoll
741 2567 70 27 1947.
841 2570 15 22 6
875 2567 74 26 saml.
988 2568 39 24 Nr
1047 2571 23 23 8.
