1916 2830
570 191 291 36 Statsutskottets
875 188 181 35 utlåtande
1070 199 41 22 nr
1125 189 34 32 8.
1573 183 40 31 61

122 275 246 43 överstyrelsen
385 274 51 38 för
454 271 312 45 yrkesutbildning,
784 269 94 34 vilka
896 268 159 42 samtliga
1074 270 60 30 äro
1151 270 180 38 upptagna
1349 264 11 34 i
1377 262 236 43 kungörelsen.

122 320 195 35 Lindrande
337 332 44 22 av
400 319 65 33 den
483 318 54 33 för
554 315 214 37 närvarande
787 314 144 43 mycket
948 312 177 34 kännbara
1144 311 128 34 bristen
1291 310 45 42 på
1355 309 120 38 lärare,
1496 306 118 34 vilken

122 366 163 34 föranlett
302 363 196 35 inrättande
516 374 44 22 av
579 360 174 43 åtskilliga
769 360 72 33 helt
858 370 69 31 nya
945 356 194 36 seminarier
1157 355 65 34 och
1241 351 373 46 parallellavdelningar

123 410 59 34 vid
203 415 51 29 ett
273 409 113 34 flertal
408 420 43 23 av
473 407 41 34 de
535 404 257 40 förutvarande,
813 403 104 34 borde
940 403 11 33 i
971 402 113 42 någon
1104 400 81 34 mån
1204 399 119 34 kunna
1343 397 271 38 åstadkommas,

123 467 57 22 om
202 454 255 34 seminariernas
475 452 111 33 elever
604 450 88 34 hade
711 448 181 43 möjlighet
911 452 53 30 att
982 447 144 33 komma
1144 445 11 34 i
1174 443 206 43 åtnjutande
1400 454 44 22 av
1464 441 63 34 den
1546 440 67 34 för-

123 500 93 40 mån,
242 511 77 22 som
344 498 10 34 i
380 498 64 33 här
468 495 144 36 berörda
636 494 168 35 avseende
830 493 127 34 beretts
984 492 112 33 elever
1121 489 60 35 vid
1207 488 151 35 flertalet
1383 487 105 35 andra
1511 486 102 42 högre

124 545 124 33 skolor.

168 642 186 34 Utskottet
372 639 189 44 tillstyrker
579 639 12 34 i
609 637 152 44 enlighet
778 636 78 34 med
874 635 131 42 Kungl.
1025 633 125 43 Maj:ts
1168 632 136 42 förslag,
1322 636 56 30 att
1393 628 221 36 förevarande

124 697 117 42 anslag
258 695 52 34 för
327 698 98 31 nästa
443 693 169 43 budgetår
629 691 163 44 uppföres
810 690 79 34 med
907 694 51 29 ett
977 688 128 42 belopp
1125 699 43 22 av
1188 690 65 30 750
1268 689 65 30 000
1351 680 138 51 kronor.

169 750 18 34 I
212 749 112 35 likhet
348 748 78 34 med
450 744 376 45 departementschefen
849 743 62 34 har
934 742 175 34 utskottet
1132 739 118 35 funnit
1275 738 136 42 skäligt,
1435 742 55 30 att
1515 740 99 30 stats-

125 803 119 43 bidrag
263 801 82 35 med
366 801 103 42 högst
491 803 64 31 125
570 803 66 31 000
659 798 128 34 kronor
807 797 56 34 må
886 808 41 22 ur
948 795 153 43 anslaget
1122 793 84 44 utgå
1228 792 53 35 till
1303 791 231 35 elevhemmet
1556 789 59 34 vid

123 857 104 43 högre
255 855 159 34 tekniska
440 853 195 35 läroverket
661 852 11 34 i
699 851 119 34 Luleå.
855 849 189 36 Utskottet
1070 851 36 31 är
1135 850 87 32 även
1250 858 77 22 ense
1355 844 80 35 med
1462 843 153 43 departe-

124 908 237 36 mentschefen
380 908 130 40 därom,
529 911 56 30 att
602 906 60 34 det
680 905 75 34 icke
773 904 70 34 kan
862 915 95 24 anses
977 902 223 39 omotiverat,
1219 904 53 30 att
1291 899 233 34 Norrbottens
1542 897 74 33 läns

125 963 172 43 landsting
313 963 133 34 lämnar
461 960 122 43 bidrag
598 960 53 35 till
666 958 231 36 kostnaderna
911 956 52 35 för
978 955 247 35 elevhemmets
1241 951 223 45 uppförande.
1482 952 134 42 Depar-

125 1015 273 36 tementschefen
418 1014 62 34 har
501 1014 104 34 också
627 1012 203 40 framhållit,
851 1015 54 31 att
924 1010 69 34 han
1014 1008 149 47 räknade
1184 1007 154 34 härmed.
1360 1006 75 34 Vad
1457 1006 11 33 i
1489 1004 127 35 motio-

126 1082 102 22 nerna
252 1070 30 33 I:
298 1072 65 31 188
388 1068 65 34 och
477 1068 50 33 II:
542 1070 64 30 211
634 1065 131 35 anförts
789 1065 66 34 och
878 1063 196 35 hemställts
1100 1062 63 34 har
1186 1061 76 34 icke
1285 1061 135 33 kunnat
1443 1058 175 34 föranleda

125 1124 179 34 utskottet
321 1127 56 30 att
395 1121 124 43 frångå
535 1121 68 34 den
622 1118 223 44 ståndpunkt
861 1118 13 34 i
890 1116 233 35 förevarande
1141 1114 138 41 ärende,
1297 1126 78 22 som
1392 1125 46 22 av
1454 1112 162 43 departe-

126 1176 235 35 mentschefen
382 1174 140 35 sålunda
542 1173 143 43 intagits
707 1173 64 33 och
792 1184 44 22 av
857 1171 178 35 utskottet
1054 1170 63 34 här
1139 1181 89 21 ovan
1251 1167 150 34 biträtts.
1434 1166 184 34 Utskottet

127 1230 182 44 avstyrker
328 1228 114 35 därför
462 1227 97 35 bifall
581 1228 53 33 till
655 1224 257 45 ifrågavarande
932 1224 183 34 motioner.

171 1283 222 35 Beträffande
416 1281 58 35 det
493 1282 12 34 i
527 1281 179 34 motionen
727 1280 29 33 I:
772 1283 64 30 139
858 1277 217 35 framställda
1098 1275 171 44 yrkandet
1290 1278 38 30 är
1348 1274 175 34 utskottet
1543 1272 75 34 icke

128 1339 111 33 berett
263 1342 54 30 att
341 1336 175 43 tillstyrka
541 1334 96 34 bifall
663 1334 53 34 till
740 1333 195 34 detsamma
960 1331 81 34 med
1066 1331 135 42 hänsyn
1227 1329 103 34 bland
1356 1333 106 30 annat
1486 1327 54 34 till
1566 1331 53 30 att

127 1391 118 43 frågan
265 1403 62 22 om
349 1388 328 43 lärarutbildningen
698 1387 52 34 för
770 1385 213 36 närvarande
1005 1388 36 31 är
1062 1384 142 34 föremål
1225 1382 52 34 för
1296 1381 195 42 utredning,
1512 1376 108 51 vilket

126 1445 69 35 kan
212 1445 144 34 komma
374 1448 52 30 att
444 1446 86 30 även
548 1441 155 43 påverka
721 1438 461 43 seminarieorganisationen.
1200 1436 186 33 Motionen
1404 1434 98 34 torde
1520 1434 100 34 alltså

128 1499 76 33 icke
223 1498 84 34 böra
323 1497 54 35 till
395 1497 111 42 någon
524 1495 197 42 riksdagens
739 1492 122 44 åtgärd
879 1491 186 35 föranleda.

170 1551 123 35 Under
311 1549 223 43 åberopande
552 1561 46 22 av
617 1548 72 34 vad
707 1546 148 35 sålunda
876 1545 135 35 anförts
1029 1543 203 35 hemställer
1249 1542 190 40 utskottet,

493 1603 30 34 I.
548 1607 54 29 att
622 1601 181 42 riksdagen
821 1600 69 40 må,
911 1599 79 34 med
1010 1597 97 35 bifall
1126 1598 53 34 till
1199 1596 131 43 Kungl.
1350 1595 126 42 Maj:ts
1496 1594 125 42 förslag

450 1661 91 30 samt
557 1655 79 34 med
653 1655 118 42 avslag
786 1655 22 33 å
823 1653 215 34 motionerna
1055 1652 30 33 I:
1101 1654 65 31 188
1183 1650 65 34 och
1265 1650 50 34 II:
1330 1652 78 37 211,
1424 1649 53 35 till
1493 1647 129 42 Bidrag

449 1710 52 34 till
519 1709 197 35 inrättande
733 1720 45 23 av
793 1707 157 34 skolhem
966 1706 53 42 för
1035 1705 174 43 lärjungar
1225 1704 60 34 vid
1302 1703 103 42 högre
1422 1701 198 35 läroanstal-

450 1767 51 30 ter
520 1763 51 34 för
592 1762 207 43 budgetåret
821 1760 155 43 1947/48
999 1759 120 35 anvisa
1140 1763 51 29 ett
1212 1756 344 42 reservationsanslag
1576 1766 46 23 av

451 1821 65 30 730
530 1820 65 30 000
612 1816 139 39 kronor;

495 1870 50 33 II.
571 1874 55 29 att
645 1868 178 34 motionen
844 1867 29 33 I:
889 1870 63 30 139
974 1866 76 34 icke
1070 1865 57 34 må
1148 1865 53 34 till
1221 1864 111 42 någon
1352 1863 195 42 riksdagens
1568 1862 54 33 åt-

451 1923 80 42 gärd
550 1921 183 35 föranleda.

178 2040 114 42 164:0)
321 2039 142 42 Bidrag
490 2039 57 33 till
575 2038 211 33 avlönande
812 2047 49 23 av
887 2034 262 36 föreståndare
1175 2034 64 33 vid
1267 2033 165 34 skolhem
1463 2032 61 33 för
1550 2033 72 33 lär-

131 2094 141 42 jungar
300 2093 65 34 vid
392 2094 115 41 högre
536 2091 273 34 läroanstalter.
848 2090 19 32 I
895 2088 151 43 enlighet
1075 2088 81 34 med
1185 2087 130 42 Kungl.
1344 2086 126 42 Maj:ts
1499 2085 124 42 förslag

135 2147 130 42 (punkt
288 2149 77 38 190,
388 2159 25 21 s.
436 2145 210 42 337—342),
669 2144 108 33 vilket
798 2143 139 34 innebär
958 2154 43 21 en
1022 2140 276 43 anslagshöjning
1319 2139 78 34 med
1422 2143 19 30 9
1456 2143 66 30 000
1544 2139 78 33 kro-

133 2212 72 27 nor,
224 2199 197 33 hemställer
440 2198 183 38 utskottet,

498 2255 55 29 att
570 2250 181 42 riksdagen
767 2250 58 32 må
840 2249 52 33 till
909 2248 128 41 Bidrag
1057 2247 53 34 till
1126 2246 189 34 avlönande
1333 2258 46 21 av
1395 2245 229 42 föreståndare

454 2302 61 35 vid
529 2303 158 34 skolhem
702 2303 54 40 för
773 2302 175 42 lärjungar
962 2301 60 33 vid
1039 2300 101 42 högre
1157 2299 236 34 läroanstalter
1408 2298 53 34 för
1476 2298 148 42 budget-

453 2357 70 33 året
541 2355 156 43 1947/48
713 2355 118 34 anvisa
844 2360 53 28 ett
911 2353 260 43 förslagsanslag
1186 2365 43 22 av
1246 2356 43 30 27
1303 2356 65 30 000
1383 2352 137 33 kronor.

1674 634 141 26 Utskottet.
