2176 2551
768 193 100 29 Ntuts-
884 187 159 32 Utskottets
1075 186 107 32 Utläta
1209 186 35 30 de
1270 187 60 31 N:o
1356 188 47 29 65.
1795 185 39 29 19

267 281 50 30 att
350 275 192 36 Utskottets
571 272 167 47 yttrande
776 270 71 36 och
878 268 128 46 förslag
1033 268 8 34 i
1070 268 113 34 denna
1212 266 112 48 punkt
1354 266 78 34 bort
1461 264 105 35 hafva
1583 262 154 47 följande
1753 261 133 48 lydelso

268 328 65 35 och
363 325 169 36 innehåll:

410 375 123 37 «Hvad
565 376 87 35 först
690 372 166 36 beträffar
885 371 66 34 den
981 370 38 33 så
1049 368 140 35 kallade
1219 373 93 29 stora
1342 367 314 47 bergslagsbanan,
1686 375 102 25 anser
1822 364 62 35 Ut-

269 434 128 33 skottet
432 429 65 34 den
528 428 132 45 nådiga
695 424 261 48 propositionen
987 420 180 36 innehålla
1197 419 75 35 skäl
1298 420 53 34 för
1380 419 57 34 det
1466 419 103 34 sökta
1595 417 200 36 statslånets
1824 416 60 34 be-

272 481 161 48 viljande.
491 478 179 36 Utskottet
698 478 112 34 finner
839 469 210 49 visserligen
1077 471 57 35 det
1156 483 82 23 vara
1255 470 38 35 af
1306 470 84 46 vigt,
1407 471 96 34 såväl
1521 470 53 35 för
1591 470 58 34 det
1665 468 221 36 närvarande

270 546 73 22 som
378 531 144 35 framför
551 530 64 35 allt
643 529 78 34 med
751 526 164 36 afseende
944 525 20 34 å
994 525 57 34 det
1079 522 170 48 exempel,
1278 534 75 23 som
1381 533 129 35 genom
1538 521 101 36 bifall
1670 521 53 34 till
1754 519 131 45 Kongl.

272 585 119 46 Maj:ts
420 582 214 48 proposition
666 580 113 46 gifves
821 578 53 35 för
917 576 198 44 framtiden,
1145 579 49 30 att
1232 573 168 43 enskilde,
1436 585 73 22 som
1538 573 40 34 af
1601 585 98 32 egen,
1731 572 43 34 fri
1806 570 81 47 vilja

272 639 132 44 begynt
445 637 49 31 ett
531 633 147 45 företag,
716 631 106 35 också
865 629 84 35 böra
991 627 111 47 sjelfva
1157 626 125 45 bringa
1316 625 57 35 det
1402 624 51 35 till
1482 624 71 35 slut
1581 624 64 35 och
1676 628 50 30 att
1754 628 133 29 statens

274 687 247 37 mellankomst
559 685 29 46 ej
620 688 108 30 annat
757 686 43 30 än
831 682 10 34 i
870 684 146 43 yttersta
1046 677 261 47 undantagsfall
1338 678 61 34 bör
1429 676 121 34 kunna
1580 676 55 34 vid
1667 675 125 34 sådant
1816 674 70 34 för-

274 738 162 38 hållande
478 737 190 48 påräknas.
727 733 82 35 Men
855 738 50 29 ett
933 732 125 34 sådant
1085 728 264 46 undantagsfall
1375 739 106 36 synes
1510 727 63 34 här
1604 738 83 23 vara
1716 727 52 33 för
1797 725 88 35 han-

273 793 77 34 den.
409 788 306 47 Bergslagsbanan
759 788 38 31 är
840 785 27 45 ej
914 783 86 35 blott
1029 783 57 35 det
1114 780 213 48 ojemförligt
1355 783 129 31 största
1513 778 162 35 enskilda
1700 777 186 47 jernvägs-

277 845 142 43 företag,
461 853 74 23 som
564 840 8 34 1
602 839 95 34 detta
739 837 81 34 land
864 834 233 39 förekommit,
1127 838 84 30 utan
1240 832 84 34 flera
1354 830 245 36 förhållanden
1626 833 84 42 göra
1740 828 58 34 det
1822 828 65 34 ock

274 895 119 34 alltför
435 892 185 46 antagligt,
663 893 49 31 att
754 888 58 34 det
856 887 114 35 skulle
999 885 156 36 medföra
1184 897 42 21 en
1253 888 71 30 stor
1354 882 122 42 skada,
1507 893 72 23 som
1609 882 28 45 ej
1669 881 139 34 komme
1838 883 51 30 att

275 945 194 36 inskränka
515 944 53 45 sig
610 941 123 35 endast
772 939 55 34 till
862 939 57 34 det
948 936 272 46 ifrågavarande
1250 934 158 35 enskilda
1441 933 151 46 bolaget,
1623 944 54 22 om
1702 932 184 44 jernvägs-

276 996 265 46 anläggningen
584 994 152 34 afbrötes
765 991 64 34 och
860 991 159 45 bolagets
1048 987 226 36 ekonomiska
1305 986 168 42 ställning
1502 984 203 45 derivenom
1735 983 76 34 lede
1840 987 49 28 ett

276 1049 206 34 allvarsamt
509 1045 156 36 afbräck.

411 1098 181 35 Utskottet
620 1096 65 34 har
714 1094 114 35 derför
859 1094 9 32 i
900 1094 95 33 detta
1016 1090 72 44 fall
1118 1097 115 27 ansett
1262 1090 53 42 sie
1347 1089 83 34 böra
1460 1088 178 45 tUllstyrka
1670 1091 136 30 statens
1836 1085 51 33 in-

276 1150 182 48 gripande,
489 1149 90 34 dock
608 1147 29 47 ej
668 1147 45 46 på
742 1146 41 34 de
812 1146 39 33 af
878 1144 131 46 Kongl.
1041 1142 100 46 Maj:t
1170 1141 199 45 föreslagna
1401 1140 122 34 vilkor.

411 1200 159 36 Svenska
598 1202 116 31 staten
735 1197 66 34 har
831 1195 124 36 hittills
985 1194 113 46 aldrig
1128 1193 94 34 trädt
1252 1193 8 33 i
1290 1192 166 42 beröring
1486 1190 76 35 med
1593 1189 162 35 enskilda
1785 1188 104 44 bolag

280 1255 42 47 på
352 1254 57 34 det
437 1256 69 31 sätt
534 1255 49 31 att
626 1253 113 32 staten
782 1248 140 34 belånat
951 1246 86 35 eller
1066 1245 123 46 inköpt
1217 1244 101 34 deras
1349 1241 196 44 utfärdade,
1576 1241 150 46 löpande
1755 1239 133 45 obliga-

278 1308 125 40 tioner,
431 1303 62 35 och
524 1302 112 46 enligt
664 1300 201 35 Utskottets
899 1298 92 45 åsigt
1028 1297 68 34 kan
1125 1296 58 34 det
1198 1295 29 47 ej
1245 1294 112 35 heller
1389 1306 80 22 vara
1499 1292 167 47 lämpligt
1695 1296 49 29 att
1773 1291 116 34 denna

278 1359 88 33 form
397 1356 51 34 för
477 1352 277 37 statsunderstöd
786 1351 157 35 kommer
973 1349 51 35 till
1053 1347 238 45 användning.
1350 1345 113 35 Bland
1494 1345 41 34 de
1554 1343 237 47 olägenheter,
1816 1353 73 23 som

278 1407 143 36 härmed
450 1410 59 30 äro
539 1402 177 46 förenade,
743 1402 52 35 får
825 1402 183 35 Utskottet
1035 1399 144 35 härmed
1210 1398 88 34 fästa
1328 1395 357 49 uppmärksamheten
1716 1394 45 47 på
1782 1393 107 46 omöj-

278 1459 157 46 ligheten
465 1461 50 30 att
543 1457 10 34 i
583 1455 127 35 sådant
754 1454 59 34 fall
843 1454 57 34 vid
930 1450 331 46 statsregleringens
1291 1448 229 47 uppgörande
1551 1447 77 34 med
1658 1446 116 44 någon
1802 1444 86 34 viss-

280 1511 59 35 het
368 1509 153 34 beräkna
553 1507 162 46 beloppet
755 1505 37 35 af
831 1506 66 33 den
942 1500 407 50 kapitalåterbetalning,
1384 1504 113 30 staten
1531 1498 65 35 har
1625 1502 52 30 att
1704 1498 53 33 för
1786 1502 104 28 stats-

282 1560 271 48 regleringsåret
581 1558 163 35 förvänta
788 1557 20 34 å
837 1560 49 30 ett
908 1556 109 33 under
1046 1554 115 34 denna
1190 1552 87 35 form
1307 1551 196 35 utlemnadt
1531 1549 158 35 statslån.
1746 1547 144 45 Obliga-

282 1614 159 34 tionerna
483 1616 193 29 amorteras
720 1608 176 45 nemligen
938 1617 126 35 genom
1109 1604 189 45 utlottning
1330 1602 67 35 och
1426 1602 57 35 det
1512 1605 38 31 är
1579 1600 57 35 vid
1667 1599 124 35 sådant
1819 1599 71 33 för-

281 1663 164 36 hållande
487 1662 117 43 ovisst,
644 1661 8 33 i
691 1659 145 35 hvilken
880 1662 110 31 större
1033 1656 84 35 eller
1161 1655 132 35 mindre
1333 1654 83 34 mån
1445 1652 261 44 amorteringen
1736 1651 52 34 för
1818 1650 75 33 året

285 1717 155 33 kommer
469 1717 51 31 att
548 1712 83 35 falla
660 1712 45 47 på
729 1711 74 47 just
831 1710 41 34 de
901 1708 241 47 obligationer,
1172 1710 112 32 staten
1314 1705 158 35 innehar.
1528 1702 71 37 Hör
1619 1704 58 34 det
1697 1715 48 22 nu
1760 1701 131 45 ifråga-

282 1766 166 40 varande,
477 1764 83 35 eller
588 1762 277 48 Bergslagernas
889 1759 388 48 jernvägsaktiebolags
1306 1755 283 46 obligationslån,
1605 1767 73 22 som
1695 1753 91 35 skall
1806 1752 86 34 slut-

282 1818 132 35 betalas
456 1816 38 34 år
527 1817 109 42 1914,
666 1812 209 37 verkställes
903 1811 237 45 utlottningen
1169 1809 133 45 årligen
1334 1809 8 33 i
1372 1807 73 35 Juli
1477 1806 137 45 månad,
1644 1805 134 35 således
1807 1804 85 34 efter

282 1870 208 45 riksdagens
532 1866 81 45 slut,
647 1866 65 34 och
759 1865 42 34 de
844 1863 172 36 utlottade
1058 1862 280 46 obligationerna
1382 1858 139 35 förfalla
1565 1857 149 35 derefter
1748 1856 67 35 den
1847 1856 44 33 15

282 1922 107 46 derpå
420 1918 154 47 följande
603 1917 160 35 Januari.

416 1971 49 35 Då
507 1970 183 35 Utskottet
720 1968 120 34 vidare
871 1967 77 34 icke
979 1977 101 23 anser
1111 1965 56 34 det
1198 1975 82 23 vara
1310 1963 162 46 lämpligt
1501 1967 61 39 att,
1593 1962 42 46 på
1664 1964 69 31 sätt
1763 1957 129 46 Kongl.

285 2024 96 46 Maj:t
424 2022 189 45 föreslagit,
650 2020 116 34 lemna
796 2019 57 34 lån
885 2021 69 31 mot
983 2017 157 45 bolagets
1169 2015 235 44 obligationer
1428 2013 131 47 jemväl
1591 2013 38 34 af
1655 2012 58 34 det
1741 2010 75 35 skäl
1842 2016 51 26 att

282 2077 42 33 de
356 2076 74 34 ieke
462 2075 121 33 kunna
613 2083 102 24 anses
741 2070 170 36 innefatta
941 2069 64 34 den
1037 2067 158 47 fullgoda
1225 2066 175 46 säkerhet,
1422 2070 113 30 staten
1554 2066 60 31 bör
1628 2064 121 34 kunna
1765 2061 127 44 fordra,

282 2129 35 31 så
349 2127 63 33 har
449 2125 178 35 Utskottet
656 2123 97 35 såväl
783 2123 9 33 i
823 2121 161 35 afseende
1014 2121 19 33 å
1063 2123 104 31 sättet
1195 2119 53 33 för
1269 2117 304 41 återbetalningen
1593 2127 74 22 som
1684 2112 208 37 säkerheten

283 2178 125 40 derför,
440 2178 76 34 icke
546 2180 115 31 ansett
690 2175 53 46 sig
772 2175 121 34 kunna
923 2172 175 47 tillstyrka
1127 2171 100 34 bifall
1259 2170 47 34 till
1343 2168 126 43 Kongl.
1499 2167 119 45 Maj:ts
1647 2165 142 46 förslag.

411 2229 8 33 I
466 2228 164 35 afseende
668 2227 20 34 å
723 2226 96 35 tiden
857 2226 51 33 för
951 2224 112 34 lånets
1104 2222 258 45 återbetalning
1400 2219 64 34 har
1495 2218 215 35 Utskottet
1699 2212 20 61 i
1739 2218 59 33 sitt
1830 2216 65 35 här

285 2279 110 34 nedan
442 2279 121 47 gjorda
605 2278 131 45 förslag
779 2278 78 34 sökt
886 2277 124 45 bringa
1039 2276 202 34 densamma
1272 2272 50 35 till
1348 2272 38 34 så
1414 2274 86 31 nära
1530 2268 365 37 öfverensstämmelse
