1906 2780
270 132 19 30 4
576 132 122 39 Tredje
721 132 247 40 lagutskottets
991 133 180 31 utlåtande
1192 143 43 20 nr
1256 134 43 30 27
1323 134 40 30 år
1386 135 83 29 1960

460 215 184 34 (Gällande
672 215 148 40 lydelse)

1210 217 226 40 (Föreslagen
1457 217 148 40 lydelse)

986 301 15 29 1
1029 300 28 38 8.

320 349 83 30 Fast
421 349 180 39 egendom,
621 358 73 21 som
714 350 38 28 är
771 349 144 30 taxerad
934 358 74 21 som
1027 349 372 40 jordbruksfastighet,
1418 350 57 30 må
1493 351 31 39 ej
1547 358 124 32 genom
1690 352 81 39 köp,

273 390 82 39 byte
371 390 81 30 eller
467 391 86 38 gåva
570 391 179 30 förvärvas
765 393 87 28 utan
869 391 157 30 tillstånd
1043 401 43 21 av
1102 392 330 30 lantbruksnämnd.
1450 393 131 31 Sådant
1599 394 173 30 förvärvs-

273 432 160 30 tillstånd
449 432 178 30 erfordras
645 433 87 30 dock
748 433 31 40 ej

314 474 29 29 1.
359 474 61 29 där
433 474 225 39 förvärvaren
673 475 38 29 är
725 475 149 35 kronan,
889 474 115 31 lands-

270 515 181 35 kommun,
477 516 142 39 köping,
645 516 76 30 stad
745 516 84 30 eller
854 517 147 29 munici-

270 558 244 38 palsamhälle;

1089 476 27 29 1.
1146 476 62 29 där
1237 476 213 38 egendomen
1480 476 182 40 förvärvas
1690 477 82 40 från

1040 518 137 30 kronan
1210 519 67 29 och
1315 519 35 39 ej
1384 519 109 29 heller
1529 519 64 29 där
1628 520 147 35 kronan,

1041 559 286 38 landskommun,
1345 560 140 40 köping,
1503 561 78 29 stad
1598 561 83 30 eller
1696 570 76 21 mu-

1041 601 302 40 nicipalsamhälle
1366 603 38 29 är
1425 602 219 40 förvärvare;

320 642 30 29 2.
376 642 62 29 där
454 642 214 39 egendomen
684 661 43 4 —
743 661 44 4 —
803 661 44 4 —
864 643 221 31 sistnämnda
1102 644 111 30 andel.

319 684 331 30 Förvärvstillstånd
668 684 89 30 skall

315 802 249 32 Förordnande
585 812 74 21 som

314 845 13 29 I
356 845 109 39 övrigt
493 845 89 30 skall
611 845 38 30 så
675 854 101 21 anses
804 847 91 28 samt
921 845 79 30 med

269 887 145 30 ärendet
438 888 11 29 i
476 887 206 39 tillämpliga
707 887 97 30 delar
831 887 38 30 så
895 887 106 29 förfa-

268 938 69 25 ras,
358 938 73 20 som
449 938 55 21 om
524 929 213 39 egendomen
755 929 100 31 blivit
874 930 126 29 utmätt

269 970 56 30 för
358 970 142 30 fordran
531 971 80 29 med
642 971 99 30 bästa
771 971 230 30 förmånsrätt

269 1012 93 35 däri;
389 1012 86 30 dock
499 1013 67 34 må,
592 1014 86 28 även
701 1022 55 21 om
781 1013 58 30 det
861 1014 11 29 i
895 1012 106 40 enlig-

269 1052 60 30 het
362 1052 142 30 härmed
538 1052 181 30 bestämda
750 1053 113 39 lägsta
895 1052 105 31 budet

269 1096 151 40 uppnås,
437 1096 211 40 försäljning
665 1097 30 39 ej
716 1097 60 30 ske
793 1097 80 30 med
890 1096 112 31 mind-

268 1147 37 21 re
332 1138 67 30 den
423 1138 134 40 bjudna
583 1139 279 39 köpeskillingen
888 1138 113 30 tillika

269 1180 121 30 täcker
414 1180 55 30 det
492 1180 107 30 värde
624 1190 72 21 som
720 1181 111 30 åsatts
855 1181 146 39 egendo-

269 1231 83 21 men
374 1232 41 20 av
436 1222 372 40 utmätningsmannen
830 1222 93 35 eller,
943 1231 57 21 om

269 1264 130 39 ägaren
423 1265 10 29 i
459 1264 64 39 god
550 1264 50 30 tid
627 1264 72 31 före
725 1264 192 30 auktionen
942 1264 59 40 på-

269 1305 112 30 kallat
410 1306 149 30 särskild
588 1306 194 40 värdering,
812 1306 58 30 det
897 1307 104 29 värde

269 1348 117 29 vartill
413 1348 214 39 egendomen
654 1348 134 31 skattas
816 1358 41 20 av
883 1348 119 30 värde-

269 1390 181 38 ringsmän
490 1399 75 21 som
606 1390 250 30 Ööverexekutor
896 1392 105 29 utser.

270 1430 223 40 Egendomen
524 1431 58 30 må
614 1432 117 39 säljas,
763 1432 155 30 förutom
949 1432 52 29 till

269 1473 68 29 den
378 1482 72 21 som
491 1473 140 31 erhållit
671 1474 329 33 förvärvstillstånd,

269 1514 146 30 allenast
432 1514 50 30 till
501 1514 145 34 kronan,
663 1514 52 30 till
733 1515 168 30 kommun
917 1515 82 30 eller

269 1565 120 22 annan
431 1557 95 39 dylik
571 1557 236 40 samfällighet
839 1567 74 21 som
942 1557 59 30 vill

270 1598 162 30 förvärva
477 1600 213 38 egendomen
736 1599 56 30 för
839 1599 162 30 ändamål

270 1649 120 21 varom
408 1640 166 39 förmäles
592 1641 11 30 i
622 1641 14 29 1
655 1640 21 37 $
689 1641 113 40 första
819 1642 136 39 stycket
970 1642 31 36 2,

269 1682 53 30 till
345 1683 224 39 andelsägare
591 1693 73 20 som
685 1693 98 21 avses
803 1684 12 29 i
839 1684 13 29 1
877 1683 16 37 8
915 1684 87 30 förs-

270 1725 35 29 ta
326 1725 133 38 stycket
478 1724 19 30 8
516 1725 84 30 eller
620 1725 49 30 till
689 1725 311 40 kreditinrättning

270 1775 76 20 som
370 1767 76 38 sägs
467 1767 9 29 i
501 1766 35 29 11
564 1766 16 37 $
604 1767 108 30 andra
733 1768 147 39 stycket.
901 1767 101 40 Avgi-

268 1817 59 20 ves
346 1808 56 29 vid
421 1808 191 30 auktionen
629 1809 69 30 bud
717 1819 73 20 som
810 1810 107 39 enligt
934 1811 66 29 vad

269 1858 48 20 nu
349 1852 93 37 sagts
470 1850 57 30 må
558 1853 154 37 antagas,
743 1851 90 30 skall
863 1852 138 39 försälj-

269 1891 86 39 ning
395 1892 69 33 ske,
505 1892 93 30 ändå
639 1895 48 29 att
716 1893 213 31 innehavare
958 1903 43 21 av

269 1932 146 31 fordran
455 1933 172 31 bestrider
668 1934 66 30 det.
777 1935 75 31 Vad
883 1936 119 30 utsök-

269 1974 205 40 ningslagen
495 1976 8 29 i
526 1975 100 40 fråga
646 1986 54 20 om
723 1977 70 30 fast
814 1977 186 40 egendoms

269 2016 212 40 försäljning
510 2018 65 29 och
606 2018 297 41 köpeskillingens
933 2019 68 30 för-

268 2058 143 40 delning
433 2059 141 40 stadgar
596 2060 221 31 beträffande
839 2061 161 40 gäldenä-

267 2109 63 21 ren
351 2101 87 29 skall
458 2102 9 29 i
487 2102 129 30 ärende
636 2111 73 21 som
728 2112 48 20 nu
797 2112 100 22 avses
915 2102 85 32 läm-

267 2150 64 31 pas
354 2142 52 30 till
429 2143 138 39 ägaren.

313 2266 164 31 Kommer
498 2267 212 42 försäljning

314 2308 155 32 Kostnad
489 2309 10 30 i

1305 685 102 40 eljest
1424 686 147 31 avvisas.

1284 806 155 38 avyttrar
1459 806 78 30 den.

1087 847 13 29 I
1127 847 111 39 övrigt
1266 847 89 30 skall
1383 847 38 30 så
1447 857 102 21 anses
1577 849 91 29 samt
1694 848 79 30 med

1042 888 142 31 ärendet
1210 889 10 29 i
1246 889 208 40 tillämpliga
1479 889 98 30 delar
1603 890 37 30 så
1666 890 108 30 förfa-

1040 939 69 25 ras,
1139 939 73 22 som
1253 939 57 21 om
1351 931 214 39 egendomen
1593 931 99 31 blivit
1720 933 54 28 ut-

1041 973 89 29 mätt
1149 972 54 30 för
1221 972 146 31 fordran
1385 973 78 30 med
1482 973 100 31 bästa
1601 974 173 30 förmäns-

1041 1015 70 28 rätt
1129 1014 89 35 däri;
1239 1015 90 30 dock
1346 1015 67 34 må,
1433 1016 85 29 även
1536 1025 57 20 om
1613 1015 56 31 det
1686 1016 11 29 i
1715 1024 59 21 en-

1041 1055 108 40 lighet
1180 1056 146 31 härmed
1358 1057 180 30 bestämda
1570 1058 112 38 lägsta
1712 1057 63 30 bu-

1041 1098 58 29 det
1127 1098 147 40 uppnås,
1304 1098 211 40 försäljning
1543 1099 31 40 ej
1606 1100 60 30 ske
1694 1100 79 30 med

1040 1140 137 30 mindre
1215 1140 67 30 den
1321 1140 135 39 bjudna
1493 1141 281 40 köpeskillingen

1041 1182 114 29 tillika
1184 1182 120 30 täcker
1335 1183 56 30 det
1421 1183 105 30 värde
1557 1193 74 20 som
1662 1183 111 31 åsatts

1041 1224 214 39 egendomen
1275 1234 42 20 av
1336 1225 374 39 utmätningsmannen
1728 1226 47 29 el-

1040 1266 61 34 ler,
1124 1275 55 21 om
1202 1267 128 38 ägaren
1351 1267 11 29 i
1383 1267 65 39 god
1469 1267 49 30 tid
1541 1267 75 30 före
1638 1267 136 30 auktio-

1041 1317 67 21 nen
1136 1308 155 39 påkallat
1318 1309 150 29 särskild
1493 1309 196 40 värdering,
1715 1309 58 30 det

1040 1350 106 30 värde
1175 1350 115 30 vartill
1321 1351 214 39 egendomen
1566 1352 135 30 skattas
1731 1360 41 21 av

1040 1392 290 39 värderingsmän
1357 1402 73 21 som
1457 1393 250 30 överexekutor
1720 1394 52 29 ut-

1041 1442 65 21 ser.
1135 1433 224 40 Egendomen
1385 1434 58 30 må
1470 1435 119 39 säljas,
1618 1435 153 30 förutom

1040 1475 53 30 till
1111 1475 65 30 den
1194 1485 73 20 som
1285 1476 139 30 erhållit
1441 1476 330 36 förvärvstillstånd,

1041 1517 147 30 allenast
1225 1518 52 29 till
1314 1518 146 36 kronan,
1487 1519 285 37 landskommun,

1040 1559 141 39 köping,
1209 1560 80 29 stad
1317 1560 83 30 eller
1426 1560 345 40 municipalsamhäl-

1043 1601 42 36 le,
1130 1602 50 29 till
1214 1602 172 29 kommun
1419 1602 82 30 eller
1534 1602 238 41 samfällighet

1040 1652 75 21 som
1138 1652 98 21 avses
1260 1644 11 29 i
1295 1644 14 29 1
1333 1643 22 37 $
1374 1644 111 40 första
1506 1646 138 37 stycket
1664 1646 20 29 2
1705 1645 66 30 och

1040 1694 75 20 som
1136 1685 58 30 vill
1216 1685 162 31 förvärva
1398 1687 215 38 egendomen
1634 1686 54 31 för
1708 1687 64 30 där

1041 1725 202 39 omförmält
1277 1726 174 34 ändamål,
1483 1727 52 29 till
1569 1727 202 40 andelsäga-

1040 1778 36 21 re
1103 1779 74 20 som
1203 1779 99 21 avses
1328 1770 11 30 i
1368 1771 14 28 1
1411 1770 15 36 $
1454 1770 112 31 första
1592 1772 134 39 stycket
1752 1770 19 31 8

1042 1811 83 30 eller
1157 1812 51 29 till
1241 1812 312 40 kreditinrättning
1587 1822 74 21 som
1694 1814 78 38 sägs

1039 1853 11 29 i
1070 1853 35 29 11
1127 1852 15 37 $
1161 1854 109 30 andra
1287 1854 145 39 stycket.
1450 1854 146 40 Avgives
1612 1855 58 30 vid
1687 1854 85 31 auk-

1040 1895 118 30 tionen
1184 1896 69 29 bud
1281 1905 75 21 som
1381 1896 106 40 enligt
1511 1897 67 30 vad
1604 1906 47 20 nu
1677 1899 94 37 sagts

1041 1937 59 30 må
1144 1939 154 38 antagas,
1333 1938 89 30 skall
1455 1938 212 40 försäljning
1700 1939 72 34 ske,

1040 1979 92 30 ändå
1158 1981 49 28 att
1235 1980 211 30 innehavare
1474 1990 42 20 av
1543 1980 145 31 fordran
1715 1980 56 32 be-

1041 2021 126 30 strider
1207 2021 66 30 det.
1316 2022 73 30 Vad
1419 2022 312 40 utsökningslagen
1759 2022 11 30 i

1039 2062 100 40 fråga
1165 2072 55 21 om
1248 2063 71 30 fast
1346 2064 186 39 egendoms
1559 2064 212 40 försäljning

1039 2104 65 30 och
1131 2105 296 40 köpeskillingens
1454 2106 199 40 fördelning
1678 2107 93 30 stad-

1040 2154 61 31 gar
1143 2147 222 31 beträffande
1396 2148 211 39 gäldenären
1640 2149 88 29 skall
1759 2148 12 29 i

1040 2189 127 29 ärende
1187 2198 74 21 som
1281 2198 48 20 nu
1349 2199 96 20 avses
1464 2190 137 40 lämpas
1618 2190 53 30 till
1691 2192 78 39 äga-

1037 2238 75 22 ren.

1041 2288 45 4 —
1105 2288 43 5 —
1167 2281 82 21 vara
1270 2272 176 30 förfallen.

1131 2323 43 21 av
1192 2313 213 31 statsmedel.

941 2429 124 31 Denna
1086 2429 56 41 lag
1163 2431 117 29 träder
1302 2431 11 29 i
1335 2431 95 32 kraft
1452 2432 67 30 den
1544 2432 15 29 1
1583 2432 67 40 juli
1674 2432 93 31 1960.
