1910 2782
428 126 123 39 Tredje
574 125 247 40 lagutskottets
844 124 179 29 utlåtande
1045 132 44 20 nr
1111 123 41 29 27
1176 123 40 29 år
1239 122 84 30 1960
1609 121 15 29 1

827 553 60 39 Nr
913 552 46 41 27

328 673 184 31 Utlåtande
535 673 12 29 i
569 672 190 39 anledning
781 680 43 21 av
847 670 127 40 Kungl.
997 670 126 39 Maj:ts
1146 668 218 40 proposition
1391 667 80 30 med
1493 666 133 40 förslag

568 723 53 30 till
639 723 54 39 lag
712 731 55 21 om
788 721 150 40 ändring
957 721 12 29 i
987 721 99 39 lagen
1106 720 68 30 den
1195 720 39 29 18
1252 718 81 41 juni
1354 719 83 29 1925
1460 718 61 35 (nr
1539 716 83 35 219)

567 773 179 40 angående
770 772 130 40 förbud
923 772 12 29 i
958 771 91 30 vissa
1073 770 66 41 fall
1162 770 57 40 för
1243 770 110 39 bolag,
1376 768 161 40 förening
1562 767 64 30 och

564 824 149 40 stiftelse
732 825 51 28 att
802 823 162 40 förvärva
986 822 72 40 fast
1077 821 179 40 egendom,
1275 829 46 21 m.
1341 829 46 20 m.

175 945 131 30 Genom
326 953 44 21 en
389 944 67 29 den
476 943 39 30 25
536 951 97 21 mars
656 942 81 30 1960
758 941 219 39 dagtecknad
998 939 227 40 proposition,
1248 948 41 20 nr
1313 938 72 34 122,
1406 937 116 30 vilken
1542 937 86 29 hän-

130 995 110 31 visats
273 995 52 30 till
363 994 193 39 lagutskott
590 993 67 29 och
690 992 209 30 behandlats
935 1000 42 21 av
1011 990 113 40 tredje
1149 989 239 40 lagutskottet,
1413 989 64 29 har
1501 987 127 39 Kungl.

132 1046 114 40 Maj:t,
271 1045 113 30 under
409 1043 219 40 åberopande
655 1052 42 21 av
721 1042 263 40 propositionen
1008 1040 140 40 bilagda
1175 1040 13 30 i
1214 1039 188 31 statsrådet
1427 1039 64 29 och
1516 1037 112 40 lagrå-

130 1097 59 30 det
210 1096 101 30 förda
332 1095 184 40 protokoll,
539 1093 181 40 föreslagit
742 1092 189 40 riksdagen
953 1093 50 29 att
1026 1093 128 37 antaga
1176 1090 157 40 följande
1357 1089 130 39 förslag
1509 1088 53 30 till

130 1277 41 45 1)
195 1278 73 42 Lag
294 1288 60 21 om
376 1276 149 43 ändring
545 1276 14 32 i
580 1274 104 44 lagen
706 1274 67 33 den
797 1276 42 30 18
860 1274 81 43 juni
963 1273 88 32 1925
1076 1270 61 44 (nr
1159 1271 85 44 219)
1268 1270 181 43 angående
1470 1269 129 33 förbud
1620 1269 13 33 i

189 1337 93 33 vissa
303 1335 65 33 fall
389 1335 56 33 för
466 1334 117 43 bolag,
605 1333 164 42 förening
790 1332 70 33 och
880 1331 146 34 stiftelse
1048 1338 53 26 att
1123 1330 165 33 förvärva
1309 1329 71 33 fast
1401 1328 172 44 egendom

176 1432 211 40 Härigenom
410 1431 196 33 förordnas,
628 1430 73 30 dels
723 1431 50 28 att
805 1429 8 29 2
835 1428 66 30 och
922 1427 85 30 4—6
1031 1427 37 38 $$
1092 1427 101 39 lagen
1213 1427 68 29 den
1304 1426 39 29 18
1364 1425 79 40 juni
1466 1424 83 30 1925
1572 1433 60 21 an-

132 1475 131 40 gående
283 1474 128 30 förbud
432 1473 11 29 i
462 1473 93 29 vissa
576 1472 62 30 fall
661 1471 54 30 för
734 1471 112 39 bolag,
868 1469 161 39 förening
1049 1469 66 29 och
1137 1468 147 31 stiftelse
1306 1469 50 29 att
1378 1467 162 30 förvärva
1561 1466 71 30 fast

136 1517 169 40 egendom
330 1516 99 30 skola
449 1514 133 31 erhålla
602 1513 135 30 ändrad
757 1512 132 40 lydelse
910 1511 44 40 på
975 1512 69 29 sätt
1066 1511 115 29 nedan
1203 1510 151 39 angives,
1377 1509 72 30 dels
1471 1510 51 28 att
1544 1508 90 30 efter

135 1559 18 30 5
176 1559 15 37 8
214 1559 87 30 skall
321 1557 138 39 infogas
479 1566 42 20 en
540 1565 47 30 ny
606 1554 175 40 paragraf,
802 1553 194 31 betecknad
1016 1553 42 29 5a
1079 1552 28 37 $,
1128 1562 43 20 av
1189 1552 115 30 nedan
1324 1551 146 39 angiven
1490 1549 141 41 lydelse,

133 1601 75 30 dels
231 1603 50 27 att
303 1600 12 30 i
339 1600 29 34 3,
403 1599 8 30 8
434 1598 65 31 och
524 1597 39 30 10
589 1597 38 38 88
653 1605 135 22 samma
810 1596 57 39 lag
889 1595 109 30 orden
1021 1594 215 40 Konungens
1260 1592 373 40 befallningshavande

135 1642 100 30 skola
252 1641 141 37 utbytas
412 1642 72 28 mot
502 1639 99 30 ordet
620 1638 261 39 länsstyrelsen.

322 1743 184 36 (Gällande
527 1740 148 41 lydelse)
1073 1738 226 39 (Föreslagen
1319 1736 146 41 lydelse)

847 1814 74 37 28.

181 1879 73 29 Vad
276 1878 11 30 i
310 1879 116 29 denna
446 1877 56 39 lag
524 1875 141 39 stadgas
688 1873 178 41 angående

135 1920 259 39 inskränkning
412 1919 10 30 i
440 1918 128 39 bolags,
588 1917 178 39 förenings
785 1916 83 30 eller

135 1962 167 31 stiftelses
325 1962 70 30 rätt
418 1963 49 28 att
491 1960 162 30 förvärva
676 1959 69 30 fast
767 1966 101 31 egen-

134 2005 82 29 dom
240 2004 63 30 har
326 2003 30 39 ej
383 2002 168 31 avseende
575 2001 19 30 å
618 2001 148 34 förvärv,
792 2008 75 21 som

136 2047 81 29 sker
246 2045 214 31 omedelbart
488 2043 44 40 på
562 2043 113 39 grund
706 2052 41 20 av
776 2041 93 31 stad-

136 2088 110 39 gande
271 2088 9 29 i
304 2088 56 38 lag
384 2086 82 30 eller
487 2085 143 40 jämlikt
655 2084 212 39 Konungens

138 2127 227 39 medgivande
385 2126 51 30 till
456 2124 270 40 expropriation,
746 2124 84 30 eller
847 2123 21 30 å

138 2172 149 33 förvärv,
307 2179 75 22 som
401 2178 123 32 genom
544 2169 207 30 testamente
769 2168 100 39 göres

138 2221 42 19 av
197 2220 116 20 annan
333 2209 159 39 förening
510 2209 44 29 än
573 2207 207 31 ekonomisk
799 2207 70 29 för-

137 2253 104 38 ening
258 2252 82 29 eller
357 2260 41 21 av
415 2250 157 34 stiftelse,
589 2250 35 39 ej
639 2249 108 30 heller
762 2249 20 30 å
799 2248 70 30 för-

139 2295 82 29 värv
240 2303 40 21 av
298 2293 158 40 järnväg.

950 1873 73 29 Vad
1046 1874 10 28 i
1080 1873 116 29 denna
1216 1872 56 39 lag
1296 1871 139 39 stadgas
1458 1870 178 40 angående

906 1915 259 38 inskränkning
1190 1914 12 29 i
1229 1913 130 39 bolags,
1387 1913 178 39 förenings
1591 1912 48 29 el-

908 1957 50 30 ler
990 1956 167 30 stiftelses
1189 1956 69 29 rätt
1291 1957 50 28 att
1375 1955 160 29 förvärva
1567 1953 71 30 fast

908 1998 167 40 egendom
1097 1998 64 29 har
1183 1997 30 39 ej
1238 1998 169 29 avseende
1428 1996 20 30 å

953 2040 28 29 1.
1003 2040 141 30 förvärv
1164 2049 74 21 som
1260 2039 80 30 sker
1360 2038 214 31 omedelbart
1594 2036 45 41 på

908 2082 112 39 grund
1046 2091 42 21 av
1113 2081 191 40 stadgande
1328 2081 11 29 i
1363 2081 56 39 lag
1443 2080 82 30 eller
1548 2079 91 40 jäm-

909 2124 63 29 likt
1001 2123 215 40 Konungens
1244 2122 229 40 medgivande
1501 2122 53 29 till
1583 2130 57 20 ex-

909 2165 232 40 propriation;

952 2207 29 29 2.
1011 2207 140 29 förvärv
1179 2215 73 21 som
1281 2214 124 31 genom
1432 2205 207 30 testamente

909 2250 97 38 göres
1035 2258 42 20 av
1106 2257 116 21 annan
1251 2247 161 39 förening
1440 2248 42 28 än
1511 2246 129 30 ekono-

908 2291 92 29 misk
1026 2289 137 30 förening
1211 2289 82 30 eller
1319 2298 42 20 av
1385 2287 162 36 stiftelse;

953 2331 30 28 3.
1002 2329 143 39 förvärv
1162 2297 80 71 från
1263 2328 154 36 kronan;

952 2374 30 29 4.
1008 2373 141 30 förvärv
1173 2382 41 20 av
1238 2372 158 40 järnväg.

171 2436 13 26 1
229 2436 111 30 Bihang
353 2435 47 24 till
410 2434 170 30 riksdagens
592 2432 147 32 protokoll
750 2432 77 25 1960.
847 2432 16 24 9
874 2431 83 24 saml.
977 2431 15 23 3
1003 2430 65 24 avd.
1083 2432 41 24 Nr
1142 2429 32 24 27
