1858 2800
511 149 315 29 Bankoutskottets
852 147 178 30 utlåtande
1055 156 43 20 nr
1123 147 51 29 49.
1576 145 18 30 3

99 230 374 29 stitutionsutskottets
495 229 212 29 ordförande
731 228 64 29 och
816 227 72 30 vice
911 227 212 29 ordförande
1149 227 54 28 sin
1228 225 204 39 anslutning
1454 225 52 29 till
1529 225 66 29 vad

98 283 331 39 kanslideputerade
454 282 127 34 anfört,
606 282 120 29 varför
750 281 170 29 utskottet
945 280 75 29 icke
1046 280 87 28 fann
1157 279 76 29 skäl
1258 281 50 27 att
1332 279 55 28 för
1411 278 57 29 det
1493 278 103 29 dåva-

99 337 108 30 rande
231 336 177 40 tillstyrka
431 336 115 39 någon
570 335 122 39 åtgärd
716 335 11 29 i
751 335 66 29 den
841 334 124 39 gjorda
987 332 327 39 framställningens
1339 331 100 41 syfte.

143 391 70 29 När
245 399 48 20 nu
325 389 122 30 Holms
480 388 268 40 pensionsfråga
781 387 263 39 motionsvägen
1078 386 133 39 dragits
1245 386 111 29 under
1389 385 207 38 riksdagens

99 443 182 40 prövning,
306 443 64 30 har
393 443 125 39 frågan
544 442 174 30 såtillvida
743 441 148 29 kommit
915 441 11 29 i
951 442 48 28 ett
1023 441 78 39 nytt
1125 440 85 39 läge,
1237 441 49 28 att
1311 439 41 29 de
1377 446 107 33 yngre
1507 438 89 29 riks-

99 497 354 39 dagsvaktmästarna
480 496 66 30 fått
576 496 76 29 sina
680 495 247 39 anställnings-
954 494 65 30 och
1046 492 415 41 pensionsförhållanden
1488 492 108 39 regle-

99 551 83 29 rade
204 559 124 31 genom
349 550 114 30 beslut
485 559 41 20 av
548 549 81 30 1947
652 549 58 29 års
731 549 152 38 riksdag,
905 548 11 29 i
938 548 57 29 det
1015 549 50 28 att
1088 547 115 29 denna
1225 546 276 40 personalgrupp
1524 554 72 21 om-

97 604 164 29 vandlats
279 604 52 29 till
351 603 294 30 helårsanställda
665 604 98 28 extra
781 601 174 30 ordinarie
973 601 228 39 tjänstemän.
1233 601 68 28 För
1322 600 41 29 de
1384 599 94 29 äldre
1497 599 99 29 vakt-

99 658 181 29 mästarna
301 657 46 30 ha
368 657 108 39 enligt
496 657 113 29 beslut
632 666 42 20 av
695 655 236 30 innevarande
954 654 143 39 riksdag
1118 653 188 30 fastställts
1328 653 94 29 vissa
1444 653 153 38 grunder

98 711 11 29 i
134 711 100 39 fråga
257 720 57 20 om
336 710 303 40 pensioneringen,
664 709 121 30 varvid
809 708 221 38 fullmäktige
1055 708 10 29 i
1090 707 339 39 riksgäldskontoret
1454 706 143 40 bemyn-

99 765 115 38 digats
234 764 137 30 besluta
390 773 58 20 om
466 764 146 39 pension
631 763 11 29 i
662 763 98 39 varje
783 762 141 30 särskilt
944 761 73 30 fall.

144 818 79 29 Med
250 818 138 40 hänsyn
417 817 52 30 till
498 817 67 30 den
592 817 203 39 långvariga
823 816 214 39 anställning
1064 815 65 30 hos
1156 814 439 32 konstitutionsutskottet,

100 880 76 20 som
197 871 103 29 Holm
319 871 109 29 redan
448 870 161 30 innehaft
630 871 65 29 och
715 869 200 41 ytterligare
935 869 71 30 kan
1026 869 175 29 beräknas
1221 868 144 29 komma
1386 869 50 28 att
1455 867 140 33 inneha,

99 925 93 29 lärer
214 934 83 20 man
318 925 123 29 kunna
464 924 83 39 utgå
570 923 81 30 från
673 925 51 28 att
748 923 113 34 Holm,
885 923 117 29 därest
1025 923 71 29 han
1120 922 76 29 icke
1221 921 172 30 tillträder
1416 920 181 40 pensions-

99 978 240 39 berättigande
358 977 131 30 allmän
508 977 122 39 tjänst,
651 977 58 29 vid
727 976 217 30 inträffande
965 976 135 39 avgång
1119 985 42 20 ur
1181 975 206 38 riksdagens
1407 974 111 39 tjänst
1538 974 58 29 vid

99 1040 44 20 en
162 1031 252 34 levnadsålder,
435 1031 246 29 motsvarande
700 1030 137 29 normal
856 1029 275 40 pensionsålder,
1151 1029 160 29 kommer
1332 1029 50 28 att
1402 1027 37 30 få
1459 1027 51 39 sig
1528 1027 69 29 till-

99 1085 135 29 erkänd
263 1084 310 39 riksdagspension
598 1084 45 39 på
673 1084 69 29 sätt
769 1083 146 39 tidigare
943 1083 12 29 i
982 1082 167 30 liknande
1178 1082 63 29 fall
1269 1080 226 31 förekommit
1530 1080 67 39 (jfr

99 1137 212 30 bankoutsk.
337 1137 62 30 utl.
425 1147 42 20 nr
492 1137 139 37 19/1937
660 1136 178 40 angående
863 1136 147 39 pension
1034 1136 35 29 åt
1095 1136 111 29 andra
1230 1135 225 29 kammarens
1483 1134 114 29 sekre-

99 1193 114 28 terare
237 1192 65 29 Per
325 1192 38 29 A.
389 1191 192 34 Cronvall).

144 1245 66 30 Det
233 1245 167 40 yrkande,
427 1254 74 21 som
524 1245 193 29 innefattas
741 1245 12 29 i
777 1244 41 30 de
841 1244 126 29 väckta
991 1242 231 34 motionerna,
1247 1242 64 29 har
1335 1240 193 31 emellertid
1554 1250 43 20 en

98 1299 256 29 vidsträcktare
374 1298 171 30 innebörd
565 1299 65 29 och
650 1307 100 21 avser
769 1299 51 28 att
839 1297 35 30 åt
892 1297 104 29 Holm
1016 1297 109 29 redan
1146 1305 48 20 nu
1217 1296 109 39 skapa
1347 1294 174 40 garantier
1541 1294 56 29 för

99 1352 203 30 erhållande
324 1361 42 20 av
385 1352 72 29 viss
478 1351 52 30 till
553 1351 161 40 beloppet
736 1351 159 29 bestämd
917 1350 147 40 pension
1086 1350 59 29 vid
1167 1349 189 29 framdeles
1379 1347 217 30 inträffande

100 1405 135 39 avgång
256 1414 41 20 ur
317 1405 123 39 tjänst.
474 1405 130 29 Härvid
627 1404 112 30 skulle
761 1404 104 29 Holm
886 1412 102 20 anses
1010 1402 178 39 hänförlig
1209 1402 53 29 till
1285 1410 157 31 gruppen
1462 1401 136 29 förord-

100 1458 335 39 nandetjänstemän
463 1458 96 39 (Cp),
581 1458 108 29 vilket
714 1457 111 29 skulle
848 1456 178 34 innebära,
1052 1458 51 27 att
1125 1456 72 29 han
1218 1455 59 29 vid
1300 1454 178 39 avgången
1501 1454 96 29 bleve

99 1512 196 38 berättigad
320 1511 52 29 till
400 1513 121 37 genast
545 1511 171 39 börjande
739 1510 157 39 pension,
922 1511 134 28 oavsett
1080 1509 44 29 då
1151 1508 167 39 uppnådd
1344 1507 253 30 levnadsålder.

100 1565 76 29 Den
198 1565 148 29 sålunda
364 1565 126 29 väckta
509 1564 125 39 frågan
654 1565 38 28 är
713 1573 42 20 av
775 1563 37 30 så
833 1562 203 40 särpräglad
1056 1564 116 32 natur,
1194 1563 50 28 att
1264 1562 67 29 den
1351 1561 247 38 undandrager

102 1618 51 39 sig
178 1618 217 29 bedömande
421 1618 79 29 med
525 1617 139 40 hänsyn
688 1617 53 29 till
766 1616 126 30 hittills
917 1616 184 39 tillämpad
1127 1615 119 39 praxis
1269 1614 222 30 beträffande
1515 1622 83 31 pen-

102 1671 176 39 sionering
296 1681 42 20 av
356 1670 391 40 riksdagstjänstemän.
779 1670 279 29 Motionärernas
1078 1668 133 39 förslag
1231 1668 111 29 måste
1362 1667 120 30 därför
1502 1667 11 29 i
1533 1667 65 29 och

100 1724 56 29 för
181 1725 50 38 sig
253 1724 116 39 ingiva
391 1724 279 29 betänksamhet.
706 1723 87 30 Över
816 1723 120 29 huvud
959 1724 93 37 taget
1078 1731 102 31 synes
1203 1722 57 29 det
1281 1721 184 33 tveksamt,
1490 1720 109 29 huru-

100 1777 82 30 vida
212 1777 295 40 förutsättningar
536 1778 123 29 kunna
689 1786 103 20 anses
822 1785 83 21 vara
936 1776 55 29 för
1023 1776 141 29 handen
1196 1776 51 28 att
1278 1774 221 30 beträffande
1531 1774 67 29 den

101 1830 122 39 tjänst,
249 1840 121 20 varom
395 1831 64 28 här
485 1832 37 27 är
547 1830 100 38 fråga
668 1848 45 2 —
737 1839 80 20 vars
840 1829 212 29 innehavare
1077 1828 167 29 anställes
1271 1828 55 29 för
1351 1836 43 20 en
1419 1827 143 38 riksdag
1587 1827 11 28 i

103 1884 126 28 sänder
251 1884 64 28 och
338 1883 102 29 alltså
462 1884 123 28 endast
607 1883 55 29 för
685 1883 54 29 del
762 1892 42 20 av
825 1882 209 29 kalenderår
1055 1899 45 3 —
1121 1881 211 29 konstruera
1354 1889 42 20 en
1418 1880 181 39 pensions-

101 1937 70 28 rätt
193 1937 11 28 i
226 1936 110 29 likhet
358 1937 79 28 med
460 1936 66 29 den
551 1945 74 20 som
647 1935 107 39 gäller
775 1935 55 29 för
854 1935 138 38 statliga
1013 1933 468 38 förordnandetjänstemän,
1504 1932 95 29 vilka

101 1990 10 28 i
134 1989 91 39 regel
248 1989 186 29 förordnas
456 1989 54 28 för
532 1998 58 20 sex
610 1989 48 33 år,
681 1988 252 38 undantagsvis
955 1987 55 29 för
1032 1989 52 27 tre
1106 1987 48 29 år.
1189 1987 176 29 Utskottet
1386 1986 70 29 kan
1478 1985 121 29 därför

101 2042 31 39 ej
158 2042 151 33 förorda,
333 2044 51 27 att
405 2042 186 38 riksdagen
613 2051 47 20 nu
685 2041 111 29 skulle
817 2041 106 29 binda
946 2041 50 38 sig
1019 2040 55 29 för
1097 2049 42 20 en
1162 2039 356 30 förhandsutfästelse
1542 2048 57 20 om

101 2095 147 39 pension
272 2105 41 19 av
336 2096 67 28 den
427 2095 179 33 innebörd,
632 2104 75 19 som
731 2094 260 29 motionärerna
1015 2093 102 29 tänkt
1143 2093 60 38 sig.

147 2148 202 29 Emellertid
373 2148 57 29 må
452 2148 75 29 icke
551 2148 149 28 förbises
721 2165 45 3 —
787 2147 106 29 vilket
916 2147 106 28 också
1046 2146 215 28 framhållits
1288 2146 5 28 i
1316 2145 217 29 motionerna
1556 2163 44 2 —

102 2203 50 27 att
176 2201 56 29 det
257 2201 69 28 kan
352 2201 149 28 framstå
527 2210 74 18 som
626 2201 178 32 önskvärt,
830 2202 49 27 att
904 2199 429 29 konstitutionsutskottet
1358 2199 57 28 vid
1441 2198 91 29 valet
1558 2207 42 20 av

104 2254 213 29 sekreterare
346 2254 74 28 icke
446 2255 38 27 är
510 2254 130 28 bundet
667 2262 42 19 av
735 2252 198 39 personliga
957 2252 148 38 hänsyn,
1131 2252 108 28 vilket
1266 2251 69 28 kan
1363 2251 46 28 bli
1437 2251 97 28 fallet
1562 2251 38 28 så

102 2307 100 36 länge
231 2306 121 28 Holms
378 2305 267 38 pensionsfråga
672 2306 38 27 är
737 2305 183 28 svävande.
960 2304 117 29 Under
1105 2304 131 28 sådana
1263 2303 246 29 förhållanden
1535 2303 65 28 och

105 2360 75 27 med
202 2359 194 28 beaktande
417 2368 41 19 av
478 2360 49 26 att
547 2358 113 32 Holm,
681 2367 75 18 som
776 2358 104 36 ägnat
901 2356 221 29 huvuddelen
1144 2366 41 19 av
1208 2356 73 29 sina
1303 2356 134 28 krafter
1456 2356 34 28 åt
1511 2356 89 28 riks-

102 2412 122 37 dagen,
248 2412 72 28 icke
342 2411 147 28 innehar
511 2411 111 37 någon
645 2420 117 18 annan
783 2409 408 39 pensionsberättigande
1215 2409 118 38 tjänst,
1357 2409 68 28 tala
1449 2409 72 28 skäl
1546 2409 55 27 för

103 2466 50 28 att
176 2464 290 39 pensionsfrågan
492 2473 44 19 nu
562 2463 140 37 bringas
727 2463 49 29 till
799 2472 39 19 en
863 2462 125 39 positiv
1013 2462 146 37 lösning.
1195 2462 50 28 En
1269 2462 93 39 dylik
1391 2462 134 37 lösning
1548 2471 53 30 sy-
