1918 2846
360 155 40 31 10
693 156 398 34 Jordbruksutskottets
1118 158 188 33 utlåtande
1332 159 54 33 Nr
1407 161 52 30 74.

319 234 188 31 avsaknad
532 245 45 20 av
604 235 133 37 nödiga
763 244 92 28 egna
879 236 123 31 medel.
1050 237 156 31 Särskilt
1234 238 220 31 innehavare
1483 249 46 20 av
1555 239 136 31 sådana
1718 248 105 28 egna-

320 277 318 37 hemslägenheter,
664 288 75 21 som
765 279 32 36 ej
825 279 123 32 lämna
973 280 246 31 innehavaren
1244 282 65 30 och
1336 282 90 30 hans
1454 282 119 36 familj
1603 282 68 31 full
1698 284 126 35 syssel-

318 321 164 36 sättning
529 323 89 29 utan
656 322 65 31 där
747 322 196 32 inkomster
971 332 126 27 genom
1124 324 122 31 arbete
1274 325 148 31 utanför
1448 325 154 32 hemmet
1630 326 192 36 erfordras,

320 365 96 30 hava
435 365 72 30 fått
527 365 56 31 sin
601 365 163 31 ekonomi
783 366 12 31 i
815 366 69 36 hög
902 367 90 35 grad
1012 367 203 32 försämrad
1232 368 47 36 på
1299 369 119 35 grund
1437 379 46 20 av
1503 369 222 31 arbetsbrist.
1754 370 69 31 Det

319 408 101 31 torde
445 418 88 21 vara
555 409 66 30 här
645 409 161 36 antydda
827 410 316 36 omständigheter,
1166 421 75 20 som
1264 411 96 31 hava
1382 412 98 30 varit
1502 412 240 36 anledningen
1764 413 59 31 till

319 452 42 30 de
381 451 174 31 motioner
573 452 13 30 i
605 452 203 36 riksdagen,
829 453 81 30 vari
930 453 164 36 påkallas
1114 454 116 32 direkt
1252 454 101 37 hjälp
1374 455 65 31 och
1459 456 80 31 stöd
1559 457 37 29 åt
1617 456 205 36 egnahems-

319 495 227 36 låntagarna.

357 538 384 37 Egnahemsstyrelsen
763 540 66 30 vill
851 540 12 30 i
886 540 211 37 anslutning
1120 540 59 31 till
1201 541 70 31 vad
1294 541 13 31 i
1330 541 58 31 det
1412 541 214 37 föregående
1650 543 170 31 framhål-

318 582 61 30 lits
402 582 127 36 uttala,
549 583 53 30 att
625 582 58 31 det
707 584 40 29 är
769 593 46 21 av
838 584 186 36 synnerlig
1047 583 79 32 vikt
1149 584 57 31 för
1227 594 45 21 en
1293 585 149 31 fortsatt
1464 585 65 31 och
1550 586 193 31 utvecklad
1763 596 57 27 eg-

317 625 387 37 nahemsverksamhet,
723 627 54 30 att
796 626 412 38 egnahemslåntagarna
1226 628 78 30 icke
1321 628 100 31 bliva
1441 628 152 32 föremål
1610 629 56 31 för
1686 630 134 31 sådana

318 669 180 36 åtgärder,
521 679 74 20 som
617 671 63 29 äro
703 670 137 35 ägnade
864 671 55 30 att
942 670 141 31 minska
1107 670 58 31 det
1188 671 206 37 personliga
1416 673 170 30 ansvaret
1608 673 65 30 och
1694 673 127 31 intres-

316 715 52 27 set
393 712 64 31 hos
481 712 78 31 dem
583 713 53 30 att
661 712 86 31 reda
770 713 55 36 sig
847 713 128 36 själva.
1019 713 68 31 Det
1112 714 116 37 ligger
1250 715 144 35 mycket
1418 717 91 29 nära
1532 715 58 31 till
1613 716 124 36 hands,
1762 726 57 21 om

317 756 84 30 från
418 756 59 30 det
496 756 201 30 allmännas
715 756 78 31 sida
811 756 102 31 dessa
933 757 187 36 låntagare
1139 757 125 31 ställas
1282 758 13 30 i
1313 767 45 22 en
1377 759 146 36 avgjort
1543 768 277 27 gynnsammare

315 799 176 36 ställning
514 801 45 29 än
581 799 80 31 med
684 799 78 31 dem
784 800 224 36 jämförbara
1030 800 114 31 andra
1165 801 237 36 jordbrukare
1425 802 65 30 och
1512 802 307 38 lägenhetsägare,

315 852 76 21 som
414 842 78 31 icke
517 842 95 31 hava
639 843 144 31 erhållit
809 843 189 31 förmånen
1024 854 45 20 av
1095 844 137 31 statens
1258 845 266 36 egnahemslån,
1550 847 54 29 att
1629 846 190 31 resultatet

315 886 116 30 härav
449 886 80 36 blir,
548 887 53 29 att
621 886 203 36 anspråken
842 888 47 35 på
908 887 136 30 statens
1062 887 251 31 mellankomst
1332 888 192 31 efterhand
1543 890 148 36 stegras.
1711 889 109 32 Detta

315 929 72 31 kan
414 929 108 31 sedan
549 929 12 30 i
586 929 57 31 sin
670 929 152 37 ordning
849 929 80 32 leda
955 930 67 36 till,
1049 931 54 30 att
1131 931 487 36 egnahemsverksamhetens
1647 933 172 31 fortsatta

316 972 209 37 utveckling
552 973 172 30 hämmas.
772 972 93 32 Rent
892 973 182 36 praktiskt
1102 975 70 30 sett
1199 974 123 31 kunna
1350 975 218 36 låntagarna
1595 976 143 31 komma
1764 977 55 30 att

315 1016 130 36 vänjas
471 1016 62 31 vid
557 1017 53 29 att
632 1016 161 37 ständigt
817 1016 68 31 lita
908 1017 59 30 till
989 1017 64 31 och
1076 1027 89 26 ropa
1188 1018 46 36 på
1258 1018 127 36 statlig
1409 1018 102 37 hjälp
1536 1019 56 30 för
1617 1020 54 30 att
1696 1019 123 31 kunna

315 1059 86 30 reda
431 1059 65 36 sig,
525 1059 209 36 varigenom
763 1060 470 36 egnahemsverksamheten
1261 1061 69 31 lätt
1361 1062 95 30 föres
1483 1062 38 30 in
1550 1063 45 35 på
1625 1062 78 31 icke
1733 1063 85 30 fullt

314 1102 116 31 sunda
451 1104 122 35 vägar.
613 1103 70 30 För
703 1104 54 29 att
776 1103 125 35 belysa
921 1103 98 31 detta
1039 1105 58 29 må
1117 1104 147 31 anföras
1285 1105 54 30 att
1358 1123 41 4 —
1416 1105 115 36 enligt
1551 1106 70 30 vad
1642 1106 177 35 styrelsen

313 1145 66 31 har
401 1145 55 36 sig
477 1146 130 31 bekant
627 1165 41 3 —
688 1146 41 31 de
749 1146 62 31 vid
831 1148 96 29 årets
946 1147 147 36 riksdag
1114 1147 139 36 väckta,
1274 1148 469 35 egnahemsverksamheten
1763 1149 56 31 be-

312 1189 153 31 rörande
486 1189 224 31 motionerna
731 1190 165 36 medfört,
918 1191 54 30 att
994 1193 92 28 även
1107 1191 394 37 egnahemslåntagare,
1523 1202 75 21 som
1618 1193 124 30 kunna
1761 1193 57 31 be-

313 1233 148 30 tecknas
482 1234 115 30 såsom
617 1233 148 31 relativt
786 1234 220 36 välbärgade
1028 1244 179 27 personer,
1228 1235 12 30 i
1262 1235 122 31 stället
1406 1235 56 31 för
1484 1237 54 29 att
1559 1236 12 30 i
1593 1236 125 36 vanlig
1740 1236 76 31 ord-

312 1276 89 37 ning
423 1276 120 31 betala
564 1276 79 30 sina
665 1276 168 37 avgifter,
855 1279 89 29 vänt
966 1277 55 37 sig
1042 1277 57 31 till
1119 1278 326 31 låneförmedlaren
1465 1278 80 31 med
1567 1279 172 31 anhållan
1761 1288 57 22 om

313 1319 155 31 anstånd
492 1319 79 31 med
595 1319 387 38 ränteinbetalningen.
1025 1320 73 31 Vid
1122 1321 191 36 förfrågan
1336 1331 57 21 om
1418 1321 241 37 anledningen
1682 1322 135 36 härtill,

313 1363 65 30 har
398 1364 151 35 svarats,
569 1364 53 30 att
643 1363 77 31 »det
739 1363 78 31 stod
835 1363 40 36 ju
893 1363 13 31 i
925 1363 245 37 tidningarna,
1189 1365 54 30 att
1262 1364 37 30 vi
1318 1364 102 31 skola
1437 1364 119 37 slippa
1573 1365 120 31 betala
1710 1367 108 30 ränta

313 1417 13 20 i
347 1416 71 20 år».

353 1449 126 31 Såsom
504 1459 93 21 ovan
622 1449 220 31 framhållits
868 1452 62 29 äro
957 1450 96 31 vissa
1079 1450 384 37 egnahemslåntagare
1490 1451 12 30 i
1528 1451 114 32 behov
1668 1462 46 21 av
1738 1452 80 32 stöd

311 1493 66 31 och
401 1493 102 36 hjälp
527 1493 56 31 för
607 1494 54 30 att
685 1493 198 31 övervinna
909 1493 191 37 oförskyllt
1125 1493 149 32 iråkade
1296 1494 227 36 svårigheter
1548 1505 46 21 av
1618 1495 96 31 olika
1738 1495 78 37 slag

311 1536 87 31 eller
421 1536 57 31 för
500 1536 322 36 tillvaratagandet
846 1546 46 21 av
916 1537 59 31 det
996 1545 91 27 egna
1110 1536 171 32 hemmets
1304 1547 161 21 resurser
1489 1538 86 31 eller
1599 1538 56 31 för
1678 1540 137 35 utnytt-

311 1579 108 36 jande
446 1590 46 20 av
518 1588 88 27 egen
633 1579 230 36 arbetskraft,
892 1580 89 31 dock
1008 1580 112 31 under
1148 1580 131 31 villkor
1307 1581 53 32 att
1386 1581 182 36 personlig
1596 1582 219 32 skötsamhet

311 1625 41 28 är
373 1623 57 31 för
452 1623 150 31 handen.

351 1666 57 31 En
428 1666 187 36 stödjande
637 1666 227 31 verksamhet
885 1666 100 32 torde
1007 1666 111 32 redan
1140 1677 49 20 nu
1210 1667 166 32 bedrivas
1399 1668 97 31 inom
1518 1668 95 31 vissa
1635 1669 70 31 län.
1747 1669 68 36 Eg-

312 1710 325 36 nahemsstyrelsen
663 1710 66 30 har
756 1710 154 31 sålunda
935 1710 139 36 erfarit,
1100 1711 54 31 att
1180 1710 217 37 exempelvis
1423 1711 98 31 inom
1546 1711 270 33 Kristianstads

311 1753 62 31 län
392 1763 45 20 en
457 1753 101 36 dylik
579 1753 226 31 verksamhet
824 1753 111 31 sedan
955 1753 92 31 flera
1066 1755 41 29 år
1129 1753 153 32 tillbaka
1302 1754 248 32 förekommer.
1589 1755 54 31 Då
1665 1756 58 31 det
1743 1756 73 31 kan

311 1806 89 21 vara
421 1807 46 20 av
488 1798 51 29 ett
560 1797 91 30 visst
673 1796 150 31 intresse
846 1798 54 29 att
922 1797 122 31 erfara
1064 1797 95 30 huru
1182 1797 116 31 denna
1319 1798 310 32 stödverksamhet
1651 1801 40 29 är
1713 1808 100 28 orga-

310 1840 145 31 niserad
477 1841 64 30 och
562 1840 95 30 huru
680 1840 67 31 den
768 1840 151 36 utfallit,
943 1840 137 31 lämnas
1104 1840 125 32 härför
1251 1850 45 22 en
1317 1841 205 32 kortfattad
1543 1842 232 37 redogörelse.

350 1883 53 31 Ur
425 1883 67 31 den
514 1884 76 30 före
608 1883 79 31 1929
706 1883 141 31 bildade
866 1893 25 21 s.
912 1883 33 31 k.
966 1883 100 31 äldre
1085 1883 210 32 riskfonden
1314 1884 67 31 har
1401 1885 58 30 till
1479 1885 227 37 skötsamma,
1728 1886 87 31 duk-

310 1927 77 37 tiga
415 1927 383 36 egnahemslåntagare
826 1927 199 31 utlämnats
1054 1926 152 37 stödlån,
1232 1927 59 31 till
1319 1927 127 37 belopp
1477 1929 178 31 växlande
1681 1929 133 31 mellan

309 1970 188 36 300—2,000
515 1970 141 36 kronor,
677 1970 171 37 vanligen
868 1970 58 31 500
947 1970 139 31 kronor.
1128 1970 113 31 Dessa
1260 1970 62 31 lån
1341 1971 96 31 hava
1457 1972 198 31 utlämnats
1675 1973 73 30 mot
1769 1982 44 22 en

310 2015 109 30 ränta
443 2023 46 21 av
512 2014 101 30 4—4.5
636 2014 157 35 procent,
817 2013 65 31 och
907 2013 106 31 lånen
1037 2015 198 29 amorteras
1259 2014 114 39 under
1395 2024 46 21 en
1463 2015 55 31 tid
1540 2025 46 21 av
1611 2016 39 30 10
1674 2017 41 29 år
1737 2035 40 3 —
1800 2016 13 31 i

309 2057 110 36 något
445 2056 65 32 fall
535 2057 18 30 5
579 2057 50 30 år.
675 2057 70 31 För
771 2057 107 31 lånen
903 2056 139 31 lämnas
1067 2057 167 32 säkerhet
1259 2057 175 37 antingen
1460 2058 13 30 i
1500 2058 94 31 form
1619 2069 46 21 av
1690 2062 122 33 ägare-

308 2101 160 36 hypotek
494 2101 13 30 i
533 2100 406 37 egnahemsinteckning
964 2100 96 37 eller,
1087 2100 13 30 i
1126 2100 97 32 vissa
1251 2101 76 36 fall,
1356 2101 211 38 inteckning
1594 2103 218 31 omedelbart

307 2144 94 31 efter
428 2144 419 37 egnahemsinteckning;
874 2144 107 31 lånen
1007 2145 88 35 utgå
1124 2144 56 31 för
1207 2145 143 35 mycket
1377 2145 98 31 olika
1501 2146 168 31 ändamål
1696 2148 116 29 såsom

309 2188 56 31 för
388 2187 181 31 ordnande
592 2198 46 20 av
661 2187 186 37 oreglerad
869 2187 93 37 gäld,
984 2197 76 21 som
1080 2187 102 31 hotat
1204 2189 53 30 att
1279 2188 100 31 bliva
1401 2189 412 37 egnahemslåntagarna

308 2231 237 37 övermäktig,
567 2231 55 31 för
646 2230 240 31 anskaffande
908 2241 47 21 av
975 2230 192 37 behövliga
1188 2231 83 36 djur
1294 2232 13 30 i
1329 2231 121 32 avsikt
1471 2233 54 30 att
1548 2233 264 37 avkastningen

307 2285 47 20 av
376 2275 214 36 lägenheten
613 2274 93 31 skall
726 2274 95 36 ökas,
846 2274 56 31 för
925 2274 225 36 uppförande
1172 2285 47 20 av
1241 2275 218 36 exempelvis
1482 2276 157 31 hönshus
1663 2276 65 31 och
1751 2276 61 36 dy-

308 2318 77 31 likt.
425 2319 112 31 Dessa
557 2318 61 31 lån
638 2318 94 30 hava
752 2318 12 30 i
783 2317 98 37 regel
902 2318 97 30 varit
1019 2317 139 37 ägnade
1179 2319 55 30 att
1254 2318 206 32 stabilisera
1481 2319 231 37 låntagarens
1733 2320 77 31 eko-

308 2361 107 37 nomi,
440 2362 65 31 och
531 2361 323 31 låneförmedlaren
881 2361 67 31 har
973 2361 12 30 i
1011 2361 98 31 vissa
1135 2361 67 30 fall
1228 2361 210 37 härigenom
1464 2362 154 37 undgått
1643 2364 55 30 att
1726 2365 86 35 göra

306 2405 106 36 eljest
442 2405 189 31 sannolika
661 2404 181 31 förluster.
892 2403 135 32 Genom
1056 2404 118 31 denna
1203 2404 187 37 stödjande
1420 2405 215 31 lånerörelse
1666 2406 65 31 har
1758 2408 53 30 ett

308 2449 77 36 gott
407 2448 153 31 resultat
583 2447 159 36 vunnits,
764 2448 65 30 och
851 2447 207 32 densamma
1079 2447 67 31 har
1168 2448 97 31 varit
1287 2458 46 21 av
1354 2449 52 31 ett
1429 2449 92 31 stort
1542 2449 110 31 värde
1675 2449 56 32 för
1753 2459 58 28 eg-
