1922 2808
520 160 394 37 Bevillningsutskottets
934 160 218 33 betänkande
1171 170 42 21 nr
1240 163 51 30 36.
1631 157 38 30 29

291 246 142 38 (Kungl.
459 246 119 38 Maj:ts
603 246 158 38 förslag.)
1099 246 207 37 (Utskottets
1330 245 160 39 förslag.)

205 308 89 28 samt
317 314 43 22 en
384 304 148 32 särskild
554 304 394 38 prisfluktuationsfond
972 304 55 31 för
1050 303 313 38 beskattningsåret
1386 307 129 29 avsatts
1539 304 57 32 för
1619 307 50 29 att

160 357 94 30 möta
272 355 166 32 framtida
455 355 136 38 prisfall
610 354 21 32 å
649 355 100 31 dessa
766 354 193 38 tillgångar.

205 407 76 31 Den
301 406 234 38 provisoriska
555 405 208 38 påföringen
785 406 87 31 skall
895 415 82 22 avse
998 406 57 31 det
1075 406 136 38 belopp,
1234 407 144 30 varmed
1399 406 137 31 skatten
1557 406 112 31 skulle

160 458 90 31 hava
264 457 181 37 minskats,
461 467 58 21 om
533 458 43 30 de
590 457 145 37 inköpta
751 455 325 39 lagertillgångarna
1090 457 90 31 hade
1194 457 183 31 levererats
1392 456 111 32 under
1516 457 151 31 beskatt-

160 507 175 38 ningsåret
360 509 66 30 och
450 508 59 31 vid
532 507 331 38 beskattningsårets
888 507 129 38 utgång
1042 508 104 37 enligt
1170 508 11 31 i
1205 508 114 31 denna
1343 507 206 38 förordning
1573 507 94 32 med-

159 558 103 38 givna
286 560 150 37 grunder
459 558 208 33 nedskrivits
691 559 101 37 högst
815 559 81 30 med
920 559 56 30 det
999 558 51 31 till
1074 558 437 38 prisfluktuationsfonden
1534 561 135 28 avsatta

159 610 171 37 beloppet.

1098 659 55 40 (Se
1176 659 120 31 vidare
1320 657 299 41 anvisningarna.)

867 743 40 30 16
931 743 29 37 8.

203 811 216 32 Provisorisk
440 810 162 39 påföring
624 821 43 21 av
689 810 406 37 krigskonjunkturskatt
1116 811 56 38 för
1192 810 365 39 kostnadsutjämning
1579 811 88 31 skall

159 863 70 36 ske,

203 914 115 31 därest
337 922 44 22 en
399 913 149 31 särskild
567 911 472 38 kostnadsutjämningsfond
1058 912 56 31 för
1130 911 314 38 beskattningsåret
1463 915 128 28 avsatts
1612 911 55 32 för

158 966 51 29 att
224 964 179 32 användas
421 964 51 31 till
488 964 248 30 omkostnader
751 962 11 31 i
778 964 153 30 rörelsen
946 963 113 31 under
1074 966 47 28 ett
1137 962 157 38 följande
1310 962 49 32 år.

204 1014 75 32 Den
299 1014 235 37 provisoriska
554 1013 208 38 påföringen
783 1014 89 30 skall
894 1023 81 21 avse
997 1014 57 30 det
1075 1014 136 36 belopp,
1233 1014 144 30 varmed
1399 1013 137 31 skatten
1556 1013 112 31 skulle

158 1065 91 31 hava
269 1065 180 37 minskats,
471 1075 58 21 om
550 1065 43 31 de
613 1067 133 29 avsatta
766 1065 139 31 medlen
926 1065 147 30 använts
1094 1064 56 31 för
1171 1064 229 37 avdragsgilla
1421 1064 246 31 omkostnader

158 1116 111 30 under
287 1114 324 38 beskattningsåret.

203 1166 216 31 Provisorisk
438 1165 163 38 påföring
622 1176 43 21 av
684 1165 409 37 krigskonjunkturskatt
1110 1166 106 37 enligt
1235 1166 115 30 denna
1370 1164 165 38 paragraf
1555 1164 58 32 må
1634 1164 31 38 ej

158 1216 185 37 medgivas,
367 1217 116 31 därest
503 1216 195 31 restitution
721 1226 43 22 av
784 1216 229 37 provisoriskt
1033 1215 127 38 påförd
1182 1215 408 38 krigskonjunkturskatt
1611 1215 56 32 för

160 1268 144 36 tidigare
325 1267 39 32 år
386 1268 90 30 skett
496 1267 56 31 för
574 1268 248 30 omkostnader
842 1268 112 30 under
976 1266 322 37 beskattningsåret.

1097 1316 55 41 (Se
1175 1317 120 31 vidare
1319 1314 298 41 anvisningarna.)

866 1401 38 30 17
929 1400 30 38 8.

202 1469 216 30 Provisorisk
438 1468 164 38 påföring
623 1477 43 22 av
687 1467 408 38 krigskonjunkturskatt
1116 1468 56 37 för
1194 1468 144 38 befarad
1359 1468 166 38 framtida
1547 1468 119 31 värde-

158 1519 200 38 minskning
380 1520 88 30 skall
491 1520 69 35 ske,

202 1570 114 31 därest
334 1571 11 30 i
362 1570 283 36 räkenskaperna
662 1569 57 31 för
735 1568 314 38 beskattningsåret
1066 1568 221 32 beträffande
1304 1568 144 38 tillgång
1465 1568 56 32 för
1540 1568 125 37 stadig-

157 1621 153 31 varande
327 1621 91 30 bruk
436 1621 11 30 i
466 1621 128 30 rörelse
612 1620 223 37 avskrivning
855 1620 89 30 skett
962 1619 57 32 för
1036 1620 153 36 överpris
1208 1620 81 31 eller
1307 1620 234 36 merkostnad,

201 1681 80 21 men
299 1672 130 37 avdrag
446 1671 57 31 för
520 1671 244 31 motsvarande
781 1671 127 36 belopp
927 1671 59 31 vid
1003 1670 406 38 inkomstuppskattning
1428 1670 105 37 enligt
1552 1670 113 31 denna

157 1722 204 38 förordning
382 1722 114 31 finnes
517 1722 30 37 ej
569 1723 121 30 kunna
709 1722 185 36 medgivas.

202 1773 75 30 Den
301 1773 234 37 provisoriska
559 1772 319 37 skattepåföringen
904 1773 88 30 skall
1016 1782 81 21 avse
1121 1773 56 30 det
1199 1772 137 36 belopp,
1362 1772 143 30 varmed
1529 1772 136 31 skatten

158 1824 111 30 skulle
291 1824 91 30 hava
405 1823 179 36 minskats,
609 1833 58 21 om
690 1824 56 30 det
767 1824 12 30 i
802 1824 284 36 räkenskaperna
1108 1822 122 37 gjorda
1253 1823 164 36 avdraget
1438 1822 11 30 i
1473 1821 53 32 sin
1549 1822 116 31 helhet

156 1874 90 30 hade
264 1873 182 37 medgivits
466 1873 57 31 vid
542 1873 461 37 inkomstuppskattningen.

1096 1922 54 40 (Se
1174 1922 120 31 vidare
1318 1919 298 42 anvisningarna.)

865 1998 40 30 18
930 1997 29 38 3.

200 2064 216 32 Provisorisk
436 2064 163 38 påföring
619 2074 43 21 av
683 2064 407 37 krigskonjunkturskatt
1110 2064 56 38 för
1186 2064 167 38 framtida
1373 2064 229 38 anskaffning
1622 2074 42 21 av

157 2116 357 37 ersättningstonnage
534 2116 80 31 med
633 2124 97 22 mera
750 2116 88 30 skall
860 2116 69 35 ske,

201 2167 114 30 därest
337 2167 111 30 under
470 2165 313 37 beskattningsåret
805 2166 129 30 rörelse
957 2165 166 37 tillhörigt
1145 2165 114 37 fartyg
1281 2164 141 32 försålts
1446 2166 80 30 eller
1550 2165 115 37 fartyg

156 2217 82 30 eller
256 2226 118 21 annan
393 2216 142 37 tillgång
555 2216 55 31 för
628 2216 265 36 stadigvarande
912 2216 90 29 bruk
1022 2216 11 30 1i
1051 2217 127 30 rörelse
1196 2215 173 36 förlorats,

200 2267 66 30 och
289 2266 276 36 köpeskillingen
587 2267 81 30 eller
689 2266 381 36 försäkringssumman
1093 2266 81 30 eller
1197 2266 54 30 del
1275 2266 109 30 därav
1406 2265 121 31 insatts
1551 2264 21 31 å
1595 2266 69 29 sär-

157 2316 80 31 skilt
256 2317 107 30 konto
381 2317 64 30 hos
464 2316 214 30 riksbanken
697 2316 55 31 för
770 2319 48 28 att
838 2316 189 36 användas,
1049 2325 56 21 om
1126 2316 56 30 det
1201 2316 126 30 insatta
1347 2316 161 35 beloppet
1527 2316 137 35 utgöres

156 2376 43 21 av
219 2366 232 37 köpeskilling
470 2366 56 31 för
545 2366 124 36 fartyg,
692 2367 50 29 till
763 2366 236 31 anskaffande
1018 2375 43 21 av
1082 2368 106 28 annat
1208 2366 81 30 eller
1310 2366 110 29 andra
1442 2365 123 37 fartyg,
1587 2366 76 36 och,

156 2427 57 21 om
237 2417 56 30 det
315 2418 137 35 utgöres
476 2426 43 21 av
542 2416 355 37 försäkringssumma
921 2416 56 31 för
1000 2416 154 31 förlorad
1178 2415 151 38 tillgång,
1354 2416 50 30 till
1430 2415 235 32 anskaffande

156 2477 43 22 av
216 2467 115 38 fartyg
350 2468 82 30 eller
450 2476 117 22 annan
585 2466 143 38 tillgång
746 2466 55 31 för
819 2466 266 37 stadigvarande
1104 2467 99 30 bruk.
