1910 2800
256 141 41 30 40
629 144 394 37 Bevillningsutskottets
1043 145 218 31 betänkande
1279 155 42 21 nr
1346 147 49 30 36.

393 229 140 37 (Kungl.
559 229 119 37 Maj:ts
702 229 159 38 förslag.)
1197 228 208 38 (Utskottets
1429 229 159 38 förslag.)

263 286 51 31 till
334 287 96 37 dylik
449 287 90 31 skatt
557 288 64 35 äga
637 287 245 31 motsvarande
898 287 229 37 tillämpning,
1146 288 79 30 med
1241 288 223 37 iakttagande
1480 298 43 21 av
1540 290 49 29 att
1606 288 56 31 det
1678 288 89 31 skall

261 338 192 31 ankomma
474 337 45 37 på
541 338 67 30 den
629 338 251 37 skattskyldige
902 340 49 29 att
973 338 82 36 visa,
1080 341 50 29 att
1151 339 238 36 merinkomst,
1414 348 74 21 som
1511 339 185 31 fastställes
1718 339 47 37 på

259 389 115 35 grund
392 398 42 21 av
451 387 251 37 eftertaxering,
721 388 31 37 ej
771 389 113 30 berott
899 388 47 37 på
963 388 244 31 förhållanden
1226 398 74 21 som
1318 390 12 29 i
1350 390 14 29 1
1387 389 18 37 8
1424 391 86 35 sägs.

305 439 21 29 2
350 447 105 21 mom.
492 438 123 31 Därest
637 438 243 37 eftertaxering
900 438 273 37 ifrågakommer
1193 439 110 30 under
1324 438 48 37 år,
1395 438 45 32 då
1461 440 129 30 allmän
1612 439 155 37 taxering

261 488 52 31 till
331 488 406 37 krigskonjunkturskatt
755 489 31 37 ej
807 491 81 35 äger
905 499 88 26 rum,
1014 490 88 30 skall
1121 489 287 38 eftertaxeringen
1427 491 202 30 verkställas
1650 500 42 21 av
1712 500 55 21 or-

262 537 135 32 dinarie
414 538 364 38 prövningsnämnden
797 540 80 30 med
897 540 244 30 motsvarande
1159 540 219 37 tillämpning
1398 549 42 21 av
1458 540 308 37 taxeringsförord-

261 589 146 37 ningens
426 590 267 35 bestämmelser,
714 590 122 33 därvid
857 590 167 37 iakttages
1046 593 50 28 att
1115 590 288 37 eftertaxeringen
1422 591 187 31 antecknas
1627 591 12 30 i
1659 591 107 37 krigs-

263 640 446 37 konjunkturskattelängd,
738 640 117 31 vilken
884 640 115 32 såsom
1029 641 115 37 bilaga
1172 641 98 37 fogas
1299 641 58 31 vid
1384 641 383 37 prövningsnämndens

262 691 185 36 protokoll.

306 741 21 30 3
351 750 105 22 mom.
493 741 123 32 Därest
639 741 244 38 eftertaxering
908 742 87 36 sker,
1021 741 58 32 må
1104 743 80 29 med
1208 742 244 31 motsvarande
1477 742 220 37 tillämpning
1724 752 44 21 av

262 792 307 31 bestämmelserna
590 792 10 30 i
621 793 41 30 36
683 793 19 37 8
732 794 9 29 2
764 802 105 21 mom.
893 792 211 37 provisorisk
1126 792 162 37 påföring
1307 793 62 31 ske
1389 802 44 21 av
1454 793 65 30 den
1541 793 122 31 därvid
1683 793 84 31 fast-

264 843 125 30 ställda
412 842 460 37 krigskonjunkturskatten.

828 952 370 32 Straffbestämmelse.

966 1029 42 31 38
1030 1029 30 37 8.

306 1095 65 31 Om
394 1105 126 22 ansvar
539 1096 12 30 i
572 1096 90 32 vissa
682 1096 61 31 fall
764 1096 56 31 för
840 1097 77 36 den,
938 1106 74 21 som
1033 1097 12 30 i
1066 1097 216 31 deklaration
1303 1097 105 36 enligt
1429 1097 114 30 denna
1563 1097 205 37 förordning

261 1146 82 30 eller
365 1146 57 31 vid
443 1146 188 31 lämnande
651 1156 43 21 av
713 1147 139 36 uppgift
874 1156 74 22 som
968 1146 12 31 i
1001 1148 40 29 27
1065 1147 18 37 8
1106 1147 76 37 sägs
1203 1147 133 31 lämnat
1357 1147 125 37 oriktig
1504 1147 149 37 uppgift,
1674 1148 93 30 stad-

259 1204 61 28 gas
339 1196 12 31 1
371 1196 326 37 skattestrafflagen.

1075 1248 73 29 Har
1166 1247 187 38 förseelsen
1371 1247 130 37 begåtts
1519 1248 107 30 innan
1642 1247 126 31 skatte-

1029 1297 206 37 strafflagen
1252 1297 116 31 träder
1384 1299 10 29 i
1410 1298 106 38 kraft,
1534 1298 89 30 skall
1639 1297 51 32 till
1707 1307 61 22 an-

1029 1356 81 21 svar
1125 1347 121 31 dömas
1263 1347 79 31 med
1357 1348 244 31 motsvarande
1617 1348 150 38 tillämp-

1030 1398 82 37 ning
1128 1406 42 21 av
1185 1397 43 31 38
1243 1396 22 40 $
1281 1397 250 38 förordningen
1547 1398 68 31 den
1631 1399 41 30 19
1690 1398 77 38 juni

1032 1448 84 30 1942
1140 1456 56 21 om
1219 1447 408 37 krigskonjunkturskatt
1650 1448 55 38 för
1728 1449 40 30 år

1031 1498 95 31 1942.

698 1650 199 31 Kostnader
920 1650 57 31 för
1001 1650 324 37 taxeringsarbetet.

967 1735 41 30 39
1032 1735 29 37 8.

307 1800 50 31 Av
376 1801 199 37 taxeringen
594 1802 51 31 till
663 1800 407 38 krigskonjunkturskatt
1088 1802 207 32 föranledda
1314 1801 172 32 särskilda
1504 1802 187 31 kostnader
1710 1802 57 31 be-

264 1851 126 31 stridas
414 1861 43 21 av
480 1852 206 31 statsmedel.

822 1978 159 31 Särskild
1007 1978 196 31 föreskrift.

968 2054 42 30 40
1032 2055 30 37 8.

308 2119 123 37 Kungl.
456 2119 101 37 Maj:t
581 2121 79 36 äger
682 2120 141 31 utfärda
847 2120 55 31 för
925 2121 219 37 tillämpning
1168 2131 42 22 av
1234 2123 114 30 denna
1370 2122 203 37 förordning
1598 2122 168 31 erforder-

263 2170 67 37 liga
353 2170 227 32 föreskrifter.

307 2305 122 32 Denna
453 2305 202 37 förordning
677 2307 115 30 träder
816 2306 11 31 i
850 2307 95 30 kraft
967 2307 112 36 dagen
1103 2307 85 31 efter
1214 2307 77 36 den,
1316 2306 45 32 då
1386 2307 247 38 förordningen
1657 2308 107 37 enligt

262 2355 85 31 därå
369 2357 182 30 meddelad
572 2356 136 37 uppgift
728 2357 188 31 utkommit
939 2356 79 31 från
1039 2358 133 36 trycket
1196 2358 10 30 i
1229 2357 130 31 Svensk
1381 2358 382 38 författningssamling.
