1898 2804
283 151 19 30 8
712 154 274 31 Statsutskottets
1009 153 175 32 utlåtande
1204 164 42 21 nr
1279 156 69 29 118.

331 241 55 30 Att
406 239 241 37 ifrågakomna
667 240 126 37 belopp
819 240 115 35 11,000
954 241 128 29 kronor
1102 241 64 29 och
1188 240 118 35 20,000
1328 241 129 29 kronor
1477 250 41 21 av
1538 239 178 36 Lothigius
1736 239 50 30 in-

288 286 82 28 satts
388 282 20 32 å
426 283 113 31 denna
559 283 257 36 checkräkning
835 283 55 30 för
908 285 47 28 att
974 282 57 30 vid
1050 283 110 29 behov
1178 286 95 32 tagas
1292 282 10 29 i
1321 282 151 35 anspråk
1491 282 54 30 för
1562 281 165 36 täckning
1745 292 42 20 av

288 325 238 36 förskingrade
550 325 258 36 stämpelmedel
830 325 105 35 torde,
959 333 41 21 av
1023 326 65 29 vad
1112 334 73 20 som
1208 324 153 35 framgår
1383 324 9 29 i
1415 323 113 36 målet,
1551 333 83 21 vara
1655 333 131 26 uppen-

287 369 85 29 bart.
398 368 158 30 Nämnda
581 367 124 36 belopp
729 368 45 30 ha
797 367 110 30 under
930 368 184 28 november
1138 367 81 29 eller
1241 367 180 29 december
1445 366 127 30 månad
1599 366 82 29 1936
1704 366 81 30 inle-

287 413 147 27 vererats
458 410 50 30 till
534 409 391 37 generalpoststyrelsen.
952 408 52 31 Då
1028 408 175 36 Lothigius
1230 409 54 29 för
1307 408 254 35 utbetalningar
1585 408 54 30 för
1663 406 125 31 Lovisa

287 452 225 37 Magnussons
541 452 147 35 räkning
714 451 75 30 icke
816 453 128 28 använt
971 452 107 28 större
1104 451 125 35 belopp
1258 452 44 28 än
1329 451 130 29 kronor
1484 450 110 34 3,473:
1611 450 51 34 53,
1689 449 98 30 torde

286 494 212 32 återstående
524 494 160 36 beloppet
709 494 120 34 27,526
855 494 129 29 kronor
1008 493 39 29 47
1075 494 57 29 öre
1159 502 42 20 av
1228 492 124 30 Lovisa
1378 491 211 36 Magnusson
1613 491 173 35 tillhöriga

287 538 109 30 medel
416 536 36 32 få
472 546 100 21 anses
593 537 44 29 ha
658 536 147 30 kommit
826 536 203 29 statsverket
1048 535 49 30 till
1120 535 97 35 godo.

330 579 122 30 Lovisa
474 579 219 36 Magnusson,
716 588 76 20 som
815 578 97 30 avled
934 578 67 30 den
1026 578 38 29 13
1087 576 134 37 augusti
1246 577 93 34 1937,
1362 576 249 30 efterlämnade
1634 576 74 29 icke
1729 575 58 30 vid

286 621 53 32 sin
361 622 68 30 död
450 620 107 37 några
580 620 291 36 arvsberättigade
894 618 197 37 släktingar,
1115 628 78 21 men
1216 619 90 30 hade
1328 619 10 29 i
1361 620 201 28 testamente
1584 618 105 29 insatt
1710 627 76 20 som

285 663 203 32 universella
511 665 319 33 testamentstagare
851 662 87 30 med.
962 662 39 30 dr
1022 662 99 29 Allan
1144 661 117 35 Henry
1283 660 185 35 Wolfgang
1489 659 210 36 Magnusson
1721 659 65 30 och

285 708 87 29 hans
401 709 108 34 syster
536 706 56 30 fru
620 705 63 30 Siri
710 705 116 30 Astrid
855 704 122 31 Lovisa
1005 703 190 35 Granstedt,
1225 703 86 30 född
1337 702 220 35 Magnusson,
1585 701 93 31 vilka
1705 709 81 21 vore

286 750 216 36 syskonbarn
529 748 50 30 till
606 748 123 30 Lovisa
755 747 227 36 Magnussons
1009 746 93 30 förut
1128 746 137 29 avlidne
1292 754 91 25 man,
1410 744 377 30 hattmakarmästaren

284 791 98 30 Peter
404 791 219 36 Magnusson.
648 790 49 30 De
720 789 190 36 tillgångar,
933 788 124 30 Lovisa
1080 787 209 36 Magnusson
1312 786 168 34 innehaft,
1505 786 89 30 hade
1617 786 70 29 hon
1711 786 74 29 ärvt

284 833 86 30 efter
388 834 51 30 sin
455 833 137 30 avlidne
608 842 91 25 man,
717 832 120 30 varför
853 832 55 30 det
925 839 99 28 synes
1042 829 173 36 naturligt,
1233 831 49 28 att
1299 827 243 36 behållningen
1559 827 85 30 efter
1661 826 123 29 Lovisa

285 876 207 37 Magnusson
515 875 145 30 kommit
681 877 49 27 att
752 874 137 30 tillfalla
910 874 354 33 testamentstagarna.

329 918 176 36 Lothigius
529 917 76 31 blev
628 918 64 29 den
719 917 38 29 10
781 915 152 31 februari
958 915 80 30 1937
1063 915 56 30 vid
1143 914 107 30 Södra
1274 913 140 35 Roslags
1438 913 181 34 domsagas
1642 911 142 30 härads-

285 963 66 29 rätt
372 961 120 30 försatt
514 961 10 29 i
547 961 164 29 konkurs.
735 959 201 30 Stärbhuset
958 958 64 30 har
1042 957 74 30 icke
1137 955 135 30 erhållit
1294 964 116 21 annan
1432 953 190 35 ersättning
1643 953 55 30 för
1718 953 66 29 den

285 1004 122 30 förlust
431 1004 193 29 detsamma
649 1001 73 30 lidit
749 1002 43 29 än
817 999 179 36 utdelning
1018 1008 43 21 av
1085 999 119 30 3.04197
1228 993 43 34 9/o
1296 997 20 31 å
1340 1006 42 21 av
1407 996 196 30 stärbhuset
1626 993 159 32 bevakad

285 1046 140 30 fordran
446 1045 9 30 i
476 1043 187 37 Lothigius”
685 1044 166 30 konkurs.

327 1121 12 30 I
362 1119 216 38 underdånig
600 1119 255 36 framställning
879 1119 64 30 den
972 1119 35 29 17
1033 1119 180 29 december
1239 1117 79 30 1937
1345 1117 117 29 anhöll
1486 1115 31 31 S.
1541 1115 106 30 Nisell
1667 1113 116 32 såsom

282 1172 284 36 utredningsman
591 1170 10 30 i
625 1172 79 29 boet
728 1170 86 30 efter
839 1169 124 30 Lovisa
989 1169 219 36 Magnusson,
1235 1170 49 28 att
1310 1167 121 36 Kungl.
1459 1165 100 37 Maj:t
1584 1164 105 31 måtte
1714 1165 68 29 för-

282 1224 108 30 ordna
415 1232 58 21 om
496 1222 158 36 åtgärder
679 1222 54 29 för
756 1219 251 37 återbetalning
1033 1219 48 30 till
1105 1219 167 29 dödsboet
1297 1227 40 20 av
1363 1217 118 34 27,526
1506 1217 130 29 kronor
1658 1215 40 28 47
1725 1216 58 28 öre

281 1274 106 36 jämte
406 1273 70 30 fem
495 1275 142 34 procent
657 1273 99 28 ränta
776 1270 86 31 därå
880 1270 77 31 från
976 1270 65 30 den
1062 1270 15 28 7
1099 1269 187 29 november
1307 1267 82 30 1936
1409 1267 78 30 med
1507 1266 127 35 avdrag
1655 1274 42 21 av
1715 1265 66 29 den

283 1324 185 36 utdelning,
489 1333 76 21 som
584 1324 11 29 i
615 1321 188 36 Lothigius”
825 1322 153 29 konkurs
1000 1320 116 30 kunde
1135 1319 124 35 belöpa
1279 1317 44 36 på
1345 1317 155 30 nämnda
1518 1316 136 34 belopp.

329 1374 202 31 Utlåtanden
558 1376 80 28 över
662 1373 114 30 denna
803 1372 254 35 framställning
1082 1370 147 36 avgåvos
1255 1378 41 21 av
1323 1366 425 32 advokatfiskalsämbetet
1773 1365 9 29 i

281 1427 85 30 Svea
384 1427 146 33 hovrätt,
549 1423 438 39 justitiekanslersämbetet
1005 1423 64 29 och
1089 1421 253 29 statskontoret.

326 1483 431 38 Advokatfiskalsämbetet
780 1484 9 28 i
813 1482 86 30 Svea
919 1482 136 29 hovrätt
1077 1479 145 31 anförde
1244 1478 121 30 därvid
1386 1477 107 30 bland
1516 1478 115 32 annat,
1654 1476 50 28 att
1725 1473 57 31 nå-

282 1536 67 28 gon
374 1527 144 36 lagligen
545 1526 156 36 grundad
728 1524 194 37 skyldighet
948 1524 53 29 för
1028 1522 201 31 statsverket
1256 1523 48 27 att
1330 1519 49 30 till
1404 1518 124 31 Lovisa
1554 1517 229 35 Magnussons

282 1571 132 29 dödsbo
439 1569 175 36 återgälda
639 1568 160 36 beloppet
825 1566 117 35 27,526
968 1566 128 29 kronor
1121 1564 39 29 47
1188 1565 57 28 öre
1270 1562 82 30 eller
1377 1562 53 30 del
1455 1562 107 29 därav
1587 1559 76 30 icke
1687 1558 96 30 torde

283 1612 171 36 föreligga.
479 1612 79 30 Med
580 1612 135 35 hänsyn
736 1608 189 31 emellertid
945 1607 50 30 till
1017 1607 205 30 förekomna
1244 1603 292 35 omständigheter
1557 1601 96 30 torde
1674 1600 108 34 billig-

282 1656 100 29 heten
405 1655 116 35 kräva,
545 1656 58 33 att,
626 1654 114 29 därest
762 1651 166 31 dödsboet
952 1649 85 30 efter
1060 1648 124 30 Lovisa
1204 1647 211 35 Magnusson
1437 1644 75 31 icke
1534 1644 10 29 i
1567 1651 116 22 annan
1706 1641 76 30 ord-

282 1697 81 37 ning
387 1697 115 30 kunde
524 1695 132 31 erhålla
678 1693 191 36 ersättning
893 1693 53 30 för
970 1692 67 30 den
1060 1691 133 34 förlust,
1217 1698 121 21 varom
1361 1689 62 29 här
1447 1695 80 22 vore
1552 1684 107 36 fråga,
1684 1686 97 28 stats-

282 1740 114 30 verket
417 1740 91 29 hölle
529 1739 166 31 dödsboet
716 1737 192 30 skadeslöst
927 1734 11 30 i
959 1734 122 31 sådant
1102 1731 206 32 hänseende.

326 1804 444 32 Justitiekanslersämbetet
788 1802 156 31 anförde:

326 1848 113 36 Enligt
457 1847 255 36 handlingarna
734 1846 9 29 i
764 1845 139 31 ärendet
926 1853 98 28 synes
1044 1844 54 29 väl
1117 1843 75 30 icke
1213 1851 82 21 vara
1314 1842 78 30 med
1412 1841 64 30 full
1497 1840 128 31 visshet
1642 1840 138 30 konsta-

281 1894 87 28 terat
386 1894 47 27 att
450 1890 178 35 Lothigius
648 1899 41 20 av
710 1889 41 29 de
770 1887 46 37 på
836 1887 123 30 Lovisa
977 1887 226 35 Magnussons
1224 1884 284 36 bankräkningar
1527 1886 144 32 uttagna
1688 1881 93 30 med-

280 1937 54 29 len
360 1935 127 30 använt
513 1933 242 36 ifrågakomna
781 1931 159 36 beloppet
966 1930 118 35 27,526
1109 1930 129 29 kronor
1264 1929 40 28 47
1332 1929 57 29 öre
1414 1926 55 31 för
1494 1926 213 34 inbetalning
1731 1924 52 30 till

281 1976 200 30 statsverket
508 1984 41 21 av
575 1973 223 31 oredovisade
825 1971 267 37 stämpelmedel.
1118 1969 200 31 Emellertid
1342 1970 63 28 har
1435 1967 177 36 Lothigius
1639 1966 141 37 synbar-

281 2018 90 36 ligen
389 2018 144 36 nödgats
554 2017 105 30 anlita
678 2015 171 31 särskilda
870 2015 142 35 utvägar
1032 2014 54 29 för
1107 2016 46 26 att
1175 2030 44 3 —
1239 2012 105 29 sedan
1366 2012 87 29 hans
1473 2003 309 46 stämpeluppbörd

281 2060 98 31 blivit
396 2059 144 31 föremål
560 2060 54 29 för
631 2058 213 37 granskning
859 2075 45 3 —
919 2057 119 29 kunna
1056 2055 184 30 verkställa
1258 2054 95 36 dylik
1372 2052 222 36 inbetalning.
1617 2051 75 30 Och
1709 2059 71 21 om-

282 2103 278 36 ständigheterna
578 2102 71 29 lära
666 2101 77 36 giva
759 2100 137 37 mycket
914 2099 107 29 starkt
1040 2098 74 29 stöd
1131 2098 53 30 för
1201 2095 268 37 uppfattningen
1488 2097 48 28 att
1553 2095 87 29 även
1658 2093 122 30 Lovisa

282 2146 225 36 Magnussons
531 2144 110 30 medel
662 2144 147 29 använts
833 2142 53 30 för
905 2141 146 30 berörda
1074 2138 172 32 ändamål.

325 2188 56 30 Att
400 2188 204 30 statsverket
622 2186 74 30 icke
716 2187 37 28 är
773 2184 145 36 lagligen
938 2183 148 36 skyldigt
1108 2181 186 31 återbetala
1316 2183 41 29 de
1377 2182 120 35 medel,
1521 2191 74 21 som
1616 2182 10 29 i
1647 2181 132 30 föreva-

281 2231 106 30 rande
410 2230 60 30 fall
490 2228 148 31 kommit
659 2227 203 31 statsverket
887 2226 148 36 tillgodo,
1059 2226 87 29 lärer
1168 2234 82 21 vara
1274 2225 99 29 klart.
1399 2223 52 31 Då
1473 2224 122 30 Lovisa
1621 2224 158 36 Magnus-

281 2282 63 21 son
364 2282 143 21 numera
528 2273 38 29 är
589 2271 67 30 död
680 2271 64 29 och
765 2270 76 29 icke
865 2269 217 30 efterlämnat
1105 2267 290 35 arvsberättigade
1419 2266 188 36 släktingar
1628 2268 89 28 samt
1740 2266 40 29 de

281 2324 170 28 personer,
477 2315 51 29 till
550 2313 92 30 vilka
665 2313 71 29 hon
760 2313 255 29 testamenterat
1037 2310 52 29 sin
1111 2308 279 37 kvarlåtenskap,
1414 2318 103 27 synas
1540 2318 82 21 vara
1647 2308 132 30 välbär-

280 2358 95 36 gade,
399 2357 96 31 torde
514 2356 30 37 ej
569 2356 104 30 heller
696 2354 165 36 föreligga
883 2353 138 30 särskilt
1041 2352 184 30 ömmande
1249 2351 292 36 omständigheter
1561 2354 48 27 att
1630 2350 149 35 åberopa

281 2400 51 30 till
353 2400 74 30 stöd
448 2400 55 30 för
524 2408 41 21 en
588 2397 258 35 återbetalning.
871 2396 65 29 För
960 2395 52 29 sin
1034 2395 52 29 del
1110 2404 99 20 anser
1234 2394 89 30 dock
1343 2392 436 38 justitiekanslersämbetet

281 2445 49 28 att
348 2442 54 31 det
419 2442 111 30 skulle
546 2450 81 21 vara
644 2440 54 30 för
713 2438 234 31 rättskänslan
965 2437 188 30 tilltalande
1172 2439 47 27 att
1239 2436 202 30 statsverket
1458 2436 10 29 i
1488 2438 45 27 ett
1550 2435 62 30 fall
1629 2444 74 21 som
1725 2434 55 30 det
