2187 2674
433 179 17 30 6
892 165 244 34 Statsutskottets
1164 161 167 33 Utlåtande
1355 159 63 31 N:o
1441 157 52 32 43.

390 265 243 52 bebyggande
665 264 129 46 ålegat,
824 260 67 37 sist
923 257 62 38 vid
1013 258 189 46 utgången
1229 251 39 37 af
1291 248 161 38 nämnda
1478 246 55 37 tid
1561 258 86 24 vara
1674 241 148 51 skyldig
1849 240 149 47 erlägga

391 318 211 39 återstoden
629 314 40 38 af
694 311 306 52 köpeskillingen;
1030 311 94 34 samt
1277 336 2 6 .

527 374 65 40 att,
621 367 110 38 sedan
758 358 454 57 byggnadsskyldigheten
1239 353 125 38 blifvit
1382 351 202 48 behörigen
1605 345 179 52 fullgjord
1804 344 66 36 och
1889 343 109 48 köpe-

394 424 196 45 skillingen
622 419 58 37 till
711 417 92 37 fullo
835 414 149 50 guldits,
1013 408 178 51 köpebref
1216 411 20 32 å
1262 410 94 32 tomt
1382 405 98 45 finge
1508 401 39 37 af
1572 401 113 35 Eders
1713 397 135 47 Kungl.
1876 394 123 49 Maj:ts

393 468 409 53 befallningshafvande
830 466 59 37 för
917 459 358 42 tomtinnehafvaren
1304 455 184 43 utfärdas;

529 525 72 36 dels
628 527 54 32 att
720 521 70 36 den
831 518 114 43 mark,
973 529 77 23 som
1077 517 20 33 å
1123 513 131 35 kartan
1287 508 184 37 utmärkts
1499 503 82 38 med
1607 504 63 48 fig.
1702 502 158 42 19—27,
1886 499 115 48 jämte

396 580 84 36 dem
522 571 319 52 mellanliggande,
870 569 58 37 till
968 574 70 41 väg
1068 564 207 47 föreslagen
1302 560 59 36 del
1388 558 39 37 af
1453 558 61 48 fig.
1545 557 45 35 28
1618 555 98 48 finge
1743 556 46 45 på
1816 548 188 39 enahanda

397 635 74 32 sätt
510 628 67 37 och
614 626 131 36 villkor
782 622 82 37 från
902 617 254 50 kronoparken
1197 612 190 38 afsöndras
1427 609 66 37 och
1524 606 177 47 försäljas,
1730 604 176 47 antingen
1939 607 66 28 när

398 683 101 35 detta
536 677 149 38 område
726 676 70 36 den
839 675 46 34 14
923 684 96 23 mars
1051 669 92 35 1906
1173 664 120 38 blefve
1321 659 270 48 arrendeledigt
1620 658 88 35 eller
1735 654 268 41 dessförinnan,

399 746 59 22 om
486 729 223 50 uppgörelse
736 725 124 37 kunde
887 722 84 37 med
999 719 238 37 arrendatorn
1264 713 128 38 träffas
1419 726 58 22 om
1506 709 183 37 områdets
1717 705 187 38 afstående
1929 707 77 31 mot

400 782 218 47 afkortning
641 783 20 33 å
688 776 187 43 arrendet;

534 833 74 37 dels
649 831 59 36 ock
749 833 53 31 att
841 824 335 50 köpeskillingarna
1215 819 57 36 för
1312 820 185 33 tomterna
1534 813 108 46 finge,
1672 814 46 44 på
1758 820 138 25 samma
1935 809 72 33 sätt

402 900 76 23 som
526 882 334 51 köpeskillingarna
911 877 60 36 för
1019 872 159 38 försålda
1226 869 142 37 mindre
1421 862 352 49 kronoegendomar,
1824 856 185 39 användas

401 939 58 36 till
498 937 111 47 inköp
650 934 56 36 för
736 933 160 34 kronans
923 927 158 47 räkning
1109 923 39 37 af
1173 918 252 51 skogbärande
1452 917 88 36 eller
1566 915 56 35 till
1650 911 239 50 skogsodling
1915 908 95 48 tjän-

402 991 53 48 lig
483 988 115 37 mark.

536 1038 75 38 Vid
651 1034 229 51 underdånig
915 1028 264 47 föredragning
1217 1025 70 36 den
1316 1025 19 34 7
1361 1021 85 49 juni
1475 1020 93 35 1901
1611 1015 39 38 af
1686 1013 227 49 Riksdagens
1949 1010 64 36 be-

403 1093 109 37 rörda
553 1088 191 39 skrifvelse
784 1085 89 37 fann
914 1082 113 36 Eders
1068 1079 135 48 Kungl.
1232 1076 104 48 Maj:t
1363 1073 90 49 godt
1481 1076 54 31 att
1564 1068 195 49 godkänna
1786 1063 228 48 Riksdagens

405 1139 280 53 ifrågavarande
728 1139 132 41 beslut,
897 1135 13 35 i
946 1132 95 37 hvad
1086 1131 203 36 detsamma
1333 1124 115 37 skilde
1493 1122 55 46 sig
1592 1119 83 37 från
1720 1117 112 36 Eders
1878 1114 135 46 Kungl.

404 1196 126 46 Maj:ts
560 1193 14 35 i
605 1195 124 32 ämnet
769 1189 132 35 aflåtna
942 1183 242 50 proposition;
1226 1179 67 35 och
1334 1175 78 38 blef
1449 1172 97 38 hvad
1583 1171 114 37 Eders
1736 1167 134 47 Kungl.
1911 1164 106 47 Maj:t

408 1247 69 36 och
521 1242 210 49 Riksdagen
775 1237 152 39 sålunda
971 1235 141 36 belutat
1157 1232 56 36 uti
1256 1228 129 47 nådigt
1424 1224 85 37 bref
1547 1219 227 40 sistnämnda
1814 1218 71 47 dag
1918 1215 99 36 med-

409 1296 125 38 deladt
574 1291 315 50 domänstyrelsen
928 1288 58 36 till
1027 1298 92 35 egen
1159 1282 67 37 och
1258 1276 290 41 vederbörandes
1579 1271 205 39 kännedom
1813 1268 67 37 och
1908 1266 110 37 efter-

409 1348 159 37 rättelse.

548 1449 61 36 Uti
651 1444 230 47 underdånig
921 1439 189 38 skrifvelse
1150 1437 71 35 den
1263 1436 44 34 13
1349 1430 184 38 nästlidne
1573 1426 154 38 oktober
1768 1424 66 35 har
1871 1421 152 36 domän-

411 1502 181 49 styrelsen
620 1497 181 37 meddelat
829 1490 315 48 hufvudsakligen
1170 1485 174 49 följande.

546 1551 53 36 På
638 1546 337 48 domänstyrelsens
1014 1543 161 45 begäran
1203 1536 94 37 hade
1320 1534 113 37 Eders
1467 1531 135 48 Kungl.
1631 1528 121 47 Maj:ts
1784 1523 240 46 befallnings-

415 1602 183 39 hafvande
624 1601 14 35 i
665 1597 258 49 Kopparbergs
963 1594 61 35 län
1051 1593 12 35 i
1091 1590 162 47 enlighet
1294 1586 84 36 med
1417 1580 280 39 föreskrifterna
1724 1579 13 34 i
1764 1577 133 46 nådiga
1928 1572 97 37 bref-

417 1661 59 32 vet
514 1654 69 35 den
626 1654 19 33 7
685 1649 84 49 juni
811 1649 92 34 1901
946 1648 78 44 gått
1060 1644 12 35 i
1106 1639 221 47 författning
1367 1636 139 42 därom,
1547 1637 55 30 att
1640 1630 138 47 förslag
1817 1627 58 36 till
1915 1626 109 46 köpe-

418 1706 193 47 skillingar
653 1701 56 37 för
749 1700 44 36 de
834 1696 176 39 särskilda
1050 1698 182 32 tomterna
1271 1688 125 37 blifvit
1427 1682 214 52 upprättadt
1674 1680 41 36 af
1752 1675 275 40 vederbörande

417 1755 296 39 revirförvaltare
757 1751 66 36 och
868 1748 39 37 af
950 1747 112 36 Eders
1108 1743 133 48 Kungl.
1287 1739 122 47 Maj:ts
1454 1729 408 51 befallningshafvande
1902 1726 126 37 därtill

419 1807 133 38 utsedd
592 1817 141 37 person,
775 1800 357 37 kronolänsmannen
1170 1793 38 37 Ö.
1250 1792 37 37 F.
1322 1789 269 41 Wallenström,
1633 1783 39 37 af
1709 1781 142 37 hvilket
1891 1777 138 47 förslag

418 1857 241 43 inhämtades,
700 1859 54 31 att
794 1853 44 36 de
881 1853 44 34 12
966 1848 242 47 tomtplatser,
1249 1856 79 24 som
1364 1844 20 32 å
1419 1839 208 37 Markmans
1668 1831 219 39 förberörda
1925 1830 105 34 karta

422 1910 182 37 utmärkts
645 1905 83 37 med
768 1905 61 47 fig.
863 1903 131 41 1--18,
1022 1897 126 38 blifvit
1188 1899 115 33 åsatta
1335 1897 54 32 ett
1416 1889 110 38 värde
1554 1887 36 36 af
1622 1887 244 35 tillsammans
1895 1880 134 44 38,708

422 1964 133 34 kronor
596 1961 46 34 52
683 1964 61 29 öre
785 1956 87 35 eller
898 1954 13 35 i
939 1950 172 37 medeltal
1151 1946 170 45 omkring
1355 1943 132 44 16,213
1520 1940 137 35 kronor
1684 1936 59 36 för
1769 1935 139 42 hektar,
1938 1929 94 37 efter

422 2011 204 46 beräkning
661 2013 55 31 att
748 2010 20 33 å
800 2006 44 35 de
877 2006 18 34 6
925 2005 163 34 närmast
1125 1998 139 49 Krylbo
1301 1991 311 52 järnvägsstation
1654 1989 154 46 belägna
1847 1987 186 33 tomterna

423 2062 168 49 åkerjord
629 2060 114 36 borde
783 2061 133 32 åsättas
956 2058 53 31 ett
1050 2051 111 36 värde
1202 2048 39 36 af
1270 2050 19 34 2
1322 2047 136 34 kronor
1486 2044 45 34 27
1561 2048 61 28 öre
1661 2038 59 37 för
1759 2035 275 37 kvadratmeter

425 2116 67 36 och
520 2118 20 31 å
568 2112 117 48 öfriga
714 2112 18 34 6
762 2113 134 31 tomter
930 2107 19 34 2
977 2105 136 34 kronor
1141 2103 22 33 4
1191 2107 61 29 öre
1284 2097 59 37 för
1370 2094 274 38 kvadratmeter
1684 2093 94 33 samt
1818 2084 168 38 älfbrink
2014 2086 20 32 å

426 2167 71 35 alla
536 2168 146 38 tomter,
712 2161 66 35 där
814 2158 113 36 sådan
952 2155 239 40 förekomme,
1220 2149 131 37 endast
1381 2149 43 33 12
1453 2152 62 29 öre
1542 2142 58 37 för
1629 2140 281 41 kvadratmeter,
1940 2139 95 32 samt

427 2222 55 31 att
509 2214 375 47 värderingsmännen
908 2206 143 50 jämväl
1079 2202 189 47 föreslagit
1295 2200 97 37 vissa
1418 2197 133 37 villkor
1577 2190 228 40 beträffande
1823 2185 212 52 byggnads-

428 2272 112 33 sättet
568 2270 20 33 å
614 2269 194 33 tomterna.
863 2259 188 48 Därjämte
1078 2254 93 38 hade
1198 2252 113 37 Eders
1334 2249 134 49 Kungl.
1488 2246 123 48 Maj:ts
1629 2236 407 53 befallningshafvande
