1864 2786
282 180 37 29 12
702 182 286 30 Statsutskottets
1007 183 178 30 utlåtande
1203 194 43 19 nr
1265 185 70 28 101.

634 261 36 33 42)
714 262 155 29 under
907 262 289 31 försvarets
1235 263 427 40 fastighetsfond,
1700 266 67 30 be-

591 314 325 39 fästningars
950 315 225 30 delfond:

634 367 52 29 till
710 368 201 39 Ytterligare
932 368 114 30 medel
1068 369 52 29 till
1140 370 90 29 vissa
1251 369 377 39 ammunitionsförråd
1648 373 49 27 ett
1717 371 51 29 in-

589 421 315 39 vesteringsanslag
925 430 42 20 av
990 421 94 29 1800
1099 422 62 29 000
1182 422 146 35 kronor;

634 473 52 28 till
714 473 201 40 Ytterligare
941 474 114 30 medel
1080 474 51 30 till
1155 475 392 39 uppställningsplatser
1570 476 56 39 för
1650 476 118 30 radar-

591 526 169 29 stationer
784 528 48 27 ett
856 527 353 40 investeringsanslag
1233 537 42 20 av
1299 527 63 30 442
1377 528 62 30 000
1464 529 147 34 kronor;

635 579 52 28 till
720 580 98 28 Vissa
846 580 296 38 fortifikatoriska
1171 581 238 39 anordningar
1438 582 57 38 för
1523 582 246 30 kustartilleri-

592 632 164 29 balterier
783 634 47 27 ett
858 632 352 40 investeringsanslag
1239 643 42 20 av
1310 634 93 29 1300
1419 634 62 30 000
1510 634 145 35 kronor;

636 684 52 29 till
711 685 202 39 Ytterligare
933 686 115 29 medel
1069 686 51 29 till
1139 687 226 29 anordnande
1386 696 42 20 av
1450 687 91 30 vissa
1562 687 132 30 lokaler
1712 687 58 39 för

592 737 310 40 luftbevakningen
928 740 49 28 ett
1004 739 353 39 investeringsanslag
1384 749 42 20 av
1452 740 63 29 320
1531 740 62 30 000
1620 740 146 34 kronor;

635 790 52 29 till
714 791 209 39 Utvidgning
946 801 42 20 av
1012 791 241 40 flygverkstad
1276 794 48 28 ett
1348 792 355 40 investeringsanslag
1727 802 43 20 av

593 843 62 29 250
669 843 64 29 000
757 843 145 35 kronor;

636 896 52 28 till
720 896 124 39 Övriga
874 897 361 39 befästningsarbeten
1265 900 48 27 ett
1343 898 354 40 investeringsanslag
1728 908 42 20 av

593 948 18 29 6
627 948 61 30 700
704 949 63 29 000
790 949 144 35 kronor;

637 1019 36 33 5)
712 1020 154 29 under
898 1020 187 30 fonden
1117 1021 77 29 för
1227 1021 420 35 låneunderstöd:

637 1073 52 28 till
712 1073 74 29 Lån
810 1073 51 29 till
881 1074 228 30 anordnande
1132 1084 41 20 av
1194 1074 178 30 allmänna
1395 1074 304 40 samlingslokaler
1721 1076 49 28 ett

593 1125 352 40 investeringsanslag
969 1136 42 20 av
1033 1126 18 30 3
1066 1127 62 29 000
1143 1127 62 29 000
1229 1127 145 34 kronor;

638 1214 39 28 IL.
705 1216 51 27 att
782 1215 218 28 motionerna
1027 1215 28 29 1:
1072 1214 61 29 417
1161 1216 64 28 och
1253 1215 44 29 11:
1314 1215 63 29 518
1403 1216 76 29 icke
1507 1216 57 29 må
1589 1216 180 30 föranleda

593 1266 114 39 någon
734 1267 204 39 riksdagens
965 1267 133 39 åtgärd.

329 1372 202 30 Stockholm
554 1373 65 29 den
642 1373 17 28 5
684 1373 70 38 maj
783 1373 92 29 1953.

760 1479 48 29 På
837 1480 278 29 statsutskottets
1144 1481 144 38 vägnar:

807 1568 171 29 MARTIN
997 1568 246 30 SKOGLUND.

327 1825 242 29 Närvarande:
588 1834 34 20 se
641 1825 111 29 under
770 1825 194 29 utlåtandet
981 1835 41 19 nr
1043 1825 70 30 100.

896 2091 262 30 Reservationer.

331 2178 33 34 1)
394 2188 43 20 av
457 2179 122 29 herrar
600 2178 196 40 Lundqvist
817 2179 64 29 och
902 2179 115 36 Birke,
1039 2179 93 29 vilka
1154 2181 114 27 ansett

329 2231 72 30 dels
418 2234 51 27 att
485 2231 85 30 sista
586 2231 186 40 meningen
788 2232 11 29 i
815 2232 108 30 andra
940 2232 135 40 stycket
1091 2241 42 21 av
1148 2233 188 29 utskottets
1352 2233 163 39 yttrande
1530 2233 78 30 bort
1623 2235 148 28 ersättas

283 2284 79 29 med
385 2285 72 29 text
481 2293 42 21 av
546 2284 156 40 följande
724 2285 145 39 lydelse:

330 2337 198 31 »Utskottet
548 2338 71 29 kan
639 2338 194 29 emellertid
853 2338 74 30 icke
949 2339 76 29 dela
1048 2339 403 39 departementschefens
1474 2338 226 40 uppfattning
1722 2340 50 28 att

284 2390 167 39 anslagen
471 2391 111 29 under
603 2391 104 39 sjätte
727 2391 222 30 huvudtiteln
970 2391 52 30 till
1042 2392 389 39 vägbyggnadsarbeten
1452 2402 45 20 m.
1519 2402 45 19 m.
1585 2392 20 30 å
1625 2392 146 39 tillhopa

284 2443 40 30 23
340 2443 62 30 252
417 2443 63 30 000
499 2444 131 29 kronor
649 2444 97 29 skola
766 2444 172 29 avräknas
957 2446 74 27 mot
1050 2444 432 31 automobilskattemedel.
1502 2445 108 30 Dessa
1630 2445 141 29 arbeten

285 2505 75 21 som
377 2496 195 40 igångsatts
589 2497 11 29 i
618 2496 90 40 syfte
725 2499 50 27 att
792 2497 171 39 bekämpa
982 2497 275 29 arbetslösheten
1274 2498 83 29 böra
1375 2498 120 29 därför
1513 2498 133 30 belasta
1664 2506 108 21 reser-
