2232 2606
421 188 20 30 8
913 191 254 33 Statsutskottets
1188 193 168 32 utlåtande
1378 194 53 31 Nr
1452 197 75 30 163.

421 271 65 37 vid
527 272 118 38 skada
684 273 55 37 till
781 274 94 49 följd
916 288 47 23 av
1000 276 199 49 olycksfall
1240 277 13 36 i
1293 277 180 50 tjänsten,
1516 280 120 49 enligt
1664 294 47 23 av
1738 281 143 49 Kungl.
1911 283 106 49 Maj:t

421 323 221 38 meddelade
682 331 173 32 närmare
895 326 290 50 bestämmelser,
1226 328 143 38 erhålla
1409 331 226 50 erforderlig
1674 333 201 37 läkarvård
1897 334 120 49 jämte

421 374 208 39 läkemedel
656 380 48 46 på
733 377 282 38 vederbörande
1043 380 430 49 tvångsarbetsanstalts
1493 382 222 50 bekostnad,
1735 385 99 37 dock
1853 390 54 31 att
1924 387 92 36 vård

421 429 22 33 å
472 427 170 48 sjukhus,
671 430 232 36 sanatorium
931 429 89 38 eller
1047 444 124 24 annan
1199 431 105 50 dylik
1332 434 234 37 vårdanstalt
1593 435 83 37 icke
1703 439 60 34 må
1792 436 65 37 vid
1884 437 132 37 sådant

420 478 264 48 sjukdomsfall
712 480 187 37 bestridas
919 495 46 23 av
984 483 425 48 tvångsarbetsanstalts
1429 486 123 36 medel
1571 486 119 37 under
1708 488 68 48 tid,
1797 488 47 37 då
1863 488 153 49 tjänste-

420 542 163 25 mannen
612 532 163 48 åtnjuter
801 533 206 37 oavkortad
1035 534 79 46 lön;

523 583 75 35 dels
638 583 205 49 godkänna
879 584 165 49 följande
1078 586 142 49 förslag
1248 587 58 36 till
1335 593 115 31 stater
1478 588 58 37 för
1563 595 142 31 statens
1734 592 281 47 tvångsarbets-

419 634 190 36 anstalter.

1030 763 244 41 Ordinarie
1304 766 111 39 stat.

1007 865 39 32 A.
1091 866 342 42 Avlöningsstat.

878 958 438 41 Tvångsarbetsanstalten
1339 964 21 30 å
1382 961 165 42 Svartsjö.

417 1023 237 50 Avlöningar
680 1025 57 36 till
766 1025 185 38 ordinarie
983 1027 237 50 tjänstemän,
1246 1030 295 50 förslagsanslag
1566 1019 22 65 .
1604 1031 137 37 kronor
1771 1034 174 46 176,000:
1963 1056 47 4 —

415 1075 453 51 Vikariatsersättningar,
890 1079 294 50 förslagsanslag
1307 1113 38 4 sår
1376 1114 71 4 ooaaasnner
1546 1115 4 3 |
1663 1096 17 22 »
1824 1086 121 45 5,000:
1962 1107 49 4 —

415 1127 235 49 Avlöningar
677 1129 56 35 till
752 1129 285 38 icke-ordinarie
1055 1131 373 49 befattningshavare
1447 1147 47 23 m.
1512 1147 62 34 m.,

511 1179 294 51 förslagsanslag
846 1213 37 4 -—...
1063 1214 105 4 Him
1429 1217 27 4 a
1661 1199 18 22 »
1798 1188 147 46 18,000:
1962 1212 48 5 —

846 1309 437 40 Tvångsarbetsanstalten
1306 1312 12 31 i
1342 1312 238 33 Landskrona.

415 1374 235 49 Avlöningar
677 1375 55 37 till
760 1376 185 37 ordinarie
981 1378 238 48 tjänstemän,
1241 1380 297 49 förslagsanslag
1564 1370 25 63 .
1602 1381 137 37 kronor
1795 1384 208 45 60,000:
1974 1370 32 63 —

414 1425 459 51 Vikariatsersättningar,
895 1429 294 50 förslagsanslag
1360 1463 60 4 gR4Er
1420 1428 15 57 a
1450 1463 38 4 ord
1520 1466 2 2 rna
1660 1445 17 22 OD
1820 1436 187 45 2,000:
1976 1432 33 57 —

415 1477 236 50 Avlöningar
674 1479 54 35 till
747 1479 284 37 icke-ordinarie
1050 1480 373 50 befattningshavare
1443 1496 47 22 m.
1509 1496 62 35 m,,

511 1530 294 49 förslagsanslag
1086 1566 2 2 SUEEE
1177 1564 25 4 sa
1280 1566 2 2 VSEON
1326 1566 2 2 TON
1360 1566 106 4 VERS
1497 1566 4 4 «
1661 1548 17 23 »
1796 1538 147 46 15,000:
1961 1561 47 5 —

971 1701 39 30 B.
1057 1701 394 35 Omkostnadsstat.

874 1794 437 41 Tvångsarbetsanstalten
1334 1798 21 30 å
1377 1797 165 41 Svartsjö.

413 1850 144 59 Övriga
585 1853 203 44 köstnader
817 1861 57 37 för
902 1862 147 47 driften,
1072 1865 296 49 förslagsanslag
1597 1866 140 37 kronor
1766 1870 174 46 150,000:
1958 1891 46 4 —

844 1990 437 40 Tvångsarbetsanstalten
1304 1993 12 31 i
1340 1993 237 33 Landskrona.

412 2046 144 59 Övriga
584 2056 203 37 kostnader
805 2056 67 38 för
899 2058 147 49 driften,
1068 2061 295 49 förslagsanslag
1424 2094 50 2 ————-
1518 2094 36 4 —.—.
1597 2063 138 37 kronor
1766 2065 239 46 130,000:
1973 2057 34 58 —

1100 2127 152 38 Summa
1275 2131 294 49 förslagsanslag
1597 2132 138 37 kronor
1764 2135 174 45 556,000:
1958 2155 46 5 —

1447 2231 10 8 a
