2216 2618
694 176 256 33 Statsutskottets
972 177 165 33 memorial
1159 177 52 32 Nr
1235 180 70 30 110.
1801 177 15 31 1

924 555 66 39 Nr
1019 555 93 39 110.

741 661 125 28 Ankom
889 661 48 27 till
962 661 188 37 riksdagens
1174 661 105 28 kansli
1303 661 61 28 den
1391 661 36 28 15
1452 662 61 36 maj
1542 662 78 27 1923
1645 662 40 27 kl.
1714 662 36 27 12
1774 671 40 18 m.

518 752 192 37 Memorial
746 753 14 35 i
791 753 193 49 anledning
1012 767 44 23 av
1086 754 214 36 kamrarnas
1329 754 196 36 aterremiss
1553 767 45 23 av
1623 755 116 47 punkt
1767 755 51 36 28

617 813 214 45 (anvisande
871 827 44 22 av
958 815 128 48 anslag
1113 815 67 48 för
1210 815 104 47 inköp
1344 828 43 22 av
1415 815 190 48 vattenfall
1632 828 45 22 m.
1707 816 66 46 m.)
1804 816 13 35 i

616 874 265 36 statsutskottets
921 874 188 36 utlåtande
1149 888 44 22 nr
1233 875 25 36 I
1298 875 183 48 angående
1520 875 217 48 regleringen
1771 888 44 23 av

617 933 197 49 utgifterna
855 935 59 44 för
956 935 272 48 kapitalökning
1270 936 13 35 i
1319 936 168 35 avseende
1515 935 24 35 å
1565 935 111 36 bland
1704 942 114 29 annat

616 1000 132 30 statens
777 995 302 49 vattenfallsverk.
1513 994 72 49 (4:e
1613 994 100 50 avd.)

322 1095 64 37 Uti
427 1095 72 37 den
541 1096 57 36 till
639 1096 206 50 riksdagen
887 1097 72 36 den
1001 1099 20 34 8
1047 1097 149 50 januari
1227 1099 97 35 1923
1354 1098 150 36 avlåtna
1531 1099 285 48 propositionen

218 1146 58 49 (nr
306 1146 34 50 1)
368 1148 196 48 angående
593 1149 246 37 statsverkets
868 1149 169 37 tillstånd
1066 1150 70 36 och
1165 1150 124 37 behov
1316 1150 118 37 under
1461 1150 226 49 budgetåret
1718 1153 96 35 1923

218 1201 152 34 —1924
398 1200 95 36 hade
520 1200 142 49 Kungl.
691 1201 107 49 Maj:t
825 1201 12 36 1
866 1201 185 37 avseende
1080 1207 144 32 statens
1252 1203 323 47 vattenfallsverk,
1592 1203 119 37 under
1731 1203 85 37 åbe-

216 1251 167 49 ropande
423 1265 47 23 av
512 1252 61 37 det
613 1252 63 36 vid
717 1253 283 49 propositionen
1041 1254 118 36 under
1198 1254 129 37 rubrik
1367 1255 177 48 »utgifter
1572 1255 57 37 för
1656 1255 159 50 kapital-

217 1303 156 49 ökning,
411 1303 70 37 Bil.
514 1305 40 35 1»
584 1304 138 49 fogade
750 1305 412 49 statsrådsprotokollet
1191 1311 89 32 över
1307 1307 507 37 kommunikationsärenden

216 1355 59 36 för
302 1355 163 36 nämnda
493 1355 86 49 dag,
609 1357 193 48 föreslagit
829 1357 204 49 riksdagen
1061 1357 135 50 (punkt
1225 1358 63 48 28)
1318 1364 55 30 att
1392 1359 57 36 för
1467 1359 115 49 inköp
1602 1372 47 23 av
1668 1365 147 31 vatten-

217 1406 66 36 fall
311 1407 69 36 och
409 1407 222 49 fastigheter
658 1414 96 30 samt
781 1409 200 36 utförande
1010 1423 46 23 av
1084 1410 347 49 nyanläggningar,
1447 1411 12 35 i
1478 1410 72 37 den
1569 1414 87 34 mån
1675 1411 141 37 sådana

216 1458 176 49 åtgärder
432 1459 184 37 erfordras
657 1460 57 36 för
756 1460 299 50 ändamålsenlig
1090 1462 221 49 utveckling
1339 1475 46 24 av
1414 1467 141 32 statens
1584 1463 231 37 kraftverks-

215 1511 139 36 rörelse
397 1511 70 37 och
509 1511 81 38 icke
631 1512 128 37 kunna
791 1518 89 31 utan
909 1513 194 49 synnerlig
1131 1514 204 49 olägenhet
1362 1514 225 50 uppskjutas
1615 1515 12 36 i
1654 1516 161 37 avbidan

215 1566 49 46 på
305 1562 150 38 särskilt
495 1563 313 49 riksdagsbeslut,
837 1565 57 36 för
921 1565 226 49 budgetåret
1178 1568 254 35 1923—1924
1461 1567 129 37 anvisa
1618 1572 53 32 ett
1698 1581 116 24 reser-

216 1615 288 50 vationsanslag
545 1629 46 24 av
625 1618 164 45 200,000
818 1617 148 48 kronor,
997 1623 53 31 att
1077 1621 93 46 utgå
1199 1632 45 23 av
1273 1619 205 37 lånemedel
1506 1620 71 36 och
1606 1625 54 31 att
1689 1620 125 50 dispo-

217 1681 108 23 neras
353 1668 93 36 efter
474 1668 139 49 Kungl.
644 1669 126 48 Maj:ts
798 1670 189 48 prövning
1015 1670 70 36 och
1114 1671 227 49 avgörande.

321 1718 287 39 Statsutskottet
648 1720 95 38 hade
770 1721 12 36 i
810 1721 193 38 utlåtande
1030 1736 46 23 nr
1114 1724 33 47 9,
1185 1724 123 48 punkt
1345 1722 110 50 28:0),
1493 1723 180 50 tillstyrkt
1709 1724 105 37 bifall

216 1771 56 37 till
300 1771 141 50 Kungl.
470 1772 127 49 Maj:ts
626 1773 258 37 ovanberörda
912 1774 153 49 förslag.

319 1823 134 50 Enligt
493 1825 184 36 utskottet
717 1825 321 37 tillhandakomna
1088 1826 350 50 protokollsutdrag
1477 1827 96 37 hava
1614 1828 200 37 kamrarna

217 1876 238 37 återförvisat
483 1876 104 37 detta
615 1877 136 37 ärende
780 1877 56 54 till
863 1878 186 37 utskottet
1078 1879 57 36 för
1163 1893 51 36 ny
1241 1879 242 50 behandling.

321 1979 123 38 Sedan
484 1981 187 37 utskottet
710 1995 154 24 numera
904 1982 95 49 tagit
1035 1983 152 37 ärendet
1215 1983 118 37 under
1360 1984 150 49 förnyat
1537 1985 274 49 övervägande,

217 2032 56 37 får
301 2032 184 38 utskottet
513 2033 131 37 anföra
672 2033 176 50 följande.

318 2084 18 37 I
377 2085 185 36 avseende
603 2088 20 34 å
664 2085 72 37 den
778 2086 158 48 tidigare
977 2087 294 48 användningen
1298 2102 48 22 av
1374 2088 101 38 detta
1503 2089 133 49 anslag
1664 2090 66 36 vill
1757 2095 56 31 ut-

216 2136 141 37 skottet
398 2137 132 48 erinra,
563 2137 177 37 hurusom
770 2138 453 38 konstitutionsutskottet
1250 2140 12 36 i
1290 2140 152 49 avgivet
1470 2141 193 37 memorial
1692 2156 45 22 nr
1766 2143 45 35 19

217 2189 193 48 angående
439 2189 212 37 fullbordad
679 2190 237 50 granskning
938 2204 51 23 av
1017 2191 45 37 de
1089 2192 12 35 i
1129 2191 200 38 statsrådet
1356 2193 108 36 förda
1485 2193 188 49 protokoll
1693 2200 121 31 ansett

217 2241 60 49 sig
317 2241 92 37 böra
449 2242 99 36 fästa
588 2242 222 49 riksdagens
838 2243 335 49 uppmärksamhet
1201 2247 48 46 på
1278 2250 54 31 ett
1360 2258 47 23 av
1434 2245 140 50 Kungl.
1604 2246 108 49 Maj:t
1740 2246 73 37 den

219 2295 47 34 14
303 2294 150 48 augusti
483 2295 97 36 1922
609 2294 163 37 beslutat
800 2295 251 50 medgivande
1079 2296 58 37 för
1162 2297 399 47 vattenfallsstyrelsen
1590 2303 55 32 att
1672 2299 58 36 för
1758 2299 55 36 in-

261 2355 113 37 Bihang
397 2356 45 29 till
463 2356 169 37 riksdagens
650 2357 146 37 protokoll
821 2358 88 29 1923.
956 2359 19 27 6
996 2358 82 29 saml.
1124 2360 41 27 58
1188 2359 72 35 häft.
1300 2359 62 37 (Nr
1386 2358 85 40 110.)
1673 2368 55 19 1039
1744 2369 26 19 23

1869 1989 138 25 Utskottets

1874 2025 128 29 yttrande.
