1912 2842
534 184 297 35 Statsutskottets
849 184 187 36 utlåtande
1055 186 56 34 Nr
1129 189 73 35 177,
1560 193 47 31 47

817 266 396 42 Avlöningsstat.

428 329 31 31 1.
482 326 218 43 Avlöningar
736 327 53 34 till
826 327 172 35 ordinarie
1033 328 229 43 tjänstemän,

480 379 202 43 förslagsvis
728 408 532 9 ooseseesereseerererr
1161 375 33 51 rr
1205 375 59 51 era
1290 382 130 35 kronor
1445 387 146 37 175,400

426 436 33 31 2.
482 433 164 34 Arvoden
664 428 65 40 och
748 434 171 35 särskilda
937 435 247 44 ersättningar,
1202 436 58 34 be-

482 487 142 34 stämda
643 500 45 21 av
706 487 134 44 Kungl.
859 488 112 43 Maj:t
997 517 257 7 ............
1344 505 16 17 »
1490 494 102 38 7,250

427 544 31 30 3.
482 540 217 44 Avlöningar
717 542 52 34 till
788 542 100 43 övrig
904 542 264 36 icke-ordinarie
1186 556 76 31 per-

482 595 98 34 SÖDA
610 622 643 9 livesända
809 591 14 51 te
835 591 10 51 8
870 591 39 51 ee
921 591 13 51 dd
943 591 14 51 sd
968 591 14 51 te
997 591 33 51 5
1067 591 30 51 des
1102 591 14 51 oh
1128 591 45 51 fKr
1179 591 77 51 ören
1344 612 17 17 »
1445 601 146 38 131,200

426 651 32 31 4.
482 648 138 43 Rörligt
640 649 132 43 tillägg,
790 649 203 43 förslagsvis
1019 677 234 8 ...........
1344 666 16 17 »
1466 655 124 37 36,450

1125 713 148 35 Summa
1289 714 129 35 kronor
1442 719 162 37 350,300;

474 800 32 33 6.
531 800 52 33 till
601 800 118 42 Högre
737 800 390 36 lärarinneseminariet:
1143 802 219 44 Avlöningar
1378 803 54 34 för
1450 803 150 43 budget-

429 853 77 34 året
536 852 154 44 1942/43
720 854 113 34 under
861 855 149 34 åttonde
1037 855 229 35 huvudtiteln
1296 856 123 35 anvisa
1446 862 55 29 ett
1529 857 70 34 för-

431 906 208 43 slagsanslag
655 920 45 21 av
718 911 146 37 350,300
881 908 139 41 kronor;

471 970 32 32 7.
551 969 53 33 till
622 969 119 41 Högre
759 969 387 35 lärarinneseminariet:
1165 971 259 35 Omkostnader
1440 971 56 35 för
1512 972 91 34 bud-

429 1022 137 42 getåret
587 1022 154 43 1942/43
763 1023 113 34 under
896 1024 148 34 åttonde
1064 1024 228 34 huvudtiteln
1313 1025 122 34 anvisa
1457 1031 53 29 ett
1529 1025 68 34 för-

430 1075 215 43 slagsanslag
659 1088 45 22 av
720 1079 124 37 42,300
858 1076 143 41 kronor;

476 1139 32 32 8.
531 1138 52 33 till
610 1138 116 41 Högre
753 1137 378 36 lärarinneseminariet:
1156 1139 196 43 Stipendier
1377 1141 53 34 för
1455 1142 145 42 budget-

431 1191 76 34 året
530 1190 154 44 1942/43
705 1192 114 34 under
839 1192 148 35 åttonde
1008 1192 229 35 huvudtiteln
1259 1193 123 35 anvisa
1402 1199 55 30 ett
1477 1194 126 44 anslag

430 1256 46 22 av
501 1247 99 37 1,200
622 1244 142 42 kronor;

475 1308 31 32 9.
531 1307 51 34 till
627 1306 297 36 Privatläroverk:
969 1307 130 44 Bidrag
1145 1307 50 36 till
1241 1308 304 43 Höglandsskolan
1589 1311 14 33 i

430 1360 206 34 Stockholm
660 1360 55 35 för
737 1361 211 43 budgetåret
974 1362 156 44 1942/43
1155 1363 111 34 under
1289 1363 148 35 åttonde
1460 1364 141 34 huvud-

432 1413 104 34 titeln
551 1414 123 34 anvisa
688 1419 53 30 ett
755 1415 122 43 anslag
891 1428 45 21 av
951 1419 124 36 30,000
1089 1416 141 40 kronor;

477 1519 40 31 B.
546 1524 54 29 att
617 1521 219 34 motionerna
854 1522 30 33 I:
899 1525 73 30 251-
985 1522 64 34 och
1069 1522 49 33 II:
1133 1526 65 30 359
1217 1524 60 32 må
1295 1535 97 22 anses
1411 1523 193 34 besvarade

430 1573 82 34 med
531 1573 70 34 vad
618 1573 179 35 utskottet
815 1574 11 34 i
844 1574 61 35 det
921 1574 209 44 föregående
1149 1575 129 35 anfört.

159 1641 203 35 Stockholm
379 1642 65 34 den
462 1647 41 30 12
519 1643 76 43 juni
613 1648 97 31 1942.

592 1733 52 35 På
664 1734 287 35 statsutskottets
972 1738 146 40 vägnar.

654 1824 33 34 J.
706 1824 42 34 B.
767 1824 295 35 JOHANSSON.

217 2067 51 26 Vid
289 2068 166 27 förestående
474 2071 111 26 ärendes
603 2072 217 32 slutbehandling
840 2073 70 25 inom
930 2074 136 25 utskottet
1085 2074 70 25 hava
1174 2074 131 25 närvarit:

147 2120 57 25 från
224 2121 117 26 första
360 2123 165 27 kammaren:
545 2126 90 26 herrar
653 2127 87 25 Johan
753 2128 136 24 Bernhard
899 2127 159 30 Johansson,
1073 2128 79 25 Oscar
1167 2128 101 29 Olsson,
1282 2127 85 30 Pauli,
1384 2128 109 24 Torsten
1507 2127 88 26 Ström

111 2164 137 27 Bernhard
276 2167 117 30 Nilsson,
421 2169 124 32 Heiding,
574 2171 147 30 Bäcklund,
741 2173 67 24 Karl
831 2173 159 29 Andersson,
1011 2173 98 30 Gustaf
1128 2173 136 29 Karlsson,
1284 2173 161 29 Ekströmer,
1464 2172 113 25 Persson
1595 2172 9 25 i

111 2208 140 33 Skabersjö
271 2212 49 24 och
342 2212 68 25 Emil
428 2214 154 30 Petersson;
599 2220 69 21 samt

148 2281 56 25 från
225 2283 111 25 andra
355 2284 165 27 kammaren:
540 2286 90 26 herrar
647 2288 114 26 Jonsson
780 2290 7 24 i
808 2290 162 29 Eskilstuna,
992 2290 125 24 Eriksson
1136 2289 8 25 i
1164 2289 162 29 Stockholm,
1347 2288 130 25 Svensson
1496 2288 8 24 i
1520 2287 85 25 Grön-

112 2324 52 30 vik,
184 2326 152 26 Andersson
355 2329 8 24 i
383 2329 129 31 Prästbol,
534 2332 110 26 Persson
663 2334 7 24 i
690 2335 83 29 Falla,
794 2336 124 24 Hansson
938 2335 7 24 i
959 2334 169 29 Rubbestad,
1141 2335 111 24 Persson
1267 2333 7 25 i
1288 2332 149 29 Tidaholm,
1450 2331 157 29 Holmdahl,

112 2366 103 34 Äqvist,
238 2370 192 32 Wallentheim,
450 2375 40 25 fru
510 2376 86 25 Alvén
615 2378 49 25 och
683 2379 59 25 herr
762 2378 161 26 Åkerström.
