1882 2838
288 184 41 30 18
696 180 296 34 Statsutskottets
1014 180 186 34 utlåtande
1223 180 54 34 Nr
1296 182 74 32 177.

285 261 107 42 drygt
413 264 98 36 9,000
531 272 175 31 personer.
726 260 241 42 Bebyggelsen
986 272 44 21 av
1050 258 108 36 Ärsta
1178 260 64 33 och
1262 259 260 44 Johanneshov,
1542 273 75 21 som
1638 261 138 42 nyligen

291 305 183 43 påbörjats
497 306 9 33 i
530 305 200 42 betydande
753 305 227 42 omfattning,
1003 308 127 31 väntas
1154 306 94 33 inom
1272 306 42 34 de
1338 308 178 31 närmaste
1540 307 81 32 åren
1646 306 131 34 tillföra

292 351 100 33 dessa
410 350 164 33 områden
591 362 42 21 en
651 353 93 30 ännu
762 352 109 31 större
887 349 366 43 folkmängdsökning,
1270 362 74 21 som
1362 350 125 34 enbart
1503 350 54 33 för
1575 350 42 33 de
1636 363 44 20 av
1698 351 77 33 kro-

291 407 70 21 nan
380 394 244 42 exploaterade
641 394 140 33 delarna
798 394 174 33 beräknas
989 394 50 34 till
1058 399 83 28 runt
1161 398 119 35 13,000
1298 406 175 30 personer.

337 440 57 32 De
416 439 99 33 södra
536 438 220 34 förstäderna
777 439 46 32 ha
843 438 125 34 hittills
991 438 126 34 saknat
1138 438 171 40 läroverk,
1330 439 66 33 och
1419 451 44 21 av
1485 439 42 33 de
1546 438 231 34 kommunala

292 484 164 33 skolorna
476 483 62 33 har
557 483 126 33 endast
704 495 40 21 en
766 482 188 43 avdelning
974 495 43 21 av
1039 483 103 33 södra
1162 483 229 33 kommunala
1411 483 252 33 mellanskolan
1686 483 91 33 varit

291 528 138 42 förlagd
450 528 50 33 till
521 527 175 34 Enskede.
717 527 226 42 Ungdomens
963 527 113 33 behov
1098 539 45 21 av
1165 527 104 42 högre
1290 527 328 42 skolundervisning
1639 528 64 32 har
1725 528 51 33 så-

291 573 110 33 lunda
418 572 214 42 väsentligen
649 571 234 43 tillgodosetts
900 584 45 21 av
961 572 290 33 läroanstalterna
1267 572 10 33 i
1294 571 66 33 den
1378 571 74 33 inre
1467 571 135 39 staden,
1619 575 158 30 närmast

292 618 46 41 på
358 617 227 33 Södermalm.
605 616 257 42 Anslutningen
884 615 77 34 från
981 616 162 33 Enskede
1164 616 64 33 och
1248 615 235 43 Brännkyrka
1504 616 52 33 till
1579 616 99 33 dessa
1700 616 76 33 sko-

292 662 52 33 lor
359 662 64 32 har
438 662 96 41 länge
549 661 93 33 varit
657 661 95 41 livlig
766 661 64 33 och
846 661 65 33 har
926 672 46 21 nu
988 661 78 32 nått
1083 661 109 32 sådan
1210 659 226 43 omfattning,
1452 664 55 30 att
1522 660 161 33 eleverna
1699 661 77 32 här-

293 706 91 33 ifrån
406 718 177 22 ensamma
604 705 110 34 skulle
733 705 83 42 fylla
838 710 53 28 ett
911 707 107 31 större
1038 704 172 33 läroverk.

337 751 95 32 Från
453 762 67 30 nya
541 750 315 33 elementarskolan
877 749 119 33 kunna
1017 761 41 20 en
1080 748 112 42 5-årig
1213 748 263 42 realskolelinje,
1497 761 40 21 en
1559 748 114 42 4-årig
1692 748 85 33 real-

293 794 263 43 gymnasielinje
587 794 66 33 och
684 806 41 21 en
755 793 112 43 4-årig
897 793 353 42 latingymnasielinje
1280 792 222 43 överflyttas.
1532 793 56 32 En
1620 793 82 41 linje
1733 805 44 21 av

293 839 113 43 5-årig
432 839 168 33 realskola
626 839 100 33 torde
752 838 176 42 därjämte
953 838 120 33 kunna
1099 837 209 42 överflyttas
1335 837 79 33 från
1442 838 106 41 något
1575 849 45 21 av
1649 837 42 33 de
1718 837 59 33 all-

291 887 132 30 männa
446 883 204 34 läroverken
672 882 54 34 för
747 895 119 30 gossar
888 883 20 33 å
932 882 227 40 Södermalm,
1181 881 187 43 lämpligen
1391 881 79 34 från
1492 881 175 33 Katarina
1692 882 83 32 real-

293 929 110 39 skola,
421 940 73 22 som
511 928 64 33 har
591 927 79 43 fyra
688 926 393 44 parallellavdelningar.

338 973 74 33 Det
434 985 43 21 av
496 984 54 21 oss
571 972 194 42 föreslagna
787 972 107 41 högre
914 972 174 32 allmänna
1109 970 197 34 läroverket
1326 970 11 33 i
1358 969 163 34 Enskede
1543 969 110 34 skulle
1674 970 103 33 alltså

292 1017 146 33 komma
460 1021 53 29 att
536 1017 99 33 bestå
660 1029 44 20 av
727 1016 155 42 följande
906 1015 236 42 avdelningar:
1167 1019 52 29 ett
1241 1014 128 42 4-årigt
1393 1014 101 33 latin-
1518 1014 64 33 och
1608 1014 169 42 realgym-

292 1062 151 38 nasium,
462 1061 90 33 båda
571 1061 79 33 med
671 1060 101 34 enkla
791 1060 112 42 linjer,
924 1059 208 42 överflyttat
1152 1058 76 34 från
1249 1071 69 30 nya
1339 1058 327 39 elementarskolan,
1686 1063 92 29 samt

292 1107 63 32 två
378 1106 100 41 linjer
499 1117 43 21 av
564 1105 112 42 5-årig
698 1105 181 39 realskola,
902 1105 65 33 den
989 1116 64 21 ena
1074 1103 217 42 överflyttad
1314 1102 78 34 från
1416 1115 69 30 nya
1508 1103 269 33 elementarsko-

292 1151 71 38 lan,
389 1150 66 33 den
481 1149 109 34 andra
614 1149 79 34 från
717 1149 177 33 Katarina
919 1148 179 34 realskola.
1124 1147 243 42 Sammanlagt
1393 1150 103 39 utgör
1521 1147 101 33 detta
1650 1150 40 30 17
1718 1159 59 21 av-

293 1194 191 43 delningar.

339 1281 456 41 Övergångsanordningar.
823 1281 311 42 Skolutredningen
1161 1281 62 33 har
1248 1280 167 40 förordat,
1442 1285 52 28 att
1520 1280 40 33 de
1587 1280 194 41 föreslagna

291 1336 293 43 förändringarna
602 1336 99 34 skola
718 1336 101 34 träda
837 1336 11 33 i
867 1334 97 35 kraft
982 1336 66 33 den
1068 1338 17 30 1
1106 1334 65 43 juli
1192 1337 97 31 1943.
1308 1333 243 42 Utredningen
1571 1333 65 33 har
1655 1333 123 33 härom

292 1390 120 34 anfört
434 1390 105 33 bland
561 1393 123 30 annat:

336 1452 120 42 Något
480 1451 117 34 hinder
623 1451 53 34 för
701 1451 209 34 seminariets
936 1450 133 42 slutliga
1095 1450 201 42 avveckling
1320 1449 79 34 med
1425 1449 172 41 utgången
1624 1461 43 21 av
1693 1448 86 34 bud-

292 1497 137 41 getåret
464 1495 154 43 1942/43
653 1507 101 30 synes
788 1495 76 33 icke
898 1494 175 43 föreligga,
1108 1494 66 33 och
1208 1494 34 33 vi
1276 1494 86 41 utgå
1398 1492 117 34 därför
1548 1492 79 33 från
1661 1492 115 33 denna

290 1541 168 41 tidpunkt
473 1540 52 34 för
540 1540 209 34 seminariets
764 1539 244 43 nedläggande.
1024 1539 85 33 Med
1126 1539 133 42 hänsyn
1275 1538 50 34 till
1344 1538 66 33 den
1426 1537 56 34 vid
1499 1538 63 33 den
1580 1537 201 33 nuvarande

290 1585 254 33 normalskolan
566 1584 169 34 anställda
757 1584 90 34 fasta
870 1583 288 42 lärarpersonalen
1180 1583 62 33 och
1263 1582 50 34 till
1337 1582 111 33 denna
1471 1581 111 34 skolas
1606 1581 175 42 lärjungar

290 1630 64 33 bör
372 1629 75 33 dess
464 1629 218 34 verksamhet
700 1629 72 33 icke
790 1628 166 42 avbrytas
975 1632 83 29 utan
1078 1627 210 34 omedelbart
1307 1626 116 42 fortgå
1443 1626 57 33 vid
1519 1626 65 33 den
1604 1637 69 31 nya
1693 1625 86 33 läro-

291 1674 185 33 anstalten.
494 1673 228 41 Följaktligen
743 1676 36 30 är
797 1673 59 33 det
875 1672 166 42 lämpligt,
1060 1677 54 29 att
1133 1672 64 33 den
1217 1671 191 42 föreslagna
1429 1674 220 29 »statens
1680 1682 99 21 nor-

291 1717 262 34 malskola»
577 1720 183 39 upprättas
780 1717 77 33 med
879 1716 122 42 början
1021 1729 43 20 av
1084 1716 206 41 budgetåret
1312 1713 157 44 1943/44
1490 1714 63 34 och
1574 1718 54 30 att
1649 1713 65 34 den
1735 1714 45 33 då

292 1762 11 33 i
323 1762 52 42 sig
393 1766 172 38 upptager
583 1761 81 33 hela
682 1762 66 33 den
768 1761 116 42 gamla
904 1760 270 34 normalskolan.

337 1806 185 42 Samtidigt
546 1818 100 30 synes
671 1805 183 34 emellertid
880 1804 253 42 ombildningen
1158 1817 43 21 av
1225 1803 115 43 övriga
1365 1802 145 35 berörda
1534 1802 158 34 läroverk
1717 1802 63 34 och

291 1850 214 42 följaktligen
533 1854 88 30 även
649 1849 252 42 upprättandet
928 1861 43 21 av
997 1849 41 33 de
1064 1861 70 30 nya
1171 1848 300 33 läroverken
1509 1847 10 33 i
1558 1847 222 33 Bromma

292 1895 64 33 och
395 1894 227 34 Enskede
661 1895 82 33 böra
771 1899 80 36 taga
881 1893 50 34 sin
959 1892 131 42 början.
1119 1893 69 33 För
1215 1892 102 42 högre
1346 1891 171 34 allmänna
1547 1889 194 36 läroverket
1770 1891 9 34 i

292 1940 166 32 Bromma
482 1942 36 30 är
541 1939 92 41 läget
656 1938 304 42 bekymmersamt,
982 1938 10 32 i
1016 1938 58 33 det
1098 1942 55 28 att
1180 1940 37 30 11
1244 1936 312 41 klassavdelningar
1582 1935 198 34 undervisas

291 1985 9 33 i
322 1983 223 33 kommunala
568 1982 219 34 flickskolans
816 1983 5 33 i
845 1982 163 33 Bromma
1032 1981 139 39 lokaler,
1194 1981 91 33 vilka
1309 1980 140 34 komma
1474 1985 53 29 att
1551 1979 151 34 behövas
1727 1979 54 33 för

291 2028 115 34 denna
429 2027 111 34 skolas
563 2039 85 30 egen
672 2027 153 41 räkning.
850 2026 18 33 I
892 2025 209 34 folkskolans
1126 2025 126 33 lokaler
1280 2025 5 33 i
1309 2025 165 33 Bromma
1498 2024 69 33 kan
1592 2024 105 41 högre
1721 2024 59 33 all-

291 2076 130 29 männa
445 2071 191 34 läroverket
660 2071 11 33 i
695 2072 164 33 Bromma
884 2071 74 33 icke
981 2070 101 33 heller
1107 2070 132 41 placera
1263 2069 325 41 klassavdelningar,
1614 2073 87 29 utan
1727 2072 53 29 att

291 2116 100 35 detta
414 2116 63 34 blir
500 2121 208 37 ogynnsamt
732 2115 53 34 för
807 2114 195 34 folkskolan
1026 2114 64 34 och
1115 2114 62 34 där
1201 2112 227 43 framtvingar
1452 2112 257 43 dupliceringar.
1734 2111 45 42 Ej

292 2160 103 35 heller
412 2173 67 30 nya
496 2159 304 34 elementarskolan
817 2159 65 34 har
899 2163 172 38 utrymme
1089 2158 54 34 för
1162 2158 64 34 alla
1245 2158 71 34 sina
1334 2157 127 34 klasser
1480 2157 92 33 inom
1591 2156 189 34 läroverks-

292 2205 204 42 byggnaden
516 2208 86 30 utan
623 2204 119 42 förhyr
760 2204 172 33 klassrum
952 2204 43 41 på
1016 2207 107 30 annat
1144 2202 81 40 håll;
1247 2202 52 42 sju
1319 2200 317 43 klassavdelningar
1658 2201 122 34 under-

292 2250 91 33 visas
411 2249 53 34 för
490 2248 213 34 närvarande
730 2248 10 34 i
768 2248 132 34 Jakobs
929 2247 179 34 folkskola.
1136 2247 178 33 Liknande
1342 2246 105 42 gäller
1475 2246 102 42 högre
1607 2245 173 34 allmänna

291 2294 194 33 läroverket
505 2293 53 34 för
578 2293 122 33 flickor
734 2294 4 32 å
760 2292 211 40 Norrmalm,
992 2304 73 21 som
1085 2292 46 42 på
1153 2291 109 42 grund
1284 2304 43 21 av
1349 2291 65 33 den
1437 2294 132 30 senaste
1591 2289 189 43 omorgani-

292 2338 156 34 sationen
475 2337 151 42 alltjämt
653 2337 152 34 befinner
833 2336 50 43 sig
909 2337 11 33 i
947 2336 136 34 tillväxt
1111 2336 65 33 och
1203 2335 77 34 med
1307 2335 169 42 ingången
1504 2347 44 22 av
1576 2334 204 42 budgetåret

294 2381 157 44 1943/44
472 2383 61 33 når
553 2382 51 33 sin
626 2381 86 34 fulla
733 2381 136 34 storlek.
892 2382 71 33 Det
985 2384 36 30 är
1041 2380 101 34 alltså
1165 2379 188 43 angeläget,
1376 2383 54 30 att
1452 2391 40 22 en
1515 2378 201 42 avveckling
1738 2390 44 22 av

292 2427 42 33 de
352 2426 185 43 övertaliga
555 2425 265 43 avdelningarna
838 2425 70 34 kan
926 2425 138 34 komma
1082 2424 52 35 till
1154 2424 101 34 stånd
1273 2423 79 34 med
1371 2423 59 34 det
1449 2427 163 30 snaraste.
1632 2423 43 33 Vi
1693 2422 86 34 före-

292 2471 50 33 slå
361 2470 128 39 därför,
507 2475 53 30 att
578 2470 324 43 nyorganisationen
920 2470 11 33 i
950 2469 50 34 sin
1018 2469 114 34 helhet
1151 2468 115 43 börjar
1284 2467 79 35 med
1382 2468 168 42 ingången
1570 2479 45 22 av
1635 2467 145 42 budget-

292 2516 75 33 året
389 2514 165 44 1943/44.
