2204 2671
680 250 251 31 Statsutskottets
962 248 173 33 Utlåtande
1161 248 62 31 N:o
1248 250 54 29 90.
1706 246 39 30 29

296 336 549 50 Löneregleringskommittén
886 336 69 36 har
997 348 80 24 som
1120 334 113 50 sagdt
1265 333 53 37 uti
1348 333 64 36 sitt
1439 332 145 49 förslag
1612 335 174 47 återupp-
1804 370 24 23 ,,
1848 336 70 56 1902
1933 334 40 41 ärs

194 392 99 48 tagit
330 391 136 49 frågan
496 403 61 23 om
593 389 234 49 indragning
864 388 40 37 af
937 387 559 48 landträntmästartjänsterna.
1552 384 235 37 Kommittén
1815 377 83 51 EA
1962 377 51 51 nd

194 445 69 35 har
292 444 132 36 därvid
452 442 138 48 intagit
619 455 142 23 samma
789 440 238 49 ståndpunkt
1056 453 82 23 som
1170 441 95 35 1873
1296 442 59 33 års
1379 437 408 37 landsstatskommitté

195 500 99 33 samt
335 494 216 48 framhållit,
595 499 66 42 att,
705 507 60 23 om
795 493 117 36 också
941 491 237 38 sistnämnda
1204 490 219 37 kommittés
1451 489 146 49 förslag
1624 489 13 37 i
1665 489 123 37 denna

196 548 61 37 del
297 548 83 36 icke
409 561 101 23 vann
552 546 117 48 bifall,
699 546 103 37 såväl
830 545 182 49 regering
1040 558 79 23 som
1148 544 171 48 Riksdag
1347 542 117 37 likväl
1492 542 102 37 delat
1621 542 168 49 uppfatt-

175 601 176 48 ningen,
381 605 55 32 att
464 599 398 46 landträntmästarne,
892 597 228 37 åtminstone
1149 597 120 36 under
1296 595 102 37 vissa
1425 595 98 36 tider
1551 594 70 37 och
1650 593 139 38 förhål-

195 653 152 47 landen,
376 652 83 37 icke
488 651 120 37 skulle
637 650 119 37 blifva
784 651 42 36 af
851 650 57 37 sin
936 650 118 48 tjänst
1073 648 325 49 fulltsysselsatta.
1442 647 83 36 Den
1544 646 232 49 fortgående

196 705 195 49 ökningen
419 704 42 37 af
485 703 337 50 länsstyrelsernas
851 702 173 49 göromål
1050 701 98 36 hade
1177 701 60 36 väl
1266 701 104 49 gjort
1398 700 60 48 sig
1477 698 176 50 gällande
1674 698 115 37 äfven

196 761 20 33 å
243 757 357 46 landtränterierna,
644 769 87 23 men
774 755 45 37 de
862 756 83 34 från
982 753 342 38 landtränterierna
1354 752 40 36 af
1418 751 227 37 kommittén
1672 751 116 36 infor-

196 810 117 36 drade
341 808 246 50 uppgifterna
616 808 196 48 angående
842 806 279 48 omfattningen
1150 806 40 36 af
1214 805 109 37 deras
1352 804 171 49 göromål
1551 804 113 48 gåfve
1693 803 96 36 dock

195 862 65 36 vid
300 861 163 47 handen,
507 866 54 31 att
602 859 350 38 missförhållandet
990 858 86 37 med
1105 857 253 49 otillräckliga
1387 856 171 50 göromål
1586 856 58 36 för
1672 854 118 37 landt-

196 919 281 32 räntmästarne
520 914 230 36 åtminstone
788 911 199 37 ferstädes
1016 910 234 37 fortfarande
1279 910 97 48 ägde
1405 908 191 49 giltighet.
1652 907 138 49 Någon

193 966 166 38 särskild
394 965 231 37 instruktion
654 965 13 35 i
696 964 64 37 det
788 964 86 36 med
903 963 284 37 ofvannämnda
1214 961 139 48 nådiga
1382 960 229 48 kungörelse
1640 960 73 36 den
1743 962 45 33 22

191 1019 85 50 juni
318 1020 96 35 1883
444 1017 158 38 afsedda
631 1017 100 50 syfte
760 1016 97 37 hade
887 1015 123 49 aldrig
1037 1015 126 37 blifvit
1191 1014 189 48 utfärdad,
1411 1013 81 48 och,
1523 1013 117 36 ehuru
1668 1012 123 36 landt-

197 1076 280 31 räntmästarne
519 1070 12 36 i
559 1070 91 36 flera
691 1069 63 36 län
795 1068 142 37 biträdt
977 1067 86 37 med
1090 1065 454 49 landskontorsgöromål,
1574 1064 217 49 framginge

198 1123 100 36 dock
338 1123 85 36 utaf
460 1122 245 36 kommitténs
747 1120 218 48 utredning,
1009 1124 56 31 att
1093 1119 123 36 denna
1243 1119 250 49 tjänstemans
1521 1116 231 37 arbetskraft
1780 1116 12 35 i

199 1175 205 37 allmänhet
431 1174 84 37 icke
543 1173 225 49 tillräckligt
787 1172 280 48 tillvaratagits.
1122 1171 224 50 Uppenbart
1364 1183 91 24 vore
1476 1169 81 47 ock,
1579 1173 65 43 att,
1665 1169 128 36 därest

199 1227 392 37 landträntmästaren
628 1225 204 38 kvarstode
861 1225 12 36 i
902 1224 59 37 sin
988 1225 219 36 nuvarande
1237 1222 186 50 ställning
1451 1225 125 34 såsom
1605 1221 187 37 förestån-

200 1281 90 36 dare
331 1280 62 36 för
422 1292 47 24 en
498 1292 104 23 mera
629 1278 206 37 fristående
865 1276 198 49 afdelning
1089 1277 105 35 inom
1222 1275 288 50 länsstyrelsen,
1540 1274 103 36 detta
1672 1273 120 37 skulle

199 1334 173 35 försvåra
415 1331 250 37 utkräfvande
707 1330 41 37 af
772 1330 95 36 hans
896 1329 147 37 biträde
1071 1329 12 35 i
1112 1328 190 36 önskvärd
1331 1327 70 37 och
1429 1326 184 49 tillbörlig
1641 1325 151 37 omfatt-

198 1385 94 48 ning
320 1384 64 37 vid
411 1383 504 49 landskontorsgörornålen.

304 1436 238 36 Kommittén
582 1436 69 35 har
694 1434 127 37 vidare
864 1434 151 45 erinrat,
1053 1433 179 36 hurusom
1261 1432 85 49 fyra
1374 1430 269 50 länsstyrelser
1670 1430 13 35 i
1712 1429 81 36 sina

200 1492 48 46 på
283 1488 126 49 grund
439 1488 41 36 af
505 1488 133 47 nådigt
667 1487 162 37 cirkulär
858 1486 73 37 den
961 1487 46 34 25
1038 1484 160 37 oktober
1229 1485 95 35 1901
1356 1483 147 49 afgifna
1530 1482 263 48 underdåniga

200 1540 222 37 utlåtanden
450 1540 162 37 rörande
641 1539 201 49 möjlighet
869 1538 58 36 till
954 1537 233 48 indragning
1215 1537 41 35 af
1279 1536 164 49 tjänster
1471 1548 140 36 genom
1640 1534 154 37 förenk-

200 1593 127 48 lingar
355 1592 10 36 i
395 1592 286 48 förvaltningen
720 1591 201 49 ifrågasatt
958 1589 569 48 landträntmästartjänsternas
1563 1586 233 49 indragning

202 1649 97 33 samt
340 1644 295 50 öfverflyttande
673 1643 41 37 af
740 1657 47 22 en
816 1643 61 36 del
905 1642 40 36 af
969 1640 363 38 landtränteriernas
1362 1639 230 49 åligganden
1620 1642 49 46 på
1697 1638 97 36 riks-

201 1697 317 37 bankskontoren
560 1696 69 37 och
666 1699 128 33 resten
822 1697 48 47 på
896 1694 311 37 landskontoren.
1263 1692 197 37 Huruvida
1487 1691 57 36 till
1571 1690 224 49 minskning

198 1750 44 36 af
280 1749 224 48 göromålen
546 1751 20 33 å
607 1748 292 36 landtränteriet
945 1760 47 23 en
1033 1746 61 36 del
1135 1745 41 37 af
1215 1745 86 36 dess
1329 1743 231 50 åligganden
1586 1742 209 52 lämpligen

203 1801 120 36 skulle
350 1801 130 36 kunna
509 1800 238 49 öfverflyttas
766 1802 49 46 på
834 1798 246 47 riksbanken,
1096 1810 93 24 vore
1209 1797 220 47 emellertid,
1450 1795 221 37 förmenade
1691 1795 104 36 kom-

202 1853 147 48 mittén,
393 1857 54 32 ett
475 1852 198 49 spörsmål,
703 1852 156 36 hvarom
888 1850 248 49 meningarna
1163 1850 69 36 hos
1262 1849 94 43 dem,
1389 1848 115 37 saken
1532 1847 125 48 rörde,
1686 1846 109 37 torde

201 1919 92 23 vara
321 1905 145 49 ganska
498 1904 142 37 delade.
699 1904 68 36 Att
795 1903 181 37 särskildt
1002 1901 284 49 inbetalningar
1313 1901 116 37 borde
1458 1900 128 36 kunna
1609 1900 69 36 hos
1697 1899 99 37 läns-

204 1958 234 50 styrelserna
475 1957 76 36 lika
601 1957 49 36 väl
678 1969 81 24 som
787 1956 69 37 hos
885 1955 277 37 statskontoret
1190 1954 11 36 i
1230 1958 121 32 större
1380 1952 267 49 utsträckning
1675 1957 48 31 än
1747 1965 50 22 nu

202 2011 67 36 ske
297 2023 140 36 genom
465 2009 402 46 riksbankskontoren,
898 2012 131 45 syntes
1057 2006 222 37 kommittén
1308 2018 90 25 vara
1416 2004 198 50 påtagligt.
1670 1998 128 43 Äfven

203 2062 284 48 utbetalningar
519 2062 131 47 borde,
680 2061 229 36 åtminstone
938 2059 235 37 beträffande
1204 2063 121 32 större
1355 2057 149 49 belopp,
1532 2057 129 36 kunna
1689 2056 108 36 verk-

205 2114 132 37 ställas
367 2128 140 35 genom
538 2114 109 37 dessa
677 2114 150 35 kontor.
882 2113 134 36 Denna
1045 2112 108 48 fråga
1181 2111 108 36 torde
1318 2110 97 36 dock
1440 2109 84 37 icke
1552 2109 128 36 kunna
1695 2109 101 36 lösas

203 2167 136 36 enbart
366 2180 44 23 ur
440 2166 244 49 synpunkten
712 2166 42 36 af
778 2165 102 36 hvad
909 2178 46 22 en
982 2163 159 49 lämplig
1169 2162 261 48 organisation
1457 2162 102 36 inom
1578 2161 219 49 länsstyrel-

205 2232 112 23 serna
349 2218 146 46 kräfde,
524 2223 92 31 utan
645 2217 131 37 därvid
805 2217 119 36 borde
953 2216 151 48 hänsyn
1132 2220 109 44 tagas
1271 2215 113 36 äfven
1412 2213 57 37 till
1497 2213 86 37 dess
1612 2213 186 37 inverkan

205 2274 48 45 på
283 2271 147 36 arbetet
459 2270 71 36 och
557 2270 185 37 behofvet
771 2270 41 35 af
836 2269 233 48 tjänstemän
1096 2268 65 36 vid
1188 2267 405 36 riksbankskontoren.

308 2323 137 48 Någon
475 2327 172 32 närmare
675 2321 220 48 utredning,
924 2320 12 36 i
964 2320 156 36 hvilken
1150 2319 232 48 omfattning
1401 2318 252 36 riksbankens
1674 2316 123 37 öfver-

160 2383 10 8 "
205 2375 166 49 tagande
413 2374 42 37 af
479 2374 339 49 länsstyrelsernas
846 2372 286 49 kassagöromål
1162 2371 122 37 skulle
1312 2371 129 36 kunna
1469 2373 49 46 gå
1545 2370 59 37 för
1633 2369 69 49 sig,
1731 2369 68 37 har
