2181 2667
455 232 68 34 156
869 232 260 33 Statsutskottets
1162 232 177 34 Utlåtande
1365 233 65 33 N:o
1460 236 51 30 90.

399 321 56 33 att
495 315 290 51 ifrågavarande
826 314 174 51 uppdrag
1033 315 91 38 eller
1151 315 361 52 tjänstebefattning
1541 315 33 51 ej
1607 319 60 35 må
1695 330 110 25 anses
1833 317 159 38 inverka

399 368 209 51 hinderligt
648 369 58 37 för
742 368 311 50 tjänstgöringen
1094 369 66 37 vid
1199 369 247 49 landsstaten,
1489 370 122 38 finner
1651 370 215 51 uppdraget
1899 370 92 39 eller

398 422 412 51 tjänstebefattningen
838 422 128 37 kunna
993 422 38 37 få
1058 422 77 37 tills
1163 422 129 38 vidare
1320 428 189 45 mottagas
1540 423 70 38 och
1638 423 184 47 behållas;

502 480 55 33 att
596 475 498 50 tjänstgöringspenningar
1125 475 38 37 få
1189 475 190 51 uppbäras
1408 476 136 38 endast
1571 476 59 37 för
1658 476 74 38 den
1760 476 66 49 tid,
1854 476 137 39 befatt-

399 528 363 51 ningsinnehafvare
803 528 199 49 verkligen
1040 527 224 52 tjänstgjort
1292 528 91 38 eller
1412 529 152 51 åtnjutit
1592 534 195 43 semester,
1816 543 89 24 men
1932 531 59 37 för

399 582 73 37 den
512 581 67 49 tid,
608 581 75 38 han
725 580 110 50 eljest
862 581 97 38 varit
986 581 85 37 från
1098 582 262 50 tjänstgöring
1387 582 159 49 befriad,
1576 582 108 38 skola
1711 585 92 48 utgå
1831 583 58 37 till
1918 584 73 37 den

401 648 82 24 som
511 634 210 51 uppehållit
747 634 288 50 befattningen;

502 692 54 32 att
599 688 74 36 den
714 688 85 36 med
831 687 425 49 häradsskrifvartjänst
1283 688 181 37 förenade
1492 689 148 36 förmån
1669 689 40 36 af
1734 689 258 38 debetsedels-

397 738 109 39 lösen
535 738 96 38 skall
658 738 150 38 tillfalla
836 739 85 48 den,
952 752 80 24 som
1059 739 121 38 under
1208 739 188 38 ordinarie
1424 739 411 51 tjänsteinnehafvares
1854 741 137 50 tjänst-

397 792 171 50 ledighet
607 793 179 37 förrättat
827 792 263 50 debiteringen
1131 793 70 37 och
1241 793 166 38 utfärdat
1448 793 305 48 debetsedlarna;
1797 794 97 37 dock
1922 799 67 45 att,

399 845 128 37 därest
568 845 121 37 skilda
728 858 185 37 personer
950 845 154 38 därmed
1131 846 98 49 tagit
1256 846 219 50 befattning
1503 847 69 37 och
1601 847 389 40 öfverenskommelse

398 898 85 37 dem
526 898 160 37 emellan
727 897 33 50 ej
802 898 143 49 träffas,
988 898 218 50 fördelning
1246 899 42 37 af
1323 899 290 50 ifrågavarande
1642 899 348 39 debetsedelslösen

399 951 98 38 skall
525 951 225 37 verkställas
780 952 40 37 af
845 951 141 50 Kungl.
1014 951 130 50 Maj:ts
1172 951 440 51 befallningshafvande;

502 1008 55 33 att
602 1004 84 48 den,
717 1017 80 24 som
830 1004 40 37 af
895 1004 177 51 sjukdom
1100 1004 154 38 hindras
1283 1009 56 33 att
1366 1005 159 37 förrätta
1554 1005 57 38 sin
1640 1004 227 51 befattning,
1897 1010 93 46 äger

397 1057 170 50 uppbära
595 1057 85 37 hela
708 1057 126 48 lönen,
860 1057 120 50 jämte
1009 1057 229 50 ortstillägg,
1269 1058 67 37 där
1364 1058 134 38 sådant
1526 1058 267 47 förekommer,
1823 1072 88 24 men
1936 1064 55 32 att

397 1110 87 48 den,
514 1122 80 24 som
621 1109 136 38 undfår
784 1109 173 51 ledighet
984 1110 59 37 för
1071 1124 96 36 svag
1195 1110 127 38 hälsas
1339 1111 204 48 vårdande,
1564 1111 174 37 enskilda
1759 1112 229 50 angelägen-

396 1163 109 35 heter
546 1161 93 38 eller
680 1162 186 37 särskilda
906 1163 174 49 uppdrag
1117 1163 92 37 eller
1245 1164 12 35 i
1298 1164 161 48 behörig
1487 1164 165 48 ordning
1679 1164 198 48 afstänges
1905 1165 86 36 från

396 1214 263 50 tjänstgöring
700 1213 92 38 eller
833 1214 112 50 eljest
972 1219 41 33 är
1040 1214 169 51 lagligen
1239 1215 220 38 förhindrad
1488 1221 55 32 att
1572 1216 109 37 sköta
1708 1215 282 51 befattningen,

397 1267 75 37 kan
499 1266 202 50 förpliktas
730 1272 55 32 att
813 1267 119 38 under
960 1267 220 51 ledigheten
1207 1268 152 38 utöfver
1386 1269 82 37 sina
1494 1268 496 51 tjänstgöringspenningar

397 1319 101 37 afstå
526 1322 42 34 så
595 1319 152 50 mycket
775 1319 40 38 af
839 1320 113 37 lönen
981 1320 91 37 eller
1092 1320 271 50 ortstillägget,
1385 1334 81 24 som
1486 1322 59 37 för
1564 1321 288 50 befattningens
1871 1335 118 37 uppe-

396 1372 176 37 hållande
601 1372 191 37 erfordras
822 1372 90 37 eller
941 1372 109 51 eljest
1077 1374 155 49 pröfvas
1260 1373 156 50 skäligt;

500 1429 55 32 att
597 1424 168 50 aflöning
805 1426 34 49 ej
882 1428 61 34 må
979 1428 92 47 utgå
1098 1425 57 37 till
1182 1427 230 49 tjänsteman
1441 1426 92 38 eller
1560 1426 147 51 betjänt
1736 1427 58 37 för
1822 1426 73 37 den
1923 1427 66 47 tid,

395 1476 217 38 hvarunder
639 1477 76 37 han
743 1477 149 39 afhållit
920 1478 62 50 sig
1009 1479 82 36 från
1119 1479 259 50 tjänstgöring
1404 1484 91 33 utan
1514 1484 55 33 att
1587 1479 114 38 hafva
1720 1479 12 37 i
1747 1478 243 52 vederbörlig

397 1530 166 49 ordning
591 1530 149 37 erhållit
767 1530 291 50 tjänstledighet
1087 1531 91 37 eller
1206 1532 145 36 kunnat
1379 1532 131 50 styrka
1537 1531 129 50 giltigt
1694 1531 143 47 förfall;

501 1587 52 32 att
595 1582 127 38 därest
767 1584 230 49 tjänsteman
1040 1583 90 39 eller
1171 1584 147 50 betjänt
1358 1585 136 37 varder
1535 1584 179 51 afstängd
1742 1585 84 37 från
1854 1585 135 50 tjänst-

395 1635 141 49 göring
577 1635 93 37 eller
709 1635 12 37 1
762 1635 113 37 häkte
916 1641 129 45 tagen,
1088 1636 72 37 den
1205 1637 61 37 del
1311 1638 42 36 af
1389 1638 96 37 hans
1521 1637 179 50 aflöning,
1729 1651 80 23 som
1838 1637 84 37 icke
1951 1638 36 37 af

395 1687 239 49 Konungens
662 1687 422 51 befallningshafvande
1112 1689 156 50 pröfvas
1296 1689 92 38 böra
1412 1690 194 37 användas
1625 1690 57 37 till
1701 1690 286 50 befattningens

395 1739 292 51 uppehållande,
730 1740 96 38 skall
865 1741 121 37 under
1026 1741 106 38 tiden
1173 1741 221 49 innehållas,
1434 1742 131 38 såvida
1593 1743 33 50 ej
1657 1743 238 50 Konungens
1924 1742 63 38 be-

394 1792 375 49 fallningshafvande
796 1794 122 36 finner
947 1794 139 49 skäligt
1114 1794 74 37 låta
1207 1795 138 37 honom
1366 1795 171 49 uppbära
1551 1799 118 45 något
1697 1795 124 47 däraf;

500 1849 65 43 att,
596 1845 127 37 därest
750 1845 222 51 förhöjning
1000 1846 42 37 af
1066 1845 112 39 lönen
1207 1847 98 37 efter
1333 1847 79 37 viss
1440 1847 74 37 tids
1532 1848 154 37 fortsatt
1704 1848 283 37 innehafvande

394 1897 43 37 af
461 1911 141 24 samma
629 1898 120 49 tjänst
776 1903 41 32 är
844 1898 13 37 i
886 1903 76 32 stat
990 1899 231 49 medgifven,
1251 1899 228 50 tidpunkten

497 1950 61 37 för
598 1950 119 37 första
744 1950 271 51 förhöjningen
1043 1951 227 38 bestämmes
1300 1957 54 32 att
1381 1952 147 37 inträda
1557 1952 94 37 efter
1678 1953 78 36 fem
1784 1955 52 47 år,
1865 1953 122 37 under

394 2001 138 38 villkor
571 2007 56 33 att
666 2002 276 39 innehafvaren
969 2004 121 37 under
1117 2018 81 24 mer
1226 2009 47 32 än
1301 2005 84 50 fyra
1413 2004 222 38 femtedelar
1664 2005 40 37 af
1729 2006 73 36 den
1830 2005 155 49 tjänste-

394 2054 67 49 tid,
492 2068 80 24 som
613 2055 190 38 erfordras
836 2056 60 37 för
924 2061 56 32 att
1007 2056 114 38 vinna
1149 2058 164 36 nämnda
1341 2057 236 50 förhöjning,
1606 2058 85 37 med
1719 2058 93 49 godt
1840 2058 146 38 vitsord

393 2107 163 37 bestridt
597 2108 58 36 sin
697 2121 99 36 egen
824 2108 100 48 eller,
953 2112 48 47 på
1029 2109 124 50 grund
1182 2110 40 37 af
1246 2108 267 51 förordnande,
1542 2124 125 24 annan
1696 2115 143 33 statens
1867 2111 119 50 tjänst

394 2159 94 37 eller
528 2160 173 49 fullgjort
732 2166 117 32 annat
877 2162 188 49 offentligt
1093 2162 188 50 uppdrag,
1312 2162 97 38 dock
1438 2167 56 33 att
1521 2163 134 37 härvid
1684 2163 83 38 icke
1796 2166 59 34 må
1883 2164 102 36 föras

392 2212 141 37 honom
561 2211 58 38 till
646 2212 71 38 last
746 2214 73 36 den
846 2214 66 48 tid,
941 2214 75 38 han
1045 2215 155 50 åtnjutit
1229 2220 193 44 semester,
1452 2215 69 38 och

495 2265 60 37 för
583 2265 116 38 andra
735 2266 286 50 förhöjningen,
1056 2281 59 23 om
1144 2268 115 37 sådan
1289 2272 92 45 äger
1409 2282 94 34 rum,
1533 2268 96 37 efter
1656 2267 225 51 ytterligare
1909 2268 76 38 fem

392 2319 50 41 år,
470 2320 49 48 på
546 2331 142 24 samma
715 2318 150 50 villkor,
895 2325 98 31 samt
