2206 2675
172 1974 178 31 Aflöningsbe-

212 2010 101 30 loppen.

158 2261 205 25 Landssekrete-

200 2304 59 16 rare
279 2298 45 22 och

188 2330 148 25 landskam-

213 2374 96 16 rerare.

201 2410 64 22 1878
286 2409 39 23 års

166 2443 197 32 lönereglering.

455 219 72 32 124
873 221 261 36 Statsutskottets
1167 223 177 33 Utlåtande
1371 225 65 32 N:o
1467 227 49 30 90.

398 301 183 50 gifvande
609 302 85 37 icke
722 302 96 38 låter
846 303 60 50 sig
933 307 48 47 på
1005 304 163 37 förhand
1187 311 220 44 noggrannt
1426 306 242 40 bestämmas.
1706 309 89 37 Men
1809 311 71 50 jag
1898 324 99 37 upp-

398 367 124 37 repar,
551 359 56 32 att
636 354 63 38 det
728 356 211 51 åberopade
969 357 223 38 cirkulärets
1220 359 156 50 mening
1399 363 120 34 måste
1537 375 91 24 vara
1647 361 86 50 den,
1755 367 56 33 att
1829 363 167 50 afgiften

400 407 99 37 dock
527 407 96 38 skall
651 411 40 34 så
719 422 102 36 noga
850 410 68 36 ske
947 411 75 37 kan
1050 424 182 36 anpassas
1261 412 96 37 efter
1376 413 295 50 länsstyrelsens
1700 416 87 36 med
1814 416 182 50 boktryc-

397 460 118 37 karen
556 460 226 39 afhandlade
823 462 79 50 pris
949 463 85 37 med
1074 463 249 51 iakttagande
1352 470 55 32 att
1433 469 130 47 någon
1591 468 214 50 ersättning
1832 469 160 38 beredes

397 513 458 50 expeditionshafvanden
893 516 59 37 för
989 516 64 37 det
1086 516 150 49 besvär,
1265 532 80 23 som
1374 519 203 50 onekligen
1606 521 218 38 förorsakas
1853 522 142 38 honom

396 579 140 36 genom
576 567 339 50 nödvändigheten
943 569 42 37 af
1008 569 184 50 räknings
1222 570 158 38 förande
1409 572 71 37 och
1508 574 237 37 utsändande
1772 575 58 37 till
1858 575 136 38 veder-

395 619 182 49 börande,
605 621 461 50 tryckningskostnadens
1094 622 309 39 förskotterande
1424 625 72 37 och
1514 625 43 37 af
1573 626 420 52 korrekturläsningen,

395 672 158 37 hvilken
594 673 178 37 särskildt
805 674 235 38 beträffande
1068 676 221 37 trafiktaxor
1319 677 71 37 och
1419 678 123 48 dylikt
1574 679 103 37 kräft
1708 681 162 48 mycken
1902 682 93 36 vak-

397 724 148 36 samhet
574 725 71 36 och
673 738 149 24 ansvar.
878 726 17 36 I
922 727 110 49 fråga
1061 740 60 23 om
1150 728 223 37 trafiktaxor
1400 729 68 37 ber
1490 730 70 49 jag
1588 731 96 37 dock
1709 732 38 36 få
1765 737 151 44 nämna,
1938 737 57 32 att

395 776 65 37 vid
502 776 108 38 deras
651 777 264 39 fastställande
957 779 118 38 sedan
1115 783 126 47 någon
1282 781 54 38 tid
1376 781 84 39 icke
1488 782 131 38 vidare
1648 784 260 51 föreskrifves,
1938 790 58 34 att

401 834 116 32 taxan
543 830 13 36 i
584 830 59 37 sin
670 831 130 37 helhet
829 832 95 36 skall
951 832 143 37 införas
1121 833 12 36 i
1160 834 395 49 länskungörelserna.

498 881 87 38 Med
626 883 150 37 erinran
808 884 131 37 härom
968 885 71 36 och
1067 885 46 37 då
1141 887 232 37 statsverket
1401 888 32 48 ej
1464 888 69 37 har
1560 888 87 37 med
1676 889 110 37 dessa
1816 891 175 38 enskilda

392 934 397 50 tillkännagifvanden
831 942 55 32 att
926 937 132 49 skaffa,
1102 938 73 38 kan
1198 940 71 49 jag
1297 940 229 50 visserligen
1554 942 84 37 icke
1666 941 191 52 tillstyrka
1884 943 106 39 löne-

393 987 464 49 regleringskommitténs
898 990 239 49 hemställan,
1180 997 54 31 att
1263 992 63 37 det
1354 992 227 50 öfverskott,
1612 1007 82 24 som
1723 995 12 36 i
1762 996 132 49 hvarje
1922 997 67 37 fall

393 1043 122 34 måste
543 1040 65 38 vid
636 1041 236 38 kostnadens
892 1043 284 38 bestämmande
1196 1045 219 49 inrymmas,
1437 1046 97 37 skall
1554 1046 90 51 ingå
1664 1047 56 37 till
1741 1050 247 46 statsverket;

392 1106 87 23 men
517 1093 117 37 ehuru
670 1095 459 48 expeditionshafvanden
1157 1097 160 48 således,
1347 1098 121 50 enligt
1496 1099 75 36 min
1601 1100 261 50 uppfattning,
1891 1102 100 38 lärer

391 1145 13 36 i
432 1145 398 39 öfverensstämmelse
872 1148 86 37 med
1002 1150 96 35 1876
1141 1152 60 35 års
1244 1150 162 37 cirkulär
1447 1151 93 38 böra
1574 1152 210 49 berättigas
1812 1158 56 33 att
1897 1155 93 37 fort-

392 1198 156 36 farande
585 1199 171 49 uppbära
794 1200 63 36 det
885 1200 227 49 öfverskott,
1142 1214 83 24 som
1254 1203 113 36 äfven
1395 1204 87 36 med
1512 1203 72 37 den
1611 1211 288 43 noggrannaste
1928 1207 62 37 be-

390 1250 166 49 räkning
583 1251 69 36 bör
681 1252 70 36 och
781 1255 118 34 måste
927 1253 242 49 uppkomma,
1199 1255 123 36 såvidt
1350 1256 32 48 ej
1413 1256 139 37 förlust
1576 1257 96 36 skall
1691 1257 164 48 inträffa,
1875 1272 115 24 anser

385 1302 83 49 jag,
498 1307 55 32 att
581 1303 136 49 frågan
745 1304 350 38 tillfredsställande
1124 1306 150 49 ordnas,
1304 1320 61 23 om
1394 1322 86 23 man
1505 1309 246 49 förebygger,
1772 1315 54 31 att
1846 1311 142 37 behåll-

390 1354 146 48 ningen
565 1355 165 49 oskäligt
757 1361 116 32 växer
901 1360 127 34 såsom
1057 1358 113 37 ofvan
1198 1359 120 37 visats
1347 1360 115 37 hafva
1480 1360 13 36 i
1512 1364 120 46 några
1659 1362 63 36 län
1750 1363 97 36 varit
1867 1363 118 37 fallet.

493 1407 78 49 Jag
610 1408 195 37 förordrar
846 1409 158 48 således,
1043 1415 55 32 att
1134 1410 140 50 Kungl.
1313 1412 107 49 Maj:t
1453 1413 146 37 täcktes
1627 1413 12 37 i
1668 1414 123 37 sinom
1817 1415 56 36 tid
1902 1416 87 36 med

390 1459 239 50 åberopande
658 1461 41 36 af
724 1462 68 36 sitt
820 1461 278 38 ofvanberörda
1131 1463 163 37 cirkulär
1322 1465 72 37 den
1424 1467 47 35 30
1500 1479 87 24 nov.
1621 1467 96 36 1876
1748 1467 240 51 förständiga

390 1512 82 36 sina
514 1512 423 50 befallningshafvande
965 1515 12 36 i
1006 1520 152 32 orterna
1195 1521 54 32 att
1286 1517 230 38 underkasta
1549 1519 46 36 de
1623 1532 51 23 nu
1703 1520 11 35 i
1743 1520 105 36 detta
1876 1526 111 31 ämne

389 1564 178 48 gällande
594 1565 124 37 beslut
747 1580 46 23 en
821 1567 202 49 sorgfällig
1050 1568 241 49 granskning
1309 1569 12 36 i
1340 1569 112 50 syfte,
1477 1576 54 31 att
1559 1571 284 38 vederbörande
1873 1586 114 37 expe-

389 1616 349 39 ditionshafvandes
788 1619 220 50 behållning
1057 1620 42 37 af
1139 1620 312 49 afgiftssatserna
1492 1623 59 37 för
1592 1623 195 38 enskildes
1829 1625 12 36 i
1882 1625 103 37 läns-

387 1668 302 50 kungörelserna
729 1671 152 37 införda
921 1672 400 50 tillkännagifvanden
1354 1678 129 46 måtte,
1527 1676 68 36 där
1637 1676 136 37 sådant
1809 1677 176 38 befinnes

387 1721 84 37 icke
512 1736 91 23 vara
630 1723 200 49 iakttaget,
858 1724 119 37 hållas
1005 1724 102 38 inom
1135 1725 148 49 skäliga
1310 1732 171 43 gränser,
1511 1728 87 36 med
1624 1729 198 37 föreskrift
1850 1730 135 49 tillika,

386 1778 55 31 att
483 1774 73 37 den
593 1775 40 37 af
671 1775 141 49 Kungl.
842 1776 126 48 Maj:ts
1005 1777 425 50 befallningshafvande
1473 1779 157 38 sålunda
1671 1781 196 37 bestämda
1894 1787 90 33 taxa

387 1825 96 37 skall
510 1826 58 36 till
596 1827 277 38 allmänhetens
901 1830 216 36 kännedom
1135 1830 12 36 i
1166 1829 390 52 länskungörelserna
1585 1833 69 36 och
1681 1833 13 36 i
1713 1834 153 49 tidning
1879 1834 106 37 inom

385 1878 308 38 residensstaden
722 1880 144 37 införas
896 1894 47 24 en
970 1885 107 45 gång
1102 1881 158 49 årligen.
1471 1894 2 2 |

490 1955 126 38 Sedan
639 1958 70 48 jag
736 1958 11 35 i
776 1958 64 37 det
867 1959 234 49 föregående
1129 1960 197 50 redogjort
1354 1959 61 39 för
1439 1961 46 37 de
1504 1962 100 37 olika
1623 1963 199 49 förslagen
1840 1964 13 36 i
1872 1964 108 49 fråga

386 2021 61 23 om
477 2008 79 37 dels
584 2009 132 37 länens
744 2010 199 50 indelning
970 2012 12 35 i
1010 2011 148 38 klasser
1187 2013 96 36 efter
1311 2014 286 49 folkmängden,
1619 2018 124 34 såsom
1771 2016 209 48 afgörande

386 2060 59 36 för
485 2060 573 53 tjänstgöringspenningarnas
1100 2064 155 49 storlek,
1299 2065 80 38 dels
1421 2066 70 37 ock
1519 2067 460 39 länsresidensstädernas

384 2112 201 51 indelning
639 2114 314 50 dyrhetsklasser
980 2116 60 37 för
1076 2117 244 37 beräknande
1349 2118 41 37 af
1414 2119 257 50 hyresbidrag
1699 2119 94 38 eller
1821 2120 159 38 ortstill-

382 2164 106 50 lägg,
518 2166 178 50 öfvergår
719 2168 69 48 jag
815 2181 50 23 nu
893 2168 57 37 till
977 2168 234 51 behandling
1239 2170 41 37 af
1305 2170 46 37 de
1372 2171 186 37 särskilda
1579 2172 397 51 aflöningsbeloppen.

487 2243 75 37 För
603 2245 316 38 landssekreterare
960 2247 71 36 och
1073 2248 312 37 landskamrerare
1424 2251 91 47 utgå
1542 2249 439 50 aflöningsförmånerna

382 2295 61 36 för
471 2297 238 36 närvarande
738 2298 102 36 med:

385 2348 59 36 [£2
435 2344 66 58 CX
544 2344 37 58 EN
591 2344 26 58 VE
666 2382 920 7 Nn
1618 2353 141 38 kronor
1787 2355 126 46 4,400:
1936 2377 49 3 —
