1878 2800
264 180 19 30 8
629 180 405 38 Bevillningsutskottets
1057 180 217 30 betänkande
1295 189 42 20 nr
1356 180 51 29 51.

267 265 205 40 erforderlig
492 266 59 30 vid
573 275 42 20 en
637 265 175 40 sänkning
834 275 41 21 av
896 264 275 36 bensinskatten,
1194 267 57 28 det
1272 274 42 21 ur
1335 266 93 29 vissa
1449 265 218 39 synpunkter
1689 265 77 29 icke

270 323 102 29 synes
394 314 160 40 lämpligt
576 316 50 28 att
647 323 47 21 nu
716 314 107 30 binda
846 315 51 39 sig
917 315 58 29 vid
998 314 114 39 någon
1132 315 71 29 viss
1225 314 167 40 tidpunkt
1415 314 55 30 för
1492 323 43 20 en
1557 314 96 39 dylik
1676 314 94 29 skat-

268 366 220 40 tesänkning.
509 366 53 31 Då
580 366 90 31 vissa
691 366 255 39 invändningar
965 366 192 30 emellertid
1177 367 122 29 kunna
1319 366 142 30 anföras
1481 368 73 28 mot
1576 367 46 29 ett
1642 365 124 33 beslut,

270 426 73 20 som
367 417 111 29 skulle
500 417 174 30 innefatta
696 426 42 20 en
761 416 165 31 fullmakt
948 417 56 30 för
1026 416 124 40 Kungl.
1174 416 106 39 Maj:t
1303 418 49 28 att
1376 416 89 30 fatta
1487 416 114 30 beslut
1623 425 56 21 om
1701 416 67 29 tid-

268 467 158 39 punkten
452 467 56 29 för
536 467 155 30 skattens
721 466 184 40 sänkning,
930 467 65 29 har
1020 467 61 39 jag
1106 468 113 28 ansett
1245 468 72 38 mig
1343 467 83 30 böra
1451 468 163 28 närmare
1640 466 127 30 under-

270 517 86 30 söka
386 516 269 40 möjligheterna
686 519 50 28 att
769 517 193 31 bestämma
994 517 210 40 tidpunkten
1236 517 55 30 för
1325 517 345 39 skattesänkningen.
1702 516 66 38 Jag

269 567 65 29 har
355 566 121 31 härvid
498 567 149 30 kommit
669 568 51 29 till
743 568 67 30 den
832 567 281 40 uppfattningen,
1136 569 49 28 att
1207 568 58 29 det
1286 568 61 29 bör
1369 568 47 29 bli
1438 567 139 40 möjligt
1599 568 49 29 att
1670 567 10 29 i
1704 568 64 28 im-

269 617 207 40 portplanen
498 618 56 29 för
574 619 101 29 nästa
695 618 38 30 år
754 618 176 39 inrymma
953 626 43 21 en
1018 618 70 30 viss
1109 617 131 41 ökning
1261 627 41 21 av
1324 617 309 39 bensinimporten,
1658 617 110 29 under

270 667 255 41 förutsättning
547 669 50 28 att
619 668 227 40 planeringen
868 677 42 21 av
931 668 175 40 importen
1130 669 107 28 redan
1261 667 79 31 från
1363 668 126 39 början
1512 669 70 30 kan
1607 669 59 29 ske
1689 667 78 30 med

268 718 308 39 hänsynstagande
605 717 127 31 härtill.
790 718 66 30 Om
885 718 212 40 tidpunkten
1126 719 210 29 bestämmes
1366 720 108 28 redan
1504 719 52 29 till
1587 718 181 30 årsskiftet

272 768 146 35 1950/51
442 768 124 30 vinnes
587 769 85 29 även
694 769 67 29 den
783 768 156 30 fördelen
963 770 52 28 att
1035 768 291 40 prissänkningar
1347 770 121 29 kunna
1489 768 48 30 bli
1559 768 143 39 möjliga
1724 768 45 39 på

269 827 44 21 en
339 820 54 29 del
419 819 167 30 områden
614 820 176 38 samtidigt
819 829 73 20 som
920 819 243 40 borttagandet
1190 829 42 20 av
1258 819 378 40 importsubventioner
1663 819 36 30 få
1726 827 42 20 en

269 868 259 40 prisstegrande
553 869 120 30 effekt.
698 870 13 28 I
736 869 101 40 fråga
860 879 56 20 om
941 870 41 30 de
1007 878 69 30 nya
1101 870 291 30 skatlesatsernas
1416 870 87 39 höjd
1528 869 158 29 ansluter
1710 868 59 39 jag

270 918 72 39 mig
364 919 52 29 till
440 919 42 29 de
507 928 43 20 av
576 918 81 30 1949
681 918 57 30 års
762 918 305 40 skatteutredning
1091 918 196 39 framlagda
1307 918 189 40 förslagen.
1521 918 65 40 Jag
1611 918 161 30 förordar

271 968 148 32 sålunda
437 971 51 29 att
509 971 130 39 förslag
661 970 210 39 framlägges
892 979 56 21 om
969 971 51 30 att
1042 972 273 28 skattesatserna
1337 970 54 30 för
1412 971 124 30 bensin
1558 971 63 29 och
1643 970 127 29 bränn-

270 1020 90 39 oljor
380 1021 42 29 fr.
443 1030 29 20 o.
494 1030 46 20 im.
561 1021 66 29 den
649 1021 14 29 1
686 1021 143 38 januari
851 1021 80 29 1951
955 1022 127 29 sänkes
1102 1021 51 29 till
1174 1021 40 30 25
1236 1022 58 29 öre
1316 1030 60 31 per
1396 1021 78 29 liter
1498 1021 123 29 bensin
1641 1020 65 30 och
1727 1020 41 29 20

269 1070 59 30 öre
348 1079 60 31 per
428 1071 78 29 liter
528 1071 185 39 brännolja
732 1073 73 28 mot
827 1071 55 29 för
902 1071 217 30 närvarande
1140 1070 195 41 respektive
1356 1071 40 30 45
1420 1071 195 40 respektive
1637 1070 41 30 34
1699 1072 69 28 öre.

314 1121 75 28 Den
413 1129 42 22 av
479 1121 73 39 mig
579 1121 198 39 föreslagna
803 1121 335 39 skattesänkningen
1163 1121 146 30 innebär
1333 1122 54 29 för
1411 1121 74 30 helt
1510 1122 39 29 år
1572 1131 43 20 en
1641 1122 128 29 skatte-

269 1171 205 40 minskning
496 1172 56 29 för
576 1172 208 29 statsverket
806 1172 45 40 på
873 1171 164 40 omkring
1061 1172 59 29 185
1144 1172 164 39 miljoner
1331 1173 130 28 kronor
1484 1172 57 30 vid
1567 1171 203 30 nuvarande

270 1220 243 40 förbrukning.
573 1221 431 40 Konsumtionsökningen
1035 1221 57 31 vid
1122 1232 42 20 en
1197 1223 291 40 skattesänkning
1520 1221 111 31 skulle
1662 1222 108 38 enligt

269 1271 436 32 bränslekommissionens
736 1272 235 40 beräkningar
1003 1274 123 38 utgöra
1156 1282 41 20 ca
1231 1272 61 30 100
1324 1272 164 39 miljoner
1519 1271 78 30 liter
1628 1281 61 31 per
1720 1272 49 34 år,

269 1322 246 30 motsvarande
542 1331 42 21 en
607 1322 289 40 inkomstökning
917 1323 46 40 på
987 1323 41 30 25
1052 1323 163 39 miljoner
1237 1323 140 29 kronor.
1402 1322 117 30 Under
1542 1323 48 29 ett
1613 1322 95 30 halvt
1731 1322 39 30 år

271 1371 112 32 skulle
401 1373 384 39 intäktsminskningen
803 1372 119 31 därför
939 1373 47 30 bli
1004 1382 41 21 ca
1064 1373 40 30 80
1121 1373 165 39 miljoner
1303 1374 139 29 kronor.
1461 1373 194 30 Därutöver
1672 1374 99 29 kom-

270 1431 75 21 mer
371 1423 259 29 inkomsttiteln
658 1425 50 28 att
734 1423 152 30 belastas
913 1425 79 29 med
1021 1423 237 31 kostnaderna
1286 1423 55 30 för
1370 1423 316 30 skatterestitution
1715 1423 55 29 för

270 1472 93 31 vissa
385 1472 92 40 lager
501 1483 76 20 som
599 1473 117 31 finnas
739 1475 11 28 i
773 1474 117 31 landet
912 1472 56 32 vid
995 1474 355 38 skattesänkningens
1374 1473 282 40 genomförande.
1680 1473 91 30 Den-

270 1532 47 21 na
341 1524 314 30 skatterestitution
675 1525 71 29 kan
768 1524 173 40 beräkngas
961 1524 55 30 till
1037 1534 41 20 ca
1098 1524 40 30 40
1160 1524 165 39 miljoner
1346 1525 140 29 kronor.
1510 1524 261 29 Inkomsttiteln

270 1573 63 30 bör
362 1574 118 30 därför
509 1575 159 30 minskas
696 1574 11 29 i
738 1574 219 31 förhållande
988 1573 53 31 till
1072 1575 434 38 riksräkenskapsverkets
1536 1574 235 39 beräkningar

270 1624 80 29 med
370 1624 59 30 120
446 1624 166 39 miljoner
628 1625 130 29 kronor
774 1625 83 29 eller
876 1625 79 29 från
972 1624 64 30 420
1054 1624 51 30 till
1123 1625 62 30 300
1202 1624 165 40 miljoner
1384 1625 141 30 kronor.

316 1674 76 31 Med
413 1675 115 30 denna
550 1675 192 39 beräkning
764 1685 41 20 av
826 1674 441 31 bensinskatteintäkterna
1290 1675 111 30 skulle
1422 1675 42 30 de
1488 1674 108 32 totala
1616 1673 156 31 inkoms-

273 1723 99 30 terna
396 1724 53 30 för
472 1725 103 29 nästa
597 1724 169 39 budgetår
790 1723 141 31 komma
955 1726 51 28 att
1029 1724 115 40 uppgå
1166 1724 53 29 till
1242 1723 20 29 4
1276 1723 64 30 998
1361 1724 166 39 miljoner
1550 1724 139 34 kronor,
1713 1724 62 30 vil-

270 1775 59 30 ket
354 1775 145 30 innebär
524 1785 43 20 en
592 1776 204 40 minskning
822 1777 78 29 med
928 1775 60 31 140
1014 1776 163 40 miljoner
1202 1777 11 29 i
1239 1775 219 31 förhållande
1482 1777 54 29 till
1565 1776 206 30 statsverks-

272 1823 273 39 propositionen.
579 1825 14 29 I
625 1825 151 39 enlighet
806 1826 81 29 med
918 1825 148 39 tidigare
1099 1825 148 30 anförda
1279 1825 235 39 beräkningar
1537 1826 111 29 skulle
1670 1825 106 40 utgif-

270 1877 100 28 terna
393 1877 144 29 komma
562 1878 51 28 att
636 1877 115 39 uppgå
777 1875 53 31 till
854 1876 94 30 4777
975 1876 164 40 miljoner
1163 1878 141 29 kronor.
1331 1876 220 31 Överskottet
1578 1877 111 30 skulle
1718 1877 53 30 så-

272 1924 108 31 lunda
401 1926 47 29 bli
472 1925 61 30 221
560 1926 163 39 miljoner
746 1926 131 29 kronor
898 1928 73 27 mot
994 1925 64 30 472
1081 1926 164 39 miljoner
1268 1926 129 30 kronor
1420 1926 11 29 i
1455 1927 320 39 statsverkspropo-

273 1975 159 30 sitionen.
456 1975 51 30 Av
529 1976 249 39 minskningen
801 1976 45 40 på
869 1976 59 30 251
954 1976 165 40 miljoner
1141 1977 131 29 kronor
1295 1977 294 40 sammanhänger
1614 1977 61 30 130
1698 1977 78 30 mil-

269 2026 102 39 joner
391 2028 77 30 med
490 2028 183 30 minskade
695 2028 407 36 bensinskatteintäkter,
1124 2029 40 30 99
1186 2029 165 39 miljoner
1372 2030 131 29 kronor
1525 2030 79 29 med
1625 2029 146 39 utgifter

270 2077 56 30 för
349 2076 377 41 importsubventioner
749 2096 45 3 —
816 2078 93 31 vilka
933 2079 146 40 utgifter
1105 2079 205 30 förutsattes
1334 2078 10 29 i
1370 2079 401 40 statsverkspropositio-

271 2135 69 21 nen
362 2135 78 22 men
464 2128 88 29 utan
572 2127 195 40 angivande
788 2137 45 21 av
852 2128 162 40 beloppet
1034 2146 45 3 —
1101 2130 89 28 samt
1214 2128 42 30 22
1279 2128 163 39 miljoner
1465 2128 132 30 kronor
1619 2129 79 29 med
1721 2128 54 30 så-

270 2180 55 28 väl
345 2179 110 30 ökade
475 2180 146 38 utgifter
642 2189 73 21 som
736 2180 183 30 minskade
939 2181 194 29 inkomster
1153 2181 11 29 i
1184 2181 122 38 övrigt.

316 2229 13 29 I
353 2229 456 41 statsverkspropositionen
832 2230 244 40 genomfördes
1098 2239 41 21 en
1162 2231 215 39 uppdelning
1400 2241 41 20 av
1463 2231 308 39 budgetöverskot-

270 2280 59 34 tet,
354 2288 73 21 som
449 2280 191 30 hänfördes
663 2280 73 30 dels
761 2280 52 30 till
837 2281 66 29 den
925 2282 98 28 extra
1046 2281 274 35 bensinskatten,
1344 2281 72 31 dels
1440 2281 52 30 till
1516 2281 117 39 övriga
1659 2282 112 28 extra-

273 2328 163 31 ordinära
457 2329 134 30 skatter
613 2331 89 28 samt
721 2329 76 30 dels
819 2330 51 29 till
892 2331 47 28 ett
961 2330 174 30 ordinarie
1155 2330 319 39 budgetöverskott.
1495 2330 175 40 Beloppen
1691 2339 85 21 voro

270 2380 193 39 respektive
486 2381 75 35 227,
585 2380 61 31 240
669 2382 64 30 och
756 2382 18 29 5
798 2381 163 40 miljoner
983 2382 141 30 kronor.
1146 2382 53 29 En
1223 2382 245 31 motsvarande
1493 2382 215 40 uppdelning
1728 2391 42 20 av

270 2430 58 30 det
348 2440 47 21 nu
415 2431 199 30 beräknade
634 2432 223 34 överskottet,
877 2432 120 30 varvid
1022 2431 293 31 subventionerna
1335 2432 174 31 avräknas
1529 2433 45 40 på
1595 2432 176 30 överskot-
