1904 2802
495 178 405 39 Bevillningsutskotltets
922 178 219 31 betänkande
1162 188 42 20 nr
1224 180 51 29 51.
1602 179 37 30 19

178 263 167 39 Slutligen
367 263 63 30 har
452 263 10 29 i
484 263 179 30 motionen
684 264 45 29 II:
748 264 60 30 113
831 273 43 20 av
894 263 121 30 herrar
1038 264 148 29 Persson
1207 264 11 28 i
1239 264 195 29 Landafors
1457 264 65 29 och
1545 264 88 38 Hag-

133 313 81 39 berg
232 313 11 29 i
263 313 107 30 Luleå
387 314 122 39 yrkats
529 314 232 39 upphävande
779 323 44 21 av
843 314 41 30 de
904 313 57 31 vid
983 314 84 30 1948
1087 314 57 29 års
1165 314 143 39 riksdag
1327 316 152 37 antagna
1498 313 135 31 förord-

133 363 172 39 ningarna
328 373 56 20 om
408 364 311 39 skatteskärpning
741 364 44 40 på
810 364 122 30 bensin
957 365 64 29 och
1045 364 216 40 brännoljor.

180 448 12 28 I
219 447 111 30 likhet
357 448 77 29 med
460 448 388 39 departementschefen
875 457 102 21 anser
1004 448 171 31 utskottet
1201 449 57 29 det
1285 449 178 33 önskvärt,
1491 450 52 28 att
1569 449 67 29 den

136 498 107 30 sedan
263 498 39 30 år
325 497 83 31 1948
428 498 160 40 gällande
609 498 144 40 skärpta
773 498 271 40 beskattningen
1064 508 43 21 av
1126 498 123 30 bensin
1269 499 65 29 och
1354 498 206 40 brännoljor
1580 507 56 21 av-

135 548 138 31 vecklas
296 548 39 30 så
356 551 96 27 snart
474 549 222 39 möjligheter
717 549 119 30 därtill
858 549 177 40 föreligga.

180 599 74 30 Vad
276 599 142 30 särskilt
439 599 109 39 angår
570 599 133 39 frågan,
725 599 175 30 huruvida
921 609 43 21 en
985 599 176 40 sänkning
1182 609 43 20 av
1244 600 147 30 berörda
1412 599 224 31 drivmedels-

135 649 225 40 beskattning
376 649 62 30 bör
455 659 82 21 avse
555 649 322 40 tilläggsskatterna
895 649 11 29 i
925 650 101 30 deras
1046 650 116 29 helhet
1180 649 83 31 eller
1282 651 123 29 endast
1423 660 43 20 en
1485 650 56 30 del
1559 650 77 30 där-

134 708 52 26 av,
205 699 113 31 måste
337 701 114 29 denna
471 700 100 39 fråga
591 700 106 40 enligt
718 700 189 30 utskottets
927 699 143 41 mening
1087 700 165 30 bedömas
1273 700 126 30 främst
1419 701 112 29 under
1551 700 85 30 hän-

137 751 235 38 synstagande
403 750 52 29 till
486 750 239 30 kostnaderna
757 750 55 30 för
843 751 243 39 vägväsendet.
1120 750 67 30 För
1219 750 170 31 utskottet
1421 750 216 40 tillgängliga

137 800 177 40 uppgifter
339 800 123 34 utvisa,
488 803 51 28 att
564 810 57 20 om
645 801 40 29 de
711 801 203 29 nuvarande
939 801 238 30 kostnaderna
1202 800 55 31 för
1281 802 232 38 vägväsendet
1539 801 97 29 skola

136 851 71 30 helt
232 851 122 30 täckas
380 860 42 21 av
446 851 461 34 automobilskattemedlen,
933 851 63 30 bör
1021 851 395 40 bensinbeskattningen
1442 851 118 40 uppgå
1584 851 53 30 till

135 901 163 40 omkring
320 902 40 30 24
380 902 58 29 öre
459 902 56 30 för
536 902 88 29 liter.
648 902 176 31 Utskottet
844 901 58 30 vill
923 901 120 30 vidare
1064 901 115 30 erinra
1200 911 57 20 om
1278 903 51 29 att
1349 901 288 40 vägunderhållet

137 951 54 31 för
215 952 217 30 närvarande
456 953 39 29 är
519 952 10 29 i
554 952 68 39 hög
646 953 85 38 grad
755 952 159 30 eftersatt
939 953 65 29 och
1029 954 51 28 att
1103 952 145 30 behovet
1272 961 42 21 av
1339 961 68 30 nya
1431 952 207 39 väganlägg-

136 1002 125 39 ningar
280 1003 38 29 är
336 1002 138 40 mycket
492 1004 99 28 stort.
618 1003 6 28 I
641 1002 205 40 jämförelse
864 1003 79 29 med
962 1002 269 30 förhållandena
1249 1003 124 29 hösten
1395 1002 94 34 1945,
1508 1002 45 30 då
1571 1003 66 29 den

137 1052 176 31 ordinarie
335 1053 138 30 skatten
494 1053 20 29 å
536 1053 123 29 bensin
681 1053 216 30 fastställdes
918 1053 53 29 till
995 1053 40 30 18
1055 1054 59 28 öre
1137 1052 54 31 för
1213 1053 87 34 liter,
1323 1053 63 29 har
1407 1052 232 40 penningvär-

136 1103 58 30 det
214 1103 92 30 fallit
327 1103 63 30 och
411 1104 298 30 omkostnaderna
730 1103 54 30 för
804 1104 233 39 vägväsendet
1057 1103 105 39 stigit.
1184 1103 77 30 Med
1282 1103 138 39 hänsyn
1440 1103 119 30 härtill
1580 1112 59 21 an-

138 1162 55 21 ser
211 1154 182 34 utskottet,
412 1155 50 29 att
482 1154 44 30 då
546 1163 42 20 en
608 1154 175 39 sänkning
803 1163 43 20 av
863 1154 67 30 den
949 1154 109 29 totala
1077 1153 482 39 drivmedelsbeskattningen
1577 1153 62 30 bör

137 1204 224 39 genomföras
386 1204 222 39 sänkningen
631 1204 62 30 bör
718 1204 190 39 begränsas
932 1204 45 39 på
1002 1203 38 30 så
1066 1205 68 29 sätt
1160 1205 50 28 att
1235 1204 69 30 den
1328 1204 231 30 kvarstående
1585 1204 55 29 be-

138 1254 227 40 skattningen
383 1255 135 40 uppgår
537 1255 53 30 till
612 1256 39 29 25
671 1255 58 30 öre
751 1255 53 29 för
824 1254 124 30 bensin
967 1254 66 30 och
1054 1255 40 29 20
1115 1255 58 29 öre
1193 1254 55 30 för
1267 1254 215 39 brännoljor,
1504 1254 61 30 allt
1586 1253 53 31 för

137 1305 78 30 liter
236 1306 138 29 räknat.

181 1356 227 30 Beträffande
438 1356 156 30 härefter
625 1357 218 39 spörsmålet,
873 1357 176 31 huruvida
1079 1358 88 30 efter
1197 1368 43 20 en
1268 1359 296 39 skattesänkning
1594 1359 45 39 på

137 1405 230 31 förevarande
392 1406 142 30 område
560 1408 42 29 de
627 1407 175 30 ordinarie
829 1408 181 30 skatterna
1036 1408 21 29 å
1082 1408 123 30 bensin
1231 1409 65 29 och
1323 1409 205 39 brännoljor
1554 1409 84 30 böra

138 1456 101 39 höjas
265 1456 52 30 till
343 1457 123 39 belopp
493 1466 76 20 som
595 1466 82 30 nyss
703 1457 151 40 angivits
879 1458 83 29 eller
987 1458 176 30 huruvida
1188 1459 42 29 de
1256 1459 174 30 ordinarie
1458 1460 181 29 skatterna

138 1506 84 31 böra
240 1506 192 31 bibehållas
451 1507 234 31 oförändrade
705 1508 67 29 och
789 1508 42 30 de
850 1508 275 39 överskjutande
1144 1508 181 31 skatterna
1346 1509 219 30 fortfarande
1584 1519 56 20 ru-

141 1556 151 30 briceras
313 1556 116 30 såsom
449 1557 286 39 tilläggsskatter,
757 1559 39 29 är
817 1558 114 30 denna
953 1558 100 39 fråga
1074 1567 43 21 av
1137 1568 95 21 mera
1254 1559 141 30 teknisk
1417 1561 115 28 natur.
1555 1560 87 30 Oav-

136 1608 68 28 sett
224 1607 199 30 skatternas
442 1607 218 40 rubricering
681 1608 38 30 är
739 1607 188 40 riksdagen
948 1608 145 39 givetvis
1114 1608 230 31 oförhindrad
1365 1612 49 27 att
1436 1611 64 29 när
1521 1610 38 30 så
1580 1620 60 20 an-

139 1665 54 20 ses
225 1655 160 41 påkallat
413 1674 44 3 —
489 1657 209 39 exempelvis
731 1667 57 20 om
820 1657 244 30 inkomsterna
1097 1666 42 21 av
1169 1658 400 40 bensinbeskattningen
1600 1659 44 40 på

139 1708 114 38 grund
278 1717 43 20 av
345 1708 381 40 konsumtionsökning
750 1709 143 30 komma
918 1711 50 28 att
995 1709 116 40 uppgå
1137 1709 51 30 till
1214 1710 105 39 högre
1344 1710 124 40 belopp
1494 1712 46 28 än
1566 1720 75 20 som

137 1756 189 31 beräknats
347 1775 44 3 —
414 1759 154 38 upptaga
590 1758 53 29 till
665 1759 232 39 omprövning
918 1758 125 40 frågan
1066 1769 56 20 om
1145 1759 499 40 drivmedelsbeskattningens

140 1808 95 39 höjd.
255 1810 13 29 I
287 1809 90 39 följd
394 1810 108 29 härav
519 1811 66 28 och
603 1810 53 34 då,
675 1810 106 31 såvitt
798 1820 47 20 nu
864 1811 70 29 kan
952 1810 227 35 överblickas,
1198 1821 44 20 en
1258 1811 225 40 beskattning
1500 1821 43 20 av
1560 1812 81 29 ben-

140 1858 54 29 sin
215 1859 80 30 med
316 1860 40 29 25
378 1860 57 29 öre
456 1860 55 29 för
533 1860 78 29 liter
633 1860 53 30 får
707 1870 103 20 anses
831 1860 237 40 ofrånkomlig
1089 1862 110 29 under
1220 1862 41 29 de
1283 1862 177 29 närmaste
1480 1862 85 29 åren
1587 1862 54 29 för

138 1910 50 27 att
213 1908 103 31 täcka
340 1910 251 38 vägväsendets
617 1910 190 30 kostnader
833 1910 156 30 ansluter
1015 1911 170 30 utskottet
1210 1911 53 39 sig
1287 1911 53 29 till
1365 1912 57 29 det
1447 1911 11 29 i
1483 1912 157 39 proposi-

137 1958 118 31 tionen
276 1968 42 20 nr
340 1959 60 30 237
423 1959 186 30 förordade
630 1960 231 34 alternativet,
883 1962 51 28 att
953 1960 311 30 bestämmelserna
1286 1970 57 20 om
1365 1961 273 39 tilläggsskatter

139 2008 20 29 å
180 2008 125 30 bensin
328 2009 64 29 och
414 2009 206 39 brännoljor
643 2010 100 30 skola
765 2010 72 30 helt
860 2010 182 39 upphävas
1067 2011 64 29 och
1155 2013 49 27 att
1228 2011 179 40 samtidigt
1431 2012 145 30 därmed
1598 2013 43 29 de

140 2058 176 31 ordinarie
341 2059 181 31 skatterna
546 2060 20 29 å
589 2060 124 29 bensin
739 2060 65 30 och
828 2060 206 39 brännoljor
1058 2060 101 39 höjas
1186 2061 79 29 från
1293 2061 39 29 18
1356 2062 58 29 öre
1439 2061 52 31 till
1517 2063 40 29 25
1583 2063 58 29 öre

136 2107 195 39 respektive
351 2108 38 29 14
406 2109 58 30 öre
482 2109 53 29 till
554 2110 41 29 20
613 2110 67 34 öre,
700 2109 61 30 allt
779 2109 55 30 för
853 2110 77 29 liter
948 2110 137 29 räknat.

181 2159 227 30 Beträffande
430 2159 124 40 frågan
576 2169 57 20 om
654 2160 212 40 tidpunkten
889 2161 54 29 för
964 2161 221 39 sänkningen
1208 2171 41 20 av
1270 2162 68 29 den
1360 2163 202 29 nuvarande
1584 2162 55 30 be-

138 2208 225 39 skattningen
384 2210 19 29 å
422 2210 124 29 bensin
565 2211 64 28 och
650 2210 205 39 brännoljor
876 2211 63 29 har
959 2211 11 28 i
989 2211 262 39 propositionen
1273 2221 41 20 nr
1335 2212 61 29 237
1417 2230 44 3 —
1481 2212 128 29 liksom
1629 2213 10 28 i

138 2258 178 30 motionen
338 2259 45 30 II:
399 2260 62 29 569
480 2277 44 3 —
544 2259 186 36 förordats,
752 2262 50 28 att
825 2260 220 39 sänkningen
1067 2261 111 29 skulle
1199 2262 101 29 träda
1320 2261 10 29 i
1351 2262 94 29 kraft
1467 2263 67 28 den
1558 2263 13 29 1
1594 2262 51 38 ja-

139 2308 101 29 nuari
268 2309 94 33 1951,
387 2310 125 29 medan
537 2310 158 30 däremot
719 2310 10 28 i
754 2310 119 38 övriga
896 2310 173 30 motioner
1099 2310 166 33 (frånsett
1290 2311 178 29 motionen
1495 2312 44 29 II:
1559 2312 76 33 113)

139 2358 121 38 yrkats
281 2360 50 28 att
352 2359 113 29 denna
486 2359 176 39 sänkning
683 2360 107 29 måtte
812 2360 222 38 genomföras
1055 2360 107 29 redan
1183 2360 79 29 från
1283 2361 64 29 och
1369 2362 78 28 med
1468 2361 172 39 ingången

139 2417 43 20 av
202 2408 204 39 budgetåret
430 2409 160 35 1950/51.

185 2458 116 39 Enligt
320 2459 187 29 utskottets
527 2459 141 39 mening
687 2459 111 30 måste
818 2469 46 19 nu
885 2459 228 30 förevarande
1132 2460 172 39 spörsmål
1324 2461 164 30 bedömas
1508 2462 134 29 huvud-

140 2508 158 39 sakligen
324 2508 78 30 från
429 2509 56 29 två
512 2509 312 39 utgångspunkter,
851 2510 175 38 nämligen
1053 2510 72 29 dels
1154 2511 75 29 med
1257 2511 307 38 hänsynstagande
1591 2512 49 29 till
