1890 2780
269 139 21 30 4
706 136 290 31 Statsutskottets
1018 136 180 30 utlåtande
1219 146 44 21 nr
1284 136 73 30 153.

272 222 125 39 bringa
414 222 133 30 antalet
565 230 235 22 amanuenser
816 221 56 30 till
888 221 67 30 vad
973 230 76 21 som
1066 221 72 30 kan
1157 230 103 23 anses
1278 219 224 40 erforderligt
1519 219 56 31 för
1592 228 43 21 en
1652 220 140 30 normal

271 264 232 39 rekrytering.
525 263 132 30 Härvid
680 263 63 30 bör
764 263 188 39 iakttagas,
974 265 51 28 att
1045 263 148 30 behovet
1214 271 44 22 av
1279 263 232 39 permanenta
1532 261 260 40 arbetsuppgif-

272 308 54 28 ter
350 307 12 29 i
386 306 112 30 första
522 306 95 29 hand
643 305 204 39 tillgodoses
873 313 125 31 genom
1021 304 203 30 inrättande
1248 313 45 21 av
1320 303 178 31 ordinarie
1522 303 163 39 tjänster,
1711 303 80 30 med

271 347 199 31 beaktande
490 347 116 30 tillika
625 357 43 21 av
688 347 240 40 föreliggande
951 346 225 40 möjligheter
1196 348 52 28 att
1268 346 57 30 för
1346 345 292 30 förekommande
1660 345 132 30 arbets-

272 390 181 40 uppgifter
470 392 81 37 taga
568 390 12 29 i
598 389 157 41 anspråk
772 389 166 40 personal
954 389 81 30 med
1053 389 95 39 lägre
1165 388 141 30 formell
1325 388 209 39 kompetens
1553 389 46 29 än
1617 396 77 22 som
1712 387 80 30 krä-

272 442 60 20 ves
352 433 56 29 för
431 440 245 22 amanuenser.

318 474 31 31 3.
375 474 219 30 Kommittén
618 474 75 35 har,
720 473 151 30 bortsett
896 472 81 31 från
1003 472 43 30 de
1072 471 286 31 affärsdrivande
1386 471 141 34 verken,
1554 470 78 31 icke
1657 470 12 30 i
1695 471 97 30 detta

272 517 260 38 sammanhang
553 516 113 38 ingått
689 515 46 40 på
757 514 235 41 omprövning
1015 524 43 20 av
1083 514 68 30 den
1173 513 206 30 nuvarande
1403 513 388 39 anställningsformen.

271 558 42 40 Ej
337 559 110 30 heller
466 558 66 30 har
552 557 213 30 kommittén
784 557 66 30 här
870 556 13 30 i
904 556 195 31 allmänhet
1118 555 162 40 upptagit
1301 554 491 40 tjänstebenämningsfrågor

272 601 55 30 till
344 600 225 40 behandling.

314 666 399 41 Departementschefen
733 666 106 30 anför
855 665 56 30 för
928 672 85 32 egen
1031 664 56 30 del
1104 663 170 40 följande.

318 717 108 30 »1949
449 717 56 30 års
528 714 567 42 tjänsteförteckningskommitté
1118 714 66 30 har
1206 714 80 29 med
1309 714 68 29 den
1400 722 48 21 nu
1472 713 199 39 framlagda
1695 713 94 30 över-

271 767 286 30 enskommelsen
579 766 177 31 redovisat
777 766 185 30 resultatet
982 774 43 21 av
1045 764 68 30 den
1135 764 113 30 första
1269 765 152 39 etappen
1442 773 43 21 av
1506 763 62 30 sitt
1589 763 129 30 arbete.
1740 763 51 30 Av

272 818 59 30 det
358 818 110 30 totala
495 817 133 31 antalet
654 815 374 41 lönegradsplacerade
1055 814 161 40 tjänster,
1245 814 64 30 220
1325 814 74 36 000,
1427 814 65 30 har
1520 814 12 29 i
1559 813 232 31 förevarande

272 868 260 39 sammanhang
549 867 103 40 drygt
674 866 61 30 135
751 866 65 31 000
837 865 150 30 kommit
1006 865 113 31 under
1137 864 225 40 bedömning.

315 918 68 30 Det
405 917 239 40 föreliggande
667 916 171 40 förslaget
859 915 169 30 omfattar
1050 915 46 30 bl.
1119 924 30 21 a.
1172 914 152 40 tjänster
1345 914 98 30 inom
1466 914 95 30 olika
1585 914 206 39 lönegrader

271 969 68 29 och
365 968 256 39 karriärstegar
648 967 58 30 vid
734 967 43 29 de
806 965 286 31 affärsdrivande
1119 965 131 30 verken
1278 967 93 28 samt
1399 965 97 29 inom
1523 964 269 40 byråorganisa-

271 1019 122 30 tionen
418 1018 58 31 vid
501 1019 50 29 ett
577 1017 97 31 antal
698 1017 87 30 verk
811 1017 97 29 inom
934 1016 68 30 den
1028 1016 181 29 allmänna
1235 1015 356 39 civilförvaltningen.
1623 1014 168 30 Personal

270 1068 99 31 inom
386 1068 199 39 bevakning
603 1068 65 30 och
688 1066 276 31 verkstadsdrift
982 1066 59 30 vid
1060 1065 218 40 fångvården
1297 1068 93 28 samt
1409 1065 207 30 tullverkets
1636 1065 66 29 och
1720 1065 72 39 fyr-

271 1119 187 30 väsendets
483 1118 165 41 personal
670 1117 12 30 i
705 1117 96 30 olika
824 1117 124 39 grader
971 1116 65 30 har
1060 1116 107 30 också
1190 1115 222 30 behandlats.
1437 1116 13 29 I
1474 1115 101 39 fråga
1597 1124 58 21 om
1683 1115 109 30 lärar-

271 1169 166 40 personal
465 1178 99 21 avser
593 1168 169 39 förslaget
790 1168 159 29 rektorer
978 1168 93 28 samt
1099 1167 137 29 ämnes-
1264 1166 67 30 och
1359 1165 346 40 övningsskollärare
1732 1165 59 30 vid

271 1219 92 30 folk-
386 1219 65 30 och
476 1217 389 32 småskoleseminarier
888 1219 167 29 ävensom
1080 1216 370 31 småskollärarinnor.
1475 1215 60 30 Ett
1560 1215 96 30 antal
1683 1215 110 40 speci-

270 1269 68 30 ella
357 1269 152 40 tjänster
529 1269 84 30 eller
632 1276 153 32 grupper
805 1277 43 21 av
867 1267 151 40 tjänster
1037 1267 99 30 inom
1155 1266 95 31 olika
1270 1266 171 30 områden
1460 1266 141 30 beröres
1621 1265 108 30 också
1749 1274 44 21 av

271 1319 180 40 förslaget.
477 1319 171 40 Slutligen
673 1318 151 30 föreslås
848 1328 43 20 en
915 1317 225 40 omläggning
1164 1326 42 21 av
1230 1317 59 31 det
1313 1316 156 30 militära
1494 1316 298 39 lönegradssyste-

271 1371 83 29 met.

317 1419 263 40 Huvuddragen
601 1429 42 21 av
663 1419 171 39 förslaget
854 1420 39 28 är
913 1418 170 39 följande.

316 1470 187 30 Ordinarie
524 1469 209 40 bottengrad
755 1469 56 30 för
833 1469 42 30 de
897 1470 95 29 stora
1015 1468 444 39 rekryteringsgrupperna
1481 1467 98 29 inom
1602 1466 190 31 affärsver-

271 1521 70 30 ken
368 1520 228 40 (exempelvis
619 1519 283 34 stationskarlar,
923 1518 227 36 brevbärare)
1177 1518 149 30 föreslås
1351 1527 84 20 vara
1459 1517 39 32 10
1520 1517 12 29 i
1555 1517 116 31 stället
1693 1517 56 30 för
1771 1516 20 30 9

271 1571 229 39 lönegraden;
530 1570 111 31 härav
671 1570 202 30 föranledes
900 1568 230 40 jämkningar
1157 1568 11 30 i
1197 1568 96 30 olika
1322 1568 227 30 hänseenden
1577 1567 88 30 både
1693 1567 98 30 inom

270 1621 105 30 dessa
397 1621 86 30 verk
506 1621 66 30 och
594 1620 98 30 inom
716 1620 114 30 andra
855 1618 417 40 förvaltningsområden.
1299 1618 312 39 Karriärstegarna
1635 1617 157 40 uppbyg-

270 1680 58 32 ges
353 1672 12 30 i
389 1672 194 30 allmänhet
606 1671 46 41 på
674 1670 412 40 varannangradsserier,
1110 1671 82 30 med
1215 1670 97 31 udda
1335 1669 85 31 eller
1442 1669 124 41 jämna
1590 1669 202 40 lönegrads-

271 1731 165 20 nummer
456 1721 154 30 alltefter
629 1720 360 40 omständigheterna.
1013 1719 155 30 Sålunda
1188 1719 92 30 skall
1300 1719 109 39 enligt
1430 1719 168 38 förslaget
1620 1718 171 40 exempel-

270 1772 53 30 vis
345 1772 56 30 för
421 1771 133 40 manlig
574 1771 165 40 personal
763 1771 12 29 i
795 1770 200 39 bevakning
1016 1769 66 30 och
1105 1769 275 31 verkstadsdrift
1402 1769 59 30 vid
1483 1768 219 40 fångvården
1723 1768 68 30 till-

271 1822 137 40 lämpas
426 1822 254 39 lönegraderna
699 1821 50 34 12,
773 1820 50 34 14,
844 1821 40 29 16
901 1821 65 29 och
987 1819 49 35 18,
1055 1820 129 29 medan
1201 1819 165 40 personal
1383 1819 58 30 vid
1459 1819 189 31 tullverket
1665 1819 12 29 i
1696 1819 94 39 lägre

272 1873 125 39 grader
419 1872 65 30 och
505 1871 259 40 mellangrader
785 1870 92 31 skall
898 1871 158 40 placeras
1077 1870 12 29 i
1113 1870 50 34 10,
1188 1870 50 36 11,
1263 1869 50 35 13,
1340 1869 50 35 15,
1417 1869 38 30 17
1479 1869 66 30 och
1567 1869 40 30 19
1633 1869 158 39 lönegra-

271 1923 121 30 derna.

316 1972 305 40 Begynnelsegrad
643 1971 98 30 inom
760 1972 70 30 den
848 1980 27 21 s.
897 1971 34 30 k.
952 1970 330 31 studentkarriären
1302 1970 99 30 inom
1420 1969 246 31 affärsverken
1685 1979 47 21 m.
1752 1969 38 30 fl.

271 2023 151 30 föreslås
447 2022 130 30 liksom
600 2022 25 30 f.
649 2031 35 21 n.
709 2021 102 31 skola
834 2030 85 22 vara
945 2021 40 30 19
1011 2020 229 40 lönegraden;
1266 2020 59 30 vid
1350 2019 227 41 tillämpning
1601 2020 110 30 härav
1735 2020 57 30 för

271 2073 208 30 tullverkets
504 2072 276 31 vidkommande
805 2071 171 41 uppdelas
1001 2070 439 39 kammarskrivargraden
1470 2070 59 34 (20
1557 2069 230 41 lönegraden)

272 2124 46 40 på
341 2123 41 30 19
402 2123 66 30 och
488 2123 40 30 21
551 2122 266 40 lönegraderna.

317 2174 69 30 För
412 2172 364 41 amanuenspersonal
799 2172 98 30 inom
922 2171 131 31 verken
1078 2171 91 30 skall
1194 2171 109 39 enligt
1328 2170 369 31 överenskommelsen
1722 2171 70 30 till-

272 2224 138 40 lämpas
434 2233 43 21 en
498 2223 159 40 reglerad
678 2222 318 40 befordringsgång
1018 2221 109 40 enligt
1150 2221 254 40 lönegraderna
1429 2221 50 35 19,
1503 2221 52 34 21,
1581 2221 40 30 23
1645 2221 66 30 och
1738 2221 52 34 25,

271 2274 55 30 till
347 2274 92 40 följd
459 2283 108 21 varav
590 2273 69 30 den
681 2273 207 30 nuvarande
911 2271 177 31 ordinarie
1110 2271 273 40 normalgraden
1405 2272 97 30 inom
1524 2271 268 40 byråorganisa-

271 2325 132 34 tionen,
429 2324 68 30 den
521 2323 90 37 24:e,
637 2323 93 31 skall
754 2323 199 40 uppflyttas
979 2324 49 28 ett
1054 2323 84 39 steg.
1164 2323 100 29 Inom
1289 2321 376 40 byråorganisationen
1690 2331 101 22 avses

271 2375 12 29 i
315 2375 113 39 övrigt
461 2374 113 31 under
602 2373 324 40 byråchefsgraden
956 2372 100 30 skola
1086 2372 179 40 tillämpas
1296 2372 255 39 lönegraderna
1581 2371 52 35 27,
1665 2372 52 35 29,
1749 2371 39 31 31

272 2425 67 30 och
361 2424 52 31 33.
437 2424 42 31 34
500 2423 213 40 lönegraden
735 2423 92 31 skall
848 2422 177 40 utnyttjas
1048 2422 56 30 för
1124 2423 49 29 ett
1193 2421 139 31 mindre
1355 2421 98 31 antal
1475 2421 153 40 tjänster
1650 2431 44 23 av
1716 2430 76 32 spe-
