<?xml version="1.0" encoding="UTF-8"?>
<alto xmlns="http://www.loc.gov/standards/alto/ns-v3#" xmlns:xlink="http://www.w3.org/1999/xlink" xmlns:xsi="http://www.w3.org/2001/XMLSchema-instance" xsi:schemaLocation="http://www.loc.gov/standards/alto/ns-v3# http://www.loc.gov/alto/v3/alto-3-0.xsd">
	<Description>
		<MeasurementUnit>pixel</MeasurementUnit>
		<sourceImageInformation>
			<fileName>/tmp/tess_ikdy8j7n_input.PNG</fileName>
		</sourceImageInformation>
		<OCRProcessing ID="OCR_0">
			<ocrProcessingStep>
				<processingSoftware>
					<softwareName>tesseract 5.3.0</softwareName>
				</processingSoftware>
			</ocrProcessingStep>
		</OCRProcessing>
	</Description>
	<Layout>
		<Page WIDTH="1926" HEIGHT="2850" PHYSICAL_IMG_NR="0" ID="page_0">
			<PrintSpace HPOS="0" VPOS="0" WIDTH="1926" HEIGHT="2850">
				<ComposedBlock ID="cblock_0" HPOS="327" VPOS="168" WIDTH="1310" HEIGHT="39">
					<TextBlock ID="block_0" HPOS="327" VPOS="168" WIDTH="1310" HEIGHT="39">
						<TextLine ID="line_0" HPOS="327" VPOS="168" WIDTH="1310" HEIGHT="39">
							<String ID="string_0" HPOS="327" VPOS="171" WIDTH="108" HEIGHT="26" WC="0.96" CONTENT="Första"/><SP WIDTH="23" VPOS="171" HPOS="435"/>
							<String ID="string_1" HPOS="458" VPOS="171" WIDTH="197" HEIGHT="27" WC="0.96" CONTENT="kammarens"/><SP WIDTH="28" VPOS="171" HPOS="655"/>
							<String ID="string_2" HPOS="683" VPOS="168" WIDTH="125" HEIGHT="31" WC="0.96" CONTENT="första"/><SP WIDTH="24" VPOS="168" HPOS="808"/>
							<String ID="string_3" HPOS="832" VPOS="173" WIDTH="151" HEIGHT="34" WC="0.72" CONTENT="tillfälliga"/><SP WIDTH="24" VPOS="173" HPOS="983"/>
							<String ID="string_4" HPOS="1007" VPOS="174" WIDTH="132" HEIGHT="27" WC="0.96" CONTENT="utskotts"/><SP WIDTH="23" VPOS="174" HPOS="1139"/>
							<String ID="string_5" HPOS="1162" VPOS="175" WIDTH="155" HEIGHT="27" WC="0.96" CONTENT="utlåtande"/><SP WIDTH="24" VPOS="175" HPOS="1317"/>
							<String ID="string_6" HPOS="1341" VPOS="176" WIDTH="43" HEIGHT="26" WC="0.96" CONTENT="Nr"/><SP WIDTH="25" VPOS="176" HPOS="1384"/>
							<String ID="string_7" HPOS="1409" VPOS="177" WIDTH="41" HEIGHT="26" WC="0.96" CONTENT="11."/><SP WIDTH="150" VPOS="177" HPOS="1450"/>
							<String ID="string_8" HPOS="1600" VPOS="174" WIDTH="37" HEIGHT="30" WC="0.95" CONTENT="13"/>
						</TextLine>
					</TextBlock>
				</ComposedBlock>
				<ComposedBlock ID="cblock_1" HPOS="142" VPOS="250" WIDTH="1495" HEIGHT="176">
					<TextBlock ID="block_1" HPOS="142" VPOS="250" WIDTH="1495" HEIGHT="176">
						<TextLine ID="line_1" HPOS="145" VPOS="250" WIDTH="1492" HEIGHT="40">
							<String ID="string_9" HPOS="145" VPOS="258" WIDTH="99" HEIGHT="29" WC="0.96" CONTENT="synes"/><SP WIDTH="25" VPOS="258" HPOS="244"/>
							<String ID="string_10" HPOS="269" VPOS="250" WIDTH="56" HEIGHT="30" WC="0.96" CONTENT="det"/><SP WIDTH="25" VPOS="250" HPOS="325"/>
							<String ID="string_11" HPOS="350" VPOS="250" WIDTH="70" HEIGHT="39" WC="0.96" CONTENT="mig"/><SP WIDTH="25" VPOS="250" HPOS="420"/>
							<String ID="string_12" HPOS="445" VPOS="261" WIDTH="82" HEIGHT="20" WC="0.96" CONTENT="vara"/><SP WIDTH="26" VPOS="261" HPOS="527"/>
							<String ID="string_13" HPOS="553" VPOS="261" WIDTH="42" HEIGHT="20" WC="0.96" CONTENT="en"/><SP WIDTH="27" VPOS="261" HPOS="595"/>
							<String ID="string_14" HPOS="622" VPOS="252" WIDTH="79" HEIGHT="30" WC="0.96" CONTENT="klen"/><SP WIDTH="27" VPOS="252" HPOS="701"/>
							<String ID="string_15" HPOS="728" VPOS="254" WIDTH="85" HEIGHT="29" WC="0.96" CONTENT="tröst"/><SP WIDTH="25" VPOS="254" HPOS="813"/>
							<String ID="string_16" HPOS="838" VPOS="253" WIDTH="55" HEIGHT="30" WC="0.96" CONTENT="för"/><SP WIDTH="24" VPOS="253" HPOS="893"/>
							<String ID="string_17" HPOS="917" VPOS="263" WIDTH="41" HEIGHT="20" WC="0.93" CONTENT="en"/><SP WIDTH="26" VPOS="263" HPOS="958"/>
							<String ID="string_18" HPOS="984" VPOS="254" WIDTH="212" HEIGHT="32" WC="0.91" CONTENT="tillbakasatt"/><SP WIDTH="26" VPOS="254" HPOS="1196"/>
							<String ID="string_19" HPOS="1222" VPOS="256" WIDTH="164" HEIGHT="34" WC="0.96" CONTENT="sökande,"/><SP WIDTH="28" VPOS="256" HPOS="1386"/>
							<String ID="string_20" HPOS="1414" VPOS="259" WIDTH="47" HEIGHT="27" WC="0.96" CONTENT="att"/><SP WIDTH="25" VPOS="259" HPOS="1461"/>
							<String ID="string_21" HPOS="1486" VPOS="256" WIDTH="71" HEIGHT="30" WC="0.96" CONTENT="han"/><SP WIDTH="26" VPOS="256" HPOS="1557"/>
							<String ID="string_22" HPOS="1583" VPOS="256" WIDTH="54" HEIGHT="30" WC="0.96" CONTENT="får"/>
						</TextLine>
						<TextLine ID="line_2" HPOS="144" VPOS="294" WIDTH="1492" HEIGHT="42">
							<String ID="string_23" HPOS="144" VPOS="294" WIDTH="54" HEIGHT="29" WC="0.96" CONTENT="lov"/><SP WIDTH="23" VPOS="294" HPOS="198"/>
							<String ID="string_24" HPOS="221" VPOS="297" WIDTH="48" HEIGHT="27" WC="0.91" CONTENT="alt"/><SP WIDTH="22" VPOS="297" HPOS="269"/>
							<String ID="string_25" HPOS="291" VPOS="294" WIDTH="137" HEIGHT="31" WC="0.96" CONTENT="bemöta"/><SP WIDTH="23" VPOS="294" HPOS="428"/>
							<String ID="string_26" HPOS="451" VPOS="296" WIDTH="42" HEIGHT="29" WC="0.96" CONTENT="de"/><SP WIDTH="22" VPOS="296" HPOS="493"/>
							<String ID="string_27" HPOS="515" VPOS="296" WIDTH="220" HEIGHT="39" WC="0.96" CONTENT="sakkunniga"/><SP WIDTH="23" VPOS="296" HPOS="735"/>
							<String ID="string_28" HPOS="758" VPOS="297" WIDTH="106" HEIGHT="30" WC="0.96" CONTENT="sedan"/><SP WIDTH="22" VPOS="297" HPOS="864"/>
							<String ID="string_29" HPOS="886" VPOS="299" WIDTH="140" HEIGHT="29" WC="0.93" CONTENT="ärendet"/><SP WIDTH="24" VPOS="299" HPOS="1026"/>
							<String ID="string_30" HPOS="1050" VPOS="298" WIDTH="193" HEIGHT="31" WC="0.92" CONTENT="fortskridit"/><SP WIDTH="23" VPOS="298" HPOS="1243"/>
							<String ID="string_31" HPOS="1266" VPOS="299" WIDTH="50" HEIGHT="30" WC="0.96" CONTENT="till"/><SP WIDTH="24" VPOS="299" HPOS="1316"/>
							<String ID="string_32" HPOS="1340" VPOS="299" WIDTH="179" HEIGHT="37" WC="0.95" CONTENT="instanser,"/><SP WIDTH="25" VPOS="299" HPOS="1519"/>
							<String ID="string_33" HPOS="1544" VPOS="300" WIDTH="92" HEIGHT="31" WC="0.96" CONTENT="vilka"/>
						</TextLine>
						<TextLine ID="line_3" HPOS="142" VPOS="338" WIDTH="1494" HEIGHT="45">
							<String ID="string_34" HPOS="142" VPOS="339" WIDTH="60" HEIGHT="29" WC="0.96" CONTENT="äro"/><SP WIDTH="23" VPOS="339" HPOS="202"/>
							<String ID="string_35" HPOS="225" VPOS="338" WIDTH="173" HEIGHT="39" WC="0.96" CONTENT="praktiskt"/><SP WIDTH="21" VPOS="338" HPOS="398"/>
							<String ID="string_36" HPOS="419" VPOS="343" WIDTH="90" HEIGHT="35" WC="0.96" CONTENT="taget"/><SP WIDTH="22" VPOS="343" HPOS="509"/>
							<String ID="string_37" HPOS="531" VPOS="350" WIDTH="41" HEIGHT="20" WC="0.96" CONTENT="ur"/><SP WIDTH="23" VPOS="350" HPOS="572"/>
							<String ID="string_38" HPOS="595" VPOS="340" WIDTH="101" HEIGHT="31" WC="0.96" CONTENT="stånd"/><SP WIDTH="21" VPOS="340" HPOS="696"/>
							<String ID="string_39" HPOS="717" VPOS="344" WIDTH="48" HEIGHT="27" WC="0.96" CONTENT="att"/><SP WIDTH="22" VPOS="344" HPOS="765"/>
							<String ID="string_40" HPOS="787" VPOS="341" WIDTH="11" HEIGHT="30" WC="0.96" CONTENT="i"/><SP WIDTH="22" VPOS="341" HPOS="798"/>
							<String ID="string_41" HPOS="820" VPOS="343" WIDTH="62" HEIGHT="29" WC="0.93" CONTENT="sak"/><SP WIDTH="24" VPOS="343" HPOS="882"/>
							<String ID="string_42" HPOS="906" VPOS="345" WIDTH="78" HEIGHT="36" WC="0.96" CONTENT="taga"/><SP WIDTH="23" VPOS="345" HPOS="984"/>
							<String ID="string_43" HPOS="1007" VPOS="343" WIDTH="163" HEIGHT="39" WC="0.96" CONTENT="ställning"/><SP WIDTH="23" VPOS="343" HPOS="1170"/>
							<String ID="string_44" HPOS="1193" VPOS="344" WIDTH="49" HEIGHT="29" WC="0.93" CONTENT="till"/><SP WIDTH="23" VPOS="344" HPOS="1242"/>
							<String ID="string_45" HPOS="1265" VPOS="344" WIDTH="228" HEIGHT="39" WC="0.91" CONTENT="klagomålen,"/><SP WIDTH="25" VPOS="344" HPOS="1493"/>
							<String ID="string_46" HPOS="1518" VPOS="345" WIDTH="118" HEIGHT="31" WC="0.96" CONTENT="såvida"/>
						</TextLine>
						<TextLine ID="line_4" HPOS="142" VPOS="382" WIDTH="989" HEIGHT="44">
							<String ID="string_47" HPOS="142" VPOS="383" WIDTH="42" HEIGHT="29" WC="0.95" CONTENT="de"/><SP WIDTH="22" VPOS="383" HPOS="184"/>
							<String ID="string_48" HPOS="206" VPOS="382" WIDTH="75" HEIGHT="30" WC="0.96" CONTENT="icke"/><SP WIDTH="22" VPOS="382" HPOS="281"/>
							<String ID="string_49" HPOS="303" VPOS="383" WIDTH="116" HEIGHT="39" WC="0.96" CONTENT="påtala"/><SP WIDTH="25" VPOS="383" HPOS="419"/>
							<String ID="string_50" HPOS="444" VPOS="384" WIDTH="44" HEIGHT="30" WC="0.96" CONTENT="fel"/><SP WIDTH="24" VPOS="384" HPOS="488"/>
							<String ID="string_51" HPOS="512" VPOS="384" WIDTH="10" HEIGHT="30" WC="0.96" CONTENT="i"/><SP WIDTH="24" VPOS="384" HPOS="522"/>
							<String ID="string_52" HPOS="546" VPOS="386" WIDTH="158" HEIGHT="30" WC="0.96" CONTENT="ärendets"/><SP WIDTH="25" VPOS="386" HPOS="704"/>
							<String ID="string_53" HPOS="729" VPOS="386" WIDTH="157" HEIGHT="31" WC="0.96" CONTENT="formella"/><SP WIDTH="24" VPOS="386" HPOS="886"/>
							<String ID="string_54" HPOS="910" VPOS="388" WIDTH="221" HEIGHT="38" WC="0.96" CONTENT="behandling."/>
						</TextLine>
					</TextBlock>
				</ComposedBlock>
				<ComposedBlock ID="cblock_2" HPOS="186" VPOS="499" WIDTH="959" HEIGHT="41">
					<TextBlock ID="block_2" HPOS="186" VPOS="499" WIDTH="959" HEIGHT="41">
						<TextLine ID="line_5" HPOS="186" VPOS="499" WIDTH="959" HEIGHT="41">
							<String ID="string_55" HPOS="186" VPOS="499" WIDTH="204" HEIGHT="37" WC="0.96" CONTENT="Professorn"/><SP WIDTH="25" VPOS="499" HPOS="390"/>
							<String ID="string_56" HPOS="415" VPOS="499" WIDTH="159" HEIGHT="32" WC="0.96" CONTENT="Carlsson"/><SP WIDTH="26" VPOS="499" HPOS="574"/>
							<String ID="string_57" HPOS="600" VPOS="502" WIDTH="134" HEIGHT="38" WC="0.96" CONTENT="yttrade"/><SP WIDTH="24" VPOS="502" HPOS="734"/>
							<String ID="string_58" HPOS="758" VPOS="502" WIDTH="57" HEIGHT="30" WC="0.96" CONTENT="vid"/><SP WIDTH="25" VPOS="502" HPOS="815"/>
							<String ID="string_59" HPOS="840" VPOS="512" WIDTH="132" HEIGHT="21" WC="0.95" CONTENT="samma"/><SP WIDTH="26" VPOS="512" HPOS="972"/>
							<String ID="string_60" HPOS="998" VPOS="503" WIDTH="147" HEIGHT="31" WC="0.95" CONTENT="tillfälle:"/>
						</TextLine>
					</TextBlock>
				</ComposedBlock>
				<ComposedBlock ID="cblock_3" HPOS="131" VPOS="570" WIDTH="1502" HEIGHT="1155">
					<TextBlock ID="block_3" HPOS="131" VPOS="570" WIDTH="1502" HEIGHT="1155">
						<TextLine ID="line_6" HPOS="185" VPOS="570" WIDTH="1448" HEIGHT="46">
							<String ID="string_61" HPOS="185" VPOS="570" WIDTH="178" HEIGHT="31" WC="0.93" CONTENT="Professor"/><SP WIDTH="28" VPOS="570" HPOS="363"/>
							<String ID="string_62" HPOS="391" VPOS="570" WIDTH="35" HEIGHT="31" WC="0.91" CONTENT="C."/><SP WIDTH="30" VPOS="570" HPOS="426"/>
							<String ID="string_63" HPOS="456" VPOS="571" WIDTH="35" HEIGHT="30" WC="0.92" CONTENT="G."/><SP WIDTH="29" VPOS="571" HPOS="491"/>
							<String ID="string_64" HPOS="520" VPOS="572" WIDTH="190" HEIGHT="39" WC="0.96" CONTENT="Bergmans"/><SP WIDTH="28" VPOS="572" HPOS="710"/>
							<String ID="string_65" HPOS="738" VPOS="574" WIDTH="115" HEIGHT="30" WC="0.96" CONTENT="utkast"/><SP WIDTH="30" VPOS="574" HPOS="853"/>
							<String ID="string_66" HPOS="883" VPOS="574" WIDTH="48" HEIGHT="30" WC="0.95" CONTENT="till"/><SP WIDTH="28" VPOS="574" HPOS="931"/>
							<String ID="string_67" HPOS="959" VPOS="575" WIDTH="258" HEIGHT="31" WC="0.96" CONTENT="bestämmelser"/><SP WIDTH="28" VPOS="575" HPOS="1217"/>
							<String ID="string_68" HPOS="1245" VPOS="586" WIDTH="58" HEIGHT="20" WC="0.96" CONTENT="om"/><SP WIDTH="28" VPOS="586" HPOS="1303"/>
							<String ID="string_69" HPOS="1331" VPOS="586" WIDTH="43" HEIGHT="20" WC="0.92" CONTENT="en"/><SP WIDTH="26" VPOS="586" HPOS="1374"/>
							<String ID="string_70" HPOS="1400" VPOS="577" WIDTH="233" HEIGHT="39" WC="0.92" CONTENT="befordrings-"/>
						</TextLine>
						<TextLine ID="line_7" HPOS="139" VPOS="615" WIDTH="1494" HEIGHT="39">
							<String ID="string_71" HPOS="139" VPOS="615" WIDTH="141" HEIGHT="33" WC="0.96" CONTENT="nämnd,"/><SP WIDTH="23" VPOS="615" HPOS="280"/>
							<String ID="string_72" HPOS="303" VPOS="623" WIDTH="196" HEIGHT="31" WC="0.96" CONTENT="gemensam"/><SP WIDTH="22" VPOS="623" HPOS="499"/>
							<String ID="string_73" HPOS="521" VPOS="617" WIDTH="55" HEIGHT="30" WC="0.96" CONTENT="för"/><SP WIDTH="21" VPOS="617" HPOS="576"/>
							<String ID="string_74" HPOS="597" VPOS="617" WIDTH="242" HEIGHT="31" WC="0.96" CONTENT="universiteten"/><SP WIDTH="22" VPOS="617" HPOS="839"/>
							<String ID="string_75" HPOS="861" VPOS="620" WIDTH="64" HEIGHT="29" WC="0.96" CONTENT="och"/><SP WIDTH="22" VPOS="620" HPOS="925"/>
							<String ID="string_76" HPOS="947" VPOS="619" WIDTH="207" HEIGHT="31" WC="0.96" CONTENT="Karolinska"/><SP WIDTH="22" VPOS="619" HPOS="1154"/>
							<String ID="string_77" HPOS="1176" VPOS="620" WIDTH="166" HEIGHT="31" WC="0.96" CONTENT="institutet"/><SP WIDTH="23" VPOS="620" HPOS="1342"/>
							<String ID="string_78" HPOS="1365" VPOS="622" WIDTH="65" HEIGHT="29" WC="0.96" CONTENT="och"/><SP WIDTH="21" VPOS="622" HPOS="1430"/>
							<String ID="string_79" HPOS="1451" VPOS="623" WIDTH="182" HEIGHT="29" WC="0.96" CONTENT="eventuellt"/>
						</TextLine>
						<TextLine ID="line_8" HPOS="139" VPOS="660" WIDTH="1493" HEIGHT="43">
							<String ID="string_80" HPOS="139" VPOS="660" WIDTH="157" HEIGHT="37" WC="0.96" CONTENT="gällande"/><SP WIDTH="26" VPOS="660" HPOS="296"/>
							<String ID="string_81" HPOS="322" VPOS="661" WIDTH="87" HEIGHT="29" WC="0.96" CONTENT="även"/><SP WIDTH="26" VPOS="661" HPOS="409"/>
							<String ID="string_82" HPOS="435" VPOS="661" WIDTH="41" HEIGHT="30" WC="0.96" CONTENT="de"/><SP WIDTH="25" VPOS="661" HPOS="476"/>
							<String ID="string_83" HPOS="501" VPOS="661" WIDTH="134" HEIGHT="39" WC="0.96" CONTENT="privata"/><SP WIDTH="26" VPOS="661" HPOS="635"/>
							<String ID="string_84" HPOS="661" VPOS="662" WIDTH="243" HEIGHT="39" WC="0.96" CONTENT="högskolorna,"/><SP WIDTH="28" VPOS="662" HPOS="904"/>
							<String ID="string_85" HPOS="932" VPOS="673" WIDTH="100" HEIGHT="29" WC="0.96" CONTENT="synes"/><SP WIDTH="28" VPOS="673" HPOS="1032"/>
							<String ID="string_86" HPOS="1060" VPOS="664" WIDTH="70" HEIGHT="39" WC="0.96" CONTENT="mig"/><SP WIDTH="26" VPOS="664" HPOS="1130"/>
							<String ID="string_87" HPOS="1156" VPOS="675" WIDTH="83" HEIGHT="21" WC="0.96" CONTENT="vara"/><SP WIDTH="26" VPOS="675" HPOS="1239"/>
							<String ID="string_88" HPOS="1265" VPOS="666" WIDTH="10" HEIGHT="29" WC="0.96" CONTENT="i"/><SP WIDTH="26" VPOS="666" HPOS="1275"/>
							<String ID="string_89" HPOS="1301" VPOS="666" WIDTH="86" HEIGHT="30" WC="0.96" CONTENT="flera"/><SP WIDTH="26" VPOS="666" HPOS="1387"/>
							<String ID="string_90" HPOS="1413" VPOS="667" WIDTH="219" HEIGHT="30" WC="0.96" CONTENT="hänseenden"/>
						</TextLine>
						<TextLine ID="line_9" HPOS="139" VPOS="705" WIDTH="1492" HEIGHT="46">
							<String ID="string_91" HPOS="139" VPOS="705" WIDTH="135" HEIGHT="38" WC="0.94" CONTENT="mycket"/><SP WIDTH="24" VPOS="705" HPOS="274"/>
							<String ID="string_92" HPOS="298" VPOS="705" WIDTH="200" HEIGHT="30" WC="0.94" CONTENT="tilltalande."/><SP WIDTH="37" VPOS="705" HPOS="498"/>
							<String ID="string_93" HPOS="535" VPOS="706" WIDTH="49" HEIGHT="30" WC="0.96" CONTENT="De"/><SP WIDTH="24" VPOS="706" HPOS="584"/>
							<String ID="string_94" HPOS="608" VPOS="706" WIDTH="264" HEIGHT="40" WC="0.96" CONTENT="invändningar,"/><SP WIDTH="25" VPOS="706" HPOS="872"/>
							<String ID="string_95" HPOS="897" VPOS="717" WIDTH="74" HEIGHT="21" WC="0.96" CONTENT="som"/><SP WIDTH="24" VPOS="717" HPOS="971"/>
							<String ID="string_96" HPOS="995" VPOS="710" WIDTH="119" HEIGHT="29" WC="0.96" CONTENT="kunna"/><SP WIDTH="25" VPOS="710" HPOS="1114"/>
							<String ID="string_97" HPOS="1139" VPOS="709" WIDTH="107" HEIGHT="31" WC="0.96" CONTENT="riktas"/><SP WIDTH="23" VPOS="709" HPOS="1246"/>
							<String ID="string_98" HPOS="1269" VPOS="714" WIDTH="73" HEIGHT="26" WC="0.96" CONTENT="mot"/><SP WIDTH="22" VPOS="714" HPOS="1342"/>
							<String ID="string_99" HPOS="1364" VPOS="711" WIDTH="87" HEIGHT="30" WC="0.96" CONTENT="hans"/><SP WIDTH="24" VPOS="711" HPOS="1451"/>
							<String ID="string_100" HPOS="1475" VPOS="713" WIDTH="156" HEIGHT="38" WC="0.96" CONTENT="uppslag,"/>
						</TextLine>
						<TextLine ID="line_10" HPOS="139" VPOS="749" WIDTH="1492" HEIGHT="45">
							<String ID="string_101" HPOS="139" VPOS="749" WIDTH="108" HEIGHT="29" WC="0.95" CONTENT="skulle"/><SP WIDTH="21" VPOS="749" HPOS="247"/>
							<String ID="string_102" HPOS="268" VPOS="749" WIDTH="104" HEIGHT="39" WC="0.96" CONTENT="enligt"/><SP WIDTH="21" VPOS="749" HPOS="372"/>
							<String ID="string_103" HPOS="393" VPOS="749" WIDTH="71" HEIGHT="30" WC="0.96" CONTENT="min"/><SP WIDTH="21" VPOS="749" HPOS="464"/>
							<String ID="string_104" HPOS="485" VPOS="751" WIDTH="141" HEIGHT="39" WC="0.96" CONTENT="mening"/><SP WIDTH="21" VPOS="751" HPOS="626"/>
							<String ID="string_105" HPOS="647" VPOS="751" WIDTH="11" HEIGHT="30" WC="0.96" CONTENT="i"/><SP WIDTH="20" VPOS="751" HPOS="658"/>
							<String ID="string_106" HPOS="678" VPOS="752" WIDTH="183" HEIGHT="30" WC="0.96" CONTENT="huvudsak"/><SP WIDTH="23" VPOS="752" HPOS="861"/>
							<String ID="string_107" HPOS="884" VPOS="753" WIDTH="129" HEIGHT="30" WC="0.96" CONTENT="förlora"/><SP WIDTH="23" VPOS="753" HPOS="1013"/>
							<String ID="string_108" HPOS="1036" VPOS="753" WIDTH="52" HEIGHT="30" WC="0.96" CONTENT="sin"/><SP WIDTH="23" VPOS="753" HPOS="1088"/>
							<String ID="string_109" HPOS="1111" VPOS="754" WIDTH="93" HEIGHT="30" WC="0.96" CONTENT="kraft"/><SP WIDTH="23" VPOS="754" HPOS="1204"/>
							<String ID="string_110" HPOS="1227" VPOS="763" WIDTH="123" HEIGHT="30" WC="0.96" CONTENT="genom"/><SP WIDTH="23" VPOS="763" HPOS="1350"/>
							<String ID="string_111" HPOS="1373" VPOS="758" WIDTH="44" HEIGHT="28" WC="0.96" CONTENT="ett"/><SP WIDTH="21" VPOS="758" HPOS="1417"/>
							<String ID="string_112" HPOS="1438" VPOS="765" WIDTH="63" HEIGHT="29" WC="0.93" CONTENT="par"/><SP WIDTH="22" VPOS="765" HPOS="1501"/>
							<String ID="string_113" HPOS="1523" VPOS="757" WIDTH="108" HEIGHT="30" WC="0.92" CONTENT="modi-"/>
						</TextLine>
						<TextLine ID="line_11" HPOS="138" VPOS="793" WIDTH="1492" HEIGHT="46">
							<String ID="string_114" HPOS="138" VPOS="793" WIDTH="186" HEIGHT="30" WC="0.83" CONTENT="fikaiioner"/><SP WIDTH="26" VPOS="793" HPOS="324"/>
							<String ID="string_115" HPOS="350" VPOS="795" WIDTH="64" HEIGHT="29" WC="0.96" CONTENT="och"/><SP WIDTH="27" VPOS="795" HPOS="414"/>
							<String ID="string_116" HPOS="441" VPOS="794" WIDTH="255" HEIGHT="40" WC="0.96" CONTENT="förändringar,"/><SP WIDTH="28" VPOS="794" HPOS="696"/>
							<String ID="string_117" HPOS="724" VPOS="806" WIDTH="73" HEIGHT="20" WC="0.96" CONTENT="som"/><SP WIDTH="26" VPOS="806" HPOS="797"/>
							<String ID="string_118" HPOS="823" VPOS="797" WIDTH="58" HEIGHT="38" WC="0.96" CONTENT="jag"/><SP WIDTH="26" VPOS="797" HPOS="881"/>
							<String ID="string_119" HPOS="907" VPOS="798" WIDTH="63" HEIGHT="29" WC="0.96" CONTENT="här"/><SP WIDTH="27" VPOS="798" HPOS="970"/>
							<String ID="string_120" HPOS="997" VPOS="797" WIDTH="125" HEIGHT="31" WC="0.96" CONTENT="tillåter"/><SP WIDTH="26" VPOS="797" HPOS="1122"/>
							<String ID="string_121" HPOS="1148" VPOS="799" WIDTH="69" HEIGHT="38" WC="0.96" CONTENT="mig"/><SP WIDTH="27" VPOS="799" HPOS="1217"/>
							<String ID="string_122" HPOS="1244" VPOS="802" WIDTH="49" HEIGHT="27" WC="0.96" CONTENT="att"/><SP WIDTH="27" VPOS="802" HPOS="1293"/>
							<String ID="string_123" HPOS="1320" VPOS="800" WIDTH="198" HEIGHT="39" WC="0.93" CONTENT="förslagsvis"/><SP WIDTH="28" VPOS="800" HPOS="1518"/>
							<String ID="string_124" HPOS="1546" VPOS="801" WIDTH="84" HEIGHT="30" WC="0.92" CONTENT="skis-"/>
						</TextLine>
						<TextLine ID="line_12" HPOS="138" VPOS="834" WIDTH="1493" HEIGHT="49">
							<String ID="string_125" HPOS="138" VPOS="847" WIDTH="84" HEIGHT="21" WC="0.93" CONTENT="sera."/><SP WIDTH="37" VPOS="847" HPOS="222"/>
							<String ID="string_126" HPOS="259" VPOS="834" WIDTH="26" HEIGHT="34" WC="0.89" CONTENT="Å"/><SP WIDTH="24" VPOS="834" HPOS="285"/>
							<String ID="string_127" HPOS="309" VPOS="848" WIDTH="65" HEIGHT="21" WC="0.96" CONTENT="ena"/><SP WIDTH="25" VPOS="848" HPOS="374"/>
							<String ID="string_128" HPOS="399" VPOS="839" WIDTH="98" HEIGHT="30" WC="0.96" CONTENT="sidan"/><SP WIDTH="24" VPOS="839" HPOS="497"/>
							<String ID="string_129" HPOS="521" VPOS="840" WIDTH="110" HEIGHT="30" WC="0.95" CONTENT="skulle"/><SP WIDTH="25" VPOS="840" HPOS="631"/>
							<String ID="string_130" HPOS="656" VPOS="842" WIDTH="193" HEIGHT="29" WC="0.95" CONTENT="nämndens"/><SP WIDTH="25" VPOS="842" HPOS="849"/>
							<String ID="string_131" HPOS="874" VPOS="842" WIDTH="223" HEIGHT="31" WC="0.96" CONTENT="arbetsbörda"/><SP WIDTH="26" VPOS="842" HPOS="1097"/>
							<String ID="string_132" HPOS="1123" VPOS="846" WIDTH="83" HEIGHT="27" WC="0.95" CONTENT="utan"/><SP WIDTH="25" VPOS="846" HPOS="1206"/>
							<String ID="string_133" HPOS="1231" VPOS="844" WIDTH="140" HEIGHT="39" WC="0.91" CONTENT="förfång"/><SP WIDTH="25" VPOS="844" HPOS="1371"/>
							<String ID="string_134" HPOS="1396" VPOS="845" WIDTH="56" HEIGHT="30" WC="0.96" CONTENT="för"/><SP WIDTH="22" VPOS="845" HPOS="1452"/>
							<String ID="string_135" HPOS="1474" VPOS="846" WIDTH="57" HEIGHT="30" WC="0.96" CONTENT="det"/><SP WIDTH="23" VPOS="846" HPOS="1531"/>
							<String ID="string_136" HPOS="1554" VPOS="846" WIDTH="77" HEIGHT="30" WC="0.96" CONTENT="hela"/>
						</TextLine>
						<TextLine ID="line_13" HPOS="138" VPOS="883" WIDTH="1494" HEIGHT="46">
							<String ID="string_137" HPOS="138" VPOS="883" WIDTH="117" HEIGHT="30" WC="0.96" CONTENT="kunna"/><SP WIDTH="28" VPOS="883" HPOS="255"/>
							<String ID="string_138" HPOS="283" VPOS="883" WIDTH="75" HEIGHT="30" WC="0.96" CONTENT="icke"/><SP WIDTH="26" VPOS="883" HPOS="358"/>
							<String ID="string_139" HPOS="384" VPOS="884" WIDTH="203" HEIGHT="39" WC="0.96" CONTENT="oväsentligt"/><SP WIDTH="26" VPOS="884" HPOS="587"/>
							<String ID="string_140" HPOS="613" VPOS="886" WIDTH="111" HEIGHT="34" WC="0.94" CONTENT="lättas,"/><SP WIDTH="27" VPOS="886" HPOS="724"/>
							<String ID="string_141" HPOS="751" VPOS="895" WIDTH="57" HEIGHT="21" WC="0.96" CONTENT="om"/><SP WIDTH="28" VPOS="895" HPOS="808"/>
							<String ID="string_142" HPOS="836" VPOS="887" WIDTH="55" HEIGHT="29" WC="0.96" CONTENT="det"/><SP WIDTH="27" VPOS="887" HPOS="891"/>
							<String ID="string_143" HPOS="918" VPOS="887" WIDTH="191" HEIGHT="38" WC="0.96" CONTENT="stadgades,"/><SP WIDTH="28" VPOS="887" HPOS="1109"/>
							<String ID="string_144" HPOS="1137" VPOS="891" WIDTH="48" HEIGHT="27" WC="0.96" CONTENT="att"/><SP WIDTH="25" VPOS="891" HPOS="1185"/>
							<String ID="string_145" HPOS="1210" VPOS="891" WIDTH="47" HEIGHT="28" WC="0.93" CONTENT="ett"/><SP WIDTH="25" VPOS="891" HPOS="1257"/>
							<String ID="string_146" HPOS="1282" VPOS="889" WIDTH="350" HEIGHT="40" WC="0.91" CONTENT="befordringsärende"/>
						</TextLine>
						<TextLine ID="line_14" HPOS="136" VPOS="927" WIDTH="1494" HEIGHT="45">
							<String ID="string_147" HPOS="136" VPOS="927" WIDTH="74" HEIGHT="30" WC="0.96" CONTENT="icke"/><SP WIDTH="22" VPOS="927" HPOS="210"/>
							<String ID="string_148" HPOS="232" VPOS="928" WIDTH="110" HEIGHT="30" WC="0.89" CONTENT="skulle"/><SP WIDTH="20" VPOS="928" HPOS="342"/>
							<String ID="string_149" HPOS="362" VPOS="928" WIDTH="133" HEIGHT="31" WC="0.96" CONTENT="behöva"/><SP WIDTH="22" VPOS="928" HPOS="495"/>
							<String ID="string_150" HPOS="517" VPOS="938" WIDTH="140" HEIGHT="29" WC="0.96" CONTENT="passera"/><SP WIDTH="21" VPOS="938" HPOS="657"/>
							<String ID="string_151" HPOS="678" VPOS="931" WIDTH="185" HEIGHT="35" WC="0.96" CONTENT="nämnden,"/><SP WIDTH="24" VPOS="931" HPOS="863"/>
							<String ID="string_152" HPOS="887" VPOS="932" WIDTH="10" HEIGHT="30" WC="0.96" CONTENT="i"/><SP WIDTH="22" VPOS="932" HPOS="897"/>
							<String ID="string_153" HPOS="919" VPOS="932" WIDTH="163" HEIGHT="31" WC="0.96" CONTENT="händelse"/><SP WIDTH="23" VPOS="932" HPOS="1082"/>
							<String ID="string_154" HPOS="1105" VPOS="933" WIDTH="42" HEIGHT="30" WC="0.96" CONTENT="de"/><SP WIDTH="22" VPOS="933" HPOS="1147"/>
							<String ID="string_155" HPOS="1169" VPOS="933" WIDTH="219" HEIGHT="39" WC="0.96" CONTENT="sakkunniga"/><SP WIDTH="24" VPOS="933" HPOS="1388"/>
							<String ID="string_156" HPOS="1412" VPOS="934" WIDTH="218" HEIGHT="31" WC="0.96" CONTENT="sinsemellan"/>
						</TextLine>
						<TextLine ID="line_15" HPOS="138" VPOS="972" WIDTH="1491" HEIGHT="45">
							<String ID="string_157" HPOS="138" VPOS="981" WIDTH="78" HEIGHT="21" WC="0.96" CONTENT="vore"/><SP WIDTH="20" VPOS="981" HPOS="216"/>
							<String ID="string_158" HPOS="236" VPOS="972" WIDTH="99" HEIGHT="39" WC="0.95" CONTENT="eniga"/><SP WIDTH="21" VPOS="972" HPOS="335"/>
							<String ID="string_159" HPOS="356" VPOS="973" WIDTH="221" HEIGHT="31" WC="0.96" CONTENT="beträffande"/><SP WIDTH="21" VPOS="973" HPOS="577"/>
							<String ID="string_160" HPOS="598" VPOS="974" WIDTH="109" HEIGHT="31" WC="0.92" CONTENT="första"/><SP WIDTH="21" VPOS="974" HPOS="707"/>
							<String ID="string_161" HPOS="728" VPOS="975" WIDTH="297" HEIGHT="39" WC="0.92" CONTENT="förslagsrummet"/><SP WIDTH="22" VPOS="975" HPOS="1025"/>
							<String ID="string_162" HPOS="1047" VPOS="977" WIDTH="81" HEIGHT="29" WC="0.96" CONTENT="eller"/><SP WIDTH="21" VPOS="977" HPOS="1128"/>
							<String ID="string_163" HPOS="1149" VPOS="978" WIDTH="63" HEIGHT="29" WC="0.96" CONTENT="ock"/><SP WIDTH="22" VPOS="978" HPOS="1212"/>
							<String ID="string_164" HPOS="1234" VPOS="978" WIDTH="164" HEIGHT="39" WC="0.96" CONTENT="enhälligt"/><SP WIDTH="22" VPOS="978" HPOS="1398"/>
							<String ID="string_165" HPOS="1420" VPOS="979" WIDTH="209" HEIGHT="36" WC="0.96" CONTENT="förklarade,"/>
						</TextLine>
						<TextLine ID="line_16" HPOS="136" VPOS="1016" WIDTH="1492" HEIGHT="48">
							<String ID="string_166" HPOS="136" VPOS="1019" WIDTH="48" HEIGHT="27" WC="0.96" CONTENT="att"/><SP WIDTH="24" VPOS="1019" HPOS="184"/>
							<String ID="string_167" HPOS="208" VPOS="1016" WIDTH="102" HEIGHT="39" WC="0.96" CONTENT="ingen"/><SP WIDTH="25" VPOS="1016" HPOS="310"/>
							<String ID="string_168" HPOS="335" VPOS="1018" WIDTH="153" HEIGHT="30" WC="0.96" CONTENT="sökande"/><SP WIDTH="23" VPOS="1018" HPOS="488"/>
							<String ID="string_169" HPOS="511" VPOS="1019" WIDTH="112" HEIGHT="38" WC="0.96" CONTENT="styrkt"/><SP WIDTH="23" VPOS="1019" HPOS="623"/>
							<String ID="string_170" HPOS="646" VPOS="1018" WIDTH="183" HEIGHT="40" WC="0.96" CONTENT="tillräcklig"/><SP WIDTH="25" VPOS="1018" HPOS="829"/>
							<String ID="string_171" HPOS="854" VPOS="1021" WIDTH="211" HEIGHT="38" WC="0.92" CONTENT="kompetens."/><SP WIDTH="38" VPOS="1021" HPOS="1065"/>
							<String ID="string_172" HPOS="1103" VPOS="1017" WIDTH="26" HEIGHT="34" WC="0.88" CONTENT="Å"/><SP WIDTH="24" VPOS="1017" HPOS="1129"/>
							<String ID="string_173" HPOS="1153" VPOS="1023" WIDTH="109" HEIGHT="30" WC="0.96" CONTENT="andra"/><SP WIDTH="25" VPOS="1023" HPOS="1262"/>
							<String ID="string_174" HPOS="1287" VPOS="1023" WIDTH="99" HEIGHT="30" WC="0.96" CONTENT="sidan"/><SP WIDTH="25" VPOS="1023" HPOS="1386"/>
							<String ID="string_175" HPOS="1411" VPOS="1025" WIDTH="109" HEIGHT="29" WC="0.93" CONTENT="skulle"/><SP WIDTH="23" VPOS="1025" HPOS="1520"/>
							<String ID="string_176" HPOS="1543" VPOS="1034" WIDTH="85" HEIGHT="30" WC="0.92" CONTENT="upp-"/>
						</TextLine>
						<TextLine ID="line_17" HPOS="135" VPOS="1061" WIDTH="1493" HEIGHT="46">
							<String ID="string_177" HPOS="135" VPOS="1061" WIDTH="136" HEIGHT="38" WC="0.90" CONTENT="dragets"/><SP WIDTH="23" VPOS="1061" HPOS="271"/>
							<String ID="string_178" HPOS="294" VPOS="1062" WIDTH="111" HEIGHT="30" WC="0.95" CONTENT="börda"/><SP WIDTH="24" VPOS="1062" HPOS="405"/>
							<String ID="string_179" HPOS="429" VPOS="1062" WIDTH="54" HEIGHT="31" WC="0.96" CONTENT="för"/><SP WIDTH="24" VPOS="1062" HPOS="483"/>
							<String ID="string_180" HPOS="507" VPOS="1063" WIDTH="67" HEIGHT="30" WC="0.96" CONTENT="den"/><SP WIDTH="25" VPOS="1063" HPOS="574"/>
							<String ID="string_181" HPOS="599" VPOS="1063" WIDTH="154" HEIGHT="31" WC="0.96" CONTENT="enskilde"/><SP WIDTH="25" VPOS="1063" HPOS="753"/>
							<String ID="string_182" HPOS="778" VPOS="1065" WIDTH="193" HEIGHT="30" WC="0.96" CONTENT="ledamoten"/><SP WIDTH="25" VPOS="1065" HPOS="971"/>
							<String ID="string_183" HPOS="996" VPOS="1075" WIDTH="42" HEIGHT="21" WC="0.96" CONTENT="av"/><SP WIDTH="25" VPOS="1075" HPOS="1038"/>
							<String ID="string_184" HPOS="1063" VPOS="1067" WIDTH="177" HEIGHT="30" WC="0.96" CONTENT="nämnden"/><SP WIDTH="26" VPOS="1067" HPOS="1240"/>
							<String ID="string_185" HPOS="1266" VPOS="1068" WIDTH="119" HEIGHT="30" WC="0.96" CONTENT="kunna"/><SP WIDTH="26" VPOS="1068" HPOS="1385"/>
							<String ID="string_186" HPOS="1411" VPOS="1069" WIDTH="98" HEIGHT="38" WC="0.93" CONTENT="högst"/><SP WIDTH="26" VPOS="1069" HPOS="1509"/>
							<String ID="string_187" HPOS="1535" VPOS="1079" WIDTH="93" HEIGHT="21" WC="0.93" CONTENT="avse-"/>
						</TextLine>
						<TextLine ID="line_18" HPOS="136" VPOS="1106" WIDTH="1492" HEIGHT="44">
							<String ID="string_188" HPOS="136" VPOS="1106" WIDTH="73" HEIGHT="29" WC="0.96" CONTENT="värt"/><SP WIDTH="26" VPOS="1106" HPOS="209"/>
							<String ID="string_189" HPOS="235" VPOS="1106" WIDTH="222" HEIGHT="31" WC="0.96" CONTENT="förminskas,"/><SP WIDTH="26" VPOS="1106" HPOS="457"/>
							<String ID="string_190" HPOS="483" VPOS="1117" WIDTH="57" HEIGHT="20" WC="0.96" CONTENT="om"/><SP WIDTH="26" VPOS="1117" HPOS="540"/>
							<String ID="string_191" HPOS="566" VPOS="1109" WIDTH="175" HEIGHT="29" WC="0.96" CONTENT="nämnden"/><SP WIDTH="26" VPOS="1109" HPOS="741"/>
							<String ID="string_192" HPOS="767" VPOS="1109" WIDTH="136" HEIGHT="30" WC="0.96" CONTENT="delades"/><SP WIDTH="26" VPOS="1109" HPOS="903"/>
							<String ID="string_193" HPOS="929" VPOS="1109" WIDTH="10" HEIGHT="30" WC="0.96" CONTENT="i"/><SP WIDTH="25" VPOS="1109" HPOS="939"/>
							<String ID="string_194" HPOS="964" VPOS="1113" WIDTH="124" HEIGHT="27" WC="0.96" CONTENT="tvenne"/><SP WIDTH="26" VPOS="1113" HPOS="1088"/>
							<String ID="string_195" HPOS="1114" VPOS="1111" WIDTH="234" HEIGHT="39" WC="0.95" CONTENT="avdelningar,"/><SP WIDTH="28" VPOS="1111" HPOS="1348"/>
							<String ID="string_196" HPOS="1376" VPOS="1122" WIDTH="41" HEIGHT="21" WC="0.96" CONTENT="av"/><SP WIDTH="26" VPOS="1122" HPOS="1417"/>
							<String ID="string_197" HPOS="1443" VPOS="1113" WIDTH="92" HEIGHT="31" WC="0.96" CONTENT="vilka"/><SP WIDTH="27" VPOS="1113" HPOS="1535"/>
							<String ID="string_198" HPOS="1562" VPOS="1115" WIDTH="66" HEIGHT="29" WC="0.96" CONTENT="den"/>
						</TextLine>
						<TextLine ID="line_19" HPOS="134" VPOS="1150" WIDTH="1494" HEIGHT="43">
							<String ID="string_199" HPOS="134" VPOS="1159" WIDTH="64" HEIGHT="21" WC="0.93" CONTENT="ena"/><SP WIDTH="21" VPOS="1159" HPOS="198"/>
							<String ID="string_200" HPOS="219" VPOS="1150" WIDTH="140" HEIGHT="31" WC="0.91" CONTENT="bestode"/><SP WIDTH="22" VPOS="1150" HPOS="359"/>
							<String ID="string_201" HPOS="381" VPOS="1161" WIDTH="42" HEIGHT="20" WC="0.96" CONTENT="av"/><SP WIDTH="21" VPOS="1161" HPOS="423"/>
							<String ID="string_202" HPOS="444" VPOS="1155" WIDTH="273" HEIGHT="35" WC="0.95" CONTENT="representanter"/><SP WIDTH="21" VPOS="1155" HPOS="717"/>
							<String ID="string_203" HPOS="738" VPOS="1153" WIDTH="55" HEIGHT="30" WC="0.96" CONTENT="för"/><SP WIDTH="21" VPOS="1153" HPOS="793"/>
							<String ID="string_204" HPOS="814" VPOS="1154" WIDTH="41" HEIGHT="30" WC="0.96" CONTENT="de"/><SP WIDTH="21" VPOS="1154" HPOS="855"/>
							<String ID="string_205" HPOS="876" VPOS="1154" WIDTH="198" HEIGHT="38" WC="0.96" CONTENT="teologiska,"/><SP WIDTH="22" VPOS="1154" HPOS="1074"/>
							<String ID="string_206" HPOS="1096" VPOS="1155" WIDTH="170" HEIGHT="38" WC="0.96" CONTENT="juridiska"/><SP WIDTH="22" VPOS="1155" HPOS="1266"/>
							<String ID="string_207" HPOS="1288" VPOS="1157" WIDTH="65" HEIGHT="29" WC="0.96" CONTENT="och"/><SP WIDTH="21" VPOS="1157" HPOS="1353"/>
							<String ID="string_208" HPOS="1374" VPOS="1158" WIDTH="254" HEIGHT="30" WC="0.96" CONTENT="humanistiska"/>
						</TextLine>
						<TextLine ID="line_20" HPOS="135" VPOS="1195" WIDTH="1491" HEIGHT="42">
							<String ID="string_209" HPOS="135" VPOS="1195" WIDTH="271" HEIGHT="39" WC="0.95" CONTENT="vetenskaperna"/><SP WIDTH="25" VPOS="1195" HPOS="406"/>
							<String ID="string_210" HPOS="431" VPOS="1197" WIDTH="65" HEIGHT="29" WC="0.95" CONTENT="och"/><SP WIDTH="25" VPOS="1197" HPOS="496"/>
							<String ID="string_211" HPOS="521" VPOS="1198" WIDTH="121" HEIGHT="29" WC="0.95" CONTENT="endast"/><SP WIDTH="26" VPOS="1198" HPOS="642"/>
							<String ID="string_212" HPOS="668" VPOS="1198" WIDTH="173" HEIGHT="30" WC="0.93" CONTENT="handlade"/><SP WIDTH="26" VPOS="1198" HPOS="841"/>
							<String ID="string_213" HPOS="867" VPOS="1198" WIDTH="372" HEIGHT="39" WC="0.91" CONTENT="befordringsärenden"/><SP WIDTH="27" VPOS="1198" HPOS="1239"/>
							<String ID="string_214" HPOS="1266" VPOS="1201" WIDTH="95" HEIGHT="30" WC="0.96" CONTENT="inom"/><SP WIDTH="29" VPOS="1201" HPOS="1361"/>
							<String ID="string_215" HPOS="1390" VPOS="1203" WIDTH="97" HEIGHT="30" WC="0.93" CONTENT="dessa"/><SP WIDTH="28" VPOS="1203" HPOS="1487"/>
							<String ID="string_216" HPOS="1515" VPOS="1206" WIDTH="111" HEIGHT="27" WC="0.93" CONTENT="veten-"/>
						</TextLine>
						<TextLine ID="line_21" HPOS="135" VPOS="1240" WIDTH="1490" HEIGHT="42">
							<String ID="string_217" HPOS="135" VPOS="1240" WIDTH="132" HEIGHT="38" WC="0.96" CONTENT="skaper,"/><SP WIDTH="32" VPOS="1240" HPOS="267"/>
							<String ID="string_218" HPOS="299" VPOS="1241" WIDTH="126" HEIGHT="29" WC="0.96" CONTENT="medan"/><SP WIDTH="31" VPOS="1241" HPOS="425"/>
							<String ID="string_219" HPOS="456" VPOS="1241" WIDTH="66" HEIGHT="30" WC="0.96" CONTENT="den"/><SP WIDTH="30" VPOS="1241" HPOS="522"/>
							<String ID="string_220" HPOS="552" VPOS="1242" WIDTH="110" HEIGHT="30" WC="0.96" CONTENT="andra"/><SP WIDTH="31" VPOS="1242" HPOS="662"/>
							<String ID="string_221" HPOS="693" VPOS="1242" WIDTH="227" HEIGHT="40" WC="0.96" CONTENT="avdelningen"/><SP WIDTH="30" VPOS="1242" HPOS="920"/>
							<String ID="string_222" HPOS="950" VPOS="1244" WIDTH="274" HEIGHT="31" WC="0.96" CONTENT="konstituerades"/><SP WIDTH="32" VPOS="1244" HPOS="1224"/>
							<String ID="string_223" HPOS="1256" VPOS="1255" WIDTH="42" HEIGHT="21" WC="0.96" CONTENT="av"/><SP WIDTH="31" VPOS="1255" HPOS="1298"/>
							<String ID="string_224" HPOS="1329" VPOS="1246" WIDTH="212" HEIGHT="33" WC="0.96" CONTENT="företrädare"/><SP WIDTH="31" VPOS="1246" HPOS="1541"/>
							<String ID="string_225" HPOS="1572" VPOS="1248" WIDTH="53" HEIGHT="30" WC="0.96" CONTENT="för"/>
						</TextLine>
						<TextLine ID="line_22" HPOS="134" VPOS="1283" WIDTH="1492" HEIGHT="48">
							<String ID="string_226" HPOS="134" VPOS="1283" WIDTH="212" HEIGHT="32" WC="0.95" CONTENT="medicinska"/><SP WIDTH="33" VPOS="1283" HPOS="346"/>
							<String ID="string_227" HPOS="379" VPOS="1285" WIDTH="63" HEIGHT="29" WC="0.93" CONTENT="och"/><SP WIDTH="33" VPOS="1285" HPOS="442"/>
							<String ID="string_228" HPOS="475" VPOS="1286" WIDTH="611" HEIGHT="41" WC="0.91" CONTENT="matematiskt-naturvetenskapliga"/><SP WIDTH="35" VPOS="1286" HPOS="1086"/>
							<String ID="string_229" HPOS="1121" VPOS="1289" WIDTH="196" HEIGHT="39" WC="0.96" CONTENT="discipliner"/><SP WIDTH="33" VPOS="1289" HPOS="1317"/>
							<String ID="string_230" HPOS="1350" VPOS="1292" WIDTH="65" HEIGHT="29" WC="0.96" CONTENT="och"/><SP WIDTH="33" VPOS="1292" HPOS="1415"/>
							<String ID="string_231" HPOS="1448" VPOS="1292" WIDTH="93" HEIGHT="39" WC="0.95" CONTENT="finge"/><SP WIDTH="33" VPOS="1292" HPOS="1541"/>
							<String ID="string_232" HPOS="1574" VPOS="1292" WIDTH="52" HEIGHT="30" WC="0.96" CONTENT="sin"/>
						</TextLine>
						<TextLine ID="line_23" HPOS="132" VPOS="1328" WIDTH="1495" HEIGHT="47">
							<String ID="string_233" HPOS="132" VPOS="1328" WIDTH="206" HEIGHT="39" WC="0.96" CONTENT="befogenhet"/><SP WIDTH="31" VPOS="1328" HPOS="338"/>
							<String ID="string_234" HPOS="369" VPOS="1329" WIDTH="44" HEIGHT="39" WC="0.95" CONTENT="på"/><SP WIDTH="31" VPOS="1329" HPOS="413"/>
							<String ID="string_235" HPOS="444" VPOS="1331" WIDTH="244" HEIGHT="30" WC="0.96" CONTENT="motsvarande"/><SP WIDTH="32" VPOS="1331" HPOS="688"/>
							<String ID="string_236" HPOS="720" VPOS="1333" WIDTH="65" HEIGHT="29" WC="0.96" CONTENT="sätt"/><SP WIDTH="33" VPOS="1333" HPOS="785"/>
							<String ID="string_237" HPOS="818" VPOS="1333" WIDTH="202" HEIGHT="38" WC="0.95" CONTENT="avgränsad."/><SP WIDTH="56" VPOS="1333" HPOS="1020"/>
							<String ID="string_238" HPOS="1076" VPOS="1334" WIDTH="54" HEIGHT="30" WC="0.90" CONTENT="En"/><SP WIDTH="31" VPOS="1334" HPOS="1130"/>
							<String ID="string_239" HPOS="1161" VPOS="1334" WIDTH="107" HEIGHT="31" WC="0.95" CONTENT="sådan"/><SP WIDTH="33" VPOS="1334" HPOS="1268"/>
							<String ID="string_240" HPOS="1301" VPOS="1337" WIDTH="213" HEIGHT="38" WC="0.96" CONTENT="uppdelning"/><SP WIDTH="31" VPOS="1337" HPOS="1514"/>
							<String ID="string_241" HPOS="1545" VPOS="1347" WIDTH="82" HEIGHT="20" WC="0.95" CONTENT="vore"/>
						</TextLine>
						<TextLine ID="line_24" HPOS="134" VPOS="1374" WIDTH="1491" HEIGHT="47">
							<String ID="string_242" HPOS="134" VPOS="1374" WIDTH="84" HEIGHT="29" WC="0.96" CONTENT="även"/><SP WIDTH="30" VPOS="1374" HPOS="218"/>
							<String ID="string_243" HPOS="248" VPOS="1384" WIDTH="42" HEIGHT="20" WC="0.96" CONTENT="av"/><SP WIDTH="29" VPOS="1384" HPOS="290"/>
							<String ID="string_244" HPOS="319" VPOS="1377" WIDTH="75" HEIGHT="27" WC="0.96" CONTENT="rent"/><SP WIDTH="30" VPOS="1377" HPOS="394"/>
							<String ID="string_245" HPOS="424" VPOS="1375" WIDTH="130" HEIGHT="38" WC="0.96" CONTENT="sakliga"/><SP WIDTH="30" VPOS="1375" HPOS="554"/>
							<String ID="string_246" HPOS="584" VPOS="1376" WIDTH="75" HEIGHT="29" WC="0.96" CONTENT="skäl"/><SP WIDTH="30" VPOS="1376" HPOS="659"/>
							<String ID="string_247" HPOS="689" VPOS="1377" WIDTH="108" HEIGHT="29" WC="0.95" CONTENT="starkt"/><SP WIDTH="29" VPOS="1377" HPOS="797"/>
							<String ID="string_248" HPOS="826" VPOS="1377" WIDTH="199" HEIGHT="30" WC="0.96" CONTENT="motiverad."/><SP WIDTH="44" VPOS="1377" HPOS="1025"/>
							<String ID="string_249" HPOS="1069" VPOS="1379" WIDTH="67" HEIGHT="29" WC="0.96" CONTENT="För"/><SP WIDTH="29" VPOS="1379" HPOS="1136"/>
							<String ID="string_250" HPOS="1165" VPOS="1378" WIDTH="90" HEIGHT="32" WC="0.93" CONTENT="vissa"/><SP WIDTH="30" VPOS="1378" HPOS="1255"/>
							<String ID="string_251" HPOS="1285" VPOS="1381" WIDTH="340" HEIGHT="40" WC="0.91" CONTENT="gränsvetenskaper,"/>
						</TextLine>
						<TextLine ID="line_25" HPOS="133" VPOS="1419" WIDTH="1491" HEIGHT="46">
							<String ID="string_252" HPOS="133" VPOS="1420" WIDTH="21" HEIGHT="27" WC="0.75" CONTENT="t."/><SP WIDTH="28" VPOS="1420" HPOS="154"/>
							<String ID="string_253" HPOS="182" VPOS="1427" WIDTH="49" HEIGHT="20" WC="0.95" CONTENT="ex."/><SP WIDTH="30" VPOS="1427" HPOS="231"/>
							<String ID="string_254" HPOS="261" VPOS="1419" WIDTH="153" HEIGHT="38" WC="0.95" CONTENT="geografi"/><SP WIDTH="28" VPOS="1419" HPOS="414"/>
							<String ID="string_255" HPOS="442" VPOS="1420" WIDTH="63" HEIGHT="29" WC="0.96" CONTENT="och"/><SP WIDTH="27" VPOS="1420" HPOS="505"/>
							<String ID="string_256" HPOS="532" VPOS="1420" WIDTH="159" HEIGHT="35" WC="0.96" CONTENT="statistik,"/><SP WIDTH="28" VPOS="1420" HPOS="691"/>
							<String ID="string_257" HPOS="719" VPOS="1422" WIDTH="110" HEIGHT="29" WC="0.96" CONTENT="skulle"/><SP WIDTH="25" VPOS="1422" HPOS="829"/>
							<String ID="string_258" HPOS="854" VPOS="1422" WIDTH="168" HEIGHT="31" WC="0.96" CONTENT="särskilda"/><SP WIDTH="28" VPOS="1422" HPOS="1022"/>
							<String ID="string_259" HPOS="1050" VPOS="1423" WIDTH="235" HEIGHT="39" WC="0.96" CONTENT="anordningar"/><SP WIDTH="27" VPOS="1423" HPOS="1285"/>
							<String ID="string_260" HPOS="1312" VPOS="1425" WIDTH="118" HEIGHT="31" WC="0.96" CONTENT="kunna"/><SP WIDTH="28" VPOS="1425" HPOS="1430"/>
							<String ID="string_261" HPOS="1458" VPOS="1426" WIDTH="166" HEIGHT="39" WC="0.96" CONTENT="vidtagas,"/>
						</TextLine>
						<TextLine ID="line_26" HPOS="132" VPOS="1462" WIDTH="1492" HEIGHT="47">
							<String ID="string_262" HPOS="132" VPOS="1462" WIDTH="10" HEIGHT="29" WC="0.96" CONTENT="i"/><SP WIDTH="23" VPOS="1462" HPOS="142"/>
							<String ID="string_263" HPOS="165" VPOS="1463" WIDTH="163" HEIGHT="30" WC="0.96" CONTENT="händelse"/><SP WIDTH="24" VPOS="1463" HPOS="328"/>
							<String ID="string_264" HPOS="352" VPOS="1463" WIDTH="37" HEIGHT="30" WC="0.96" CONTENT="så"/><SP WIDTH="23" VPOS="1463" HPOS="389"/>
							<String ID="string_265" HPOS="412" VPOS="1464" WIDTH="108" HEIGHT="30" WC="0.96" CONTENT="skulle"/><SP WIDTH="24" VPOS="1464" HPOS="520"/>
							<String ID="string_266" HPOS="544" VPOS="1474" WIDTH="99" HEIGHT="20" WC="0.96" CONTENT="anses"/><SP WIDTH="23" VPOS="1474" HPOS="643"/>
							<String ID="string_267" HPOS="666" VPOS="1465" WIDTH="182" HEIGHT="39" WC="0.91" CONTENT="behövligt."/><SP WIDTH="22" VPOS="1465" HPOS="848"/>
							<String ID="string_268" HPOS="870" VPOS="1485" WIDTH="44" HEIGHT="3" WC="0.91" CONTENT="—"/><SP WIDTH="22" VPOS="1485" HPOS="914"/>
							<String ID="string_269" HPOS="936" VPOS="1466" WIDTH="53" HEIGHT="30" WC="0.95" CONTENT="En"/><SP WIDTH="23" VPOS="1466" HPOS="989"/>
							<String ID="string_270" HPOS="1012" VPOS="1467" WIDTH="196" HEIGHT="39" WC="0.95" CONTENT="ytterligare"/><SP WIDTH="23" VPOS="1467" HPOS="1208"/>
							<String ID="string_271" HPOS="1231" VPOS="1468" WIDTH="208" HEIGHT="40" WC="0.96" CONTENT="förbättring"/><SP WIDTH="22" VPOS="1468" HPOS="1439"/>
							<String ID="string_272" HPOS="1461" VPOS="1471" WIDTH="10" HEIGHT="29" WC="0.93" CONTENT="i"/><SP WIDTH="23" VPOS="1471" HPOS="1471"/>
							<String ID="string_273" HPOS="1494" VPOS="1472" WIDTH="130" HEIGHT="37" WC="0.92" CONTENT="profes-"/>
						</TextLine>
						<TextLine ID="line_27" HPOS="133" VPOS="1507" WIDTH="1491" HEIGHT="44">
							<String ID="string_274" HPOS="133" VPOS="1516" WIDTH="56" HEIGHT="20" WC="0.96" CONTENT="sor"/><SP WIDTH="26" VPOS="1516" HPOS="189"/>
							<String ID="string_275" HPOS="215" VPOS="1507" WIDTH="189" HEIGHT="38" WC="0.96" CONTENT="Bergmans"/><SP WIDTH="29" VPOS="1507" HPOS="404"/>
							<String ID="string_276" HPOS="433" VPOS="1508" WIDTH="81" HEIGHT="38" WC="0.96" CONTENT="plan"/><SP WIDTH="29" VPOS="1508" HPOS="514"/>
							<String ID="string_277" HPOS="543" VPOS="1509" WIDTH="112" HEIGHT="30" WC="0.96" CONTENT="skulle"/><SP WIDTH="26" VPOS="1509" HPOS="655"/>
							<String ID="string_278" HPOS="681" VPOS="1509" WIDTH="104" HEIGHT="39" WC="0.96" CONTENT="enligt"/><SP WIDTH="27" VPOS="1509" HPOS="785"/>
							<String ID="string_279" HPOS="812" VPOS="1510" WIDTH="72" HEIGHT="30" WC="0.96" CONTENT="min"/><SP WIDTH="27" VPOS="1510" HPOS="884"/>
							<String ID="string_280" HPOS="911" VPOS="1510" WIDTH="139" HEIGHT="39" WC="0.96" CONTENT="mening"/><SP WIDTH="28" VPOS="1510" HPOS="1050"/>
							<String ID="string_281" HPOS="1078" VPOS="1511" WIDTH="121" HEIGHT="32" WC="0.96" CONTENT="vinnas"/><SP WIDTH="29" VPOS="1511" HPOS="1199"/>
							<String ID="string_282" HPOS="1228" VPOS="1513" WIDTH="211" HEIGHT="38" WC="0.96" CONTENT="därigenom,"/><SP WIDTH="30" VPOS="1513" HPOS="1439"/>
							<String ID="string_283" HPOS="1469" VPOS="1518" WIDTH="48" HEIGHT="27" WC="0.93" CONTENT="att"/><SP WIDTH="30" VPOS="1518" HPOS="1517"/>
							<String ID="string_284" HPOS="1547" VPOS="1516" WIDTH="77" HEIGHT="29" WC="0.92" CONTENT="full-"/>
						</TextLine>
						<TextLine ID="line_28" HPOS="132" VPOS="1551" WIDTH="1491" HEIGHT="45">
							<String ID="string_285" HPOS="132" VPOS="1551" WIDTH="212" HEIGHT="30" WC="0.59" CONTENT="maktsålder"/><SP WIDTH="29" VPOS="1551" HPOS="344"/>
							<String ID="string_286" HPOS="373" VPOS="1561" WIDTH="74" HEIGHT="20" WC="0.96" CONTENT="som"/><SP WIDTH="30" VPOS="1561" HPOS="447"/>
							<String ID="string_287" HPOS="477" VPOS="1554" WIDTH="112" HEIGHT="36" WC="0.95" CONTENT="grund"/><SP WIDTH="30" VPOS="1554" HPOS="589"/>
							<String ID="string_288" HPOS="619" VPOS="1553" WIDTH="56" HEIGHT="30" WC="0.95" CONTENT="för"/><SP WIDTH="28" VPOS="1553" HPOS="675"/>
							<String ID="string_289" HPOS="703" VPOS="1553" WIDTH="133" HEIGHT="31" WC="0.96" CONTENT="inträde"/><SP WIDTH="29" VPOS="1553" HPOS="836"/>
							<String ID="string_290" HPOS="865" VPOS="1555" WIDTH="10" HEIGHT="29" WC="0.96" CONTENT="i"/><SP WIDTH="29" VPOS="1555" HPOS="875"/>
							<String ID="string_291" HPOS="904" VPOS="1556" WIDTH="177" HEIGHT="29" WC="0.94" CONTENT="nämnden"/><SP WIDTH="28" VPOS="1556" HPOS="1081"/>
							<String ID="string_292" HPOS="1109" VPOS="1556" WIDTH="71" HEIGHT="30" WC="0.94" CONTENT="helt"/><SP WIDTH="29" VPOS="1556" HPOS="1180"/>
							<String ID="string_293" HPOS="1209" VPOS="1558" WIDTH="171" HEIGHT="38" WC="0.96" CONTENT="slopades;"/><SP WIDTH="32" VPOS="1558" HPOS="1380"/>
							<String ID="string_294" HPOS="1412" VPOS="1560" WIDTH="113" HEIGHT="30" WC="0.93" CONTENT="denna"/><SP WIDTH="30" VPOS="1560" HPOS="1525"/>
							<String ID="string_295" HPOS="1555" VPOS="1560" WIDTH="68" HEIGHT="30" WC="0.92" CONTENT="för-"/>
						</TextLine>
						<TextLine ID="line_29" HPOS="131" VPOS="1595" WIDTH="1492" HEIGHT="42">
							<String ID="string_296" HPOS="131" VPOS="1595" WIDTH="147" HEIGHT="39" WC="0.96" CONTENT="ändring"/><SP WIDTH="25" VPOS="1595" HPOS="278"/>
							<String ID="string_297" HPOS="303" VPOS="1597" WIDTH="97" HEIGHT="29" WC="0.96" CONTENT="torde"/><SP WIDTH="25" VPOS="1597" HPOS="400"/>
							<String ID="string_298" HPOS="425" VPOS="1606" WIDTH="82" HEIGHT="21" WC="0.92" CONTENT="vara"/><SP WIDTH="26" VPOS="1606" HPOS="507"/>
							<String ID="string_299" HPOS="533" VPOS="1598" WIDTH="234" HEIGHT="39" WC="0.91" CONTENT="oundgänglig"/><SP WIDTH="25" VPOS="1598" HPOS="767"/>
							<String ID="string_300" HPOS="792" VPOS="1599" WIDTH="56" HEIGHT="29" WC="0.96" CONTENT="för"/><SP WIDTH="24" VPOS="1599" HPOS="848"/>
							<String ID="string_301" HPOS="872" VPOS="1602" WIDTH="48" HEIGHT="27" WC="0.96" CONTENT="att"/><SP WIDTH="24" VPOS="1602" HPOS="920"/>
							<String ID="string_302" HPOS="944" VPOS="1599" WIDTH="213" HEIGHT="32" WC="0.96" CONTENT="tillförsäkra"/><SP WIDTH="24" VPOS="1599" HPOS="1157"/>
							<String ID="string_303" HPOS="1181" VPOS="1602" WIDTH="176" HEIGHT="30" WC="0.95" CONTENT="nämnden"/><SP WIDTH="25" VPOS="1602" HPOS="1357"/>
							<String ID="string_304" HPOS="1382" VPOS="1604" WIDTH="65" HEIGHT="29" WC="0.92" CONTENT="den"/><SP WIDTH="25" VPOS="1604" HPOS="1447"/>
							<String ID="string_305" HPOS="1472" VPOS="1605" WIDTH="151" HEIGHT="29" WC="0.92" CONTENT="auktori-"/>
						</TextLine>
						<TextLine ID="line_30" HPOS="131" VPOS="1641" WIDTH="1491" HEIGHT="43">
							<String ID="string_306" HPOS="131" VPOS="1643" WIDTH="55" HEIGHT="32" WC="0.96" CONTENT="tet,"/><SP WIDTH="25" VPOS="1643" HPOS="186"/>
							<String ID="string_307" HPOS="211" VPOS="1650" WIDTH="73" HEIGHT="20" WC="0.93" CONTENT="som"/><SP WIDTH="26" VPOS="1650" HPOS="284"/>
							<String ID="string_308" HPOS="310" VPOS="1641" WIDTH="122" HEIGHT="30" WC="0.92" CONTENT="kräves"/><SP WIDTH="24" VPOS="1641" HPOS="432"/>
							<String ID="string_309" HPOS="456" VPOS="1641" WIDTH="55" HEIGHT="30" WC="0.96" CONTENT="för"/><SP WIDTH="24" VPOS="1641" HPOS="511"/>
							<String ID="string_310" HPOS="535" VPOS="1645" WIDTH="48" HEIGHT="27" WC="0.96" CONTENT="att"/><SP WIDTH="24" VPOS="1645" HPOS="583"/>
							<String ID="string_311" HPOS="607" VPOS="1643" WIDTH="66" HEIGHT="29" WC="0.96" CONTENT="den"/><SP WIDTH="26" VPOS="1643" HPOS="673"/>
							<String ID="string_312" HPOS="699" VPOS="1643" WIDTH="86" HEIGHT="30" WC="0.96" CONTENT="skall"/><SP WIDTH="24" VPOS="1643" HPOS="785"/>
							<String ID="string_313" HPOS="809" VPOS="1643" WIDTH="145" HEIGHT="30" WC="0.96" CONTENT="framstå"/><SP WIDTH="25" VPOS="1643" HPOS="954"/>
							<String ID="string_314" HPOS="979" VPOS="1654" WIDTH="75" HEIGHT="20" WC="0.96" CONTENT="som"/><SP WIDTH="24" VPOS="1654" HPOS="1054"/>
							<String ID="string_315" HPOS="1078" VPOS="1648" WIDTH="46" HEIGHT="27" WC="0.96" CONTENT="ett"/><SP WIDTH="24" VPOS="1648" HPOS="1124"/>
							<String ID="string_316" HPOS="1148" VPOS="1646" WIDTH="186" HEIGHT="38" WC="0.95" CONTENT="kollegium"/><SP WIDTH="25" VPOS="1646" HPOS="1334"/>
							<String ID="string_317" HPOS="1359" VPOS="1657" WIDTH="42" HEIGHT="20" WC="0.91" CONTENT="av"/><SP WIDTH="25" VPOS="1657" HPOS="1401"/>
							<String ID="string_318" HPOS="1426" VPOS="1648" WIDTH="196" HEIGHT="31" WC="0.91" CONTENT="universite-"/>
						</TextLine>
						<TextLine ID="line_31" HPOS="131" VPOS="1685" WIDTH="934" HEIGHT="40">
							<String ID="string_319" HPOS="131" VPOS="1687" WIDTH="72" HEIGHT="27" WC="0.96" CONTENT="tens"/><SP WIDTH="25" VPOS="1687" HPOS="203"/>
							<String ID="string_320" HPOS="228" VPOS="1685" WIDTH="64" HEIGHT="30" WC="0.96" CONTENT="och"/><SP WIDTH="24" VPOS="1685" HPOS="292"/>
							<String ID="string_321" HPOS="316" VPOS="1686" WIDTH="251" HEIGHT="38" WC="0.96" CONTENT="högskolornas"/><SP WIDTH="25" VPOS="1686" HPOS="567"/>
							<String ID="string_322" HPOS="592" VPOS="1686" WIDTH="157" HEIGHT="39" WC="0.93" CONTENT="speciella"/><SP WIDTH="25" VPOS="1686" HPOS="749"/>
							<String ID="string_323" HPOS="774" VPOS="1688" WIDTH="291" HEIGHT="30" WC="0.91" CONTENT="förtroendemän."/>
						</TextLine>
					</TextBlock>
				</ComposedBlock>
				<ComposedBlock ID="cblock_4" HPOS="127" VPOS="1747" WIDTH="1496" HEIGHT="355">
					<TextBlock ID="block_4" HPOS="127" VPOS="1747" WIDTH="1496" HEIGHT="355">
						<TextLine ID="line_32" HPOS="174" VPOS="1747" WIDTH="1449" HEIGHT="44">
							<String ID="string_324" HPOS="174" VPOS="1747" WIDTH="72" HEIGHT="30" WC="0.96" CONTENT="Den"/><SP WIDTH="23" VPOS="1747" HPOS="246"/>
							<String ID="string_325" HPOS="269" VPOS="1750" WIDTH="92" HEIGHT="28" WC="0.96" CONTENT="stora"/><SP WIDTH="22" VPOS="1750" HPOS="361"/>
							<String ID="string_326" HPOS="383" VPOS="1748" WIDTH="64" HEIGHT="30" WC="0.96" CONTENT="och"/><SP WIDTH="21" VPOS="1748" HPOS="447"/>
							<String ID="string_327" HPOS="468" VPOS="1750" WIDTH="196" HEIGHT="36" WC="0.96" CONTENT="avgörande"/><SP WIDTH="21" VPOS="1750" HPOS="664"/>
							<String ID="string_328" HPOS="685" VPOS="1749" WIDTH="205" HEIGHT="39" WC="0.96" CONTENT="förtjänsten"/><SP WIDTH="22" VPOS="1749" HPOS="890"/>
							<String ID="string_329" HPOS="912" VPOS="1750" WIDTH="10" HEIGHT="30" WC="0.96" CONTENT="i"/><SP WIDTH="21" VPOS="1750" HPOS="922"/>
							<String ID="string_330" HPOS="943" VPOS="1751" WIDTH="176" HEIGHT="38" WC="0.96" CONTENT="professor"/><SP WIDTH="20" VPOS="1751" HPOS="1119"/>
							<String ID="string_331" HPOS="1139" VPOS="1752" WIDTH="188" HEIGHT="38" WC="0.96" CONTENT="Bergmans"/><SP WIDTH="24" VPOS="1752" HPOS="1327"/>
							<String ID="string_332" HPOS="1351" VPOS="1754" WIDTH="144" HEIGHT="37" WC="0.96" CONTENT="uppslag"/><SP WIDTH="22" VPOS="1754" HPOS="1495"/>
							<String ID="string_333" HPOS="1517" VPOS="1753" WIDTH="106" HEIGHT="38" WC="0.96" CONTENT="ligger"/>
						</TextLine>
						<TextLine ID="line_33" HPOS="128" VPOS="1792" WIDTH="1493" HEIGHT="44">
							<String ID="string_334" HPOS="128" VPOS="1810" WIDTH="43" HEIGHT="3" WC="0.89" CONTENT="—"/><SP WIDTH="26" VPOS="1810" HPOS="171"/>
							<String ID="string_335" HPOS="197" VPOS="1801" WIDTH="99" HEIGHT="29" WC="0.53" CONTENT="synes"/><SP WIDTH="27" VPOS="1801" HPOS="296"/>
							<String ID="string_336" HPOS="323" VPOS="1793" WIDTH="57" HEIGHT="29" WC="0.96" CONTENT="det"/><SP WIDTH="26" VPOS="1793" HPOS="380"/>
							<String ID="string_337" HPOS="406" VPOS="1792" WIDTH="69" HEIGHT="39" WC="0.93" CONTENT="mig"/><SP WIDTH="24" VPOS="1792" HPOS="475"/>
							<String ID="string_338" HPOS="499" VPOS="1812" WIDTH="45" HEIGHT="3" WC="0.89" CONTENT="—"/><SP WIDTH="25" VPOS="1812" HPOS="544"/>
							<String ID="string_339" HPOS="569" VPOS="1794" WIDTH="86" HEIGHT="35" WC="0.96" CONTENT="däri,"/><SP WIDTH="28" VPOS="1794" HPOS="655"/>
							<String ID="string_340" HPOS="683" VPOS="1797" WIDTH="49" HEIGHT="27" WC="0.96" CONTENT="att"/><SP WIDTH="26" VPOS="1797" HPOS="732"/>
							<String ID="string_341" HPOS="758" VPOS="1795" WIDTH="75" HEIGHT="29" WC="0.96" CONTENT="dess"/><SP WIDTH="28" VPOS="1795" HPOS="833"/>
							<String ID="string_342" HPOS="861" VPOS="1796" WIDTH="272" HEIGHT="38" WC="0.96" CONTENT="genomförande"/><SP WIDTH="25" VPOS="1796" HPOS="1133"/>
							<String ID="string_343" HPOS="1158" VPOS="1798" WIDTH="71" HEIGHT="29" WC="0.96" CONTENT="dels"/><SP WIDTH="27" VPOS="1798" HPOS="1229"/>
							<String ID="string_344" HPOS="1256" VPOS="1805" WIDTH="123" HEIGHT="30" WC="0.96" CONTENT="genom"/><SP WIDTH="27" VPOS="1805" HPOS="1379"/>
							<String ID="string_345" HPOS="1406" VPOS="1799" WIDTH="66" HEIGHT="29" WC="0.93" CONTENT="den"/><SP WIDTH="26" VPOS="1799" HPOS="1472"/>
							<String ID="string_346" HPOS="1498" VPOS="1797" WIDTH="123" HEIGHT="39" WC="0.92" CONTENT="åväga-"/>
						</TextLine>
						<TextLine ID="line_34" HPOS="127" VPOS="1836" WIDTH="1494" HEIGHT="45">
							<String ID="string_347" HPOS="127" VPOS="1836" WIDTH="120" HEIGHT="38" WC="0.91" CONTENT="bragta"/><SP WIDTH="27" VPOS="1836" HPOS="247"/>
							<String ID="string_348" HPOS="274" VPOS="1838" WIDTH="205" HEIGHT="29" WC="0.96" CONTENT="samverkan"/><SP WIDTH="26" VPOS="1838" HPOS="479"/>
							<String ID="string_349" HPOS="505" VPOS="1839" WIDTH="128" HEIGHT="29" WC="0.96" CONTENT="mellan"/><SP WIDTH="26" VPOS="1839" HPOS="633"/>
							<String ID="string_350" HPOS="659" VPOS="1839" WIDTH="241" HEIGHT="30" WC="0.96" CONTENT="universiteten"/><SP WIDTH="32" VPOS="1839" HPOS="900"/>
							<String ID="string_351" HPOS="932" VPOS="1840" WIDTH="76" HEIGHT="38" WC="0.96" CONTENT="(och"/><SP WIDTH="26" VPOS="1840" HPOS="1008"/>
							<String ID="string_352" HPOS="1034" VPOS="1841" WIDTH="244" HEIGHT="39" WC="0.96" CONTENT="högskolorna)"/><SP WIDTH="33" VPOS="1841" HPOS="1278"/>
							<String ID="string_353" HPOS="1311" VPOS="1843" WIDTH="109" HEIGHT="29" WC="0.93" CONTENT="skulle"/><SP WIDTH="26" VPOS="1843" HPOS="1420"/>
							<String ID="string_354" HPOS="1446" VPOS="1842" WIDTH="175" HEIGHT="39" WC="0.92" CONTENT="förhjälpa"/>
						</TextLine>
						<TextLine ID="line_35" HPOS="128" VPOS="1880" WIDTH="1491" HEIGHT="45">
							<String ID="string_355" HPOS="128" VPOS="1880" WIDTH="49" HEIGHT="30" WC="0.95" CONTENT="till"/><SP WIDTH="25" VPOS="1880" HPOS="177"/>
							<String ID="string_356" HPOS="202" VPOS="1884" WIDTH="48" HEIGHT="27" WC="0.93" CONTENT="att"/><SP WIDTH="25" VPOS="1884" HPOS="250"/>
							<String ID="string_357" HPOS="275" VPOS="1882" WIDTH="158" HEIGHT="37" WC="0.93" CONTENT="borttaga"/><SP WIDTH="27" VPOS="1882" HPOS="433"/>
							<String ID="string_358" HPOS="460" VPOS="1883" WIDTH="86" HEIGHT="29" WC="0.96" CONTENT="även"/><SP WIDTH="26" VPOS="1883" HPOS="546"/>
							<String ID="string_359" HPOS="572" VPOS="1884" WIDTH="118" HEIGHT="29" WC="0.96" CONTENT="skenet"/><SP WIDTH="25" VPOS="1884" HPOS="690"/>
							<String ID="string_360" HPOS="715" VPOS="1893" WIDTH="41" HEIGHT="20" WC="0.96" CONTENT="av"/><SP WIDTH="25" VPOS="1893" HPOS="756"/>
							<String ID="string_361" HPOS="781" VPOS="1887" WIDTH="49" HEIGHT="27" WC="0.93" CONTENT="att"/><SP WIDTH="25" VPOS="1887" HPOS="830"/>
							<String ID="string_362" HPOS="855" VPOS="1884" WIDTH="260" HEIGHT="31" WC="0.91" CONTENT="lokalintressen"/><SP WIDTH="26" VPOS="1884" HPOS="1115"/>
							<String ID="string_363" HPOS="1141" VPOS="1885" WIDTH="199" HEIGHT="39" WC="0.96" CONTENT="otillbörligt"/><SP WIDTH="27" VPOS="1885" HPOS="1340"/>
							<String ID="string_364" HPOS="1367" VPOS="1888" WIDTH="81" HEIGHT="36" WC="0.97" CONTENT="göra"/><SP WIDTH="27" VPOS="1888" HPOS="1448"/>
							<String ID="string_365" HPOS="1475" VPOS="1886" WIDTH="50" HEIGHT="39" WC="0.90" CONTENT="sig"/><SP WIDTH="27" VPOS="1886" HPOS="1525"/>
							<String ID="string_366" HPOS="1552" VPOS="1888" WIDTH="67" HEIGHT="37" WC="0.90" CONTENT="gäl-"/>
						</TextLine>
						<TextLine ID="line_36" HPOS="128" VPOS="1925" WIDTH="1492" HEIGHT="43">
							<String ID="string_367" HPOS="128" VPOS="1926" WIDTH="100" HEIGHT="29" WC="0.95" CONTENT="lande"/><SP WIDTH="22" VPOS="1926" HPOS="228"/>
							<String ID="string_368" HPOS="250" VPOS="1925" WIDTH="10" HEIGHT="29" WC="0.91" CONTENT="i"/><SP WIDTH="24" VPOS="1925" HPOS="260"/>
							<String ID="string_369" HPOS="284" VPOS="1925" WIDTH="351" HEIGHT="39" WC="0.91" CONTENT="tillsättningsfrågor,"/><SP WIDTH="24" VPOS="1925" HPOS="635"/>
							<String ID="string_370" HPOS="659" VPOS="1928" WIDTH="70" HEIGHT="29" WC="0.96" CONTENT="dels"/><SP WIDTH="24" VPOS="1928" HPOS="729"/>
							<String ID="string_371" HPOS="753" VPOS="1929" WIDTH="109" HEIGHT="29" WC="0.96" CONTENT="skulle"/><SP WIDTH="23" VPOS="1929" HPOS="862"/>
							<String ID="string_372" HPOS="885" VPOS="1929" WIDTH="107" HEIGHT="38" WC="0.96" CONTENT="skapa"/><SP WIDTH="24" VPOS="1929" HPOS="992"/>
							<String ID="string_373" HPOS="1016" VPOS="1930" WIDTH="91" HEIGHT="29" WC="0.96" CONTENT="ökad"/><SP WIDTH="24" VPOS="1930" HPOS="1107"/>
							<String ID="string_374" HPOS="1131" VPOS="1930" WIDTH="235" HEIGHT="38" WC="0.96" CONTENT="vetenskaplig"/><SP WIDTH="23" VPOS="1930" HPOS="1366"/>
							<String ID="string_375" HPOS="1389" VPOS="1932" WIDTH="153" HEIGHT="29" WC="0.96" CONTENT="arbetsro"/><SP WIDTH="24" VPOS="1932" HPOS="1542"/>
							<String ID="string_376" HPOS="1566" VPOS="1932" WIDTH="54" HEIGHT="29" WC="0.96" CONTENT="för"/>
						</TextLine>
						<TextLine ID="line_37" HPOS="127" VPOS="1970" WIDTH="1493" HEIGHT="43">
							<String ID="string_377" HPOS="127" VPOS="1970" WIDTH="64" HEIGHT="29" WC="0.96" CONTENT="den"/><SP WIDTH="32" VPOS="1970" HPOS="191"/>
							<String ID="string_378" HPOS="223" VPOS="1970" WIDTH="224" HEIGHT="30" WC="0.96" CONTENT="akademiska"/><SP WIDTH="32" VPOS="1970" HPOS="447"/>
							<String ID="string_379" HPOS="479" VPOS="1971" WIDTH="211" HEIGHT="35" WC="0.96" CONTENT="lärarkåren,"/><SP WIDTH="30" VPOS="1971" HPOS="690"/>
							<String ID="string_380" HPOS="720" VPOS="1982" WIDTH="77" HEIGHT="20" WC="0.96" CONTENT="vars"/><SP WIDTH="31" VPOS="1982" HPOS="797"/>
							<String ID="string_381" HPOS="828" VPOS="1972" WIDTH="155" HEIGHT="31" WC="0.96" CONTENT="enskilda"/><SP WIDTH="30" VPOS="1972" HPOS="983"/>
							<String ID="string_382" HPOS="1013" VPOS="1974" WIDTH="226" HEIGHT="30" WC="0.96" CONTENT="medlemmar"/><SP WIDTH="30" VPOS="1974" HPOS="1239"/>
							<String ID="string_383" HPOS="1269" VPOS="1985" WIDTH="45" HEIGHT="19" WC="0.95" CONTENT="nu"/><SP WIDTH="33" VPOS="1985" HPOS="1314"/>
							<String ID="string_384" HPOS="1347" VPOS="1975" WIDTH="9" HEIGHT="29" WC="0.96" CONTENT="i"/><SP WIDTH="32" VPOS="1975" HPOS="1356"/>
							<String ID="string_385" HPOS="1388" VPOS="1975" WIDTH="93" HEIGHT="38" WC="0.96" CONTENT="långt"/><SP WIDTH="31" VPOS="1975" HPOS="1481"/>
							<String ID="string_386" HPOS="1512" VPOS="1977" WIDTH="108" HEIGHT="28" WC="0.96" CONTENT="större"/>
						</TextLine>
						<TextLine ID="line_38" HPOS="127" VPOS="2014" WIDTH="1492" HEIGHT="42">
							<String ID="string_387" HPOS="127" VPOS="2014" WIDTH="238" HEIGHT="38" WC="0.96" CONTENT="utsträckning"/><SP WIDTH="22" VPOS="2014" HPOS="365"/>
							<String ID="string_388" HPOS="387" VPOS="2016" WIDTH="43" HEIGHT="28" WC="0.96" CONTENT="än"/><SP WIDTH="23" VPOS="2016" HPOS="430"/>
							<String ID="string_389" HPOS="453" VPOS="2016" WIDTH="66" HEIGHT="29" WC="0.96" CONTENT="vad"/><SP WIDTH="23" VPOS="2016" HPOS="519"/>
							<String ID="string_390" HPOS="542" VPOS="2025" WIDTH="74" HEIGHT="20" WC="0.96" CONTENT="som"/><SP WIDTH="23" VPOS="2025" HPOS="616"/>
							<String ID="string_391" HPOS="639" VPOS="2017" WIDTH="38" HEIGHT="28" WC="0.96" CONTENT="är"/><SP WIDTH="23" VPOS="2017" HPOS="677"/>
							<String ID="string_392" HPOS="700" VPOS="2017" WIDTH="123" HEIGHT="37" WC="0.96" CONTENT="sakligt"/><SP WIDTH="22" VPOS="2017" HPOS="823"/>
							<String ID="string_393" HPOS="845" VPOS="2017" WIDTH="180" HEIGHT="30" WC="0.93" CONTENT="motiverat"/><SP WIDTH="22" VPOS="2017" HPOS="1025"/>
							<String ID="string_394" HPOS="1047" VPOS="2018" WIDTH="167" HEIGHT="38" WC="0.92" CONTENT="betungas"/><SP WIDTH="23" VPOS="2018" HPOS="1214"/>
							<String ID="string_395" HPOS="1237" VPOS="2020" WIDTH="78" HEIGHT="29" WC="0.93" CONTENT="med"/><SP WIDTH="23" VPOS="2020" HPOS="1315"/>
							<String ID="string_396" HPOS="1338" VPOS="2019" WIDTH="281" HEIGHT="31" WC="0.91" CONTENT="ämbetsutlåtan-"/>
						</TextLine>
						<TextLine ID="line_39" HPOS="127" VPOS="2058" WIDTH="1493" HEIGHT="44">
							<String ID="string_397" HPOS="127" VPOS="2059" WIDTH="65" HEIGHT="29" WC="0.96" CONTENT="den"/><SP WIDTH="31" VPOS="2059" HPOS="192"/>
							<String ID="string_398" HPOS="223" VPOS="2058" WIDTH="9" HEIGHT="29" WC="0.92" CONTENT="i"/><SP WIDTH="31" VPOS="2058" HPOS="232"/>
							<String ID="string_399" HPOS="263" VPOS="2059" WIDTH="513" HEIGHT="39" WC="0.87" CONTENT="befordringsangelägenheter."/><SP WIDTH="55" VPOS="2059" HPOS="776"/>
							<String ID="string_400" HPOS="831" VPOS="2062" WIDTH="65" HEIGHT="30" WC="0.91" CONTENT="Allt"/><SP WIDTH="31" VPOS="2062" HPOS="896"/>
							<String ID="string_401" HPOS="927" VPOS="2063" WIDTH="91" HEIGHT="29" WC="0.96" CONTENT="detta"/><SP WIDTH="31" VPOS="2063" HPOS="1018"/>
							<String ID="string_402" HPOS="1049" VPOS="2063" WIDTH="70" HEIGHT="37" WC="0.96" CONTENT="gör,"/><SP WIDTH="31" VPOS="2063" HPOS="1119"/>
							<String ID="string_403" HPOS="1150" VPOS="2066" WIDTH="47" HEIGHT="27" WC="0.96" CONTENT="att"/><SP WIDTH="30" VPOS="2066" HPOS="1197"/>
							<String ID="string_404" HPOS="1227" VPOS="2063" WIDTH="57" HEIGHT="38" WC="0.96" CONTENT="jag"/><SP WIDTH="31" VPOS="2063" HPOS="1284"/>
							<String ID="string_405" HPOS="1315" VPOS="2073" WIDTH="100" HEIGHT="20" WC="0.96" CONTENT="anser"/><SP WIDTH="30" VPOS="2073" HPOS="1415"/>
							<String ID="string_406" HPOS="1445" VPOS="2064" WIDTH="175" HEIGHT="38" WC="0.96" CONTENT="professor"/>
						</TextLine>
					</TextBlock>
				</ComposedBlock>
				<ComposedBlock ID="cblock_5" HPOS="126" VPOS="2103" WIDTH="1494" HEIGHT="89">
					<TextBlock ID="block_5" HPOS="126" VPOS="2103" WIDTH="1494" HEIGHT="89">
						<TextLine ID="line_40" HPOS="127" VPOS="2103" WIDTH="1493" HEIGHT="43">
							<String ID="string_407" HPOS="127" VPOS="2103" WIDTH="188" HEIGHT="37" WC="0.95" CONTENT="Bergmans"/><SP WIDTH="30" VPOS="2103" HPOS="315"/>
							<String ID="string_408" HPOS="345" VPOS="2104" WIDTH="128" HEIGHT="38" WC="0.96" CONTENT="förslag"/><SP WIDTH="28" VPOS="2104" HPOS="473"/>
							<String ID="string_409" HPOS="501" VPOS="2114" WIDTH="83" HEIGHT="21" WC="0.96" CONTENT="vara"/><SP WIDTH="29" VPOS="2114" HPOS="584"/>
							<String ID="string_410" HPOS="613" VPOS="2106" WIDTH="56" HEIGHT="29" WC="0.93" CONTENT="det"/><SP WIDTH="27" VPOS="2106" HPOS="669"/>
							<String ID="string_411" HPOS="696" VPOS="2125" WIDTH="43" HEIGHT="3" WC="0.92" CONTENT="—"/><SP WIDTH="28" VPOS="2125" HPOS="739"/>
							<String ID="string_412" HPOS="767" VPOS="2106" WIDTH="55" HEIGHT="30" WC="0.96" CONTENT="vid"/><SP WIDTH="30" VPOS="2106" HPOS="822"/>
							<String ID="string_413" HPOS="852" VPOS="2106" WIDTH="97" HEIGHT="30" WC="0.96" CONTENT="sidan"/><SP WIDTH="30" VPOS="2106" HPOS="949"/>
							<String ID="string_414" HPOS="979" VPOS="2117" WIDTH="41" HEIGHT="20" WC="0.95" CONTENT="av"/><SP WIDTH="29" VPOS="2117" HPOS="1020"/>
							<String ID="string_415" HPOS="1049" VPOS="2108" WIDTH="174" HEIGHT="37" WC="0.93" CONTENT="professor"/><SP WIDTH="29" VPOS="2108" HPOS="1223"/>
							<String ID="string_416" HPOS="1252" VPOS="2108" WIDTH="179" HEIGHT="30" WC="0.92" CONTENT="Wicksells"/><SP WIDTH="29" VPOS="2108" HPOS="1431"/>
							<String ID="string_417" HPOS="1460" VPOS="2110" WIDTH="160" HEIGHT="36" WC="0.96" CONTENT="yttrande"/>
						</TextLine>
						<TextLine ID="line_41" HPOS="126" VPOS="2147" WIDTH="1492" HEIGHT="45">
							<String ID="string_418" HPOS="126" VPOS="2147" WIDTH="49" HEIGHT="30" WC="0.95" CONTENT="till"/><SP WIDTH="27" VPOS="2147" HPOS="175"/>
							<String ID="string_419" HPOS="202" VPOS="2148" WIDTH="127" HEIGHT="37" WC="0.96" CONTENT="dagens"/><SP WIDTH="28" VPOS="2148" HPOS="329"/>
							<String ID="string_420" HPOS="357" VPOS="2149" WIDTH="170" HEIGHT="38" WC="0.92" CONTENT="protokoll"/><SP WIDTH="26" VPOS="2149" HPOS="527"/>
							<String ID="string_421" HPOS="553" VPOS="2169" WIDTH="44" HEIGHT="2" WC="0.91" CONTENT="—"/><SP WIDTH="25" VPOS="2169" HPOS="597"/>
							<String ID="string_422" HPOS="622" VPOS="2153" WIDTH="86" HEIGHT="27" WC="0.95" CONTENT="mest"/><SP WIDTH="26" VPOS="2153" HPOS="708"/>
							<String ID="string_423" HPOS="734" VPOS="2150" WIDTH="203" HEIGHT="31" WC="0.95" CONTENT="intressanta"/><SP WIDTH="26" VPOS="2150" HPOS="937"/>
							<String ID="string_424" HPOS="963" VPOS="2152" WIDTH="62" HEIGHT="29" WC="0.96" CONTENT="och"/><SP WIDTH="41" VPOS="2152" HPOS="1025"/>
							<String ID="string_425" HPOS="1066" VPOS="2152" WIDTH="178" HEIGHT="30" WC="0.96" CONTENT="värdefulla"/><SP WIDTH="26" VPOS="2152" HPOS="1244"/>
							<String ID="string_426" HPOS="1270" VPOS="2153" WIDTH="122" HEIGHT="37" WC="0.96" CONTENT="bidrag"/><SP WIDTH="26" VPOS="2153" HPOS="1392"/>
							<String ID="string_427" HPOS="1418" VPOS="2153" WIDTH="48" HEIGHT="30" WC="0.96" CONTENT="till"/><SP WIDTH="29" VPOS="2153" HPOS="1466"/>
							<String ID="string_428" HPOS="1495" VPOS="2153" WIDTH="123" HEIGHT="39" WC="0.96" CONTENT="frågan"/>
						</TextLine>
					</TextBlock>
				</ComposedBlock>
				<ComposedBlock ID="cblock_6" HPOS="126" VPOS="2192" WIDTH="1492" HEIGHT="75">
					<TextBlock ID="block_6" HPOS="126" VPOS="2192" WIDTH="1492" HEIGHT="75">
						<TextLine ID="line_42" HPOS="126" VPOS="2192" WIDTH="1492" HEIGHT="43">
							<String ID="string_429" HPOS="126" VPOS="2201" WIDTH="56" HEIGHT="20" WC="0.96" CONTENT="om"/><SP WIDTH="21" VPOS="2201" HPOS="182"/>
							<String ID="string_430" HPOS="203" VPOS="2193" WIDTH="54" HEIGHT="28" WC="0.96" CONTENT="det"/><SP WIDTH="23" VPOS="2193" HPOS="257"/>
							<String ID="string_431" HPOS="280" VPOS="2192" WIDTH="224" HEIGHT="31" WC="0.93" CONTENT="akademiska"/><SP WIDTH="22" VPOS="2192" HPOS="504"/>
							<String ID="string_432" HPOS="526" VPOS="2194" WIDTH="399" HEIGHT="37" WC="0.91" CONTENT="befordringsväsendets"/><SP WIDTH="23" VPOS="2194" HPOS="925"/>
							<String ID="string_433" HPOS="948" VPOS="2196" WIDTH="266" HEIGHT="31" WC="0.90" CONTENT="reformerande,"/><SP WIDTH="24" VPOS="2196" HPOS="1214"/>
							<String ID="string_434" HPOS="1238" VPOS="2207" WIDTH="73" HEIGHT="19" WC="0.96" CONTENT="som"/><SP WIDTH="24" VPOS="2207" HPOS="1311"/>
							<String ID="string_435" HPOS="1335" VPOS="2198" WIDTH="41" HEIGHT="37" WC="0.96" CONTENT="på"/><SP WIDTH="23" VPOS="2198" HPOS="1376"/>
							<String ID="string_436" HPOS="1399" VPOS="2199" WIDTH="64" HEIGHT="28" WC="0.96" CONTENT="den"/><SP WIDTH="24" VPOS="2199" HPOS="1463"/>
							<String ID="string_437" HPOS="1487" VPOS="2201" WIDTH="131" HEIGHT="27" WC="0.95" CONTENT="senaste"/>
						</TextLine>
						<TextLine ID="line_43" HPOS="126" VPOS="2235" WIDTH="363" HEIGHT="32">
							<String ID="string_438" HPOS="126" VPOS="2235" WIDTH="90" HEIGHT="30" WC="0.96" CONTENT="tiden"/><SP WIDTH="26" VPOS="2235" HPOS="216"/>
							<String ID="string_439" HPOS="242" VPOS="2237" WIDTH="247" HEIGHT="30" WC="0.96" CONTENT="framkommit."/>
						</TextLine>
					</TextBlock>
				</ComposedBlock>
				<ComposedBlock ID="cblock_7" HPOS="124" VPOS="2333" WIDTH="1492" HEIGHT="142">
					<TextBlock ID="block_7" HPOS="124" VPOS="2333" WIDTH="1492" HEIGHT="142">
						<TextLine ID="line_44" HPOS="170" VPOS="2333" WIDTH="1446" HEIGHT="35">
							<String ID="string_440" HPOS="170" VPOS="2333" WIDTH="112" HEIGHT="29" WC="0.96" CONTENT="Större"/><SP WIDTH="29" VPOS="2333" HPOS="282"/>
							<String ID="string_441" HPOS="311" VPOS="2333" WIDTH="224" HEIGHT="30" WC="0.96" CONTENT="akademiska"/><SP WIDTH="30" VPOS="2333" HPOS="535"/>
							<String ID="string_442" HPOS="565" VPOS="2335" WIDTH="215" HEIGHT="31" WC="0.96" CONTENT="konsistoriet"/><SP WIDTH="30" VPOS="2335" HPOS="780"/>
							<String ID="string_443" HPOS="810" VPOS="2337" WIDTH="9" HEIGHT="27" WC="0.96" CONTENT="i"/><SP WIDTH="30" VPOS="2337" HPOS="819"/>
							<String ID="string_444" HPOS="849" VPOS="2336" WIDTH="98" HEIGHT="29" WC="0.96" CONTENT="Lund"/><SP WIDTH="29" VPOS="2336" HPOS="947"/>
							<String ID="string_445" HPOS="976" VPOS="2336" WIDTH="63" HEIGHT="29" WC="0.96" CONTENT="har"/><SP WIDTH="27" VPOS="2336" HPOS="1039"/>
							<String ID="string_446" HPOS="1066" VPOS="2337" WIDTH="125" HEIGHT="31" WC="0.96" CONTENT="anfört,"/><SP WIDTH="29" VPOS="2337" HPOS="1191"/>
							<String ID="string_447" HPOS="1220" VPOS="2341" WIDTH="47" HEIGHT="26" WC="0.96" CONTENT="att"/><SP WIDTH="29" VPOS="2341" HPOS="1267"/>
							<String ID="string_448" HPOS="1296" VPOS="2338" WIDTH="217" HEIGHT="30" WC="0.96" CONTENT="konsistoriet"/><SP WIDTH="29" VPOS="2338" HPOS="1513"/>
							<String ID="string_449" HPOS="1542" VPOS="2339" WIDTH="74" HEIGHT="29" WC="0.96" CONTENT="icke"/>
						</TextLine>
						<TextLine ID="line_45" HPOS="125" VPOS="2385" WIDTH="1489" HEIGHT="40">
							<String ID="string_450" HPOS="125" VPOS="2385" WIDTH="88" HEIGHT="30" WC="0.96" CONTENT="hade"/><SP WIDTH="31" VPOS="2385" HPOS="213"/>
							<String ID="string_451" HPOS="244" VPOS="2385" WIDTH="104" HEIGHT="37" WC="0.96" CONTENT="något"/><SP WIDTH="33" VPOS="2385" HPOS="348"/>
							<String ID="string_452" HPOS="381" VPOS="2388" WIDTH="47" HEIGHT="27" WC="0.96" CONTENT="att"/><SP WIDTH="32" VPOS="2388" HPOS="428"/>
							<String ID="string_453" HPOS="460" VPOS="2386" WIDTH="150" HEIGHT="30" WC="0.96" CONTENT="invända"/><SP WIDTH="33" VPOS="2386" HPOS="610"/>
							<String ID="string_454" HPOS="643" VPOS="2390" WIDTH="70" HEIGHT="26" WC="0.96" CONTENT="mot"/><SP WIDTH="32" VPOS="2390" HPOS="713"/>
							<String ID="string_455" HPOS="745" VPOS="2397" WIDTH="45" HEIGHT="28" WC="0.95" CONTENT="ny"/><SP WIDTH="33" VPOS="2397" HPOS="790"/>
							<String ID="string_456" HPOS="823" VPOS="2388" WIDTH="181" HEIGHT="37" WC="0.95" CONTENT="utredning"/><SP WIDTH="33" VPOS="2388" HPOS="1004"/>
							<String ID="string_457" HPOS="1037" VPOS="2390" WIDTH="147" HEIGHT="29" WC="0.96" CONTENT="rörande"/><SP WIDTH="31" VPOS="2390" HPOS="1184"/>
							<String ID="string_458" HPOS="1215" VPOS="2391" WIDTH="55" HEIGHT="28" WC="0.96" CONTENT="det"/><SP WIDTH="33" VPOS="2391" HPOS="1270"/>
							<String ID="string_459" HPOS="1303" VPOS="2391" WIDTH="224" HEIGHT="30" WC="0.92" CONTENT="akademiska"/><SP WIDTH="33" VPOS="2391" HPOS="1527"/>
							<String ID="string_460" HPOS="1560" VPOS="2392" WIDTH="54" HEIGHT="29" WC="0.82" CONTENT="be-"/>
						</TextLine>
						<TextLine ID="line_46" HPOS="124" VPOS="2437" WIDTH="347" HEIGHT="38">
							<String ID="string_461" HPOS="124" VPOS="2437" WIDTH="347" HEIGHT="38" WC="0.91" CONTENT="fordringsväsendet."/>
						</TextLine>
					</TextBlock>
				</ComposedBlock>
				<ComposedBlock ID="cblock_8" HPOS="1656" VPOS="513" WIDTH="168" HEIGHT="62">
					<TextBlock ID="block_8" HPOS="1656" VPOS="513" WIDTH="168" HEIGHT="62">
						<TextLine ID="line_47" HPOS="1656" VPOS="513" WIDTH="168" HEIGHT="31">
							<String ID="string_462" HPOS="1656" VPOS="513" WIDTH="168" HEIGHT="31" WC="0.96" CONTENT="Professorn"/>
						</TextLine>
						<TextLine ID="line_48" HPOS="1672" VPOS="549" WIDTH="139" HEIGHT="26">
							<String ID="string_463" HPOS="1672" VPOS="549" WIDTH="139" HEIGHT="26" WC="0.96" CONTENT="Carlsson."/>
						</TextLine>
					</TextBlock>
				</ComposedBlock>
				<ComposedBlock ID="cblock_9" HPOS="1631" VPOS="2343" WIDTH="183" HEIGHT="130">
					<TextBlock ID="block_9" HPOS="1631" VPOS="2343" WIDTH="183" HEIGHT="130">
						<TextLine ID="line_49" HPOS="1636" VPOS="2343" WIDTH="172" HEIGHT="26">
							<String ID="string_464" HPOS="1636" VPOS="2343" WIDTH="95" HEIGHT="25" WC="0.93" CONTENT="Större"/><SP WIDTH="12" VPOS="2343" HPOS="1731"/>
							<String ID="string_465" HPOS="1743" VPOS="2344" WIDTH="65" HEIGHT="25" WC="0.92" CONTENT="aka-"/>
						</TextLine>
						<TextLine ID="line_50" HPOS="1659" VPOS="2378" WIDTH="127" HEIGHT="25">
							<String ID="string_466" HPOS="1659" VPOS="2378" WIDTH="127" HEIGHT="25" WC="0.92" CONTENT="demiska"/>
						</TextLine>
						<TextLine ID="line_51" HPOS="1631" VPOS="2413" WIDTH="183" HEIGHT="26">
							<String ID="string_467" HPOS="1631" VPOS="2413" WIDTH="183" HEIGHT="26" WC="0.95" CONTENT="konsistoriet"/>
						</TextLine>
						<TextLine ID="line_52" HPOS="1663" VPOS="2448" WIDTH="116" HEIGHT="25">
							<String ID="string_468" HPOS="1663" VPOS="2449" WIDTH="8" HEIGHT="22" WC="0.96" CONTENT="i"/><SP WIDTH="21" VPOS="2449" HPOS="1671"/>
							<String ID="string_469" HPOS="1692" VPOS="2448" WIDTH="87" HEIGHT="25" WC="0.96" CONTENT="Lund."/>
						</TextLine>
					</TextBlock>
				</ComposedBlock>
			</PrintSpace>
		</Page>
	</Layout>
</alto>
