1886 2852
289 160 107 26 Första
420 159 194 26 kammarens
632 154 129 32 första
794 158 153 34 tillfälliga
969 157 131 28 utskotts
1124 157 155 27 utlåtande
1302 157 43 26 Nr
1370 158 42 25 11.
1583 154 13 28 1

772 421 61 39 Nr
863 421 62 40 11.

718 531 110 24 Ankom
850 530 40 25 till
910 530 167 31 riksdagens
1096 529 92 25 kansli
1208 529 54 25 den
1282 530 32 23 23
1335 528 57 32 maj
1413 529 36 23 kl.
1473 530 27 22 11
1522 528 18 25 f.
1561 536 34 16 m.

315 623 121 30 Första
459 622 220 30 kammarens
712 622 163 37 första
909 622 170 38 tillfälliga
1103 621 146 30 utskotts
1272 621 187 36 utlåtande,
1481 631 41 19 nr
1546 621 49 34 11,

422 684 176 38 angående
629 684 146 38 ändring
806 694 42 20 av
880 684 197 38 grunderna
1109 684 55 36 för
1196 683 56 30 det
1283 681 225 31 akademiska
1541 681 53 29 be-

420 746 348 38 fordringsväsendet.

146 845 13 30 I
185 854 42 20 en
253 844 94 30 inom
373 845 110 30 andra
510 844 201 30 kammaren
737 844 100 29 väckt
863 844 64 29 och
953 843 50 30 till
1030 843 75 30 dess
1133 842 107 30 första
1267 840 170 39 tillfälliga
1463 840 131 30 utskott

101 898 54 30 för
182 897 250 31 förberedande
459 897 258 39 handläggning
743 897 169 30 hänvisad
939 895 142 36 motion,
1109 905 43 20 nr
1178 896 74 34 370,
1279 895 65 29 har
1370 895 81 29 herr
1479 893 112 30 Lund-

100 952 88 30 stedt
211 951 183 35 hemställt,
419 954 50 27 att
492 950 183 39 riksdagen
698 950 79 30 ville
800 950 11 30 i
836 950 162 30 skrivelse
1023 949 49 30 till
1098 950 122 37 Kungl.
1247 948 99 38 Maj:t
1371 946 139 32 anhålla
1534 956 57 21 om

98 1005 254 30 verkställande
379 1014 42 21 av
449 1014 42 20 en
519 1003 133 40 allsidig
680 1003 183 39 utredning
892 1002 177 40 angående
1097 1003 124 29 största
1249 1001 142 39 möjliga
1419 1000 172 39 garantier

97 1058 56 30 för
176 1057 152 39 objektiv
352 1058 66 30 och
442 1057 109 39 saklig
574 1056 258 40 handläggning
856 1057 65 30 och
944 1056 171 40 prövning
1140 1065 41 20 av
1206 1055 10 30 i
1241 1055 176 30 motionen
1442 1054 148 30 avsedda

97 1110 225 31 akademiska
341 1110 383 39 befordringsärenden,
746 1120 57 20 om
822 1110 209 38 vidtagande
1051 1119 41 20 av
1114 1110 66 29 den
1201 1108 168 39 reglering
1390 1117 42 21 av
1452 1107 137 30 beford-

97 1164 267 39 ringsväsendet,
398 1163 113 31 vartill
543 1163 227 39 utredningen
801 1163 58 30 må
891 1163 191 34 föranleda,
1117 1165 90 27 samt
1238 1171 57 21 om
1328 1161 262 38 framläggande

97 1218 56 30 för
176 1217 193 39 riksdagen,
394 1217 11 30 i
429 1218 68 29 den
519 1216 82 31 mån
624 1217 38 30 så
686 1217 184 34 erfordras,
896 1226 42 21 av
964 1216 129 38 förslag
1118 1215 10 30 1
1153 1216 125 29 ämnet.

140 1271 14 30 I
177 1280 42 21 en
241 1270 162 31 likaledes
427 1270 95 30 inom
545 1271 108 30 andra
676 1271 204 29 kammaren
902 1270 103 30 väckt
1027 1269 65 30 och
1115 1269 49 30 till
1188 1270 75 29 dess
1286 1269 109 30 första
1418 1267 170 39 tillfälliga

95 1325 132 29 utskott
252 1323 170 31 hänvisad
448 1323 141 36 motion,
616 1333 43 21 nr
685 1324 73 35 373,
784 1324 65 30 har
875 1323 119 30 vidare
1018 1323 80 30 herr
1123 1322 176 30 Mosesson
1326 1320 186 40 föreslagit,
1539 1323 48 28 att

94 1377 185 39 riksdagen
307 1377 107 30 måtte
441 1377 11 30 i
480 1377 162 30 skrivelse
670 1377 50 30 till
750 1377 122 38 Kungl.
904 1376 100 39 Maj:t
1032 1376 191 34 hemställa,
1254 1378 49 28 att
1333 1375 123 38 Kungl.
1487 1374 101 39 Maj:t

93 1430 106 30 måtte
224 1431 120 30 utreda
368 1431 66 30 och
459 1430 10 30 i
494 1431 65 30 den
582 1430 82 30 mån
690 1430 37 30 så
751 1430 174 30 erfordras
951 1430 55 29 för
1031 1429 184 38 riksdagen
1239 1429 193 38 framlägga
1458 1428 128 37 förslag

92 1484 50 29 till
168 1483 146 39 ändring
339 1493 42 21 av
407 1485 195 37 grunderna
628 1484 55 29 för
708 1484 55 29 det
788 1482 225 31 akademiska
1038 1482 385 38 befordringsväsendet
1448 1481 10 29 i
1482 1481 102 38 enlig-

92 1538 57 29 het
173 1538 79 29 med
277 1537 41 30 de
344 1538 231 37 grundsatser,
600 1546 75 20 som
699 1536 11 30 i
734 1536 193 30 motionens
952 1535 205 38 motivering
1183 1534 155 39 angivits.

136 1590 226 30 Beträffande
385 1589 291 39 motiveringarna
701 1589 125 30 tillåter
851 1589 51 38 sig
926 1589 165 30 utskottet
1114 1587 145 31 hänvisa
1283 1587 50 31 till
1358 1587 225 31 motionerna.

136 1644 117 29 Andra
277 1644 222 29 kammarens
523 1644 130 29 utskott
677 1644 63 29 har
764 1642 157 40 upptagit
945 1642 91 30 båda
1061 1641 215 31 motionerna
1301 1641 50 30 till
1375 1640 209 39 behandling

91 1697 11 30 i
125 1700 46 26 ett
195 1697 263 38 sammanhang.

135 1750 117 30 Andra
276 1750 221 30 kammarens
523 1750 128 29 utskott
676 1750 64 29 har
764 1749 9 29 i
798 1749 56 30 sitt
879 1750 80 29 över
985 1748 215 30 motionerna
1225 1747 146 39 avgivna
1397 1747 185 33 utlåtande,

91 1812 41 20 nr
158 1804 30 34 9,
216 1802 116 31 anfört
357 1803 169 38 följande:

138 1891 154 38 »Frågan
312 1900 57 21 om
390 1892 57 30 det
467 1891 223 30 akademiska
711 1890 399 38 befordringsväsendets
1132 1889 234 38 organisation
1386 1890 64 29 har
1470 1891 113 27 senast

89 1944 88 30 varit
203 1943 144 31 föremål
375 1944 56 29 för
454 1943 183 39 utredning
664 1953 42 20 av
732 1943 94 30 inom
853 1942 487 39 ecklesiastikdepartementet
1366 1943 66 29 den
1462 1943 37 28 18
1526 1942 54 29 de-

88 1997 137 30 cember
258 1997 81 29 1918
372 1996 189 30 tillkallade
591 1996 218 38 sakkunniga
839 1996 79 30 med
949 1996 158 38 uppdrag
1138 1998 48 28 att
1217 1995 136 30 biträda
1385 1995 79 29 med
1495 2004 84 29 upp-

89 2050 151 39 görande
268 2059 40 21 av
336 2049 132 39 förslag
495 2049 10 30 i
532 2049 89 39 syfte
647 2052 49 28 att
721 2049 162 30 befordra
912 2052 46 27 ett
986 2049 288 38 skyndsammare
1301 2047 210 31 tillsättande
1538 2057 41 20 av

88 2103 111 38 lediga
225 2103 206 39 professors-
459 2113 44 19 m.
532 2103 36 29 fl.
596 2102 234 39 befattningar
857 2102 57 30 vid
942 2102 242 30 universiteten
1211 2102 65 30 och
1303 2100 200 31 karolinska
1529 2100 49 30 in-

87 2156 139 30 stitutet.
267 2156 13 29 I
310 2157 99 29 deras
439 2156 10 29 i
477 2155 63 39 juli
572 2156 81 30 1922
684 2155 146 39 avgivna
859 2156 219 29 betänkande
1106 2155 114 30 finnes
1248 2164 42 20 en
1320 2154 150 31 översikt
1499 2155 80 29 över

87 2210 55 29 det
164 2209 223 30 akademiska
408 2209 398 38 befordringsväsendets
827 2208 197 39 utveckling
1045 2208 9 30 i
1077 2207 136 39 Sverige
1240 2207 36 39 (s.
1299 2207 71 39 67),
1392 2207 50 30 till
1464 2207 114 29 vilken

86 2263 165 29 utskottet
270 2261 124 30 tillåter
413 2262 51 38 sig
482 2261 153 31 hänvisa.
669 2257 89 35 Över
775 2262 235 29 betänkandet
1028 2262 148 37 avgåvos
1197 2261 184 38 yttranden
1401 2270 42 21 av
1463 2261 114 29 veder-

86 2315 154 29 börande
270 2314 225 30 akademiska
525 2314 238 39 myndigheter
792 2315 65 29 och
887 2315 254 29 statskontoret.
1195 2314 53 29 En
1279 2314 214 37 redogörelse
1524 2313 55 29 för

86 2367 187 30 innehållet
295 2367 9 29 i
329 2367 98 30 dessa
451 2366 201 31 utlåtanden
677 2368 131 29 lämnas
832 2377 42 20 av
899 2366 182 30 statsrådet
1105 2367 64 29 och
1193 2366 122 30 chefen
1341 2366 54 30 för
1418 2365 158 30 ecklesia-

85 2420 339 38 stikdepartementet
447 2419 9 30 i
480 2420 86 30 hans
591 2420 159 38 yttrande
773 2420 49 29 till
846 2419 374 39 statsrådsprotokollet
1244 2420 81 28 över
1348 2418 228 30 ecklesiastik-

85 2473 152 30 ärenden
262 2473 64 29 den
353 2475 40 27 22
420 2472 135 38 januari
586 2474 81 28 1926
695 2473 6 29 i
728 2473 169 30 samband
924 2473 77 29 med
1028 2472 196 30 avlåtandet
1251 2472 47 30 till
1327 2471 182 38 riksdagen
1535 2481 41 20 av

126 2544 119 35 Bihang
267 2545 44 26 till
333 2544 177 34 riksdagens
532 2544 155 35 protokoll
710 2545 83 26 1930.
833 2545 33 26 12
888 2545 85 26 saml.
1011 2545 10 24 1
1046 2544 65 26 avd.
1148 2545 34 25 10
1204 2544 74 32 häft.
1304 2543 58 27 (Nr
1389 2542 59 29 11.)
1559 2541 13 28 1

1626 1893 126 32 Frågans

1629 1929 118 31 tidigare

1603 1962 179 33 behandling.
