1894 2830
258 154 18 29 2
640 157 394 35 Bevillningsutskottets
1053 156 218 31 betänkande
1288 157 49 30 Nr
1361 158 49 30 20.

307 240 243 31 Förenämnda
576 240 362 37 beräkningsgrunder
963 240 55 30 för
1043 240 190 37 ersättning
1259 240 50 30 till
1338 241 196 36 postverket
1561 240 56 30 för
1643 241 123 30 krono-

263 292 317 36 skatteuppbörden
597 290 22 32 å
638 291 238 37 landsbygden
894 291 176 36 innebära,
1088 294 50 27 att
1158 292 196 36 postverket
1374 290 115 31 såsom
1506 291 191 38 ersättning
1714 291 54 31 för

263 342 214 37 mottagning
493 342 10 30 i
519 342 93 30 form
628 351 43 21 av
686 342 415 37 skattepostanvisningar
1116 343 67 29 och
1199 342 220 37 redovisning
1434 351 42 21 av
1493 342 273 36 uppbördsmed-

263 394 54 29 len
337 392 147 31 erhåller
504 396 46 27 ett
572 393 127 37 belopp
722 402 60 28 per
805 393 175 30 inbetalad
1002 393 200 36 skattepost,
1226 402 74 21 som
1325 395 192 28 motsvarar
1540 393 154 36 avgiften
1714 392 54 31 för

262 444 273 37 medelbeloppet
558 453 42 21 av
622 444 159 36 samtliga
802 443 20 31 å
845 444 79 30 hela
948 444 237 36 landsbygden
1211 444 194 30 inbetalade
1429 444 238 36 skatteposter,
1690 444 78 29 med

263 494 129 38 avdrag
412 503 42 21 av
473 495 19 30 5
512 496 67 29 öre.
624 494 76 31 Den
718 493 146 32 sålunda
881 495 199 30 beräknade
1098 494 234 36 ersättningen
1351 495 131 29 betalas
1503 503 42 21 av
1565 494 203 30 statsverket

264 545 78 30 med
365 545 176 30 anlitande
566 554 43 21 av
635 546 58 30 det
717 546 110 30 under
851 544 102 37 sjätte
978 545 220 30 huvudtiteln
1223 545 176 37 uppförda
1425 545 153 36 anslaget
1602 545 51 30 till
1678 547 89 35 post-

263 596 146 36 avgifter
428 596 54 30 för
500 595 213 38 tjänstebrev
734 597 65 29 och
820 596 119 37 dylika
959 596 241 30 försändelser.

308 671 392 37 Generalpoststyrelsen
718 673 63 29 har
799 673 10 29 i
829 672 54 30 sin
903 672 162 32 skrivelse
1083 672 52 30 till
1156 681 41 21 en
1216 671 126 37 början
1360 672 130 30 anfört:

306 731 57 30 Ett
389 731 178 30 ordnande
595 740 42 21 av
663 732 317 36 skatteuppbörden
1006 731 45 37 på
1077 733 67 29 sätt
1170 741 42 20 av
1238 730 414 31 överståthållarämbetet
1679 730 86 30 före-

264 773 116 37 slagits
406 774 110 31 skulle
539 773 55 32 för
619 775 67 29 den
713 774 293 31 skattebetalande
1029 774 236 31 allmänheten
1287 773 178 35 innebära,
1492 775 48 28 att
1567 773 67 29 den
1660 772 109 30 skulle

263 817 130 35 nödgas
420 816 135 37 erlägga
583 816 109 37 avgift
719 816 56 31 vid
803 817 222 36 användning
1051 826 42 21 av
1121 817 56 30 det
1203 826 66 21 ena
1296 825 42 21 av
1367 816 41 30 de
1434 815 52 31 till
1511 815 89 30 buds
1627 813 142 32 stående

261 858 333 37 uppbördsorganen
618 858 234 38 (postverket),
871 860 126 29 medan
1016 859 157 30 däremot
1191 859 57 30 det
1265 859 109 29 andra
1394 861 140 33 organet
1559 857 201 36 (bankerna)

262 900 110 30 skulle
394 900 52 31 stå
465 900 51 30 till
536 901 208 36 förfogande
766 901 252 30 kostnadsfritt.
1062 900 53 31 Då
1136 902 255 29 kommunerna
1412 900 11 30 i
1444 900 117 30 landet
1581 900 111 30 ordna
1714 899 52 30 sin

262 943 271 37 skatteuppbörd
556 943 51 30 till
630 946 49 27 att
702 944 59 29 ske
783 945 80 28 över
886 944 195 36 postverket
1110 942 188 38 (postgirot)
1326 960 46 4 —
1393 942 104 30 vilket
1520 941 66 31 blir
1610 942 156 30 alltmera

261 985 130 36 vanligt
407 1002 45 4 —
469 986 78 30 sker
565 986 93 30 detta
676 995 145 21 numera
840 985 106 31 oftast
965 985 47 36 så,
1032 988 49 28 att
1100 986 255 29 kommunerna
1375 984 100 37 åtaga
1494 984 49 36 sig
1563 987 48 27 att
1631 984 135 36 erlägga

262 1027 41 30 de
329 1027 121 30 därför
474 1027 171 37 utgående
671 1027 280 38 postavgifterna.
1003 1027 55 31 Att
1085 1026 415 32 överståthållarämbetet
1527 1027 137 30 ändock
1692 1026 74 30 icke

261 1069 57 30 vid
342 1069 205 37 avgivandet
570 1079 43 21 av
636 1070 154 30 nämnda
814 1070 129 36 förslag
966 1069 106 37 ansåg
1096 1069 50 37 sig
1169 1071 120 29 kunna
1313 1068 137 36 föreslå,
1475 1072 49 27 att
1548 1068 217 31 Stockholms

262 1112 76 30 stad
355 1111 111 32 skulle
482 1111 100 37 åtaga
599 1111 51 37 sig
668 1115 49 27 att
733 1112 150 31 bestrida
901 1112 192 30 kostnaden
1112 1111 56 31 för
1184 1112 42 30 de
1245 1111 268 35 skattelikvider,
1533 1120 75 21 som
1627 1112 139 42 komme

261 1156 48 28 att
332 1155 101 35 göras
458 1162 123 28 genom
605 1155 206 36 postverket,
836 1154 197 36 betingades
1060 1154 218 30 uteslutande
1303 1163 43 21 av
1369 1154 254 29 kostnadsskäl.
1672 1154 94 29 Aven

261 1206 57 20 om
339 1206 42 20 en
402 1197 168 30 eventuell
591 1197 275 36 skatteuppbörd
886 1205 123 27 genom
1032 1197 196 36 postverket
1248 1196 164 36 naturligt
1433 1204 67 28 nog
1522 1196 171 30 ordnades
1715 1195 51 30 till

261 1241 48 27 att
332 1240 60 29 ske
414 1240 81 29 över
516 1238 177 38 postgirot,
717 1239 56 30 det
794 1238 168 37 billigaste
984 1239 133 36 postala
1139 1238 305 36 betalningssättet,
1467 1239 141 29 komme
1630 1240 135 34 postav-

261 1281 147 35 gifterna
429 1284 48 27 att
495 1280 117 37 uppgå
632 1280 51 31 tili
703 1280 75 31 icke
798 1281 202 35 oväsentligt
1019 1281 106 36 högre
1147 1281 126 36 belopp
1294 1282 45 29 än
1360 1281 67 30 den
1448 1290 42 20 av
1510 1281 179 30 bankerna
1710 1280 54 31 be-

259 1323 138 36 tingade
418 1323 242 36 ersättningen.
695 1323 134 30 Antalet
852 1323 226 36 skatteposter
1099 1322 11 30 i
1131 1322 201 31 Stockholm
1353 1323 64 29 har
1437 1323 187 30 beräknats
1645 1324 120 34 utgöra

261 1366 10 29 i
286 1368 80 27 runt
381 1365 48 30 tal
445 1366 151 35 840,000.
637 1365 124 30 Därest
774 1365 159 36 samtliga
950 1365 98 30 dessa
1064 1364 180 31 inbetaltes
1261 1373 124 28 genom
1402 1366 195 35 postverket
1614 1365 66 30 och
1696 1374 68 21 me-

261 1407 208 37 delavgiften
487 1416 61 28 per
565 1410 88 34 post,
672 1406 70 37 lågt
761 1407 179 35 beräknat,
960 1410 138 32 antoges
1117 1408 122 35 utgöra
1260 1407 39 29 15
1319 1408 68 34 öre,
1406 1407 110 30 skulle
1536 1407 121 30 staden
1676 1407 88 30 hava

260 1453 48 27 att
326 1450 195 30 vidkännas
540 1459 43 21 en
603 1449 240 36 sammanlagd
864 1449 250 36 portokostnad
1133 1458 42 21 av
1198 1450 138 35 126,000
1356 1450 139 35 kronor,
1515 1448 106 32 vilket
1640 1449 124 37 belopp

260 1491 181 37 väsentligt
462 1493 172 35 överstege
656 1492 67 29 den
744 1491 57 30 vid
823 1491 176 30 anlitande
1019 1501 41 20 av
1081 1491 180 31 bankerna
1282 1492 285 36 uppkommande
1588 1492 175 30 totalkost-

261 1535 123 30 naden.

305 1609 392 37 Generalpoststyrelsen
724 1610 63 29 har
814 1610 118 29 vidare
958 1609 182 36 meddelat,
1170 1612 48 27 att
1244 1610 56 29 det
1327 1610 58 30 vid
1413 1610 41 30 de
1481 1610 284 36 överläggningar

260 1661 110 30 under
389 1661 96 29 hand
504 1661 10 29 i
534 1662 127 34 ämnet,
682 1670 74 20 som
774 1660 110 29 under
904 1662 132 27 senaste
1055 1660 95 29 tiden
1170 1661 56 35 ägt
1246 1669 77 20 rum
1343 1661 128 29 mellan
1490 1663 275 33 representanter

260 1712 55 29 för
351 1710 416 31 överståthållarämbetet
806 1711 65 29 och
912 1710 395 37 generalpoststyrelsen,
1348 1710 176 31 framstått
1563 1709 116 32 såsom
1719 1714 46 27 ett

260 1761 190 37 önskemål,
479 1764 49 27 att
555 1760 133 31 sådana
717 1761 241 36 dispositioner
984 1761 117 30 kunde
1129 1761 136 36 träffas,
1294 1771 74 20 som
1398 1761 55 30 för
1481 1762 121 30 staden
1629 1761 134 37 möjlig-

259 1812 120 36 gjorde
421 1815 48 27 att
508 1812 147 30 hänvisa
683 1812 235 29 allmänheten
945 1812 50 29 till
1024 1812 290 36 skattebetalning
1342 1820 124 28 genom
1493 1813 199 35 postverket
1719 1811 45 37 på

261 1872 135 21 samma
427 1863 123 30 villkor
582 1872 75 20 som
689 1870 123 28 genom
842 1862 189 30 bankerna.
1078 1862 116 36 Enligt
1225 1862 68 30 vad
1323 1863 166 36 styrelsen
1521 1864 161 29 närmare
1712 1866 50 26 ut-

259 1913 135 30 vecklat
420 1908 108 41 (prop.
549 1913 62 30 sid.
632 1909 34 40 3)
690 1913 110 30 skulle
819 1913 56 30 det
895 1912 88 31 både
1002 1913 55 30 för
1077 1913 42 30 de
1139 1913 252 37 skattskyldiga
1410 1914 66 29 och
1494 1913 55 30 för
1568 1914 196 35 postverket

259 1973 83 20 vara
368 1963 232 36 fördelaktigt,
626 1973 58 20 om
712 1963 317 36 skatteuppbörden
1054 1972 125 28 genom
1203 1965 197 35 postverket
1425 1964 117 30 kunde
1566 1965 128 29 ordnas
1719 1963 45 37 på

259 2023 133 21 samma
416 2014 124 30 villkor
563 2014 55 30 för
641 2014 42 30 de
706 2014 251 36 skattskyldiga
979 2024 73 20 som
1076 2014 371 36 skatteinbetalningen
1471 2023 124 28 genom
1618 2015 144 30 banker-

259 2074 55 27 na,
341 2063 131 32 således
497 2067 85 28 utan
608 2067 49 27 att
683 2065 147 30 särskild
856 2065 107 35 avgift
988 2065 157 30 behövde
1169 2067 171 34 upptagas
1365 2074 43 20 av
1434 2065 41 30 de
1500 2065 262 37 skattskyldiga.

259 2114 115 37 Enligt
392 2115 68 30 vad
476 2114 79 31 från
573 2114 432 31 överståthållarämbetets
1023 2115 74 30 sida
1114 2115 201 36 meddelats,
1334 2116 110 29 skulle
1462 2116 92 30 detta
1571 2114 107 32 också
1693 2113 71 32 låta

257 2166 49 37 sig
330 2167 92 36 göra,
449 2166 114 30 därest
588 2169 140 34 postens
754 2166 379 36 inbetalningsavgifter
1159 2166 117 29 kunde
1302 2166 10 29 i
1336 2165 114 37 någon
1475 2164 83 32 mån
1582 2166 182 30 reduceras

259 2216 37 30 så
319 2220 49 26 att
393 2217 42 30 de
457 2217 75 30 icke
556 2217 61 30 allt
640 2217 56 30 för
718 2217 137 36 mycket
879 2218 172 35 överstege
1076 2217 41 30 de
1141 2217 155 36 avgifter,
1322 2218 180 30 bankerna
1524 2216 154 38 betingat
1703 2217 58 36 sig.

260 2266 131 31 Härom
419 2267 101 30 anför
546 2268 168 36 styrelsen
741 2268 128 30 vidare:

301 2326 65 30 Vid
387 2327 42 29 de
450 2326 311 37 undersökningar,
782 2336 75 21 som
879 2326 11 30 i
912 2326 186 37 anledning
1120 2327 109 30 härav
1251 2326 171 37 vidtagits,
1445 2327 64 30 har
1532 2327 228 36 generalpost-

257 2368 166 36 styrelsen
438 2367 146 31 kommit
599 2368 52 30 till
667 2369 67 30 den
749 2368 278 38 uppfattningen,
1044 2371 48 28 att
1108 2369 57 30 det
1180 2368 110 31 under
1306 2368 90 31 vissa
1412 2368 10 30 i
1439 2369 55 30 det
1512 2369 155 36 följande
1684 2369 77 30 när-

256 2418 95 22 mare
376 2409 149 37 angivna
550 2411 294 36 omständigheter
869 2411 118 30 kunde
1010 2420 99 21 anses
1135 2411 139 36 befogat
1300 2414 48 27 att
1374 2411 55 30 för
1453 2421 49 20 nu
1527 2411 235 31 omhandlade

256 2451 146 31 likvider
420 2452 157 36 medgiva
594 2451 110 32 sådan
721 2452 221 38 modifiering
959 2453 11 30 i
988 2453 42 31 de
1047 2453 137 37 vanliga
1201 2453 333 37 avgiftsgrunderna,
1553 2462 75 22 som
1645 2453 45 37 på
1708 2453 52 30 sin
