2215 2667
722 134 228 29 Statsutskottets
978 134 155 28 Utlåtande
1156 134 57 29 N:o
1237 134 52 29 86.
1775 134 39 30 25

199 211 39 36 så
265 216 54 31 att
346 224 45 24 en
418 211 238 37 brådstörtad
682 212 177 49 flyttning
886 212 69 36 och
978 225 45 23 en
1041 210 58 38 för
1117 212 250 46 samlingarna
1385 213 138 46 menlig
1541 214 274 45 magasinering

201 264 29 45 ej
273 262 161 37 behöfva
464 262 240 37 förekomma.
756 263 53 36 På
836 268 71 30 sätt
933 262 164 48 framgår
1124 262 40 37 af
1187 263 71 36 den
1286 264 209 46 utredning,
1524 263 291 37 lifrustkamma-

199 326 84 24 rens
323 313 253 37 föreståndare
611 316 12 34 i
651 315 151 36 ärendet
828 313 199 49 förebragt,
1054 314 200 36 förefinnas
1282 315 204 36 emellertid
1514 315 117 36 andra
1658 321 156 31 omstän-

197 365 183 45 digheter,
407 378 79 23 som
513 365 82 37 med
625 365 278 46 nödvändighet
930 365 156 48 påkalla,
1114 370 54 31 att
1196 379 44 23 en
1268 379 124 23 annan
1418 367 101 35 lokal
1546 367 85 36 med
1654 367 62 36 det
1734 380 80 23 sna-

200 423 99 29 raste
338 416 151 37 beredes
529 415 59 37 för
619 416 359 36 lifrustkammarens
1006 417 210 45 samlingar.
1269 416 128 37 Såsom
1422 417 278 37 föreståndaren
1728 418 86 36 med

200 468 129 47 styrka
368 467 214 44 framhållit,
622 468 129 35 kunna
789 468 188 44 nämligen
1004 468 253 46 samlingarna
1282 468 82 36 icke
1391 468 139 36 erhålla
1557 482 45 22 en
1629 468 88 37 fullt
1744 470 71 35 till-

202 517 284 37 fredsställande
513 518 92 37 vård
632 519 12 35 i
671 518 196 36 nordöstra
895 519 255 45 slottsflygeln.
1190 518 132 36 Denna
1348 520 144 35 lämnar
1517 520 156 35 sålunda
1692 521 29 45 ej
1742 521 70 35 till-

202 570 158 45 räckligt
386 574 187 44 utrymme
601 569 37 36 åt
664 570 262 45 samlingarna,
953 570 60 35 till
1039 568 95 48 följd
1160 569 136 37 hvaraf
1319 570 69 36 ock
1415 583 45 23 en
1488 575 77 31 stor
1584 571 58 35 del
1661 571 40 35 af
1719 571 93 45 dem,

202 620 116 36 bland
358 626 116 30 annat
510 620 161 44 dyrbara
698 620 132 44 sadlar,
858 620 191 45 schabrak,
1076 625 140 41 spetsar
1243 621 69 35 och
1338 621 199 48 kostymer,
1565 622 112 35 sedan
1704 623 108 45 länge

203 672 78 35 icke
308 672 145 35 kunnat
481 673 181 43 utställas;
691 672 69 35 och
789 671 108 37 äfven
924 673 12 34 i
955 671 116 35 andra
1090 670 41 36 af
1145 670 280 38 föreståndaren
1444 672 152 46 angifna
1615 672 194 37 afseenden

202 722 112 36 hafva
354 722 45 36 de
436 722 216 36 nuvarande
678 723 191 36 lokalerna
895 724 95 35 visat
1017 723 55 44 sig
1099 723 203 46 olämpliga
1327 722 59 37 för
1411 723 283 46 ifrågavarande
1720 736 93 24 sam-

201 774 132 44 lingar.
386 772 72 36 Det
484 776 115 33 måste
627 773 125 36 därför
770 774 187 36 betraktas
977 785 79 24 som
1075 786 43 23 en
1138 774 139 47 lycklig
1295 774 184 45 händelse,
1498 779 53 31 att
1568 788 52 22 nu
1639 775 174 47 erbjuder

203 825 55 46 sig
285 822 147 37 tillfälle
459 829 55 30 att
541 823 222 36 åtminstone
789 825 77 35 tills
888 824 127 36 vidare
1032 823 59 36 för
1106 824 103 35 dessa
1228 826 202 45 samlingar
1449 825 139 36 erhålla
1608 838 45 23 en
1667 826 145 47 betryg-

207 874 122 47 gande
356 874 131 36 fristad
506 875 119 36 under
643 875 175 36 nordiska
839 880 157 31 museets
1016 875 98 46 hägn
1128 876 13 35 i
1156 875 80 36 dess
1250 875 229 49 nybyggnad
1498 876 47 47 på
1564 877 126 45 kungl.
1704 877 107 47 Djur-

206 925 151 46 gården.
411 925 73 46 Jag
523 927 67 34 vill
631 926 94 35 dock
761 926 80 35 icke
876 925 165 44 förneka,
1078 931 64 39 att,
1180 926 122 36 därest
1328 927 117 35 utsikt
1470 926 133 37 funnes
1630 933 54 29 att
1710 928 102 35 inom

202 990 46 22 en
275 989 86 23 snar
387 975 153 36 framtid
568 976 104 36 dessa
698 982 138 31 statens
864 977 211 46 samlingar,
1102 977 128 36 hvilka
1256 978 103 34 inom
1377 978 55 45 sig
1450 990 147 34 rymma
1615 978 38 35 så
1672 978 136 48 många

202 1027 59 36 för
300 1027 315 36 fäderneslandets
655 1028 155 37 historia
836 1028 228 36 minnesrika
1090 1026 165 46 föremål,
1282 1027 126 37 kunde
1435 1028 142 36 erhålla
1602 1030 97 45 plats
1725 1030 13 35 i
1766 1043 44 22 en

205 1084 119 30 staten
365 1079 169 47 tillhörig
574 1079 185 45 byggnad,
801 1079 66 35 där
906 1079 176 46 möjligen
1115 1078 109 37 äfven
1251 1084 137 31 statens
1417 1080 197 35 historiska
1643 1093 167 23 museum

204 1129 126 36 kunde
356 1130 216 47 inrymmas,
600 1142 44 23 en
672 1129 114 36 sådan
814 1129 211 46 anordning
1053 1130 119 35 skulle
1199 1142 110 36 synas
1336 1131 77 46 mig
1438 1143 80 23 mer
1543 1131 218 36 tilltalande.

303 1180 135 36 Planer
479 1179 111 37 hafva
629 1181 214 47 visserligen
879 1181 97 36 varit
1007 1180 20 35 å
1059 1181 98 35 bana
1184 1186 55 30 att
1265 1182 77 35 låta
1370 1182 186 46 ombygga
1583 1182 68 35 och
1678 1182 130 36 inreda

201 1231 64 36 det
292 1236 120 31 staten
439 1231 190 47 tillhöriga
655 1244 25 23 s.
707 1232 34 35 k.
759 1230 237 37 Arffurstens
1015 1232 120 45 palats
1149 1232 59 35 till
1223 1245 45 23 en
1282 1232 296 48 museibyggnad
1593 1232 58 36 för
1669 1238 138 31 statens

202 1283 198 35 historiska
439 1294 169 24 museum
648 1282 68 36 och
755 1281 353 37 lifrustkammaren.
1161 1282 258 37 Kostnaderna
1459 1282 126 37 härför
1611 1283 112 37 hafva
1750 1285 60 35 be-

202 1334 151 35 räknats
394 1333 58 35 till
493 1334 173 47 omkring
695 1335 159 43 700,000
881 1334 148 35 kronor.
1082 1333 85 36 Med
1193 1333 144 49 hänsyn
1363 1335 60 35 till
1451 1334 121 36 denna
1598 1334 212 45 betydande

203 1384 161 36 kostnad
391 1384 70 35 och
488 1384 47 35 då
561 1384 229 36 Arffurstens
818 1385 120 47 palats
965 1384 48 48 på
1040 1384 123 45 grund
1182 1383 40 36 af
1238 1386 63 34 sitt
1320 1386 162 35 centrala
1500 1386 82 46 läge
1600 1386 106 35 torde
1725 1386 84 36 med

202 1440 118 31 större
346 1434 119 36 fördel
492 1435 91 35 böra
602 1435 189 36 användas
808 1434 59 36 för
885 1435 117 35 andra
1020 1439 137 31 statens
1177 1442 98 28 ännu
1291 1449 78 22 mer
1382 1436 207 46 trängande
1604 1437 207 46 byggnads-

202 1485 124 45 behof,
353 1486 97 35 lärer
475 1485 86 46 föga
588 1487 114 34 utsikt
729 1487 120 35 finnas
877 1491 54 30 att
957 1486 103 35 inom
1086 1485 234 37 Arffurstens
1347 1488 121 44 palats
1501 1487 141 36 erhålla
1668 1488 143 35 lokaler

202 1536 59 36 för
300 1536 356 36 lifrustkammarens
697 1538 211 44 samlingar.
962 1536 55 35 Då
1058 1536 61 36 det
1154 1537 79 36 icke
1260 1537 115 36 heller
1402 1550 107 32 synes
1536 1539 76 44 mig
1638 1538 171 47 lämpligt

205 1593 63 39 att,
302 1588 6 34 i
336 1586 179 37 afvaktan
543 1587 47 48 på
618 1593 55 30 att
699 1588 12 35 i
738 1587 124 46 någon
890 1600 124 22 annan
1042 1586 192 37 afstatens
1252 1588 216 36 nuvarande
1487 1588 216 48 byggnader
1723 1589 88 35 eller

203 1651 137 35 genom
368 1637 40 36 af
432 1643 119 31 staten
578 1637 59 36 för
663 1638 211 36 ändamålet
891 1638 203 36 verkställd
1112 1638 230 46 nybyggnad
1357 1639 175 47 möjligen
1549 1640 119 34 skulle
1682 1640 129 34 kunna

201 1690 152 35 komma
392 1694 55 30 att
487 1689 183 36 anordnas
711 1689 97 48 plats
848 1687 59 37 för
946 1688 104 36 dessa
1087 1690 305 45 statssamlingar,
1430 1689 76 36 låta
1542 1691 158 45 inpacka
1741 1690 68 36 och

200 1741 234 44 magasinera
461 1739 84 36 dem
573 1740 138 35 kanske
737 1739 58 36 för
822 1753 45 22 en
894 1739 89 46 lång
1010 1740 95 36 oviss
1132 1739 162 46 framtid,
1323 1741 66 35 har
1411 1741 65 46 jag
1503 1746 129 38 ansett,
1653 1746 54 30 att
1722 1754 86 22 man

202 1791 71 35 bör
299 1792 127 43 lyssna
453 1791 56 34 till
538 1791 61 35 det
625 1790 82 36 från
735 1790 177 36 nordiska
939 1796 157 30 museets
1124 1790 80 36 sida
1231 1791 131 45 gjorda
1389 1791 252 46 erbjudandet.

303 1841 16 35 I
346 1841 176 36 nordiska
548 1846 158 31 museets
734 1842 10 34 i
773 1842 73 46 hög
873 1841 91 46 grad
991 1842 281 35 monumentala
1299 1842 176 47 byggnad
1494 1842 47 47 på
1560 1843 127 45 kungl.
1702 1842 108 48 Djur-

206 1892 149 47 gården,
383 1893 151 35 hvilken
562 1892 178 48 byggnad
768 1905 133 34 genom
929 1893 64 35 sitt
1019 1892 70 36 fria
1116 1893 86 47 läge
1230 1893 69 35 och
1325 1892 199 37 frånvaron
1553 1893 40 35 af
1626 1894 182 35 artificiell

204 1944 197 44 belysning
428 1944 11 34 i
466 1944 433 46 utställningslokalerna
926 1955 107 36 synes
1052 1956 90 23 vara
1156 1945 61 35 väl
1235 1944 170 48 skyddad
1423 1949 79 30 mot
1521 1944 150 45 eldfara,
1690 1945 120 35 skulle

201 1993 361 37 lifrustkammarens
578 1994 161 48 dyrbara
754 1995 201 47 samlingar
969 1995 126 35 kunna
1111 1994 140 36 erhålla
1269 1995 188 45 särskilda,
1467 1994 58 37 för
1540 1996 269 46 samlingarnas

205 2045 257 47 uppställning
498 2046 236 47 synnerligen
761 2046 179 46 lämpliga
966 2046 143 35 lokaler
1135 2051 92 30 utan
1254 2045 121 46 någon
1403 2046 407 48 nybyggnadskostnad

204 2095 60 36 för
304 2101 121 31 staten
464 2096 87 36 eller
583 2109 123 22 annan
740 2102 115 30 större
886 2095 113 47 utgift
1026 2103 46 29 än
1100 2096 61 36 det
1187 2109 52 23 nu
1266 2096 58 36 för
1350 2097 138 44 tillsyn,
1517 2096 197 37 underhåll
1741 2097 70 36 och

205 2146 163 45 vård
322 2142 43 57 af
390 2146 361 37 lifrustkammarens
780 2148 203 44 samlingar
1010 2147 183 47 utgående
1221 2153 105 31 extra
1353 2149 150 46 anslage
1548 2148 20 36 å
1597 2150 107 42 6,200
1732 2149 79 34 kro-

204 2211 70 22 nor
314 2211 61 22 om
414 2197 87 36 året.
553 2197 355 37 Lifrustkammaren
944 2198 119 36 skulle
1099 2198 66 36 där
1192 2199 10 34 i
1231 2198 44 36 de
1302 2197 59 37 för
1388 2199 216 35 densamma
1630 2198 182 48 upplåtna

305 2262 64 26 Bih.
390 2261 43 26 till
452 2261 98 26 Biksd.
570 2262 75 26 Prot.
669 2262 81 26 1905.
788 2262 17 26 4
824 2262 77 26 Saw.
938 2262 15 25 1
973 2261 67 33 Afd.
1077 2262 36 26 47
1133 2262 81 33 Häft.
1556 2279 2 2 :
1712 2263 16 24 4
