1876 2804
283 164 17 28 2
718 170 274 31 Statsutskottets
1017 172 175 31 utlåtande
1216 183 42 21 nr
1283 175 69 30 207.

330 251 208 31 Utlåtanden
565 253 9 29 i
603 254 140 29 ärendet
770 255 46 29 ha
843 255 118 31 vidare
991 256 142 35 avgivits
1164 266 42 20 av
1235 257 188 31 statistiska
1451 259 242 37 centralbyrån
1721 262 64 29 och

285 301 270 33 kommissionen
578 303 55 31 för
653 304 203 31 ekonomisk
880 305 371 38 efterkrigsplanering.

328 352 14 30 I
365 353 163 30 skrivelse
553 355 65 29 den
640 355 19 29 2
682 354 137 36 januari
846 356 83 30 1945
953 356 64 30 har
1037 356 273 38 socialstyrelsen
1334 359 117 31 vidare
1475 360 161 37 framlagt
1659 362 129 37 förslag

284 402 49 30 till
367 412 51 20 en
455 404 172 30 allmän
664 405 356 38 undersökning
1053 408 200 30 rörande
1288 410 382 33 levnadsvillkor
1704 414 84 29 och

284 452 387 33 hushållsvanor.

326 503 388 39 Departementschefen
735 507 64 29 har
821 507 56 30 för
898 515 82 28 egen
1002 508 53 30 del
1076 509 116 30 anfört
1212 509 165 37 följande.

326 571 69 31 För
411 575 49 27 att
479 572 102 31 vinna
601 582 42 21 en
660 575 169 35 grundval
847 574 56 31 för
919 576 230 30 bedömandet
1167 587 42 22 av
1228 578 92 31 olika
1337 579 272 36 socialpolitiska
1629 580 159 37 åtgärder

282 613 63 30 och
366 614 57 30 för
440 616 213 35 avvägandet
673 625 42 21 av
735 616 382 36 statstjänstemännens
1137 620 97 30 löner
1254 620 64 30 har
1338 621 57 29 det
1414 622 57 29 vid
1491 622 111 31 skilda
1623 619 161 44 tidpunk-

282 657 50 28 ter
362 655 177 32 befunnits
572 658 216 36 erforderligt
820 663 49 27 att
900 660 155 36 företaga
1087 661 189 32 statistiska
1308 663 300 37 undersökningar
1638 666 148 30 rörande

281 697 268 32 levnadsvillkor
569 700 64 29 och
654 700 266 32 hushållsvanor
940 702 106 31 bland
1068 706 45 27 ett
1135 705 108 29 större
1266 705 82 30 eller
1368 705 135 30 mindre
1524 708 97 29 urval
1642 717 42 22 av
1704 708 80 30 hus-

281 738 80 31 håll.
404 739 196 32 Materialet
641 742 64 30 har
747 742 239 32 framvunnits
1028 752 126 28 genom
1196 746 73 30 dels
1300 746 484 38 hushållsbudgetundersök-

281 781 134 36 ningar,
438 783 73 29 dels
534 783 166 36 enquéter
722 785 108 30 bland
853 794 178 28 personer,
1054 796 76 21 som
1153 791 132 27 ansetts
1310 789 122 30 kunna
1456 790 118 30 lämna
1596 787 189 45 uppgifter,

280 823 92 31 vilka
393 824 88 30 varit
502 826 132 35 ägnade
656 829 48 28 att
726 827 118 36 belysa
866 828 308 32 levnadsstandard
1198 831 64 29 och
1284 831 220 34 levnadssätt.
1528 828 256 45 Budgetunder-

282 866 233 35 sökningarna
536 868 46 30 ha
601 868 166 36 grundats
789 869 165 36 antingen
974 870 46 37 på
1040 870 243 39 årsbokföring
1305 873 82 30 eller
1407 874 145 31 allenast
1572 874 45 37 på
1641 884 43 22 en
1707 877 76 29 kor-

281 911 71 26 tare
372 909 69 30 tids
460 908 185 38 bokföring
673 910 53 37 (28
748 912 107 36 dagar
874 911 130 37 årligen
1024 913 82 31 eller
1127 915 40 29 14
1187 914 107 36 dagar
1314 916 96 36 varje
1431 917 134 30 kvartal
1588 918 82 29 eller
1690 918 93 30 halv-

281 948 59 39 år.)
369 950 97 32 Mera
486 951 214 31 omfattande
725 954 300 36 undersökningar
1048 964 43 22 av
1113 957 57 29 det
1191 956 95 32 förra
1309 958 106 35 slaget
1437 959 47 30 ha
1506 958 176 38 företagits
1705 960 80 30 med

280 991 145 36 ungefär
445 993 47 30 tio
513 993 55 31 års
589 994 207 31 mellanrum
819 997 65 29 och
906 1001 114 26 senast
1041 997 39 31 år
1102 998 93 31 1933.
1219 999 499 38 Korttidsundersökningarna
1738 1003 46 30 ha

280 1033 199 32 tillkommit
505 1036 80 30 med
611 1036 55 30 det
694 1037 159 35 speciella
877 1038 105 36 syftet
1010 1042 48 27 att
1082 1039 87 37 följa
1196 1041 269 31 konsumtionen
1490 1044 110 30 under
1625 1043 161 31 kristider

281 1077 64 29 och
366 1076 47 32 ha
435 1077 215 36 genomförts
675 1078 94 31 såväl
795 1081 111 30 under
928 1080 94 33 förra
1046 1082 110 36 kriget
1179 1092 75 21 som
1277 1101 43 3 —
1344 1084 50 30 till
1420 1085 135 30 relativt
1581 1089 83 27 stort
1690 1087 94 29 antal

278 1135 43 3 —
340 1119 112 30 under
471 1120 56 30 det
546 1129 46 21 nu
611 1120 187 37 pågående.

324 1160 13 30 I
354 1161 68 30 den
436 1161 83 32 mån
533 1163 240 36 utvecklingen
787 1164 161 36 medfört,
965 1168 49 27 att
1028 1166 253 37 omfattningen
1298 1178 43 21 av
1356 1171 132 28 statens
1503 1168 282 32 socialvårdande

280 1203 219 30 verksamhet
517 1204 132 36 vidgats
671 1206 82 30 eller
770 1207 160 35 planeras
949 1208 140 30 komma
1108 1211 48 27 att
1175 1209 92 31 bliva
1290 1210 135 36 vidgad,
1446 1211 65 31 har
1531 1212 71 30 helt
1621 1212 163 36 naturligt

280 1247 46 27 ett
345 1245 83 30 ökat
451 1246 111 31 behov
584 1246 155 37 uppstått
760 1251 49 28 att
830 1249 64 35 äga
918 1249 142 38 tillgång
1084 1250 48 30 till
1152 1251 177 36 uppgifter
1349 1262 58 20 om
1429 1254 268 30 levnadsvillkor
1719 1255 64 30 och

280 1286 267 32 hushållsvanor
574 1299 43 20 av
645 1289 66 31 den
739 1289 268 37 fullständighet
1035 1292 66 30 och
1132 1292 263 37 tillförlitlighet
1424 1303 77 21 som
1532 1296 124 30 endast
1683 1297 101 29 torde

280 1328 119 32 kunna
420 1329 123 30 vinnas
564 1339 124 28 genom
712 1332 427 38 budgetundersökningar
1162 1345 42 21 av
1227 1334 305 38 årsbokföringens
1557 1341 69 33 typ.
1652 1337 64 32 Vid
1742 1348 42 21 en

279 1370 210 31 kommande
512 1372 93 36 dylik
629 1373 260 38 undersökning
910 1375 67 31 blir
999 1377 55 29 det
1076 1377 138 30 särskilt
1237 1378 178 36 angeläget
1436 1381 49 29 att
1506 1380 58 30 vid
1585 1381 131 30 urvalet
1740 1391 43 20 av

278 1413 172 36 deltagare
472 1414 11 29 i
509 1414 302 38 undersökningen
833 1417 179 35 tillgodose
1035 1418 214 31 önskemålet
1272 1429 41 21 ur
1334 1420 248 36 socialpolitisk
1607 1424 175 34 synpunkt

279 1457 48 27 att
352 1455 37 31 få
413 1456 92 30 fram
530 1457 184 36 uppgifter,
744 1467 74 23 som
843 1459 120 36 belysa
985 1459 270 38 hushållningen
1278 1462 107 30 bland
1414 1463 42 29 de
1481 1464 108 35 lägsta
1615 1464 166 31 inkomst-

278 1496 145 38 skikten,
444 1499 65 29 och
530 1499 118 30 kunna
668 1500 105 36 draga
793 1501 178 31 slutsatser
990 1502 206 36 exempelvis
1216 1513 57 21 om
1294 1503 202 33 hushållens
1516 1507 65 29 sätt
1601 1510 48 27 att
1669 1516 112 27 reage-

278 1547 37 22 ra
333 1539 57 30 vid
408 1539 215 32 inträffande
643 1541 244 38 förändringar
905 1554 42 21 av
965 1544 150 31 inkomst
1134 1545 82 31 eller
1234 1546 194 31 barnantal.

322 1580 64 31 Vid
419 1582 83 30 1933
530 1582 54 31 års
613 1583 260 38 undersökning
903 1595 62 21 var
993 1587 55 29 det
1077 1586 249 32 dominerande
1358 1588 103 37 syftet
1492 1593 49 27 att
1571 1590 210 31 framskaffa

277 1623 166 38 material,
466 1625 80 29 med
566 1635 77 21 vars
666 1625 149 38 tillhjälp
838 1627 111 30 skulle
972 1628 118 31 kunna
1111 1629 222 33 konstrueras
1354 1633 47 27 ett
1422 1631 201 37 viktsystem
1647 1632 57 31 vid
1724 1634 56 29 be-

276 1665 193 36 räkningen
488 1676 42 21 av
550 1667 414 32 levnadskostnadsindex
985 1671 64 29 och
1070 1671 57 30 vid
1147 1672 446 38 dyrortsundersökningar.
1616 1675 48 31 Ur
1683 1676 98 30 dessa

277 1708 216 34 synpunkter
515 1710 38 29 är
572 1710 57 30 det
647 1712 47 28 ett
712 1711 111 30 starkt
845 1711 143 31 intresse
1009 1715 48 28 att
1079 1714 64 35 äga
1163 1713 141 37 tillgång
1326 1715 50 30 till
1400 1724 95 23 mera
1517 1717 151 31 aktuella
1691 1718 88 35 data,

277 1750 82 29 enär
385 1750 57 30 det
467 1751 201 35 viktsystem
697 1761 75 21 som
797 1752 57 31 för
877 1754 216 30 närvarande
1119 1756 176 30 användes
1322 1757 51 29 till
1398 1757 146 37 ungefär
1571 1759 43 29 30
1638 1763 143 32 procent

276 1790 127 37 bygger
421 1792 46 36 på
489 1794 83 29 1933
593 1793 55 31 års
670 1794 428 39 budgetundersökningar
1119 1798 65 29 och
1205 1797 11 30 i
1237 1798 109 36 övrigt
1367 1798 46 37 på
1433 1809 42 20 en
1498 1799 39 31 år
1559 1802 80 29 1941
1663 1801 118 31 utförd

275 1833 406 39 korttidsundersökning
701 1840 88 27 samt
807 1836 47 38 på
874 1838 42 30 de
938 1838 218 37 fortlöpande
1177 1840 601 39 konsumtionsundersökningarna;

275 1874 94 31 såväl
396 1876 451 38 korttidsundersökningen
873 1889 75 22 som
974 1881 588 38 konsumtionsundersökningarna
1591 1886 60 29 äro
1678 1886 99 29 emel-

275 1917 99 30 lertid
395 1918 52 29 till
468 1918 89 36 följd
578 1930 41 20 av
643 1920 42 29 de
707 1921 99 31 korta
827 1921 410 37 bokföringsperioderna
1259 1925 130 36 ganska
1411 1927 134 30 osäkra.

319 1958 121 32 Såsom
461 1961 273 37 socialstyrelsen
755 1963 10 30 i
783 1962 55 31 sin
858 1963 255 39 framställning
1135 1965 10 30 i
1166 1967 142 30 ärendet
1327 1966 193 32 framhållit
1539 1969 70 30 kan
1629 1970 56 29 det
1707 1978 71 22 ma-

275 2000 106 38 terial,
406 2011 74 21 som
501 2003 158 30 utvinnes
681 2013 125 27 genom
829 2006 300 36 undersökningar
1149 2017 43 21 av
1213 2007 266 37 ifrågavarande
1503 2011 80 35 slag,
1606 2020 41 27 ge
1671 2013 108 29 andra

275 2043 193 32 värdefulla
494 2046 62 29 rön
584 2045 56 31 för
665 2046 56 30 det
746 2047 177 32 allmänna
948 2066 44 3 —
1018 2050 207 35 exempelvis
1251 2050 57 31 vid
1333 2051 255 37 bedömningen
1614 2064 42 20 av
1681 2055 96 29 verk-

274 2084 169 37 ningarna
461 2097 41 21 av
520 2087 171 32 indirekta
707 2089 128 30 skatter
850 2107 44 3 —
908 2094 90 27 samt
1015 2092 86 29 även
1118 2101 84 22 vara
1218 2102 42 21 av
1275 2093 143 30 intresse
1436 2094 56 30 för
1510 2094 131 32 sådana
1655 2105 124 27 grenar

274 2136 43 21 av
336 2127 232 37 näringslivet,
594 2140 73 20 som
691 2130 215 37 frambringa
930 2134 310 30 standardartiklar
1262 2135 55 30 för
1339 2135 193 32 hushållen.

319 2169 13 30 I
363 2170 67 30 den
462 2170 254 38 framställning
747 2183 56 20 om
833 2173 261 37 igångsättande
1123 2186 42 20 av
1195 2185 41 20 en
1266 2186 46 28 ny
1342 2178 260 38 undersökning
1631 2181 146 29 rörande

274 2211 268 32 levnadsvillkor
570 2214 64 30 och
663 2214 276 36 hushållsvanor,
972 2226 73 21 som
1074 2218 144 35 avgivits
1247 2229 41 21 av
1320 2220 282 37 socialstyrelsen,
1632 2221 146 31 föreslår

274 2254 173 35 styrelsen,
476 2258 49 26 att
551 2256 159 30 metoden
740 2258 78 29 med
845 2257 189 37 detaljerad
1064 2259 301 39 helårsbokföring
1393 2262 10 29 i
1433 2262 107 32 första
1568 2264 94 30 hand
1690 2264 87 31 skall

273 2295 139 32 komma
434 2297 10 29 i
465 2296 97 36 fråga
582 2297 57 31 vid
660 2299 300 36 undersökningar
980 2302 145 29 rörande
1147 2303 271 37 inkomsttagare
1441 2304 10 30 i
1474 2306 301 30 normalinkomst-

272 2337 73 36 läge
367 2338 82 30 eller
472 2339 10 30 i
505 2340 104 35 högre
630 2340 256 38 inkomstskikt,
913 2351 75 21 som
1009 2343 93 30 bilda
1126 2344 276 36 familjehushåll
1423 2347 64 30 och
1510 2348 45 30 ha
1578 2348 196 30 huvudsak-

272 2378 88 36 ligen
387 2381 379 37 kontanthushållning.
793 2383 180 36 Därjämte
997 2384 145 32 föreslår
1166 2387 166 36 styrelsen
1353 2388 165 36 jämsides
1542 2389 145 30 härmed
1711 2391 64 29 och

272 2420 55 31 för
351 2423 109 31 andra
486 2423 61 31 fall
571 2433 42 21 en
640 2424 182 31 förenklad
847 2426 195 37 bokföring,
1072 2428 199 35 varigenom
1295 2430 112 30 skulle
1433 2430 148 32 erhållas
1610 2431 71 30 dels
1707 2432 67 30 viss

271 2463 148 31 kontroll
447 2474 42 21 av
515 2466 344 37 undersökningarna
887 2469 79 29 med
992 2469 188 36 detaljerad
1205 2471 311 37 helårsbokföring,
1544 2473 70 30 dels
1641 2470 132 45 möjlig-
