1930 2816
592 143 306 31 Bankoutskottets
923 143 176 32 utlåtande
1123 144 49 31 Nr
1195 146 49 31 11.
1657 143 13 29 1

841 383 60 40 Nr
929 383 61 40 11.

719 495 111 24 Ankom
848 495 42 24 till
910 496 154 29 riksdagens
1081 496 87 23 kansli
1187 496 50 24 den
1256 494 15 25 4
1291 503 73 17 mars
1383 494 63 25 1941
1465 496 36 24 kl.
1522 495 12 25 1
1555 503 21 17 e.
1595 503 35 17 m.

389 597 182 32 Utlåtande
603 599 11 30 i
644 599 187 37 anledning
863 609 41 21 av
937 600 123 37 Kungl.
1093 600 118 37 Maj:ts
1242 601 216 36 proposition
1490 600 181 37 angående

608 651 156 29 översten
793 652 10 28 i
830 651 170 30 Hallands
1030 654 202 34 regemente,
1260 651 329 36 överstelöjtnanten
1617 650 56 31 vid

607 703 207 34 regementet
832 701 41 30 N.
895 701 36 31 G.
951 701 39 30 K.
1012 701 108 31 Bildts
1140 702 124 36 tjänste
1272 697 346 46 pensionsförmåner.

209 809 13 29 I
249 818 42 20 en
319 809 66 30 den
414 810 36 29 17
476 809 139 36 januari
643 811 79 29 1941
750 811 218 35 dagtecknad
992 811 226 36 proposition,
1247 821 42 20 nr
1314 811 53 36 31,
1396 820 74 21 som
1495 811 178 30 hänvisats

164 859 50 30 till
231 860 301 30 bankoutskottets
550 860 252 31 förberedande
820 861 268 37 handläggning,
1107 861 65 30 har
1191 861 122 37 Kungl.
1334 860 110 37 Maj:t,
1463 861 111 30 under
1592 860 78 31 åbe-

164 911 156 36 ropande
342 919 43 21 av
409 910 258 37 propositionen
691 911 106 36 bilagt
821 912 124 37 utdrag
968 921 43 21 av
1035 911 375 38 statsrådsprotokollet
1434 913 81 29 över
1539 911 131 31 finans-

163 961 152 30 ärenden
334 960 55 31 för
407 970 135 21 samma
560 961 76 37 dag,
656 961 175 37 föreslagit
849 962 184 37 riksdagen
1053 962 167 37 medgiva,
1240 964 49 28 att
1309 962 56 30 för
1383 963 156 29 översten
1559 962 11 30 i
1590 962 80 30 Hal-

165 1012 98 30 lands
283 1014 204 34 regemente,
508 1011 329 37 överstelöjtnanten
858 1012 57 31 vid
935 1014 207 35 regementet
1163 1012 39 30 N.
1224 1012 36 31 G.
1284 1012 39 30 K.
1345 1012 91 31 Bildt
1456 1012 67 36 må,
1545 1013 126 30 räknat

166 1061 78 31 från
271 1063 66 29 och
364 1063 79 30 med
469 1063 66 30 den
564 1063 15 29 1
607 1062 138 37 januari
776 1052 94 46 1941,
898 1063 10 30 i
934 1062 491 38 tjänstepensionshänseende
1452 1063 219 30 fortfarande

168 1113 88 37 gälla
280 1113 69 30 vad
373 1122 74 21 som
471 1113 114 30 finnes
610 1114 134 36 stadgat
769 1115 10 29 i
803 1112 98 38 fråga
926 1123 58 21 om
1007 1114 68 30 den
1100 1123 41 21 av
1167 1115 130 29 honom
1322 1113 75 31 före
1421 1114 159 30 nämnda
1605 1113 66 38 dag

163 1162 198 32 innehavda
387 1163 251 37 beställningen
665 1163 114 31 såsom
805 1163 283 38 regementschef.

210 1225 167 35 Översten
395 1230 100 35 Bildt,
516 1240 75 21 som
608 1232 38 29 är
664 1230 85 32 född
767 1231 67 30 den
853 1232 41 29 22
913 1231 71 37 maj
1007 1232 94 35 1889,
1120 1232 208 30 utnämndes
1347 1232 66 30 den
1436 1233 38 29 13
1494 1231 71 38 maj
1590 1232 82 30 1938

167 1275 48 28 att
238 1272 80 31 från
340 1274 66 29 och
429 1273 79 30 med
531 1274 67 29 den
624 1275 14 28 1
663 1273 63 37 juli
750 1283 136 21 samma
908 1274 39 31 år
969 1283 84 21 vara
1076 1275 132 30 överste
1230 1275 66 29 och
1320 1275 81 30 chef
1423 1274 56 31 för
1502 1274 169 31 Hallands

166 1318 194 34 regemente
389 1315 211 38 (dåvarande
624 1316 163 37 lönegrad
812 1316 29 30 O
866 1315 48 39 6),
939 1316 115 30 vilken
1077 1316 207 38 beställning
1308 1316 79 31 från
1411 1318 66 29 och
1501 1318 80 30 med
1605 1318 66 30 den

168 1359 14 29 1
204 1357 63 37 juli
292 1359 83 29 1939
396 1359 10 29 i
427 1357 391 39 tjänsteförteckningen
840 1359 175 37 upptagits
1038 1358 114 31 såsom
1174 1358 498 37 regementschefsbeställning

171 1400 176 37 (lönegrad
368 1400 54 31 Ob
445 1400 45 38 1).

211 1443 131 30 Genom
367 1443 112 30 beslut
505 1443 66 30 den
598 1444 41 29 30
666 1443 180 30 december
875 1444 82 29 1940
984 1444 64 29 har
1076 1443 121 37 Kungl.
1224 1442 102 37 Maj:t
1353 1443 44 37 på
1424 1444 122 30 därom
1571 1443 101 37 gjord

162 1485 218 35 hemställan,
402 1486 203 35 grundande
626 1486 50 36 sig
695 1486 45 36 på
759 1486 186 36 utredning
968 1487 148 30 rörande
1138 1487 107 29 Bildts
1267 1486 266 36 hälsotillstånd,
1556 1486 116 30 funnit

167 1530 70 34 gott
258 1530 49 28 att
330 1527 79 31 från
431 1528 65 30 och
518 1528 80 30 med
621 1529 66 29 den
711 1529 14 29 1
750 1527 140 38 januari
915 1529 81 29 1941
1021 1528 159 37 förflytta
1202 1529 91 30 Bildt
1316 1529 51 29 till
1390 1528 207 38 beställning
1620 1528 50 31 så-

165 1579 75 21 som
259 1570 285 36 Överstelöjtnant
564 1570 58 30 vid
642 1570 168 31 Hallands
831 1574 203 33 regemenie,
1056 1571 79 30 med
1155 1570 197 31 bibehållen
1372 1570 214 37 tjänstegrad
1606 1570 66 31 och

166 1612 252 37 löneställning.
444 1612 182 37 Samtidigt
649 1613 208 30 beordrades
882 1613 91 31 Bildt
997 1616 49 28 att
1069 1613 79 31 från
1172 1614 65 29 och
1261 1614 80 30 med
1365 1613 217 31 sistnämnda
1606 1614 66 36 dag

165 1655 67 30 tills
257 1655 119 30 vidare
399 1655 193 36 tjänstgöra
615 1655 57 30 vid
697 1656 286 30 försvarsstaben.

208 1698 14 29 I
240 1698 170 30 avseende
428 1696 21 32 å
466 1698 67 30 den
552 1698 177 35 inverkan,
750 1707 75 21 som
844 1699 147 29 berörda
1010 1701 84 27 utan
1114 1697 108 31 Bildts
1242 1701 74 33 eget
1336 1697 215 32 förvållande
1572 1698 98 30 sked-

165 1740 44 30 da
231 1740 222 37 förflyttning
473 1740 51 30 till
546 1740 92 36 lägre
660 1740 207 37 beställning
888 1742 122 29 utövar
1031 1740 21 31 å
1073 1740 109 31 Bildts
1204 1741 162 36 ställning
1389 1742 10 29 i
1421 1741 250 36 pensionshän-

166 1783 132 35 seende,
325 1782 58 30 må
408 1781 204 32 framhållas
638 1782 165 36 följande.

209 1825 13 29 I
245 1825 497 37 familjepensionshänseende
764 1825 65 29 har
851 1824 45 38 på
919 1825 110 36 grund
1051 1835 43 21 av
1117 1825 157 37 gällande
1297 1825 373 37 författningsbestäm-

165 1867 122 30 melser
304 1867 265 36 förflyttningen
587 1867 54 30 för
658 1867 91 30 Bildt
765 1867 76 30 icke
860 1867 149 30 medfört
1027 1867 113 36 någon
1158 1867 184 36 rubbning.
1362 1868 13 29 I
1398 1869 36 28 12
1454 1866 20 38 8
1493 1868 178 29 allmänna

166 1908 520 37 familjepensionsreglementet
713 1910 138 35 stadgas
878 1909 183 36 nämligen,
1089 1912 49 27 att
1164 1909 55 30 för
1245 1909 173 30 ordinarie
1445 1909 225 36 befattnings-

166 1952 137 34 havare,
336 1961 75 20 som
441 1950 143 37 övergår
615 1951 49 30 till
694 1951 195 37 befattning
920 1952 79 29 med
1029 1952 92 35 lägre
1152 1950 477 37 familjepensionsunderlag,
1662 1952 9 29 i

165 1993 498 37 familjepensionshänseende
690 1993 217 31 fortfarande
934 1994 87 30 skall
1049 1993 89 37 gälla
1164 1994 67 30 vad
1257 2003 76 20 som
1359 1994 112 30 finnes
1499 1994 135 36 stadgat
1660 1992 11 30 i

166 2035 97 37 fråga
287 2045 58 20 om
368 2036 67 30 den
458 2036 105 36 högre
587 2036 247 36 befattningen.
859 2036 226 30 Annorlunda
1109 2037 38 29 är
1171 2035 233 31 förhållandet
1428 2036 10 30 i
1462 2037 209 36 tjänstepen-

164 2079 301 30 sionshänseende.
490 2079 13 29 I
525 2078 150 30 militära
696 2078 513 37 tjänstepensionsreglementet
1233 2079 116 29 finnas
1372 2079 75 29 icke
1469 2078 202 30 meddelade

165 2120 106 37 några
290 2121 269 34 bestämmelser,
580 2130 75 20 som
674 2119 203 37 möjliggöra
898 2119 242 32 bibehållande
1161 2130 42 20 av
1221 2130 43 20 en
1285 2120 127 31 militär
1433 2121 237 36 beställnings-

165 2164 137 34 havare,
324 2163 115 29 vilken
461 2162 175 37 förflyttas
657 2162 50 30 till
728 2163 91 35 lägre
840 2162 116 37 tjänst,
978 2162 57 30 vid
1057 2163 41 30 de
1120 2161 479 38 tjänstepensionsförmåner,
1621 2162 50 30 till

166 2205 92 30 vilka
284 2206 71 29 han
382 2205 181 36 grundlagt
589 2206 67 28 rätt
680 2205 11 29 i
716 2205 66 29 den
809 2205 105 35 högre
939 2204 161 37 tjänsten.
1128 2205 120 29 Därest
1275 2205 149 30 särskild
1449 2204 122 37 åtgärd
1598 2205 74 30 icke

166 2247 162 35 vidtages,
354 2247 141 29 komma
520 2246 100 30 alltså
644 2247 53 29 för
722 2247 90 29 Bildt
836 2248 87 28 efter
947 2247 265 36 förflyttningen
1236 2247 50 29 till
1311 2246 359 36 överstelöjtnantsbe-

166 2289 161 36 ställning
350 2291 49 27 att
421 2289 11 29 i
455 2288 98 36 fråga
577 2298 57 20 om
656 2288 461 36 tjänstepensionsunderlag
1140 2289 64 29 och
1228 2288 259 37 pensionsålder
1512 2289 125 29 liksom
1661 2288 10 29 i

165 2331 108 35 övrigt
295 2330 10 30 i
326 2330 491 36 tjänstepensionshänseende
839 2330 92 30 bliva
953 2330 203 36 tillämpliga
1179 2330 53 30 för
1255 2330 95 36 dylik
1374 2330 207 37 beställning
1604 2331 67 35 gäl-

164 2373 102 30 lande
293 2373 259 29 bestämmelser
586 2372 471 36 (tjänstepensionsunderlag
1086 2372 53 30 för
1167 2373 272 34 regementschef
1468 2373 97 34 7,596
1594 2373 76 29 kro-

166 2425 63 20 nor
254 2415 66 30 och
348 2415 53 29 för
427 2414 283 36 överstelöjtnant
736 2415 98 34 6,300
861 2415 141 34 kronor;
1031 2413 258 38 pensionsålder
1317 2415 54 29 för
1399 2415 273 36 regementschef

164 2458 42 29 60
224 2456 39 31 år
283 2457 66 29 och
370 2457 53 29 för
442 2455 283 37 överstelöjtnant
746 2457 41 29 55
807 2456 66 37 år).

200 2513 110 31 Bihang
323 2514 41 24 till
376 2514 166 30 riksdagens
554 2513 144 31 protokoll
712 2514 73 24 1941.
807 2515 16 23 8
835 2513 79 25 saml.
940 2513 39 23 Nr
996 2513 39 24 11.
1626 2512 10 23 1
