1910 2810
551 172 343 28 Jordbruksutskottets
915 170 159 29 utlåtande
1094 178 37 20 nr
1155 171 45 27 40.
1578 168 39 30 19

127 264 162 40 samtliga
313 263 128 31 fonder
468 262 277 39 sammansloges
773 260 52 31 till
852 269 43 21 en
922 259 58 31 för
1007 259 252 40 lappväsendet
1288 265 203 32 gemensam
1520 255 96 32 fond.

126 319 64 39 Jag
209 318 156 31 biträder
388 316 124 32 därför
531 315 168 39 förslaget
723 324 59 21 om
805 313 182 32 bildandet
1011 322 43 22 av
1078 321 43 22 en
1141 311 97 40 dylik
1261 311 96 31 fond.
1394 310 146 31 Erinras
1561 309 58 30 må

129 376 50 27 att
208 372 43 31 de
278 371 12 31 i
317 371 145 30 ärendet
492 369 113 31 hörda
636 370 331 38 representanterna
996 366 57 31 för
1081 367 172 38 lapparna
1285 364 11 31 i
1329 364 199 31 Jämtlands
1559 364 58 29 län

127 426 78 31 icke
227 427 144 29 motsatt
393 423 51 40 sig
469 423 169 39 förslaget
661 425 86 27 utan
769 424 123 33 ansett,
915 423 50 29 att
986 421 79 30 dess
1090 418 277 41 genomförande
1388 417 114 31 skulle
1525 415 93 32 bliva

128 479 52 31 till
207 487 90 31 gagn
322 478 56 31 för
403 476 341 41 lappbefolkningen
772 475 67 31 och
868 474 232 31 renskötseln.

172 532 67 31 Till
266 533 68 30 den
363 539 263 32 gemensamma
656 529 145 36 fonden,
828 527 119 32 vilken
975 526 192 40 lämpligen
1196 535 102 31 synes
1327 526 122 30 kunna
1476 525 142 31 benäm-

126 596 65 21 nas
211 589 131 28 statens
358 584 184 40 lappfond,
559 583 103 31 torde
677 583 43 31 de
740 581 206 32 nuvarande
967 581 193 31 fondernas
1178 580 80 31 hela
1277 577 341 41 kapitalbehållning

128 641 86 30 böra
238 638 191 32 överföras.
469 637 128 31 Vidare
625 636 101 31 torde
753 636 44 31 de
824 635 207 36 inkomster,
1059 643 77 22 som
1164 633 57 31 för
1244 632 222 32 närvarande
1491 632 127 39 inflyta

128 694 52 30 till
203 694 101 30 dessa
325 692 137 36 fonder,
486 691 87 31 böra
596 689 152 32 tillföras
771 689 69 31 den
860 687 192 41 nybildade
1077 687 143 32 fonden.
1257 687 49 30 Av
1329 686 151 31 fondens
1505 685 114 32 medel

128 747 99 31 torde
251 746 37 31 få
313 744 173 33 bestridas
512 745 73 30 dels
608 744 43 31 de
673 742 156 40 utgifter,
852 751 77 22 som
956 741 108 40 enligt
1087 740 162 41 gällande
1271 739 265 32 bestämmelser
1562 739 57 31 för

126 800 221 31 närvarande
372 799 120 39 gäldas
518 807 42 21 av
585 798 44 30 de
652 796 79 40 fyra
755 796 193 31 fondernas
974 795 126 36 medel,
1128 795 66 31 och
1221 794 73 31 dels
1321 794 54 36 de,
1400 803 76 21 som
1501 793 118 31 föran-

128 855 96 30 ledas
249 863 44 21 av
317 853 43 30 de
385 861 43 22 av
452 851 72 40 mig
549 850 11 31 i
588 851 57 31 det
670 849 213 40 föregående
908 849 192 39 tillstyrkta
1128 847 219 40 åtgärderna.
1384 847 70 31 För
1479 855 139 32 genom-

129 907 148 32 förande
299 916 43 21 av
367 906 101 31 dessa
495 904 162 40 åtgärder
681 904 115 30 skulle
817 903 57 31 för
900 902 209 36 Jämtlands,
1135 901 263 31 Västerbottens
1421 901 68 31 och
1516 900 103 31 Norr-

128 962 135 30 bottens
288 961 57 29 län
371 960 125 30 krävas
523 959 130 39 anslag,
679 967 75 21 som
779 957 55 32 för
859 960 76 28 vart
959 957 66 31 och
1050 959 47 28 ett
1124 966 42 21 av
1190 954 213 41 budgetåren
1432 951 188 35 1943/44—

132 1011 141 34 1947/48
300 1013 99 31 torde
425 1013 122 29 kunna
571 1011 176 31 beräknas
772 1010 53 31 till
851 1010 160 39 följande
1035 1009 140 40 belopp,
1201 1008 192 39 nämligen:

889 1077 135 21 Jämtlands
1055 1076 182 22 Västerbottens
1275 1076 159 21 Norrbottens

935 1104 40 21 län
1122 1104 40 20 län
1341 1104 7 3 ä
1519 1093 97 21 Summa

128 1148 56 30 för
208 1146 224 40 uppförande
462 1155 42 21 av
532 1145 312 38 renvaktarstugor
913 1143 15 30 6
946 1143 64 30 000
1101 1143 17 29 9
1139 1142 59 30 000
1292 1141 38 30 15
1344 1141 64 30 000
1500 1141 42 30 30
1555 1140 64 31 000

152 1212 12 16 >»
214 1200 124 39 bidrag
380 1198 53 31 till
473 1196 199 41 utbildning
713 1197 11 30 i
767 1206 76 21 ren-
1256 1202 8 7 :

216 1253 131 31 skötsel
380 1274 456 9 ........sssecerorr
738 1247 102 49 sera
913 1251 14 29 1
944 1250 64 30 200
1100 1250 18 30 2
1133 1249 63 31 400
1309 1249 19 29 4
1342 1248 64 31 800
1521 1249 19 29 8
1554 1248 64 30 400

154 1319 12 15 >
211 1307 123 39 bidrag
378 1306 52 30 till
483 1304 205 40 föreningar
736 1304 107 31 bland

216 1362 171 38 lapparna
414 1355 266 49 .soosssesecer
698 1382 138 7 orena
913 1359 15 29 1
944 1358 65 30 000
1103 1358 14 29 1
1133 1357 63 30 000
1313 1357 14 29 1
1343 1356 64 31 000
1521 1356 20 30 3
1555 1355 64 31 000

154 1426 11 15 >
211 1413 58 32 lån
296 1413 56 31 för
379 1413 110 39 inköp
513 1422 43 21 av
581 1412 155 31 livrenar
766 1436 73 6 ....
913 1411 98 30 6000
1083 1410 116 31 10000
1292 1410 39 29 18
1345 1409 63 31 000
1501 1409 41 30 34
1556 1409 64 30 000

153 1479 12 15 >
210 1466 166 40 belöning
403 1466 58 31 för
486 1466 68 40 god
580 1464 151 33 renvård
765 1489 74 7 ...-.
947 1465 64 30 700
1105 1464 94 30 1400
1312 1464 19 29 2
1345 1463 64 30 800
1522 1463 20 30 4
1555 1462 65 31 900

151 1532 10 13 >»
202 1521 159 31 tekniska
401 1520 212 39 hjälpmedel
654 1519 55 31 för
751 1529 74 21 ren-

211 1566 173 30 skötselns
414 1564 270 31 underlättande
722 1587 117 7 ......
894 1563 39 30 10
947 1562 64 31 300
1080 1562 119 30 22100
1293 1562 38 29 12
1345 1561 63 31 300
1501 1561 42 30 44
1557 1561 63 30 700

155 1630 11 15 >
212 1618 124 40 bidrag
372 1618 53 30 till
462 1618 100 30 lador
602 1617 21 31 å
660 1617 184 39 ströängar

212 1673 66 30 och
313 1672 151 39 stängsel
500 1671 102 39 kring
634 1670 211 40 nyodlingar
916 1671 14 29 1
947 1670 63 30 000
1102 1670 19 30 2
1139 1670 60 30 000
1293 1669 38 30 15
1345 1669 63 30 000
1504 1669 38 30 18
1556 1669 63 30 000

546 1747 143 31 Summa
711 1747 134 30 kronor
891 1747 42 29 26
947 1746 64 30 200
1080 1746 40 29 247
1135 1746 64 30 900
1290 1745 41 30 68
1345 1745 64 30 900
1481 1745 61 30 143
1556 1745 63 29 000

174 1828 69 30 För
268 1827 96 31 tiden
389 1827 89 31 efter
501 1826 206 41 budgetåret
734 1823 142 35 1947/48
901 1827 100 30 torde
1028 1827 58 30 det
1110 1826 77 30 icke
1210 1826 56 31 för
1289 1825 221 31 närvarande
1536 1834 82 22 vara

131 1881 135 39 möjligt
289 1884 49 27 att
364 1881 80 30 med
470 1880 116 39 någon
611 1881 85 38 grad
719 1890 42 20 av
789 1880 163 30 säkerhet
975 1879 191 39 uppskatta
1189 1880 43 30 de
1258 1878 231 39 erforderliga
1516 1878 103 39 utgif-

130 1938 109 27 terna.

198 1987 144 31 Erinras
368 1987 58 31 må
449 1990 50 28 att
523 1987 56 30 för
605 1986 164 31 tekniska
792 1986 216 40 hjälpmedel
1034 1986 96 30 inom
1159 1985 228 31 Norrbottens
1415 1986 59 30 län
1497 1986 123 30 utöver

129 2042 155 30 nämnda
309 2041 138 39 belopp,
474 2042 38 29 12
528 2041 63 30 300
614 2041 143 35 kronor,
782 2040 179 31 erfordras
984 2039 202 40 ytterligare
1212 2038 163 41 omkring
1402 2040 37 29 17
1455 2039 64 31 200
1541 2040 78 30 kro-

130 2105 64 21 nor
214 2095 112 30 under
347 2098 76 27 vart
444 2095 67 30 och
535 2097 46 28 ett
602 2103 42 21 av
665 2093 274 40 ifrågavarande
959 2093 50 36 år,
1033 2093 95 31 vilka
1147 2093 129 39 belopp
1300 2093 175 30 beräknas
1499 2093 120 30 kunna

130 2148 151 31 erhållas
304 2157 42 21 av
367 2148 42 30 de
435 2147 57 31 för
513 2146 218 40 regleringen
754 2157 41 20 av
821 2146 100 31 Stora
949 2147 85 30 Lule
1056 2147 73 30 älvs
1153 2146 170 38 källsjöar
1346 2146 198 39 inflytande
1570 2155 49 21 er-

131 2201 322 39 sättningsmedlen.

174 2253 117 39 Enligt
312 2254 67 30 vad
398 2253 363 39 utredningsmannen
783 2253 119 31 anfört
925 2254 46 29 ha
992 2253 43 30 de
1055 2252 143 39 utgifter
1223 2252 50 31 till
1296 2253 76 30 stöd
1393 2252 35 31 åt
1447 2252 172 39 lapparna

130 2309 67 31 och
220 2308 230 35 renskötseln,
472 2316 76 21 som
570 2307 134 39 gäldats
725 2316 42 21 av
791 2306 112 30 medel
925 2315 43 21 ur
989 2306 43 30 de
1052 2305 79 40 fyra
1156 2305 183 36 fonderna,
1361 2305 113 31 under
1497 2314 122 21 senare

131 2362 40 31 år
194 2361 154 31 normalt
373 2360 130 30 brukat
528 2359 117 40 uppgå
668 2359 53 30 till
745 2358 164 40 omkring
932 2359 64 30 200
1010 2359 64 30 000
1097 2359 132 30 kronor
1256 2358 56 30 för
1338 2358 49 31 år.
1423 2358 116 31 Därav
1564 2359 55 30 be-

133 2417 91 37 löpte
250 2413 10 31 i
286 2417 80 27 runt
389 2413 47 30 tal
461 2413 42 30 66
518 2413 63 30 500
607 2413 132 30 kronor
762 2412 20 31 å
807 2411 174 40 åtgärder,
1003 2421 77 21 som
1105 2411 224 31 motsvarade
1350 2412 43 30 de
1419 2411 200 39 föreslagna

131 2469 65 30 och
218 2477 75 21 som
316 2466 122 31 därför
458 2467 142 30 komme
625 2469 49 27 att
697 2465 177 36 bortfalla,
896 2475 57 21 om
980 2465 167 39 förslaget
1172 2464 148 31 bifölles.
1355 2465 49 31 De
1427 2464 119 40 övriga
1569 2468 50 27 ut-
