1884 2844
529 148 279 32 Statsutskottets
828 148 177 30 utlåtande
1023 147 51 31 Nr
1091 150 26 27 8.
1551 151 11 29 1

755 567 67 41 Nr
848 567 40 41 8.

605 731 115 25 Ankom
740 731 42 25 till
801 730 170 32 riksdagens
989 730 95 25 kansli
1102 730 58 26 den
1179 730 16 25 6
1215 738 76 18 mars
1313 729 71 26 1934
1402 730 38 25 kl.
1460 730 16 25 2
1496 738 23 18 e.
1533 738 37 17 m.

296 875 177 33 Utlåtande
496 875 167 40 angående
685 874 200 41 regleringen
902 873 59 41 för
985 874 186 40 budgetåret
1195 870 192 39 1934/1935
1410 884 41 21 av
1473 873 99 41 utgif-

504 931 91 29 terna
618 929 105 30 under
745 928 193 31 riksstatens
953 924 165 35 åttonde
1133 927 190 39 huvudtitel,
1343 926 229 42 innefattande

505 982 156 41 anslagen
685 982 53 32 till
761 981 462 41 ecklesrastikdepartementet.

1351 1032 65 43 (2:a
1439 1032 88 44 avd.)

614 1220 420 52 Departementet.

123 1320 63 44 1:o)
216 1322 288 41 Förstärkning
527 1330 50 24 av
600 1321 340 33 arbetskrafterna
964 1320 23 33 å
1011 1321 333 40 departementets
1361 1320 213 42 avdelning

77 1386 49 23 av
150 1376 146 41 Kungl.
328 1375 131 41 Maj:ts
492 1375 142 33 kansli.
681 1376 48 31 På
759 1375 112 42 grund
895 1386 43 22 av
963 1375 127 41 Kungl.
1116 1375 116 41 Maj:ts
1257 1375 118 32 därom
1399 1375 12 32 i
1435 1375 65 32 den
1524 1375 50 32 till

77 1431 183 41 riksdagen
292 1430 66 32 den
390 1431 19 31 3
437 1430 137 40 januari
600 1430 86 31 1934
710 1429 137 32 avlåtna
870 1429 254 42 propositionen
1150 1426 52 43 (nr
1228 1426 29 43 1)
1281 1428 177 42 angående
1481 1431 93 30 stats-

77 1484 134 33 verkets
243 1483 153 32 tillstånd
429 1483 65 32 och
521 1483 112 32 behov
660 1484 55 30 för
738 1482 200 41 budgetåret
963 1479 189 39 1934/1935
1176 1482 122 41 gjorda
1320 1482 255 41 framställning

77 1536 123 44 (punkt
226 1539 27 37 1,
290 1536 61 33 sid.
380 1538 15 30 1
422 1547 44 23 av
499 1536 55 33 det
584 1536 58 32 vid
666 1536 254 41 propositionen
944 1535 124 41 fogade
1091 1535 159 42 utdraget
1272 1546 43 22 av
1339 1536 236 41 statsrådspro-

78 1591 140 33 tokollet
241 1595 80 29 över
344 1589 365 33 ecklesiastikärenden
732 1590 54 31 för
808 1588 153 33 nämnda
984 1585 77 45 dag)
1085 1588 196 33 hemställer
1304 1589 173 39 utskottet,

444 1646 49 30 att
517 1643 182 41 riksdagen
722 1644 66 37 må,
813 1642 10 32 i
847 1642 108 32 likhet
978 1642 78 32 med
1079 1642 68 32 vad
1171 1643 54 31 för
1248 1642 231 33 innevarande
1495 1642 80 32 bud-

399 1699 95 40 getår
518 1700 56 38 ägt
597 1708 88 27 rum,
715 1696 49 32 till
797 1696 233 41 förstärkning
1052 1706 43 22 av
1119 1695 288 33 arbetskrafterna
1430 1697 20 31 å
1473 1695 102 33 eckle-

399 1751 405 41 siastikdepartementets
846 1749 185 41 avdelning
1074 1760 42 21 av
1156 1750 129 41 Kungl.
1319 1750 116 40 Maj:ts
1466 1749 111 32 kansli

399 1805 55 31 för
488 1804 201 41 budgetåret
723 1801 189 39 1934/1935
937 1803 118 32 anvisa
1078 1805 48 30 ett
1150 1806 95 29 extra
1269 1803 119 41 anslag
1411 1814 43 21 av
1478 1804 96 38 6,048

399 1858 134 32 kronor.

427 2005 170 50 Arkiv,
625 2005 243 41 bibliotek
897 2004 96 41 och
1020 2015 209 30 museer.

125 2105 64 43 2:o0)
235 2106 267 33 Riksarkivet.
547 2106 16 32 I
586 2106 163 42 förslaget
772 2106 50 31 till
845 2106 138 31 riksstat
1006 2106 54 31 för
1082 2105 203 41 budgetåret
1310 2103 189 43 1934/1935
1515 2105 62 32 har

81 2161 128 41 Kungl.
240 2161 96 40 Maj:t
372 2160 158 42 upptagit
562 2160 56 32 det
653 2160 168 32 ordinarie
854 2159 299 41 förslagsanslaget
1188 2159 51 32 till
1273 2159 203 32 riksarkivet
1499 2159 77 32 med

80 2214 199 32 oförändrat
301 2214 134 41 belopp,
463 2214 141 37 164,800
628 2213 134 32 kronor.

124 2268 17 31 I
175 2269 59 30 två
268 2267 219 41 likalydande
522 2266 176 38 motioner,
727 2266 131 38 väckta,
884 2265 66 32 den
975 2276 62 21 ena
1060 2265 94 31 inom
1180 2266 107 30 första
1311 2265 200 32 kammaren
1535 2276 41 22 av

81 2322 77 30 herr
192 2321 41 31 E.
271 2320 134 40 Sjödahl
429 2318 36 42 (I:
481 2317 53 42 31)
568 2320 64 31 och
666 2319 66 32 den
767 2318 106 32 andra
907 2318 94 31 inom
1025 2318 106 31 andra
1154 2318 202 31 kammaren
1380 2328 43 21 av
1447 2318 76 32 herr
1547 2319 27 31 I.

81 2375 171 31 Anderson
286 2373 11 31 i
333 2372 218 41 Norrköping
586 2370 53 42 (II:
655 2370 64 41 97),
745 2372 60 31 har
828 2370 201 39 hemställts,
1055 2373 48 29 att
1127 2371 183 40 riksdagen
1334 2372 106 30 måtte
1464 2371 8 31 i
1498 2371 79 32 riks-

81 2430 110 29 staten
216 2427 54 32 för
293 2426 201 41 budgetåret
520 2424 189 41 1934/1935
733 2425 147 40 uppföra
904 2424 152 40 anslaget
1079 2423 50 32 till
1150 2424 256 32 icke-ordinarie
1424 2424 154 41 personal

82 2481 57 32 vid
164 2480 202 32 riksarkivet
389 2479 79 32 med
492 2480 121 37 30,100
639 2479 132 31 kronor.

128 2542 112 32 Bihang
260 2541 44 26 till
322 2541 163 32 riksdagens
501 2540 136 34 protokoll
656 2541 78 25 1934.
772 2541 16 23 6
806 2540 80 25 saml.
924 2539 43 26 Nr
985 2540 25 25 8.
1527 2540 11 24 1
