1884 2840
288 172 19 30 4
679 178 117 30 Andra
821 178 239 36 lagutskottets
1086 177 175 32 utlåtande
1285 178 49 30 Nr
1354 179 50 29 53.

295 260 128 31 säkrad
442 260 54 30 för
514 261 109 30 skada
640 261 50 30 till
707 260 88 37 följd
814 270 43 21 av
875 262 182 36 olycksfall
1074 261 11 30 i
1102 262 129 30 arbetet
1255 261 29 40 (1
1306 261 47 39 8).
1397 262 78 30 Med
1494 263 156 29 arbetare
1668 261 128 31 förstås

294 310 10 30 i
323 311 99 36 lagen
438 320 114 26 envar,
571 321 74 21 som
662 315 72 27 mot
749 312 164 37 avlöning
929 312 175 30 användes
1120 312 51 30 till
1186 313 115 30 arbete
1320 313 55 29 för
1392 321 134 21 annans
1545 312 150 38 räkning
1711 316 83 27 utan

294 364 50 27 att
366 362 10 30 i
399 361 218 31 förhållande
638 362 50 30 till
710 363 130 29 honom
864 371 83 22 vara
970 365 49 28 att
1041 372 82 21 anse
1144 362 113 31 såsom
1281 362 225 39 självständig
1529 363 202 36 företagare,
1758 362 37 31 så

294 412 66 30 ock
385 421 103 21 envar
511 422 74 20 som
609 412 55 30 för
687 413 174 30 vinnande
885 422 43 21 av
949 413 300 37 yrkesutbildning
1271 416 84 27 utan
1380 414 162 35 avlöning
1567 414 94 29 utför
1685 414 111 36 dylikt

294 463 117 30 arbete
438 462 29 39 (2
489 462 45 39 $).
580 463 114 37 Enligt
715 463 99 30 dessa
834 464 258 29 bestämmelser
1115 465 59 28 äro
1198 463 130 31 således
1349 465 147 29 ombord
1516 464 20 30 å
1558 465 146 29 svenska
1727 464 68 29 far-

294 516 59 34 tyg
378 512 260 38 tjänstgörande
664 522 163 28 personer
851 514 239 36 obligatoriskt
1114 514 203 30 försäkrade
1344 515 55 29 för
1425 515 183 36 olycksfall
1635 515 7 29 i
1668 515 126 35 arbete,

290 564 193 30 oberoende
500 573 42 21 av
559 573 57 21 om
633 564 218 36 olycksfallet
868 564 213 30 förorsakats
1101 574 42 20 av
1160 564 339 37 krigsförhållanden
1519 566 80 29 eller
1618 565 84 30 icke.
1721 564 74 31 Den

294 614 245 37 obligatoriska
571 614 240 37 försäkringen
846 615 105 36 gäller
982 615 11 30 i
1027 615 475 36 riksförsäkringsanstalten;
1539 615 255 37 arbetsgivaren

294 667 81 35 äger
391 665 189 30 emellertid
599 666 67 29 rätt
685 668 48 27 att
752 666 9 29 i
781 666 112 30 stället
910 668 78 34 taga
1007 666 195 37 försäkring
1222 666 9 30 i
1252 665 123 31 sådant
1394 666 54 30 för
1468 665 197 31 ändamålet
1687 666 107 30 bildat

295 716 197 36 ömsesidigt
515 716 328 36 försäkringsbolag,
868 725 74 21 som
963 717 203 29 omnämnes
1188 717 10 29 i
1220 717 117 36 lagens
1362 717 19 29 4
1404 716 29 37 8.

339 766 133 30 Skadas
494 767 156 29 arbetare
672 767 49 29 till
744 766 90 36 följd
856 776 43 20 av
921 767 183 36 olycksfall
1127 767 10 29 i
1159 768 139 34 arbetet,
1324 767 88 30 skall
1434 785 44 3 —
1499 776 58 21 om
1580 767 218 35 olycksfallet

290 817 151 30 medfört
466 816 172 37 sjukdom,
664 826 74 21 som
761 817 198 30 förorsakat
983 817 124 30 förlust
1131 818 79 29 eller
1236 817 219 37 nedsättning
1481 827 42 20 av
1550 816 244 31 arbetsförmå-

293 876 67 28 gan
378 885 45 3 —
439 867 45 36 på
502 868 112 36 grund
633 877 42 21 av
693 867 242 37 försäkringen
954 868 109 30 under
1083 868 90 30 vissa
1191 868 288 35 förutsättningar
1498 868 50 30 till
1568 868 130 30 honom
1718 868 10 30 i
1748 877 49 21 er-

294 918 152 36 sättning
467 919 132 35 utgivas
622 918 243 36 sjukpenning,
889 928 74 20 som
986 919 57 29 vid
1065 919 124 29 förlust
1210 928 43 21 av
1275 918 299 37 arbetsförmågan
1597 917 100 37 utgår
1719 918 80 31 med

294 969 84 30 visst
395 969 124 35 belopp
538 978 61 26 per
617 969 75 36 dag,
710 969 149 30 bestämt
877 969 11 30 i
905 968 219 31 förhållande
1143 969 49 30 till
1211 969 66 30 den
1297 969 170 30 skadades
1486 968 107 37 årliga
1613 969 185 30 arbetsför-

294 1019 108 36 tjänst
424 1019 66 38 (hel
507 1018 244 40 sjukpenning)
773 1020 66 29 och
856 1019 57 30 vid
929 1020 220 35 nedsättning
1164 1029 42 21 av
1222 1019 299 37 arbetsförmågan
1538 1020 80 29 med
1634 1020 56 29 det
1706 1020 93 36 lägre

294 1070 136 35 belopp,
448 1079 73 21 som
537 1079 119 21 svarar
671 1073 72 27 mot
758 1070 264 36 nedsättningen
1045 1069 30 39 (6
1092 1070 18 37 $
1126 1070 108 31 första
1250 1071 133 36 stycket
1402 1069 27 40 1)
1450 1069 67 40 b)).
1558 1070 131 36 Högsta
1704 1070 94 36 sjuk-

293 1120 153 36 penning
467 1121 38 29 är
527 1121 18 29 5
568 1120 128 30 kronor
719 1121 40 29 50
781 1122 68 33 öre,
875 1130 73 20 som
971 1121 179 34 utbetalas,
1174 1130 57 20 om
1254 1121 66 30 den
1343 1120 108 37 årliga
1473 1120 325 36 arbetsförtjänsten

293 1170 135 37 uppgår
449 1171 50 30 till
523 1172 81 29 eller
628 1171 183 36 överstiger
835 1172 96 34 2,835
957 1171 137 30 kronor.
1142 1171 135 30 Medför
1299 1171 227 37 olycksfallet,
1552 1172 85 29 efter
1662 1172 133 35 upphö-

294 1222 108 30 rande
420 1231 42 20 av
480 1222 106 30 därav
605 1222 206 30 förorsakad
831 1221 174 36 sjukdom,
1025 1222 109 30 under
1153 1223 116 35 längre
1289 1223 81 29 eller
1389 1222 137 30 kortare
1546 1222 49 30 tid
1614 1221 185 31 bestående

293 1272 127 30 förlust
444 1273 80 29 eller
548 1272 220 36 nedsättning
793 1282 42 20 av
861 1271 308 37 arbetsförmågan,
1195 1273 88 29 skall
1308 1273 134 36 utgivas
1466 1273 148 30 livränta
1639 1272 79 30 med
1742 1273 56 30 be-

294 1323 93 36 lopp,
406 1332 74 21 som
497 1322 70 31 står
584 1322 10 30 i
612 1322 82 30 visst
710 1323 162 29 närmare
889 1322 136 36 angivet
1042 1322 219 31 förhållande
1279 1323 50 30 till
1348 1324 66 29 den
1432 1323 170 30 skadades
1621 1322 107 37 årliga
1746 1332 52 21 ar-

293 1373 241 36 betsförtjänst
558 1372 31 39 (6
609 1373 18 36 $
646 1373 109 30 första
774 1373 133 37 stycket
926 1372 30 39 2)
982 1372 64 39 a)).
1068 1372 48 31 På
1135 1374 156 29 ansökan
1310 1383 43 20 av
1372 1374 67 29 den
1458 1374 153 30 skadade
1631 1375 80 34 äger
1729 1374 69 30 för-

294 1423 266 37 säkringsrådet,
580 1424 63 29 när
662 1423 196 37 synnerliga
877 1423 75 30 skäl
971 1424 114 29 därtill
1105 1424 59 29 äro
1183 1423 54 30 för
1256 1424 150 35 handen,
1425 1424 144 35 besluta,
1590 1427 48 27 att
1658 1424 9 29 i
1688 1425 111 29 stället

293 1475 56 29 för
371 1474 146 31 livränta
540 1475 81 29 eller
643 1474 54 30 del
720 1474 106 30 därav
849 1474 51 30 till
923 1474 65 30 den
1012 1474 152 30 skadade
1187 1474 87 30 skall
1297 1474 134 36 utgivas
1454 1477 46 27 ett
1523 1475 131 35 kapital
1678 1474 55 30 för
1756 1484 41 20 en

294 1524 98 37 gång,
419 1525 50 30 till
494 1525 125 35 belopp
646 1525 244 30 motsvarande
915 1525 100 35 högst
1040 1525 189 30 livräntans
1255 1525 82 30 eller
1362 1525 265 30 livräntedelens
1653 1525 145 36 kapital-

294 1576 105 29 värde
417 1576 103 36 enligt
536 1575 160 36 gällande
713 1575 371 36 beräkningsgrunder.

339 1626 73 30 Har
431 1626 218 37 olycksfallet
667 1625 151 30 medfört
838 1626 198 30 arbetarens
1057 1626 78 35 död,
1157 1626 86 30 skall
1264 1626 10 29 i
1295 1626 189 36 ersättning
1503 1626 134 36 utgivas
1658 1627 140 35 begrav-

295 1676 197 37 ningshjälp
519 1676 29 39 (7
572 1676 18 36 $
612 1676 108 30 första
743 1676 132 37 stycket
896 1674 48 41 a))
972 1676 79 30 med
1071 1685 43 21 en
1135 1675 129 31 tiondel
1285 1685 42 21 av
1350 1676 66 30 den
1438 1676 155 31 avlidnes
1614 1675 108 38 årliga
1744 1685 52 21 ar-

292 1726 250 37 betsförtjänst,
562 1727 88 30 dock
669 1727 86 36 lägst
775 1727 61 30 100
854 1727 139 35 kronor,
1012 1730 89 27 samt
1119 1727 165 30 livräntor
1308 1727 28 38 (7
1358 1727 18 37 8
1395 1727 109 30 första
1522 1728 132 36 stycket
1671 1726 51 40 b))
1747 1728 50 30 till

292 1777 234 31 efterlevande
547 1795 45 4 —
613 1778 92 30 änka
727 1777 82 30 eller
834 1777 151 37 änkling,
1009 1778 88 30 barn
1122 1778 64 30 och
1209 1778 241 36 adoptivbarn,
1473 1787 75 21 som
1570 1777 30 38 ej
1625 1778 77 36 fyllt
1727 1788 71 20 sex-

293 1831 60 28 ton
372 1827 49 37 år,
442 1832 88 27 samt
548 1828 109 36 fader,
678 1828 129 37 moder,
828 1828 241 37 adoptivfader
1090 1829 64 30 och
1175 1829 272 36 adoptivmoder,
1467 1829 117 30 därest
1604 1829 42 30 de
1666 1829 56 30 för
1744 1829 57 30 sitt

292 1879 186 36 uppehälle
496 1879 88 30 varit
602 1879 210 36 väsentligen
831 1879 171 30 beroende
1020 1889 42 21 av
1081 1880 66 29 den
1166 1879 154 30 avlidnes
1339 1880 116 30 arbete
1472 1897 45 3 —
1534 1880 199 30 beräknade
1752 1879 46 37 på

293 1930 84 29 visst
395 1930 66 30 sätt
479 1930 10 30 i
507 1929 219 31 förhållande
745 1930 50 30 till
814 1930 66 29 den
899 1929 107 37 årliga
1025 1930 333 36 arbetsförtjänsten.

339 1975 194 41 Överstiger
550 1980 66 30 den
634 1979 107 37 årliga
759 1979 325 37 arbetsförtjänsten
1101 1981 95 34 3,000
1215 1981 138 35 kronor,
1373 1983 92 34 tages
1484 1981 56 30 det
1558 1980 239 37 överskjutan-

294 2031 42 30 de
356 2031 160 35 beloppet
536 2030 76 30 icke
632 2030 11 30 i
663 2030 201 36 beräkning.
910 2030 220 36 Understiger
1150 2031 204 31 densamma
1375 2032 63 29 450
1460 2032 138 35 kronor,
1622 2032 87 30 skall
1731 2031 66 31 den

293 2081 173 30 beräknas
482 2081 50 30 till
549 2081 93 31 detta
656 2081 126 36 belopp
806 2080 30 40 (9
854 2081 18 37 $
890 2080 114 37 fjärde
1021 2080 158 39 stycket).

338 2132 116 36 Enligt
470 2132 40 30 35
528 2132 17 37 8
562 2131 109 37 tredje
688 2132 132 36 stycket
836 2131 56 31 får
908 2133 90 29 avtal
1015 2141 57 21 om
1089 2141 116 21 annan
1221 2132 198 36 försäkring
1436 2133 80 29 eller
1532 2132 198 37 försäkring
1747 2133 50 30 till

293 2182 107 36 högre
416 2183 332 36 ersättningsbelopp
765 2183 45 30 än
827 2183 10 29 i
854 2183 98 35 lagen
970 2183 136 35 stadgas
1122 2200 44 3 —
1181 2183 78 30 med
1276 2183 91 30 vissa
1383 2183 177 36 undantag
1576 2183 222 30 beträffande

293 2233 462 36 riksförsäkringsanstalten
779 2250 45 4 —
848 2233 76 30 icke
950 2234 151 29 avslutas
1128 2243 41 20 av
1195 2234 171 30 anstalten
1393 2234 81 30 eller
1499 2234 111 36 bolag,
1640 2243 73 21 som
1740 2243 56 21 av-

293 2292 52 21 ses
362 2283 10 30 i
388 2284 20 29 4
424 2283 29 37 8.

338 2382 53 30 En
415 2383 214 37 redogörelse
655 2384 54 30 för
733 2384 91 30 vissa
849 2384 142 36 tidigare
1017 2384 255 30 bestämmelser
1299 2383 176 37 angående
1499 2384 295 37 krigsförsäkring

294 2434 64 29 har
376 2434 149 31 lämnats
544 2433 20 32 å
584 2434 61 31 sid.
666 2435 106 30 7—10
791 2435 10 29 i
820 2434 270 37 propositionen.
1133 2434 120 31 Denna
1272 2435 214 36 redogörelse
1508 2434 190 31 innehåller
1717 2436 77 28 när-

294 2493 96 21 mare
414 2485 251 37 upplysningar
687 2485 148 30 rörande
861 2485 42 30 de
926 2484 168 37 åtgärder,
1122 2495 72 20 som
1219 2495 42 20 av
1286 2485 267 31 statsmakterna
1577 2486 10 29 i
1612 2485 74 31 vårt
1713 2485 82 30 land
