2208 2587
729 172 269 33 Statsutskottets
1027 171 175 33 Utlåtande
1226 173 62 31 N:o
1308 176 51 29 46.
1784 177 36 28 11

367 262 36 43 b)
442 261 93 33 inom
576 260 42 33 de
659 258 262 45 församlingar,
963 259 62 34 der
1065 259 66 34 den
1159 259 12 33 i
1199 259 53 34 sin
1280 259 121 34 helhet
1428 259 86 34 eller
1542 259 112 35 delvis
1683 260 181 34 användes

230 313 54 34 till
327 312 109 34 andra
477 310 270 44 församlingars
788 307 164 37 ändamål
993 310 85 33 eller
1110 309 161 34 tillfaller
1298 310 142 43 patroni
1469 310 239 43 ecclesiarum,
1739 310 124 34 endast

229 363 112 34 under
381 362 129 42 vilkor,
552 363 55 32 att
649 360 300 44 församlingarna
981 357 104 47 åtoge
1113 360 54 43 sig
1194 363 55 31 att
1276 360 55 34 till
1359 361 266 34 vederbörande
1652 362 118 33 lemna
1799 360 64 34 full

230 413 199 43 ersättning
470 411 91 35 efter
599 409 114 46 årliga
755 408 466 46 medelmarkegångspriset
1253 408 20 36 å
1301 411 156 43 tionden,
1486 412 146 34 hvilken
1663 411 200 43 ersättning

230 464 114 33 skulle
384 466 186 31 uttaxeras
611 460 39 36 så
691 472 72 24 som
797 472 54 23 om
883 461 390 43 kommunalutskylder
1299 461 12 34 i
1339 462 194 34 allmänhet
1560 472 86 25 vore
1676 462 185 43 stadgadt;

365 517 91 31 samt
496 513 167 43 slutligen
705 516 56 30 att
800 511 208 44 Riksdagen
1035 510 110 36 måtte
1172 512 55 33 till
1254 510 131 46 Kongl.
1416 511 127 45 Maj:ts
1571 513 209 43 disposition
1807 512 56 34 för

230 563 41 36 år
315 566 93 32 1888
451 564 105 34 ställa
598 567 52 31 ett
690 563 281 43 förslagsanslag
1011 562 41 34 af
1088 564 137 41 40,000
1253 563 142 42 kronor,
1426 565 55 32 att
1509 564 185 34 användas
1724 563 55 34 för
1808 563 53 34 be-

230 615 176 34 täckande
447 615 40 34 af
524 615 67 33 den
619 614 203 42 minskning
849 613 12 33 i
888 615 136 32 statens
1051 614 194 33 inkomster
1272 623 43 24 ur
1341 614 275 42 kyrkotionden,
1645 624 73 24 som
1744 613 118 35 blefve

231 676 42 24 en
301 665 87 44 följd
416 666 39 33 ar
480 666 65 33 den
575 664 203 44 föreslagna
807 663 270 44 afskrifningen.

366 714 288 44 Statsutskottet,
683 715 55 33 till
766 715 109 33 hvars
903 714 253 34 förberedande
1184 714 269 44 handläggning
1480 714 230 34 omförmälda
1731 714 131 34 motion

230 766 119 35 blifvit
389 765 184 43 hänvisad,
603 763 56 36 får
686 765 55 34 till
770 775 41 23 en
840 764 126 44 början
995 765 128 42 erinra,
1152 767 56 32 att
1236 765 187 33 enahanda
1451 764 309 44 framställningar
1788 775 72 23 som

230 818 66 33 den
337 827 48 24 nu
424 816 235 35 förevarande
700 815 120 35 blifvit
861 815 40 33 af
928 825 130 24 samme
1090 815 174 34 motionär
1290 815 127 44 gjorda
1446 812 100 37 såväl
1573 815 60 35 vid
1665 817 97 32 1884
1790 825 72 24 som

233 869 95 33 1885
356 866 103 35 årens
487 867 200 42 riksdagar,
717 876 79 23 men
823 864 119 36 blifvit
970 865 40 35 af
1033 865 217 44 Riksdagen,
1279 866 12 33 i
1310 865 158 44 enlighet
1482 866 79 33 med
1576 866 286 33 statsutskottets

228 918 221 42 hemställan,
479 917 172 43 afslagna.

367 965 121 37 Såsom
529 968 79 33 skäl
648 967 55 33 för
744 966 53 34 sin
831 966 209 34 hemställan
1075 977 53 23 om
1162 966 115 43 afslag
1309 963 21 36 å
1363 966 67 33 den
1457 966 60 34 vid
1545 969 141 31 senaste
1714 966 148 43 riksdag

228 1018 132 35 väckta
393 1019 177 33 motionen
602 1017 11 34 i
647 1017 99 34 detta
774 1020 103 30 ämne
905 1016 146 34 anförde
1079 1017 188 41 utskottet,
1296 1019 66 37 att,
1392 1016 109 34 sedan
1528 1016 333 43 skattereglerings-

229 1069 156 34 komitén
425 1069 11 33 i
477 1066 184 36 utlåtande
703 1068 40 33 af
780 1067 66 33 den
884 1068 42 32 18
960 1068 189 33 november
1180 1067 95 33 1882
1304 1066 180 34 framstält
1511 1066 134 44 förslag
1672 1067 12 33 i
1711 1066 149 35 hufvud-

229 1119 161 44 sakligen
431 1119 186 34 enahanda
658 1118 93 42 syfte
793 1127 72 23 som
907 1118 58 33 det
993 1118 10 33 i
1031 1117 177 34 motionen
1235 1117 158 42 afsedda,
1422 1117 149 34 ärendet
1599 1117 120 35 blifvit
1748 1117 112 35 öfver-

229 1170 156 33 lemnadt
426 1169 54 34 till
520 1168 168 43 yttrande
723 1168 40 33 af
787 1167 354 43 kammarkollegium
1169 1167 63 34 och
1261 1168 270 40 statskontoret,
1560 1168 124 33 hvilka
1716 1168 144 33 embets-

229 1220 101 41 verk,
373 1220 89 33 efter
495 1220 58 32 det
581 1219 165 42 samtliga
775 1218 92 33 inom
897 1218 258 34 ofvanberörda
1183 1217 185 43 provinser
1395 1217 184 44 befintliga
1607 1217 255 44 församlingar

227 1270 119 34 blifvit
386 1271 123 41 hörda,
542 1268 157 35 förehaft
727 1268 148 34 ärendet
903 1269 54 33 till
984 1268 215 43 behandling
1227 1268 64 34 och
1319 1268 156 33 beslutat
1503 1268 53 33 till
1585 1267 134 45 Kongl.
1752 1267 109 44 Maj:t

229 1320 137 43 afgifva
394 1318 184 36 utlåtande
606 1320 12 33 i
645 1322 130 39 ämnet,
805 1319 142 33 hvadan
976 1315 104 37 alltså
1108 1316 128 45 frågan
1264 1328 84 24 vore
1376 1319 112 33 under
1514 1318 229 43 behandling.

364 1370 69 34 Till
474 1370 93 34 hvad
609 1369 39 34 af
686 1369 268 34 statsutskottet
995 1369 59 34 vid
1099 1370 94 33 1886
1228 1366 58 36 års
1313 1368 148 43 riksdag
1489 1366 148 36 sålunda
1666 1368 195 34 meddelats

228 1422 66 33 har
334 1422 175 33 utskottet
537 1420 125 34 endast
689 1423 56 30 att
771 1420 162 42 tillägga,
962 1422 66 40 att,
1058 1419 111 43 enligt
1196 1419 95 34 hvad
1318 1419 178 34 utskottet
1522 1419 186 42 inhemtat,
1740 1418 120 35 ofvan-

227 1472 160 33 bemälda
430 1471 241 34 embetsverks
700 1471 65 33 den
797 1471 46 33 30
873 1469 182 34 december
1087 1471 94 32 1885
1210 1469 248 44 dagtecknade
1486 1466 185 37 utlåtande
1700 1469 12 33 i
1741 1471 120 32 ämnet

227 1522 67 33 den
326 1523 42 32 17
399 1522 90 42 april
516 1521 169 34 nästlidet
712 1518 41 36 år
780 1520 184 33 inkommit
991 1520 55 33 till
1072 1520 119 43 kongl.
1222 1519 526 43 ecklesiastikdepartementet,
1769 1522 91 30 samt

228 1574 52 32 att
308 1572 148 33 ärendet
485 1569 105 36 alltså
618 1571 54 33 för
699 1570 227 34 närvarande
953 1571 95 33 lärer
1075 1580 89 24 vara
1193 1567 146 36 föremål
1368 1569 55 34 för
1450 1568 131 45 Kongl.
1612 1569 130 44 Maj:ts
1768 1569 91 43 pröf-

227 1622 100 43 ning;
356 1622 258 33 hemställande
642 1622 188 40 utskottet,

687 1724 55 30 att
769 1721 84 33 herr
880 1720 28 34 I.
938 1718 187 36 Månssons
1153 1720 230 35 omförmälda
1412 1720 131 34 motion
1571 1718 109 36 måtte
1701 1720 40 34 af
1757 1719 103 35 Riks-

635 1772 115 42 dagen
777 1771 134 34 lemnas
939 1774 86 31 utan
1054 1772 175 33 afseende.

363 1872 204 35 Stockholm
596 1873 64 33 den
692 1874 41 32 21
766 1872 79 44 juni
878 1873 104 32 1887.

895 1920 18 15 LJ

775 1969 52 36 På
855 1972 284 33 statsutskottets
1166 1975 153 40 vägnar:

826 2070 203 37 GUSTAF
1058 2070 207 36 SPARRE.
