1890 2782
427 170 122 29 Första
567 169 245 39 lagutskottets
828 168 179 30 utlåtande
1022 177 44 21 nr
1084 169 40 29 12
1138 168 40 29 år
1194 168 82 29 1957
1571 167 36 29 11

105 253 121 39 medge
250 262 42 20 en
316 253 303 39 domstolsmässig
643 252 255 40 överprövning
923 261 41 21 av
988 252 283 29 administrativa
1295 251 231 39 avgöranden.
1554 251 53 29 En

105 304 204 40 lämpligare
329 303 93 30 form
439 304 54 30 för
511 303 241 39 förstärkning
771 312 43 20 av
831 302 499 40 rättssäkerhetsgarantierna
1349 302 97 30 inom
1463 302 144 30 förvalt-

105 354 127 37 ningen
249 354 44 30 ha
313 355 40 29 de
374 354 217 37 sakkunniga
610 356 111 28 ansett
739 363 84 21 vara
841 355 49 28 att
909 353 169 30 förbättra
1096 353 313 30 besvärsinstitutet
1429 353 64 29 och
1511 352 96 30 inom

105 414 121 20 ramen
249 405 55 30 för
324 405 96 30 detta
440 405 141 39 utvidga
603 405 313 39 regeringsrättens
937 404 217 40 kompetens.

151 456 65 29 Vid
230 456 66 29 den
311 456 219 30 omfattande
544 455 341 39 remissbehandling
903 464 75 20 som
993 455 102 39 givits
1111 455 385 39 besvärssakkunnigas
1512 454 96 41 prin-

106 506 279 39 cipbetänkande
401 506 46 29 ha
465 506 121 30 delade
604 506 183 39 meningar
804 506 145 29 uttalats
965 506 11 29 i
994 505 99 40 fråga
1110 515 57 20 om
1185 506 248 39 lämpligheten
1451 515 43 20 av
1510 506 98 29 dom-

107 556 217 42 stolsmässig
344 557 244 30 rättskontroll
607 558 82 29 över
707 557 269 39 förvaltningen.

149 608 100 39 Enlig
270 608 67 30 vad
359 608 170 30 utskottet
550 608 175 31 inhämtat
747 608 55 34 ha,
827 609 107 29 sedan
957 608 66 30 den
1046 608 155 30 nämnda
1223 607 385 40 remissbehandlingen

105 658 181 34 avslutats,
310 658 226 30 förekommit
559 658 290 39 överläggningar
872 658 128 30 mellan
1023 658 416 40 justitiedepartementet
1462 658 66 29 och
1551 658 57 29 be-

106 708 324 40 svärssakkunniga
451 708 179 40 angående
652 709 58 30 det
732 708 166 30 fortsatta
919 708 360 40 utredningsarbetets
1301 708 220 31 bedrivande.
1545 709 63 29 Ar-

107 758 93 30 betet
221 759 44 39 på
287 760 163 28 närmare
474 759 151 30 direktiv
647 759 122 30 härför
791 759 109 40 pågår
921 759 65 30 och
1008 759 70 30 kan
1101 760 124 29 väntas
1247 759 92 31 bliva
1363 759 142 31 slutfört
1529 759 11 30 i
1564 768 44 21 en

104 811 88 29 nära
210 810 155 30 framtid.
386 811 77 29 Med
481 811 139 39 hänsyn
640 811 52 29 till
710 811 67 29 vad
798 811 148 30 sålunda
964 810 100 31 blivit
1083 811 142 40 upplyst
1245 820 103 30 synes
1369 811 104 39 något
1492 810 117 31 initia-

107 859 50 30 tiv
176 860 79 29 från
276 860 207 40 riksdagens
504 861 76 29 sida
600 869 48 21 nu
668 860 30 40 ej
721 860 85 30 böra
827 860 269 40 ifrågakomma.

151 910 116 30 Under
289 910 219 41 åberopande
532 920 43 20 av
598 911 58 30 det
680 911 149 30 anförda
853 911 55 30 får
931 911 171 30 utskottet
1125 911 196 35 hemställa,

460 963 51 29 att
537 962 230 30 förevarande
794 962 183 38 motioner,
1005 962 28 29 I:
1050 962 66 30 220
1141 962 65 30 och
1232 963 46 29 II:
1295 963 74 34 265,
1396 962 76 31 icke
1499 963 108 30 måtte

414 1012 181 31 föranleda
616 1013 115 40 någon
752 1013 207 40 riksdagens
981 1014 133 39 åtgärd.

151 1096 202 30 Stockholm
372 1096 68 30 den
460 1097 18 30 5
500 1106 95 21 mars
620 1097 83 30 1957

544 1197 49 31 På
616 1197 112 30 första
749 1198 248 39 lagutskottets
1019 1199 148 38 vägnar:

665 1273 120 31 OLOV
810 1274 242 30 RYLANDER

453 1525 63 31 Vid
534 1526 95 29 detta
651 1526 146 30 ärendes
819 1526 210 40 behandling
1047 1526 46 30 ha
1112 1526 157 30 närvarit

155 1584 80 30 från
289 1585 138 29 första
455 1584 223 31 kammaren:
696 1585 122 29 herrar
834 1585 173 34 Ahlkvist,
1023 1586 181 39 Branting,
1220 1586 186 35 Lodenius,
1425 1586 57 29 fru
1499 1586 112 30 Gärde

107 1626 188 35 Widemar,
312 1627 122 30 herrar
451 1627 121 35 Domö,
592 1628 208 39 Lindgren",
820 1628 85 29 Erik
925 1628 171 39 Svedberg
1114 1628 65 30 och
1198 1628 297 36 Alexanderson";
1518 1631 92 28 samt

153 1685 80 30 från
262 1686 148 29 andra
439 1686 222 30 kammaren:
684 1687 81 29 herr
786 1687 186 39 Rylander,
992 1687 58 29 fru
1071 1687 210 35 Johansson,
1305 1688 122 29 herrar
1447 1688 163 39 Fröding,

108 1728 193 30 Jacobsson
323 1729 12 28 i
357 1729 89 34 Sala,
469 1729 174 30 Svensson
663 1729 11 29 i
696 1729 206 40 Krokstorp,
926 1729 202 30 Andersson
1149 1731 11 29 i
1182 1730 212 39 Björkäng”,
1415 1731 196 39 Lundqvist

109 1770 66 29 och
194 1771 161 29 Eliasson
375 1771 11 29 i
407 1771 212 30 Stockholm.

146 1847 10 9 "
176 1847 33 30 Ej
228 1847 181 25 närvarande
425 1848 48 23 vid
490 1847 181 25 utlåtandets
687 1847 153 31 justering.

710 2041 301 34 Reservation

111 2132 41 20 av
177 2123 79 28 herr
279 2123 185 38 Rylander,
490 2123 57 29 fru
572 2124 111 29 Gärde
710 2124 188 39 Widemar,
923 2123 121 29 herrar
1068 2124 121 36 Domö,
1214 2124 163 39 Fröding,
1401 2125 174 30 Svensson
1601 2125 11 29 i

109 2173 194 39 Krokstorp
328 2174 65 28 och
416 2173 160 30 Eliasson
601 2174 11 29 i
641 2174 212 33 Stockholm,
878 2174 94 29 vilka
996 2183 42 20 av
1063 2174 87 34 skäl,
1176 2184 74 19 som
1278 2175 136 29 anförts
1440 2184 41 20 av
1505 2185 106 19 ovan-

111 2223 154 29 nämnda
286 2225 218 27 reservanter
525 2224 57 29 vid
608 2224 83 29 1956
714 2224 56 29 års
793 2224 153 38 riksdag,
970 2226 123 36 ansett,
1117 2227 50 26 att
1190 2225 170 29 utskottet
1384 2225 76 29 bort
1483 2226 129 29 föreslå

108 2274 187 38 riksdagen
312 2276 50 27 att
380 2274 74 39 giva
473 2275 125 38 Kungl.
616 2274 106 39 Maj:t
739 2274 51 29 till
808 2275 118 29 känna
944 2275 205 38 riksdagens
1169 2276 218 38 synpunkter
1404 2277 148 28 rörande
1571 2277 41 29 de

110 2323 187 38 riktlinjer,
328 2324 89 28 efter
443 2324 94 29 vilka
564 2324 58 29 det
649 2324 188 38 planerade
866 2324 341 38 utredningsarbetet
1235 2325 222 30 beträffande
1485 2326 124 39 frågan

111 2382 57 20 om
189 2373 301 39 domstolsmässig
510 2374 172 39 prövning
702 2383 42 20 av
764 2374 209 38 rättsfrågor
994 2374 9 29 i
1026 2374 257 40 förvaltningen
1307 2376 10 28 i
1339 2375 273 40 fortsättningen

109 2423 62 29 bör
191 2423 169 29 bedrivas.
