1896 2842
495 168 394 37 Bevillningsutskottets
911 168 219 31 betänkande
1149 167 49 31 Nr
1225 168 48 30 16.
1606 172 18 20 d

157 249 270 35 Ämbetsverken
446 254 91 30 hava
558 253 117 30 vidare
695 252 129 31 anfört:

160 322 94 30 »Den
272 322 11 29 i
302 321 218 31 motionerna
538 320 114 31 såsom
671 320 367 36 klarmedelssurrogat
1057 319 213 30 betecknade
1288 328 108 21 varan
1414 319 98 30 torde
1530 318 10 30 i
1558 317 63 31 lik-

112 365 58 30 het
188 365 80 29 med
287 365 56 29 det
361 364 184 30 inhemska
564 363 216 30 klarskinnet
799 372 82 21 vara
901 362 188 30 framställt
1108 372 42 20 av
1170 360 198 32 fiskblåsor.
1412 361 64 30 Det
1495 361 127 36 impor-

113 407 116 30 terade
259 407 214 35 klarmedlet,
505 416 75 20 som
610 407 90 29 lärer
728 406 144 30 härröra
903 404 80 31 från
1013 404 117 31 blåsor
1159 414 41 21 av
1232 406 107 28 större
1369 404 120 35 fiskar,
1522 413 100 27 synes

112 451 91 29 hava
224 448 182 38 undergått
428 459 43 20 en
492 449 135 30 relativt
648 448 216 31 omfattande
884 447 191 37 beredning
1095 456 123 28 genom
1241 447 158 37 valsning
1421 456 45 20 m.
1489 456 46 20 m.
1557 446 66 30 och

113 493 234 29 förekommer
368 492 50 30 till
437 492 129 36 import
587 491 165 36 antingen
771 491 10 30 i
802 492 108 29 större
929 490 358 36 halvgenomskinliga
1307 490 81 30 blad
1409 490 82 29 eller
1511 489 110 30 mind-

112 545 36 20 re
173 535 224 30 kvadratiska
423 535 81 29 eller
528 534 244 36 rektangulära
796 534 99 29 bitar.
944 533 121 30 Redan
1088 532 38 31 år
1153 533 80 30 1931
1261 531 132 38 förelåg
1416 531 125 37 frågan
1566 541 57 21 om

113 578 112 30 denna
252 578 141 30 artikels
421 576 221 37 tulltaxering
669 577 50 30 till
746 576 195 36 avgörande
969 576 96 30 inom
1094 575 380 37 generaltullstyrelsen,
1503 575 120 30 varvid

112 621 204 30 densamma
337 620 190 30 hänfördes
549 620 51 30 till
622 620 186 30 tulltaxenr
830 620 63 29 278
921 618 194 38 (statistiskt
1136 628 42 20 nr
1199 617 93 38 616),
1315 618 106 30 vilket
1444 621 178 26 taxenum-

112 672 74 21 mer
205 662 166 31 omfattar
391 662 176 37 ”Draglim,
588 662 183 30 kaseinlim
789 662 65 29 och
873 662 120 34 andra,
1014 661 31 36 ej
1065 661 138 30 särskilt
1223 661 155 30 nämnda
1397 661 74 36 slag
1489 670 42 21 av
1551 660 71 34 lim,

111 706 76 29 icke
214 705 170 36 flytande;
413 706 166 29 ävensom
608 705 97 35 vals-,
736 704 172 36 autograf-
939 704 66 30 och
1034 703 302 36 hektografmassa
1365 706 89 27 samt
1483 703 140 30 arbeten

113 748 127 35 därav”,
269 749 79 29 med
375 748 63 29 tull
464 757 43 21 av
533 748 42 29 20
602 748 129 29 kronor
757 747 55 30 för
841 747 61 29 100
930 747 180 35 kilogram.
1161 746 64 30 Det
1251 746 233 35 importerade
1511 744 110 31 kaffe-

113 791 204 30 klarmedlet
336 791 38 29 är
394 790 76 30 icke
488 789 115 37 någon
622 799 46 28 ny
687 790 152 36 produkt
858 793 84 26 utan
961 789 66 30 har
1047 789 104 36 enligt
1171 788 272 30 kemikontorets
1464 788 159 36 yttrande

112 833 225 30 förekommit
360 831 46 38 på
430 833 67 30 den
520 832 147 31 svenska
691 832 217 30 marknaden
932 832 107 30 sedan
1064 830 39 31 år
1128 832 94 29 1927.

158 876 116 29 Under
294 875 231 31 förenämnda
546 875 188 30 statistiska
753 884 42 20 nr
813 875 64 29 616
897 874 85 30 falla
1002 883 43 21 en
1066 872 181 38 mångfald
1267 873 93 31 olika
1381 873 179 30 kvaliteter
1580 883 43 20 av

112 918 61 30 lim
193 918 66 30 och
277 918 200 35 limämnen,
499 918 105 29 vilket
624 917 137 30 medför
779 920 49 27 att
848 917 360 30 handelsstatistikens
1229 915 121 32 siffror
1369 916 76 30 icke
1465 916 78 36 giva
1564 914 58 31 nå-

112 969 67 27 gon
200 960 146 37 egentlig
367 960 139 37 ledning
528 960 56 30 för
604 960 231 30 bedömandet
856 969 42 21 av
919 960 43 30 de
983 959 207 30 kvantiteter
1211 969 43 20 av
1277 959 234 29 omhandlade
1533 958 88 30 klar-

112 1003 121 35 medel,
257 1012 75 21 som
354 1003 221 35 importerats
597 1003 110 29 under
729 1003 43 29 de
793 1011 119 21 senare
934 1001 93 31 åren.
1073 1001 49 30 Av
1145 1001 255 30 kemikontoret
1421 1001 202 30 inhämlade

113 1045 250 36 upplysningar
389 1045 76 36 giva
491 1045 190 30 emellertid
706 1044 58 30 vid
789 1045 149 35 handen,
964 1047 49 27 att
1038 1044 384 36 importkvantiteterna
1446 1044 110 29 under
1581 1044 42 29 de

112 1087 57 31 två
188 1091 135 27 senaste
343 1087 83 30 åren
445 1086 146 37 uppgått
611 1087 50 30 till
681 1087 121 30 inalles
821 1087 160 36 omkring
1002 1087 18 29 5
1041 1090 69 26 ton.
1154 1086 128 31 Värdet
1301 1085 21 31 å
1341 1087 154 30 nämnda
1517 1086 104 29 kvan-

112 1131 73 29 tilet
206 1131 71 29 kan
297 1130 172 30 beräknas
489 1130 51 30 till
561 1129 96 31 cirka
679 1130 118 34 33,000
819 1130 138 29 kronor.

157 1172 75 30 Den
252 1182 43 20 av
317 1172 264 30 ämbetsverken
603 1172 209 30 verkställda
834 1171 230 36 utredningen
1085 1172 64 29 har
1171 1171 155 37 bestyrkt
1347 1171 275 30 motionärernas

112 1215 176 36 uppgifter
316 1215 148 30 rörande
492 1215 68 30 den
586 1215 183 29 minskade
798 1214 241 36 avsättningen
1068 1213 56 31 för
1152 1214 142 31 svenskt
1322 1213 299 31 kaffeklarmedel.

113 1257 95 30 Efter
233 1258 67 29 vad
327 1257 264 30 ämbetsverken
615 1257 120 30 kunna
760 1256 108 36 finna,
894 1257 98 30 torde
1018 1256 189 30 emellertid
1234 1255 387 37 avsättningssvårighe-

111 1303 97 27 terna
229 1299 56 31 för
305 1300 57 30 det
380 1300 96 29 inom
496 1300 117 29 landet
631 1299 204 30 tillverkade
854 1299 217 30 klarskinnet
1091 1299 76 31 icke
1187 1299 125 30 främst
1331 1300 122 35 utgöra
1474 1308 43 21 en
1536 1299 85 36 pris-

111 1341 99 37 fråga
232 1344 86 28 utan
341 1351 140 21 snarare
503 1342 91 30 hava
618 1342 52 30 sin
694 1343 112 35 grund
829 1342 9 29 i
863 1342 67 30 den
953 1342 148 30 svenska
1123 1342 215 36 produktens
1361 1341 136 31 mindre
1520 1342 101 30 tillta-

110 1385 103 29 lande
234 1385 164 30 utseende
419 1384 11 30 i
452 1384 201 36 jämförelse
674 1385 80 29 med
777 1385 66 29 den
865 1384 188 31 utländska
1077 1393 116 21 varan.
1241 1384 68 30 För
1331 1394 43 20 en
1396 1384 123 31 artikel
1543 1385 79 30 med

111 1427 67 29 den
199 1427 234 35 användning,
456 1436 121 21 varom
599 1427 65 29 här
685 1428 38 28 är
746 1426 107 36 fråga,
879 1427 114 35 spelar
1015 1436 125 20 varans
1162 1427 165 30 utseende
1348 1427 183 35 onekligen
1552 1430 70 27 stor

111 1470 63 29 roll
197 1469 57 30 vid
277 1468 263 37 försäljningen.
587 1469 79 30 Med
688 1469 135 36 hänsyn
845 1469 51 29 till
919 1469 100 30 dessa
1041 1468 246 31 förhållanden
1310 1478 82 21 anse
1414 1469 207 30 ämbetsver-

112 1512 67 29 ken
199 1512 56 29 det
274 1511 56 30 för
349 1512 218 29 närvarande
586 1511 76 30 icke
682 1510 135 36 möjligt
835 1514 48 27 att
901 1520 126 27 genom
1047 1520 42 21 en
1108 1512 62 28 tull
1189 1521 43 20 av
1252 1511 115 36 rimlig
1386 1512 127 29 storlek
1535 1512 85 29 kun-

110 1563 45 21 na
179 1554 185 29 nämnvärt
386 1552 152 37 påverka
561 1553 169 30 införseln
752 1563 41 20 av
816 1553 179 30 utländskt
1018 1553 291 30 kaffeklarmedel
1331 1554 50 29 till
1405 1553 140 31 förmån
1567 1553 55 31 för

112 1596 66 29 den
205 1595 184 30 inhemska
415 1596 207 35 produkten.
673 1596 14 29 I
714 1595 109 31 första
850 1596 96 30 hand
974 1604 101 28 synes
1102 1596 11 29 i
1141 1596 112 30 stället
1279 1596 85 30 böra
1389 1599 96 33 tagas
1512 1597 109 29 under

110 1638 248 35 övervägande,
382 1638 174 30 huruvida
579 1638 76 30 icke
677 1639 57 29 det
758 1638 147 30 svenska
928 1638 205 30 klarmedlet
1158 1645 124 30 genom
1306 1638 196 36 ytterligare
1525 1639 96 30 bear-

110 1680 141 36 betning
274 1680 82 30 eller
378 1679 45 37 på
444 1684 108 26 annat
575 1681 66 30 sätt
663 1681 111 29 skulle
796 1681 120 30 kunna
938 1680 96 37 givas
1058 1684 45 26 ett
1127 1680 55 31 för
1204 1681 67 30 den
1293 1681 161 36 köpande
1477 1682 143 29 allmän-

110 1722 103 30 heten
231 1732 96 21 mera
346 1722 193 31 tilltalande
558 1723 172 30 utseende.
775 1723 110 31 Innan
906 1722 37 31 så
962 1723 99 30 blivit
1080 1723 105 36 fallet,
1206 1724 98 29 torde
1324 1733 43 20 en
1385 1723 143 37 förhöjd
1547 1724 73 35 tull,

111 1765 87 29 även
218 1774 58 20 om
297 1765 67 30 den
382 1764 211 31 fastställdes
613 1766 51 29 till
684 1766 56 29 det
768 1765 2 30 i
790 1766 178 29 motionen
987 1765 197 36 föreslagna
1205 1766 163 36 beloppet
1388 1776 42 20 av
1452 1767 19 29 3
1493 1767 129 29 kronor

111 1806 55 30 för
190 1806 171 37 kilogram
385 1825 45 3 —
454 1808 245 29 motsvarande
725 1809 160 29 närmare
912 1809 41 29 50
979 1811 143 33 procent
1148 1818 42 20 av
1216 1809 236 35 importpriset
1478 1826 44 3 —
1546 1809 75 29 icke

111 1849 141 30 komma
274 1852 48 27 att
343 1849 158 31 medföra
523 1850 125 30 önskat
669 1851 171 29 resultat.»

155 1949 114 36 Enligt
287 1959 42 20 en
348 1959 41 20 av
409 1949 154 36 Sveriges
582 1950 157 30 kemiska
756 1950 277 30 industrikontor
1052 1951 183 30 meddelad
1254 1951 138 35 uppgift
1410 1951 64 30 har
1494 1952 125 36 impor-

111 2002 56 27 ten
193 2009 42 21 av
263 1999 290 31 kaffeklarmedel
581 2001 111 29 under
717 2000 82 31 åren
830 2001 81 29 1937
941 2001 65 30 och
1037 2002 83 29 1938
1147 2001 130 36 utgjort
1304 2002 97 35 3,700
1429 2002 192 35 respektive

113 2051 94 33 1,300
236 2050 180 36 kilogram.
470 2050 107 31 Dessa
606 2050 120 31 siffror
754 2051 82 35 visa,
866 2054 49 27 att
943 2051 170 30 införseln
1142 2052 111 30 under
1281 2051 39 31 år
1351 2053 83 29 1938
1464 2054 157 29 avsevärt

111 2100 179 30 minskats.
336 2101 62 29 Det
420 2102 9 28 i
452 2101 217 30 motionerna
690 2102 214 30 omnämnda
926 2101 244 36 förhållandet,
1194 2105 49 27 att
1268 2103 66 29 den
1357 2102 184 31 inhemska
1563 2103 54 30 be-

111 2151 188 35 redningen
323 2161 41 20 av
385 2151 94 36 dylik
504 2161 82 20 vara
606 2151 70 36 gått
698 2151 142 31 tillbaka
862 2151 10 30 i
893 2151 109 31 sådan
1024 2153 94 37 grad,
1142 2156 48 26 att
1210 2153 110 30 under
1342 2153 216 31 sistnämnda
1580 2153 38 31 år

111 2202 172 34 praktiskt
304 2205 89 32 taget
414 2203 101 35 ingen
539 2202 208 37 försäljning
769 2213 42 20 av
833 2204 139 29 svenskt
994 2204 190 29 klarmedel
1206 2205 133 29 kunnat
1362 2206 63 34 äga
1447 2215 87 21 rum,
1556 2206 64 28 har

112 2253 174 29 sannolikt
321 2253 74 29 icke
432 2253 52 29 sin
522 2254 111 34 grund
658 2254 9 28 i
692 2254 92 29 ökad
808 2254 136 35 import.
995 2254 206 35 Nedgången
1228 2255 9 28 i
1261 2255 265 34 tillverkningen
1555 2259 63 25 tor-

110 2302 41 29 de
175 2302 9 29 i
210 2303 121 34 stället,
358 2301 113 31 såsom
496 2304 63 28 ock
586 2312 42 20 av
652 2303 263 30 ämbetsverken
938 2302 220 36 framhållits,
1184 2304 83 30 bero
1291 2304 71 30 dels
1387 2303 46 37 på
1458 2305 161 29 minskad

110 2352 224 36 användning
354 2362 42 20 av
417 2353 189 29 klarmedel
627 2353 95 29 inom
743 2354 116 29 landet
879 2354 204 29 överhuvud
1105 2357 98 32 taget,
1226 2354 72 30 dels
1318 2353 45 37 på
1385 2355 66 29 den
1473 2356 147 29 svenska

110 2403 214 34 produktens
341 2403 134 28 mindre
495 2403 190 30 tilltalande
703 2404 161 29 utseende
880 2404 58 29 vid
956 2403 201 36 jämförelse
1175 2405 79 29 med
1274 2405 66 29 den
1358 2405 186 30 utländska
1564 2415 55 19 va-

111 2462 71 20 ran.
233 2452 150 31 Berörda
411 2453 294 35 omständigheter
733 2454 66 30 tala
827 2454 104 35 enligt
959 2454 182 30 utskottets
1168 2454 140 37 mening
1337 2455 64 35 för,
1430 2458 48 27 att
1507 2454 113 37 någon

1671 1956 126 26 Utskottet.
