1872 2814
251 166 17 30 6
619 171 435 31 Konstitutionsutskottets
1075 172 181 30 memorial
1276 181 41 21 nr
1339 173 53 31 24.

256 255 244 36 föredragning
527 256 65 29 och
618 255 206 30 hemställan
850 264 44 21 av
919 255 123 31 chefen
1068 255 58 31 för
1151 255 399 39 finansdepartementet,
1579 256 182 31 statsrådet

256 302 181 41 Wigforss,
456 308 46 26 ett
519 304 24 30 f.
562 304 32 30 d.
614 304 221 31 hovrättsråd
852 307 49 28 att
919 304 79 31 från
1014 306 67 29 och
1099 306 81 30 med
1199 305 66 30 den
1284 306 41 29 20
1344 306 192 36 september
1554 305 70 31 tills
1644 306 116 30 vidare

255 354 110 30 under
389 354 67 29 den
481 354 50 29 tid
555 353 150 38 Quensel
728 354 150 30 utövade
902 354 326 36 statsrådsämbetet,
1254 354 189 37 uppehålla
1468 355 291 37 presidentämbe-

257 406 45 26 tet
331 402 6 31 i
361 403 284 31 kammarrätten.

300 452 268 36 Ifrågavarande
588 452 24 30 f.
635 452 31 30 d.
689 452 220 31 hovrättsråd
929 454 38 29 är
987 453 85 31 född
1093 454 68 31 den
1184 454 39 30 18
1245 453 87 37 april
1357 455 83 30 1876
1462 458 89 26 samt
1572 455 110 30 erhöll
1704 464 55 21 av-

255 501 84 30 sked
362 502 81 30 med
465 501 144 37 pension
630 511 75 21 som
728 502 220 30 hovrättsråd
968 502 79 31 från
1070 504 67 29 och
1160 503 79 30 med
1259 503 174 37 utgången
1456 513 42 21 av
1520 504 91 36 april
1632 504 129 31 månad

252 550 39 31 år
314 551 95 32 1943.
433 545 28 36 Å
482 551 298 36 presidentposten
801 552 66 30 har
888 551 147 32 sålunda
1055 552 199 32 förordnats
1273 563 45 21 en
1341 563 128 27 person
1488 554 81 30 med
1590 563 44 21 en
1656 553 105 36 ålder,

253 610 74 22 som
349 601 58 31 vid
430 602 93 30 tiden
543 601 56 32 för
619 602 251 31 förordnandet
890 604 79 29 med
990 612 97 21 mera
1108 605 46 30 än
1172 603 58 31 två
1250 603 40 31 år
1310 605 155 37 översteg
1488 604 66 31 den
1576 603 106 39 ålder,
1704 605 58 30 vid

255 651 113 32 vilken
391 652 174 36 president
588 654 11 30 i
623 653 273 30 kammarrätten
919 654 103 36 enligt
1045 654 178 31 allmänna
1246 654 515 37 tjänstepensionsreglementet

250 701 155 32 inträder
424 702 11 30 i
453 701 294 37 pensionsåldern.
769 703 207 37 Visserligen
996 704 66 30 har
1082 704 145 36 tidigare
1246 705 9 30 i
1280 703 106 38 något
1404 705 146 31 enstaka
1571 705 64 31 fall
1656 706 106 30 redan

253 751 251 36 pensionerade
525 753 342 37 befattningshavare
890 754 198 31 förordnats
1112 758 50 27 att
1184 755 187 36 uppehålla
1395 755 261 31 chefsämbeten
1676 760 86 26 utan

255 804 49 27 att
329 801 415 32 konstitutionsutskottet
769 803 11 29 i
810 803 186 36 anledning
1026 804 108 30 därav
1162 804 185 30 framställt
1374 804 115 36 någon
1516 805 242 36 anmärkning.

251 849 80 32 Men
349 851 123 30 därvid
491 852 65 29 har
574 852 58 30 det
652 852 89 30 varit
757 851 100 37 fråga
876 862 58 21 om
954 852 261 32 förordnanden
1232 854 96 30 inom
1347 855 276 31 vederbörandes
1641 855 119 37 tidiga-

254 909 37 21 re
316 901 392 32 verksamhetsområde,
737 903 43 30 Så
805 903 40 30 är
872 904 156 30 däremot
1054 904 77 30 icke
1159 904 233 31 förhållandet
1418 905 12 30 i
1457 915 47 20 nu
1531 905 229 31 förevarande

251 949 71 32 fall.
345 950 65 31 Det
432 950 158 37 åsyftade
610 952 25 30 f.
658 953 32 29 d.
711 952 255 31 hovrättsrådet
986 953 66 30 har
1073 953 198 33 förordnats
1293 957 50 27 att
1364 954 188 36 uppehålla
1571 956 189 36 president-

251 1001 151 30 ämbetet
425 1002 11 29 i
458 1012 43 21 en
524 1002 254 31 administrativ
799 1004 159 35 domstol,
981 1013 78 21 vars
1081 1005 306 30 verksamhetsfält
1409 1005 38 31 så
1467 1006 80 31 vida
1570 1006 121 36 skiljer
1712 1007 49 36 sig

254 1050 79 31 från
357 1052 89 31 hans
471 1056 73 33 eget
567 1053 153 37 tidigare,
744 1057 48 27 att
816 1055 72 30 han
913 1054 168 37 svårligen
1105 1056 72 29 kan
1201 1056 123 31 tänkas
1349 1057 143 29 komma
1515 1060 50 26 att
1587 1057 174 30 behärska

255 1100 64 36 det,
340 1100 111 31 innan
471 1102 86 31 hans
578 1102 236 31 förordnande
833 1105 148 35 upphör.
1004 1104 80 31 Han
1104 1106 66 29 har
1189 1105 173 36 härjämte
1383 1105 65 30 den
1470 1107 19 28 8
1509 1106 146 30 oktober
1679 1107 80 29 1943

255 1148 199 33 förordnats
477 1150 49 31 till
546 1151 211 31 ordförande
778 1153 11 29 i
810 1152 535 37 krigskonjunkturskatterådet.
1368 1154 125 31 Vidare
1514 1154 59 31 må
1593 1154 166 32 framhål-

253 1200 60 36 las,
338 1204 51 26 att
409 1202 268 31 statsmakterna
698 1202 138 37 nyligen
859 1203 115 30 funnit
995 1204 50 36 sig
1065 1204 88 31 böra
1175 1205 257 36 omorganisera
1454 1206 275 30 kammarrätten
1749 1206 11 30 i

254 1249 89 36 syfte
365 1253 51 27 att
439 1250 11 30 i
472 1251 250 31 allmänhetens
745 1252 171 36 befogade
938 1253 142 32 intresse
1105 1253 105 31 vinna
1232 1257 45 27 ett
1301 1255 171 30 snabbare
1496 1256 198 35 avgörande
1717 1265 43 21 av

253 1299 63 30 där
333 1300 199 36 handlagda
549 1300 71 31 mål
638 1306 90 26 samt
747 1311 41 20 en
807 1302 225 36 avarbetning
1049 1311 43 21 av
1111 1303 287 31 förekommande
1416 1304 196 37 betydande
1632 1306 125 29 arbets-

254 1348 133 31 balans.
411 1349 80 30 Med
509 1350 138 36 hänsyn
666 1350 116 30 härtill
800 1350 112 31 måste
930 1350 44 37 på
993 1352 68 30 den
1080 1351 215 37 fungerande
1315 1353 219 36 presidenten
1553 1354 11 30 i
1585 1355 174 30 kammar-

253 1399 112 30 rätten
386 1400 116 30 ställas
525 1401 140 29 särskilt
686 1401 88 36 höga
794 1402 97 35 krav,
915 1402 148 30 framför
1084 1403 61 29 allt
1166 1403 11 29 i
1199 1403 97 36 fråga
1318 1413 57 21 om
1396 1404 276 37 arbetsförmåga
1694 1406 64 30 och

253 1448 251 31 initiativkraft.

296 1497 81 31 Med
396 1499 136 36 hänsyn
551 1499 50 29 till
621 1500 68 29 vad
709 1499 146 31 sålunda
875 1500 132 31 anförts
1026 1502 66 29 har
1111 1502 165 30 utskottet
1296 1502 118 32 funnit
1433 1503 49 36 sig
1503 1503 31 37 ej
1555 1505 122 30 kunna
1696 1514 61 20 un-

250 1546 132 32 derlåta
410 1550 49 28 att
485 1549 88 31 rikta
600 1549 233 37 anmärkning
861 1553 73 27 mot
960 1549 254 38 föredragande
1241 1552 392 37 departementschefen,
1662 1557 96 28 stats-

253 1597 98 31 rådet
368 1597 179 39 Wigforss,
565 1599 12 29 i
594 1599 186 37 anledning
797 1609 44 21 av
858 1600 128 31 dennes
1003 1600 199 37 tillstyrkan
1217 1611 43 21 av
1279 1603 123 36 Kungl.
1422 1603 118 36 Maj:ts
1559 1603 198 32 förevaran-

253 1649 41 30 de
315 1649 114 30 beslut
450 1659 43 20 av
513 1649 64 30 den
604 1650 40 30 18
667 1651 190 35 september
882 1651 92 31 1943.

286 1736 198 27 Närvarande:
508 1738 98 25 herrar
627 1737 146 32 Hallén++,
796 1739 88 25 Jones
909 1739 67 26 Erik
997 1739 173 32 Andersson,
1190 1740 173 33 Sandegård,
1386 1742 139 32 Källman,
1547 1743 122 32 Ström”,
1690 1744 67 25 Karl

252 1779 107 33 August
380 1780 159 32 Johanson,
560 1781 177 31 Sandström,
759 1781 133 32 Björck”,
915 1783 76 25 John
1015 1782 168 32 Gustavson,
1207 1784 90 25 Oskar
1319 1784 150 32 Mattsson,
1491 1785 120 32 Arrhén,
1636 1787 121 26 Thorell.

253 1822 179 31 Nordström,
457 1822 115 26 Nilsson
597 1824 8 24 i
632 1823 147 33 Göteborg,
804 1824 113 31 Nolin",
942 1825 180 31 Hällgrent+,
1147 1826 125 26 Jonsson
1298 1827 8 24 i
1332 1827 139 30 Haverö”,
1497 1828 116 25 Nilsson
1639 1829 8 24 i
1673 1829 82 25 Norr-

251 1864 173 33 långträsk?,
443 1865 127 25 Ekdahl"
591 1867 56 24 och
664 1867 133 25 Hansson
813 1867 11 24 i
846 1867 145 33 Skediga".

287 1941 14 15 +
322 1941 34 32 Ej
377 1942 179 24 närvarande
575 1941 49 26 vid
643 1942 182 33 justeringen.

287 1984 31 15 ++
341 1984 107 25 Avstod
468 1983 63 26 från
552 1987 41 22 att
613 1985 79 24 rösta
711 1985 48 25 vid
782 1986 132 24 ärendets
936 1987 161 31 avgörande
1122 1987 54 24 och
1198 1987 92 33 deltog
1313 1988 26 31 ej
1361 1988 9 25 i
1393 1988 183 33 justeringen.

296 2053 202 31 Stockholm
519 2055 65 29 den
606 2056 42 29 20
669 2055 70 36 maj
763 2056 94 29 1944.

686 2146 48 32 På
751 2148 431 32 konstitutionsutskottets
1199 2151 142 35 vägnar:

804 2208 181 30 HARALD
1007 2204 193 35 HALLÉN.

292 2379 197 26 Närvarande:
509 2381 97 24 herrar
626 2380 111 32 Hallén,
755 2381 141 32 Källman,
916 2382 101 31 Ström,
1037 2382 178 32 Sandström,
1234 2384 77 25 John
1334 2384 167 30 Gustavson,
1521 2383 143 34 Elmgren,
1683 2386 72 24 Bror

251 2420 122 33 Nilsson,
395 2422 91 25 Oskar
506 2423 149 30 Mattsson,
678 2423 119 32 Thorell,
822 2424 120 31 Gardell,
963 2425 73 31 Fast,
1057 2425 179 32 Nordström,
1256 2425 159 32 Mosesson,
1436 2426 116 27 Nilsson
1576 2428 7 24 i
1603 2427 151 32 Göteborg,

250 2462 135 33 Hällgren
408 2465 55 25 och
484 2464 119 32 Edberg.
