1888 2824
495 173 314 31 Bankoutskottets
835 174 178 31 utlåtande
1037 184 44 20 nr
1104 175 41 30 29
1170 175 39 31 år
1234 175 84 30 1969
1630 175 18 30 3

266 251 95 32 Vissa
376 253 166 41 uppgifter
557 264 57 20 om
627 253 489 43 byggnadsmaterialindustrin
1132 255 63 31 och
1209 255 336 42 byggnadsindustrin

208 324 49 30 På
284 325 170 38 grundval
482 326 127 30 främst
637 336 42 20 av
706 327 538 41 koncentrationsutredningens
1272 329 221 30 betänkande
1524 329 124 29 »Indu-

164 378 106 30 strins
291 380 160 29 struktur
470 380 64 29 och
552 380 489 32 konkurrensförhållanden>
1068 382 100 35 (SOU
1190 383 151 34 1968:5)
1364 383 65 30 och
1449 383 198 29 Industrins

163 432 297 40 byggutrednings
486 434 104 29 skrift
615 435 72 39 >»Ny
709 435 283 39 byggmarknad»
1023 436 218 34 (Stockholm
1267 437 101 34 1968)
1396 437 137 30 lämnas
1556 438 10 28 i
1591 437 57 29 det

164 485 157 37 följande
350 487 10 29 i
391 487 204 40 anslutning
624 488 51 30 till
705 489 220 30 motionerna
953 490 93 30 vissa
1076 491 176 39 uppgifter
1281 491 280 39 huvudsakligen
1591 500 56 20 om

164 540 530 39 byggnadsmaterialindustrin.

208 593 51 30 Av
278 593 488 40 husbyggnadskostnaderna
784 596 172 30 beräknas
976 607 39 20 ca
1034 598 135 29 hälften
1188 599 85 29 falla
1290 598 46 40 på
1352 599 170 29 material.
1542 600 106 28 Mate-

164 646 305 31 rialkostnaderna
491 648 132 30 brukar
646 648 152 31 fördelas
821 650 45 39 på
889 651 251 30 stommaterial
1170 651 144 35 (10—15
1338 653 305 39 procentenheter)

164 700 65 28 och
259 701 542 40 stomkompletteringsmaterial
835 703 146 35 (35—40
1010 705 319 39 procentenheter).

208 753 292 41 Förbrukningen
522 756 10 28 i
557 755 135 40 Sverige
715 766 41 20 av
779 757 93 30 olika
894 759 251 29 stommaterial
1169 759 151 40 uppgick
1342 760 38 30 år
1404 760 83 31 1966
1510 762 52 28 till
1584 762 64 29 föl-

163 807 107 39 jande
292 808 139 39 belopp:

210 872 136 27 cement
743 873 61 29 325
829 874 88 39 milj.
941 875 51 29 kr.

210 923 263 41 fabriksbetong
742 926 62 30 300
854 939 14 16 >
942 939 14 17 >

209 977 229 40 betongvaror
741 981 62 29 52080
853 992 14 17 >»
941 993 14 17 >

211 1031 191 40 lättbetong
741 1034 63 30 210
853 1046 14 17 >
941 1047 15 17 >

211 1086 87 37 iegel
742 1088 62 30 230
853 1099 14 17 >
941 1100 15 17 >

209 1134 249 48 byggnadsstål
741 1141 63 30 200
853 1154 14 16 >
942 1154 14 17 >

210 1192 158 30 trävaror
742 1195 63 30 250
854 1207 14 17 >
943 1208 14 17 >

210 1271 98 30 Inom
335 1272 313 31 cementindustrin
673 1274 64 30 har
763 1275 225 31 förekommit
1014 1286 42 20 en
1083 1278 109 29 snabb
1218 1278 200 40 utbyggnad
1444 1289 42 20 av
1511 1280 137 39 kapaci-

166 1326 104 28 teten.
295 1325 176 40 Exporten
495 1327 65 30 och
584 1327 173 40 importen
782 1339 43 20 av
849 1332 134 28 cement
1008 1331 38 29 är
1071 1331 183 40 obetydlig.
1280 1332 72 30 Mer
1378 1333 45 30 än
1447 1333 135 30 hälften
1607 1343 42 20 av

166 1379 396 38 cementproduktionen
587 1380 274 32 vidareförädlas
887 1384 11 29 i
923 1384 237 39 betongvaru-,
1188 1385 205 40 lättbetong-
1420 1387 64 29 och
1510 1387 139 30 eternit-

166 1431 165 30 fabriker.
357 1432 59 30 Sin
441 1433 140 40 slutliga
605 1435 224 40 användning
852 1437 55 29 får
931 1439 52 28 tre
1006 1437 213 37 fjärdedelar
1244 1449 42 20 av
1310 1441 339 38 cementproduktio-

166 1494 68 20 nen
254 1485 58 30 vid
333 1486 258 40 husbyggande,
614 1488 126 30 främst
762 1491 168 29 avseende
951 1491 221 31 bostadshus.

210 1539 52 29 Av
284 1540 135 29 landets
443 1541 57 36 sju
523 1542 292 31 cementfabriker
838 1544 59 39 ägs
922 1553 59 21 sex
1003 1555 42 20 av
1068 1545 161 31 Skånska
1251 1547 141 30 Cement
1415 1548 56 29 AB
1495 1549 65 29 och
1582 1550 66 29 den

167 1591 126 39 sjunde
317 1602 42 21 av
380 1593 57 30 AB
461 1594 210 40 Gullhögens
694 1595 106 36 Bruk,
825 1606 74 21 som
923 1598 38 29 är
984 1598 216 41 dotterbolag
1222 1600 53 30 till
1299 1601 57 29 det
1380 1601 154 31 Svenska
1556 1603 93 29 Han-

166 1645 214 31 delsbanken
408 1648 209 31 närstående
645 1649 57 30 AB
731 1650 296 32 Industrivärden.
1056 1653 49 30 De
1132 1653 91 31 båda
1251 1656 398 39 cementproducerande

165 1699 198 40 företagens
386 1702 337 31 marknadsandelar
746 1704 172 31 beräknas
943 1706 115 39 uppgå
1082 1707 52 30 till
1157 1708 135 40 knappt
1316 1708 40 30 80
1376 1709 31 34 Z
1435 1719 89 31 resp.
1548 1711 101 39 drygt

165 1752 40 30 20
226 1753 46 33 Z.
298 1754 337 31 Prisvariationerna
659 1757 65 30 har
748 1758 45 39 på
818 1767 120 21 senare
964 1759 38 30 år
1025 1760 91 30 varit
1141 1761 85 30 små.
1250 1761 160 31 Vikande
1436 1764 213 40 efterfrågan

166 1807 53 27 tar
239 1806 51 39 sig
307 1807 72 30 inte
398 1809 142 38 uttryck
557 1809 11 29 i
587 1809 300 41 prissänkningar.
907 1812 338 41 Vinstmarginalens
1266 1816 130 30 storlek
1414 1817 136 30 räknad
1569 1819 80 29 över

167 1859 118 39 längre
306 1861 159 38 perioder
486 1862 64 29 har
573 1863 107 39 enligt
702 1873 42 20 en
766 1865 188 40 utredning
975 1876 43 20 av
1039 1869 132 29 statens
1193 1869 88 39 pris-
1303 1870 65 29 och
1389 1870 260 32 kartellnämnd

166 1912 71 30 inte
262 1914 10 28 i
299 1915 340 39 anmärkningsvärd
665 1918 84 38 grad
776 1918 130 30 avvikit
931 1919 80 30 från
1037 1921 66 29 vad
1130 1930 74 21 som
1231 1922 38 30 är
1295 1924 152 30 normalt
1473 1925 55 30 för
1553 1926 96 39 Övrig

165 1966 163 30 industri.

211 2019 74 30 Den
303 2020 221 32 industriella
541 2022 306 42 framställningen
865 2035 43 21 av
926 2026 125 40 betong
1068 2028 65 30 har
1151 2028 45 40 på
1215 2038 121 22 senare
1355 2031 38 30 år
1411 2032 83 30 ökat
1514 2033 134 31 snabbt.

164 2072 117 30 Under
306 2074 164 38 perioden
497 2075 215 32 1960—1965
738 2078 244 32 tredubblades
1007 2081 269 39 produktionen.
1301 2083 284 43 Tillverkningen
1611 2088 38 29 är

166 2125 158 31 fördelad
340 2127 46 39 på
402 2130 48 28 ett
466 2130 140 38 mycket
623 2131 87 29 stort
728 2132 95 30 antal
839 2132 135 41 företag
991 2134 65 30 och
1072 2135 11 29 i
1100 2135 256 40 jämförelsevis
1373 2138 85 31 liten
1475 2141 173 30 utsträck-

165 2179 84 40 ning
268 2180 198 40 integrerad
487 2183 79 29 med
587 2184 416 42 cementtillverkningen.

208 2232 417 40 Betongvarubranschen
650 2239 166 38 uppvisar
839 2239 166 31 likaledes
1029 2243 48 28 ett
1101 2244 87 29 stort
1212 2246 94 28 antal
1330 2245 135 42 företag
1486 2257 81 21 men
1590 2250 58 29 do-

164 2287 153 30 mineras
341 2288 53 30 till
417 2289 70 30 viss
512 2290 64 34 del,
601 2290 126 31 främst
750 2292 67 30 vad
841 2293 106 38 gäller
970 2294 248 40 byggelement,
1244 2307 43 21 av
1309 2300 52 29 tre
1385 2302 95 29 stora
1503 2298 144 48 företag.

164 2340 58 30 Ett
246 2350 43 20 av
312 2341 110 36 dessa,
448 2342 57 30 AB
530 2343 160 31 Skånska
715 2344 316 42 Cementgjuteriet,
1056 2349 64 30 har
1145 2352 97 29 stark
1267 2352 304 44 ägaranknytning
1595 2357 52 30 till

164 2393 161 31 Skånska
346 2395 356 32 Cement-koncernen
724 2399 64 29 och
809 2401 48 28 ett
877 2403 116 33 annat,
1015 2402 57 30 AB
1094 2403 261 43 Strängbetong,
1376 2407 64 30 har
1459 2409 70 30 viss
1550 2406 96 48 ägar-

164 2448 221 40 anknytning
406 2450 60 29 dit.
489 2450 12 29 I
523 2451 56 29 det
599 2452 122 39 tredje,
743 2452 177 41 A-Betong
939 2455 67 35 AB,
1028 2456 64 30 har
1113 2457 56 30 AB
1191 2458 211 41 Gullhögens
1423 2463 96 30 Bruk
1540 2465 106 29 aktie-

162 2501 235 37 majoriteten.
433 2503 140 30 Varken
608 2505 520 35 koncentrationstendenserna
1164 2512 81 30 eller
1279 2509 366 52 riktprissamarbetet,

168 2563 38 29 1:
235 2581 20 4 —
275 2564 137 40 Bihang
429 2565 52 29 till
496 2566 205 39 riksdagens
717 2569 176 38 protokoll
909 2570 94 30 1969.
1020 2572 20 29 8
1056 2573 98 30 saml.
1170 2574 50 30 Nr
1235 2575 42 30 29
