2216 2640
725 197 255 32 Statsutskottets
1003 199 168 31 utlåtande
1195 200 51 30 Nr
1268 203 49 28 31.
1788 204 38 29 15

328 279 195 38 Närmaste
560 281 155 49 uppgift
751 282 67 36 har
847 297 49 22 nu
926 284 59 36 för
1013 284 44 36 de
1086 284 239 50 sakkunniga
1354 286 93 35 varit
1476 291 55 31 att
1559 291 92 43 taga
1679 287 11 36 i
1719 292 106 31 över-

226 330 185 48 vägande,
440 333 118 48 enligt
592 333 101 36 vilka
720 334 166 48 grunder
914 335 63 36 det
1005 336 55 35 till
1092 336 45 37 '/s
1169 350 44 22 av
1241 336 459 49 byggnadskostnaderna
1728 339 97 37 före-

224 381 134 48 slagna
399 385 116 35 totala
555 384 173 49 bidraget
768 386 205 49 lämpligen
1015 388 68 35 bör
1126 387 162 37 fördelas
1329 391 47 46 på
1418 394 75 31 stat
1535 390 69 35 och
1632 390 192 37 kommun.

226 433 141 37 Därvid
409 435 67 36 har
516 436 101 47 legat
658 441 90 32 nära
789 438 55 35 till
886 439 119 35 hands
1046 444 56 30 att
1140 439 114 36 tänka
1282 440 59 47 sig
1369 452 45 23 en
1443 440 236 49 uppdelning
1707 442 119 48 enligt

225 498 143 23 samma
396 487 157 47 princip,
582 501 80 22 som
692 488 156 36 kommit
877 489 55 35 till
961 490 249 48 användning
1237 491 62 35 vid
1329 491 291 48 disponerandet
1649 506 46 22 av
1714 498 111 31 stats-

224 537 175 47 anslaget
427 538 56 35 till
525 538 194 48 dyrtidens
747 539 207 47 lindrande,
983 541 133 35 varvid
1146 547 74 30 stat
1247 542 69 35 och
1344 542 181 36 kommun
1553 543 160 49 bidraga
1741 545 83 35 med

224 588 144 36 hälften
409 589 167 35 vardera.
633 589 106 37 Efter
780 592 321 48 överläggningar
1143 593 84 35 med
1256 593 569 49 kommunalrepresentanterna

224 639 96 36 hava
348 640 206 36 emellertid
583 641 45 36 de
657 641 238 50 sakkunniga
923 643 165 48 nödgats
1117 644 137 48 frångå
1283 644 122 37 denna
1433 646 235 48 ståndpunkt
1700 649 124 34 såsom

224 690 157 37 ledande
421 692 57 35 till
508 692 125 36 alltför
662 698 101 31 stora
791 695 165 48 anspråk
984 698 47 45 på
1060 695 284 37 kommunerna.
1400 697 170 36 Allmänt
1597 697 68 36 har
1692 699 132 35 nämli-

222 756 75 34 gen
339 742 235 48 frambhållits,
617 750 54 31 att
712 745 273 38 kommunerna
1025 747 117 36 redan
1184 747 119 37 under
1343 748 70 36 den
1454 751 155 47 gångna
1642 750 106 36 delen
1776 764 48 22 av

223 794 182 36 kristiden
445 796 104 48 gjort
590 799 42 33 så
664 796 213 50 betydande
919 798 245 37 ekonomiska
1205 799 260 49 uppoffringar
1506 800 48 36 bl.
1585 814 32 22 a.
1661 802 58 35 för
1760 802 64 37 bo-

223 845 404 49 stadsproduktionens
678 848 268 49 befrämjande,
998 856 54 30 att
1097 850 83 37 icke
1220 851 127 36 alltför
1387 853 208 35 avsevärda
1636 852 137 37 bördor
1813 854 12 35 i

223 910 49 22 nu
318 898 243 36 förevarande
611 900 185 36 avseende
844 901 221 48 ytterligare
1102 902 91 37 böra
1233 903 183 48 påläggas
1457 903 96 36 dem.
1610 904 50 36 På
1701 905 123 47 grund

222 948 116 36 härav
365 962 90 24 anse
483 950 61 48 sig
572 950 45 36 de
645 951 239 49 sakkunniga
912 953 91 36 böra
1032 954 148 47 föreslå,
1207 959 53 30 att
1288 959 166 31 statens
1483 955 129 37 andel
1641 955 183 37 bestäm-

223 1013 87 23 mes
338 1000 70 36 till
439 1000 44 41 ”/s
514 1002 78 36 och
620 1002 333 38 kommunernas
982 1005 69 36 till
1081 1004 42 36 '/s
1155 1018 51 23 av
1234 1005 97 36 hela
1358 1005 215 50 bidraget.
1630 1007 18 36 I
1668 1021 156 35 synner-

221 1052 103 48 ligen
353 1053 199 37 ömmande
592 1053 78 48 fall,
704 1055 153 37 särskilt
886 1056 47 36 då
962 1056 107 49 fråga
1098 1062 41 30 är
1167 1070 61 23 om
1256 1057 154 48 mindre,
1440 1058 84 36 hårt
1552 1058 272 50 skattetyngda

222 1103 222 37 kommuner
483 1105 85 36 med
610 1111 80 31 stor
730 1107 250 37 bostadsbrist
1020 1108 70 37 och
1132 1109 263 49 övervägande
1437 1110 385 51 arbetarbefolkning,

220 1155 105 37 torde
353 1156 63 36 det
444 1157 95 36 dock
567 1157 90 37 böra
684 1157 88 38 bero
800 1162 48 46 på
877 1160 141 49 Kungl.
1048 1160 127 50 Maj:ts
1203 1161 200 49 prövning,
1429 1162 185 36 huruvida
1635 1176 47 23 en
1698 1164 124 47 jämk-

221 1207 95 48 ning
343 1208 56 36 till
427 1211 290 35 kommunernas
746 1210 120 37 fördel
894 1212 69 36 bör
990 1212 66 36 ske
1084 1212 12 36 i
1125 1213 265 36 ovannämnda
1417 1215 235 47 proportion.

322 1259 83 36 Den
433 1261 169 36 normala
630 1261 497 49 byggnadsverksamheten
1156 1265 59 36 för
1235 1265 330 37 bostadsändamål
1585 1267 102 35 inom
1706 1267 115 36 rikets

220 1310 313 38 stadssamhällen
574 1313 180 49 utgjorde
791 1315 58 35 för
877 1316 230 48 exempelvis
1136 1319 89 33 åren
1256 1318 96 35 1912
1382 1317 69 36 och
1482 1319 97 35 1913
1608 1318 12 36 i
1648 1319 175 36 medeltal

221 1361 102 37 cirka
352 1364 137 45 24,000
518 1364 199 48 eldstäder,
737 1379 114 22 varav
871 1367 102 35 cirka
992 1369 113 45 8,000
1126 1368 11 35 i
1156 1367 227 49 byggnader
1402 1382 47 22 av
1468 1374 68 30 trä.
1579 1369 150 37 Räknas
1750 1370 72 37 den

224 1415 218 36 nuvarande
461 1415 413 49 byggnadskostnaden
894 1419 57 35 för
970 1419 109 36 dessa
1094 1419 187 36 eldstäder
1295 1420 56 36 till
1371 1424 170 33 närmare
1558 1422 112 45 3,000
1686 1422 137 36 kronor

223 1465 58 36 för
308 1466 158 48 eldstad,
487 1471 41 32 så
547 1468 121 36 skulle
688 1468 72 37 den
779 1470 116 36 totala
914 1469 418 50 byggnadskostnaden
1351 1471 128 37 kunna
1494 1473 126 36 anslås
1640 1474 56 35 till
1721 1474 101 37 cirka

228 1519 44 34 72
288 1518 173 48 miljoner
474 1519 148 37 kronor.
651 1520 82 37 Den
749 1521 454 50 byggnadsverksamhet,
1225 1536 79 23 som
1320 1536 137 35 genom
1473 1524 46 40 de
1534 1538 51 23 nu
1599 1525 223 49 ifrågasatta

223 1569 227 48 åtgärderna
491 1571 121 38 skulle
652 1572 130 37 kunna
823 1574 292 48 åvägabringas,
1157 1575 116 36 borde
1314 1576 119 48 enligt
1475 1576 46 36 de
1564 1577 257 49 sakkunnigas

223 1621 155 49 mening
406 1622 188 50 knappast
623 1624 128 37 kunna
778 1625 185 37 beräknas
992 1627 56 35 till
1076 1639 80 23 mer
1183 1632 47 31 än
1259 1627 113 48 högst
1404 1630 43 33 '/s
1478 1641 47 22 av
1553 1629 72 36 den
1654 1631 169 35 normala

222 1673 71 36 och
330 1674 144 37 således
510 1681 191 31 motsvara
733 1690 46 23 en
807 1677 369 49 byggnadskostnad
1205 1692 47 22 av
1281 1679 100 36 cirka
1412 1681 229 46 18,000,000
1669 1681 150 38 kronor.

222 1723 104 38 Skall
367 1727 119 48 enligt
526 1727 63 37 det
629 1728 227 49 föregående
898 1735 52 31 ett
982 1730 111 37 totalt
1121 1730 135 49 bidrag
1288 1731 123 37 härtill
1440 1732 145 37 lämnas
1613 1746 48 22 av
1692 1732 57 49 !/s,
1779 1737 43 33 så

222 1776 67 37 bör
329 1777 63 36 det
433 1779 283 49 sammanlagda
755 1781 173 49 bidraget
969 1781 150 37 komma
1159 1788 56 30 att
1243 1786 128 46 uppgå
1399 1783 57 36 till
1485 1784 102 36 cirka
1617 1786 204 46 6,000,000

221 1829 150 36 kronor.
426 1830 130 49 Enligt
593 1831 73 37 den
698 1845 47 23 av
774 1833 240 49 sakkunniga
1042 1834 200 36 förordade
1270 1835 282 49 uppdelningen
1581 1837 136 36 mellan
1746 1844 75 30 stat

221 1880 69 36 och
317 1881 180 37 kommun
525 1882 120 38 skulle
673 1888 123 33 staten
824 1885 125 37 härtill
977 1885 159 50 bidraga
1165 1886 84 36 med
1277 1887 13 37 i
1317 1893 86 30 runt
1431 1888 52 35 tal
1514 1887 60 49 ”/s,
1599 1889 126 37 varför
1743 1895 78 31 sta-

219 1937 84 32 tens
331 1933 134 50 bidrag
492 1935 143 37 således
663 1935 69 37 bör
758 1936 185 40 beräknas
972 1937 57 37 till
1057 1938 102 37 cirka
1188 1940 23 35 4
1240 1938 208 49 miljoner
1475 1939 179 38 kronor.

324 1984 82 37 Vad
434 1986 176 39 beträffar
638 1987 146 38 formen
813 1989 58 36 för
898 1989 341 50 statsbidraget,
1269 1991 135 37 föreslå
1432 1990 46 37 de
1499 1991 252 50 sakkunniga,
1768 2000 53 30 att

220 2035 219 50 detsamma,
469 2038 58 36 för
554 2045 56 30 att
639 2039 152 38 därmed
820 2046 122 32 avsett
970 2042 174 36 ändamål
1173 2042 94 36 skall
1295 2043 147 48 vinnas,
1470 2046 114 46 utgår
1610 2044 12 36 i
1651 2044 94 37 form
1774 2059 47 23 av

220 2094 83 30 rent
343 2089 253 49 understöd,
639 2091 157 37 sålunda
828 2098 91 31 utan
947 2106 89 24 vare
1065 2094 60 48 sig
1144 2099 132 42 ränte-
1304 2095 88 36 eller
1420 2095 400 51 återbetalningsskyl-

221 2139 141 49 dighet.
417 2141 70 38 Till
528 2143 222 49 ytterligare
778 2144 85 37 stöd
892 2146 59 36 för
978 2145 123 37 denna
1128 2145 246 50 uppfattning
1400 2147 90 49 vilja
1518 2147 46 37 de
1583 2147 239 52 sakkunniga

220 2191 158 40 hänvisa
397 2193 55 38 till
476 2193 45 37 de
540 2195 197 37 enahanda
755 2196 196 50 principer,
973 2210 81 25 som
1075 2197 207 50 tillämpats
1301 2198 230 38 beträffande
1549 2202 273 48 statsanslaget

219 2243 54 39 till
303 2244 191 51 dyrtidens
521 2246 208 40 lindrande.
