1907 2845
260 138 21 29 4
572 134 388 31 Jordbruksutskottets
980 134 178 31 utlåtande
1176 144 42 20 nr
1238 135 40 29 18
1296 135 39 29 år
1354 135 83 30 1967

265 217 146 35 samhet,
426 226 75 21 som
515 216 448 41 hushållningssällskapen
977 226 48 20 nu
1041 216 167 35 bedriver,
1223 216 62 32 bör
1301 216 94 31 föras
1412 218 79 29 över
1507 217 51 29 till
1574 218 108 28 annat
1698 226 51 20 or-

262 279 68 32 gan
345 273 44 29 än
404 271 415 30 lantbruksnämnderna.
834 271 45 30 Är
894 272 93 29 detta
1002 271 22 30 f.
1041 281 32 20 n.
1089 271 69 30 inte
1173 271 137 40 möjligt
1324 271 62 30 bör
1400 271 268 31 verksamheten
1684 271 65 30 tiil-

263 326 112 40 fälligt
392 326 166 30 inordnas
576 326 10 30 i
603 326 228 30 nämnderna.
851 325 102 40 Övrig
970 325 222 31 verksamhet
1210 326 70 30 kan
1298 325 91 40 ligga
1405 326 87 29 kvar
1510 326 63 30 hos
1592 326 156 30 hushåll-

261 381 316 39 ningssällskapen.

307 436 64 28 Det
394 435 257 39 huvudsakliga
674 435 190 29 innehållet
887 436 66 28 och
977 434 256 40 omfattningen
1258 444 43 21 av
1324 435 424 29 lantbruksnämndernas

261 488 295 41 arbetsuppgifter
578 489 11 29 i
612 488 98 40 fråga
732 498 58 21 om
810 488 226 40 jordbrukets
1059 488 280 40 rationalisering
1362 488 152 31 bestäms
1538 488 51 30 till
1613 489 135 29 väsent-

261 544 69 39 liga
348 544 94 29 delar
461 553 41 20 av
520 544 41 29 de
581 542 140 41 förslag,
741 552 75 21 som
834 543 159 30 kommer
1011 544 50 29 att
1081 542 193 41 föreläggas
1294 543 187 39 riksdagen
1501 543 9 29 i
1530 543 217 40 proposition

261 598 179 39 angående
459 597 177 40 riktlinjer
657 597 53 30 för
729 597 362 40 jordbrukspolitiken
1113 607 43 20 m.
1179 607 43 20 m.
1244 598 64 39 Jag
1328 597 188 40 begränsar
1537 597 70 40 mig
1628 597 120 30 därför

261 652 11 30 i
292 652 228 30 förevarande
541 651 255 40 sammanhang
816 652 52 29 till
888 653 50 28 att
958 651 173 31 behandla
1152 651 92 31 vissa
1266 652 172 30 särskilda
1460 651 117 40 frågor
1598 652 149 29 rörande

262 706 235 30 nämndernas
514 705 305 41 arbetsuppgifter.

305 760 580 40 Rationaliseringsverksamheten
901 760 45 40 på
961 760 225 40 jordbrukets
1205 760 141 30 område
1364 760 111 40 syftar
1492 760 51 30 till
1560 762 51 28 att
1627 760 119 30 fortlö-

257 816 115 39 pande
391 824 152 31 anpassa
562 815 170 40 näringen
751 815 53 30 till
825 815 105 30 målet
951 814 54 31 för
1025 815 374 40 jordbrukspolitiken.
1421 815 130 30 Härför
1572 815 104 30 krävs
1699 816 48 29 ett

260 870 353 37 handlingsprogram
636 869 54 28 för
712 868 268 29 verksamheten
1003 878 75 19 som
1102 869 154 37 ständigt
1277 869 90 29 hålls
1392 869 156 29 aktuellt.
1572 868 175 31 Översikt-

259 921 47 39 lig
322 921 65 30 och
403 921 153 39 regional
573 921 181 40 planering
772 923 90 28 samt
879 920 377 40 individualplanering
1273 921 64 30 har
1355 921 107 30 sedan
1480 921 100 39 länge
1598 921 148 29 använts

259 985 75 20 som
353 976 111 29 medel
482 976 10 29 i
510 975 424 30 lantbruksnämndernas
952 975 232 30 verksamhet.
1205 976 74 29 Den
1299 975 222 39 översiktliga
1539 975 207 40 jordbruks-

257 1030 228 39 planeringen
499 1030 64 29 har
576 1030 81 29 växt
672 1029 91 30 fram
777 1029 173 40 parallellt
964 1030 78 29 med
1057 1030 245 29 motsvarande
1316 1030 222 29 verksamhet
1553 1030 95 28 inom
1663 1029 83 29 and-

258 1093 39 20 ra
313 1084 155 29 sektorer
483 1084 10 29 i
508 1083 194 30 samhället.
719 1083 373 40 Lantbruksstyrelsen
1108 1084 63 29 har
1188 1083 136 30 anvisat
1340 1083 406 30 lantbruksnämnderna

258 1147 43 20 en
318 1137 54 30 för
388 1138 79 29 hela
482 1138 89 29 riket
588 1138 151 29 likartad
757 1138 236 39 uppläggning
1010 1138 64 29 och
1092 1138 154 29 metodik
1263 1137 222 30 beträffande
1504 1138 242 39 översiktspla-

258 1192 178 39 neringen.
455 1191 210 40 Härigenom
683 1191 64 30 har
765 1191 182 39 möjlighet
965 1192 148 39 öppnats
1132 1193 49 28 att
1200 1191 36 30 få
1254 1190 92 31 fram
1363 1190 218 40 jämförbara
1599 1192 147 29 resultat

258 1246 66 29 och
343 1246 108 39 skapa
470 1255 42 20 en
530 1245 273 30 förhållandevis
822 1246 105 39 riktig
945 1246 71 29 bild
1035 1256 41 19 av
1096 1246 150 39 nuläget,
1267 1255 75 20 som
1361 1246 119 30 täcker
1500 1246 117 29 landet
1636 1246 12 28 i
1666 1246 79 29 dess

258 1299 127 30 helhet.

301 1354 73 28 Den
389 1353 222 39 översiktliga
625 1353 227 40 planeringen
866 1353 61 29 bör
942 1354 106 38 enligt
1062 1354 73 29 min
1150 1354 140 39 mening
1303 1355 122 28 kunna
1439 1353 178 30 utvecklas
1631 1354 52 29 till
1697 1355 49 28 ett

255 1406 189 30 värdefullt
458 1407 111 29 medel
585 1407 53 29 för
653 1409 50 28 att
717 1407 188 30 samordna
919 1407 40 30 de
974 1407 93 30 olika
1080 1408 197 29 insatserna
1291 1407 55 30 för
1361 1407 219 30 lantbrukets
1594 1407 151 30 rationa-

256 1461 142 39 lisering
414 1461 12 29 i
441 1461 118 30 vidare
575 1461 226 30 bemärkelse.
820 1462 52 29 En
889 1461 170 40 väsentlig
1077 1461 138 39 uppgift
1233 1461 54 30 för
1306 1461 357 39 lantbruksstyrelsen
1682 1461 61 30 bör

256 1524 83 20 vara
356 1517 50 27 att
423 1515 182 38 analysera
622 1515 145 29 behovet
785 1525 43 20 av
844 1515 93 30 olika
955 1515 160 39 åtgärder
1133 1516 65 29 och
1215 1516 146 29 värdera
1380 1515 155 29 effekten
1555 1525 43 20 av
1614 1515 130 30 insatta

256 1569 313 38 rationaliserings-
587 1570 64 28 och
668 1569 358 38 omställningsmedel
1044 1570 10 28 i
1072 1569 89 40 syfte
1178 1571 50 28 att
1246 1577 38 31 ge
1302 1570 67 28 den
1386 1569 164 29 fortsatta
1566 1570 177 28 verksam-

255 1622 103 29 heten
373 1632 42 19 en
431 1623 37 29 så
483 1622 146 30 effektiv
642 1622 194 39 inriktning
852 1632 74 20 som
942 1622 146 39 möjligt.
1104 1624 53 28 En
1172 1632 118 20 annan
1304 1623 109 39 viktig
1429 1623 138 39 uppgift
1584 1623 54 29 för
1653 1623 89 29 lant-

255 1676 282 39 bruksstyrelsen
554 1676 61 30 bör
631 1686 84 20 vara
730 1678 50 28 att
797 1676 160 30 utveckla
973 1677 65 29 och
1055 1676 120 30 anvisa
1192 1676 155 30 metodik
1364 1676 55 30 för
1436 1677 67 29 den
1521 1676 221 40 översiktliga

254 1730 229 39 planeringen
505 1731 65 28 och
592 1730 118 29 lämna
733 1731 132 28 central
889 1730 128 29 service
1040 1730 52 29 till
1115 1730 104 29 länen
1243 1729 54 30 för
1322 1730 171 29 statistisk
1516 1730 227 39 bearbetning

255 1793 45 20 m.
326 1793 43 20 m.
395 1784 74 29 Den
493 1784 154 29 centrala
671 1783 227 40 planeringen
922 1783 62 30 bör
1009 1792 131 31 mynna
1165 1785 38 28 ut
1227 1784 11 29 i
1262 1784 170 39 regionalt
1458 1783 284 30 differentierade

254 1837 364 40 handlingsprogram.

299 1891 140 39 Viktiga
457 1891 176 39 uppgifter
651 1891 57 30 vid
726 1892 66 29 den
810 1891 176 39 regionala
1003 1891 227 40 planeringen
1248 1891 62 31 bör
1329 1892 44 29 bl.
1393 1901 29 22 a.
1441 1901 84 20 vara
1544 1893 49 28 att
1612 1892 131 39 avväga

254 1945 308 30 markresurserna
577 1946 64 28 och
655 1945 118 40 belysa
787 1945 324 40 utvecklingsvägar
1126 1946 65 29 och
1205 1946 229 29 ekonomiska
1449 1945 294 40 förutsättningar

255 1998 55 30 för
326 1999 40 29 de
383 1999 159 29 enskilda
558 1999 188 39 företagen.
764 1999 119 30 Andra
898 1999 131 39 viktiga
1046 1999 177 40 uppgifter
1240 1999 66 29 blir
1322 2001 51 28 att
1389 1999 159 30 utarbeta
1565 1999 177 40 riktlinjer

254 2052 53 30 för
327 2052 251 40 dispositionen
597 2063 41 19 av
657 2053 57 29 det
733 2053 138 39 statliga
891 2052 374 40 finansieringsstödet,
1286 2053 454 39 strukturrationalisering-

253 2115 53 25 en,
325 2107 66 29 den
408 2106 118 30 aktiva
543 2106 140 40 inköps-
701 2107 65 29 och
783 2106 500 40 försäljningsverksamheten
1303 2109 90 28 samt
1412 2107 245 40 upplysnings-
1677 2107 63 30 och

253 2160 506 39 rådgivningsverksamheten.
783 2161 127 30 Vidare
934 2160 176 31 erfordras
1136 2161 263 40 överväganden
1424 2161 221 30 beträffande
1670 2170 71 21 om-

254 2213 212 40 flyttningen
490 2223 42 21 av
554 2223 156 21 resurser
734 2215 128 29 mellan
885 2214 208 40 jordbruket
1117 2216 65 28 och
1206 2215 110 30 andra
1340 2215 165 39 näringar
1531 2217 90 27 samt
1645 2215 95 30 inom

251 2267 219 39 Jordbruket.

296 2322 249 39 Utvecklingen
568 2323 11 29 i
600 2323 208 38 jordbruket
832 2323 65 29 och
920 2324 11 28 i
956 2323 109 29 andra
1090 2323 327 30 samhällssektorer
1442 2324 37 28 är
1504 2324 169 29 beroende
1699 2333 42 20 av

250 2375 184 35 varandra,
453 2376 141 29 särskilt
612 2376 66 30 vad
696 2376 107 40 gäller
820 2376 270 40 lokaliseringen
1109 2386 42 20 av
1169 2376 226 40 näringslivet
1416 2378 90 28 samt
1525 2376 215 40 efterfrågan

250 2428 46 40 på
311 2429 213 30 arbetskraft
542 2430 64 29 och
622 2429 44 40 på
683 2430 102 29 mark
802 2429 54 31 för
872 2429 218 40 bebyggelse-
1107 2431 65 29 och
1190 2430 294 30 fritidsändamål.
1502 2430 65 40 Jag
1584 2430 59 30 vill
1663 2430 77 30 där-

250 2482 56 29 för
320 2483 236 39 understryka
569 2483 120 29 vikten
705 2493 42 20 av
762 2485 49 28 att
826 2484 229 39 planeringen
1071 2484 94 29 såväl
1182 2484 147 29 centralt
1347 2493 75 20 som
1439 2484 167 39 regionalt
1623 2484 117 29 inord-
