2174 2614
170 1662 147 28 Motioner

169 1696 84 27 T:172
268 1697 51 27 och

186 1730 113 27 IT:267.

171 2218 137 25 Utskottet.

405 167 41 31 20
813 170 362 41 Bevillningsutskottets
1199 171 194 33 betänkande
1415 172 54 31 Nr
1491 174 52 30 10.

363 257 165 42 enheter,
572 258 90 34 eller
701 258 124 35 finnes
862 259 208 45 anledning
1096 261 57 34 till
1182 261 179 35 samfälld
1388 263 279 44 uppskattning
1695 275 48 23 av
1770 264 93 35 flera
1891 269 103 32 taxe-

361 307 273 44 ringsenheter,
663 308 64 35 må
754 309 121 35 sådan
903 310 238 44 uppdelning
1168 312 90 34 eller
1285 313 354 45 sammanslagning
1664 315 239 36 verkställas.

495 353 110 40 Även
633 360 311 35 vattenbetäckta
973 361 179 34 områden
1180 362 107 34 skola
1316 374 111 23 anses
1455 363 124 35 såsom
1608 365 119 34 mark.

496 408 244 36 Markvärdet
781 411 227 34 bestämmes
1035 412 14 33 i
1075 413 214 43 penningar
1315 413 58 34 till
1400 414 149 44 belopp,
1579 426 80 23 som
1688 419 214 32 motsvarar
1929 417 65 34 det

360 458 64 34 vid
468 459 95 34 1919
605 459 61 35 års
707 460 147 45 utgång
892 461 232 45 förefintliga
1164 463 136 34 värdet
1339 464 22 34 å
1398 465 167 34 marken.
1619 466 297 44 Befintligheten
1944 479 49 22 av

361 509 222 44 byggnader
609 511 90 34 eller
725 511 86 34 träd
838 512 149 34 lämnas
1006 512 65 34 vid
1090 513 263 35 markvärdets
1373 515 283 43 uppskattande
1676 519 94 32 utan
1790 518 201 34 avseende.

360 559 19 34 I
405 560 244 35 markvärdet
675 561 181 35 inräknas
884 562 81 35 icke
992 562 135 35 värdet
1154 575 48 22 av
1229 565 333 44 inmutningsbara
1590 566 79 34 kol-
1697 567 92 35 eller
1815 568 178 34 mineral-

360 610 255 44 fyndigheter.

494 661 75 34 Vid
609 662 306 35 bestämmandet
942 674 48 23 av
1018 664 126 34 marks
1172 665 118 34 värde
1318 666 108 43 skall,
1456 666 68 34 där
1551 667 65 34 det
1642 667 171 35 befinnes
1846 680 146 32 uppen-

359 711 95 42 bart,
484 714 57 31 att
568 713 156 33 marken
752 713 87 34 med
867 713 150 44 hänsyn
1046 714 57 34 till
1131 715 280 43 konjunkturer
1429 717 69 34 och
1518 717 235 44 efterfrågan
1772 721 43 31 är
1834 719 160 44 lämplig

360 761 69 34 och
469 762 170 44 begärlig
678 762 61 35 för
775 766 120 32 annat
921 775 80 23 mer
1028 765 342 44 avkomstgivande
1398 767 178 34 ändamål
1604 770 50 32 än
1683 768 75 43 det,
1787 768 61 35 för
1874 770 119 34 vilket

360 811 72 35 den
473 812 65 34 vid
579 813 472 44 uppskattningstillfället
1086 816 208 43 användes,
1323 817 243 34 markvärdet
1594 818 97 35 efter
1718 818 121 35 sådan
1867 821 124 42 grund

359 863 238 42 uppskattas.
651 858 56 39 Är
734 863 140 35 sådant
900 864 239 35 förhållande
1167 866 33 43 ej
1233 866 199 45 påtagligt,
1462 868 96 34 skall
1586 869 157 34 marken
1764 870 228 43 uppskattas

358 913 85 34 med
472 913 150 44 hänsyn
650 914 57 34 till
728 914 64 34 det
811 914 191 43 ändamål,
1023 916 129 34 varför
1171 917 73 34 den
1263 918 66 33 vid
1349 918 471 44 uppskattningstillfället
1838 921 150 35 brukas.

492 963 77 34 Vid
609 965 329 44 uppskattningen
980 966 96 34 skall
1104 967 153 35 särskilt
1284 967 59 35 för
1371 969 58 43 sig
1455 972 192 40 upptagas
1676 970 65 34 det
1768 970 224 43 jordbruks-

359 1014 90 33 eller
476 1014 376 44 skogsmarksvärde,
881 1027 80 23 som
991 1017 154 34 marken
1174 1017 63 35 må
1264 1021 84 40 äga.

493 1064 266 44 Uppskattade
801 1066 253 35 markvärden
1095 1068 105 34 skola
1241 1069 147 34 utföras
1429 1070 13 33 i
1477 1070 97 34 fulla
1600 1071 209 34 hundratal
1837 1071 155 43 kronor;

358 1114 96 34 dock
480 1118 69 39 att,
579 1115 69 34 där
673 1116 137 34 värdet
835 1116 82 35 icke
945 1117 149 44 uppgår
1121 1119 58 33 till
1210 1119 71 34 100
1309 1120 149 43 kronor,
1487 1121 214 34 detsamma
1729 1121 97 34 skall
1846 1122 145 35 utföras

357 1165 12 33 1
396 1164 97 35 fulla
521 1166 109 34 tiotal
658 1166 150 35 kronor.

492 1215 215 45 Konungen
749 1219 92 41 äger
880 1220 58 32 att
978 1218 156 34 utfärda
1174 1222 175 33 närmare
1389 1221 236 35 föreskrifter
1652 1222 59 34 till
1739 1222 160 44 ledning
1925 1223 65 34 vid

357 1266 325 44 uppskattningen
724 1268 120 43 enligt
885 1268 47 34 de
972 1268 13 33 i
1026 1268 125 35 denna
1190 1269 226 46 förordning
1443 1272 86 34 med
1556 1272 130 34 därtill
1714 1273 170 34 hörande
1911 1276 80 32 sär-

358 1315 122 35 skilda
507 1317 250 44 anvisningar
785 1318 168 43 angivna
981 1319 195 35 allmänna
1203 1321 167 43 grunder
1398 1322 69 34 och
1496 1322 187 35 särskilda
1702 1323 290 35 bestämmelser

357 1369 178 32 ävensom
564 1370 56 32 att
647 1368 192 35 fastställa
867 1368 249 46 erforderliga
1142 1370 198 36 formulär.

491 1485 245 35 Beträffande
781 1487 76 34 vad
901 1487 277 46 föredragande
1219 1489 420 43 departementschefen
1686 1491 119 44 enligt
1850 1491 138 35 omför-

356 1534 128 35 mälda
515 1536 376 44 statsrådsprotokoll
919 1538 65 34 vid
1012 1539 177 35 ärendets
1217 1539 274 45 föredragning
1517 1540 127 35 anfört
1673 1541 57 34 till
1758 1542 233 44 motivering

354 1585 59 34 för
439 1585 193 45 förslaget,
662 1586 59 35 får
748 1588 185 35 utskottet
960 1589 164 35 hänvisa
1152 1589 58 35 till
1238 1591 298 42 propositionen.

489 1670 76 34 Till
580 1671 204 35 utskottets
799 1672 236 45 behandling
1049 1674 100 34 hava
1163 1673 148 44 jämväl
1327 1675 254 35 överlämnats
1601 1675 66 35 två
1686 1677 11 33 i
1718 1676 210 45 anledning
1940 1688 51 23 av

354 1721 285 42 propositionen
667 1722 150 44 väckta,
845 1723 247 44 likalydande
1120 1725 197 42 motioner,
1347 1725 73 34 den
1449 1737 82 32 ena,
1555 1726 120 42 I:172,
1697 1738 48 22 av
1765 1727 87 34 herr
1869 1727 121 35 Johan

353 1770 206 35 Johansson
585 1771 14 33 i
626 1772 173 35 Kälkebo
826 1773 121 43 jämte
975 1773 65 35 två
1068 1774 120 35 andra
1216 1786 48 23 av
1278 1775 122 35 första
1419 1776 240 35 kammarens
1679 1777 220 44 ledamöter,
1915 1777 74 34 den

355 1821 131 42 andra,
527 1821 139 44 II:267,
695 1833 49 23 av
784 1823 88 35 herr
910 1823 179 44 Svedberg
1129 1825 120 43 jämte
1290 1837 66 23 sex
1397 1827 120 34 andra
1557 1827 209 35 ledamöter
1793 1839 49 22 av
1870 1827 118 35 andra

354 1871 233 35 kammaren.
640 1873 19 33 I
700 1872 113 36 dessa
853 1875 188 34 motioner
1072 1875 230 43 hemställes,
1332 1879 75 32 >att
1432 1877 204 44 riksdagen
1665 1878 81 34 icke
1775 1877 121 35 måtte
1922 1889 68 23 an-

354 1925 90 40 taga
470 1922 184 44 förslaget
680 1923 59 34 till
767 1924 214 44 förordning
1009 1936 56 23 om
1092 1926 262 44 uppskattning
1382 1939 45 23 av
1453 1928 103 33 mark
1583 1928 14 33 i
1624 1928 64 34 och
1714 1928 59 43 för
1799 1928 191 43 framdeles

353 1972 151 34 skeende
543 1973 163 43 taxering
749 1974 56 34 till
827 1974 210 45 jordvärde-
1064 1976 87 34 eller
1172 1976 480 45 jordräntestegringsskatt,
1682 1981 185 32 ävensom
1895 1981 56 32 att
1977 1980 13 32 i

355 2023 278 44 sammanhang
660 2025 158 34 härmed
846 2025 157 35 stående
1032 2026 164 44 begäran
1225 2039 61 22 om
1316 2029 135 43 anslag
1478 2028 116 34 måtte
1623 2028 156 36 avslås.»

490 2074 247 35 Beträffande
778 2077 278 44 motiveringen
1096 2077 131 35 härför
1266 2077 61 35 får
1368 2079 183 34 utskottet
1579 2079 161 35 hänvisa
1768 2080 58 34 till
1855 2080 135 34 motio-

355 2135 129 23 nerna.

492 2224 133 36 Såsom
653 2226 13 33 i
693 2227 286 44 propositionen
1008 2229 155 42 erinras,
1194 2230 286 33 sammanfaller
1507 2229 64 35 det
1597 2242 52 22 nu
1679 2230 216 44 framlagda
1914 2230 76 34 för-
