2150 2620
640 166 355 42 Bevillningsutskottets
1017 169 189 32 betänkande
1228 170 54 32 Nr
1304 172 49 31 10.
1730 177 38 32 15

949 267 46 34 32
1025 264 34 45 8.

327 338 141 35 Besvär
495 341 89 32 över
610 341 415 44 granskningsnämnds
1052 345 123 34 beslut
1202 345 61 35 må
1292 346 152 36 anföras
1472 360 63 23 av:

328 385 37 46 a)
394 388 327 46 fastighetsägare,
749 392 12 33 i
788 392 74 34 vad
890 392 138 36 honom
1056 398 118 40 rörer;

328 436 38 46 b)
407 439 280 36 vederbörande
720 442 189 44 kommun,
938 445 391 44 municipalsamhälle
1358 449 69 34 och
1455 449 156 36 därmed
1638 452 167 36 likställd

193 489 156 44 köping;

327 536 34 47 c)
390 540 281 36 vederbörande
710 543 326 37 landskamrerare
1077 547 81 42 och,
1195 548 73 34 vad
1297 549 118 44 angår
1443 549 229 47 Stockholm,
1701 553 104 36 kam-

191 601 151 24 reraren
369 590 64 35 vid
462 591 471 38 överståthållarämbetets
961 596 207 45 avdelning
1194 598 59 35 för
1280 600 372 43 uppbördsärenden.

326 641 189 35 Besvären
556 642 116 43 skola,
701 644 137 35 ställda
865 645 57 34 till
950 646 72 34 den
1050 647 13 33 i
1091 648 46 34 33
1166 645 23 45 8
1217 649 249 36 omförmälda
1493 653 312 46 uppskattnings-

192 691 291 44 övernämnden,
512 693 149 44 ingivas
689 695 57 33 till
772 695 141 45 Kungl.
938 696 131 44 Maj:ts
1097 698 404 46 befallningshavande
1529 704 12 33 i
1561 704 63 35 det
1641 705 75 43 län,
1737 706 69 35 där

192 742 72 34 den
305 742 249 44 överklagade
586 745 323 45 uppskattningen
938 748 110 42 skett,
1076 748 81 36 före
1184 750 159 35 klockan
1370 753 79 34 tolv
1477 753 71 35 den
1580 755 44 34 15
1651 751 153 53 januari

194 793 107 42 1922,
342 792 64 34 vid
433 793 148 44 påföljd
609 798 57 31 att
692 795 181 35 besvären
901 798 112 43 eljest
1040 799 80 35 icke
1147 801 118 34 varda
1297 805 197 41 upptagna
1522 805 55 33 till
1605 802 198 53 prövning,

191 842 126 35 därest
343 843 81 34 icke
450 844 87 43 laga
565 844 128 35 förfall
720 846 112 35 visas.

326 893 125 35 Sedan
478 894 65 34 vid
570 895 180 35 inkomna
777 897 134 34 besvär
937 898 109 36 blivit
1073 900 136 45 fogade
1237 901 106 35 såväl
1371 904 137 45 utdrag
1535 917 48 23 av
1606 903 198 54 uppskatt-

190 944 229 44 ningslängd
459 947 99 32 samt
598 947 310 45 uppskattnings-
949 950 70 34 och
1059 952 510 44 granskningsnämndernas
1605 954 196 52 protokoll,

190 993 115 36 såvitt
333 994 72 34 den
433 995 249 45 överklagade
710 998 431 47 uppskattningsfrågan
1169 1002 128 45 angår,
1327 1015 79 23 som
1435 1006 67 34 ock
1530 1007 46 34 de
1595 1008 58 34 till
1671 1011 132 32 nämn-

191 1044 116 35 derna
334 1045 13 33 i
374 1045 133 44 frågan
547 1046 156 44 ingivna
743 1048 288 46 handlingarna,
1061 1052 70 34 och
1159 1052 164 36 därefter
1349 1054 252 47 förklaringar
1628 1062 88 31 över
1743 1060 60 34 be-

190 1098 135 32 svären
362 1096 206 35 infordrats
595 1097 85 35 från
708 1099 290 45 vederbörande,
1027 1102 180 36 insänder
1232 1104 141 45 Kungl.
1402 1106 128 44 Maj:ts
1558 1108 244 46 befallnings-

191 1146 173 34 havande
405 1147 308 45 skyndsamligen
741 1150 56 34 till
826 1153 280 34 övernämnden
1134 1155 177 44 samtliga
1337 1156 279 46 handlingarna
1643 1161 85 34 med
1756 1161 46 35 de

190 1197 278 43 upplysningar
495 1198 69 34 och
593 1199 219 44 erinringar,
842 1212 79 23 som
949 1202 182 36 besvären
1161 1216 109 23 anses
1298 1206 162 43 påkalla.

325 1246 50 35 Så
402 1250 104 32 snart
534 1259 97 23 ovan
659 1250 182 43 stadgade
869 1252 210 35 besvärstid
1107 1254 81 43 gått
1207 1256 57 33 till
1284 1257 111 42 ända,
1416 1259 226 35 översänder
1660 1257 141 52 Kungl.

189 1296 130 43 Maj:ts
360 1297 403 45 befallningshavande
803 1302 56 33 till
887 1302 254 36 ordföranden
1169 1305 11 34 i
1209 1308 279 34 övernämnden
1516 1309 237 47 förteckning
1779 1312 23 35 å

189 1347 160 34 anförda
377 1348 144 34 besvär.

676 1497 69 32 Om
772 1500 548 39 uppskattningsövernämnd.

939 1597 46 34 33
1014 1594 34 45 S.

320 1666 75 34 För
422 1670 55 31 att
503 1671 118 40 pröva
641 1669 68 34 och
729 1673 139 41 avgöra
888 1671 143 43 besvär,
1052 1684 80 23 som
1152 1674 151 35 anföras
1322 1676 12 33 i
1354 1677 206 45 anledning
1578 1690 48 23 av
1645 1683 156 41 gransk-

187 1716 365 44 ningsnämndernas
580 1719 133 44 beslut,
742 1720 175 35 tillsättes
946 1734 43 22 en
1020 1724 527 45 uppskattningsövernämnd
1575 1729 11 34 i
1615 1730 72 35 den
1716 1733 82 33 ord-

186 1767 93 43 ning
306 1767 123 34 nedan
457 1768 165 44 stadgas.

320 1817 140 44 Kungl.
489 1818 110 43 Maj:t
626 1819 199 36 förordnar
852 1821 237 45 ordförande,
1109 1824 80 34 vice
1217 1825 227 37 ordförande
1464 1829 68 34 och
1553 1832 244 42 suppleanter

188 1867 57 34 för
273 1867 84 34 dem
386 1871 97 31 samt
509 1868 85 44 fyra
622 1870 205 36 ledamöter
852 1872 118 43 jämte
999 1875 259 42 suppleanter;

320 1918 160 34 vardera
507 1930 48 23 av
582 1920 220 45 riksdagens
830 1922 150 35 kamrar
1007 1927 83 32 utse
1117 1928 56 31 tre
1200 1927 221 43 ledamöter;

322 1968 106 43 varje
468 1970 394 44 granskningsnämnd
890 1973 12 33 i
929 1974 96 34 riket
1051 1975 123 43 väljer
1199 1977 102 33 inom
1331 1979 57 42 sig
1415 1978 64 35 två
1506 1980 207 36 ledamöter
1739 1987 56 31 att

187 2016 49 44 på
263 2018 153 34 kallelse
443 2019 12 33 i
483 2021 279 34 övernämnden
790 2022 150 35 inträda
967 2024 121 34 under
1106 2026 278 44 behandlingen
1406 2029 68 34 och
1494 2033 234 40 avgörandet
1747 2045 48 23 av

186 2068 432 44 uppskattningsfrågor,
648 2082 79 23 som
755 2073 98 33 varit
879 2073 156 35 föremål
1069 2075 58 34 för
1154 2076 285 45 handläggning
1465 2091 48 23 av
1541 2080 71 35 den
1640 2084 156 41 gransk-

187 2117 265 44 ningsnämnd,
481 2130 47 22 av
555 2120 126 34 vilken
710 2121 45 34 de
783 2125 64 31 äro
875 2123 128 42 valda;

320 2171 91 30 utav
450 2169 220 44 riksdagens
707 2171 149 35 kamrar
896 2173 68 34 och
1005 2175 489 44 granskningsnämnderna
1521 2182 103 33 utses
1650 2181 143 43 jämväl

187 2218 242 42 suppleanter
455 2219 57 34 till
540 2220 76 34 lika
644 2222 103 33 antal
775 2233 79 23 som
883 2222 45 35 de
956 2235 48 23 av
1032 2224 84 35 dem
1144 2226 113 34 valda
1285 2228 267 36 ledamöterna.
