1868 2788
481 147 286 30 Statsutskottets
788 147 180 29 utlåtande
988 156 43 20 nr
1051 147 17 29 7
1088 147 39 29 år
1148 147 83 29 1959
1571 146 40 30 23

105 230 344 40 partementschefen
471 230 186 30 förordade
681 230 191 39 ändringar
893 232 11 29 i
926 230 68 29 den
1016 230 55 30 för
1094 230 328 39 kontrollstyrelsen
1445 230 160 39 gällande

105 281 442 39 personalförteckningen,
573 280 73 30 dels
671 280 186 40 godkänna
882 290 42 20 av
947 280 389 40 departementschefen
1360 280 165 30 förordad
1549 289 57 21 av-

107 332 209 40 löningsstat
344 332 57 30 för
426 331 337 40 kontrollstyrelsen,
792 333 51 28 att
872 331 177 39 tillämpas
1079 330 72 30 tills
1178 330 119 30 vidare
1326 330 80 30 från
1433 330 64 30 och
1527 330 79 30 med

106 382 204 40 budgetåret
335 383 160 36 1959/60,
518 382 74 30 dels
615 382 65 30 ock
702 382 52 30 till
776 381 351 39 Kontrollstyrelsen:
1151 381 214 39 Avlöningar
1388 381 54 30 för
1463 380 144 40 budget-

108 434 73 30 året
201 433 150 36 1959/60
371 433 123 30 anvisa
513 434 48 29 ett
580 432 274 40 förslagsanslag
874 442 42 20 av
936 433 18 29 2
969 432 62 30 242
1047 432 63 30 800
1131 432 140 32 kronor.

153 518 271 40 Ifrågavarande
443 518 121 39 anslag
582 519 38 28 är
639 518 11 28 i
668 517 160 40 gällande
847 517 146 30 riksstat
1012 516 145 40 uppfört
1176 516 79 29 med
1274 517 18 29 2
1307 516 64 30 358
1386 516 62 30 000
1467 516 140 29 kronor.

152 568 124 40 Kungl.
305 568 125 40 Maj:ts
456 567 131 41 förslag
613 567 155 35 innebär,
797 567 156 30 förutom
979 567 94 29 vissa
1100 566 237 30 automatiska
1365 566 242 29 kostnadsför-

108 619 198 39 ändringar,

153 671 51 28 att
226 688 45 3 —
293 670 12 29 i
329 669 153 39 enlighet
508 669 80 29 med
612 670 66 29 vad
703 668 125 30 chefen
855 667 56 30 för
936 667 359 39 civildepartementet
1323 666 117 30 anfört
1465 666 58 29 vid
1550 675 59 20 an-

110 720 118 29 mälan
252 730 44 20 av
322 719 56 30 för
405 719 87 30 flera
519 719 219 30 huvudtitlar
766 726 262 32 gemensamma
1055 717 119 40 frågor
1199 735 45 3 —
1268 726 44 20 en
1340 716 270 30 kansliskrivar-

109 771 111 39 tjänst
238 772 11 28 i
268 771 50 29 Ao
341 770 39 30 10
400 770 128 30 ändras
547 770 54 30 till
619 769 197 40 befattning
837 778 75 21 som
931 768 109 31 förste
1059 768 276 30 kansliskrivare
1355 767 11 29 i
1386 767 50 29 Ao
1458 767 38 29 12
1518 768 90 28 samt

110 831 43 20 en
172 821 109 40 tjänst
302 830 76 21 som
396 820 135 30 biträde
549 821 11 29 i
580 820 156 39 reglerad
754 818 317 40 befordringsgång
1091 818 118 39 utbyts
1230 820 73 27 mot
1322 817 287 30 kanslibiträdes-

107 872 111 39 tjänst
233 872 11 29 i
261 872 48 30 Ae
327 872 34 35 7;

153 923 51 28 att
228 921 419 39 överdirektörstjänsten
670 921 11 29 i
705 921 47 29 Bo
778 922 18 29 5
823 919 206 30 omvandlas
1055 919 53 29 till
1132 918 197 40 befattning
1356 927 74 20 som
1456 917 154 40 general-

109 972 155 30 direktör
283 973 11 29 i
314 973 49 29 Bo
386 972 34 36 6;

154 1024 50 28 att
227 1032 42 20 en
288 1022 378 40 byrådirektörstjänst
686 1022 11 29 i
718 1022 49 38 Ag
789 1021 42 30 24
851 1020 382 35 extraordinariesätts;

153 1074 50 28 att
221 1083 43 20 en
282 1075 99 28 extra
400 1072 308 39 amanuenstjänst
728 1071 178 31 överföres
925 1071 53 29 till
998 1070 68 30 den
1086 1069 176 40 reglerade
1280 1068 328 40 befordringsgång-

110 1133 58 26 en;

153 1175 51 29 att
223 1176 51 28 tre
296 1173 456 40 kontorsbiträdestjänster
772 1171 149 41 uppförs
943 1171 46 41 på
1010 1170 449 41 personalförteckningen;

155 1227 50 27 att
221 1224 240 30 kostnaderna
477 1224 54 30 för
549 1223 193 30 avlönande
760 1232 43 21 av
818 1223 59 30 två
893 1224 98 28 extra
1008 1221 205 30 assistenter
1229 1220 158 31 överförs
1405 1219 79 30 från
1502 1218 109 30 lokal-

111 1275 278 39 förvaltningens
409 1275 53 30 till
482 1274 347 39 kontrollstyrelsens
849 1273 137 39 anslag;

155 1327 91 28 samt
272 1328 53 27 att
351 1326 82 29 tack
459 1334 82 21 vare
568 1325 167 38 vidtagna
760 1321 468 41 rationaliseringsåtgärder
1255 1322 97 29 inom
1380 1320 230 38 avdelningen

110 1377 55 28 för
184 1376 283 39 brännoljeskatt
489 1377 91 28 samt
602 1374 188 40 styrelsens
813 1373 253 39 straffregister
1089 1381 42 21 en
1153 1372 110 39 tjänst
1286 1380 76 20 som
1384 1378 193 22 amanuens
1599 1369 10 28 i

111 1426 155 39 reglerad
290 1425 315 39 befordringsgång
632 1427 89 27 samt
746 1424 48 30 tio
820 1422 456 39 kontorsbiträdestjänster
1301 1421 131 29 indras.

153 1477 164 38 Anslaget
337 1476 174 29 beräknas
533 1475 163 30 sålunda:

109 1527 203 38 avlöningar
329 1526 52 29 till
400 1525 175 30 ordinarie
594 1525 215 39 tjänstemän
829 1523 61 30 760
908 1523 60 29 100
992 1523 112 34 (—19
1119 1521 80 37 900)
1224 1522 146 35 kronor;

107 1578 203 39 avlöningar
332 1577 53 30 till
408 1576 269 30 icke-ordinarie
699 1575 163 40 personal
888 1574 93 30 1165
997 1574 63 30 000
1089 1574 59 33 (—
1170 1572 38 30 91
1225 1572 80 35 000)
1333 1572 145 34 kronor;

109 1628 120 39 rörligt
247 1627 120 39 tillägg
386 1626 63 30 304
464 1626 62 30 300
550 1625 111 34 (—17
678 1624 78 34 700)
781 1625 146 34 kronor;

108 1677 268 40 kompensation
400 1676 54 30 för
474 1676 109 39 höjda
604 1673 393 41 folkpensionsavgifter
1022 1673 39 30 13
1076 1672 63 31 400
1166 1672 55 38 (+
1240 1671 134 35 138400)
1400 1672 140 29 kronor.

153 1727 164 39 Anslaget
335 1726 147 31 föreslås
499 1726 103 30 alltså
619 1726 97 29 skola
731 1725 173 40 uppföras
918 1724 79 30 med
1014 1724 18 30 2
1048 1723 62 30 242
1126 1723 62 30 800
1210 1724 60 33 (—
1288 1723 61 29 115
1364 1722 80 34 200)
1466 1722 140 29 kronor.

155 1829 184 35 Utskottet,
363 1837 75 20 som
460 1828 71 28 inte
554 1826 119 30 funnit
696 1825 190 39 anledning
907 1824 53 30 till
982 1824 142 29 erinran
1148 1825 70 27 mot
1242 1823 126 39 Kungl.
1392 1822 123 39 Maj:ts
1540 1821 68 30 för-

111 1880 81 38 slag,
215 1878 214 35 hemställer,

464 1928 50 28 att
539 1926 188 39 riksdagen
751 1925 58 29 må

465 1977 36 33 a)
533 1975 210 40 bemyndiga
758 1975 126 38 Kungl.
901 1974 105 38 Maj:t
1022 1975 50 28 att
1088 1973 156 39 företaga
1259 1972 42 30 de
1318 1971 188 40 ändringar
1522 1971 11 29 i
1549 1970 67 30 den

419 2028 55 28 för
490 2026 327 39 kontrollstyrelsen
835 2024 159 39 gällande
1011 2022 433 41 personalförteckningen
1461 2031 74 20 som
1553 2021 64 29 föl-

422 2078 54 39 jer
495 2086 43 21 av
555 2077 68 29 vad
642 2077 10 29 i
673 2074 384 41 statsrådsprotokollet
1076 2075 81 29 över
1176 2073 275 30 finansärenden
1472 2072 55 30 för
1546 2072 66 29 den

423 2129 18 29 3
457 2127 142 40 januari
619 2127 82 29 1959
719 2126 152 34 anförts;

465 2178 37 33 b)
533 2177 185 38 godkänna
742 2175 158 39 följande
924 2174 254 39 avlöningsstat
1202 2173 55 31 för
1279 2172 338 39 kontrollstyrelsen,

423 2230 48 26 att
489 2227 177 38 tillämpas
682 2226 70 30 tills
766 2226 120 29 vidare
903 2224 78 30 från
997 2224 65 29 och
1077 2225 78 28 med
1171 2223 204 38 budgetåret
1394 2222 164 35 1959/60:
