1874 2780
398 172 125 29 Första
549 172 247 36 lagutskottets
823 173 179 30 utlåtande
1028 182 43 20 nr
1095 175 41 29 28
1162 174 38 29 år
1227 175 84 29 1956
1561 174 39 29 19

111 270 214 34 konstatera,
351 271 49 28 att
424 270 452 37 undersökningsväsendet
899 271 164 37 fungerat
1087 271 43 37 på
1153 273 48 28 ett
1225 271 125 30 sådant
1373 272 69 29 sätt
1466 273 50 28 att
1540 271 60 30 all-

109 324 134 37 varliga
265 323 335 30 missförhållanden
624 324 169 37 uppstått.
816 325 50 29 De
888 324 95 30 olika
1005 324 162 37 åtgärder
1189 334 75 20 som
1286 325 126 30 hittills
1434 325 166 37 vidtagits

111 377 55 29 för
188 379 50 28 att
259 377 84 29 råda
363 377 59 30 bot
442 377 111 37 härpå
573 377 45 30 ha
638 377 76 30 icke
734 378 62 30 lett
815 378 53 30 till
889 378 109 37 några
1017 387 96 21 mera
1133 378 182 37 varaktiga
1335 378 263 38 förbättringar.

110 431 77 29 Med
215 431 137 36 hänsyn
380 431 119 29 härtill
527 431 66 29 och
620 431 51 29 till
699 431 494 38 sinnesundersökningarnas
1221 433 94 29 stora
1341 432 177 37 betydelse
1546 432 54 29 för

111 484 220 29 rättsvården
356 484 110 30 måste
490 485 96 29 tiden
612 494 47 20 nu
685 494 101 21 anses
810 494 84 21 vara
918 485 82 31 inne
1025 487 50 28 att
1098 485 31 37 ej
1156 486 123 30 endast
1302 486 140 37 vidtaga
1466 486 134 29 smärre

109 538 163 36 åtgärder
295 537 55 30 för
373 540 49 28 att
446 538 126 30 snabbt
595 538 83 30 ernå
701 539 176 29 lättnader
898 539 11 29 i
932 540 56 29 det
1011 539 154 30 rådande
1187 539 195 31 tillståndet
1404 542 85 27 utan
1512 540 86 29 även

110 593 50 28 att
185 591 52 30 till
263 592 172 37 prövning
459 594 155 35 upptaga
638 592 67 30 alla
730 593 174 29 tänkbara
928 593 185 36 spörsmål,
1137 593 93 30 vilka
1255 594 64 36 äga
1343 594 256 37 sammanhang

111 645 78 29 med
213 645 123 37 frågan
360 646 67 29 hur
450 655 94 25 man,
566 646 44 36 på
634 646 118 37 längre
775 646 81 35 sikt,
878 646 44 37 på
945 647 95 29 detta
1063 647 142 29 område
1228 647 88 29 skall
1340 647 121 30 kunna
1484 647 115 30 åstad-

109 699 143 29 komma
281 699 327 30 tillfredsställande
637 698 246 31 förhållanden
913 709 41 20 av
982 700 188 30 bestående
1199 702 63 28 art.
1290 701 178 30 Utskottet
1497 710 102 21 anser

109 752 122 30 därför
248 753 178 37 angeläget
445 754 49 28 att
513 762 42 20 en
572 753 188 37 utredning
777 753 10 29 i
804 753 125 30 sådant
946 753 92 38 syfte
1055 754 158 29 kommer
1229 755 52 29 till
1299 754 113 30 stånd.
1431 754 167 37 Samtliga

110 806 302 30 remissinstanser
434 807 46 29 ha
501 807 171 36 tillstyrkt
695 807 121 30 kravet
839 807 43 37 på
904 807 188 37 utredning
1114 808 85 29 även
1222 808 77 29 med
1322 808 66 30 den
1409 817 96 21 mera
1526 818 72 20 om-

109 859 159 30 fattande
283 860 166 29 räckvidd
464 869 76 20 som
555 870 97 21 avses
667 861 79 29 med
761 861 179 29 motionen
955 861 45 29 11:
1017 861 74 30 480.

154 913 46 30 På
216 915 111 35 grund
344 923 41 20 av
399 914 57 29 det
471 913 149 30 anförda
634 914 54 29 får
702 914 172 29 utskottet
888 915 197 34 hemställa,

473 969 50 28 att
542 968 185 36 riksdagen
747 968 9 29 i
775 968 188 37 anledning
982 977 41 21 av
1040 969 230 29 förevarande
1288 969 182 35 motioner,
1489 970 28 28 I:
1534 969 64 30 334

428 1021 66 29 och
514 1021 46 29 II:
576 1021 62 29 277
660 1023 91 27 samt
772 1021 45 29 II:
833 1021 74 35 480,
928 1022 108 30 måtte
1056 1022 10 29 i
1086 1022 168 30 skrivelse
1272 1023 53 29 till
1345 1023 126 37 Kungl.
1491 1023 107 36 Maj:t

428 1075 142 29 anhålla
602 1084 56 20 om
691 1084 41 20 en
766 1074 328 38 förutsättningslös
1126 1076 187 37 utredning
1345 1076 178 37 angående
1555 1086 42 20 en

427 1128 279 37 effektivisering
737 1138 41 19 av
809 1129 56 29 det
896 1129 330 37 rättspsykiatriska
1256 1129 341 38 undersökningsvä-

427 1182 131 30 sendet.

152 1288 201 30 Stockholm
369 1289 65 29 den
450 1289 41 29 26
507 1289 87 37 april
613 1289 82 30 1956

546 1396 47 29 På
613 1396 110 30 första
742 1397 247 36 lagutskottets
1008 1398 147 36 vägnar:

656 1502 122 30 OLOV
804 1503 240 29 RYLANDER

453 1672 64 29 Vid
533 1672 93 30 detta
643 1673 146 29 ärendes
805 1673 212 36 behandling
1032 1673 45 30 ha
1093 1674 155 29 närvarit

149 1742 80 30 från
248 1743 141 30 första
407 1743 221 29 kammaren:
649 1744 122 29 herrar
789 1744 172 34 Ahlkvist,
981 1745 185 33 Lodenius,
1186 1745 56 29 fru
1262 1745 333 38 Sjöström-Bengtls-

104 1796 75 25 son,
199 1787 57 29 fru
276 1787 110 30 Gärde
405 1788 191 34 Widemar,
615 1788 122 29 herrar
756 1789 225 37 Magnusson,
1002 1789 174 37 Lindgren
1195 1790 65 29 och
1279 1790 84 29 Erik
1382 1790 210 37 Svedberg>;

150 1832 78 29 från
258 1833 152 28 andra
438 1833 221 28 kammaren:
689 1833 80 29 herr
797 1834 184 36 Rylander,
1010 1833 124 30 fröken
1161 1834 121 36 Öberg,
1308 1835 80 28 herr
1415 1835 179 36 Hedqvist,

104 1876 125 29 fröken
253 1877 183 36 Liljedahl,
458 1877 81 29 herr
563 1877 174 34 Ekström,
760 1878 57 28 fru
840 1878 169 29 Eriksson
1032 1878 9 28 i
1064 1878 213 35 Stockholm,
1299 1879 121 29 herrar
1442 1880 152 36 Fröding

102 1921 66 28 och
184 1921 149 29 Larsson
351 1921 9 29 i
377 1922 133 28 Luttra.

138 2000 12 12 +
172 1999 33 28 Ej
229 2001 180 23 närvarande
430 2001 47 23 vid
501 2001 179 23 utlåtandets
701 2001 155 28 justering.
