<?xml version="1.0" encoding="UTF-8"?>
<alto xmlns="http://www.loc.gov/standards/alto/ns-v3#" xmlns:xlink="http://www.w3.org/1999/xlink" xmlns:xsi="http://www.w3.org/2001/XMLSchema-instance" xsi:schemaLocation="http://www.loc.gov/standards/alto/ns-v3# http://www.loc.gov/alto/v3/alto-3-0.xsd">
	<Description>
		<MeasurementUnit>pixel</MeasurementUnit>
		<sourceImageInformation>
			<fileName>/tmp/tess__ly1glqm_input.PNG</fileName>
		</sourceImageInformation>
		<OCRProcessing ID="OCR_0">
			<ocrProcessingStep>
				<processingSoftware>
					<softwareName>tesseract 5.3.0</softwareName>
				</processingSoftware>
			</ocrProcessingStep>
		</OCRProcessing>
	</Description>
	<Layout>
		<Page WIDTH="1886" HEIGHT="2772" PHYSICAL_IMG_NR="0" ID="page_0">
			<PrintSpace HPOS="0" VPOS="0" WIDTH="1886" HEIGHT="2772">
				<ComposedBlock ID="cblock_0" HPOS="265" VPOS="168" WIDTH="1221" HEIGHT="43">
					<TextBlock ID="block_0" HPOS="265" VPOS="168" WIDTH="1221" HEIGHT="43">
						<TextLine ID="line_0" HPOS="265" VPOS="168" WIDTH="1221" HEIGHT="43">
							<String ID="string_0" HPOS="265" VPOS="168" WIDTH="18" HEIGHT="31" WC="0.97" CONTENT="8"/><SP WIDTH="258" VPOS="168" HPOS="283"/>
							<String ID="string_1" HPOS="541" VPOS="170" WIDTH="406" HEIGHT="41" WC="0.92" CONTENT="Bevillningsutskottets"/><SP WIDTH="23" VPOS="170" HPOS="947"/>
							<String ID="string_2" HPOS="970" VPOS="173" WIDTH="218" HEIGHT="32" WC="0.96" CONTENT="betänkande"/><SP WIDTH="21" VPOS="173" HPOS="1188"/>
							<String ID="string_3" HPOS="1209" VPOS="185" WIDTH="44" HEIGHT="20" WC="0.96" CONTENT="nr"/><SP WIDTH="22" VPOS="185" HPOS="1253"/>
							<String ID="string_4" HPOS="1275" VPOS="176" WIDTH="40" HEIGHT="30" WC="0.96" CONTENT="18"/><SP WIDTH="23" VPOS="176" HPOS="1315"/>
							<String ID="string_5" HPOS="1338" VPOS="176" WIDTH="39" HEIGHT="30" WC="0.95" CONTENT="år"/><SP WIDTH="25" VPOS="176" HPOS="1377"/>
							<String ID="string_6" HPOS="1402" VPOS="177" WIDTH="84" HEIGHT="30" WC="0.96" CONTENT="1958"/>
						</TextLine>
					</TextBlock>
				</ComposedBlock>
				<ComposedBlock ID="cblock_1" HPOS="259" VPOS="253" WIDTH="1508" HEIGHT="1549">
					<TextBlock ID="block_1" HPOS="259" VPOS="253" WIDTH="1508" HEIGHT="1549">
						<TextLine ID="line_1" HPOS="267" VPOS="253" WIDTH="1500" HEIGHT="49">
							<String ID="string_7" HPOS="267" VPOS="253" WIDTH="341" HEIGHT="41" WC="0.90" CONTENT="ningsprogrammet"/><SP WIDTH="20" VPOS="253" HPOS="608"/>
							<String ID="string_8" HPOS="628" VPOS="265" WIDTH="74" HEIGHT="20" WC="0.95" CONTENT="mer"/><SP WIDTH="20" VPOS="265" HPOS="702"/>
							<String ID="string_9" HPOS="722" VPOS="257" WIDTH="44" HEIGHT="29" WC="0.95" CONTENT="än"/><SP WIDTH="20" VPOS="257" HPOS="766"/>
							<String ID="string_10" HPOS="786" VPOS="257" WIDTH="56" HEIGHT="30" WC="0.93" CONTENT="väl"/><SP WIDTH="20" VPOS="257" HPOS="842"/>
							<String ID="string_11" HPOS="862" VPOS="257" WIDTH="240" HEIGHT="40" WC="0.89" CONTENT="tillgodosetts."/><SP WIDTH="24" VPOS="257" HPOS="1102"/>
							<String ID="string_12" HPOS="1126" VPOS="259" WIDTH="127" HEIGHT="30" WC="0.93" CONTENT="Vidare"/><SP WIDTH="20" VPOS="259" HPOS="1253"/>
							<String ID="string_13" HPOS="1273" VPOS="260" WIDTH="205" HEIGHT="31" WC="0.90" CONTENT="framhålles"/><SP WIDTH="22" VPOS="260" HPOS="1478"/>
							<String ID="string_14" HPOS="1500" VPOS="263" WIDTH="50" HEIGHT="29" WC="0.96" CONTENT="att"/><SP WIDTH="22" VPOS="263" HPOS="1550"/>
							<String ID="string_15" HPOS="1572" VPOS="262" WIDTH="57" HEIGHT="31" WC="0.93" CONTENT="det"/><SP WIDTH="20" VPOS="262" HPOS="1629"/>
							<String ID="string_16" HPOS="1649" VPOS="262" WIDTH="118" HEIGHT="40" WC="0.91" CONTENT="plane-"/>
						</TextLine>
						<TextLine ID="line_2" HPOS="267" VPOS="304" WIDTH="1496" HEIGHT="43">
							<String ID="string_17" HPOS="267" VPOS="304" WIDTH="83" HEIGHT="30" WC="0.93" CONTENT="rade"/><SP WIDTH="21" VPOS="304" HPOS="350"/>
							<String ID="string_18" HPOS="371" VPOS="304" WIDTH="370" HEIGHT="41" WC="0.91" CONTENT="femårsprogrammet"/><SP WIDTH="19" VPOS="304" HPOS="741"/>
							<String ID="string_19" HPOS="760" VPOS="306" WIDTH="73" HEIGHT="30" WC="0.96" CONTENT="inte"/><SP WIDTH="21" VPOS="306" HPOS="833"/>
							<String ID="string_20" HPOS="854" VPOS="307" WIDTH="100" HEIGHT="40" WC="0.96" CONTENT="följts"/><SP WIDTH="22" VPOS="307" HPOS="954"/>
							<String ID="string_21" HPOS="976" VPOS="308" WIDTH="63" HEIGHT="30" WC="0.96" CONTENT="och"/><SP WIDTH="20" VPOS="308" HPOS="1039"/>
							<String ID="string_22" HPOS="1059" VPOS="310" WIDTH="53" HEIGHT="28" WC="0.96" CONTENT="att"/><SP WIDTH="20" VPOS="310" HPOS="1112"/>
							<String ID="string_23" HPOS="1132" VPOS="309" WIDTH="122" HEIGHT="31" WC="0.96" CONTENT="därför"/><SP WIDTH="21" VPOS="309" HPOS="1254"/>
							<String ID="string_24" HPOS="1275" VPOS="310" WIDTH="67" HEIGHT="30" WC="0.96" CONTENT="den"/><SP WIDTH="24" VPOS="310" HPOS="1342"/>
							<String ID="string_25" HPOS="1366" VPOS="320" WIDTH="76" HEIGHT="21" WC="0.96" CONTENT="som"/><SP WIDTH="22" VPOS="320" HPOS="1442"/>
							<String ID="string_26" HPOS="1464" VPOS="313" WIDTH="49" HEIGHT="28" WC="0.93" CONTENT="ett"/><SP WIDTH="24" VPOS="313" HPOS="1513"/>
							<String ID="string_27" HPOS="1537" VPOS="311" WIDTH="226" HEIGHT="32" WC="0.84" CONTENT="&gt;minimum&gt;"/>
						</TextLine>
						<TextLine ID="line_3" HPOS="266" VPOS="353" WIDTH="1501" HEIGHT="44">
							<String ID="string_28" HPOS="266" VPOS="353" WIDTH="215" HEIGHT="32" WC="0.96" CONTENT="betecknade"/><SP WIDTH="19" VPOS="353" HPOS="481"/>
							<String ID="string_29" HPOS="500" VPOS="356" WIDTH="280" HEIGHT="40" WC="0.96" CONTENT="upprustningen"/><SP WIDTH="22" VPOS="356" HPOS="780"/>
							<String ID="string_30" HPOS="802" VPOS="366" WIDTH="43" HEIGHT="21" WC="0.96" CONTENT="av"/><SP WIDTH="19" VPOS="366" HPOS="845"/>
							<String ID="string_31" HPOS="864" VPOS="358" WIDTH="153" HEIGHT="39" WC="0.96" CONTENT="vägarna"/><SP WIDTH="21" VPOS="358" HPOS="1017"/>
							<String ID="string_32" HPOS="1038" VPOS="358" WIDTH="70" HEIGHT="31" WC="0.96" CONTENT="inte"/><SP WIDTH="22" VPOS="358" HPOS="1108"/>
							<String ID="string_33" HPOS="1130" VPOS="359" WIDTH="149" HEIGHT="31" WC="0.96" CONTENT="kommit"/><SP WIDTH="20" VPOS="359" HPOS="1279"/>
							<String ID="string_34" HPOS="1299" VPOS="360" WIDTH="54" HEIGHT="30" WC="0.96" CONTENT="till"/><SP WIDTH="22" VPOS="360" HPOS="1353"/>
							<String ID="string_35" HPOS="1375" VPOS="361" WIDTH="113" HEIGHT="30" WC="0.93" CONTENT="stånd."/><SP WIDTH="26" VPOS="361" HPOS="1488"/>
							<String ID="string_36" HPOS="1514" VPOS="361" WIDTH="166" HEIGHT="31" WC="0.93" CONTENT="Bilismen"/><SP WIDTH="23" VPOS="361" HPOS="1680"/>
							<String ID="string_37" HPOS="1703" VPOS="363" WIDTH="64" HEIGHT="30" WC="0.96" CONTENT="har"/>
						</TextLine>
						<TextLine ID="line_4" HPOS="267" VPOS="404" WIDTH="1500" HEIGHT="48">
							<String ID="string_38" HPOS="267" VPOS="404" WIDTH="134" HEIGHT="30" WC="0.96" CONTENT="således"/><SP WIDTH="22" VPOS="404" HPOS="401"/>
							<String ID="string_39" HPOS="423" VPOS="404" WIDTH="71" HEIGHT="30" WC="0.96" CONTENT="inte"/><SP WIDTH="21" VPOS="404" HPOS="494"/>
							<String ID="string_40" HPOS="515" VPOS="406" WIDTH="124" HEIGHT="30" WC="0.96" CONTENT="endast"/><SP WIDTH="21" VPOS="406" HPOS="639"/>
							<String ID="string_41" HPOS="660" VPOS="406" WIDTH="218" HEIGHT="32" WC="0.96" CONTENT="förorsakats"/><SP WIDTH="22" VPOS="406" HPOS="878"/>
							<String ID="string_42" HPOS="900" VPOS="417" WIDTH="42" HEIGHT="20" WC="0.96" CONTENT="en"/><SP WIDTH="22" VPOS="417" HPOS="942"/>
							<String ID="string_43" HPOS="964" VPOS="408" WIDTH="302" HEIGHT="42" WC="0.95" CONTENT="kostnadsökning"/><SP WIDTH="23" VPOS="408" HPOS="1266"/>
							<String ID="string_44" HPOS="1289" VPOS="410" WIDTH="11" HEIGHT="29" WC="0.95" CONTENT="i"/><SP WIDTH="22" VPOS="410" HPOS="1300"/>
							<String ID="string_45" HPOS="1322" VPOS="410" WIDTH="93" HEIGHT="31" WC="0.96" CONTENT="form"/><SP WIDTH="22" VPOS="410" HPOS="1415"/>
							<String ID="string_46" HPOS="1437" VPOS="420" WIDTH="44" HEIGHT="22" WC="0.96" CONTENT="av"/><SP WIDTH="21" VPOS="420" HPOS="1481"/>
							<String ID="string_47" HPOS="1502" VPOS="412" WIDTH="265" HEIGHT="40" WC="0.96" CONTENT="skattehöjning"/>
						</TextLine>
						<TextLine ID="line_5" HPOS="267" VPOS="455" WIDTH="1498" HEIGHT="46">
							<String ID="string_48" HPOS="267" VPOS="456" WIDTH="85" HEIGHT="28" WC="0.96" CONTENT="utan"/><SP WIDTH="22" VPOS="456" HPOS="352"/>
							<String ID="string_49" HPOS="374" VPOS="456" WIDTH="88" HEIGHT="29" WC="0.96" CONTENT="även"/><SP WIDTH="22" VPOS="456" HPOS="462"/>
							<String ID="string_50" HPOS="484" VPOS="455" WIDTH="72" HEIGHT="40" WC="0.96" CONTENT="gått"/><SP WIDTH="21" VPOS="455" HPOS="556"/>
							<String ID="string_51" HPOS="577" VPOS="456" WIDTH="103" HEIGHT="30" WC="0.96" CONTENT="miste"/><SP WIDTH="23" VPOS="456" HPOS="680"/>
							<String ID="string_52" HPOS="703" VPOS="465" WIDTH="56" HEIGHT="22" WC="0.96" CONTENT="om"/><SP WIDTH="22" VPOS="465" HPOS="759"/>
							<String ID="string_53" HPOS="781" VPOS="467" WIDTH="42" HEIGHT="20" WC="0.95" CONTENT="en"/><SP WIDTH="23" VPOS="467" HPOS="823"/>
							<String ID="string_54" HPOS="846" VPOS="458" WIDTH="158" HEIGHT="31" WC="0.96" CONTENT="däremot"/><SP WIDTH="22" VPOS="458" HPOS="1004"/>
							<String ID="string_55" HPOS="1026" VPOS="460" WIDTH="180" HEIGHT="35" WC="0.96" CONTENT="svarande,"/><SP WIDTH="24" VPOS="460" HPOS="1206"/>
							<String ID="string_56" HPOS="1230" VPOS="469" WIDTH="42" HEIGHT="22" WC="0.96" CONTENT="av"/><SP WIDTH="21" VPOS="469" HPOS="1272"/>
							<String ID="string_57" HPOS="1293" VPOS="460" WIDTH="114" HEIGHT="31" WC="0.96" CONTENT="bättre"/><SP WIDTH="22" VPOS="460" HPOS="1407"/>
							<String ID="string_58" HPOS="1429" VPOS="462" WIDTH="105" HEIGHT="39" WC="0.93" CONTENT="vägar"/><SP WIDTH="23" VPOS="462" HPOS="1534"/>
							<String ID="string_59" HPOS="1557" VPOS="462" WIDTH="208" HEIGHT="31" WC="0.91" CONTENT="förorsakad"/>
						</TextLine>
						<TextLine ID="line_6" HPOS="267" VPOS="504" WIDTH="1499" HEIGHT="46">
							<String ID="string_60" HPOS="267" VPOS="504" WIDTH="474" HEIGHT="43" WC="0.90" CONTENT="driftkostnadsminskning."/><SP WIDTH="21" VPOS="504" HPOS="741"/>
							<String ID="string_61" HPOS="762" VPOS="508" WIDTH="52" HEIGHT="29" WC="0.96" CONTENT="En"/><SP WIDTH="22" VPOS="508" HPOS="814"/>
							<String ID="string_62" HPOS="836" VPOS="508" WIDTH="203" HEIGHT="39" WC="0.96" CONTENT="jämförelse"/><SP WIDTH="18" VPOS="508" HPOS="1039"/>
							<String ID="string_63" HPOS="1057" VPOS="509" WIDTH="94" HEIGHT="31" WC="0.96" CONTENT="visar"/><SP WIDTH="20" VPOS="509" HPOS="1151"/>
							<String ID="string_64" HPOS="1171" VPOS="510" WIDTH="134" HEIGHT="40" WC="0.96" CONTENT="tydligt,"/><SP WIDTH="22" VPOS="510" HPOS="1305"/>
							<String ID="string_65" HPOS="1327" VPOS="512" WIDTH="51" HEIGHT="29" WC="0.96" CONTENT="att"/><SP WIDTH="21" VPOS="512" HPOS="1378"/>
							<String ID="string_66" HPOS="1399" VPOS="511" WIDTH="57" HEIGHT="30" WC="0.96" CONTENT="det"/><SP WIDTH="20" VPOS="511" HPOS="1456"/>
							<String ID="string_67" HPOS="1476" VPOS="513" WIDTH="39" HEIGHT="29" WC="0.96" CONTENT="är"/><SP WIDTH="21" VPOS="513" HPOS="1515"/>
							<String ID="string_68" HPOS="1536" VPOS="512" WIDTH="41" HEIGHT="30" WC="0.96" CONTENT="de"/><SP WIDTH="20" VPOS="512" HPOS="1577"/>
							<String ID="string_69" HPOS="1597" VPOS="512" WIDTH="55" HEIGHT="30" WC="0.92" CONTENT="för"/><SP WIDTH="20" VPOS="512" HPOS="1652"/>
							<String ID="string_70" HPOS="1672" VPOS="513" WIDTH="94" HEIGHT="30" WC="0.92" CONTENT="kost-"/>
						</TextLine>
						<TextLine ID="line_7" HPOS="266" VPOS="555" WIDTH="1500" HEIGHT="47">
							<String ID="string_71" HPOS="266" VPOS="555" WIDTH="294" HEIGHT="31" WC="0.90" CONTENT="nadsfaktorerna"/><SP WIDTH="30" VPOS="555" HPOS="560"/>
							<String ID="string_72" HPOS="590" VPOS="557" WIDTH="214" HEIGHT="39" WC="0.93" CONTENT="känsligaste"/><SP WIDTH="31" VPOS="557" HPOS="804"/>
							<String ID="string_73" HPOS="835" VPOS="558" WIDTH="389" HEIGHT="40" WC="0.91" CONTENT="fordonskategorierna"/><SP WIDTH="32" VPOS="558" HPOS="1224"/>
							<String ID="string_74" HPOS="1256" VPOS="570" WIDTH="74" HEIGHT="21" WC="0.96" CONTENT="som"/><SP WIDTH="31" VPOS="570" HPOS="1330"/>
							<String ID="string_75" HPOS="1361" VPOS="561" WIDTH="93" HEIGHT="31" WC="0.75" CONTENT="visar"/><SP WIDTH="27" VPOS="561" HPOS="1454"/>
							<String ID="string_76" HPOS="1481" VPOS="563" WIDTH="164" HEIGHT="39" WC="0.93" CONTENT="negativa"/><SP WIDTH="28" VPOS="563" HPOS="1645"/>
							<String ID="string_77" HPOS="1673" VPOS="563" WIDTH="93" HEIGHT="30" WC="0.92" CONTENT="avvi-"/>
						</TextLine>
						<TextLine ID="line_8" HPOS="264" VPOS="605" WIDTH="1501" HEIGHT="46">
							<String ID="string_78" HPOS="264" VPOS="605" WIDTH="116" HEIGHT="30" WC="0.92" CONTENT="kelser"/><SP WIDTH="21" VPOS="605" HPOS="380"/>
							<String ID="string_79" HPOS="401" VPOS="605" WIDTH="80" HEIGHT="30" WC="0.97" CONTENT="från"/><SP WIDTH="23" VPOS="605" HPOS="481"/>
							<String ID="string_80" HPOS="504" VPOS="606" WIDTH="66" HEIGHT="30" WC="0.96" CONTENT="den"/><SP WIDTH="23" VPOS="606" HPOS="570"/>
							<String ID="string_81" HPOS="593" VPOS="607" WIDTH="55" HEIGHT="30" WC="0.96" CONTENT="för"/><SP WIDTH="21" VPOS="607" HPOS="648"/>
							<String ID="string_82" HPOS="669" VPOS="607" WIDTH="269" HEIGHT="41" WC="0.96" CONTENT="beskattningen"/><SP WIDTH="24" VPOS="607" HPOS="938"/>
							<String ID="string_83" HPOS="962" VPOS="609" WIDTH="282" HEIGHT="40" WC="0.96" CONTENT="grundläggande"/><SP WIDTH="22" VPOS="609" HPOS="1244"/>
							<String ID="string_84" HPOS="1266" VPOS="619" WIDTH="197" HEIGHT="32" WC="0.96" CONTENT="prognosen"/><SP WIDTH="23" VPOS="619" HPOS="1463"/>
							<String ID="string_85" HPOS="1486" VPOS="612" WIDTH="55" HEIGHT="30" WC="0.93" CONTENT="för"/><SP WIDTH="24" VPOS="612" HPOS="1541"/>
							<String ID="string_86" HPOS="1565" VPOS="612" WIDTH="200" HEIGHT="31" WC="0.91" CONTENT="fordonsut-"/>
						</TextLine>
						<TextLine ID="line_9" HPOS="265" VPOS="655" WIDTH="1500" HEIGHT="46">
							<String ID="string_87" HPOS="265" VPOS="655" WIDTH="215" HEIGHT="40" WC="0.91" CONTENT="vecklingen."/><SP WIDTH="28" VPOS="655" HPOS="480"/>
							<String ID="string_88" HPOS="508" VPOS="656" WIDTH="153" HEIGHT="31" WC="0.96" CONTENT="Sålunda"/><SP WIDTH="27" VPOS="656" HPOS="661"/>
							<String ID="string_89" HPOS="688" VPOS="657" WIDTH="92" HEIGHT="31" WC="0.96" CONTENT="visar"/><SP WIDTH="28" VPOS="657" HPOS="780"/>
							<String ID="string_90" HPOS="808" VPOS="666" WIDTH="158" HEIGHT="32" WC="0.96" CONTENT="gruppen"/><SP WIDTH="27" VPOS="666" HPOS="966"/>
							<String ID="string_91" HPOS="993" VPOS="659" WIDTH="156" HEIGHT="30" WC="0.96" CONTENT="lastbilar"/><SP WIDTH="27" VPOS="659" HPOS="1149"/>
							<String ID="string_92" HPOS="1176" VPOS="670" WIDTH="42" HEIGHT="20" WC="0.95" CONTENT="en"/><SP WIDTH="27" VPOS="670" HPOS="1218"/>
							<String ID="string_93" HPOS="1245" VPOS="661" WIDTH="103" HEIGHT="40" WC="0.95" CONTENT="trolig"/><SP WIDTH="27" VPOS="661" HPOS="1348"/>
							<String ID="string_94" HPOS="1375" VPOS="661" WIDTH="133" HEIGHT="40" WC="0.96" CONTENT="ökning"/><SP WIDTH="27" VPOS="661" HPOS="1508"/>
							<String ID="string_95" HPOS="1535" VPOS="663" WIDTH="79" HEIGHT="30" WC="0.94" CONTENT="med"/><SP WIDTH="28" VPOS="663" HPOS="1614"/>
							<String ID="string_96" HPOS="1642" VPOS="663" WIDTH="123" HEIGHT="30" WC="0.96" CONTENT="endast"/>
						</TextLine>
						<TextLine ID="line_10" HPOS="269" VPOS="705" WIDTH="1496" HEIGHT="48">
							<String ID="string_97" HPOS="269" VPOS="705" WIDTH="71" HEIGHT="34" WC="0.96" CONTENT="10,3"/><SP WIDTH="26" VPOS="705" HPOS="340"/>
							<String ID="string_98" HPOS="366" VPOS="708" WIDTH="143" HEIGHT="37" WC="0.96" CONTENT="procent"/><SP WIDTH="25" VPOS="708" HPOS="509"/>
							<String ID="string_99" HPOS="534" VPOS="709" WIDTH="73" HEIGHT="28" WC="0.96" CONTENT="mot"/><SP WIDTH="24" VPOS="709" HPOS="607"/>
							<String ID="string_100" HPOS="631" VPOS="707" WIDTH="198" HEIGHT="31" WC="0.96" CONTENT="beräknade"/><SP WIDTH="29" VPOS="707" HPOS="829"/>
							<String ID="string_101" HPOS="858" VPOS="708" WIDTH="72" HEIGHT="35" WC="0.96" CONTENT="13,2"/><SP WIDTH="28" VPOS="708" HPOS="930"/>
							<String ID="string_102" HPOS="958" VPOS="712" WIDTH="143" HEIGHT="37" WC="0.96" CONTENT="procent"/><SP WIDTH="25" VPOS="712" HPOS="1101"/>
							<String ID="string_103" HPOS="1126" VPOS="710" WIDTH="64" HEIGHT="30" WC="0.96" CONTENT="och"/><SP WIDTH="27" VPOS="710" HPOS="1190"/>
							<String ID="string_104" HPOS="1217" VPOS="718" WIDTH="157" HEIGHT="33" WC="0.96" CONTENT="gruppen"/><SP WIDTH="25" VPOS="718" HPOS="1374"/>
							<String ID="string_105" HPOS="1399" VPOS="711" WIDTH="126" HEIGHT="31" WC="0.96" CONTENT="bussar"/><SP WIDTH="25" VPOS="711" HPOS="1525"/>
							<String ID="string_106" HPOS="1550" VPOS="712" WIDTH="72" HEIGHT="31" WC="0.96" CONTENT="inte"/><SP WIDTH="29" VPOS="712" HPOS="1622"/>
							<String ID="string_107" HPOS="1651" VPOS="713" WIDTH="114" HEIGHT="40" WC="0.96" CONTENT="någon"/>
						</TextLine>
						<TextLine ID="line_11" HPOS="267" VPOS="756" WIDTH="1499" HEIGHT="47">
							<String ID="string_108" HPOS="267" VPOS="764" WIDTH="73" HEIGHT="21" WC="0.96" CONTENT="som"/><SP WIDTH="20" VPOS="764" HPOS="340"/>
							<String ID="string_109" HPOS="360" VPOS="756" WIDTH="91" HEIGHT="30" WC="0.96" CONTENT="helst"/><SP WIDTH="20" VPOS="756" HPOS="451"/>
							<String ID="string_110" HPOS="471" VPOS="756" WIDTH="131" HEIGHT="41" WC="0.96" CONTENT="ökning"/><SP WIDTH="20" VPOS="756" HPOS="602"/>
							<String ID="string_111" HPOS="622" VPOS="759" WIDTH="73" HEIGHT="28" WC="0.96" CONTENT="mot"/><SP WIDTH="19" VPOS="759" HPOS="695"/>
							<String ID="string_112" HPOS="714" VPOS="758" WIDTH="198" HEIGHT="31" WC="0.96" CONTENT="beräknade"/><SP WIDTH="21" VPOS="758" HPOS="912"/>
							<String ID="string_113" HPOS="933" VPOS="760" WIDTH="73" HEIGHT="34" WC="0.96" CONTENT="25,3"/><SP WIDTH="19" VPOS="760" HPOS="1006"/>
							<String ID="string_114" HPOS="1025" VPOS="762" WIDTH="153" HEIGHT="38" WC="0.96" CONTENT="procent."/><SP WIDTH="22" VPOS="762" HPOS="1178"/>
							<String ID="string_115" HPOS="1200" VPOS="761" WIDTH="80" HEIGHT="30" WC="0.96" CONTENT="Som"/><SP WIDTH="19" VPOS="761" HPOS="1280"/>
							<String ID="string_116" HPOS="1299" VPOS="761" WIDTH="205" HEIGHT="39" WC="0.96" CONTENT="jämförelse"/><SP WIDTH="22" VPOS="761" HPOS="1504"/>
							<String ID="string_117" HPOS="1526" VPOS="763" WIDTH="73" HEIGHT="30" WC="0.93" CONTENT="står"/><SP WIDTH="20" VPOS="763" HPOS="1599"/>
							<String ID="string_118" HPOS="1619" VPOS="763" WIDTH="147" HEIGHT="40" WC="0.92" CONTENT="ökning-"/>
						</TextLine>
						<TextLine ID="line_12" HPOS="266" VPOS="807" WIDTH="1499" HEIGHT="45">
							<String ID="string_119" HPOS="266" VPOS="815" WIDTH="42" HEIGHT="20" WC="0.96" CONTENT="en"/><SP WIDTH="18" VPOS="815" HPOS="308"/>
							<String ID="string_120" HPOS="326" VPOS="815" WIDTH="46" HEIGHT="21" WC="0.96" CONTENT="av"/><SP WIDTH="20" VPOS="815" HPOS="372"/>
							<String ID="string_121" HPOS="392" VPOS="807" WIDTH="131" HEIGHT="30" WC="0.96" CONTENT="antalet"/><SP WIDTH="20" VPOS="807" HPOS="523"/>
							<String ID="string_122" HPOS="543" VPOS="808" WIDTH="217" HEIGHT="39" WC="0.96" CONTENT="personbilar"/><SP WIDTH="21" VPOS="808" HPOS="760"/>
							<String ID="string_123" HPOS="781" VPOS="809" WIDTH="79" HEIGHT="30" WC="0.96" CONTENT="med"/><SP WIDTH="22" VPOS="809" HPOS="860"/>
							<String ID="string_124" HPOS="882" VPOS="810" WIDTH="41" HEIGHT="29" WC="0.96" CONTENT="92"/><SP WIDTH="22" VPOS="810" HPOS="923"/>
							<String ID="string_125" HPOS="945" VPOS="813" WIDTH="142" HEIGHT="36" WC="0.96" CONTENT="procent"/><SP WIDTH="22" VPOS="813" HPOS="1087"/>
							<String ID="string_126" HPOS="1109" VPOS="813" WIDTH="73" HEIGHT="28" WC="0.96" CONTENT="mot"/><SP WIDTH="22" VPOS="813" HPOS="1182"/>
							<String ID="string_127" HPOS="1204" VPOS="811" WIDTH="199" HEIGHT="30" WC="0.96" CONTENT="beräknade"/><SP WIDTH="24" VPOS="811" HPOS="1403"/>
							<String ID="string_128" HPOS="1427" VPOS="812" WIDTH="71" HEIGHT="34" WC="0.96" CONTENT="17,5"/><SP WIDTH="25" VPOS="812" HPOS="1498"/>
							<String ID="string_129" HPOS="1523" VPOS="815" WIDTH="154" HEIGHT="37" WC="0.95" CONTENT="procent."/><SP WIDTH="23" VPOS="815" HPOS="1677"/>
							<String ID="string_130" HPOS="1700" VPOS="813" WIDTH="65" HEIGHT="30" WC="0.96" CONTENT="Det"/>
						</TextLine>
						<TextLine ID="line_13" HPOS="265" VPOS="857" WIDTH="1500" HEIGHT="45">
							<String ID="string_131" HPOS="265" VPOS="857" WIDTH="98" HEIGHT="29" WC="0.96" CONTENT="torde"/><SP WIDTH="18" VPOS="857" HPOS="363"/>
							<String ID="string_132" HPOS="381" VPOS="857" WIDTH="107" HEIGHT="39" WC="0.93" CONTENT="enligt"/><SP WIDTH="18" VPOS="857" HPOS="488"/>
							<String ID="string_133" HPOS="506" VPOS="857" WIDTH="277" HEIGHT="31" WC="0.91" CONTENT="motionärernas"/><SP WIDTH="19" VPOS="857" HPOS="783"/>
							<String ID="string_134" HPOS="802" VPOS="859" WIDTH="143" HEIGHT="40" WC="0.96" CONTENT="mening"/><SP WIDTH="20" VPOS="859" HPOS="945"/>
							<String ID="string_135" HPOS="965" VPOS="869" WIDTH="83" HEIGHT="21" WC="0.96" CONTENT="vara"/><SP WIDTH="17" VPOS="869" HPOS="1048"/>
							<String ID="string_136" HPOS="1065" VPOS="861" WIDTH="184" HEIGHT="30" WC="0.96" CONTENT="motiverat"/><SP WIDTH="20" VPOS="861" HPOS="1249"/>
							<String ID="string_137" HPOS="1269" VPOS="863" WIDTH="50" HEIGHT="28" WC="0.97" CONTENT="att"/><SP WIDTH="19" VPOS="863" HPOS="1319"/>
							<String ID="string_138" HPOS="1338" VPOS="862" WIDTH="110" HEIGHT="31" WC="0.96" CONTENT="härav"/><SP WIDTH="18" VPOS="862" HPOS="1448"/>
							<String ID="string_139" HPOS="1466" VPOS="862" WIDTH="107" HEIGHT="40" WC="0.96" CONTENT="draga"/><SP WIDTH="20" VPOS="862" HPOS="1573"/>
							<String ID="string_140" HPOS="1593" VPOS="864" WIDTH="67" HEIGHT="29" WC="0.91" CONTENT="den"/><SP WIDTH="21" VPOS="864" HPOS="1660"/>
							<String ID="string_141" HPOS="1681" VPOS="863" WIDTH="84" HEIGHT="30" WC="0.91" CONTENT="slut-"/>
						</TextLine>
						<TextLine ID="line_14" HPOS="265" VPOS="907" WIDTH="1499" HEIGHT="42">
							<String ID="string_142" HPOS="265" VPOS="907" WIDTH="127" HEIGHT="34" WC="0.95" CONTENT="satsen,"/><SP WIDTH="22" VPOS="907" HPOS="392"/>
							<String ID="string_143" HPOS="414" VPOS="908" WIDTH="50" HEIGHT="29" WC="0.96" CONTENT="att"/><SP WIDTH="18" VPOS="908" HPOS="464"/>
							<String ID="string_144" HPOS="482" VPOS="908" WIDTH="270" HEIGHT="40" WC="0.96" CONTENT="beskattningen"/><SP WIDTH="19" VPOS="908" HPOS="752"/>
							<String ID="string_145" HPOS="771" VPOS="909" WIDTH="55" HEIGHT="30" WC="0.96" CONTENT="för"/><SP WIDTH="20" VPOS="909" HPOS="826"/>
							<String ID="string_146" HPOS="846" VPOS="910" WIDTH="68" HEIGHT="29" WC="0.96" CONTENT="den"/><SP WIDTH="20" VPOS="910" HPOS="914"/>
							<String ID="string_147" HPOS="934" VPOS="912" WIDTH="107" HEIGHT="37" WC="0.96" CONTENT="tunga"/><SP WIDTH="21" VPOS="912" HPOS="1041"/>
							<String ID="string_148" HPOS="1062" VPOS="910" WIDTH="163" HEIGHT="35" WC="0.96" CONTENT="trafiken,"/><SP WIDTH="22" VPOS="910" HPOS="1225"/>
							<String ID="string_149" HPOS="1247" VPOS="911" WIDTH="158" HEIGHT="31" WC="0.96" CONTENT="lastbilar"/><SP WIDTH="21" VPOS="911" HPOS="1405"/>
							<String ID="string_150" HPOS="1426" VPOS="913" WIDTH="64" HEIGHT="29" WC="0.96" CONTENT="och"/><SP WIDTH="21" VPOS="913" HPOS="1490"/>
							<String ID="string_151" HPOS="1511" VPOS="913" WIDTH="136" HEIGHT="34" WC="0.93" CONTENT="bussar,"/><SP WIDTH="25" VPOS="913" HPOS="1647"/>
							<String ID="string_152" HPOS="1672" VPOS="914" WIDTH="92" HEIGHT="29" WC="0.91" CONTENT="med-"/>
						</TextLine>
						<TextLine ID="line_15" HPOS="265" VPOS="956" WIDTH="1498" HEIGHT="43">
							<String ID="string_153" HPOS="265" VPOS="956" WIDTH="69" HEIGHT="30" WC="0.93" CONTENT="fört"/><SP WIDTH="25" VPOS="956" HPOS="334"/>
							<String ID="string_154" HPOS="359" VPOS="957" WIDTH="152" HEIGHT="40" WC="0.92" CONTENT="menliga"/><SP WIDTH="26" VPOS="957" HPOS="511"/>
							<String ID="string_155" HPOS="537" VPOS="959" WIDTH="221" HEIGHT="39" WC="0.92" CONTENT="verkningar."/><SP WIDTH="28" VPOS="959" HPOS="758"/>
							<String ID="string_156" HPOS="786" VPOS="959" WIDTH="178" HEIGHT="40" WC="0.92" CONTENT="Farhågor"/><SP WIDTH="26" VPOS="959" HPOS="964"/>
							<String ID="string_157" HPOS="990" VPOS="960" WIDTH="121" HEIGHT="31" WC="0.96" CONTENT="härför"/><SP WIDTH="26" VPOS="960" HPOS="1111"/>
							<String ID="string_158" HPOS="1137" VPOS="961" WIDTH="212" HEIGHT="31" WC="0.96" CONTENT="framfördes"/><SP WIDTH="27" VPOS="961" HPOS="1349"/>
							<String ID="string_159" HPOS="1376" VPOS="962" WIDTH="109" HEIGHT="30" WC="0.96" CONTENT="redan"/><SP WIDTH="26" VPOS="962" HPOS="1485"/>
							<String ID="string_160" HPOS="1511" VPOS="962" WIDTH="58" HEIGHT="31" WC="0.93" CONTENT="vid"/><SP WIDTH="27" VPOS="962" HPOS="1569"/>
							<String ID="string_161" HPOS="1596" VPOS="963" WIDTH="167" HEIGHT="30" WC="0.91" CONTENT="beslutets"/>
						</TextLine>
						<TextLine ID="line_16" HPOS="264" VPOS="1005" WIDTH="1500" HEIGHT="45">
							<String ID="string_162" HPOS="264" VPOS="1005" WIDTH="169" HEIGHT="36" WC="0.96" CONTENT="fattande,"/><SP WIDTH="20" VPOS="1005" HPOS="433"/>
							<String ID="string_163" HPOS="453" VPOS="1008" WIDTH="65" HEIGHT="29" WC="0.96" CONTENT="och"/><SP WIDTH="19" VPOS="1008" HPOS="518"/>
							<String ID="string_164" HPOS="537" VPOS="1008" WIDTH="102" HEIGHT="30" WC="0.96" CONTENT="dessa"/><SP WIDTH="18" VPOS="1008" HPOS="639"/>
							<String ID="string_165" HPOS="657" VPOS="1009" WIDTH="63" HEIGHT="29" WC="0.96" CONTENT="har"/><SP WIDTH="20" VPOS="1009" HPOS="720"/>
							<String ID="string_166" HPOS="740" VPOS="1009" WIDTH="198" HEIGHT="31" WC="0.93" CONTENT="sedermera"/><SP WIDTH="18" VPOS="1009" HPOS="938"/>
							<String ID="string_167" HPOS="956" VPOS="1010" WIDTH="185" HEIGHT="40" WC="0.90" CONTENT="bestyrkts."/><SP WIDTH="21" VPOS="1010" HPOS="1141"/>
							<String ID="string_168" HPOS="1162" VPOS="1012" WIDTH="260" HEIGHT="30" WC="0.96" CONTENT="Motionärerna"/><SP WIDTH="20" VPOS="1012" HPOS="1422"/>
							<String ID="string_169" HPOS="1442" VPOS="1022" WIDTH="102" HEIGHT="20" WC="0.96" CONTENT="anser"/><SP WIDTH="23" VPOS="1022" HPOS="1544"/>
							<String ID="string_170" HPOS="1567" VPOS="1013" WIDTH="57" HEIGHT="30" WC="0.96" CONTENT="det"/><SP WIDTH="20" VPOS="1013" HPOS="1624"/>
							<String ID="string_171" HPOS="1644" VPOS="1014" WIDTH="120" HEIGHT="31" WC="0.96" CONTENT="därför"/>
						</TextLine>
						<TextLine ID="line_17" HPOS="264" VPOS="1057" WIDTH="1500" HEIGHT="46">
							<String ID="string_172" HPOS="264" VPOS="1057" WIDTH="215" HEIGHT="40" WC="0.96" CONTENT="nödvändigt"/><SP WIDTH="20" VPOS="1057" HPOS="479"/>
							<String ID="string_173" HPOS="499" VPOS="1059" WIDTH="50" HEIGHT="29" WC="0.96" CONTENT="att"/><SP WIDTH="20" VPOS="1059" HPOS="549"/>
							<String ID="string_174" HPOS="569" VPOS="1058" WIDTH="86" HEIGHT="31" WC="0.96" CONTENT="lätta"/><SP WIDTH="21" VPOS="1058" HPOS="655"/>
							<String ID="string_175" HPOS="676" VPOS="1059" WIDTH="45" HEIGHT="40" WC="0.96" CONTENT="på"/><SP WIDTH="20" VPOS="1059" HPOS="721"/>
							<String ID="string_176" HPOS="741" VPOS="1060" WIDTH="56" HEIGHT="29" WC="0.97" CONTENT="det"/><SP WIDTH="20" VPOS="1060" HPOS="797"/>
							<String ID="string_177" HPOS="817" VPOS="1060" WIDTH="111" HEIGHT="30" WC="0.93" CONTENT="hårda"/><SP WIDTH="21" VPOS="1060" HPOS="928"/>
							<String ID="string_178" HPOS="949" VPOS="1061" WIDTH="280" HEIGHT="40" WC="0.92" CONTENT="kostnadstryck,"/><SP WIDTH="23" VPOS="1061" HPOS="1229"/>
							<String ID="string_179" HPOS="1252" VPOS="1071" WIDTH="75" HEIGHT="21" WC="0.96" CONTENT="som"/><SP WIDTH="22" VPOS="1071" HPOS="1327"/>
							<String ID="string_180" HPOS="1349" VPOS="1062" WIDTH="109" HEIGHT="30" WC="0.96" CONTENT="åvilar"/><SP WIDTH="21" VPOS="1062" HPOS="1458"/>
							<String ID="string_181" HPOS="1479" VPOS="1063" WIDTH="68" HEIGHT="30" WC="0.96" CONTENT="den"/><SP WIDTH="19" VPOS="1063" HPOS="1547"/>
							<String ID="string_182" HPOS="1566" VPOS="1064" WIDTH="109" HEIGHT="39" WC="0.91" CONTENT="tunga"/><SP WIDTH="21" VPOS="1064" HPOS="1675"/>
							<String ID="string_183" HPOS="1696" VPOS="1065" WIDTH="68" HEIGHT="29" WC="0.91" CONTENT="tra-"/>
						</TextLine>
						<TextLine ID="line_18" HPOS="265" VPOS="1106" WIDTH="1498" HEIGHT="47">
							<String ID="string_184" HPOS="265" VPOS="1106" WIDTH="107" HEIGHT="31" WC="0.87" CONTENT="fiken."/><SP WIDTH="25" VPOS="1106" HPOS="372"/>
							<String ID="string_185" HPOS="397" VPOS="1108" WIDTH="102" HEIGHT="30" WC="0.96" CONTENT="Detta"/><SP WIDTH="22" VPOS="1108" HPOS="499"/>
							<String ID="string_186" HPOS="521" VPOS="1108" WIDTH="64" HEIGHT="30" WC="0.96" CONTENT="bör"/><SP WIDTH="23" VPOS="1108" HPOS="585"/>
							<String ID="string_187" HPOS="608" VPOS="1109" WIDTH="61" HEIGHT="30" WC="0.96" CONTENT="ske"/><SP WIDTH="23" VPOS="1109" HPOS="669"/>
							<String ID="string_188" HPOS="692" VPOS="1109" WIDTH="72" HEIGHT="30" WC="0.96" CONTENT="dels"/><SP WIDTH="25" VPOS="1109" HPOS="764"/>
							<String ID="string_189" HPOS="789" VPOS="1118" WIDTH="124" HEIGHT="31" WC="0.96" CONTENT="genom"/><SP WIDTH="25" VPOS="1118" HPOS="913"/>
							<String ID="string_190" HPOS="938" VPOS="1120" WIDTH="42" HEIGHT="20" WC="0.96" CONTENT="en"/><SP WIDTH="25" VPOS="1120" HPOS="980"/>
							<String ID="string_191" HPOS="1005" VPOS="1111" WIDTH="174" HEIGHT="40" WC="0.96" CONTENT="sänkning"/><SP WIDTH="25" VPOS="1111" HPOS="1179"/>
							<String ID="string_192" HPOS="1204" VPOS="1121" WIDTH="42" HEIGHT="21" WC="0.93" CONTENT="av"/><SP WIDTH="22" VPOS="1121" HPOS="1246"/>
							<String ID="string_193" HPOS="1268" VPOS="1112" WIDTH="418" HEIGHT="41" WC="0.91" CONTENT="fordonsbeskattningen"/><SP WIDTH="25" VPOS="1112" HPOS="1686"/>
							<String ID="string_194" HPOS="1711" VPOS="1114" WIDTH="52" HEIGHT="29" WC="0.96" CONTENT="till"/>
						</TextLine>
						<TextLine ID="line_19" HPOS="264" VPOS="1157" WIDTH="1499" HEIGHT="46">
							<String ID="string_195" HPOS="264" VPOS="1157" WIDTH="66" HEIGHT="30" WC="0.96" CONTENT="den"/><SP WIDTH="27" VPOS="1157" HPOS="330"/>
							<String ID="string_196" HPOS="357" VPOS="1157" WIDTH="75" HEIGHT="30" WC="0.96" CONTENT="före"/><SP WIDTH="26" VPOS="1157" HPOS="432"/>
							<String ID="string_197" HPOS="458" VPOS="1158" WIDTH="83" HEIGHT="30" WC="0.95" CONTENT="1954"/><SP WIDTH="23" VPOS="1158" HPOS="541"/>
							<String ID="string_198" HPOS="564" VPOS="1158" WIDTH="57" HEIGHT="32" WC="0.96" CONTENT="års"/><SP WIDTH="24" VPOS="1158" HPOS="621"/>
							<String ID="string_199" HPOS="645" VPOS="1160" WIDTH="230" HEIGHT="29" WC="0.96" CONTENT="skattebeslut"/><SP WIDTH="24" VPOS="1160" HPOS="875"/>
							<String ID="string_200" HPOS="899" VPOS="1160" WIDTH="153" HEIGHT="30" WC="0.96" CONTENT="rådande"/><SP WIDTH="24" VPOS="1160" HPOS="1052"/>
							<String ID="string_201" HPOS="1076" VPOS="1160" WIDTH="116" HEIGHT="36" WC="0.96" CONTENT="nivån,"/><SP WIDTH="26" VPOS="1160" HPOS="1192"/>
							<String ID="string_202" HPOS="1218" VPOS="1162" WIDTH="73" HEIGHT="32" WC="0.96" CONTENT="dels"/><SP WIDTH="25" VPOS="1162" HPOS="1291"/>
							<String ID="string_203" HPOS="1316" VPOS="1170" WIDTH="124" HEIGHT="31" WC="0.96" CONTENT="genom"/><SP WIDTH="25" VPOS="1170" HPOS="1440"/>
							<String ID="string_204" HPOS="1465" VPOS="1164" WIDTH="50" HEIGHT="29" WC="0.92" CONTENT="att"/><SP WIDTH="24" VPOS="1164" HPOS="1515"/>
							<String ID="string_205" HPOS="1539" VPOS="1163" WIDTH="157" HEIGHT="40" WC="0.92" CONTENT="företaga"/><SP WIDTH="25" VPOS="1163" HPOS="1696"/>
							<String ID="string_206" HPOS="1721" VPOS="1173" WIDTH="42" HEIGHT="20" WC="0.96" CONTENT="en"/>
						</TextLine>
						<TextLine ID="line_20" HPOS="264" VPOS="1207" WIDTH="1499" HEIGHT="45">
							<String ID="string_207" HPOS="264" VPOS="1207" WIDTH="175" HEIGHT="40" WC="0.96" CONTENT="sänkning"/><SP WIDTH="20" VPOS="1207" HPOS="439"/>
							<String ID="string_208" HPOS="459" VPOS="1218" WIDTH="42" HEIGHT="21" WC="0.96" CONTENT="av"/><SP WIDTH="19" VPOS="1218" HPOS="501"/>
							<String ID="string_209" HPOS="520" VPOS="1209" WIDTH="140" HEIGHT="30" WC="0.96" CONTENT="skatten"/><SP WIDTH="19" VPOS="1209" HPOS="660"/>
							<String ID="string_210" HPOS="679" VPOS="1209" WIDTH="45" HEIGHT="40" WC="0.93" CONTENT="på"/><SP WIDTH="18" VPOS="1209" HPOS="724"/>
							<String ID="string_211" HPOS="742" VPOS="1210" WIDTH="197" HEIGHT="39" WC="0.91" CONTENT="brännolja."/><SP WIDTH="22" VPOS="1210" HPOS="939"/>
							<String ID="string_212" HPOS="961" VPOS="1211" WIDTH="329" HEIGHT="40" WC="0.91" CONTENT="Brännoljeskatten"/><SP WIDTH="23" VPOS="1211" HPOS="1290"/>
							<String ID="string_213" HPOS="1313" VPOS="1212" WIDTH="135" HEIGHT="40" WC="0.95" CONTENT="uppgår"/><SP WIDTH="20" VPOS="1212" HPOS="1448"/>
							<String ID="string_214" HPOS="1468" VPOS="1212" WIDTH="55" HEIGHT="31" WC="0.96" CONTENT="för"/><SP WIDTH="21" VPOS="1212" HPOS="1523"/>
							<String ID="string_215" HPOS="1544" VPOS="1214" WIDTH="219" HEIGHT="30" WC="0.96" CONTENT="närvarande"/>
						</TextLine>
						<TextLine ID="line_21" HPOS="264" VPOS="1257" WIDTH="1499" HEIGHT="47">
							<String ID="string_216" HPOS="264" VPOS="1257" WIDTH="52" HEIGHT="29" WC="0.95" CONTENT="till"/><SP WIDTH="21" VPOS="1257" HPOS="316"/>
							<String ID="string_217" HPOS="337" VPOS="1258" WIDTH="41" HEIGHT="30" WC="0.95" CONTENT="30"/><SP WIDTH="21" VPOS="1258" HPOS="378"/>
							<String ID="string_218" HPOS="399" VPOS="1259" WIDTH="68" HEIGHT="29" WC="0.93" CONTENT="öre."/><SP WIDTH="30" VPOS="1259" HPOS="467"/>
							<String ID="string_219" HPOS="497" VPOS="1259" WIDTH="6" HEIGHT="29" WC="0.95" CONTENT="I"/><SP WIDTH="23" VPOS="1259" HPOS="503"/>
							<String ID="string_220" HPOS="526" VPOS="1259" WIDTH="170" HEIGHT="30" WC="0.96" CONTENT="samband"/><SP WIDTH="22" VPOS="1259" HPOS="696"/>
							<String ID="string_221" HPOS="718" VPOS="1260" WIDTH="78" HEIGHT="30" WC="0.96" CONTENT="med"/><SP WIDTH="21" VPOS="1260" HPOS="796"/>
							<String ID="string_222" HPOS="817" VPOS="1260" WIDTH="201" HEIGHT="31" WC="0.96" CONTENT="införandet"/><SP WIDTH="21" VPOS="1260" HPOS="1018"/>
							<String ID="string_223" HPOS="1039" VPOS="1271" WIDTH="42" HEIGHT="20" WC="0.93" CONTENT="av"/><SP WIDTH="21" VPOS="1271" HPOS="1081"/>
							<String ID="string_224" HPOS="1102" VPOS="1262" WIDTH="259" HEIGHT="39" WC="0.92" CONTENT="energiskatten"/><SP WIDTH="21" VPOS="1262" HPOS="1361"/>
							<String ID="string_225" HPOS="1382" VPOS="1281" WIDTH="45" HEIGHT="3" WC="0.92" CONTENT="—"/><SP WIDTH="22" VPOS="1281" HPOS="1427"/>
							<String ID="string_226" HPOS="1449" VPOS="1264" WIDTH="18" HEIGHT="29" WC="0.96" CONTENT="2"/><SP WIDTH="22" VPOS="1264" HPOS="1467"/>
							<String ID="string_227" HPOS="1489" VPOS="1264" WIDTH="58" HEIGHT="29" WC="0.96" CONTENT="öre"/><SP WIDTH="22" VPOS="1264" HPOS="1547"/>
							<String ID="string_228" HPOS="1569" VPOS="1263" WIDTH="45" HEIGHT="41" WC="0.92" CONTENT="på"/><SP WIDTH="22" VPOS="1263" HPOS="1614"/>
							<String ID="string_229" HPOS="1636" VPOS="1264" WIDTH="127" HEIGHT="30" WC="0.92" CONTENT="bränn-"/>
						</TextLine>
						<TextLine ID="line_22" HPOS="263" VPOS="1308" WIDTH="1500" HEIGHT="45">
							<String ID="string_230" HPOS="263" VPOS="1308" WIDTH="70" HEIGHT="39" WC="0.92" CONTENT="olja"/><SP WIDTH="21" VPOS="1308" HPOS="333"/>
							<String ID="string_231" HPOS="354" VPOS="1326" WIDTH="44" HEIGHT="3" WC="0.88" CONTENT="-—"/><SP WIDTH="20" VPOS="1326" HPOS="398"/>
							<String ID="string_232" HPOS="418" VPOS="1309" WIDTH="152" HEIGHT="39" WC="0.96" CONTENT="företogs"/><SP WIDTH="21" VPOS="1309" HPOS="570"/>
							<String ID="string_233" HPOS="591" VPOS="1319" WIDTH="43" HEIGHT="20" WC="0.96" CONTENT="en"/><SP WIDTH="20" VPOS="1319" HPOS="634"/>
							<String ID="string_234" HPOS="654" VPOS="1312" WIDTH="74" HEIGHT="28" WC="0.92" CONTENT="mot"/><SP WIDTH="19" VPOS="1312" HPOS="728"/>
							<String ID="string_235" HPOS="747" VPOS="1311" WIDTH="258" HEIGHT="39" WC="0.91" CONTENT="energiskatten"/><SP WIDTH="23" VPOS="1311" HPOS="1005"/>
							<String ID="string_236" HPOS="1028" VPOS="1312" WIDTH="169" HEIGHT="30" WC="0.96" CONTENT="svarande"/><SP WIDTH="22" VPOS="1312" HPOS="1197"/>
							<String ID="string_237" HPOS="1219" VPOS="1313" WIDTH="175" HEIGHT="39" WC="0.96" CONTENT="sänkning"/><SP WIDTH="25" VPOS="1313" HPOS="1394"/>
							<String ID="string_238" HPOS="1419" VPOS="1323" WIDTH="42" HEIGHT="21" WC="0.93" CONTENT="av"/><SP WIDTH="21" VPOS="1323" HPOS="1461"/>
							<String ID="string_239" HPOS="1482" VPOS="1314" WIDTH="281" HEIGHT="39" WC="0.91" CONTENT="brännoljeskat-"/>
						</TextLine>
						<TextLine ID="line_23" HPOS="263" VPOS="1359" WIDTH="1500" HEIGHT="44">
							<String ID="string_240" HPOS="263" VPOS="1359" WIDTH="57" HEIGHT="28" WC="0.96" CONTENT="ten"/><SP WIDTH="17" VPOS="1359" HPOS="320"/>
							<String ID="string_241" HPOS="337" VPOS="1359" WIDTH="112" HEIGHT="29" WC="0.96" CONTENT="under"/><SP WIDTH="19" VPOS="1359" HPOS="449"/>
							<String ID="string_242" HPOS="468" VPOS="1359" WIDTH="207" HEIGHT="40" WC="0.96" CONTENT="motivering"/><SP WIDTH="17" VPOS="1359" HPOS="675"/>
							<String ID="string_243" HPOS="692" VPOS="1370" WIDTH="41" HEIGHT="21" WC="0.96" CONTENT="av"/><SP WIDTH="16" VPOS="1370" HPOS="733"/>
							<String ID="string_244" HPOS="749" VPOS="1360" WIDTH="155" HEIGHT="31" WC="0.96" CONTENT="rådande"/><SP WIDTH="18" VPOS="1360" HPOS="904"/>
							<String ID="string_245" HPOS="922" VPOS="1361" WIDTH="228" HEIGHT="32" WC="0.96" CONTENT="ekonomiska"/><SP WIDTH="17" VPOS="1361" HPOS="1150"/>
							<String ID="string_246" HPOS="1167" VPOS="1362" WIDTH="213" HEIGHT="40" WC="0.96" CONTENT="svårigheter"/><SP WIDTH="18" VPOS="1362" HPOS="1380"/>
							<String ID="string_247" HPOS="1398" VPOS="1363" WIDTH="55" HEIGHT="30" WC="0.96" CONTENT="för"/><SP WIDTH="17" VPOS="1363" HPOS="1453"/>
							<String ID="string_248" HPOS="1470" VPOS="1363" WIDTH="177" HEIGHT="40" WC="0.93" CONTENT="åtskilliga"/><SP WIDTH="17" VPOS="1363" HPOS="1647"/>
							<String ID="string_249" HPOS="1664" VPOS="1364" WIDTH="99" HEIGHT="30" WC="0.92" CONTENT="buss-"/>
						</TextLine>
						<TextLine ID="line_24" HPOS="263" VPOS="1408" WIDTH="1499" HEIGHT="44">
							<String ID="string_250" HPOS="263" VPOS="1408" WIDTH="134" HEIGHT="40" WC="0.96" CONTENT="företag"/><SP WIDTH="25" VPOS="1408" HPOS="397"/>
							<String ID="string_251" HPOS="422" VPOS="1411" WIDTH="90" HEIGHT="28" WC="0.96" CONTENT="samt"/><SP WIDTH="24" VPOS="1411" HPOS="512"/>
							<String ID="string_252" HPOS="536" VPOS="1409" WIDTH="144" HEIGHT="41" WC="0.96" CONTENT="företag,"/><SP WIDTH="26" VPOS="1409" HPOS="680"/>
							<String ID="string_253" HPOS="706" VPOS="1420" WIDTH="74" HEIGHT="20" WC="0.96" CONTENT="som"/><SP WIDTH="25" VPOS="1420" HPOS="780"/>
							<String ID="string_254" HPOS="805" VPOS="1411" WIDTH="115" HEIGHT="30" WC="0.96" CONTENT="driver"/><SP WIDTH="23" VPOS="1411" HPOS="920"/>
							<String ID="string_255" HPOS="943" VPOS="1412" WIDTH="236" HEIGHT="40" WC="0.93" CONTENT="yrkesmässig"/><SP WIDTH="24" VPOS="1412" HPOS="1179"/>
							<String ID="string_256" HPOS="1203" VPOS="1413" WIDTH="257" HEIGHT="30" WC="0.91" CONTENT="lastbilstrafik."/><SP WIDTH="26" VPOS="1413" HPOS="1460"/>
							<String ID="string_257" HPOS="1486" VPOS="1414" WIDTH="75" HEIGHT="29" WC="0.93" CONTENT="Den"/><SP WIDTH="26" VPOS="1414" HPOS="1561"/>
							<String ID="string_258" HPOS="1587" VPOS="1423" WIDTH="175" HEIGHT="21" WC="0.90" CONTENT="samman-"/>
						</TextLine>
						<TextLine ID="line_25" HPOS="263" VPOS="1459" WIDTH="1499" HEIGHT="44">
							<String ID="string_259" HPOS="263" VPOS="1459" WIDTH="101" HEIGHT="39" WC="0.95" CONTENT="lagda"/><SP WIDTH="27" VPOS="1459" HPOS="364"/>
							<String ID="string_260" HPOS="391" VPOS="1460" WIDTH="269" HEIGHT="40" WC="0.96" CONTENT="beskattningen"/><SP WIDTH="26" VPOS="1460" HPOS="660"/>
							<String ID="string_261" HPOS="686" VPOS="1462" WIDTH="100" HEIGHT="38" WC="0.96" CONTENT="utgör"/><SP WIDTH="27" VPOS="1462" HPOS="786"/>
							<String ID="string_262" HPOS="813" VPOS="1461" WIDTH="133" HEIGHT="30" WC="0.96" CONTENT="således"/><SP WIDTH="28" VPOS="1461" HPOS="946"/>
							<String ID="string_263" HPOS="974" VPOS="1462" WIDTH="218" HEIGHT="31" WC="0.96" CONTENT="fortfarande"/><SP WIDTH="30" VPOS="1462" HPOS="1192"/>
							<String ID="string_264" HPOS="1222" VPOS="1462" WIDTH="40" HEIGHT="31" WC="0.96" CONTENT="32"/><SP WIDTH="28" VPOS="1462" HPOS="1262"/>
							<String ID="string_265" HPOS="1290" VPOS="1464" WIDTH="58" HEIGHT="29" WC="0.96" CONTENT="öre"/><SP WIDTH="27" VPOS="1464" HPOS="1348"/>
							<String ID="string_266" HPOS="1375" VPOS="1472" WIDTH="61" HEIGHT="31" WC="0.96" CONTENT="per"/><SP WIDTH="28" VPOS="1472" HPOS="1436"/>
							<String ID="string_267" HPOS="1464" VPOS="1464" WIDTH="87" HEIGHT="34" WC="0.96" CONTENT="liter,"/><SP WIDTH="29" VPOS="1464" HPOS="1551"/>
							<String ID="string_268" HPOS="1580" VPOS="1464" WIDTH="112" HEIGHT="30" WC="0.96" CONTENT="ehuru"/><SP WIDTH="28" VPOS="1464" HPOS="1692"/>
							<String ID="string_269" HPOS="1720" VPOS="1474" WIDTH="42" HEIGHT="20" WC="0.95" CONTENT="en"/>
						</TextLine>
						<TextLine ID="line_26" HPOS="262" VPOS="1509" WIDTH="1501" HEIGHT="44">
							<String ID="string_270" HPOS="262" VPOS="1509" WIDTH="215" HEIGHT="40" WC="0.96" CONTENT="uppdelning"/><SP WIDTH="22" VPOS="1509" HPOS="477"/>
							<String ID="string_271" HPOS="499" VPOS="1510" WIDTH="91" HEIGHT="30" WC="0.96" CONTENT="skett"/><SP WIDTH="20" VPOS="1510" HPOS="590"/>
							<String ID="string_272" HPOS="610" VPOS="1510" WIDTH="45" HEIGHT="41" WC="0.93" CONTENT="på"/><SP WIDTH="20" VPOS="1510" HPOS="655"/>
							<String ID="string_273" HPOS="675" VPOS="1511" WIDTH="282" HEIGHT="40" WC="0.92" CONTENT="brännoljeskatt"/><SP WIDTH="21" VPOS="1511" HPOS="957"/>
							<String ID="string_274" HPOS="978" VPOS="1513" WIDTH="63" HEIGHT="29" WC="0.93" CONTENT="och"/><SP WIDTH="21" VPOS="1513" HPOS="1041"/>
							<String ID="string_275" HPOS="1062" VPOS="1512" WIDTH="224" HEIGHT="40" WC="0.91" CONTENT="energiskatt."/><SP WIDTH="23" VPOS="1512" HPOS="1286"/>
							<String ID="string_276" HPOS="1309" VPOS="1513" WIDTH="72" HEIGHT="30" WC="0.96" CONTENT="Mot"/><SP WIDTH="21" VPOS="1513" HPOS="1381"/>
							<String ID="string_277" HPOS="1402" VPOS="1514" WIDTH="231" HEIGHT="39" WC="0.96" CONTENT="bakgrunden"/><SP WIDTH="22" VPOS="1514" HPOS="1633"/>
							<String ID="string_278" HPOS="1655" VPOS="1514" WIDTH="108" HEIGHT="30" WC="0.96" CONTENT="därav"/>
						</TextLine>
						<TextLine ID="line_27" HPOS="262" VPOS="1560" WIDTH="1500" HEIGHT="43">
							<String ID="string_279" HPOS="262" VPOS="1568" WIDTH="101" HEIGHT="21" WC="0.96" CONTENT="anses"/><SP WIDTH="19" VPOS="1568" HPOS="363"/>
							<String ID="string_280" HPOS="382" VPOS="1569" WIDTH="43" HEIGHT="21" WC="0.96" CONTENT="en"/><SP WIDTH="20" VPOS="1569" HPOS="425"/>
							<String ID="string_281" HPOS="445" VPOS="1560" WIDTH="175" HEIGHT="40" WC="0.96" CONTENT="sänkning"/><SP WIDTH="17" VPOS="1560" HPOS="620"/>
							<String ID="string_282" HPOS="637" VPOS="1571" WIDTH="42" HEIGHT="20" WC="0.96" CONTENT="av"/><SP WIDTH="18" VPOS="1571" HPOS="679"/>
							<String ID="string_283" HPOS="697" VPOS="1562" WIDTH="66" HEIGHT="30" WC="0.96" CONTENT="den"/><SP WIDTH="16" VPOS="1562" HPOS="763"/>
							<String ID="string_284" HPOS="779" VPOS="1562" WIDTH="205" HEIGHT="30" WC="0.96" CONTENT="nuvarande"/><SP WIDTH="18" VPOS="1562" HPOS="984"/>
							<String ID="string_285" HPOS="1002" VPOS="1563" WIDTH="138" HEIGHT="29" WC="0.96" CONTENT="skatten"/><SP WIDTH="18" VPOS="1563" HPOS="1140"/>
							<String ID="string_286" HPOS="1158" VPOS="1564" WIDTH="44" HEIGHT="38" WC="0.93" CONTENT="på"/><SP WIDTH="17" VPOS="1564" HPOS="1202"/>
							<String ID="string_287" HPOS="1219" VPOS="1564" WIDTH="188" HEIGHT="39" WC="0.92" CONTENT="brännolja"/><SP WIDTH="18" VPOS="1564" HPOS="1407"/>
							<String ID="string_288" HPOS="1425" VPOS="1564" WIDTH="80" HEIGHT="30" WC="0.96" CONTENT="med"/><SP WIDTH="19" VPOS="1564" HPOS="1505"/>
							<String ID="string_289" HPOS="1524" VPOS="1564" WIDTH="71" HEIGHT="30" WC="0.96" CONTENT="fem"/><SP WIDTH="19" VPOS="1564" HPOS="1595"/>
							<String ID="string_290" HPOS="1614" VPOS="1566" WIDTH="57" HEIGHT="28" WC="0.93" CONTENT="öre"/><SP WIDTH="18" VPOS="1566" HPOS="1671"/>
							<String ID="string_291" HPOS="1689" VPOS="1574" WIDTH="73" HEIGHT="20" WC="0.90" CONTENT="mo-"/>
						</TextLine>
						<TextLine ID="line_28" HPOS="262" VPOS="1609" WIDTH="1500" HEIGHT="45">
							<String ID="string_292" HPOS="262" VPOS="1609" WIDTH="143" HEIGHT="31" WC="0.92" CONTENT="tiverad."/><SP WIDTH="23" VPOS="1609" HPOS="405"/>
							<String ID="string_293" HPOS="428" VPOS="1611" WIDTH="298" HEIGHT="30" WC="0.91" CONTENT="Skattebortfallet"/><SP WIDTH="19" VPOS="1611" HPOS="726"/>
							<String ID="string_294" HPOS="745" VPOS="1611" WIDTH="44" HEIGHT="40" WC="0.96" CONTENT="på"/><SP WIDTH="21" VPOS="1611" HPOS="789"/>
							<String ID="string_295" HPOS="810" VPOS="1613" WIDTH="114" HEIGHT="38" WC="0.96" CONTENT="grund"/><SP WIDTH="21" VPOS="1613" HPOS="924"/>
							<String ID="string_296" HPOS="945" VPOS="1622" WIDTH="41" HEIGHT="20" WC="0.95" CONTENT="av"/><SP WIDTH="23" VPOS="1622" HPOS="986"/>
							<String ID="string_297" HPOS="1009" VPOS="1613" WIDTH="112" HEIGHT="30" WC="0.96" CONTENT="denna"/><SP WIDTH="23" VPOS="1613" HPOS="1121"/>
							<String ID="string_298" HPOS="1144" VPOS="1613" WIDTH="121" HEIGHT="39" WC="0.96" CONTENT="åtgärd"/><SP WIDTH="21" VPOS="1613" HPOS="1265"/>
							<String ID="string_299" HPOS="1286" VPOS="1614" WIDTH="98" HEIGHT="29" WC="0.97" CONTENT="torde"/><SP WIDTH="21" VPOS="1614" HPOS="1384"/>
							<String ID="string_300" HPOS="1405" VPOS="1614" WIDTH="107" HEIGHT="40" WC="0.93" CONTENT="enligt"/><SP WIDTH="21" VPOS="1614" HPOS="1512"/>
							<String ID="string_301" HPOS="1533" VPOS="1614" WIDTH="229" HEIGHT="30" WC="0.90" CONTENT="motionärer-"/>
						</TextLine>
						<TextLine ID="line_29" HPOS="261" VPOS="1660" WIDTH="1501" HEIGHT="44">
							<String ID="string_302" HPOS="261" VPOS="1669" WIDTH="63" HEIGHT="21" WC="0.95" CONTENT="nas"/><SP WIDTH="33" VPOS="1669" HPOS="324"/>
							<String ID="string_303" HPOS="357" VPOS="1660" WIDTH="235" HEIGHT="40" WC="0.96" CONTENT="beräkningar"/><SP WIDTH="36" VPOS="1660" HPOS="592"/>
							<String ID="string_304" HPOS="628" VPOS="1662" WIDTH="111" HEIGHT="29" WC="0.95" CONTENT="under"/><SP WIDTH="34" VPOS="1662" HPOS="739"/>
							<String ID="string_305" HPOS="773" VPOS="1662" WIDTH="205" HEIGHT="39" WC="0.93" CONTENT="budgetåret"/><SP WIDTH="26" VPOS="1662" HPOS="978"/>
							<String ID="string_306" HPOS="1004" VPOS="1662" WIDTH="148" HEIGHT="36" WC="0.92" CONTENT="1958/59"/><SP WIDTH="23" VPOS="1662" HPOS="1152"/>
							<String ID="string_307" HPOS="1175" VPOS="1663" WIDTH="123" HEIGHT="40" WC="0.93" CONTENT="belöpa"/><SP WIDTH="24" VPOS="1663" HPOS="1298"/>
							<String ID="string_308" HPOS="1322" VPOS="1664" WIDTH="52" HEIGHT="39" WC="0.96" CONTENT="sig"/><SP WIDTH="23" VPOS="1664" HPOS="1374"/>
							<String ID="string_309" HPOS="1397" VPOS="1664" WIDTH="54" HEIGHT="30" WC="0.95" CONTENT="till"/><SP WIDTH="27" VPOS="1664" HPOS="1451"/>
							<String ID="string_310" HPOS="1478" VPOS="1664" WIDTH="93" HEIGHT="34" WC="0.95" CONTENT="18,25"/><SP WIDTH="26" VPOS="1664" HPOS="1571"/>
							<String ID="string_311" HPOS="1597" VPOS="1664" WIDTH="165" HEIGHT="40" WC="0.95" CONTENT="miljoner"/>
						</TextLine>
						<TextLine ID="line_30" HPOS="259" VPOS="1711" WIDTH="1503" HEIGHT="44">
							<String ID="string_312" HPOS="259" VPOS="1711" WIDTH="142" HEIGHT="29" WC="0.93" CONTENT="kronor."/><SP WIDTH="25" VPOS="1711" HPOS="401"/>
							<String ID="string_313" HPOS="426" VPOS="1711" WIDTH="183" HEIGHT="30" WC="0.91" CONTENT="Bortfallet"/><SP WIDTH="24" VPOS="1711" HPOS="609"/>
							<String ID="string_314" HPOS="633" VPOS="1711" WIDTH="45" HEIGHT="40" WC="0.95" CONTENT="på"/><SP WIDTH="24" VPOS="1711" HPOS="678"/>
							<String ID="string_315" HPOS="702" VPOS="1712" WIDTH="112" HEIGHT="39" WC="0.96" CONTENT="grund"/><SP WIDTH="23" VPOS="1712" HPOS="814"/>
							<String ID="string_316" HPOS="837" VPOS="1722" WIDTH="45" HEIGHT="21" WC="0.93" CONTENT="av"/><SP WIDTH="25" VPOS="1722" HPOS="882"/>
							<String ID="string_317" HPOS="907" VPOS="1712" WIDTH="304" HEIGHT="31" WC="0.91" CONTENT="fordonsskattens"/><SP WIDTH="26" VPOS="1712" HPOS="1211"/>
							<String ID="string_318" HPOS="1237" VPOS="1714" WIDTH="174" HEIGHT="40" WC="0.96" CONTENT="sänkning"/><SP WIDTH="26" VPOS="1714" HPOS="1411"/>
							<String ID="string_319" HPOS="1437" VPOS="1715" WIDTH="98" HEIGHT="29" WC="0.93" CONTENT="torde"/><SP WIDTH="25" VPOS="1715" HPOS="1535"/>
							<String ID="string_320" HPOS="1560" VPOS="1715" WIDTH="124" HEIGHT="40" WC="0.91" CONTENT="belöpa"/><SP WIDTH="26" VPOS="1715" HPOS="1684"/>
							<String ID="string_321" HPOS="1710" VPOS="1715" WIDTH="52" HEIGHT="39" WC="0.96" CONTENT="sig"/>
						</TextLine>
						<TextLine ID="line_31" HPOS="261" VPOS="1761" WIDTH="516" HEIGHT="41">
							<String ID="string_322" HPOS="261" VPOS="1761" WIDTH="52" HEIGHT="29" WC="0.96" CONTENT="till"/><SP WIDTH="21" VPOS="1761" HPOS="313"/>
							<String ID="string_323" HPOS="334" VPOS="1770" WIDTH="38" HEIGHT="21" WC="0.96" CONTENT="ca"/><SP WIDTH="21" VPOS="1770" HPOS="372"/>
							<String ID="string_324" HPOS="393" VPOS="1761" WIDTH="42" HEIGHT="30" WC="0.95" CONTENT="20"/><SP WIDTH="20" VPOS="1761" HPOS="435"/>
							<String ID="string_325" HPOS="455" VPOS="1762" WIDTH="163" HEIGHT="40" WC="0.95" CONTENT="miljoner"/><SP WIDTH="19" VPOS="1762" HPOS="618"/>
							<String ID="string_326" HPOS="637" VPOS="1762" WIDTH="140" HEIGHT="30" WC="0.96" CONTENT="kronor."/>
						</TextLine>
					</TextBlock>
				</ComposedBlock>
				<ComposedBlock ID="cblock_2" HPOS="922" VPOS="1892" WIDTH="179" HEIGHT="34">
					<TextBlock ID="block_2" HPOS="922" VPOS="1892" WIDTH="179" HEIGHT="34">
						<TextLine ID="line_32" HPOS="922" VPOS="1892" WIDTH="179" HEIGHT="34">
							<String ID="string_327" HPOS="922" VPOS="1892" WIDTH="179" HEIGHT="34" WC="0.96" CONTENT="Utskottet"/>
						</TextLine>
					</TextBlock>
				</ComposedBlock>
				<ComposedBlock ID="cblock_3" HPOS="253" VPOS="1970" WIDTH="1507" HEIGHT="545">
					<TextBlock ID="block_3" HPOS="256" VPOS="1970" WIDTH="1504" HEIGHT="194">
						<TextLine ID="line_33" HPOS="301" VPOS="1970" WIDTH="1459" HEIGHT="40">
							<String ID="string_328" HPOS="301" VPOS="1971" WIDTH="12" HEIGHT="29" WC="0.96" CONTENT="I"/><SP WIDTH="20" VPOS="1971" HPOS="313"/>
							<String ID="string_329" HPOS="333" VPOS="1970" WIDTH="41" HEIGHT="30" WC="0.96" CONTENT="de"/><SP WIDTH="18" VPOS="1970" HPOS="374"/>
							<String ID="string_330" HPOS="392" VPOS="1971" WIDTH="225" HEIGHT="39" WC="0.96" CONTENT="likalydande"/><SP WIDTH="20" VPOS="1971" HPOS="617"/>
							<String ID="string_331" HPOS="637" VPOS="1971" WIDTH="220" HEIGHT="30" WC="0.96" CONTENT="motionerna"/><SP WIDTH="19" VPOS="1971" HPOS="857"/>
							<String ID="string_332" HPOS="876" VPOS="1973" WIDTH="28" HEIGHT="29" WC="0.88" CONTENT="1:"/><SP WIDTH="19" VPOS="1973" HPOS="904"/>
							<String ID="string_333" HPOS="923" VPOS="1972" WIDTH="59" HEIGHT="30" WC="0.94" CONTENT="197"/><SP WIDTH="21" VPOS="1972" HPOS="982"/>
							<String ID="string_334" HPOS="1003" VPOS="1972" WIDTH="65" HEIGHT="29" WC="0.96" CONTENT="och"/><SP WIDTH="19" VPOS="1972" HPOS="1068"/>
							<String ID="string_335" HPOS="1087" VPOS="1973" WIDTH="45" HEIGHT="29" WC="0.96" CONTENT="II:"/><SP WIDTH="17" VPOS="1973" HPOS="1132"/>
							<String ID="string_336" HPOS="1149" VPOS="1973" WIDTH="62" HEIGHT="30" WC="0.96" CONTENT="236"/><SP WIDTH="19" VPOS="1973" HPOS="1211"/>
							<String ID="string_337" HPOS="1230" VPOS="1973" WIDTH="65" HEIGHT="29" WC="0.93" CONTENT="har"/><SP WIDTH="18" VPOS="1973" HPOS="1295"/>
							<String ID="string_338" HPOS="1313" VPOS="1974" WIDTH="198" HEIGHT="29" WC="0.91" CONTENT="hemställts"/><SP WIDTH="19" VPOS="1974" HPOS="1511"/>
							<String ID="string_339" HPOS="1530" VPOS="1976" WIDTH="50" HEIGHT="27" WC="0.93" CONTENT="att"/><SP WIDTH="20" VPOS="1976" HPOS="1580"/>
							<String ID="string_340" HPOS="1600" VPOS="1974" WIDTH="160" HEIGHT="30" WC="0.90" CONTENT="fordons-"/>
						</TextLine>
						<TextLine ID="line_34" HPOS="257" VPOS="2020" WIDTH="1501" HEIGHT="41">
							<String ID="string_341" HPOS="257" VPOS="2020" WIDTH="139" HEIGHT="29" WC="0.93" CONTENT="skatten"/><SP WIDTH="22" VPOS="2020" HPOS="396"/>
							<String ID="string_342" HPOS="418" VPOS="2020" WIDTH="21" HEIGHT="30" WC="0.92" CONTENT="å"/><SP WIDTH="20" VPOS="2020" HPOS="439"/>
							<String ID="string_343" HPOS="459" VPOS="2020" WIDTH="168" HEIGHT="36" WC="0.96" CONTENT="lastbilar,"/><SP WIDTH="23" VPOS="2020" HPOS="627"/>
							<String ID="string_344" HPOS="650" VPOS="2021" WIDTH="125" HEIGHT="30" WC="0.96" CONTENT="bussar"/><SP WIDTH="23" VPOS="2021" HPOS="775"/>
							<String ID="string_345" HPOS="798" VPOS="2022" WIDTH="64" HEIGHT="29" WC="0.96" CONTENT="och"/><SP WIDTH="24" VPOS="2022" HPOS="862"/>
							<String ID="string_346" HPOS="886" VPOS="2022" WIDTH="207" HEIGHT="39" WC="0.96" CONTENT="släpvagnar"/><SP WIDTH="23" VPOS="2022" HPOS="1093"/>
							<String ID="string_347" HPOS="1116" VPOS="2022" WIDTH="89" HEIGHT="30" WC="0.96" CONTENT="skall"/><SP WIDTH="24" VPOS="2022" HPOS="1205"/>
							<String ID="string_348" HPOS="1229" VPOS="2023" WIDTH="129" HEIGHT="30" WC="0.96" CONTENT="sänkas"/><SP WIDTH="24" VPOS="2023" HPOS="1358"/>
							<String ID="string_349" HPOS="1382" VPOS="2024" WIDTH="52" HEIGHT="29" WC="0.96" CONTENT="till"/><SP WIDTH="22" VPOS="2024" HPOS="1434"/>
							<String ID="string_350" HPOS="1456" VPOS="2024" WIDTH="41" HEIGHT="30" WC="0.96" CONTENT="de"/><SP WIDTH="24" VPOS="2024" HPOS="1497"/>
							<String ID="string_351" HPOS="1521" VPOS="2024" WIDTH="237" HEIGHT="34" WC="0.96" CONTENT="skattesatser,"/>
						</TextLine>
						<TextLine ID="line_35" HPOS="256" VPOS="2070" WIDTH="1502" HEIGHT="43">
							<String ID="string_352" HPOS="256" VPOS="2078" WIDTH="74" HEIGHT="21" WC="0.96" CONTENT="som"/><SP WIDTH="25" VPOS="2078" HPOS="330"/>
							<String ID="string_353" HPOS="355" VPOS="2070" WIDTH="113" HEIGHT="39" WC="0.96" CONTENT="gällde"/><SP WIDTH="25" VPOS="2070" HPOS="468"/>
							<String ID="string_354" HPOS="493" VPOS="2071" WIDTH="74" HEIGHT="30" WC="0.96" CONTENT="före"/><SP WIDTH="25" VPOS="2071" HPOS="567"/>
							<String ID="string_355" HPOS="592" VPOS="2071" WIDTH="67" HEIGHT="30" WC="0.96" CONTENT="den"/><SP WIDTH="25" VPOS="2071" HPOS="659"/>
							<String ID="string_356" HPOS="684" VPOS="2081" WIDTH="42" HEIGHT="20" WC="0.96" CONTENT="av"/><SP WIDTH="26" VPOS="2081" HPOS="726"/>
							<String ID="string_357" HPOS="752" VPOS="2072" WIDTH="83" HEIGHT="30" WC="0.96" CONTENT="1954"/><SP WIDTH="26" VPOS="2072" HPOS="835"/>
							<String ID="string_358" HPOS="861" VPOS="2072" WIDTH="57" HEIGHT="30" WC="0.96" CONTENT="års"/><SP WIDTH="25" VPOS="2072" HPOS="918"/>
							<String ID="string_359" HPOS="943" VPOS="2072" WIDTH="142" HEIGHT="40" WC="0.96" CONTENT="riksdag"/><SP WIDTH="24" VPOS="2072" HPOS="1085"/>
							<String ID="string_360" HPOS="1109" VPOS="2073" WIDTH="180" HEIGHT="30" WC="0.96" CONTENT="beslutade"/><SP WIDTH="24" VPOS="2073" HPOS="1289"/>
							<String ID="string_361" HPOS="1313" VPOS="2074" WIDTH="194" HEIGHT="39" WC="0.96" CONTENT="höjningen"/><SP WIDTH="25" VPOS="2074" HPOS="1507"/>
							<String ID="string_362" HPOS="1532" VPOS="2083" WIDTH="43" HEIGHT="20" WC="0.93" CONTENT="av"/><SP WIDTH="24" VPOS="2083" HPOS="1575"/>
							<String ID="string_363" HPOS="1599" VPOS="2074" WIDTH="159" HEIGHT="30" WC="0.91" CONTENT="fordons-"/>
						</TextLine>
						<TextLine ID="line_36" HPOS="257" VPOS="2120" WIDTH="1459" HEIGHT="44">
							<String ID="string_364" HPOS="257" VPOS="2120" WIDTH="148" HEIGHT="35" WC="0.96" CONTENT="skatten,"/><SP WIDTH="23" VPOS="2120" HPOS="405"/>
							<String ID="string_365" HPOS="428" VPOS="2123" WIDTH="90" HEIGHT="28" WC="0.96" CONTENT="samt"/><SP WIDTH="22" VPOS="2123" HPOS="518"/>
							<String ID="string_366" HPOS="540" VPOS="2123" WIDTH="49" HEIGHT="28" WC="0.96" CONTENT="att"/><SP WIDTH="22" VPOS="2123" HPOS="589"/>
							<String ID="string_367" HPOS="611" VPOS="2122" WIDTH="139" HEIGHT="29" WC="0.93" CONTENT="skatten"/><SP WIDTH="20" VPOS="2122" HPOS="750"/>
							<String ID="string_368" HPOS="770" VPOS="2122" WIDTH="20" HEIGHT="30" WC="0.92" CONTENT="å"/><SP WIDTH="19" VPOS="2122" HPOS="790"/>
							<String ID="string_369" HPOS="809" VPOS="2122" WIDTH="188" HEIGHT="40" WC="0.92" CONTENT="brännolja"/><SP WIDTH="21" VPOS="2122" HPOS="997"/>
							<String ID="string_370" HPOS="1018" VPOS="2123" WIDTH="88" HEIGHT="30" WC="0.96" CONTENT="skall"/><SP WIDTH="22" VPOS="2123" HPOS="1106"/>
							<String ID="string_371" HPOS="1128" VPOS="2123" WIDTH="129" HEIGHT="30" WC="0.96" CONTENT="sänkas"/><SP WIDTH="19" VPOS="2123" HPOS="1257"/>
							<String ID="string_372" HPOS="1276" VPOS="2124" WIDTH="80" HEIGHT="29" WC="0.96" CONTENT="med"/><SP WIDTH="21" VPOS="2124" HPOS="1356"/>
							<String ID="string_373" HPOS="1377" VPOS="2124" WIDTH="71" HEIGHT="29" WC="0.96" CONTENT="fem"/><SP WIDTH="21" VPOS="2124" HPOS="1448"/>
							<String ID="string_374" HPOS="1469" VPOS="2125" WIDTH="58" HEIGHT="29" WC="0.96" CONTENT="öre"/><SP WIDTH="20" VPOS="2125" HPOS="1527"/>
							<String ID="string_375" HPOS="1547" VPOS="2134" WIDTH="62" HEIGHT="30" WC="0.96" CONTENT="per"/><SP WIDTH="19" VPOS="2134" HPOS="1609"/>
							<String ID="string_376" HPOS="1628" VPOS="2125" WIDTH="88" HEIGHT="30" WC="0.96" CONTENT="liter."/>
						</TextLine>
					</TextBlock>
					<TextBlock ID="block_4" HPOS="253" VPOS="2171" WIDTH="1505" HEIGHT="344">
						<TextLine ID="line_37" HPOS="301" VPOS="2171" WIDTH="1457" HEIGHT="43">
							<String ID="string_377" HPOS="301" VPOS="2171" WIDTH="83" HEIGHT="30" WC="0.96" CONTENT="1954"/><SP WIDTH="27" VPOS="2171" HPOS="384"/>
							<String ID="string_378" HPOS="411" VPOS="2171" WIDTH="57" HEIGHT="30" WC="0.95" CONTENT="års"/><SP WIDTH="27" VPOS="2171" HPOS="468"/>
							<String ID="string_379" HPOS="495" VPOS="2171" WIDTH="277" HEIGHT="40" WC="0.96" CONTENT="riksdagsbeslut"/><SP WIDTH="26" VPOS="2171" HPOS="772"/>
							<String ID="string_380" HPOS="798" VPOS="2173" WIDTH="147" HEIGHT="29" WC="0.96" CONTENT="innebar"/><SP WIDTH="26" VPOS="2173" HPOS="945"/>
							<String ID="string_381" HPOS="971" VPOS="2173" WIDTH="72" HEIGHT="30" WC="0.96" CONTENT="dels"/><SP WIDTH="27" VPOS="2173" HPOS="1043"/>
							<String ID="string_382" HPOS="1070" VPOS="2174" WIDTH="147" HEIGHT="39" WC="0.96" CONTENT="höjning"/><SP WIDTH="26" VPOS="2174" HPOS="1217"/>
							<String ID="string_383" HPOS="1243" VPOS="2183" WIDTH="43" HEIGHT="20" WC="0.93" CONTENT="av"/><SP WIDTH="26" VPOS="2183" HPOS="1286"/>
							<String ID="string_384" HPOS="1312" VPOS="2174" WIDTH="272" HEIGHT="40" WC="0.91" CONTENT="grundavgiften"/><SP WIDTH="26" VPOS="2174" HPOS="1584"/>
							<String ID="string_385" HPOS="1610" VPOS="2175" WIDTH="79" HEIGHT="29" WC="0.95" CONTENT="med"/><SP WIDTH="30" VPOS="2175" HPOS="1689"/>
							<String ID="string_386" HPOS="1719" VPOS="2175" WIDTH="39" HEIGHT="30" WC="0.96" CONTENT="10"/>
						</TextLine>
						<TextLine ID="line_38" HPOS="255" VPOS="2220" WIDTH="1503" HEIGHT="44">
							<String ID="string_387" HPOS="255" VPOS="2220" WIDTH="130" HEIGHT="30" WC="0.96" CONTENT="kronor"/><SP WIDTH="25" VPOS="2220" HPOS="385"/>
							<String ID="string_388" HPOS="410" VPOS="2221" WIDTH="54" HEIGHT="30" WC="0.96" CONTENT="för"/><SP WIDTH="25" VPOS="2221" HPOS="464"/>
							<String ID="string_389" HPOS="489" VPOS="2222" WIDTH="161" HEIGHT="40" WC="0.96" CONTENT="samtliga"/><SP WIDTH="23" VPOS="2222" HPOS="650"/>
							<String ID="string_390" HPOS="673" VPOS="2222" WIDTH="228" HEIGHT="40" WC="0.96" CONTENT="personbilar,"/><SP WIDTH="25" VPOS="2222" HPOS="901"/>
							<String ID="string_391" HPOS="926" VPOS="2223" WIDTH="124" HEIGHT="30" WC="0.96" CONTENT="bussar"/><SP WIDTH="23" VPOS="2223" HPOS="1050"/>
							<String ID="string_392" HPOS="1073" VPOS="2224" WIDTH="65" HEIGHT="29" WC="0.96" CONTENT="och"/><SP WIDTH="24" VPOS="2224" HPOS="1138"/>
							<String ID="string_393" HPOS="1162" VPOS="2224" WIDTH="167" HEIGHT="36" WC="0.96" CONTENT="lastbilar,"/><SP WIDTH="26" VPOS="2224" HPOS="1329"/>
							<String ID="string_394" HPOS="1355" VPOS="2224" WIDTH="73" HEIGHT="31" WC="0.96" CONTENT="dels"/><SP WIDTH="24" VPOS="2224" HPOS="1428"/>
							<String ID="string_395" HPOS="1452" VPOS="2225" WIDTH="148" HEIGHT="39" WC="0.96" CONTENT="höjning"/><SP WIDTH="25" VPOS="2225" HPOS="1600"/>
							<String ID="string_396" HPOS="1625" VPOS="2235" WIDTH="43" HEIGHT="20" WC="0.93" CONTENT="av"/><SP WIDTH="23" VPOS="2235" HPOS="1668"/>
							<String ID="string_397" HPOS="1691" VPOS="2225" WIDTH="67" HEIGHT="30" WC="0.91" CONTENT="till-"/>
						</TextLine>
						<TextLine ID="line_39" HPOS="254" VPOS="2270" WIDTH="1504" HEIGHT="44">
							<String ID="string_398" HPOS="254" VPOS="2270" WIDTH="295" HEIGHT="41" WC="0.91" CONTENT="läggsavgifterna"/><SP WIDTH="18" VPOS="2270" HPOS="549"/>
							<String ID="string_399" HPOS="567" VPOS="2272" WIDTH="55" HEIGHT="30" WC="0.96" CONTENT="för"/><SP WIDTH="18" VPOS="2272" HPOS="622"/>
							<String ID="string_400" HPOS="640" VPOS="2272" WIDTH="125" HEIGHT="30" WC="0.96" CONTENT="bussar"/><SP WIDTH="18" VPOS="2272" HPOS="765"/>
							<String ID="string_401" HPOS="783" VPOS="2273" WIDTH="80" HEIGHT="29" WC="0.96" CONTENT="med"/><SP WIDTH="18" VPOS="2273" HPOS="863"/>
							<String ID="string_402" HPOS="881" VPOS="2273" WIDTH="206" HEIGHT="40" WC="0.96" CONTENT="tjänstevikt"/><SP WIDTH="20" VPOS="2273" HPOS="1087"/>
							<String ID="string_403" HPOS="1107" VPOS="2275" WIDTH="81" HEIGHT="29" WC="0.97" CONTENT="över"/><SP WIDTH="18" VPOS="2275" HPOS="1188"/>
							<String ID="string_404" HPOS="1206" VPOS="2275" WIDTH="18" HEIGHT="30" WC="0.96" CONTENT="5"/><SP WIDTH="16" VPOS="2275" HPOS="1224"/>
							<String ID="string_405" HPOS="1240" VPOS="2274" WIDTH="62" HEIGHT="31" WC="0.96" CONTENT="000"/><SP WIDTH="20" VPOS="2274" HPOS="1302"/>
							<String ID="string_406" HPOS="1322" VPOS="2275" WIDTH="172" HEIGHT="39" WC="0.96" CONTENT="kilogram"/><SP WIDTH="21" VPOS="2275" HPOS="1494"/>
							<String ID="string_407" HPOS="1515" VPOS="2275" WIDTH="65" HEIGHT="29" WC="0.96" CONTENT="och"/><SP WIDTH="19" VPOS="2275" HPOS="1580"/>
							<String ID="string_408" HPOS="1599" VPOS="2275" WIDTH="159" HEIGHT="30" WC="0.96" CONTENT="lastbilar"/>
						</TextLine>
						<TextLine ID="line_40" HPOS="254" VPOS="2321" WIDTH="1502" HEIGHT="43">
							<String ID="string_409" HPOS="254" VPOS="2321" WIDTH="78" HEIGHT="30" WC="0.96" CONTENT="med"/><SP WIDTH="19" VPOS="2321" HPOS="332"/>
							<String ID="string_410" HPOS="351" VPOS="2321" WIDTH="208" HEIGHT="39" WC="0.96" CONTENT="tjänstevikt"/><SP WIDTH="18" VPOS="2321" HPOS="559"/>
							<String ID="string_411" HPOS="577" VPOS="2324" WIDTH="81" HEIGHT="28" WC="0.96" CONTENT="över"/><SP WIDTH="18" VPOS="2324" HPOS="658"/>
							<String ID="string_412" HPOS="676" VPOS="2324" WIDTH="18" HEIGHT="29" WC="0.96" CONTENT="3"/><SP WIDTH="16" VPOS="2324" HPOS="694"/>
							<String ID="string_413" HPOS="710" VPOS="2324" WIDTH="62" HEIGHT="29" WC="0.96" CONTENT="000"/><SP WIDTH="19" VPOS="2324" HPOS="772"/>
							<String ID="string_414" HPOS="791" VPOS="2324" WIDTH="173" HEIGHT="39" WC="0.96" CONTENT="kilogram"/><SP WIDTH="19" VPOS="2324" HPOS="964"/>
							<String ID="string_415" HPOS="983" VPOS="2326" WIDTH="89" HEIGHT="28" WC="0.96" CONTENT="samt"/><SP WIDTH="20" VPOS="2326" HPOS="1072"/>
							<String ID="string_416" HPOS="1092" VPOS="2325" WIDTH="208" HEIGHT="39" WC="0.96" CONTENT="släpvagnar"/><SP WIDTH="18" VPOS="2325" HPOS="1300"/>
							<String ID="string_417" HPOS="1318" VPOS="2325" WIDTH="80" HEIGHT="29" WC="0.96" CONTENT="med"/><SP WIDTH="19" VPOS="2325" HPOS="1398"/>
							<String ID="string_418" HPOS="1417" VPOS="2325" WIDTH="162" HEIGHT="30" WC="0.95" CONTENT="totalvikt"/><SP WIDTH="20" VPOS="2325" HPOS="1579"/>
							<String ID="string_419" HPOS="1599" VPOS="2335" WIDTH="42" HEIGHT="19" WC="0.96" CONTENT="av"/><SP WIDTH="19" VPOS="2335" HPOS="1641"/>
							<String ID="string_420" HPOS="1660" VPOS="2326" WIDTH="18" HEIGHT="30" WC="0.96" CONTENT="5"/><SP WIDTH="16" VPOS="2326" HPOS="1678"/>
							<String ID="string_421" HPOS="1694" VPOS="2325" WIDTH="62" HEIGHT="30" WC="0.96" CONTENT="000"/>
						</TextLine>
						<TextLine ID="line_41" HPOS="253" VPOS="2371" WIDTH="1503" HEIGHT="44">
							<String ID="string_422" HPOS="253" VPOS="2371" WIDTH="173" HEIGHT="40" WC="0.95" CONTENT="kilogram"/><SP WIDTH="26" VPOS="2371" HPOS="426"/>
							<String ID="string_423" HPOS="452" VPOS="2372" WIDTH="64" HEIGHT="30" WC="0.95" CONTENT="och"/><SP WIDTH="27" VPOS="2372" HPOS="516"/>
							<String ID="string_424" HPOS="543" VPOS="2372" WIDTH="155" HEIGHT="30" WC="0.95" CONTENT="däröver."/><SP WIDTH="28" VPOS="2372" HPOS="698"/>
							<String ID="string_425" HPOS="726" VPOS="2374" WIDTH="67" HEIGHT="29" WC="0.96" CONTENT="För"/><SP WIDTH="27" VPOS="2374" HPOS="793"/>
							<String ID="string_426" HPOS="820" VPOS="2374" WIDTH="207" HEIGHT="40" WC="0.96" CONTENT="släpvagnar"/><SP WIDTH="26" VPOS="2374" HPOS="1027"/>
							<String ID="string_427" HPOS="1053" VPOS="2374" WIDTH="79" HEIGHT="30" WC="0.95" CONTENT="med"/><SP WIDTH="26" VPOS="2374" HPOS="1132"/>
							<String ID="string_428" HPOS="1158" VPOS="2375" WIDTH="163" HEIGHT="29" WC="0.96" CONTENT="totalvikt"/><SP WIDTH="27" VPOS="2375" HPOS="1321"/>
							<String ID="string_429" HPOS="1348" VPOS="2375" WIDTH="205" HEIGHT="40" WC="0.95" CONTENT="uppgående"/><SP WIDTH="27" VPOS="2375" HPOS="1553"/>
							<String ID="string_430" HPOS="1580" VPOS="2376" WIDTH="52" HEIGHT="29" WC="0.95" CONTENT="till"/><SP WIDTH="31" VPOS="2376" HPOS="1632"/>
							<String ID="string_431" HPOS="1663" VPOS="2376" WIDTH="13" HEIGHT="29" WC="0.81" CONTENT="1"/><SP WIDTH="18" VPOS="2376" HPOS="1676"/>
							<String ID="string_432" HPOS="1694" VPOS="2375" WIDTH="62" HEIGHT="30" WC="0.81" CONTENT="000"/>
						</TextLine>
						<TextLine ID="line_42" HPOS="253" VPOS="2422" WIDTH="1503" HEIGHT="42">
							<String ID="string_433" HPOS="253" VPOS="2430" WIDTH="80" HEIGHT="21" WC="0.95" CONTENT="men"/><SP WIDTH="20" VPOS="2430" HPOS="333"/>
							<String ID="string_434" HPOS="353" VPOS="2422" WIDTH="76" HEIGHT="29" WC="0.95" CONTENT="icke"/><SP WIDTH="22" VPOS="2422" HPOS="429"/>
							<String ID="string_435" HPOS="451" VPOS="2422" WIDTH="18" HEIGHT="30" WC="0.95" CONTENT="3"/><SP WIDTH="15" VPOS="2422" HPOS="469"/>
							<String ID="string_436" HPOS="484" VPOS="2423" WIDTH="64" HEIGHT="30" WC="0.96" CONTENT="000"/><SP WIDTH="19" VPOS="2423" HPOS="548"/>
							<String ID="string_437" HPOS="567" VPOS="2422" WIDTH="172" HEIGHT="40" WC="0.96" CONTENT="kilogram"/><SP WIDTH="21" VPOS="2422" HPOS="739"/>
							<String ID="string_438" HPOS="760" VPOS="2423" WIDTH="147" HEIGHT="30" WC="0.96" CONTENT="innebar"/><SP WIDTH="19" VPOS="2423" HPOS="907"/>
							<String ID="string_439" HPOS="926" VPOS="2424" WIDTH="148" HEIGHT="30" WC="0.96" CONTENT="beslutet"/><SP WIDTH="21" VPOS="2424" HPOS="1074"/>
							<String ID="string_440" HPOS="1095" VPOS="2434" WIDTH="43" HEIGHT="20" WC="0.96" CONTENT="en"/><SP WIDTH="21" VPOS="2434" HPOS="1138"/>
							<String ID="string_441" HPOS="1159" VPOS="2425" WIDTH="174" HEIGHT="39" WC="0.96" CONTENT="sänkning"/><SP WIDTH="20" VPOS="2425" HPOS="1333"/>
							<String ID="string_442" HPOS="1353" VPOS="2434" WIDTH="43" HEIGHT="20" WC="0.96" CONTENT="av"/><SP WIDTH="20" VPOS="2434" HPOS="1396"/>
							<String ID="string_443" HPOS="1416" VPOS="2425" WIDTH="146" HEIGHT="39" WC="0.96" CONTENT="tidigare"/><SP WIDTH="22" VPOS="2425" HPOS="1562"/>
							<String ID="string_444" HPOS="1584" VPOS="2425" WIDTH="172" HEIGHT="39" WC="0.96" CONTENT="utgående"/>
						</TextLine>
						<TextLine ID="line_43" HPOS="253" VPOS="2471" WIDTH="1502" HEIGHT="44">
							<String ID="string_445" HPOS="253" VPOS="2471" WIDTH="103" HEIGHT="30" WC="0.96" CONTENT="skatt."/><SP WIDTH="24" VPOS="2471" HPOS="356"/>
							<String ID="string_446" HPOS="380" VPOS="2472" WIDTH="228" HEIGHT="30" WC="0.96" CONTENT="Beträffande"/><SP WIDTH="24" VPOS="2472" HPOS="608"/>
							<String ID="string_447" HPOS="632" VPOS="2473" WIDTH="139" HEIGHT="30" WC="0.93" CONTENT="skatten"/><SP WIDTH="22" VPOS="2473" HPOS="771"/>
							<String ID="string_448" HPOS="793" VPOS="2474" WIDTH="19" HEIGHT="29" WC="0.93" CONTENT="å"/><SP WIDTH="22" VPOS="2474" HPOS="812"/>
							<String ID="string_449" HPOS="834" VPOS="2473" WIDTH="187" HEIGHT="40" WC="0.92" CONTENT="brännolja"/><SP WIDTH="23" VPOS="2473" HPOS="1021"/>
							<String ID="string_450" HPOS="1044" VPOS="2474" WIDTH="152" HEIGHT="40" WC="0.96" CONTENT="företogs"/><SP WIDTH="22" VPOS="2474" HPOS="1196"/>
							<String ID="string_451" HPOS="1218" VPOS="2484" WIDTH="43" HEIGHT="20" WC="0.96" CONTENT="en"/><SP WIDTH="22" VPOS="2484" HPOS="1261"/>
							<String ID="string_452" HPOS="1283" VPOS="2475" WIDTH="149" HEIGHT="40" WC="0.96" CONTENT="höjning"/><SP WIDTH="23" VPOS="2475" HPOS="1432"/>
							<String ID="string_453" HPOS="1455" VPOS="2475" WIDTH="79" HEIGHT="30" WC="0.96" CONTENT="från"/><SP WIDTH="24" VPOS="2475" HPOS="1534"/>
							<String ID="string_454" HPOS="1558" VPOS="2477" WIDTH="40" HEIGHT="29" WC="0.95" CONTENT="23"/><SP WIDTH="24" VPOS="2477" HPOS="1598"/>
							<String ID="string_455" HPOS="1622" VPOS="2477" WIDTH="58" HEIGHT="29" WC="0.96" CONTENT="öre"/><SP WIDTH="23" VPOS="2477" HPOS="1680"/>
							<String ID="string_456" HPOS="1703" VPOS="2476" WIDTH="52" HEIGHT="29" WC="0.96" CONTENT="till"/>
						</TextLine>
					</TextBlock>
				</ComposedBlock>
			</PrintSpace>
		</Page>
	</Layout>
</alto>
