2228 2710
395 130 118 30 Andra
536 129 205 32 Kammarens
768 130 171 42 Tillfälliga
966 131 129 30 Utskotts
1119 130 73 39 (N:o
1212 132 31 41 2)
1272 131 163 32 Utlåtande
1454 132 62 31 N:o
1537 133 48 30 16.
1725 135 13 29 1

190 665 5 10 a
901 639 90 41 N:o
1021 640 81 41 16.

761 829 77 26 Ank.
864 829 44 27 till
934 829 100 27 Riksd.
1057 829 103 27 Kansli
1186 830 24 27 d.
1238 832 15 24 6
1280 829 78 28 Mars
1386 832 88 33 1867,
1501 830 37 28 kl.
1568 833 32 25 11
1628 831 19 28 f.
1672 841 36 18 m.

395 971 127 35 Andra
550 971 236 36 Kammarens
821 971 194 51 Tillfälliga
1058 972 150 36 Utskotts
1240 973 93 45 (N:o
1369 976 48 43 2)
1451 973 187 37 Utlåtande
1666 974 67 36 N:o
1761 978 34 43 2,

595 1023 16 34 i
645 1022 191 49 anledning
877 1025 46 49 af
955 1025 169 35 motioner
1164 1025 181 48 angående
1382 1025 156 48 ändring
1585 1028 46 48 af
1668 1026 127 49 Kongl.

593 1074 269 49 Förordningen
891 1076 65 35 den
990 1079 40 31 14
1052 1075 81 37 Juli
1162 1080 98 32 1862
1286 1091 55 21 om
1369 1078 184 36 ordnande
1576 1080 47 48 af
1642 1084 152 42 prester-

595 1126 142 48 skapets
763 1126 277 38 löneinkomster.

323 1239 57 31 Uti
423 1241 168 37 motioner,
638 1240 68 31 N:is
745 1242 67 31 209
843 1243 54 30 och
925 1244 77 37 277,
1032 1254 67 19 som
1131 1243 6 29 i
1169 1242 116 31 Andra
1314 1242 196 33 Kammaren
1541 1244 107 31 blifvit
1679 1244 116 32 väckta

195 1292 60 31 och
300 1291 46 31 till
389 1293 161 43 tillfälliga
592 1293 167 32 Utskottet
792 1293 61 32 N:o
886 1296 17 29 2
943 1294 249 38 öfverlemnade,
1234 1294 96 31 hafva
1371 1295 122 32 Herrar
1536 1296 39 30 A.
1614 1296 180 31 Andersson

195 1345 69 30 från
312 1342 206 35 Wermlands
561 1345 51 31 län
642 1346 61 31 och
730 1346 35 30 J.
800 1346 33 31 E.
862 1346 179 31 Johansson
1070 1347 69 30 från
1170 1345 268 34 Westmanlands
1467 1348 53 31 län
1550 1348 167 43 föreslagit
1745 1350 48 29 åt-

197 1395 130 42 skilliga
368 1396 176 44 ändringar
573 1397 9 30 i
612 1396 121 43 Kongl.
776 1397 250 43 Förordningen
1070 1398 61 31 den
1167 1399 39 29 11
1238 1398 68 32 Juli
1341 1399 93 31 1862
1466 1400 168 41 angående
1662 1400 133 31 allmänt

198 1447 170 32 ordnande
408 1448 32 31 af
480 1448 255 43 presterskapets
772 1449 194 39 inkomster;
1001 1450 59 31 och
1089 1452 105 29 såsom
1223 1450 72 31 stöd
1325 1451 108 31 derför
1459 1456 35 26 är
1523 1451 177 43 åberopadt
1738 1458 55 32 att,

197 1511 116 31 genom
343 1500 206 42 godtyckligt
577 1501 185 31 förfarande
792 1502 31 30 af
850 1502 459 41 löneregleringsnämnderna
1337 1503 54 31 vid
1422 1504 212 41 uppgörande
1654 1504 31 31 af
1703 1504 90 30 löne-

200 1551 175 42 förslagen,
419 1552 268 42 församlingarne
728 1553 108 31 blifvit
877 1553 115 42 ålagda
1034 1553 92 42 högst
1168 1553 208 43 betungande
1416 1555 303 42 löneförhöjningar
1747 1555 47 31 till

198 1603 247 42 presterskapet,
489 1610 74 24 utan
608 1605 150 30 afseende
788 1607 18 28 å
835 1605 60 31 den
932 1605 242 40 omständighet
1203 1612 54 32 att,
1287 1606 101 42 enligt
1416 1606 377 32 kommunalförfattnin-

198 1666 72 31 gen,
313 1655 236 42 presterskapet
592 1655 130 31 befriats
761 1657 68 29 från
859 1656 208 32 kommunala
1096 1656 119 42 bestyr,
1244 1669 68 19 som
1342 1657 9 31 i
1380 1658 105 31 stället
1513 1658 213 42 öfverflyttats
1754 1661 41 40 på

198 1708 251 36 kommunerna;
493 1707 178 41 hvarjemte
712 1708 152 30 särskildt
908 1708 175 38 anmärkts,
1127 1709 67 30 dels
1235 1717 45 23 att
1318 1709 268 43 prestboställena
1615 1710 179 32 merendels

198 1764 162 36 upptogos
403 1759 45 30 till
489 1758 108 32 alltför
625 1759 65 42 lågt
722 1760 105 37 värde,
858 1760 68 31 dels
955 1761 96 31 äfven
1081 1767 54 31 att,
1165 1760 100 42 enligt
1293 1761 142 31 nämnda
1464 1762 202 42 förordning,
1695 1762 98 42 afgif-

198 1819 89 22 terna
330 1810 48 31 till
422 1810 240 43 presterskapet
703 1811 89 31 skola
821 1810 194 33 bestämmas
1044 1812 10 29 i
1082 1811 165 43 persedlar
1275 1819 45 24 att
1348 1815 78 41 utgå
1453 1813 80 31 efter
1561 1813 233 32 medelmarke-

198 1862 180 42 gångspris,
416 1862 105 31 fastän
568 1863 237 43 markegången
850 1864 26 41 ej
919 1863 99 32 sällan
1050 1875 74 20 vore
1153 1864 99 42 högre
1280 1870 40 26 än
1351 1864 54 33 det
1432 1865 77 42 pris,
1538 1877 67 20 som
1635 1868 17 28 å
1681 1866 111 31 afsätt-

198 1914 236 43 ningsorterna,
464 1915 81 30 efter
573 1914 76 31 flera
679 1915 70 31 mils
778 1915 147 41 forsling,
956 1915 109 32 kunde
1094 1915 157 43 betingas.

324 1965 169 32 Utskottet
534 1966 172 31 föranlåtes
748 1967 47 30 till
837 1978 37 19 en
920 1968 109 41 början
1073 1968 115 37 erinra,
1225 1968 155 32 hurusom
1411 1969 253 31 motionärernas
1694 1970 98 31 fram-

198 2017 191 43 ställningar
417 2029 95 30 synas
542 2018 122 42 antyda
693 2030 37 20 en
761 2030 66 30 nog
856 2019 90 41 ringa
974 2019 239 43 uppskattning
1241 2020 32 31 af
1302 2020 286 43 församlingarnes
1617 2033 83 31 egna
1728 2022 64 30 för-

200 2069 165 42 foganden
394 2069 46 31 till
471 2070 163 31 vinnande
663 2071 33 30 af
723 2070 272 43 ändamålsenligt
1023 2071 168 31 ordnande
1221 2072 31 31 af
1279 2072 256 43 presterskapets
1563 2073 100 38 löner,
1693 2073 100 32 ehuru

199 2121 285 41 församlingarnes
525 2121 195 32 medverkan
751 2122 108 31 dertill
887 2128 35 25 är
949 2123 10 30 i
991 2123 93 31 1862
1115 2125 50 28 års
1194 2124 191 42 förordning
1414 2125 151 30 förutsatt
1592 2125 59 31 och
1679 2125 113 42 påkal-

198 2172 64 31 lad.
321 2172 146 32 Sålunda
495 2172 131 43 stadgas
655 2180 54 31 att,
740 2173 41 32 då
808 2174 253 43 presterskapets
1090 2174 89 32 löner
1207 2176 9 30 i
1246 2187 38 20 en
1313 2176 192 42 församling
1533 2176 91 32 skola
1644 2176 148 43 regleras,

199 2224 230 42 församlingen
473 2225 80 31 först
595 2236 75 31 eger
697 2228 17 28 å
742 2225 244 42 kyrkostämma
1022 2226 73 42 sjelf
1122 2227 116 31 föreslå
1266 2227 89 31 såväl
1384 2227 313 45 aflöningsbeloppet
1724 2240 69 20 som

251 2293 74 30 Bih.
356 2293 47 30 till
433 2293 110 31 Riksd.
573 2293 89 32 Prot.
696 2292 95 33 1867.
828 2297 18 27 &
879 2294 95 32 Saml.
1006 2295 20 30 2
1055 2296 78 42 Afd.
1165 2296 21 30 2
1214 2296 106 31 Band.
1350 2297 19 29 8
1397 2296 92 44 Häöjft.
1723 2299 17 29 1
