2178 2693
422 171 18 30 8
618 172 105 30 Andra
744 172 195 30 Kammarens
964 172 167 39 Tillfälliga
1160 173 123 30 Utskotts
1306 173 75 36 (N:o
1406 175 34 34 3)
1469 174 150 30 Utlåtande
1641 175 59 31 N:o
1722 176 50 29 25.

379 250 43 37 af
459 250 107 49 dylik
606 250 200 49 vagnslast
846 253 60 34 må
946 250 41 37 af
1011 249 150 39 frakten
1191 256 73 43 äga
1292 251 300 39 restitutionsvis
1621 252 285 38 återbekomma
1934 267 47 24 en

378 303 121 36 krona
525 302 60 36 för
611 301 133 49 hvarje
772 301 257 50 begynnande
1059 302 188 38 femtiotal
1271 303 214 50 kilometer,
1506 317 82 24 som
1608 317 153 35 vagnen
1781 305 86 37 med
1886 305 92 37 fulla

378 354 123 37 lasten
529 353 266 50 tillryggalagt
823 357 20 33 å
871 353 279 38 statsbanorna.

512 405 53 37 På
591 405 125 48 grund
743 405 114 37 häraf
881 409 113 45 utgår
1021 405 150 37 frakten
1199 406 60 37 för
1285 406 90 37 kalk
1403 408 59 36 för
1484 407 107 49 jord-
1611 406 72 38 och
1699 407 280 49 bergsbrukets

377 456 121 38 behof
536 456 63 37 vid
640 462 197 44 transport
877 459 20 35 å
939 462 145 32 statens
1107 458 209 48 järnvägar
1342 458 13 36 i
1383 458 193 49 sändning
1604 472 60 23 om
1693 459 116 37 minst
1840 460 44 35 10
1911 464 67 32 ton

375 522 71 36 per
474 522 102 36 vagn
604 511 49 47 på
682 513 75 32 sätt
784 508 157 49 bilagda
968 508 118 38 tabell
1114 509 175 48 angifver
1312 508 57 38 för
1392 510 81 37 däri
1496 510 189 51 uppförda
1708 510 164 46 afstånd,
1897 511 83 37 där-

377 560 64 37 vid
482 559 59 37 för
576 559 243 51 jämförelses
861 560 100 37 skull
1003 560 183 49 angifvits
1229 560 47 38 de
1304 561 257 50 fraktbelopp,
1590 575 80 24 som
1699 561 192 38 debiteras
1919 562 61 38 för

374 617 197 45 transport
612 612 42 36 af
687 625 146 24 samma
872 611 189 38 kvantitet
1099 612 91 37 kalk
1228 614 21 35 å
1288 614 269 37 motsvarande
1594 613 149 38 afstånd
1771 614 65 37 vid
1864 618 113 34 stats-

374 664 171 38 banorna
572 664 13 38 i
611 663 208 49 Danmark,
847 663 192 39 Preugsen
1068 664 73 38 och
1167 664 173 39 Finland.

508 716 210 34 Frakterna
759 715 58 35 för
856 716 91 34 kalk
976 720 20 31 å
1024 717 45 34 de
1098 717 149 34 danska
1276 718 269 35 statsbanorna
1573 722 64 31 äro
1665 718 12 34 i
1706 717 125 36 denna
1859 718 116 35 tabell

374 764 157 50 angifna
571 764 88 38 med
698 767 118 46 något
854 764 105 50 lägre
1001 764 153 51 belopp,
1197 770 48 33 än
1273 779 83 24 som
1384 766 254 38 framkomma
1665 766 65 37 vid
1757 766 219 50 beräkning

374 816 98 38 efter
500 817 47 37 de
574 817 13 36 i
610 817 241 37 motionerna
877 817 72 36 n:is
978 819 44 34 91
1054 818 72 36 och
1155 820 70 34 171
1255 818 159 49 angifna
1440 819 181 48 grunder,
1649 818 194 38 beroende
1869 819 106 37 detta

374 868 129 49 därpå,
532 873 55 32 att
620 867 5 37 i
653 868 241 37 motionerna
921 868 195 37 frakterna
1144 874 65 32 äro
1239 870 159 48 angifna
1426 870 142 37 sådana
1595 870 47 36 de
1671 873 93 45 utgå
1790 870 63 36 vid
1881 870 92 37 last-

372 919 94 47 ning
507 919 41 37 af
583 919 117 37 minst
740 921 108 39 8,000
880 920 64 47 kg.
974 933 71 36 per
1073 925 79 31 stor
1178 934 101 35 vagn
1308 921 72 37 och
1409 922 109 47 5,000
1547 921 65 48 kg.
1640 934 69 36 per
1736 921 93 37 liten
1857 934 114 35 vagn,

373 971 137 36 medan
548 970 65 37 vid
639 970 173 50 lastnivg
840 970 41 37 af
904 971 116 36 minst
1050 973 132 46 10,000
1211 973 63 47 kg.
1302 986 70 35 per
1398 986 102 34 vagn
1529 972 93 38 eller
1650 972 198 48 betalning
1876 973 96 36 efter

373 1022 125 37 denna
524 1021 83 37 vikt
634 1035 68 35 per
729 1035 103 36 vagn
859 1022 147 37 lämnas
1037 1024 45 35 10
1109 1030 161 42 procent
1296 1024 125 37 rabatt
1448 1024 11 36 i
1488 1023 74 37 den
1590 1026 48 46 på
1665 1023 127 48 grund
1811 1023 43 37 af
1868 1037 100 35 resp.

370 1073 105 37 tariff
497 1074 313 48 uppkommande
839 1073 200 46 fraktsats;
1068 1074 167 38 varande
1264 1075 126 37 denna
1418 1088 135 24 senare
1582 1075 213 48 beräkning
1819 1075 151 37 använd

369 1125 12 36 i
408 1124 251 37 förenämnda
685 1124 126 37 tabell.

501 1176 84 36 Den
625 1177 216 35 restitution
881 1175 40 38 af
957 1174 46 49 ”/;
1048 1176 41 37 af
1119 1176 394 48 järnvägsfrakterna,
1552 1190 82 23 som
1676 1176 122 49 enligt
1828 1177 142 37 hvad
1946 1170 27 59 i

372 1227 237 37 motionerna
651 1226 197 50 upplyses,
891 1226 336 48 tillgodokommer
1264 1227 287 37 vederbörande
1578 1228 224 36 förbrukare
1830 1229 11 35 i
1869 1228 101 36 Dan-

369 1278 120 46 mark,
527 1277 190 38 utbetalas
757 1291 140 34 genom
930 1277 345 38 >»Hedeselskabety
1304 1278 41 36 af
1369 1278 181 37 särskildt
1576 1278 59 37 för
1663 1279 104 36 detta
1794 1279 175 36 ändamål

370 1329 41 37 af
432 1329 227 48 Riksdagen
690 1328 57 37 till
774 1328 287 38 vederbörande
1089 1329 193 37 ministers
1311 1329 226 50 disposition
1566 1329 138 38 ställda
1731 1330 136 48 medel,
1896 1330 71 36 och

369 1380 69 37 har
461 1380 475 50 järnvägsförvaltningen
964 1381 34 49 ej
1026 1383 117 45 något
1171 1386 55 32 att
1253 1381 156 36 därmed
1435 1380 173 38 beställa.

499 1431 53 37 Af
587 1431 156 48 bilagda
778 1431 222 48 jämförelse
1042 1432 139 36 mellan
1220 1432 47 37 de
1309 1432 13 37 i
1362 1435 90 34 våra
1489 1431 259 50 grannländer
1774 1431 193 49 utgående

367 1482 309 50 fraktafgifterna
704 1483 60 37 för
791 1483 90 37 kalk
908 1482 180 48 framgår,
1117 1488 55 32 att
1195 1483 115 37 dessa
1329 1488 65 32 äro
1411 1484 107 48 lägre
1538 1484 11 36 i
1570 1483 161 49 Sverige
1751 1488 48 32 än
1817 1484 13 35 1
1850 1486 118 46 något

368 1534 42 36 af
447 1534 47 37 de
536 1534 120 37 andra
693 1533 197 48 länderna,
919 1534 73 37 och
1018 1534 101 37 visar
1147 1535 65 36 det
1239 1535 63 48 sig
1328 1540 67 43 att,
1423 1549 46 35 pr
1495 1535 270 37 tonkilometer
1791 1534 174 47 räknadt,

366 1585 220 36 inkomster
626 1590 125 43 utgör,
780 1585 47 37 då
853 1590 246 44 transporlen
1127 1590 92 43 äger
1245 1599 83 23 rum
1357 1586 137 36 endast
1522 1590 20 32 å
1570 1592 148 30 statens
1742 1586 223 48 järnvägar:

367 1635 65 37 vid
475 1637 70 36 100
576 1636 76 37 km.
682 1638 21 35 2
733 1641 77 43 öre,
839 1635 65 38 vid
928 1638 71 36 200
1028 1636 74 37 km.
1134 1638 50 46 1,5
1212 1641 77 39 öre,
1318 1636 64 38 vid
1410 1638 72 36 300
1511 1637 75 37 km.
1618 1639 50 42 1.3
1695 1641 76 43 öre,
1799 1636 65 37 vid
1892 1637 73 37 400

365 1686 77 37 km.
474 1689 50 45 1,2
551 1692 77 41 öre,
656 1687 64 37 vid
749 1689 71 35 500
848 1687 75 37 km.
956 1689 48 45 1,1
1033 1691 76 42 öre,
1137 1687 65 37 vid
1231 1689 70 36 600
1329 1688 76 37 km.
1437 1690 67 46 1,08
1532 1693 77 41 öre,
1628 1687 65 37 vid
1715 1689 71 36 700
1802 1688 75 36 km.
1898 1690 68 45 1,04

366 1742 76 43 öre,
470 1739 65 36 vid
564 1740 72 35 800
664 1738 76 36 km.
771 1741 68 45 1,02
866 1743 75 42 öre,
972 1738 63 36 vid
1065 1740 71 34 900
1164 1739 76 36 km.
1272 1741 17 34 1
1320 1744 66 31 öre
1415 1739 72 36 och
1514 1739 64 36 vid
1601 1740 108 45 1,000
1726 1739 75 36 km.
1819 1740 53 45 0,9
1887 1744 75 30 öre.

367 1789 98 36 Sker
504 1795 246 43 transporten
790 1790 13 35 1
844 1789 194 37 samtrafik
1080 1789 86 37 med
1209 1789 152 37 enskild
1397 1790 180 47 järnväg,
1606 1789 146 37 hvilket
1780 1789 119 37 oftast
1926 1795 41 31 är

365 1840 118 48 fallet,
525 1840 170 37 minskas
736 1840 127 36 denna
903 1840 169 37 inkomst
1098 1840 13 36 i
1138 1840 94 49 följd
1260 1840 40 37 af
1323 1841 222 48 grunderna
1572 1839 58 38 för
1657 1840 311 50 transportafgif-

364 1896 129 32 ternas
521 1891 161 48 delning
709 1891 87 36 med
827 1893 45 35 10
900 1893 22 35 å
950 1893 46 35 25
1024 1896 172 44 procent.

500 1942 83 36 Den
612 1942 59 36 del
702 1942 40 36 af
765 1941 365 47 driftkostnaderna,
1159 1955 83 24 som
1271 1947 41 32 är
1340 1947 54 31 att
1423 1955 92 24 anse
1536 1945 125 34 såsom
1681 1942 150 47 verklig
1849 1941 118 48 utgift

365 1992 60 38 för
451 1993 161 48 godsets
640 1992 269 47 framförande,
938 1993 72 37 och
1039 1993 153 36 hvartill
1220 1998 65 32 äro
1314 1998 55 32 att
1395 1992 159 38 hänföra
1582 1992 159 49 slitning
1764 1993 41 36 af
1821 1993 146 36 banans

365 2044 305 49 öfverbyggnad,
693 2044 261 37 kostnaderna
980 2044 57 37 för
1064 2047 83 46 tåg-
1176 2044 71 37 och
1275 2044 329 49 lokomotivtjänst
1631 2050 98 31 samt
1755 2049 213 44 transport-

363 2095 173 37 medlens
563 2095 201 37 underhåll
793 2096 72 36 och
894 2095 212 48 förnyelse,
1135 2096 239 36 beräknades
1402 2095 11 36 i
1443 2095 65 37 det
1536 2095 75 37 den
1643 2097 17 34 1
1692 2095 161 37 oktober
1872 2097 95 34 1888

364 2146 42 37 af
428 2146 210 37 kommitén
666 2146 59 37 för
751 2146 168 37 revision
947 2147 41 37 af
1012 2152 146 32 statens
1180 2147 232 48 järnvägars
1439 2152 88 31 taxa
1555 2146 145 49 afgifna
1724 2146 243 37 betänkande

362 2198 60 36 för
450 2199 95 35 1885
573 2201 132 46 uppgå
732 2197 58 36 till
819 2200 51 45 1,3
897 2202 64 32 öre
989 2211 70 36 per
1085 2198 392 48 nettotonkilometer,
1506 2211 89 23 men
1623 2197 68 37 har
1710 2197 122 37 under
1851 2197 47 37 de
1915 2199 52 44 år,

364 2262 81 23 som
475 2249 119 36 sedan
623 2249 88 36 dess
740 2249 171 47 förflutit,
941 2249 10 36 i
976 2249 95 48 följd
1096 2249 41 37 af
1159 2254 54 32 att
1236 2249 161 37 trafiken
1422 2249 109 37 ökats
1555 2249 11 36 i
1587 2253 121 33 större
1728 2248 240 50 proportion,
