2202 2632
642 131 381 37 Konatitutionautskotteta
1048 140 159 32 utlåtande
1234 142 50 31 Nr
1312 146 42 30 IN.
1740 148 16 32 i

191 215 66 36 och
293 218 102 42 1901,
426 220 66 35 och
521 227 51 29 att
602 222 100 36 detta
732 224 42 34 fr.
805 237 30 22 oc
870 239 42 22 m.
949 229 89 33 1907
1071 230 64 34 kan
1167 244 103 23 anses
1299 246 76 23 som
1407 237 108 46 regel.
1559 237 79 37 Men
1669 239 61 36 det
1759 247 40 28 är

191 265 66 35 lätt
295 274 54 28 att
390 270 109 36 räkna
531 277 39 30 ut
598 278 53 29 att
679 273 69 36 den
780 275 144 50 dagliga
956 279 84 43 tian,
1071 293 58 22 om
1160 281 69 37 hon
1262 284 87 35 skall
1381 290 102 43 tagas
1513 288 9 34 i
1552 290 157 47 anspråk
1739 290 57 36 för

189 317 145 35 vistelse
377 320 6 32 i
426 319 210 39 Stockhohn
680 325 52 34 till
782 328 10 31 1
828 327 83 45 juni
941 328 33 35 d.
1004 343 30 20 v.
1066 343 25 22 s.
1128 334 39 31 16
1197 332 114 47 dagar
1340 336 125 47 längre
1494 344 43 29 än
1570 339 186 43 bertknat,
1788 342 6 33 i

190 367 245 49 verkligheten
481 372 171 49 krymper
693 387 162 24 samman
901 379 51 34 till
990 383 18 31 9
1040 381 50 34 kr.
1148 382 89 36 Värt
1267 387 210 35 nuvarande
1507 391 287 46 penningvärde,

189 417 184 49 tillämpat
415 428 41 39 på
505 425 91 33 1866
639 427 56 32 års
738 439 116 26 norm,
885 428 103 35 torde
1019 432 176 45 praktiskt
1224 439 99 42 taget
1352 436 40 34 ha
1425 438 108 35 sänkt
1561 441 149 35 arvodet
1739 443 53 33 till

187 468 172 49 omkring
387 473 18 32 5
437 472 68 38 kr.;
537 473 119 36 härtill
688 476 165 36 kommer
881 491 49 22 nu
952 479 119 36 denna
1089 484 215 47 ytterligare
1324 487 185 47 sänkning
1526 501 133 34 genom
1683 504 112 35 uppe-

189 518 130 35 hållets
361 519 249 51 förlängning,
641 528 34 32 så
707 531 53 29 att
788 527 69 35 den
887 530 151 34 svenska
1065 532 327 46 riksdagsmannen
1425 550 48 22 nu
1503 539 10 33 i
1542 541 249 47 verkligheten

188 569 66 35 kan
285 577 103 40 sägas
422 571 45 35 ha
495 573 87 35 kvar
609 575 127 35 endast
765 578 169 48 omkring
962 580 84 39 4,40
1073 582 51 34 kr.
1154 596 44 21 av
1228 583 60 36 det
1317 585 315 48 dagtraktamente
1661 595 42 43 på
1737 593 56 43 10,

185 631 76 23 som
291 621 230 49 grundlagen
552 624 186 37 tillerkänt
768 627 132 35 honom
930 648 48 5 —
1006 632 66 34 och
1102 632 98 36 detta
1231 635 7 33 i
1271 648 41 22 en
1343 636 51 35 tid
1424 651 44 22 av
1491 639 114 36 ökade
1625 642 167 35 levnads-

188 669 115 35 behov
329 671 68 46 och
429 678 115 30 större
574 675 84 35 krav
689 687 43 36 på
760 682 52 30 ett
841 679 146 47 värdigt
1015 682 223 37 levnadssätt
1266 692 45 29 än
1340 687 177 38 tillförne.

323 720 102 37 Aven
466 724 56 42 de,
565 738 77 23 som
684 739 86 24 anse
810 730 151 36 arvodet
989 731 79 36 från
1101 734 123 47 början
1256 749 75 35 nog
1358 738 89 49 högt
1476 741 170 48 tilltaget,
1678 747 114 33 måste

184 776 85 40 säga
309 772 56 47 sig
404 779 53 29 att
498 775 117 36 denna
660 778 211 48 utveckling
910 784 79 44 gått
1031 783 55 35 för
1127 785 101 48 långt
1259 788 67 34 och
1358 789 65 35 bör
1450 790 149 37 skruvas
1626 793 163 37 tillbaka.

187 819 94 37 Utan
311 824 109 34 tvivel
448 831 39 28 är
518 826 108 35 redan
657 827 122 37 denna
806 830 233 37 ekonomiska
1072 834 193 49 bevisning
1292 839 8 32 i
1331 839 66 35 och
1426 839 58 37 för
1511 843 56 46 sig
1591 843 199 37 bindande.

182 870 79 36 Den
304 873 112 36 borde
458 876 102 35 räcka
605 882 52 30 att
698 885 174 43 övertyga
913 882 93 43 dem,
1045 896 76 23 som
1151 886 79 35 icke
1258 894 62 29 äro
1349 890 67 34 lika
1449 892 166 48 känsliga
1644 893 58 36 för
1729 895 61 35 det

182 922 173 46 politiska
382 932 206 40 argument,
617 929 121 35 vartill
762 930 67 47 jag
856 944 50 22 nu
933 930 162 56 övergår.

315 973 109 37 Detta
463 984 207 40 argument,
712 980 112 36 redan
865 988 124 43 antytt
1020 997 91 23 ovan
1141 993 20 28 å
1188 1000 27 22 s.
1246 985 53 47 51,
1329 991 181 49 anknyter
1538 993 55 36 till
1622 995 70 35 den
1721 997 68 35 all-

181 1028 134 31 männa
343 1031 209 32 rösträttens
581 1028 189 48 införande
797 1032 11 34 i
837 1035 78 33 vårt
944 1039 290 43 representativa
1261 1039 100 37 skick
1389 1042 67 35 och
1476 1043 125 36 ställer
1621 1046 167 37 arvodets

178 1073 158 48 höjande
376 1077 11 33 i
429 1079 265 50 sammanhang
734 1081 151 38 därmed
926 1097 77 23 som
1045 1092 53 30 ett
1134 1090 182 45 praktiskt
1343 1092 248 38 korollarium.
1646 1096 141 38 ”Tanke-

178 1127 146 46 gången
352 1133 40 28 är
419 1127 82 45 den,
530 1135 53 30 att
612 1130 61 36 det
702 1133 159 48 lagligen
892 1136 168 47 öppnade
1088 1139 182 37 tillträdet
1298 1142 55 35 till
1381 1143 197 49 riksdagen
1609 1153 88 30 utan
1726 1161 59 23 av-

176 1176 133 35 seende
336 1184 21 28 å
383 1177 162 38 inkomst
573 1181 11 33 i
611 1183 249 48 verkligheten
891 1186 72 35 blir
990 1188 204 37 illusoriskt
1222 1190 58 37 för
1307 1205 44 23 en
1378 1194 74 48 god
1480 1195 58 36 dål
1566 1209 43 23 av
1633 1198 152 49 kropps-

176 1226 210 37 arbetarnas
415 1229 106 44 klass,
551 1232 114 36 vilkas
694 1233 94 36 enda
815 1236 163 36 inkomst
1006 1245 39 28 är
1063 1238 103 38 deras
1185 1241 159 37 händers
1363 1243 147 50 dagliga
1529 1247 135 37 arbete.
1710 1249 77 36 Här

175 1277 154 35 innebär
356 1278 61 36 det
445 1280 171 47 politiska
644 1284 209 49 uppdraget
880 1291 52 31 ett
960 1287 102 46 offer,
1092 1303 77 23 som
1190 1292 71 36 kan
1281 1293 155 37 omfatta
1455 1296 80 36 hela
1554 1297 70 36 den
1645 1301 137 46 privata

177 1327 234 49 ställningen.
466 1330 77 36 Här
584 1331 106 38 faller
716 1335 107 36 alltså
850 1339 261 46 tyngpunkten
1138 1353 78 24 som
1244 1343 120 49 aldrig
1390 1344 77 37 förr
1494 1350 47 45 på
1567 1348 70 36 den
1666 1350 79 36 sida
1772 1353 12 32 i

175 1378 169 36 arvodets
387 1381 157 48 uppgift,
588 1396 77 23 som
707 1385 448 42 konstitutionsutskottet
1198 1395 94 34 1869
1336 1398 186 46 uttryckte
1563 1402 48 41 så,
1641 1406 54 30 att
1722 1401 62 36 det

174 1427 114 37 borde
333 1429 132 37 >bereda
494 1435 120 45 någon
643 1438 208 46 ersättning
877 1437 57 36 för
962 1439 43 36 de
1033 1442 235 47 olägenheter
1295 1458 44 23 av
1367 1447 216 38 ekonomisk
1610 1456 65 39 art,
1705 1465 77 23 som

174 1477 172 38 frånvaro
388 1480 81 37 från
511 1483 158 37 hemvist
709 1487 66 35 och
817 1488 88 47 yrke
945 1496 94 30 samt
1067 1492 185 38 bristande
1280 1497 125 48 tillsyn
1434 1501 19 33 å
1481 1500 166 36 enskilda
1672 1515 110 36 ange-

176 1530 208 47 lägenheter
411 1535 114 34 måste
553 1533 214 39 förorsaka».
811 1539 64 35 Ser
903 1553 82 23 man
1014 1555 50 22 nu
1085 1551 167 29 närmare
1272 1546 103 45 efter,
1396 1552 39 32 så
1454 1549 91 36 skall
1565 1565 85 23 man
1670 1553 110 45 finna,

172 1585 52 31 att
252 1582 228 48 svårigheten
510 1587 181 46 praktiskt
718 1589 117 47 gäller
862 1591 147 37 alldeles
1037 1594 147 37 särskilt
1213 1596 43 36 de
1282 1599 97 47 gifta
1407 1600 204 46 arbetarna,
1632 1616 76 23 som
1729 1618 51 22 nu

171 1632 101 34 skola
312 1633 83 35 med
436 1635 318 49 riksdagsarvodet
791 1640 212 38 underhålla
1031 1645 78 35 icke
1141 1646 92 36 blott
1261 1649 79 35 sina
1368 1662 93 35 egna
1488 1664 174 35 personer
1691 1661 87 30 utan

170 1688 90 29 även
301 1683 131 37 hustru
460 1686 66 35 och
556 1687 100 36 barn.
713 1689 79 36 Den
822 1692 180 37 allmänna
1032 1701 198 32 rösträtten
1261 1699 63 35 har
1351 1701 140 37 således
1520 1703 158 37 medfört
1706 1705 71 37 den

170 1735 301 45 eventualiteten,
514 1742 53 30 att
607 1742 46 45 på
693 1741 149 35 arvodet
875 1743 70 36 kan
974 1746 123 35 ställas
1126 1747 125 37 kravet
1278 1755 53 30 att
1359 1753 108 35 räcka
1494 1754 58 35 till
1583 1752 195 56 uppehälle

167 1783 80 36 icke
275 1784 95 37 blott
397 1789 36 32 åt
461 1786 272 50 familjefadern
762 1793 11 32 i
803 1792 254 39 huvudstaden
1080 1803 87 30 utan
1187 1805 90 30 även
1298 1804 36 32 åt
1353 1801 167 49 familjen
1540 1806 12 33 i
1572 1805 203 38 hemorten.

167 1833 70 37 Det
265 1847 107 37 synes
400 1837 99 48 ligga
526 1840 11 33 i
566 1846 119 42 öppen
715 1842 81 48 dag,
826 1848 53 31 att
907 1844 60 36 det
996 1847 83 35 med
1108 1851 226 36 närvarande
1363 1852 133 50 belopp
1524 1856 80 35 icke
1632 1858 143 36 mäktar

166 1885 198 47 tillgodose
405 1888 136 37 sådana
581 1893 168 46 anspråk.
805 1893 81 37 Men
917 1895 99 37 detta
1046 1898 153 50 betyder
1227 1902 375 51 praktiskt-politiskt,
1632 1913 54 31 att
1713 1908 62 37 det

166 1937 226 36 närvarande
433 1940 205 37 tillståndet
677 1945 199 46 premierar
916 1947 42 35 de
998 1950 111 48 ogifta
1151 1952 195 37 arbetarna
1387 1953 157 39 framför
1571 1957 43 37 de
1641 1958 95 49 gifta
1764 1961 12 33 i

166 1986 275 39 konkurrensen
483 2003 58 23 om
583 1993 365 50 riksdagsplatserna:
991 2004 53 31 ett
1085 2000 237 47 förhållande,
1366 2018 75 23 som
1484 2007 211 38 allraminst
1733 2024 43 21 ur

165 2036 306 51 högersynpunkt
500 2042 69 36 kan
598 2056 103 24 anses
730 2045 351 41 tillfredsställande.

302 2089 66 36 Det
396 2091 66 35 bör
490 2093 139 37 således
660 2096 77 34 icke
767 2095 162 48 förvåna,
959 2105 52 31 att
1040 2101 123 37 kravet
1193 2117 43 34 på
1261 2106 339 52 arvodesreglering
1619 2124 153 24 numera

300 2197 9 17 !
334 2200 88 29 Avser
445 2202 61 28 sida
529 2203 9 26 i
563 2203 155 29 utskottets
741 2206 156 29 utlåtande.
