1890 2852
510 157 410 40 Konstitutionsutskottets
948 167 169 33 utlåtande
1141 169 52 32 Nr
1217 174 28 27 5.
1607 179 13 29 1

819 475 60 39 Nr
906 477 34 39 5.

637 582 108 23 Ankom
769 583 44 24 till
832 584 163 31 riksdagens
1017 587 90 24 kansli
1128 589 53 24 den
1205 591 15 22 6
1244 598 72 17 mars
1338 592 67 26 1925
1428 595 37 24 kl.
1487 596 31 23 12
1538 605 22 16 e.
1581 605 35 16 m.

339 665 440 42 HKonstitutionsutskottets
807 673 188 37 utlåtande
1022 676 15 35 i
1063 677 193 50 anledning
1285 693 44 23 av
1357 683 103 36 väckt
1486 685 130 36 motion

445 733 54 23 om
538 723 248 50 avskaffande
824 739 44 23 av
906 729 68 35 den
1014 730 155 49 ärftliga
1208 732 307 51 konungamakten
1553 740 61 35 och

450 775 197 48 införande
676 790 45 23 av
749 780 173 47 republik.

166 873 16 32 I
206 885 43 21 en
272 875 94 33 inom
391 878 106 32 andra
520 879 200 34 kammaren
745 884 100 32 väckt
869 886 138 39 motion,
1033 898 41 21 nr
1094 889 29 39 5,
1142 889 62 32 har
1220 890 78 33 herr
1319 893 186 44 Spångberg
1521 907 39 22 m.
1571 899 39 39 f.

120 926 182 42 hemställt,
343 934 66 28 »att
444 931 182 44 riksdagen
660 937 105 31 måtte
790 937 131 33 besluta
944 940 108 32 uttala
1075 941 52 42 sig
1149 943 55 32 för
1227 945 226 36 avskaffande
1478 959 43 23 av
1546 950 66 33 den

120 980 137 43 ärftliga
292 982 255 43 kungamakten
582 987 63 32 och
680 988 180 34 införande
889 1002 43 22 av
956 994 157 41 republik
1137 1001 88 28 samt
1249 998 61 33 hos
1334 1002 200 43 regeringen
1558 1004 52 32 be-

119 1038 82 37 gära
234 1035 129 43 förslag
386 1037 50 32 till
461 1038 40 32 de
526 1040 184 43 ändringar
734 1042 10 31 i
768 1044 221 43 grundlagen,
1016 1059 73 21 som
1114 1051 43 40 på
1180 1052 113 41 grund
1317 1064 42 22 av
1383 1055 92 33 detta
1499 1057 111 33 beslut

119 1088 201 34 erfordras».

162 1140 220 36 Beträffande
407 1146 247 44 motiveringen
678 1150 53 32 får
755 1152 162 34 utskottet
940 1154 143 34 hänvisa
1106 1157 51 32 till
1180 1155 182 51 motionen.

159 1354 171 36 Utskottet
364 1359 102 42 hyser
501 1361 67 33 den
603 1365 275 43 uppfattningen,
904 1373 49 28 att
977 1370 72 32 skäl
1073 1372 123 33 saknas
1220 1378 49 28 att
1292 1374 51 33 till
1367 1373 237 51 övervägande

112 1413 152 39 upptaga
298 1412 122 42 frågan
455 1425 56 21 om
536 1426 42 21 en
601 1417 203 45 förändring
827 1431 43 22 av
893 1423 213 34 statsskicket
1130 1426 63 32 och
1216 1428 54 31 får
1294 1428 97 34 alltså
1413 1426 189 53 hemställa,

476 1517 48 28 att
557 1515 225 34 förevarande
815 1519 130 33 motion
968 1520 73 34 icke
1065 1525 104 32 måtte
1193 1525 51 32 till
1267 1528 113 41 någon
1404 1529 197 44 riksdagens

427 1568 118 41 åtgärd
567 1570 186 33 föranleda.

154 1660 196 35 Stockholm
374 1664 67 33 den
465 1665 20 32 5
508 1677 91 23 mars
625 1669 93 32 1925.

522 1764 48 33 På
593 1766 423 39 konstitutionsutskottets
1040 1779 138 38 vägnar:

684 1858 44 32 K.
754 1870 69 22 von
846 1861 170 34 GEIJER.

135 2181 187 28 Närvarande:
344 2185 100 26 Herrar
462 2192 51 18 von
535 2185 101 34 Geijer,
657 2188 149 34 Sävström,
826 2190 181 36 Strömberg”,
1027 2194 139 35 Hellberg,
1187 2196 196 37 Reuterskiöld,
1398 2200 94 28 David
1509 2202 83 35 Berg-

99 2223 94 33 ström,
224 2224 32 28 G.
292 2225 41 29 W.
354 2227 139 35 Hansson,
511 2230 110 33 August
641 2232 166 35 Ljunggren,
827 2235 113 34 Larsén,
959 2237 64 27 Nils
1041 2240 92 26 Anton
1152 2241 137 34 Nilsson,”
1314 2244 102 35 Vrang,
1437 2246 153 34 Gustafson

99 2271 9 23 i
128 2271 172 33 Kasenberg,
318 2271 170 37 Bäckström,
507 2274 36 28 K.
563 2276 33 28 A.
624 2277 147 36 Westman,
792 2280 128 34 Hallén,"
939 2282 156 29 Andersson
1114 2288 10 25 i
1143 2290 143 31 Igelboda,
1310 2289 149 34 Björkman
1478 2295 9 24 i
1509 2296 81 25 Norr-

98 2316 116 32 köping,
226 2314 135 28 Karlsson
379 2321 10 23 i
409 2322 150 31 Vadstena,
579 2321 140 35 Sjöström,
739 2324 141 35 Almquist
897 2330 9 24 i
927 2325 148 44 Göteborg.

143 2397 13 14 +
177 2398 33 30 Ej
231 2400 172 25 närvarande
424 2403 47 24 vid
492 2404 174 27 utlåtandets
684 2408 149 32 justering.

140 2547 135 43 Bihang
305 2550 51 32 till
379 2552 191 42 riksdagens
588 2558 161 38 protokoll
774 2561 95 30 1925.
917 2565 22 28 5
961 2563 91 32 saml.
1100 2568 21 27 5
1145 2564 81 40 häft.
1275 2566 70 43 (Nr
1367 2572 47 34 5)
