2222 2622
430 192 124 30 Första
577 191 219 31 kammarens
819 189 123 34 andra
965 192 174 40 tillfälliga
1162 193 142 30 utskotts
1327 192 175 32 utlåtande
1525 193 51 30 Nr
1602 194 26 29 7.
1813 194 19 30 7

971 669 60 41 Nr
1056 671 37 42 4.

865 832 108 23 Ankom
992 831 46 24 till
1057 831 163 31 riksdagens
1239 832 92 24 kansli
1350 832 53 24 den
1423 830 34 26 14
1476 839 73 18 mars
1570 830 69 26 1916
1659 832 37 24 kl.
1717 829 16 26 2
1753 838 22 18 e.
1796 839 36 17 m.

447 972 129 36 Första
616 973 220 35 kammarens
879 974 132 34 andra
1053 972 181 46 tillfälliga
1274 975 144 34 utskotts
1459 974 180 35 utlåtande
1680 986 45 23 nr
1755 976 35 42 7,
1819 975 14 34 i

661 1044 189 44 anledning
892 1056 44 24 av
977 1045 100 35 väckt
1108 1046 128 35 motion
1273 1057 53 24 om
1360 1046 164 35 skrivelse
1556 1046 53 35 till
1634 1045 199 45 Konungen

661 1116 177 44 angående
866 1116 225 45 borttagande
1118 1117 81 35 eller
1226 1118 262 35 inskränkande
1512 1129 45 24 av
1576 1117 257 45 tullbevakning

660 1198 44 23 av
732 1187 370 45 tullrestitutionsgods.

341 1345 19 34 I
402 1357 46 23 en
489 1344 101 37 inom
631 1345 115 36 första
787 1346 216 36 kammaren
1045 1347 113 36 väckt
1199 1347 69 36 och
1301 1346 58 37 till
1387 1347 84 36 dess
1501 1348 116 35 andra
1645 1346 186 49 tillfälliga

233 1398 146 37 utskott
420 1398 183 37 hänvisad
646 1399 151 45 motion,
827 1412 45 23 nr
905 1402 60 42 91,
1010 1400 68 36 har
1118 1400 86 36 herr
1240 1401 165 36 Ekelund
1431 1401 201 44 hemställt,
1664 1404 53 33 att
1740 1401 91 36 riks-

234 1453 123 46 dagen
385 1452 13 35 i
426 1451 181 37 skrivelse
647 1452 58 36 till
746 1453 140 47 Kungl.
930 1453 109 49 Maj:t
1080 1456 114 34 måtte
1239 1454 159 45 anhålla,
1443 1455 64 35 det
1548 1455 140 46 Kungl.
1724 1454 109 49 Maj:t

234 1506 144 36 täcktes
407 1506 131 35 utreda
566 1506 13 35 i
607 1506 73 36 vad
710 1509 85 33 mån
823 1507 287 47 tullbevakning
1138 1520 46 24 av
1207 1507 399 48 tullrestitutionsgods
1626 1510 58 34 må
1704 1509 128 35 kunna

235 1559 189 47 borttagas
467 1559 90 36 eller
584 1559 237 45 inskränkas,
852 1565 96 32 samt
976 1560 152 48 vidtaga
1158 1562 45 35 de
1233 1562 182 47 åtgärder,
1447 1573 78 25 som
1554 1562 130 35 kunna
1711 1562 122 36 finnas

234 1613 188 47 lämpliga.

340 1667 20 34 I
388 1665 284 48 motiveringen,
702 1666 57 36 till
787 1666 129 37 vilken
944 1667 187 45 hänvisas,
1147 1668 213 36 framhålles
1379 1668 49 36 bl.
1444 1681 47 30 a.,
1509 1671 55 33 att
1582 1668 251 37 kostnaderna

234 1720 57 36 för
326 1721 122 34 denna
483 1719 216 48 bevakning
728 1722 20 33 å
776 1720 176 48 hamnkaj
984 1722 91 35 eller
1104 1724 20 32 å
1152 1721 135 48 fartyg,
1318 1734 77 23 som
1425 1722 95 35 efter
1548 1723 289 47 exportgodsets

234 1773 206 46 inlastning
481 1772 78 36 före
602 1772 57 36 sin
699 1775 147 45 avgång
893 1774 57 35 till
991 1775 171 35 utlandet
1202 1775 153 47 anlöper
1387 1787 124 23 annan
1540 1776 139 35 svensk
1707 1777 123 43 hamn,

234 1826 97 36 visat
366 1825 57 48 sig
459 1825 129 36 kunna
617 1829 125 44 uppgå
771 1826 58 36 till
858 1828 204 36 avsevärda
1090 1827 135 48 belopp
1255 1829 68 35 och
1366 1829 157 35 sålunda
1551 1828 191 37 förorsaka
1772 1842 60 23 ex-

236 1883 165 42 portörer
443 1882 98 33 stora
584 1879 252 48 olägenheter.
898 1881 81 36 Fall
1022 1881 159 45 anföras,
1227 1882 66 35 där
1333 1881 499 38 tullrestitutionsförmånen

235 1932 214 47 härigenom
484 1932 109 37 blivit
621 1933 152 36 alldeles
803 1934 200 45 illusorisk,
1031 1934 50 48 ja,
1113 1935 56 35 till
1198 1936 69 35 och
1296 1936 84 35 med
1409 1935 159 36 medfört
1595 1936 155 47 utgifter
1777 1937 56 35 för

235 1989 222 43 exportören
485 1989 132 33 utöver
644 1987 417 48 restitutionsbeloppet.

340 2091 192 36 Utskottet
561 2104 108 24 anser
698 2093 178 36 önskvärt
904 2094 68 35 och
1001 2093 142 48 nödigt,
1173 2095 57 35 för
1258 2097 40 33 så
1313 2094 70 36 vitt
1399 2096 72 34 den
1491 2095 199 46 medgivna
1710 2098 122 33 rätten

235 2144 56 36 till
324 2144 285 36 tullrestitution
637 2145 96 36 skall
762 2146 36 35 få
827 2148 123 45 någon
980 2147 227 35 allmännare
1235 2147 192 48 betydelse
1455 2148 57 35 för
1541 2150 87 34 våra
1657 2148 176 47 näringar

235 2198 69 36 och
347 2200 64 33 vår
454 2201 144 43 export,
630 2201 53 33 att
713 2199 165 36 ändrade
906 2199 280 36 bestämmelser
1214 2203 146 33 snarast
1390 2200 146 49 möjligt
1565 2203 58 33 må
1651 2202 179 45 utfärdas,

234 2252 159 35 ledande
423 2251 56 35 till
509 2252 203 36 avsevärda
742 2253 185 35 lättnader
955 2253 12 35 i
992 2253 278 37 vederbörande
1291 2257 215 44 exportörer
1526 2254 133 47 ålagda
1678 2255 155 47 utgifter

1887 1348 149 29 Motionen.

1893 2100 140 28 Utskottet.
