1894 2814
85 623 127 25 Utskottet.

262 138 18 29 8
721 146 273 34 Statsutskottets
1017 151 177 33 utlåtande
1215 164 38 20 nr
1286 158 27 29 3.

263 229 79 27 runt
370 228 47 29 tal
444 229 117 30 22000
588 230 138 32 kronor.
765 233 78 31 Med
869 235 135 36 hänsyn
1031 237 51 30 till
1109 239 178 30 beräknad
1316 241 192 38 belastning
1535 244 146 31 föreslår
1710 247 55 29 de-

262 279 335 33 partementschefen
639 281 169 37 därjämte
844 293 44 21 en
922 287 223 38 uppräkning
1173 290 78 30 med
1276 291 15 29 3
1310 292 63 29 000
1402 292 138 37 kronor,
1568 296 197 36 varigenom

262 330 120 32 posten
402 328 99 31 alltså
520 330 112 31 skulle
651 332 83 30 ökas
754 333 77 31 från
856 336 60 29 140
930 336 62 30 000
1015 338 131 30 kronor
1164 341 78 29 med
1262 341 40 29 25
1317 342 64 29 000
1403 343 127 30 kronor
1555 345 50 30 till
1628 347 60 29 165
1702 347 62 29 000

261 377 138 31 kronor.

304 428 75 30 Vad
404 429 106 37 angår
530 432 118 36 övriga
670 435 253 36 anslagsposter
947 437 64 31 har
1031 438 116 37 någon
1173 441 146 37 ändring
1341 443 76 30 icke
1439 448 128 27 ansetts
1591 445 172 37 påkallad.

305 478 104 31 Bifall
424 479 50 30 till
489 490 46 21 nu
550 483 232 31 omförmälda
800 486 297 41 ändringsförslag
1111 490 110 31 skulle
1236 492 158 31 medföra
1411 503 40 20 en
1469 495 130 36 ökning
1617 506 43 20 av
1677 497 86 30 före-

260 530 152 29 varande
433 532 117 35 anslag
570 533 80 30 med
674 535 60 29 735
748 536 63 29 000
833 536 129 30 kronor
983 538 49 30 till
1055 540 20 29 3
1090 541 63 29 755
1167 541 63 30 000
1253 543 139 30 kronor.

304 622 64 30 Det
393 632 42 21 av
461 624 81 30 1943
565 624 56 31 års
646 626 137 38 riksdag
806 628 131 32 fattade
961 631 145 32 beslutet
1128 635 146 29 rörande
1297 635 236 39 förstärkning
1556 649 42 20 av
1622 640 140 31 utrikes-

259 674 314 34 representationen
600 678 66 29 och
690 678 271 39 effektivisering
985 692 42 20 av
1051 684 493 37 upplysningsverksamheten
1569 690 10 29 i
1604 690 160 31 Amerika

260 733 43 20 m.
327 734 45 20 m.
395 724 152 38 innebar,
571 727 108 31 bland
700 733 114 32 annat,
837 731 72 31 dels
930 732 203 39 förändring
1155 745 41 20 av
1218 736 88 31 vissa
1327 737 251 38 befattningars
1600 741 163 31 karaktär

259 774 81 29 eller
359 774 173 38 lönegrad,
553 777 73 31 dels
646 780 246 35 upprättandet
912 791 41 21 av
972 786 45 27 ett
1037 786 95 29 antal
1153 795 67 27 nya
1239 786 244 38 befattningar,
1505 790 71 31 dels
1595 792 66 30 ock
1680 793 81 29 änd-

259 823 115 38 ringar
394 825 10 30 i
426 829 110 28 staten
557 828 57 30 för
636 830 187 38 ortstillägg
843 831 35 31 åt
900 834 63 29 den
987 833 245 37 diplomatiska
1252 839 65 29 och
1339 839 187 31 konsulära
1548 842 213 35 personalen.

259 875 48 30 De
327 885 42 21 av
390 877 143 31 beslutet
553 879 205 32 föranledda
777 882 233 37 ändringarna
1031 885 10 29 i
1061 886 286 37 avlöningsstater
1366 890 65 29 och
1453 891 307 36 personalförteck-

257 926 122 36 ningar
404 928 109 30 skulle
537 930 191 34 emellertid
750 932 155 37 vidtagas
929 935 85 30 först
1038 935 11 30 i
1072 937 171 31 samband
1267 940 79 29 med
1369 942 391 37 statsverkspropositio-

256 986 66 21 nen
344 977 51 29 till
418 979 82 29 1944
521 979 55 31 års
597 980 149 38 riksdag,
767 984 122 30 därvid
910 986 40 30 de
971 986 128 37 anslag,
1121 997 75 21 som
1215 989 163 31 berördes
1398 1000 42 21 av
1460 992 300 37 förändringarna,

256 1027 109 30 skulle
385 1028 100 37 höjas
504 1030 9 30 i
531 1031 151 36 enlighet
699 1034 78 30 med
795 1035 395 39 kostnadsökningarna.
1210 1039 14 30 I
1243 1041 340 32 överensstämmelse
1601 1044 144 31 härmed

256 1079 62 29 har
345 1079 123 37 Kungl.
495 1081 102 36 Maj:t
624 1092 47 21 nu
696 1084 131 30 anmält
852 1086 42 30 de
920 1095 41 21 av
987 1090 246 30 ovannämnda
1259 1089 271 39 riksdagsbeslut
1555 1094 204 31 föranledda

255 1129 243 38 ändringarna,
524 1132 95 31 vilka
642 1134 155 32 medföra
821 1144 43 22 en
889 1137 297 39 kostnadsökning
1210 1150 41 20 av
1277 1141 62 30 585
1354 1142 63 29 000
1442 1143 137 30 kronor.
1607 1144 50 31 De
1683 1146 76 30 med

255 1180 186 39 anledning
469 1183 107 30 härav
605 1184 161 37 vidtagna
794 1187 234 36 ändringarna
1056 1188 10 30 i
1096 1190 423 39 personalförteckningen
1548 1198 88 27 samt
1665 1195 9 29 i
1702 1205 55 20 av-

255 1231 245 37 löningsstaten
517 1234 91 30 hava
626 1234 75 30 icke
718 1236 79 37 givit
814 1238 165 30 utskottet
996 1239 187 38 anledning
1200 1241 49 30 till
1265 1242 149 30 erinran.

299 1282 121 31 Såsom
440 1293 43 21 av
503 1285 376 37 statsrådsprotokollet
899 1288 153 38 framgår
1073 1292 65 29 har
1162 1293 383 39 amerikautredningen
1566 1297 192 32 framhållit

253 1334 277 31 önskvärdheten
557 1345 43 21 av
626 1340 49 27 att
699 1347 41 20 en
765 1341 125 29 svensk
915 1341 226 39 beskickning
1165 1346 179 34 upprättas
1369 1346 11 29 i
1406 1346 162 32 Pretoria.
1595 1349 160 37 Departe-

253 1384 236 32 mentschefen
508 1386 64 30 har
592 1387 142 31 anslutit
752 1388 50 37 sig
821 1390 127 30 härtill.
971 1391 179 37 Utskottet,
1170 1403 74 21 som
1264 1396 115 30 finner
1398 1399 155 35 vägande
1573 1400 76 30 skäl
1670 1401 86 30 före-

252 1433 87 37 ligga
369 1436 55 29 för
452 1439 48 27 att
529 1437 154 37 Sveriges
712 1441 269 34 representation
1010 1443 10 29 i
1050 1442 186 37 Sydafrika
1265 1446 91 36 gives
1386 1448 221 36 diplomatisk
1637 1454 118 33 status,

251 1494 99 21 anser
371 1485 51 38 sig
441 1487 117 31 kunna
578 1488 170 37 tillstyrka
768 1491 399 40 departementschefens
1186 1495 128 38 förslag
1333 1500 58 33 att,
1413 1498 87 31 intill
1522 1500 76 31 dess
1618 1502 42 29 de
1678 1503 76 29 sak-

252 1535 153 37 kunniga
424 1537 95 31 blivit
537 1538 10 29 i
567 1538 135 32 tillfälle
721 1543 48 28 att
786 1540 193 39 framlägga
998 1547 45 27 ett
1060 1544 132 37 slutligt
1209 1548 160 35 yttrande
1387 1549 176 36 angående
1582 1552 172 36 organisa-

250 1586 116 30 tionen
382 1596 43 21 av
441 1587 59 31 vår
514 1590 269 35 representation
801 1592 9 29 i
827 1593 158 31 brittiska
1003 1595 206 37 dominions,
1227 1598 55 29 det
1299 1608 43 20 av
1358 1600 41 29 de
1413 1601 221 37 sakkunniga
1650 1603 103 30 fram-

249 1637 100 31 förda
365 1638 213 32 önskemålet
593 1640 45 37 på
651 1640 39 32 så
704 1642 66 30 sätt
785 1642 206 39 tillgodoses,
1008 1648 48 27 att
1073 1645 122 37 Kungl.
1214 1646 101 37 Maj:t
1328 1648 11 30 i
1355 1649 152 30 Pretoria
1523 1652 232 31 ackrediterar

249 1691 46 27 ett
315 1689 190 37 sändebud,
527 1700 75 21 som
622 1691 68 31 tills
710 1693 116 30 vidare
846 1693 57 32 får
922 1696 159 35 uppbära
1103 1699 280 34 generalkonsuls
1403 1700 265 33 löneförmåner.

293 1739 64 30 Det
375 1740 50 30 till
441 1742 215 31 sändebudet
674 1744 8 29 i
702 1744 88 31 Bern
807 1746 121 32 hittills
945 1747 169 37 utgående
1132 1752 221 37 ortstillägget
1371 1753 20 31 å
1411 1755 38 29 15
1463 1755 64 30 000
1544 1757 130 31 kronor
1691 1759 62 29 har

249 1790 185 31 beräknats
460 1793 109 30 under
593 1794 304 39 hänsynstagande
923 1797 48 31 till
995 1800 65 30 den
1085 1803 311 37 omständigheten,
1422 1809 49 27 att
1496 1810 138 33 postens
1659 1809 92 29 inne-

245 1839 128 31 havare
397 1841 89 30 hade
510 1844 161 38 uppdrag
695 1844 112 32 såsom
830 1848 152 36 ständigt
1009 1851 131 30 ombud
1166 1852 61 30 hos
1255 1853 227 33 Nationernas
1508 1856 153 32 förbund
1686 1859 63 29 och

244 1890 9 29 i
289 1889 107 31 sådan
430 1894 173 37 egenskap
627 1893 129 38 åtnjöte
782 1898 171 30 särskilda
976 1899 187 33 förmåner.
1201 1903 170 32 Utskottet
1396 1906 64 30 har
1484 1909 264 34 uppmärksam-

247 1945 80 31 mat,
347 1945 50 27 att
417 1942 121 38 Kungl.
560 1944 102 37 Maj:t
681 1946 43 37 på
743 1949 111 34 grund
873 1959 42 20 av
934 1953 48 27 att
1000 1952 100 30 dessa
1120 1953 174 31 förmåner
1313 1956 168 31 bortfallit
1500 1958 78 30 från
1599 1961 151 35 anslaget

247 1991 49 30 till
319 1996 97 27 extra
440 1994 139 36 utgifter
604 1995 56 30 för
686 1997 233 32 innevarande
945 2002 167 35 budgetår
1136 2003 113 31 såsom
1275 2005 148 38 tillfällig
1449 2008 237 39 förstärkning
1709 2019 40 21 av

243 2042 223 37 ortstillägget
485 2045 135 31 anvisat
640 2050 46 27 ett
704 2048 124 37 belopp
850 2059 42 23 av
915 2051 18 29 5
948 2051 62 30 000
1031 2052 139 32 kronor.
1192 2054 171 32 Utskottet
1384 2057 57 30 vill
1461 2057 77 31 icke
1557 2054 191 47 framställa

245 2092 112 37 någon
384 2094 137 33 erinran
547 2100 73 27 mot
646 2097 120 37 Kungl.
794 2099 119 37 Maj:ts
940 2102 137 37 förslag,
1105 2107 48 27 att
1179 2105 220 38 ortstillägget
1424 2108 49 30 till
1500 2110 213 30 sändebudet
1738 2111 10 29 i

244 2142 88 31 Bern
354 2144 11 29 i
389 2145 317 37 ortstilläggsstaten
731 2148 53 32 för
806 2152 99 29 nästa
927 2152 167 37 budgetår
1116 2155 164 36 uppföres
1303 2159 77 29 med
1405 2159 40 29 20
1459 2159 63 29 000
1545 2161 138 29 kronor.

288 2193 124 38 Kungl.
440 2195 99 37 Maj:t
564 2198 65 30 har
654 2199 55 30 för
732 2200 233 32 innevarande
989 2204 168 36 budgetår
1181 2206 120 30 anlitat
1326 2209 152 37 anslaget
1504 2209 50 31 till
1578 2215 96 27 extra
1698 2216 48 26 ut-

242 2244 100 35 gifter
362 2245 56 30 för
436 2255 42 21 en
496 2247 151 39 tillfällig
664 2249 237 40 förstärkning
917 2263 41 20 av
976 2254 233 38 ortstilläggen
1228 2257 50 30 till
1297 2259 221 31 sändebuden
1539 2262 63 30 hos
1621 2263 125 30 norska

242 2295 64 30 och
330 2296 254 33 nederländska
608 2300 240 37 regeringarna
872 2303 9 29 i
908 2303 144 32 London
1077 2307 164 30 ävensom
1264 2308 55 30 för
1341 2310 188 38 ortstillägg
1551 2312 49 30 till
1626 2314 118 30 sände-

241 2346 105 30 budet
360 2347 11 29 i
386 2346 176 32 Lissabon.
581 2349 169 32 Utskottet
765 2352 115 31 finner
894 2353 49 37 sig
957 2355 118 32 kunna
1092 2355 179 39 tillstyrka,
1287 2361 50 31 att
1351 2358 265 39 ifrågavarande
1632 2362 114 39 tillägg

241 2396 55 31 må
318 2397 69 31 tills
410 2397 117 32 vidare
547 2400 111 30 under
680 2403 98 30 nästa
799 2403 176 37 budgetår,
999 2409 84 27 utan
1106 2407 147 38 ändring
1274 2418 42 21 av
1337 2410 329 38 ortstilläggsstaten.
1689 2415 54 29 be-

239 2447 124 31 stridas
386 2458 42 20 av
451 2449 175 37 delposten
651 2451 50 30 till
721 2453 197 38 ortstillägg.
