1882 2812
114 643 127 24 Utskottet.

285 151 37 30 14
744 158 276 32 Statsutskottets
1044 160 175 30 utlåtande
1239 170 42 21 nr
1309 162 26 29 3.

285 239 83 36 drag
389 239 57 31 för
468 241 219 30 anställande
709 251 43 20 av
775 242 140 31 särskilt
936 243 148 30 biträde.
1109 244 127 36 Dylika
1259 245 123 36 bidrag
1404 246 110 30 borde
1537 247 105 36 enligt
1665 248 122 31 sände-

282 289 104 30 budet
409 290 10 29 i
442 290 229 37 Washington
693 292 11 30 i
726 292 110 30 första
856 293 96 30 hand
974 293 145 31 tilldelas
1141 294 91 31 vissa
1255 305 43 20 av
1319 296 43 29 de
1384 296 147 31 olönade
1555 296 229 38 sjöfartskon-

283 340 131 30 sulaten
449 350 80 20 men
564 342 85 29 även
673 343 111 29 andra
812 342 130 31 sådana
970 344 145 30 olönade
1140 345 246 37 vicekonsulat,
1414 347 62 30 där
1502 356 42 21 en
1570 348 217 31 omfattande

281 389 387 33 arvsmålsverksamhet
694 392 163 32 bedreves
884 402 43 21 av
956 393 234 32 vicekonsuln.
1231 396 78 30 Med
1335 397 137 37 hänsyn
1502 398 116 32 härtill
1646 400 68 29 och
1741 399 44 31 då

281 440 228 31 förevarande
533 443 117 36 anslag
673 442 89 32 visat
785 443 50 37 sig
857 453 83 21 vara
965 444 220 38 otillräckligt
1209 447 107 29 redan
1340 447 56 30 för
1421 448 220 31 bestridande
1669 459 43 20 av
1737 459 47 21 nu

281 490 167 37 utgående
469 492 238 37 ersättningar,
735 494 65 29 har
821 494 379 37 departementschefen
1223 496 184 37 föreslagit,
1433 501 49 27 att
1509 499 151 36 anslaget
1687 499 97 37 höjes

280 542 78 30 med
380 542 42 29 50
435 542 65 30 000
522 543 136 30 kronor.

329 643 181 36 Utskottet,
532 653 74 20 som
624 644 118 30 funnit
762 645 74 29 skäl
857 645 167 37 föreligga
1045 646 54 30 för
1120 656 42 20 en
1185 647 145 36 höjning
1351 657 42 21 av
1413 649 163 36 anslaget,
1598 650 186 36 tillstyrker

284 694 56 29 det
355 703 43 21 av
415 694 125 36 Kungl.
558 694 100 37 Maj:t
674 695 12 30 i
703 695 125 31 sådant
844 697 169 29 avseende
1031 697 127 30 äskade
1174 697 170 37 beloppet.

327 745 170 30 Utskottet
516 746 205 36 hemställer,

633 842 47 27 att
702 838 183 38 riksdagen
908 839 58 31 må
988 840 49 30 till
1061 841 238 38 Ersättningar
1321 842 34 31 åt
1376 843 147 30 olönade
1543 844 164 31 konsuler
1729 845 53 30 för

588 888 201 37 budgetåret
815 884 137 43 1944/45
976 891 119 31 anvisa
1117 894 45 27 ett
1186 892 269 38 förslagsanslag
1477 904 42 21 av
1542 894 62 30 300
1618 895 66 30 000
1705 896 75 30 kro-

589 948 71 21 nor.

323 1087 86 40 11:0)
441 1088 102 31 Rese-
570 1090 64 29 och
661 1090 434 38 flyttningsersättningar.
1124 1092 15 30 I
1169 1094 351 31 överensstämmelse
1547 1096 81 30 med
1655 1096 124 37 Kungl.

279 1137 118 37 Maj:ts
415 1138 132 38 förslag
570 1139 121 40 (punkt
712 1142 50 35 11,
782 1151 25 20 s.
830 1139 67 40 22),
916 1142 108 30 vilket
1041 1142 11 30 i
1070 1142 220 32 förhållande
1309 1144 49 30 till
1379 1145 57 30 det
1453 1145 56 30 för
1527 1146 149 36 löpande
1693 1147 85 30 bud-

278 1188 93 36 getår
387 1189 166 32 anvisade
568 1191 154 36 anslaget
737 1191 144 31 innebär
897 1201 43 21 en
956 1192 145 37 höjning
1118 1194 80 30 med
1215 1194 41 30 50
1270 1195 63 30 000
1349 1195 139 37 kronor,
1507 1205 74 21 som
1598 1196 181 31 föranletts

274 1248 42 21 av
338 1240 64 29 den
425 1248 45 21 av
495 1240 82 31 1943
601 1241 54 30 års
681 1241 141 37 riksdag
844 1242 180 31 beslutade
1046 1244 247 37 utvidgningen
1316 1254 42 21 av
1385 1246 391 38 utrikesrepresentatio-

278 1299 76 27 nen,
376 1291 199 30 hemställer
596 1293 173 36 utskottet,

627 1388 48 27 att
703 1384 182 38 riksdagen
911 1386 58 31 må
996 1387 52 30 till
1071 1388 97 30 Rese-
1196 1389 65 30 och
1287 1389 412 38 flyttningsersättningar
1724 1391 55 31 för

584 1435 201 37 budgetåret
809 1431 137 42 1944/45
970 1437 119 31 anvisa
1112 1441 45 27 ett
1180 1439 268 38 förslagsanslag
1471 1450 43 21 av
1537 1441 62 30 350
1613 1442 65 29 000
1701 1443 75 29 kro-

584 1495 70 20 nor.

319 1633 86 40 12:0)
430 1635 319 32 Skrivmaterialier
768 1647 46 21 in.
833 1647 45 22 m,
898 1638 59 30 vid
976 1639 274 38 beskickningar
1269 1642 68 29 och
1355 1642 178 30 konsulat.
1553 1636 129 43 Övriga
1704 1651 72 22 om-

273 1685 191 31 kostnader
490 1686 59 31 vid
574 1687 272 38 beskickningar
874 1689 67 30 och
968 1690 177 31 konsulat.
1173 1690 15 31 I
1217 1691 153 36 enlighet
1395 1692 82 30 med
1505 1691 122 38 Kungl.
1658 1693 117 37 Maj:ts

273 1736 128 37 förslag
432 1736 209 39 (punkterna
668 1739 38 29 12
734 1740 66 30 och
828 1740 48 35 13,
904 1750 25 20 s.
958 1740 70 39 23),
1055 1741 91 30 vilka
1171 1742 11 29 i
1210 1741 218 32 förhållande
1454 1744 51 29 till
1531 1745 43 29 de
1600 1744 54 30 för
1680 1744 94 31 inne-

273 1787 149 32 varande
439 1787 167 37 budgetår
621 1789 164 30 anvisade
802 1791 162 35 anslagen
981 1791 165 30 innebära
1163 1802 42 20 av
1224 1793 67 29 den
1307 1794 111 30 ökade
1434 1794 236 37 belastningen
1685 1798 91 28 samt

273 1837 65 30 den
363 1847 42 20 av
432 1838 85 30 1943
543 1838 53 31 års
621 1839 142 38 riksdag
786 1840 177 30 beslutade
989 1842 245 37 utvidgningen
1263 1853 41 21 av
1328 1843 446 38 utrikesrepresentationen

271 1887 204 31 föranledda
493 1888 184 38 höjningar
694 1891 219 30 beträffande
931 1892 243 31 förstnämnda
1191 1894 120 37 anslag
1329 1895 79 30 med
1426 1895 42 30 40
1482 1896 64 29 000
1564 1897 129 30 kronor
1710 1897 64 30 och

271 1939 220 33 beträffande
511 1940 215 32 sistnämnda
744 1942 119 36 anslag
880 1943 80 30 med
983 1943 60 30 110
1057 1944 62 29 000
1139 1945 139 35 kronor,
1298 1946 199 30 hemställer
1515 1947 174 36 utskottet,

623 2036 49 27 att
688 2034 184 37 riksdagen
889 2035 58 30 må
966 2036 56 30 för
1039 2036 199 36 budgetåret
1262 2032 136 42 1944/45
1417 2038 120 30 anvisa

622 2083 31 40 a)
673 2084 52 30 till
738 2085 310 31 Skrivmaterialier
1061 2097 44 20 m.
1120 2097 45 20 m.
1181 2088 58 30 vid
1255 2088 264 37 beskickningar
1533 2090 65 30 och
1612 2090 162 30 konsulat

578 2137 46 27 ett
641 2135 269 38 förslagsanslag
928 2145 44 22 av
990 2137 63 30 350
1066 2137 63 30 000
1148 2138 143 36 kronor;

622 2184 33 41 b)
684 2186 53 30 till
759 2181 123 42 Övriga
902 2187 245 31 omkostnader
1166 2190 58 30 vid
1244 2189 264 37 beskickningar
1528 2191 64 30 och
1611 2191 162 30 konsulat

578 2238 45 28 ett
644 2236 268 38 förslagsanslag
931 2247 43 21 av
997 2238 62 30 400
1073 2238 63 30 000
1156 2240 139 29 kronor.
