1884 2826
301 137 36 29 14
734 144 304 31 Bankoutskottets
1060 145 175 31 utlåtande
1256 147 47 29 Nr
1320 149 50 29 49.

309 226 43 30 Så
370 227 66 29 har
456 228 205 34 exempelvis
681 229 87 29 skett
787 229 112 35 ifråga
919 239 57 20 om
996 230 222 31 bankrörelse
1238 233 64 28 och
1323 232 332 36 sparbanksrörelse,
1678 243 73 20 som
1771 234 37 35 ju

301 267 274 36 huvudsakligen
598 269 138 29 arbetar
757 271 76 28 med
855 271 223 36 sparkapital,
1101 273 65 28 och
1189 282 56 20 om
1262 274 55 29 det
1339 274 111 29 skulle
1470 274 99 35 visas,
1592 277 49 28 att
1663 276 142 36 lagstift-

301 309 259 37 ningsåtgärder
580 310 52 30 till
652 312 144 29 allmänt
817 313 112 35 skydd
951 313 54 30 för
1025 314 307 37 kapitalplacering
1354 316 9 29 i
1385 315 225 37 obligationer
1632 317 173 36 verkligen

301 352 111 30 skulle
432 360 82 22 vara
534 352 191 37 behövliga,
746 354 61 29 bör
827 355 56 29 det
904 354 140 37 givetvis
1064 359 97 33 tagas
1182 358 108 29 under
1311 358 248 35 övervägande,
1581 359 92 30 vilka
1695 358 110 37 åtgär-

301 394 59 30 der
380 404 43 20 av
442 394 94 36 dylik
551 398 52 27 art
623 405 75 20 som
718 397 117 29 kunna
854 398 86 29 böra
959 398 164 36 vidtagas.
1167 399 78 29 Men
1265 400 104 36 enligt
1390 400 256 36 inspektionens
1668 402 139 36 mening

300 436 64 29 har
380 436 11 29 i
408 436 96 35 varje
520 437 61 29 fall
597 438 216 30 motionären
830 439 75 30 icke
922 440 115 29 anfört
1054 438 114 38 något,
1186 450 74 21 som
1277 441 91 31 visar
1386 444 49 28 att
1454 442 36 30 så
1507 443 38 29 är
1562 442 243 36 förhållandet,

301 478 74 30 icke
392 488 60 20 ens
470 479 53 29 för
539 479 41 30 de
600 479 175 31 »enskilda
793 489 172 27 sparare»,
985 482 52 29 för
1054 482 94 30 vilka
1166 482 215 31 motionären
1401 484 137 30 särskilt
1556 486 145 29 ömmar.
1740 485 66 30 Om

301 521 99 29 dessa
421 529 118 22 senare
559 521 76 30 icke
656 521 109 36 själva
786 524 63 34 äga
871 523 288 36 förutsättningar
1180 525 55 30 för
1254 528 49 27 att
1324 527 109 35 pröva
1454 527 64 29 och
1540 527 147 30 bedöma
1709 527 96 30 boni-

300 565 91 27 teten
414 563 63 29 hos
499 563 40 30 de
561 563 235 37 obligationer,
819 564 44 37 på
881 565 110 30 vilkas
1014 566 139 30 förvärv
1176 568 41 29 de
1238 568 194 35 reflektera,
1456 568 79 30 eller
1558 569 74 30 icke
1655 571 64 35 äga
1741 570 64 29 till-

301 604 88 37 gång
409 605 51 29 till
480 605 196 38 sakkunnig
695 605 96 38 hjälp
812 608 9 29 i
842 606 125 32 sådant
986 609 206 35 hänseende,
1213 610 83 29 böra
1317 611 41 29 de
1380 611 114 30 vända
1515 611 49 37 sig
1584 612 80 29 med
1685 612 56 29 sitt
1762 613 42 28 le-

300 647 78 37 diga
402 647 130 36 kapital
555 647 33 30 åt
611 652 108 26 annat
741 649 79 35 håll,
844 650 64 29 där
931 649 106 31 sådan
1062 660 95 21 mera
1181 651 166 37 ingående
1367 653 169 37 prövning
1559 654 75 29 icke
1659 655 38 28 är
1721 654 83 30 nöd-

299 689 138 35 vändig,
454 693 22 26 t.
493 699 48 21 ex.
557 690 51 30 till
625 692 261 35 sparbankerna
902 693 82 29 eller
1000 693 290 31 affärsbankerna
1308 694 54 30 för
1380 695 187 37 insättning
1584 694 20 31 å
1621 696 117 30 dessas
1756 697 48 29 in-

300 730 334 37 låningsräkningar.
679 733 49 29 Av
749 734 65 29 vad
836 733 240 37 inspektionen
1099 736 9 29 i
1131 736 56 29 det
1209 735 206 37 föregående
1433 737 115 30 anfört
1570 737 164 36 framgår,
1756 740 50 28 att

300 773 198 37 anspråken
533 774 43 36 på
610 775 247 37 kapitalskydd
891 776 59 30 vid
984 777 286 38 obligationsköp,
1296 777 46 31 låt
1365 788 84 21 vara
1472 782 83 27 utan
1579 779 226 37 lagstiftning,

299 815 110 31 måste
431 825 99 21 anses
552 826 82 21 vara
657 819 56 28 väl
734 818 249 35 tillgodosedda
1006 819 202 36 därigenom
1230 824 48 26 att
1298 837 45 5 —
1364 830 83 21 man
1471 822 86 29 lärer
1581 822 119 30 kunna
1724 824 81 34 säga

299 860 125 28 nästan
441 858 263 36 undantagslöst
724 877 44 4 —
787 861 51 34 de,
861 870 76 20 som
957 861 183 31 reflektera
1162 862 44 37 på
1227 863 68 36 köp
1316 872 43 20 av
1382 865 9 29 i
1412 864 215 30 marknaden
1649 865 156 36 tillgäng-

299 900 65 37 liga
391 901 160 29 industri-
577 902 129 29 likaväl
731 911 73 21 som
828 903 346 37 trafikobligationer,
1201 905 61 30 lätt
1287 906 121 29 kunna
1433 905 130 31 erhålla
1588 906 142 37 tillgång
1754 907 50 30 till

299 951 41 21 av
361 952 43 20 en
426 943 225 31 emitterande
672 945 93 29 bank
787 946 207 35 upprättade
1015 947 164 35 prospekt
1200 948 80 29 eller
1302 948 110 29 andra
1433 948 232 36 redogörelser
1688 949 54 29 för
1764 950 42 29 de

299 985 199 29 säkerheter
518 995 43 20 m.
584 996 56 25 m.,
663 987 107 35 varpå
791 987 258 31 vederbörande
1070 988 226 36 obligationer
1318 989 78 30 vila.
1439 990 132 36 Längre
1593 990 130 37 gående
1746 992 57 28 ka-

303 1028 201 35 pitalskydd
524 1029 9 29 i
554 1029 229 31 förevarande
804 1031 196 30 hänseende
1019 1032 39 29 är
1078 1032 105 35 enligt
1202 1032 260 35 inspektionens
1485 1033 227 30 förmenande
1732 1034 75 30 icke

298 1069 185 35 behövligt.
527 1069 249 31 Erfarenheten
797 1070 79 31 från
896 1081 43 21 en
959 1071 79 38 lång
1058 1073 88 35 följd
1167 1082 43 21 av
1230 1072 38 31 år
1289 1074 69 29 kan
1380 1073 115 36 också,
1517 1074 113 31 såsom
1651 1075 155 36 framgår

298 1121 41 20 av
354 1113 69 28 vad
442 1113 163 35 styrelsen
624 1113 56 30 för
699 1114 145 30 svenska
863 1114 300 36 bankföreningen
1182 1115 125 36 anfört,
1328 1125 100 21 anses
1448 1117 171 35 bestyrka,
1641 1121 49 26 att
1710 1117 37 31 så
1767 1119 38 28 är

298 1153 106 31 fallet.
452 1154 244 35 Inspektionen
719 1156 132 30 bortser
873 1156 65 30 här
961 1156 77 30 från
1060 1158 56 29 det
1140 1158 137 30 särskilt
1300 1157 44 37 på
1368 1158 128 30 sistone
1519 1159 73 30 ofta
1615 1161 188 35 uppmärk-

298 1194 200 38 samgjorda
515 1197 274 36 obligationslån,
807 1198 106 30 vilket
931 1198 43 37 på
992 1199 50 30 sin
1060 1200 50 29 tid
1127 1199 202 31 utfärdades
1347 1210 44 20 av
1411 1201 275 35 Högbroforsens
1706 1202 97 30 indu-

298 1237 267 37 striaktiebolag,
585 1240 66 29 och
670 1240 220 30 beträffande
909 1241 104 29 vilket
1031 1242 80 29 tvist
1131 1243 38 28 är
1189 1242 56 29 vid
1261 1243 148 29 domstol
1429 1243 183 37 anhängig.

342 1281 65 29 Det
423 1281 70 29 kan
508 1281 9 29 i
533 1282 92 29 detta
642 1283 253 36 sammanhang
912 1282 129 30 erinras
1058 1284 133 34 därom,
1209 1287 48 26 att
1273 1285 55 29 det
1346 1285 130 37 förslag
1492 1286 50 29 till
1559 1286 54 37 lag
1630 1295 58 20 om
1705 1286 98 30 emis-

298 1323 221 30 sionsrörelse
538 1340 42 3 —
599 1325 144 28 varmed
762 1324 229 31 betecknades
1011 1325 244 36 yrkesmässigt
1276 1326 107 30 idkad
1404 1328 229 35 verksamhet,
1651 1337 74 21 som
1746 1338 56 20 av-

298 1364 77 38 såge
399 1368 49 27 att
471 1365 144 35 inbjuda
637 1365 51 30 till
710 1366 256 37 aktieteckning
988 1368 79 28 eller
1088 1370 50 27 att
1160 1368 161 36 utsläppa
1343 1369 122 35 aktier,
1489 1369 90 31 vilka
1603 1370 200 30 tillkommit

297 1416 80 21 vare
392 1407 52 37 sig
459 1407 9 30 i
484 1408 186 37 anledning
686 1417 41 21 av
743 1409 213 36 aktiebolags
971 1409 162 30 bildande
1149 1409 81 30 eller
1246 1410 44 37 på
1306 1412 113 35 grund
1432 1421 42 20 av
1491 1412 129 37 ökning
1637 1422 43 20 av
1696 1413 106 29 aktie-

296 1450 119 36 bolags
441 1449 129 36 kapital
592 1467 45 4 —
661 1450 104 30 vilket
790 1450 129 36 förslag
943 1453 10 29 i
978 1451 184 37 anledning
1187 1461 42 20 av
1253 1455 45 27 ett
1323 1454 220 30 betänkande
1567 1463 43 20 av
1638 1456 81 28 1917
1746 1454 56 31 års

295 1491 277 31 bankkommitté
593 1493 226 35 upprättades
842 1493 96 30 inom
960 1493 388 37 finansdepartementet
1371 1504 78 21 men
1470 1497 193 30 sedermera
1686 1497 116 29 visade

297 1534 48 36 sig
363 1534 76 30 icke
457 1543 81 21 vara
554 1543 43 21 av
614 1534 106 36 något
738 1534 204 37 förefintligt
959 1536 111 29 behov
1088 1536 225 37 erforderligt,
1333 1537 105 37 avsåg
1458 1538 245 37 kapitalskydd
1723 1540 78 29 alle-

296 1579 76 27 nast
387 1576 11 29 i
414 1575 108 31 sådan
537 1577 219 35 omfattning,
772 1580 48 26 att
836 1578 56 29 det
908 1577 57 30 vid
980 1577 94 37 varje
1090 1579 266 35 aktieemission,
1374 1580 121 30 varvid
1511 1581 119 30 idkare
1647 1590 42 21 av
1703 1581 98 30 emis-

296 1618 221 30 sionsrörelse
538 1619 240 32 medverkade,
801 1619 110 31 skulle
932 1618 109 38 åligga
1063 1621 111 29 denne
1196 1624 48 26 att
1264 1621 141 30 utfärda
1427 1623 65 29 och
1513 1623 54 29 för
1588 1632 116 26 envar,
1727 1633 74 20 som

299 1662 56 28 det
377 1662 163 29 önskade.
563 1662 266 30 tillhandahålla
852 1666 47 26 ett
922 1672 42 20 av
985 1672 41 21 en
1050 1664 139 29 särskilt
1212 1664 151 30 inrättad
1386 1665 339 37 tillsynsmyndighet
1749 1667 54 29 för

295 1702 312 36 offentliggörande
633 1702 152 36 godkänt
809 1704 165 35 prospekt
998 1705 147 29 rörande
1170 1705 41 30 de
1235 1705 119 36 aktier,
1380 1715 120 21 varom
1525 1706 97 37 fråga
1648 1716 90 22 vore.
1786 1708 14 30 I

295 1745 199 36 prospektet
509 1745 109 30 skulle
632 1745 117 30 finnas
764 1745 149 37 angivna
929 1747 41 29 de
985 1747 301 36 omständigheter,
1302 1757 76 21 som
1394 1748 56 30 för
1465 1749 233 31 allmänheten
1714 1751 86 29 kun-

298 1787 41 29 de
358 1797 102 20 anses
477 1787 224 36 erforderliga
718 1789 52 28 för
787 1789 217 30 bedömande
1021 1799 41 20 av
1082 1790 120 30 värdet
1220 1789 20 31 å
1257 1790 41 30 de
1316 1791 120 35 aktier,
1455 1802 118 20 varom
1590 1792 99 36 fråga
1706 1803 90 20 vore.

338 1829 216 30 Motionären
573 1830 65 29 har
657 1828 208 32 åtminstone
885 1830 11 29 i
917 1829 222 37 förbigående
1160 1831 155 31 förordat
1336 1833 215 37 lagstiftning
1571 1844 57 20 om
1650 1835 149 35 skyldig-

294 1872 55 29 het
366 1872 56 29 för
437 1872 93 29 bank
545 1874 49 27 att
609 1881 149 21 ansvara
774 1872 53 30 för
842 1875 49 27 att
908 1882 43 20 av
965 1873 137 29 banken
1119 1874 199 30 emitterade
1333 1875 266 36 obligationslån
1617 1877 74 30 icke
1708 1877 91 30 bliva

293 1913 221 31 nödlidande.
558 1912 121 32 Såsom
700 1913 151 37 framgår
867 1923 43 21 av
930 1915 67 30 vad
1017 1914 240 36 inspektionen
1277 1917 107 29 redan
1406 1918 10 29 i
1437 1918 55 29 det
1513 1917 206 37 föregående
1740 1928 58 20 an-

293 1956 68 29 fört
385 1956 111 29 skulle
517 1964 41 21 en
582 1956 97 36 dylik
701 1956 213 36 lagstiftning
937 1956 113 31 införa
1072 1967 42 20 en
1138 1957 145 37 princip,
1307 1958 116 30 vilken
1446 1960 109 30 skulle
1578 1960 52 31 stå
1653 1960 10 30 i
1688 1961 111 30 direkt

293 1998 84 29 strid
393 2001 73 26 mot
481 2001 44 27 ett
547 1999 4 28 i
566 1999 203 29 nuvarande
784 1999 151 36 banklag
951 1999 86 36 givet
1053 2000 138 35 lagbud.
1232 2000 72 30 Den
1322 2000 202 37 ifrågasatta
1540 2002 258 36 lagstiftningen

293 2040 110 30 skulle
422 2040 51 29 till
488 2041 64 28 och
571 2041 80 29 med
670 2040 70 30 helt
757 2041 229 35 undanrycka
1004 2051 41 20 en
1064 2042 108 36 viktig
1191 2043 54 29 del
1264 2052 41 20 av
1325 2044 156 36 grunden
1502 2044 53 30 för
1574 2053 47 21 nu
1641 2045 157 36 gällande

292 2081 321 37 banklagstiftning,
636 2083 10 29 i
669 2082 38 31 så
728 2082 105 30 måtto
856 2083 173 36 nämligen
1050 2086 49 27 att
1122 2084 195 31 bankernas
1340 2085 232 36 förpliktelser
1599 2087 5 29 i
1628 2088 169 29 samband

292 2125 77 30 med
386 2125 409 35 obligationsemissioner
811 2125 111 30 skulle
938 2126 139 29 komma
1093 2129 49 27 att
1158 2127 106 30 svälla
1279 2130 37 26 ut
1333 2127 8 30 i
1359 2127 110 30 sådan
1485 2129 93 34 grad,
1594 2132 51 27 att
1660 2132 47 27 ett
1723 2132 74 33 nytt

291 2170 129 33 system
440 2167 55 29 för
513 2167 232 37 begränsning
763 2177 42 20 av
821 2167 279 36 förpliktelserna
1121 2169 88 29 lärer
1231 2169 140 30 komma
1392 2173 49 27 att
1462 2170 90 30 bliva
1574 2171 222 37 nödvändigt.

295 2209 245 36 Inspektionen
564 2208 110 31 måste
698 2210 116 29 därför
838 2211 170 35 allvarligt
1032 2210 130 31 avråda
1184 2210 78 31 från
1285 2221 41 20 en
1349 2213 215 36 lagstiftning
1587 2224 41 20 av
1654 2215 66 29 den
1743 2215 50 30 så-

291 2252 107 29 lunda
414 2260 44 21 av
474 2251 215 31 motionären
705 2252 152 36 antydda
875 2252 223 30 innebörden.

334 2293 217 30 Motionären
565 2293 115 31 finner
698 2294 55 29 det
769 2294 88 30 enda
873 2293 167 31 effektiva
1057 2295 205 30 botemedlet
1280 2299 71 26 mot
1369 2296 57 30 det
1444 2297 100 36 onda,
1563 2307 75 21 som
1656 2298 70 30 han
1744 2300 51 28 ut-

290 2335 116 36 målat,
426 2345 83 21 vara
528 2336 210 30 inrättandet
756 2345 42 20 av
817 2339 46 27 ett
883 2338 128 28 statens
1030 2336 325 31 emissionsinstitut.
1399 2339 50 29 Av
1469 2340 65 29 vad
1555 2340 241 36 inspektionen

290 2378 106 29 redan
416 2378 116 30 anfört
548 2378 98 30 torde
664 2377 144 36 framgå,
827 2381 49 27 att
893 2377 104 37 något
1014 2378 145 30 allmänt
1176 2379 111 30 behov
1305 2389 42 20 av
1366 2390 43 20 en
1428 2381 94 36 dylik
1540 2382 197 36 anordning
1755 2391 41 20 ur

290 2420 354 36 obligationsköpares
671 2421 176 35 synpunkt
872 2421 76 29 icke
973 2420 199 31 förefinnes.
1222 2421 45 30 Ur
1287 2424 129 28 statens
1442 2424 176 35 synpunkt
1644 2424 70 30 kan
1740 2425 55 28 det

290 2461 202 36 ifrågasalta
515 2462 167 30 institutet
705 2461 102 37 enligt
830 2462 257 36 inspektionens
1112 2463 226 31 förmenande
1362 2465 76 30 icke
1461 2465 104 30 heller
1588 2475 101 21 anses
1712 2474 82 21 vara
