2228 2646
471 189 19 29 4
936 188 242 32 Statsutskottets
1206 189 168 32 Utlåtande
1397 190 64 32 N:o
1484 191 56 30 26.

430 275 103 36 torde
566 275 91 36 dock
693 276 55 35 till
776 275 298 36 förekommande
1102 276 114 44 deraf,
1245 283 54 29 att
1327 277 116 36 husen
1470 278 172 49 flyttades
1670 278 102 36 öfver
1799 280 102 35 inom
1929 288 110 39 grän-

430 338 63 22 sen
533 325 38 36 af
601 326 368 48 kungsladugårdens
996 339 86 34 egor
1110 327 67 35 och
1205 327 64 36 der
1297 329 165 46 upplätes
1490 332 37 31 åt
1554 328 88 44 folk,
1671 342 77 23 som
1776 330 121 36 kunde
1927 330 113 36 blifva

430 377 56 33 till
513 376 141 47 obehag
682 376 56 36 för
765 378 192 42 anstalten,
982 377 113 47 jemte
1124 379 147 34 marken
1301 378 88 35 böra
1416 378 244 37 öfverlemnas
1679 383 37 32 åt
1734 382 192 42 anstalten,
1947 382 92 35 helst

430 439 44 22 en
515 427 57 35 del
613 426 40 36 af
692 427 113 35 husen
844 427 122 36 kunde
1007 428 79 35 med
1128 428 238 36 användande
1399 429 40 35 af
1468 429 61 36 det
1561 430 151 47 dugliga
1738 431 121 35 virket
1885 431 83 36 från
1995 432 44 36 de

430 476 117 47 öfriga
573 483 114 30 sättas
715 478 12 34 i
755 478 105 35 stånd
889 484 53 29 att
970 477 115 36 blifva
1112 480 54 34 till
1196 484 106 43 nytta
1329 479 57 36 för
1413 479 248 47 fångvårdens
1689 481 166 46 räkning.

564 528 112 35 Utom
704 528 61 35 det
792 528 106 35 ofvan
927 528 150 48 angifna
1105 529 284 48 hufvudsakliga
1417 529 210 49 syftemålet
1657 532 82 35 med
1766 531 274 37 förvärfvandet

429 577 57 36 för
513 579 181 34 anstalten
723 578 39 36 af
787 579 152 35 berörda
967 580 113 42 mark,
1109 580 117 35 skulle
1249 593 130 34 genom
1406 581 68 35 den
1495 580 209 48 föreslagna
1723 583 315 47 egotillökningen

425 628 136 46 jemväl
601 629 140 43 vinnas,
783 634 54 30 att
877 631 178 34 anstalten
1088 631 10 34 i
1134 631 264 47 sammanhang
1427 631 82 35 med
1536 632 161 35 skötseln
1725 632 40 35 af
1789 633 70 35 den
1887 633 153 47 tillagda

425 678 131 46 jorden
596 679 123 36 kunde
760 679 116 36 bruka
915 681 55 34 sin
1011 680 114 36 redan
1167 694 49 21 nu
1250 680 269 37 innehafvande
1546 682 83 44 jord
1658 685 46 44 på
1731 684 212 47 lämpligare
1972 684 66 35 och

429 728 283 45 fördelaktigare
740 735 71 30 sätt
838 738 44 27 än
912 744 48 21 nu
989 744 84 22 vore
1102 731 155 47 möjligt,
1286 731 187 36 äfvensom
1501 731 145 37 tillfälle
1674 734 117 34 skulle
1815 734 149 35 beredas
1982 733 58 36 för

429 781 181 34 anstalten
637 786 55 29 att
719 782 119 34 lemna
866 781 122 35 dertill
1017 782 175 47 passande
1220 781 128 47 fångar
1375 785 121 45 någon
1524 784 281 47 sysselsättning
1832 784 81 35 med
1934 785 104 45 jord-

430 830 272 36 bruksarbeten.
758 831 69 35 För
866 831 62 36 det
965 832 114 35 ökade
1116 832 218 47 jordbruket
1371 833 118 35 skulle
1528 833 160 35 förutom
1729 834 44 35 de
1814 838 60 32 två
1907 835 132 43 hästar,

429 893 77 23 som
545 894 48 22 nu
635 881 113 36 hölles
789 881 60 35 vid
888 883 192 42 anstalten,
1122 882 182 36 erfordras
1344 884 214 47 ytterligare
1600 883 128 36 endast
1760 890 53 29 ett
1844 898 65 34 par
1937 898 100 22 oxar.

430 931 125 35 Under
587 931 266 47 förutsättning
885 937 54 30 att
961 933 113 46 jemte
1104 933 147 35 marken
1281 934 157 35 kronans
1465 934 88 35 derå
1580 934 192 47 befintliga
1799 935 68 36 hus
1895 935 144 36 tillfölle

430 983 180 34 anstalten
642 983 128 42 skulle,
804 982 142 36 utöfver
978 983 44 35 de
1050 984 123 41 uthus,
1202 996 75 23 som
1305 984 112 35 redan
1445 997 49 22 nu
1524 998 85 22 vore
1635 984 58 36 för
1720 986 180 35 anstalten
1928 986 111 35 erfor-

429 1032 150 48 derliga,
608 1036 113 44 något
749 1038 83 43 nytt
860 1033 121 49 dylikt
1006 1034 80 35 icke
1113 1033 157 36 behöfva
1298 1034 151 49 byggas.

563 1083 13 35 I
608 1084 263 46 sammanhang
903 1084 82 35 med
1017 1084 60 35 det
1104 1085 154 35 sålunda
1284 1084 205 48 framlagda
1516 1084 175 48 förslaget
1718 1090 132 43 ansåge
1877 1087 56 46 sig
1960 1092 78 44 sty-

429 1134 116 34 relsen
585 1134 87 35 böra
715 1134 173 43 meddela,
923 1140 55 30 att
1007 1134 227 48 fångvården
1268 1134 128 37 hittills
1424 1135 40 36 af
1488 1137 244 47 kompromiss
1759 1138 115 46 ålagts
1902 1143 53 29 att
1981 1139 58 34 till

429 1184 237 35 arrendatorn
710 1184 195 47 Widegren
938 1185 132 35 betala:
1113 1185 77 36 dels
1218 1186 138 46 årligen
1385 1186 116 35 under
1528 1187 228 35 återstående
1784 1188 253 35 arrendetiden

430 1235 70 34 257
541 1236 133 34 kronor
719 1237 41 33 19
794 1242 59 28 öre
882 1235 56 35 för
965 1235 110 36 skada
1102 1237 67 34 och
1197 1237 148 46 intrång
1371 1248 132 35 genom
1532 1237 413 47 stenhuggeriarbetena
1972 1239 65 35 och

430 1285 357 47 kanalmuddringen
813 1291 95 30 samt
935 1285 56 36 för
1019 1286 254 48 begagnandet
1300 1286 39 36 af
1363 1294 115 39 vägen
1507 1288 55 35 till
1591 1288 71 35 den
1682 1301 27 22 s.
1731 1288 33 35 k.
1785 1288 252 37 Fiskarudden

428 1336 67 35 och
535 1335 40 35 af
612 1336 223 35 dervarande
877 1337 154 48 brygga,
1074 1336 188 36 äfvensom
1302 1339 205 46 ersättning
1541 1337 93 36 efter
1662 1341 47 33 50
1737 1345 61 29 öre
1825 1352 64 34 per
1917 1353 39 21 ar
1982 1339 57 35 för

428 1386 112 35 sådan
572 1387 101 34 mark
702 1386 102 36 invid
834 1387 166 43 kanalen,
1029 1400 76 23 som
1134 1387 56 36 för
1217 1394 52 29 ett
1296 1389 87 34 eller
1410 1394 111 30 annat
1548 1388 168 36 ändamål
1744 1389 121 36 kunde
1894 1390 144 35 komma

427 1442 54 29 att
521 1437 212 47 ytterligare
773 1437 210 47 disponeras
1022 1437 58 36 för
1120 1438 263 47 muddringens
1424 1438 204 44 utförande,
1662 1439 67 36 och
1757 1440 78 35 dels
1862 1441 11 34 i
1901 1446 53 29 ett
1982 1440 57 36 för

427 1488 63 34 allt
531 1489 69 33 302
642 1488 135 35 kronor
816 1490 44 33 79
900 1495 62 28 öre
1002 1487 57 36 för
1098 1501 134 35 genom
1274 1489 411 48 stenhuggeriarbetena
1726 1490 115 35 under
1873 1494 40 32 år
1944 1493 92 34 1892

427 1538 133 34 mistad
587 1538 108 35 skörd
724 1543 94 31 samt
847 1541 71 33 230
948 1539 135 35 kronor
1108 1538 59 36 för
1194 1540 159 47 intrång,
1382 1552 77 23 som
1489 1540 196 47 Widegren
1714 1553 131 34 genom
1874 1542 164 45 lossning

427 1587 40 36 af
504 1588 153 35 mudder
690 1592 113 32 måste
835 1589 202 36 vidkännas
1066 1589 60 35 vid
1154 1590 254 47 begagnandet
1434 1590 40 35 af
1498 1596 52 30 ett
1579 1591 133 35 honom
1740 1592 181 47 tillhörigt
1948 1592 89 35 bad-

427 1638 79 43 hus,
547 1638 189 36 äfvensom
776 1641 222 47 ytterligare,
1039 1639 58 36 för
1137 1640 69 35 den
1247 1641 172 35 händelse
1459 1641 189 36 muddrets
1688 1642 196 48 aflastning
1922 1643 115 35 skulle

427 1689 145 35 komma
611 1695 53 29 att
706 1691 202 35 utsträckas
949 1691 97 34 inom
1085 1691 91 35 visst
1215 1690 142 36 afstånd
1390 1690 83 36 från
1505 1692 191 44 badhuset,
1725 1693 203 47 ersättning
1956 1693 80 35 med

427 1741 73 34 500
528 1740 136 35 kronor
691 1739 58 36 för
776 1740 116 37 dettas
919 1741 177 48 flyttning
1122 1741 56 35 till
1206 1754 115 22 annan
1353 1743 103 47 plats.

560 1790 186 49 Styrelsen
780 1791 64 34 har
876 1792 106 35 alltså
1014 1791 171 36 hemstält
1211 1797 53 30 att
1298 1792 4 34 i
1330 1793 265 47 sammanhang
1623 1793 83 35 med
1733 1792 226 37 förestående
1987 1807 50 35 ny

428 1841 282 47 utarrendering
744 1841 39 35 af
820 1840 161 48 Svartsjö
1014 1842 298 47 kungsladugård
1345 1843 97 35 vissa
1470 1846 20 32 å
1517 1843 142 48 bilagdt
1687 1844 239 47 karteutdrag
1955 1845 81 34 med

425 1898 93 38 grön
558 1891 80 48 färg
681 1892 184 35 utmärkta
903 1893 64 35 och
1007 1893 11 34 i
1053 1892 137 46 jemväl
1230 1892 149 48 bifogad
1419 1893 231 48 förteckning
1684 1895 235 47 uppräknade
1950 1907 87 34 egor

426 1944 112 33 måtte
566 1942 114 35 varda
709 1942 79 35 från
815 1943 346 48 kungsladugården
1191 1942 154 37 afskilda
1372 1944 67 35 och
1463 1944 113 46 jemte
1606 1945 157 35 kronans
1791 1945 86 35 derå
1905 1945 129 35 befint-

425 1993 73 45 liga
526 1993 68 48 hus
622 1992 271 36 öfverlemnade
922 1994 57 34 till
1007 1994 439 47 tvångsarbetsanstalten
1474 1998 21 32 å
1521 1993 173 48 Svartsjö.

559 2036 113 43 Öfver
713 2043 117 35 denna
870 2043 273 48 framställning
1183 2044 90 35 hade
1315 2045 307 47 domänstyrelsen
1655 2044 149 49 afgifvit
1835 2047 200 42 utlåtande,

425 2092 126 36 dervid
591 2094 314 48 domänstyrelsen
946 2094 240 36 öfverlemnat
1227 2095 74 36 dels
1341 2096 173 48 yttrande
1552 2095 40 36 af
1623 2096 412 36 domänintendenten
2011 2088 27 60 i

424 2145 109 41 länet,
566 2144 148 35 hvilken
748 2145 79 35 med
856 2145 143 49 hänsyn
1026 2146 56 35 till
1111 2146 95 35 vissa
1232 2145 39 35 af
1296 2146 132 35 honom
1456 2145 153 36 anförda
1636 2146 250 36 förhållanden
1917 2152 119 30 ansett

426 2194 176 47 lämpligt,
645 2201 54 29 att
740 2208 43 22 en
823 2195 215 47 afsöndring
1078 2197 56 34 till
1167 2196 141 35 förmån
1341 2196 56 36 för
1425 2197 437 46 tvångsarbetsanstalten
1889 2198 144 42 skedde,

425 2257 82 23 men
534 2250 52 30 att
615 2246 165 35 området
806 2245 55 36 för
889 2246 118 36 denna
1034 2246 214 45 afsöndring
1278 2246 110 37 borde
1416 2247 215 36 inskränkas
1655 2248 57 35 till
1733 2247 93 36 vissa
1844 2247 40 36 af
1901 2248 133 36 honom
