1880 2836
529 146 275 31 Statsutskottets
830 146 175 31 utlåtande
1029 146 50 30 Nr
1104 146 48 31 10.
1558 141 39 30 43

87 236 77 32 post
202 232 50 31 till
292 233 202 36 avlöningar
530 233 50 30 till
607 232 214 37 tjänstemän
858 231 20 31 å
917 231 259 38 Öövergångsstat
1201 232 21 31 å
1251 232 199 37 förslagsvis
1478 232 118 35 44,000

91 282 137 30 kronor.
271 282 225 30 Beträffande
529 282 153 30 härefter
715 283 262 34 anslagsposten
1010 282 51 29 till
1094 282 205 36 avlöningar
1331 282 50 30 till
1415 281 181 31 icke-ordi-

87 333 96 30 narie
205 333 172 36 personal:
402 343 30 20 a.
456 332 317 37 grundavlöningar
795 342 44 20 m.
863 342 44 20 m.
927 333 111 29 skulle
1058 332 205 31 densamma
1288 333 103 36 enligt
1414 333 183 36 styrelsens

88 384 129 37 förslag
242 384 167 37 uppföras
436 386 78 29 med
539 385 140 35 503,000
706 385 139 35 kronor,
871 384 237 31 innebärande
1132 394 42 21 en
1199 384 294 36 nettominskning
1519 384 80 30 med

90 435 116 36 12,000
229 436 129 30 kronor
379 436 10 30 i
410 435 218 31 förhållande
650 436 51 29 till
723 435 234 31 innevarande
978 434 176 37 budgetår.
1179 434 126 31 Posten
1325 435 50 30 till
1396 435 203 36 avlöningar

87 486 52 30 till
168 486 264 31 icke-ordinarie
459 487 171 35 personal:
662 486 32 30 b.
725 485 427 37 avlöningsförhöjningar
1180 495 45 20 m.
1258 495 44 21 m.
1334 485 143 31 föreslås
1507 485 91 31 oför-

88 537 135 30 ändrad
243 537 51 30 till
318 537 118 34 22,000
456 537 138 31 kronor.
629 536 14 30 I
666 537 54 30 sin
742 537 116 30 helhet
878 537 111 30 skulle
1012 536 101 31 alltså
1134 537 106 36 enligt
1261 538 164 35 styrelsen
1447 537 151 36 anslags-

88 591 122 32 posten
230 588 50 29 till
300 588 202 36 avlöningar
521 588 49 30 till
591 588 266 30 icke-ordinarie
875 588 171 35 personal,
1068 597 47 20 nu
1136 587 142 35 537,000
1297 588 138 35 kronor,
1457 588 143 29 komma

89 640 49 28 att
170 638 56 30 för
255 639 289 30 nästkommande
574 637 169 38 budgetår
771 639 156 29 minskas
957 639 80 29 med
1069 638 117 35 12,000
1217 638 130 30 kronor
1375 639 51 29 till
1458 637 140 37 525,000

89 688 138 30 kronor.
263 688 13 30 I
301 688 98 37 fråga
421 699 57 20 om
502 690 42 29 de
568 690 9 29 i
600 689 262 36 anslagsposten
886 689 50 30 till
961 689 171 30 särskilda
1154 687 256 32 löneförmåner
1434 689 51 30 till
1509 689 89 30 ordi-

90 738 97 30 narie
207 740 66 28 och
295 738 264 31 icke-ordinarie
581 738 211 36 tjänstemän
811 737 168 37 ingående
1001 738 219 36 delposterna
1240 739 64 29 har
1326 738 164 36 styrelsen
1513 738 86 30 före-

90 790 99 36 slagit
217 790 72 30 dels
317 790 145 36 höjning
488 791 79 30 med
593 791 139 35 hänsyn
758 790 52 30 till
836 790 239 36 belastningen
1103 799 42 21 av
1172 792 123 34 posten
1322 790 50 29 till
1400 790 199 36 fyrskepps-

89 840 117 37 tillägg
234 840 80 31 från
341 841 119 36 65,000
489 842 128 29 kronor
644 841 51 30 till
725 840 117 36 75,000
870 841 139 35 kronor,
1040 841 71 29 dels
1140 841 66 30 ock
1235 841 223 36 upptagande
1485 850 42 21 av
1557 850 44 20 en

89 894 77 32 post
190 891 20 30 å
235 891 199 37 förslagsvis
457 891 96 36 8,000
579 892 129 29 kronor
733 892 51 29 till
808 891 227 36 provisoriskt
1058 891 207 37 lönetillägg,
1290 891 168 31 avseende
1481 892 119 29 ersätt-

90 941 122 36 ningar
236 941 55 31 för
316 941 440 37 familjepensionsavdrag.

133 1043 389 38 Departementschefen
546 1044 63 29 har
634 1042 223 31 beträffande
880 1052 48 21 nu
952 1042 235 37 föreliggande
1209 1043 129 36 förslag
1361 1043 55 30 för
1439 1051 84 28 egen
1547 1043 54 30 del

89 1092 117 31 anfört
230 1092 167 36 följande:

136 1169 120 31 Såsom
285 1180 41 20 av
356 1171 56 29 det
440 1169 206 36 föregående
677 1169 155 36 framgår
861 1170 64 29 har
953 1170 262 35 anslagsposten
1242 1169 50 30 till
1320 1169 203 36 avlöningar
1550 1169 52 30 till

91 1211 212 36 tjänstemän
325 1212 20 31 å
368 1213 173 30 ordinarie
564 1215 66 27 stat
653 1215 129 27 ansetts
805 1212 85 30 böra
913 1212 101 36 höjas
1038 1213 79 29 med
1143 1212 107 30 bland
1273 1215 106 27 annat
1404 1215 47 27 ett
1475 1213 125 34 belopp

90 1264 43 20 av
154 1254 119 35 36,000
296 1255 137 35 kronor,
455 1255 189 35 utgörande
665 1254 45 37 på
732 1257 46 27 ett
799 1255 96 29 halvt
915 1254 39 31 år
976 1254 193 36 belöpande
1190 1254 298 36 kostnadsökning
1510 1255 10 29 i
1543 1264 58 20 an-

92 1297 139 37 ledning
257 1308 42 20 av
325 1298 198 30 införandet
550 1307 41 21 av
619 1299 232 28 semesterrätt
878 1297 54 30 för
959 1297 91 30 vissa
1079 1297 352 36 befattningshavare.
1470 1297 130 30 Beträf-

90 1339 106 31 fande
220 1340 115 30 denna
359 1340 297 36 kostnadsökning
677 1341 65 29 har
766 1341 55 29 det
845 1349 42 21 av
911 1340 391 35 lotsverkssakkunniga
1325 1340 199 30 beräknade
1545 1340 56 30 be-

92 1383 116 35 loppet
235 1383 118 30 50.000
379 1384 129 29 kronor
535 1383 54 30 för
614 1383 71 30 helt
712 1381 38 31 år
777 1392 41 20 av
844 1383 234 35 lotsstyrelsen
1104 1383 174 35 förslagits
1305 1382 75 35 höjt
1406 1383 50 29 till
1483 1382 119 35 60,000

92 1426 139 29 kronor.
275 1425 116 30 Härav
420 1426 64 29 har
512 1426 53 29 för
594 1425 109 30 första
732 1424 155 30 halvåret
919 1425 83 29 1938
1029 1423 21 30 å
1078 1434 47 20 nu
1154 1424 265 36 ifrågavarande
1450 1426 151 34 anslags-

91 1471 78 31 post
197 1468 161 35 uppförts
388 1467 118 35 20,000
535 1468 128 29 kronor
768 1467 116 33 10,000
912 1467 129 29 kronor
1068 1468 142 29 komma
1239 1467 55 29 för
1321 1476 133 20 samma
1480 1467 50 30 tid
1557 1466 45 36 på

91 1510 259 30 vederbörande
373 1511 216 34 anslagspost
612 1510 49 29 till
687 1510 202 34 avlöningar
911 1510 51 29 till
986 1509 266 30 icke-ordinarie
1277 1510 160 34 personal
1460 1527 44 3 —
1527 1519 75 20 var-

92 1551 50 29 till
177 1551 86 36 lagts
303 1552 114 35 10,000
438 1551 130 30 kronor
601 1551 81 30 eller
710 1550 133 30 hälften
868 1559 42 21 av
935 1550 66 30 den
1022 1550 54 30 för
1096 1551 70 30 helt
1191 1550 38 30 år
1254 1551 50 29 till
1329 1551 118 34 20,000
1472 1551 129 29 kronor

93 1596 233 34 uppskattade
357 1595 192 30 kostnaden
582 1594 54 30 för
665 1595 189 35 ersättning
885 1603 42 20 av
959 1595 197 29 statsmedel
1187 1594 55 30 för
1272 1595 127 29 lotslott
1429 1594 51 29 till
1512 1594 91 29 vissa

92 1637 56 29 vid
174 1640 161 27 semester
358 1636 211 31 förordnade
592 1635 353 36 befattningshavare,
970 1635 149 30 varefter
1145 1636 262 35 sammanlagda
1430 1636 170 35 beloppet,

93 1680 119 35 30,000
235 1681 138 35 kronor,
397 1680 92 36 höjts
512 1680 77 30 med
613 1680 41 29 20
680 1682 143 33 procent
846 1679 50 30 till
919 1678 119 36 36,000
1063 1679 129 30 kronor
1215 1679 10 29 i
1247 1679 186 35 anledning
1456 1688 42 20 av
1523 1679 79 29 lots-

93 1724 193 34 styrelsens,
313 1732 41 20 av
376 1723 70 35 mig
469 1723 160 29 biträdda
653 1722 130 35 förslag
808 1721 177 36 angående
1009 1724 161 27 semester
1195 1720 34 31 åt
1253 1722 205 35 personalen
1481 1721 10 30 i
1514 1730 88 21 sam-

93 1774 57 21 ma
176 1765 240 36 utsträckning
443 1774 73 21 som
544 1764 34 31 åt
603 1765 161 35 personal
794 1764 208 30 tillhörande
1029 1764 65 29 den
1122 1764 101 30 civila
1251 1764 350 35 statsförvaltningen.

94 1807 201 36 Ytterligare
326 1808 140 35 utgifter
495 1808 110 29 under
636 1808 115 29 denna
784 1807 217 35 anslagspost
1032 1807 59 29 äro
1121 1809 49 27 att
1200 1806 162 30 förvänta
1392 1807 9 29 i
1433 1806 170 30 samband

93 1851 79 29 med
196 1850 187 30 kostnader
409 1850 54 30 för
490 1850 194 30 avlönande
708 1859 42 20 av
776 1848 264 31 tillförordnade
1066 1849 211 34 tjänstemän
1302 1849 10 29 i
1337 1849 109 29 andra
1472 1849 60 29 fall
1558 1850 45 28 än

93 1892 57 30 vid
171 1892 149 30 vikariat
341 1892 9 29 i
375 1892 185 35 anledning
582 1901 42 21 av
647 1894 172 31 semester,
841 1900 120 20 varom
984 1890 113 36 någon
1119 1892 161 28 närmare
1302 1891 191 35 beräkning
1514 1891 89 29 dock

95 1934 74 30 icke
193 1934 134 30 kunnat
351 1934 143 29 utföras.
535 1934 101 29 Emot
662 1934 99 29 dessa
787 1933 205 30 förväntade
1016 1933 141 34 utgifter
1181 1933 71 29 kan
1278 1933 197 34 emellertid,
1502 1933 9 29 i
1537 1933 66 29 den

94 1976 81 30 mån
205 1976 205 30 frånträdda
438 1977 167 29 lotslotter
631 1976 142 29 komma
803 1978 48 26 att
880 1974 79 36 ingå
987 1975 49 29 till
1063 1976 213 33 statsverket,
1304 1975 172 29 beräknas
1504 1984 100 20 svara

95 2017 113 37 någon
237 2019 201 34 minskning
466 2028 41 19 av
537 2019 65 29 den
630 2018 111 29 under
773 2017 170 30 särskilda
973 2016 256 31 löneförmåner
1257 2017 50 29 till
1337 2017 172 30 ordinarie
1538 2017 65 29 och

94 2061 265 30 icke-ordinarie
384 2061 210 35 tjänstemän
619 2063 179 33 upptagna
823 2060 261 35 anslagsposten
1110 2060 49 29 till
1185 2060 289 34 lotspersonalens
1502 2059 101 30 andel

95 2102 7 28 i
131 2103 268 34 lotspenningar.

141 2145 77 30 Med
239 2146 198 29 införandet
453 2155 42 20 av
515 2146 231 28 semesterrätt
766 2145 64 29 har
848 2145 74 34 ock,
943 2143 113 30 såsom
1077 2142 163 37 framgår,
1259 2144 188 30 erfordrats
1468 2153 42 20 en
1529 2143 74 35 höj-

92 2188 84 34 ning
201 2197 42 20 av
267 2188 260 35 anslagsposten
552 2188 48 28 till
628 2187 204 35 avlöningar
857 2187 50 28 till
933 2186 265 30 icke-ordinarie
1222 2187 171 34 personal:
1421 2196 30 19 a.
1477 2186 126 35 grund-

95 2230 101 28 Toa
239 2230 59 74 EE
324 2239 44 20 m.
395 2239 43 20 m.
464 2230 77 29 med
571 2229 115 33 12,000
712 2229 129 29 kronor
870 2224 131 39 (10,000
1027 2229 54 29 för
1105 2229 95 29 halvt
1227 2228 38 30 år
1280 2223 35 36 +
1330 2228 41 29 20
1395 2231 142 32 procent
1561 2237 43 20 av

98 2270 143 30 10.000).

141 2313 70 29 Mot
244 2314 65 28 vad
340 2314 231 34 lotsstyrelsen
604 2312 176 35 föreslagit
810 2313 147 28 rörande
987 2312 390 35 personalförteckning,
1410 2312 193 34 avlönings-

96 2358 62 27 stat
186 2356 64 28 och
277 2355 290 35 indragningsstat
591 2355 53 29 för
666 2355 79 29 lots-
768 2355 65 28 och
858 2354 166 35 fyrstaten
1048 2355 53 28 för
1124 2354 290 29 nästkommande
1439 2354 167 34 budgetår

97 2399 62 28 har
180 2398 58 35 jag
262 2398 8 29 i
293 2397 183 29 huvudsak
499 2397 82 29 intet
603 2399 49 27 att
673 2397 123 29 erinra.
832 2396 199 29 Emellertid
1053 2395 53 30 får
1126 2396 58 34 jag
1207 2396 8 29 i
1238 2397 90 28 detta
1352 2397 253 33 sammanhang

96 2441 139 29 anmäla
255 2449 41 20 en
318 2438 77 31 från
416 2442 45 27 ett
481 2440 91 29 antal
595 2439 204 29 extralotsar
821 2438 200 29 inkommen
1042 2439 162 28 skrivelse
1224 2438 65 29 den
1313 2438 12 28 1
1348 2438 152 29 februari
1522 2438 80 29 1937
