2202 2632
424 209 39 31 16
795 207 357 43 Bevillningsutskottets
1176 208 209 33 Betänkande
1409 208 70 34 N:o
1502 210 51 30 27.

380 288 59 36 sin
468 288 144 36 motion
639 292 58 32 tre
727 286 161 49 bilagor,
916 286 131 36 hvilka
1066 286 228 48 redogjorde
1314 286 56 37 för
1388 286 250 37 statsverkets
1658 285 82 37 dels
1761 285 212 37 inkomster

380 340 71 36 och
494 339 81 36 dels
603 339 159 48 utgifter
801 340 213 45 1889—97,
1049 343 97 31 samt
1174 337 180 50 slutligen
1381 350 48 24 en
1459 337 243 50 specificerad
1729 337 152 49 uppgift
1910 350 62 23 om

379 391 185 37 införseln
591 391 40 36 af
655 390 104 37 olika
787 390 179 48 varuslag
995 390 119 36 under
1141 403 147 23 samma
1315 390 56 36 tid
1399 389 72 37 och
1499 389 46 37 de
1575 389 286 46 tullinkomster,
1891 402 81 22 som

380 443 126 36 denna
548 442 154 37 införsel
743 445 48 46 på
830 442 126 48 grund
992 442 42 35 af
1057 442 334 48 tullförhöjningar
1419 442 60 36 för
1508 441 229 37 statsverket
1765 440 205 37 medförde.

378 494 428 48 Bevillningsutskottet
847 493 186 49 afstyrkte
1074 493 251 47 (betänkande
1367 507 62 22 n:o
1472 493 60 49 15)
1564 496 46 46 på
1639 493 94 47 skäl,
1763 506 80 23 som
1872 493 102 36 förut

379 547 123 36 under
543 547 152 47 frågans
737 545 235 48 behandling
1013 544 124 37 blifvit
1172 548 138 45 många
1337 548 148 45 gånger
1514 544 240 48 vederlagda,
1783 544 108 37 bifall
1914 543 60 37 till

379 599 75 36 den
498 599 43 36 af
576 598 87 36 herr
690 597 130 37 Wern
847 597 139 36 väckta
1014 596 207 37 motionen.
1277 597 72 36 Till
1377 597 257 36 betänkandet
1661 596 141 49 fogade
1827 596 69 48 jag
1924 609 48 23 en

378 650 248 48 reservation,
654 650 13 36 i
693 649 155 36 hvilken
875 648 12 36 i
914 648 153 36 korthet
1108 648 210 48 framhölls,
1360 649 99 36 hvad
1497 649 70 48 jag
1594 649 12 36 i
1634 649 143 36 motion
1806 661 62 23 n:o
1897 649 74 35 235

379 702 65 37 vid
490 704 96 35 1896
630 705 59 33 års
730 701 158 48 riksdag
929 700 71 37 och
1027 700 12 36 i
1067 700 76 36 min
1176 701 237 36 reservation
1442 700 59 36 till
1529 699 443 49 bevillningsutskottets

379 754 242 37 betänkande
662 767 63 23 n:o
772 754 44 35 12
858 752 62 36 vid
952 753 98 35 1898
1080 755 59 33 års
1167 752 158 49 riksdag
1351 752 118 37 redan
1496 752 149 46 uttalat,
1675 751 195 49 nemligen
1899 751 74 36 den

379 806 170 48 menliga
588 805 141 37 verkan
772 804 284 37 sockeraccisen
1097 804 192 37 medförde
1331 805 59 36 för
1431 804 429 46 sockerfabrikationen,
1890 803 82 36 bet-

379 858 167 47 odlarne,
583 856 240 48 statsverket,
852 856 257 36 allmänheten
1137 856 72 36 och
1237 856 276 49 näringslifvet,
1543 856 207 48 hvarjemte
1779 855 193 37 lemnades

380 923 48 23 en
455 909 244 48 redogörelse
733 909 60 36 för
820 907 626 49 hvitbetssockertillverkningens
1476 908 223 49 utveckling
1726 907 13 36 i
1766 906 206 47 Danmark,

378 962 61 36 för
468 967 56 31 att
553 961 152 37 dermed
735 960 251 48 ådagalägga,
1016 964 55 31 att
1098 959 46 36 då
1173 959 350 37 sockerindustrien
1551 960 196 36 derstädes
1771 959 76 36 kan
1865 959 108 36 bestå

380 1014 71 36 och
492 1013 195 36 utvecklas
729 1012 86 36 med
856 1017 54 31 ett
947 1011 196 48 tullskydd
1179 1012 43 35 af
1245 1012 134 36 endast
1411 1011 78 42 1'/;
1519 1018 61 31 öre
1609 1025 66 36 per
1702 1010 200 49 kilogram,
1932 1013 42 33 så

380 1065 76 37 kan
485 1065 64 37 det
577 1064 210 49 omöjligen
806 1077 89 22 vara
914 1063 177 36 förenadt
1110 1063 85 35 med
1216 1066 128 45 någon
1363 1063 82 37 fara
1465 1069 56 31 att
1541 1064 67 36 här
1628 1064 178 48 borttaga
1826 1062 147 37 accisen

379 1118 71 36 och
491 1120 119 45 något
650 1117 120 35 sänka
810 1114 246 49 tullskyddet,
1097 1114 145 36 hvilket
1283 1128 50 23 nu
1375 1115 162 36 faktiskt
1565 1118 109 45 utgår
1703 1115 86 37 med
1817 1128 80 23 mer
1924 1119 49 31 än

383 1171 43 34 13
457 1174 65 31 öre
550 1182 66 35 per
642 1167 202 49 kilogram.
899 1166 17 36 I
945 1166 65 36 det
1037 1166 182 48 yrkande,
1249 1166 107 37 hvari
1375 1167 78 36 min
1471 1167 232 37 reservation
1723 1166 248 49 utmynnade,

380 1221 71 37 och
478 1220 145 37 hvilket
650 1233 101 22 vann
778 1218 206 37 understöd
1013 1219 42 35 af
1078 1221 64 33 två
1170 1218 209 37 utskottets
1408 1219 220 47 ledamöter,
1656 1218 229 37 reducerade
1902 1218 71 48 jag

381 1273 102 36 mina
517 1273 100 35 förut
643 1271 137 49 gjorda
808 1269 199 51 yrkanden
1034 1270 12 36 i
1075 1269 121 37 denna
1224 1270 108 49 fråga
1360 1271 138 48 dertill,
1528 1277 54 30 att
1610 1270 180 37 anhållan
1817 1284 50 22 nu
1896 1270 76 36 för-

380 1324 207 49 nämligast
630 1323 89 49 gick
759 1327 43 32 ut
834 1325 47 46 på
908 1327 55 31 att
991 1322 38 36 få
1055 1321 58 36 till
1141 1322 110 36 stånd
1279 1335 47 23 en
1353 1323 289 48 undersökning
1670 1336 62 23 om
1760 1322 96 36 huru
1885 1321 87 37 vida

380 1377 74 36 den
483 1377 42 35 af
548 1376 78 48 mig
652 1374 195 50 påyrkade
873 1374 193 36 reformen
1094 1373 122 37 skulle
1240 1374 128 36 kunna
1387 1375 255 48 genomföras.
1700 1374 75 36 Vid
1793 1373 177 38 ärendets

379 1428 250 49 företagning
667 1427 60 36 till
769 1425 208 49 afgörande
1010 1425 12 36 i
1055 1425 197 37 kamrarne
1294 1426 168 49 förelågo
1505 1427 132 36 endast
1664 1429 65 34 två
1755 1425 215 50 yrkanden:

380 1494 62 23 om
472 1480 105 37 bifall
605 1479 56 37 till
689 1478 207 37 utskottets
924 1477 229 36 hemställan
1181 1477 92 37 eller
1300 1477 57 37 till
1385 1478 64 37 det
1478 1479 41 36 af
1544 1479 78 48 mig
1648 1478 13 36 i
1687 1477 286 37 reservationen

379 1532 222 36 framstälda
639 1530 183 49 yrkande.
878 1529 73 37 Vid
978 1529 13 35 i
1020 1529 121 48 begge
1169 1529 200 37 kamrarne
1399 1530 149 37 anstäld
1577 1529 240 48 omröstning
1844 1528 128 37 bifölls

379 1584 206 36 utskottets
625 1582 226 37 hemställan
878 1582 12 35 i
917 1581 136 36 Första
1089 1580 231 38 Kammaren
1348 1582 84 36 med
1463 1586 45 33 77
1539 1587 121 31 röster
1688 1587 81 31 mot
1799 1583 57 45 17,
1886 1593 87 23 men

381 1635 147 49 afslogs
556 1636 11 35 i
594 1635 128 36 Andra
763 1634 231 36 Kammaren
1037 1633 83 36 med
1166 1634 72 35 108
1267 1638 132 44 röster,
1429 1648 82 23 som
1541 1634 173 49 afgåfvos
1741 1633 57 37 till
1824 1633 149 36 förmån

379 1688 59 36 för
467 1687 78 37 min
572 1687 244 44 reservation,
845 1690 78 31 mot
952 1686 62 47 98,
1043 1697 79 24 som
1149 1685 154 37 röstade
1330 1685 58 37 för
1415 1686 106 37 bifall
1549 1686 57 36 till
1633 1685 207 37 utskottets
1865 1685 107 36 hem-

380 1739 150 37 ställan.

510 1893 107 37 Efter
658 1897 55 31 att
753 1905 50 23 nu
844 1891 112 37 hafva
997 1892 141 37 lemnat
1178 1906 45 23 en
1268 1892 243 50 redogörelse
1554 1892 57 37 för
1639 1892 72 36 den
1740 1891 233 49 behandling

380 1945 264 48 sockerfrågan
684 1949 88 31 rönt
811 1944 67 36 hos
906 1944 227 48 regeringen
1163 1945 71 36 och
1262 1945 11 36 i
1303 1945 221 48 Riksdagen
1552 1944 57 36 till
1636 1945 121 47 tjenst
1786 1944 59 36 för
1873 1944 98 47 dem,

379 2011 82 23 som
491 1997 152 37 dermed
670 1996 84 36 icke
785 1996 96 36 förut
909 1996 113 37 hafva
1050 1997 104 48 gjort
1183 1996 61 49 sig
1271 1997 210 47 förtrogna,
1512 1996 95 36 skall
1628 1996 68 36 här
1715 1996 130 36 vidare
1867 1995 103 37 med-

380 2049 105 37 delas
528 2052 117 46 några
686 2048 213 36 statistiska
935 2048 87 37 data
1049 2048 57 36 till
1134 2048 207 50 belysning
1368 2049 41 36 af
1433 2049 73 36 den
1534 2048 198 36 inhemska
1761 2047 211 37 sockertill-

382 2101 259 48 verkningens
683 2099 69 37 och
783 2100 320 48 förbrukningens
1130 2100 224 49 utveckling
1381 2101 121 36 under
1530 2104 150 32 senaste
1711 2100 182 36 årtionde.

510 2153 129 37 Under
680 2152 215 47 antagande
929 2157 55 31 att
1013 2152 63 36 det
1102 2152 118 36 under
1248 2165 48 24 en
1323 2152 461 48 tillverkningskampanj,
1814 2151 159 37 oktober

381 2204 214 50 —januari,
623 2203 255 50 producerade
907 2203 150 37 sockret
1084 2203 201 37 förbrukas
1312 2204 118 36 under
1458 2204 63 36 det
1550 2203 233 48 kalenderår,
1801 2204 46 36 då
1865 2203 107 36 kam-

379 2258 142 48 panjen
551 2256 170 46 afslutas,
751 2254 69 37 och
850 2260 54 31 att
932 2256 42 36 af
998 2255 178 36 råsocker
1204 2255 159 38 erhålles
1393 2257 47 35 90
1469 2260 155 44 procent
1651 2255 172 47 raffinad,
1844 2259 40 32 så
1903 2255 70 35 har

379 2309 217 50 tillgången
623 2311 48 46 på
698 2306 176 38 råsocker
900 2307 102 37 inom
1031 2307 128 37 landet
1186 2307 120 38 under
1336 2307 212 38 1890-talet
1576 2307 97 37 varit
1700 2307 12 36 i
1740 2312 65 32 ton
