1878 2838
287 158 21 30 4
645 155 128 33 Första
799 154 257 42 lagutskottets
1080 154 190 34 utlåtande
1295 155 55 32 Nr
1372 157 53 31 25.

286 234 152 35 skrifter.
454 235 122 42 Enligt
591 235 115 34 denna
721 234 208 43 kungörelse
944 235 82 42 löpa
1041 234 134 42 jämväl
1192 235 42 33 de
1251 234 165 41 förskott,
1433 247 77 21 som
1527 235 178 34 utlämnas
1722 247 59 22 en-

285 288 64 43 ligt
370 293 40 28 14
433 288 46 39 $i
497 288 102 42 lagen
618 300 57 21 om
693 287 215 43 kyrkofond,
927 288 81 33 med
1026 287 73 34 fem
1116 293 146 37 procent
1281 291 116 30 ränta.
1415 287 123 42 Enligt
1557 288 221 33 sistnämnda

284 342 58 42 lag
363 342 205 33 utlämnade
589 342 64 33 och
674 341 158 42 alltjämt
851 342 209 33 utestående
1081 341 154 34 förskott
1255 354 87 21 voro
1363 342 69 33 den
1453 345 43 30 30
1516 341 76 42 juni
1615 345 87 30 1934
1724 339 55 36 till

284 396 137 33 antalet
447 400 41 29 12
513 396 81 33 med
617 400 52 29 ett
695 395 237 43 sammanlagt
955 395 267 42 kapitalbelopp
1247 407 46 21 av
1318 399 145 36 227,870
1486 395 130 33 kronor
1642 400 41 29 10
1708 398 70 31 öre.

284 449 167 34 Därefter
471 449 46 33 ha
537 449 54 34 till
610 449 65 34 och
695 450 82 33 med
798 450 69 33 den
886 454 20 29 8
927 461 93 22 mars
1039 449 239 33 innevarande
1299 449 39 33 år
1356 449 197 33 utlämnats
1572 448 205 43 ytterligare

286 508 41 28 15
347 503 338 43 byggnadsförskott
703 504 82 33 med
803 508 54 29 ett
875 503 237 41 sammanlagt
1130 503 128 42 belopp
1278 515 46 21 av
1343 506 146 36 232,178
1506 503 140 33 kronor.

330 557 81 34 Den
426 561 41 29 14
482 557 149 34 oktober
646 561 87 30 1932
747 557 207 34 utfärdades
969 570 44 21 en
1028 557 148 34 särskild
1190 557 58 42 lag
1262 569 58 21 om
1337 556 243 43 byggnadslån
1594 569 42 21 ur
1649 556 131 43 kyrko-

283 610 143 35 fonden.
444 611 123 43 Enligt
584 611 115 34 denna
718 611 58 43 lag
793 611 120 34 kunde
931 611 203 42 Konungen
1152 611 46 42 på
1218 610 161 34 ansökan
1399 623 46 21 av
1465 610 217 40 arrendator,
1703 622 76 21 som

283 664 115 43 ålagts
417 664 331 43 byggnadsarbeten
769 664 66 34 och
855 663 54 35 för
929 665 101 33 dessa
1050 664 77 34 icke
1147 664 140 33 erhållit
1307 663 342 43 byggnadsförskott
1670 663 109 42 enligt

285 722 87 29 1925
389 718 54 33 års
458 718 57 42 lag
529 722 88 30 utan
632 718 151 43 nödgats
799 722 158 38 upptaga
972 717 245 43 byggnadslån
1232 717 11 33 i
1260 729 118 21 annan
1395 716 159 43 ordning,
1570 716 88 34 efter
1674 719 104 39 pröv-

282 771 85 43 ning
390 784 46 21 av
458 771 349 43 omständigheterna
831 771 11 34 i
865 771 61 34 det
950 771 171 34 särskilda
1145 770 99 34 fallet
1269 770 165 42 medgiva
1458 770 129 42 utbyte
1612 782 45 21 av
1682 770 97 33 lånet

282 825 81 33 eller
386 825 54 34 del
463 825 112 33 därav
598 830 75 29 mot
695 825 60 33 lån
778 837 42 21 ur
842 823 258 44 kyrkofonden.
1125 823 117 34 Sådan
1267 824 160 33 ansökan
1451 835 59 22 om
1533 822 245 43 byggnadslån

282 891 77 22 som
377 891 49 21 nu
445 883 96 38 sagts
561 878 110 34 skulle
691 890 87 22 vara
797 878 142 42 ingiven
959 878 54 33 till
1033 877 201 42 Konungen
1255 876 75 35 före
1351 877 178 42 utgången
1551 889 45 21 av
1617 877 38 33 år
1678 880 100 36 1933,

282 932 66 33 och
369 932 108 42 några
498 931 204 43 ytterligare
724 931 59 33 lån
804 930 109 43 enligt
933 931 102 41 lagen
1058 931 69 33 den
1151 934 41 29 14
1215 930 150 33 oktober
1389 933 87 30 1932
1498 929 122 34 kunna
1642 928 134 34 således

280 985 77 34 icke
381 984 267 43 ifrågakomma.
673 985 68 34 Vid
767 984 249 34 utlämnandet
1040 996 47 21 av
1110 983 121 43 dylika
1255 983 60 34 lån
1337 983 65 33 har
1425 982 133 43 Kungl.
1582 982 112 42 Maj:t
1716 982 60 34 be-

283 1043 122 36 stämt,
423 1044 55 29 att
496 1039 43 34 de
558 1039 110 34 skulle
685 1038 179 35 förräntas
881 1038 89 34 efter
987 1037 74 34 fem
1076 1042 157 38 procent.
1250 1037 83 34 Den
1350 1040 43 30 30
1410 1036 77 42 juni
1506 1040 86 29 1934
1609 1036 168 34 utestodo

279 1097 44 29 24
348 1093 108 42 enligt
479 1092 270 43 ifrågavarande
773 1093 58 42 lag
855 1092 206 34 utlämnade
1086 1090 244 44 byggnadslån
1354 1090 81 34 med
1459 1094 54 29 ett
1538 1089 237 42 sammanlagt

279 1146 268 43 kapitalbelopp
565 1159 46 21 av
628 1151 144 35 216,071
792 1146 130 34 kronor
939 1150 42 30 47
1001 1148 70 31 öre.

325 1200 81 34 Den
423 1204 115 37 ränta,
558 1213 75 22 som
652 1200 88 34 skall
759 1201 88 42 utgå
865 1200 21 33 å
904 1198 352 44 byggnadsförskott,
1275 1198 164 34 inverkar
1459 1198 10 33 i
1490 1197 54 34 sin
1563 1198 84 32 mån
1667 1197 21 33 å
1708 1197 68 33 den

278 1255 260 44 uppskattning
562 1266 46 22 av
630 1253 248 34 löneboställes
902 1252 364 42 normalavkastning,
1292 1264 76 22 som
1393 1251 109 42 enligt
1526 1255 20 29 9
1572 1250 66 34 och
1664 1254 42 29 10
1735 1249 38 39 $$

278 1309 103 43 lagen
398 1320 57 22 om
472 1307 202 43 kyrkofond
693 1307 90 34 skall
802 1310 67 39 äga
886 1318 89 22 rum.
994 1305 95 34 Från
1107 1305 205 34 intäkterna
1331 1317 46 21 av
1396 1309 53 29 ett
1468 1304 229 34 löneboställe
1716 1304 60 33 må

280 1362 149 35 sålunda
452 1362 174 41 avdragas
649 1360 109 34 bland
783 1364 111 29 annat
917 1359 141 42 nödiga,
1083 1371 45 21 av
1151 1358 264 42 förvaltningen
1438 1357 208 34 föranledda
1670 1356 107 43 utgif-

278 1422 65 35 ter,
363 1415 186 35 däribland
567 1414 192 34 kostnader
778 1413 56 34 för
853 1412 217 35 underhålls-
1090 1412 66 34 och
1175 1411 395 43 nybyggnadsarbeten.
1591 1411 56 33 En
1668 1410 107 43 högre

279 1473 177 31 räntesats
478 1469 160 33 kommer
660 1467 61 34 vid
746 1467 130 33 sådant
898 1465 221 35 förhållande
1143 1470 56 29 att
1222 1464 184 34 föranleda
1430 1469 53 29 ett
1507 1464 94 42 lägre
1625 1464 152 33 normal-

278 1521 342 44 avkastningsvärde
644 1520 66 35 och
734 1532 44 22 en
802 1520 94 42 lägre
919 1522 178 31 räntesats
1121 1517 137 35 medför
1283 1522 54 30 ett
1361 1517 107 43 högre
1492 1517 283 34 normalavkast-

279 1576 223 43 ningsvärde.
526 1575 67 34 Att
616 1574 124 34 märka
765 1577 38 30 är
827 1572 194 35 emellertid
1046 1577 56 29 att
1126 1571 498 42 normalavkastningsvärdet
1648 1570 129 34 fixeras

277 1630 56 34 för
350 1642 43 22 en
408 1629 71 34 viss
495 1628 121 43 period
633 1627 142 34 framåt.
793 1626 119 35 Skulle
929 1625 194 43 utgifterna
1140 1624 177 43 överstiga
1334 1624 215 40 intäkterna,
1568 1627 110 31 sättes
1695 1636 80 21 nor-

278 1681 433 43 malavkastningsvärdet
728 1680 55 34 till
799 1679 84 34 noll.

325 1734 511 43 Normalavkastningsvärdet
852 1737 38 30 är
904 1733 12 33 i
932 1733 53 34 sin
1001 1738 59 28 tur
1077 1744 46 22 av
1138 1731 182 43 betydelse
1335 1731 55 34 för
1406 1730 125 43 frågan
1548 1742 58 22 om
1622 1730 154 34 bestäm-

279 1791 130 33 mande
428 1802 45 22 av
492 1789 154 34 tillskott
666 1800 41 22 ur
726 1786 260 43 kyrkofonden.
1005 1785 124 43 Enligt
1148 1786 102 42 lagen
1270 1785 69 34 den
1360 1789 21 29 9
1403 1784 183 34 december
1608 1788 87 29 1910
1717 1795 60 22 om

279 1844 169 43 reglering
472 1855 46 22 av
543 1841 281 44 prästerskapets
850 1840 166 42 avlöning
1044 1839 15 39 $
1089 1843 42 29 19
1160 1839 151 42 (ändrad
1337 1839 69 33 den
1431 1841 43 30 30
1501 1837 141 43 augusti
1669 1837 103 43 1932)

278 1897 99 35 skola
391 1897 53 34 till
458 1896 225 34 bestridande
697 1907 46 21 av
758 1895 43 33 de
815 1894 55 34 för
882 1893 224 43 kyrkoherde
1121 1892 65 34 och
1199 1891 247 34 komminister
1460 1891 202 34 fastställda
1676 1891 97 34 löner

279 1955 168 30 ävensom
466 1949 196 42 ersättning
681 1948 66 34 och
767 1948 131 33 arvode
918 1947 38 34 åt
975 1946 154 42 adjunkt
1148 1946 12 33 i
1179 1945 117 34 nedan
1316 1945 134 34 nämnd
1471 1945 149 42 ordning
1640 1947 133 31 använ-

280 2005 75 33 das:
375 2004 67 42 1:0)
464 2002 213 42 avkastning
694 2014 46 21 av
757 2001 198 42 tillgångar,
972 1999 98 34 vilka
1087 2003 60 30 äro
1164 1998 157 34 avsedda
1337 1997 55 35 för
1409 1997 167 42 avlöning
1591 2009 46 21 av
1652 2001 120 38 pasto-

277 2062 111 30 ratets
404 2056 237 43 prästerskap,
658 2055 80 34 med
755 2055 186 42 undantag
957 2066 46 21 av
1020 2053 147 43 tillgång
1184 2065 81 21 vars
1283 2052 167 34 avkomst
1468 2051 88 34 skall
1574 2051 200 34 tillkomma

277 2112 72 34 viss
369 2110 327 43 tjänstinnehavare
716 2112 127 30 utöver
863 2108 103 33 lönen
987 2107 82 34 eller
1089 2106 138 34 tillfalla
1247 2106 208 42 prästänka;
1476 2105 70 42 2:0)
1572 2105 111 33 andra
1704 2104 69 34 till-

277 2164 163 43 gängliga
455 2163 113 34 medel
585 2166 168 30 ävensom
768 2160 377 43 församlingsavgifter
1160 2159 54 34 till
1230 2159 221 42 erforderligt
1466 2158 140 42 belopp.

323 2218 19 33 I
357 2222 20 30 7
397 2218 43 38 $i
455 2218 102 41 lagen
572 2228 58 22 om
644 2215 204 43 kyrkofond
864 2214 178 34 meddelas
1059 2213 265 34 bestämmelser
1341 2224 59 22 om
1416 2212 154 33 tillskott
1585 2224 41 21 ur
1642 2211 130 43 kyrko-

276 2271 143 34 fonden.
438 2270 68 34 Om
524 2270 55 33 för
597 2269 174 43 gäldande
790 2281 47 21 av
855 2272 178 38 pastorats
1052 2266 373 43 prästlönekostnader
1444 2265 111 34 under
1575 2266 75 33 året
1671 2265 102 42 åtgår

277 2325 107 42 högre
401 2324 128 42 belopp
548 2327 45 30 än
611 2335 75 22 som
704 2322 123 34 täckes
845 2321 72 34 dels
936 2333 45 21 av
1001 2319 259 43 avkastningen
1279 2331 47 21 av
1344 2323 216 38 pastoratets
1578 2318 195 43 prästlöne-

277 2378 198 42 tillgångar,
495 2377 81 33 med
596 2376 88 34 visst
704 2376 196 41 undantag,
921 2374 72 34 dels
1015 2374 66 33 ock
1102 2374 191 33 därutöver
1314 2384 47 22 av
1381 2377 53 29 ett
1454 2372 140 42 belopp,
1615 2375 157 29 motsva-

277 2431 110 34 rande
401 2443 42 21 en
457 2429 201 43 uttaxering
671 2428 55 35 för
740 2428 232 34 skattekrona
986 2427 98 34 inom
1098 2430 198 39 pastoratet
1310 2438 46 21 av
1370 2425 60 34 det
1445 2425 120 40 öretal,
1599 2420 174 56 Konungen

277 2485 55 34 för
357 2485 75 33 året
456 2484 224 39 bestämmer,
706 2486 81 39 äger
812 2485 198 39 pastoratet
1036 2480 54 34 för
1116 2480 70 34 vad
1211 2479 204 43 ytterligare
1441 2478 173 34 erfordras
1641 2478 132 34 erhålla
