1880 2772
489 141 393 38 Bevillningsutskottets
906 142 218 31 betänkande
1148 143 49 33 Nr
1215 143 50 31 31.
1612 139 19 30 3

131 224 54 30 för
209 224 156 31 nämnda
390 224 126 31 fordon
546 225 99 36 höjes
671 224 79 32 från
776 226 65 30 900
867 226 51 30 till
947 227 94 34 1,100
1068 226 180 37 kilogram,
1276 227 64 30 har
1365 226 166 31 utskottet
1557 227 75 30 icke

129 274 103 37 något
257 278 51 28 att
334 275 122 31 erinra.
484 276 171 31 Utskottet
680 276 153 30 biträder
859 277 86 30 även
971 276 173 37 förslaget,
1171 280 50 28 att
1247 277 114 31 denna
1386 277 245 31 skattelättnad

130 326 62 30 bör
217 326 91 36 gälla
332 326 68 31 tills
425 326 128 31 vidare.

175 376 79 31 Med
272 377 57 30 det
347 386 47 21 nu
413 377 149 31 anförda
580 377 64 30 har
662 378 165 30 utskottet
845 377 131 37 jämväl
995 378 84 36 tagit
1098 377 161 38 ställning
1278 378 51 31 till
1348 378 56 31 det
1431 378 3 30 i
1455 378 176 31 motionen

131 427 44 30 II:
203 428 64 30 358
295 428 124 30 väckta
445 428 166 36 förslaget
637 437 57 21 om
721 428 160 31 befrielse
907 427 80 32 från
1014 428 239 31 fordonsskatt
1280 429 55 30 för
1362 429 154 30 nämnda
1543 428 88 31 bilar

131 478 109 30 under
260 488 43 21 en
322 478 50 31 tid
393 488 43 21 av
455 479 72 30 fem
546 477 49 32 år.
616 478 124 31 Härtill
759 478 59 31 vill
838 479 165 31 utskottet
1022 479 144 31 allenast
1184 479 82 36 foga
1286 479 56 31 det
1361 479 193 31 uttalandet
1572 482 59 32 att,

131 530 113 30 därest
268 530 57 30 det
346 530 112 31 skulle
481 530 161 31 befinnas
667 530 125 37 skäligt
814 533 52 28 att
888 531 127 30 bereda
1039 531 219 30 ekonomiskt
1281 532 79 30 stöd
1384 530 80 31 från
1489 531 57 30 det
1570 530 59 31 all-

131 581 129 30 männa
279 580 36 31 åt
334 580 131 32 sådana
486 581 257 36 fordonsägare,
766 591 75 21 som
861 581 45 36 på
926 582 111 36 grund
1059 591 42 21 av
1121 581 154 31 rådande
1296 581 244 31 förhållanden
1561 581 68 31 för-

130 631 157 31 orsakats
314 632 112 30 ökade
452 632 189 30 kostnader
666 631 56 31 för
747 632 220 36 ombyggnad
994 642 43 21 av
1063 632 180 36 fordonen,
1272 632 124 31 sådant
1423 633 77 30 stöd
1527 632 103 36 enligt

131 682 181 30 utskottets
332 681 138 37 mening
490 682 76 30 icke
585 682 64 30 bör
666 682 135 31 lämnas
821 682 11 30 i
852 682 92 31 form
964 692 43 21 av
1027 692 42 21 en
1088 683 133 31 lättnad
1241 683 11 30 i
1272 682 273 37 beskattningen.

175 731 117 31 Under
312 730 221 38 åberopande
553 741 43 21 av
616 732 67 30 vad
704 731 146 32 sålunda
871 732 134 31 anförts
1026 731 55 32 får
1102 733 166 30 utskottet
1288 733 193 36 hemställa,

484 818 50 28 att
557 816 184 37 riksdagen
765 815 116 37 måtte,
906 817 80 29 med
1008 816 99 31 bifall
1131 816 51 31 till
1207 816 123 37 Kungl.
1357 816 118 37 Maj:ts
1500 816 132 31 föreva-

441 867 108 30 rande
565 866 212 37 proposition
794 876 42 21 nr
852 867 62 30 250
931 870 90 27 samt
1036 867 78 30 med
1130 868 117 35 avslag
1263 866 21 32 å
1301 867 176 30 motionen
1494 867 45 30 II:
1559 867 73 35 358,

438 921 129 34 antaga
586 919 58 31 det
663 919 58 31 vid
742 918 260 38 propositionen
1024 919 126 36 fogade
1169 918 166 38 förslaget
1354 919 52 30 till
1427 918 206 36 förordning

439 977 59 20 om
522 967 84 31 visst
628 967 178 37 undantag
830 966 79 31 från
932 968 306 30 bestämmelserna
1262 968 10 30 i
1298 968 18 30 5
1342 968 18 37 8
1386 967 247 37 förordningen

440 1018 67 30 den
529 1019 19 29 2
573 1017 76 37 juni
673 1018 82 30 1922
784 1017 53 39 (nr
858 1016 74 40 260)
960 1027 58 21 om
1039 1018 294 31 automobilskatt.

176 1118 201 31 Stockholm
401 1119 66 30 den
490 1119 41 30 29
554 1118 71 37 maj
651 1119 93 30 1942.

571 1218 48 32 På
637 1219 390 37 bevillningsutskottets
1047 1220 142 36 vägnar:

761 1321 37 31 A.
826 1321 29 31 J.
884 1316 125 35 BÄRG.

720 1673 327 32 Närvarande:

169 1745 64 27 från
264 1747 135 26 första
429 1746 179 27 kammaren:
637 1747 99 26 herrar
766 1748 96 25 Johan
892 1748 81 32 Bärg,
1005 1748 73 25 Elon
1107 1747 172 32 Andersson,
1313 1747 173 32 Wahlmark,
1517 1747 120 27 friherre

134 1787 165 34 Lagerfelt",
328 1789 128 33 Sjödahl,
486 1790 108 32 Egnell,
623 1790 119 31 Ekman,
771 1790 166 32 Bengtsson,
967 1790 91 25 Frans
1086 1790 136 25 Ericson
1253 1791 54 24 och
1335 1790 199 30 Sandström";
1563 1792 74 23 samt

167 1847 66 26 från
258 1848 126 25 andra
407 1848 179 25 kammaren:
610 1847 99 26 herrar
732 1848 132 32 Hagberg
889 1848 8 25 i
922 1847 132 30 Malmö”,
1079 1848 186 31 Björklund",
1291 1847 218 30 Hammarlund,
1536 1847 101 26 Olsson

134 1889 8 25 i
176 1890 111 29 Gävlet,
323 1890 116 32 Orgård,
474 1890 80 30 Falk,
587 1890 126 31 Lundell,
748 1889 140 32 Kilbom",
923 1890 139 25 Karlsson
1096 1890 8 24 i
1138 1889 194 33 Grängesberg
1365 1890 54 24 och
1451 1890 144 24 Svensson
1629 1890 8 24 i

132 1930 174 34 Ljungskile.

168 2000 13 14 +
203 1999 65 25 Icke
292 2000 126 24 närvarit
441 1999 47 25 vid
512 1998 138 34 justering
675 2006 33 18 av
733 1998 200 26 betänkandet.
