1900 2834
194 197 123 31 Första
336 197 224 32 kammarens
592 198 165 38 första
789 199 171 39 tillfälliga
982 199 149 31 utskotts
1153 200 176 31 utlåtande
1350 200 48 31 Nr
1420 201 29 31 7.
1561 201 15 30 1

766 339 66 37 Nr
860 339 38 37 7.

636 428 113 25 Ankom
766 429 41 25 till
824 429 167 32 riksdagens
1008 430 94 25 kansli
1120 431 54 24 den
1191 431 16 24 3
1223 430 62 32 juni
1304 431 75 25 1942.
1396 431 38 25 kl.
1453 432 30 24 11
1502 431 19 25 f.
1540 439 36 18 m.

180 500 122 31 Första
319 501 223 31 kammarens
571 502 164 38 första
764 503 172 39 tillfälliga
955 504 148 31 utskotts
1122 504 187 39 utlåtande,
1328 515 41 20 nr
1387 505 30 38 7,
1435 507 11 29 i
1464 506 116 30 anled-

353 556 84 38 ning
456 556 102 30 väckt
577 558 132 29 motion
729 566 58 21 om
807 557 183 39 utredning
1010 567 41 21 av
1073 558 135 39 frågan,
1229 559 91 30 huru
1341 559 238 40 landsbygden

354 609 90 31 skall
460 609 123 31 kunna
600 610 101 39 göras
720 611 151 39 delaktig
890 621 41 20 av
951 611 42 30 de
1012 612 128 30 sociala
1160 612 65 30 och
1244 613 185 30 kulturella
1449 613 129 38 förmå-

354 672 72 28 ner,
444 673 75 21 som
537 664 163 30 ståderna
720 664 124 31 bereda
862 666 75 29 sina
956 665 197 39 inbyggare.

136 767 14 30 I
168 777 42 21 en
227 767 96 31 inom
340 768 109 31 första
466 768 207 31 kammaren
691 769 102 31 väckt
810 771 66 29 och
894 770 50 30 till
962 770 77 31 dess
1057 771 110 30 första
1185 771 173 39 tillfälliga
1375 772 132 30 utskott
1525 772 56 30 för

91 821 212 39 behandling
318 822 171 31 hänvisad
506 823 133 30 motion
655 832 43 21 nr
717 824 36 29 11
773 824 65 29 har
854 824 80 30 herr
951 824 78 31 Ivar
1046 825 148 31 Persson
1211 835 46 20 m.
1275 825 34 30 fl.
1327 825 184 36 hemställt,
1531 828 50 28 att

90 875 186 39 riksdagen
301 875 11 30 i
337 876 164 30 skrivelse
526 876 51 30 till
603 877 123 39 Kungl.
754 877 101 39 Maj:t
880 877 106 31 måtte
1012 879 127 38 begära
1165 879 185 39 utredning
1376 889 43 20 av
1444 878 135 40 frågan,

88 929 92 30 huru
194 929 239 39 landsbygden
448 930 89 30 skall
551 930 122 30 kunna
687 932 100 37 göras
803 931 151 39 delaktig
969 941 42 21 av
1026 932 43 30 de
1084 932 127 30 sociala
1226 933 65 29 och
1307 933 185 30 kulturella
1508 933 69 30 för-

88 981 130 36 måner,
240 992 75 21 som
335 983 170 36 städerna,
527 984 66 30 och
613 984 140 30 alldeles
774 985 139 30 särskilt
933 985 41 30 de
995 986 118 35 större,
1135 986 126 30 bereda
1282 986 76 30 sina
1379 986 197 39 inbyggare.

133 1035 223 32 Beträffande
374 1037 250 39 motiveringen
643 1037 55 30 får
716 1038 166 30 utskottet
901 1038 146 31 hänvisa
1068 1039 50 29 till
1138 1039 186 30 motionen.

133 1089 171 31 Utskottet
320 1090 65 30 har
399 1090 12 30 i
426 1090 215 40 vederbörlig
657 1091 147 39 ordning
819 1092 172 30 inhämtat
1007 1093 186 38 yttranden
1208 1094 80 29 över
1305 1093 175 30 motionen
1497 1092 81 31 från

88 1143 359 39 lantbruksstyrelsen,
472 1144 365 40 medicinalstyrelsen,
863 1145 326 40 skolöverstyrelsen
1214 1147 65 29 och
1305 1147 273 39 socialstyrelsen

87 1199 89 27 samt
189 1197 109 30 berett
311 1197 134 30 tillfälle
459 1197 55 31 för
527 1197 392 32 Landskommunernas
932 1199 154 30 förbund
1099 1200 66 30 och
1179 1199 271 31 Riksförbundet
1463 1200 115 30 lands-

88 1250 155 39 bygdens
264 1250 75 31 folk
367 1250 49 40 (R.
440 1251 35 30 L.
499 1250 50 40 F.)
577 1254 50 28 att
649 1252 180 31 inkomma
850 1253 81 30 med
951 1253 196 39 yttranden.
1172 1248 90 35 Över
1285 1263 42 21 en
1350 1253 95 31 inom
1468 1254 111 30 andra

88 1303 205 31 kammaren
317 1304 102 31 väckt
442 1305 224 39 likalydande
689 1306 142 36 motion,
855 1315 42 21 nr
924 1307 48 34 16,
997 1307 65 30 har
1086 1307 110 30 andra
1220 1307 223 30 kammarens
1468 1308 110 30 andra

88 1357 172 40 tillfälliga
276 1358 134 30 utskott
427 1358 173 31 inhämtat
617 1360 186 38 yttranden
819 1359 130 40 jämväl
967 1359 80 31 från
1065 1360 341 40 järnvägsstyrelsen,
1426 1361 152 39 general-

88 1412 241 38 posstyrelsen,
355 1411 416 32 överståthållarämbetet
797 1416 90 28 samt
912 1414 285 39 länsstyrelserna
1223 1414 11 30 i
1260 1415 228 35 Stockholms,
1516 1410 62 35 Ös-

74 1455 236 52 tergötlands,
330 1465 207 36 Malmöhus,
559 1466 178 36 Hallands,
759 1466 186 39 Göteborgs
965 1467 65 30 och
1050 1467 128 35 Bohus,
1200 1467 223 39 Skaraborgs,
1444 1468 134 30 Väster-

88 1518 194 35 norrlands,
300 1518 257 31 Västerbottens
574 1520 66 29 och
658 1519 224 31 Norrbottens
898 1520 68 30 län.
985 1520 183 30 Dessutom
1185 1521 64 29 har
1266 1521 92 30 detta
1374 1521 131 30 utskott
1521 1521 57 30 be-

88 1574 66 27 rett
180 1571 134 31 tillfälle
340 1572 55 30 för
421 1572 154 31 Svenska
602 1573 293 35 stadsförbundet,
925 1573 153 31 Svenska
1104 1574 391 39 landstingsförbundet,
1525 1584 53 21 ar-

88 1624 397 40 betsgivareföreningen
508 1626 66 30 och
598 1627 381 38 landsorganisationen
1003 1630 49 27 att
1076 1627 180 30 inkomma
1280 1628 79 30 med
1383 1628 194 39 yttranden.

89 1678 51 30 Av
157 1679 98 30 dessa
272 1680 185 38 yttranden
473 1680 64 30 har
554 1680 166 30 utskottet
737 1680 85 39 tagit
839 1681 64 30 del.

135 1732 375 40 Lantbruksstyrelsen,
525 1734 285 38 länsstyrelserna
824 1734 11 30 i
850 1734 210 36 Stockholm,
1077 1735 186 38 Göteborgs
1277 1735 66 30 och
1359 1736 115 29 Bohus
1490 1738 89 27 samt

89 1786 306 30 Västernorrlands
417 1787 68 35 län,
509 1787 391 31 Landskommunernas
923 1788 162 35 förbund,
1109 1788 381 39 landsorganisationen
1513 1789 66 30 och

89 1839 38 30 R.
147 1839 35 30 L.
201 1839 26 30 F.
256 1839 171 40 tillstyrka
445 1841 195 38 utredning.
659 1841 164 30 Däremot
841 1841 179 39 avstyrkes
1038 1842 177 30 motionen
1233 1851 42 21 av
1295 1842 283 39 socialstyrelsen,

90 1892 285 39 länsstyrelserna
392 1893 9 30 i
420 1893 179 36 Hallands,
619 1894 213 39 Skaraborgs
849 1895 66 29 och
933 1895 257 29 Västerbottens
1207 1896 57 28 län
1283 1898 89 27 samt
1390 1905 42 20 av
1449 1895 129 30 arbets-

90 1945 311 39 givarföreningen.
445 1946 362 40 Medicinalstyrelsen,
850 1948 285 39 länsstyrelserna
1178 1948 10 29 i
1231 1943 260 44 Östergötlands
1513 1949 66 30 och

91 1998 196 31 Malmöhus
306 2000 58 29 län
384 2003 89 27 samt
493 2000 154 30 Svenska
667 2000 380 39 landstingsförbundet
1067 2001 156 30 förklara
1244 2001 50 39 sig
1314 2002 75 29 icke
1408 2002 46 29 ha
1474 2001 105 39 något

90 2055 49 27 att
158 2052 113 30 erinra
291 2053 81 29 eller
391 2052 74 31 icke
485 2053 85 30 böra
590 2052 128 32 avråda
739 2053 80 31 från
839 2054 193 39 utredning.
1055 2055 12 29 I
1089 2055 118 38 övriga
1226 2055 184 39 yttranden
1432 2058 94 35 tages
1547 2055 31 38 ej

90 2106 162 38 ställning
269 2106 51 30 till
336 2105 124 40 frågan
476 2117 58 19 om
551 2107 194 39 utredning.

136 2159 364 39 Lantbruksstyrelsen
518 2160 165 30 hänvisar
701 2161 50 29 till
769 2164 49 26 att
836 2161 204 38 jordbruket
1059 2161 31 38 ej
1109 2162 71 29 kan
1198 2161 107 39 bjuda
1325 2162 70 29 lika
1414 2162 88 38 goda
1522 2172 56 20 av-

90 2212 315 38 löningsförmåner
421 2213 64 30 och
503 2213 361 30 arbetsförhållanden
881 2224 74 20 som
972 2215 109 29 andra
1098 2214 164 39 näringar
1279 2218 89 26 samt
1385 2218 48 26 att
1450 2216 128 29 arbets-

89 2265 135 29 bördan
246 2265 55 30 för
323 2266 138 30 särskilt
483 2266 256 39 landsbygdens
762 2267 149 30 kvinnor
933 2268 38 28 är
994 2268 324 38 oproportionerligt
1342 2271 79 26 stor.
1447 2268 131 29 Utbild-

89 2317 367 39 ningsmöjligheterna
475 2319 84 30 böra
579 2320 152 29 beaktas.
753 2320 258 38 Länsstyrelsen
1031 2320 9 29 i
1061 2320 218 30 Stockholms
1299 2321 56 28 län
1376 2320 203 30 framhåller

90 2373 49 27 att
154 2371 41 29 de
211 2370 168 39 åtgärder,
396 2381 74 20 som
486 2372 8 29 i
511 2372 176 30 motionen
703 2371 160 40 påyrkas,
881 2373 96 29 torde
992 2373 72 29 visa
1082 2373 49 37 sig
1148 2373 164 30 förenade
1328 2374 78 29 med
1422 2374 156 37 problem

89 2433 43 20 av
151 2426 69 28 stor
238 2424 204 30 ekonomisk
461 2425 177 35 räckvidd,
658 2426 64 29 och
741 2426 243 38 länsstyrelsen
1003 2426 70 29 kan
1093 2426 30 38 ej
1143 2429 211 27 oreserverat
1373 2427 135 29 ansluta
1530 2427 49 37 sig

90 2477 51 29 till
161 2477 194 30 motionens
376 2478 171 38 riktlinjer
568 2488 79 20 men
669 2488 100 20 anser
791 2479 49 38 sig
862 2479 83 29 böra
967 2479 170 38 tillstyrka
1161 2489 41 20 en
1225 2479 135 39 allsidig
1382 2480 64 30 och
1470 2480 108 30 förut-

90 2546 109 31 Bihang
218 2547 41 24 till
277 2547 167 32 riksdagens
463 2548 146 31 protokoll
630 2549 73 24 1942.
725 2549 31 23 12
775 2548 80 24 saml.
877 2549 11 23 1
909 2548 62 24 avd.
992 2548 39 24 Nr
1051 2549 23 23 7.

1608 1102 162 25 Yttranden.
