2214 2630
470 172 18 29 2
940 172 244 32 Statsutskottets
1206 174 171 31 Memorial
1399 175 63 31 N:o
1484 175 52 31 46.

564 259 117 36 under
707 260 169 48 punkten
904 263 68 41 5:o,
1001 273 109 23 mom.
1140 259 46 46 a),
1215 267 54 30 att
1292 262 208 47 Riksdagen
1520 266 125 40 måtte,
1667 264 81 35 med
1768 265 270 46 godkännande

427 309 40 36 af
490 309 175 47 bifogade
693 309 136 48 förslag
855 311 57 34 till
940 316 71 30 stat
1037 310 59 36 för
1124 310 177 38 Gotlands
1328 318 154 42 trupper
1510 311 79 47 (bil.
1619 327 59 22 n:o
1707 312 37 46 9)
1766 315 196 47 medgifva,
1983 323 55 30 att

427 358 179 38 Gotlands
636 359 387 49 infanteriregemente
1055 362 67 35 och
1151 362 258 48 artillericorps
1438 366 111 33 måtte
1577 366 292 45 omorganiseras
1893 370 45 44 på
1964 374 75 29 sätt

427 410 159 35 nämnda
627 416 71 30 stat
740 411 177 43 utvisade,
957 411 188 37 äfvensom
1174 417 54 30 att
1255 413 117 35 under
1398 413 323 49 öfvergångstiden
1749 418 21 33 å
1797 421 119 30 staten
1944 430 93 35 upp-

427 460 219 36 kommande
686 460 238 48 besparingar
962 462 98 47 finge
1101 463 185 36 användas
1317 464 59 35 till
1404 463 224 37 bekostande
1656 464 40 36 af
1720 465 219 50 erforderlig
1965 480 71 36 ny-

426 511 242 47 uppsättning
706 512 39 34 af
784 512 430 48 munderingspersedlar
1252 513 67 36 och
1358 513 235 50 anskaffning
1626 515 39 36 af
1694 517 219 35 stamhästar
1940 524 95 29 samt

424 561 58 35 till
509 561 230 48 uppförande
766 561 40 36 af
830 561 262 38 förrådsbodar
1119 562 59 37 för
1204 564 267 36 landstormens
1499 564 187 37 äfvensom
1714 567 81 35 stall
1816 567 66 35 och
1906 568 130 36 ridhus

424 610 57 37 för
507 612 330 48 artillericorpsens
865 612 123 44 behof;

560 662 117 36 under
716 663 164 47 punkten
914 666 69 41 5:0,
1012 677 111 23 mom.
1153 661 50 47 b),
1232 671 53 29 att
1311 665 207 47 Riksdagen
1549 669 113 33 måtte
1691 667 186 48 medgifva
1903 668 131 47 Kongl.

424 712 103 46 Maj:t
566 718 54 30 att
659 716 45 44 på
743 716 40 32 så
822 719 73 30 sätt
934 714 113 36 ändra
1086 715 169 46 gällande
1296 721 112 30 stater
1440 715 56 36 för
1523 716 128 37 Första
1678 716 90 37 Svea
1795 719 65 34 och
1889 718 146 37 Vendes

424 763 393 46 artilleriregementen
845 770 95 29 samt
963 763 188 45 Gotlands,
1172 764 204 48 Vaxholms
1395 766 65 35 och
1482 766 221 48 Karlsborgs
1722 769 311 47 artillericorpser,

424 818 54 30 att
517 814 108 34 lönen
660 817 45 43 på
737 819 72 30 stat
836 813 59 36 för
921 814 45 36 de
993 815 62 35 vid
1083 815 104 36 dessa
1213 825 233 38 regementen
1474 818 66 34 och
1569 830 146 35 corpser
1742 819 166 35 anstälde
1935 825 99 30 rust-

423 863 322 44 kammarsmeder,
785 865 399 45 gevärshandtverkare
1222 866 66 35 och
1329 867 249 36 stockmakare
1616 868 97 46 finge
1740 868 83 36 från
1852 870 67 34 och
1948 870 82 35 med

423 917 40 32 år
491 916 96 33 1899
618 917 88 45 utgå
733 914 84 36 med
846 917 72 33 700
946 915 150 43 kronor;

558 964 66 36 och
654 964 116 36 under
798 965 163 47 punkten
990 968 69 41 5:o,
1090 979 109 22 mom.
1228 964 45 47 c),
1294 972 66 38 att,
1379 968 60 35 vid
1460 967 104 36 bifall
1583 969 57 35 till
1662 969 93 35 hvad
1778 970 118 35 under
1916 971 117 46 punkt

426 1016 56 33 1:0
510 1013 218 48 föreslagits,
755 1015 211 47 Riksdagen
994 1019 113 33 måtte
1136 1016 184 47 medgifva
1338 1017 132 47 Kongl.
1491 1018 102 47 Maj:t
1612 1024 52 30 att
1684 1023 45 43 på
1747 1019 62 36 det
1828 1025 73 30 sätt
1919 1021 114 35 ändra

424 1065 168 46 gällande
633 1071 72 30 stat
744 1065 58 36 för
841 1065 300 45 fortifikationen,
1182 1072 54 30 att
1267 1067 44 35 de
1338 1069 12 34 i
1379 1081 135 23 samma
1541 1075 73 30 stat
1641 1069 56 35 för
1724 1083 45 22 en
1796 1071 234 43 sekreterare,

422 1115 118 35 tillika
581 1115 145 36 auditör
766 1116 61 35 vid
869 1115 92 37 Svea
999 1117 343 47 ingeniörbataljon,
1384 1125 92 29 samt
1515 1119 59 36 för
1601 1133 43 22 en
1674 1121 127 35 kassör
1827 1121 67 35 och
1924 1121 107 35 redo-

422 1172 130 40 görare
592 1172 189 41 upptagna
821 1166 278 44 löneförmåner,
1141 1168 153 48 tillhopa
1333 1171 108 41 5,000
1470 1170 135 35 kronor
1627 1170 114 47 jemte
1768 1171 262 48 ålderstillägg,

422 1217 172 34 uteslötes
630 1222 94 30 samt
750 1217 12 34 i
790 1218 121 35 stället
943 1218 6 34 i
976 1218 160 35 nämnda
1163 1224 71 30 stat
1262 1218 195 49 uppfördes
1484 1219 149 37 arfvode
1662 1224 36 32 åt
1725 1234 44 22 en
1797 1222 147 35 auditör
1970 1222 61 35 vid

421 1264 92 38 Svea
540 1266 335 47 ingeniörbataljon
903 1268 82 35 med
1013 1270 73 34 500
1115 1269 149 43 kronor;

556 1317 93 35 hade
677 1318 180 35 utskottet
884 1318 115 35 under
1027 1319 166 47 punkten
1220 1321 70 42 5:o,
1319 1333 109 22 mom.
1456 1319 39 42 d)
1523 1320 202 49 föreslagit,
1753 1327 66 38 att,
1845 1322 64 35 vid
1927 1321 102 37 bifall

421 1367 56 35 till
519 1367 97 35 hvad
658 1368 116 42 under
813 1365 48 48 a),
903 1366 40 46 b)
983 1369 64 35 och
1081 1367 35 46 c)
1144 1368 217 48 föreslagits,
1390 1370 210 48 Riksdagen
1629 1375 112 32 måtte
1769 1373 69 34 öka
1866 1374 164 45 anslaget

419 1418 58 35 till
505 1418 162 47 aflöning
694 1419 66 35 och
788 1419 242 48 rekrytering,
1060 1433 49 22 nu
1140 1421 197 43 8,495,500
1366 1421 144 42 kronor,
1539 1421 83 36 med
1650 1424 136 41 33,370
1815 1423 136 35 kronor
1973 1423 58 35 till

421 1469 198 42 8,528,870
648 1469 147 35 kronor.

553 1518 108 36 Hvad
689 1520 180 35 utskottet
896 1520 152 35 sålunda
1075 1521 172 35 hemstält
1274 1521 66 36 har
1366 1521 126 36 Första
1520 1521 219 38 Kammaren
1758 1523 146 43 bifallit,
1921 1524 106 35 hvar-

420 1574 97 30 emot
556 1569 128 35 Andra
725 1569 229 45 Kammaren,
995 1583 78 23 som
1101 1571 146 47 afslagit
1273 1573 163 46 punkten
1466 1575 55 33 1:o
1548 1579 96 29 samt
1669 1573 167 47 godkänt
1863 1575 165 47 punkten

420 1621 57 33 5:o
518 1632 109 22 mom.
670 1618 35 46 a)
745 1620 66 35 och
852 1617 39 48 b)
932 1627 93 30 samt
1055 1620 179 37 förklarat
1261 1634 109 24 mom.
1400 1620 34 47 c)
1461 1623 12 34 i
1501 1623 202 48 anledning
1731 1623 41 36 af
1797 1625 230 35 kammarens

417 1669 119 37 beslut
564 1670 118 36 under
709 1671 165 47 punkten
903 1673 56 33 1:0o
987 1671 108 36 hafva
1123 1671 162 45 förfallit,
1314 1673 96 35 visat
1436 1686 107 22 mom.
1573 1671 40 47 d)
1642 1677 78 32 åter
1745 1675 58 35 till
1832 1676 192 35 utskottet.

552 1720 55 35 Då
648 1721 204 36 emellertid
880 1721 126 38 Första
1032 1721 220 37 Kammaren
1280 1722 109 36 fattat
1416 1723 121 36 beslut
1563 1724 13 35 i
1605 1724 61 36 det
1694 1723 39 37 af
1759 1725 128 35 Andra
1914 1725 112 36 Kam-

419 1783 123 23 maren
570 1771 313 36 återremitterade
910 1772 159 44 ärendet,
1099 1772 57 36 får
1184 1773 176 36 utskottet
1387 1774 204 43 hemstålla,

954 1878 54 30 att
1021 1873 128 35 Andra
1163 1873 220 36 Kammaren
1396 1874 186 48 behagade
1593 1874 94 37 fatta
1697 1875 120 37 beslut
1829 1876 13 35 i
1852 1875 106 48 fråga
1967 1889 59 23 om

820 1924 289 35 statsutskottets
1136 1924 13 35 i
1178 1924 187 36 utlåtande
1397 1938 59 22 n:o
1484 1928 32 40 5,
1551 1926 165 47 punkten
1748 1928 57 34 5:o
1835 1940 110 22 mom.
1974 1925 50 47 d),

820 1973 130 47 gjorda
977 1973 229 36 hemställan.

552 2122 72 45 2:0)
690 2122 101 37 Efter
833 2124 64 35 det
943 2125 179 35 utskottet
1167 2125 115 35 under
1321 2127 164 46 punkten
1529 2128 56 33 1:o
1626 2127 13 34 i
1680 2127 64 35 sitt
1786 2126 240 37 förenämnda

416 2173 187 35 utlåtande
643 2173 98 48 gjort
781 2174 216 36 hemställan
1038 2178 45 44 på
1124 2181 72 29 sätt
1236 2176 82 34 här-
1339 2175 111 37 ofvan
1490 2176 239 45 omförmälts,
1773 2183 95 30 samt
1912 2177 115 36 under

414 2223 165 48 punkten
609 2225 57 34 6:0
698 2224 182 43 hemstält,
909 2230 54 30 att
989 2225 211 47 Riksdagen
1229 2229 121 40 måtte,
1380 2226 82 36 med
1489 2227 269 47 godkännande
1789 2227 40 36 af
1855 2228 171 47 bifogade
