2204 2618
691 192 254 33 Statsutskottets
968 191 168 32 utlåtande
1160 191 51 31 Nr
1233 193 41 28 12
1290 191 39 30 A.
1788 190 19 29 9

215 281 160 47 122,000
418 279 146 46 kronor,
595 280 74 34 dels
697 279 62 35 ock
786 279 57 34 för
870 276 291 48 ifrågavarande
1193 275 168 36 ändamål
1395 276 56 34 för
1480 278 40 32 år
1551 276 96 34 1920
1677 274 132 36 anvisa

212 339 52 30 ett
291 331 385 47 reservationsanslag
704 332 20 33 å
752 330 138 46 40,000
921 329 147 35 kronor.

315 383 260 47 Utredningen
604 382 11 35 i
644 381 154 36 ärendet
827 381 202 35 återfinnes
1051 382 20 33 å
1092 379 68 35 sid.
1183 380 147 34 25—27
1352 378 11 35 i
1384 377 423 48 statsrådsprotokollet.

316 435 16 36 I
361 448 46 23 en
435 435 100 35 inom
565 433 117 36 andra
710 433 215 35 kammaren
952 431 116 35 väckt
1097 431 156 45 motion,
1270 443 43 22 nr
1335 431 84 45 145,
1440 429 67 35 har
1526 429 85 35 herr
1628 429 42 35 E.
1692 429 118 35 Molin

214 487 199 45 hemställt,
443 490 54 31 att
526 485 58 35 för
611 483 289 48 ifrågavarande
928 481 185 49 byggnad
1143 484 113 33 måtte
1284 480 151 36 anvisas
1464 485 53 30 ett
1544 480 266 36 reservations-

214 538 134 47 anslag
377 537 57 35 för
461 539 40 33 år
533 537 96 34 1920
659 548 45 22 av
736 535 161 45 122,000
927 534 150 34 kronor.

317 587 237 37 Beträffande
583 586 45 36 de
669 586 92 46 skäl,
804 598 78 23 som
913 585 143 35 anförts
1085 584 56 35 till
1171 582 83 37 stöd
1285 583 55 35 för
1368 582 122 35 denna
1520 582 290 47 framställning,

214 640 58 36 får
299 640 183 36 utskottet
510 638 159 36 hänvisa
696 637 55 36 till
780 637 203 36 motionen.

316 717 18 36 I
375 716 205 47 anledning
622 728 45 23 av
708 714 128 36 därom
865 726 47 23 av
942 712 141 48 Kungl.
1114 711 105 48 Maj:t
1247 710 109 49 gjord
1386 710 278 48 framställning
1692 709 120 37 beslöt

217 770 98 35 1918
358 771 58 33 års
452 767 168 48 riksdag,
663 766 78 36 dels
783 771 56 30 att
880 765 59 36 för
979 764 116 47 inköp
1139 764 58 35 för
1238 762 308 49 telegrafverkets
1575 761 164 48 räkning
1767 775 45 21 av

214 826 202 30 tomterna.
440 819 104 36 Boda
584 832 44 22 nr
670 820 20 33 2
721 818 69 36 och
820 819 20 33 5
869 817 12 35 i
910 815 245 37 Strömsunds
1184 813 396 50 municipalsamhälle,
1609 812 204 49 utvidgade

215 872 56 36 till
313 885 45 22 en
401 871 97 36 areal
540 883 45 22 av
627 869 176 47 omkring
844 869 73 35 815
960 867 290 44 kvadratmeter,
1293 866 57 35 för
1392 868 40 32 år
1476 866 97 34 1919
1602 865 132 35 anvisa
1761 869 53 30 ett

216 922 385 47 reservationsanslag
629 933 47 22 av
706 920 110 45 1,500
845 919 150 46 kronor,
1026 918 79 36 dels
1133 918 69 35 ock
1231 922 54 30 att
1312 920 20 32 å
1364 916 164 36 nämnda
1560 921 135 30 tomter
1713 916 101 46 finge

216 975 181 49 uppföras
438 987 47 22 en
517 970 508 51 telegrafstationsbyggnad
1054 969 58 36 för
1140 982 46 22 en
1214 967 190 37 beräknad
1433 967 161 36 kostnad
1623 980 48 22 av
1699 967 115 48 högst

217 1027 139 47 98,500
398 1025 150 37 kronor.
603 1024 129 47 Något
765 1022 133 48 anslag
926 1022 57 35 för
1010 1020 251 50 byggnadens
1289 1019 229 49 påbörjande
1546 1019 85 36 blev
1658 1019 82 35 icke
1769 1031 46 23 av

217 1078 204 47 riksdagen
454 1077 155 36 anvisat.
665 1076 58 35 Av
753 1074 71 37 den
851 1087 52 23 nu
932 1072 174 37 lämnade
1135 1072 251 48 utredningen
1414 1071 11 35 i
1454 1070 154 37 ärendet
1636 1070 177 48 framgår,

217 1135 56 31 att
291 1129 162 37 behovet
474 1142 46 22 av
539 1141 75 35 nya
642 1127 143 36 lokaler
812 1126 58 36 för
896 1124 292 49 telegrafverket
1214 1124 12 45 i
1256 1122 223 37 Strömsund
1507 1128 40 30 är
1574 1122 242 49 synnerligen

217 1182 220 48 trängande.
492 1180 192 37 Utskottet
711 1179 68 35 har
807 1177 126 37 därför
959 1177 83 36 icke
1069 1176 125 36 funnit
1221 1175 81 36 skäl
1321 1180 179 31 motsätta
1520 1175 72 47 sig,
1610 1180 53 30 att
1683 1174 133 48 anslag

218 1234 59 36 för
317 1232 408 50 byggnadsföretagets
753 1228 296 50 igångsättande
1077 1241 51 23 nu
1155 1227 168 48 beviljas.
1378 1226 85 36 Vad
1490 1226 175 37 beträffar
1691 1226 125 48 bygg-

218 1284 308 37 nadskostnaden
567 1296 112 35 synes
706 1284 48 46 på
783 1281 124 48 grund
935 1294 47 22 av
1011 1280 71 36 den
1110 1279 175 36 inträdda
1312 1278 218 49 ytterligare
1559 1278 218 48 stegringen
1805 1278 12 34 i

219 1337 137 36 arbets-
394 1336 70 36 och
491 1334 288 48 materialpriser
807 1345 156 23 numera
990 1331 200 49 möjlighet
1217 1330 81 36 icke
1326 1330 203 35 förefinnas
1558 1334 55 31 att
1641 1328 176 37 fasthålla

220 1389 63 36 vid
313 1388 72 36 den
414 1401 47 22 av
492 1388 97 34 1918
619 1388 58 34 års
704 1384 157 48 riksdag
888 1383 216 37 beräknade
1132 1381 219 37 kostnaden.

323 1439 204 45 Utskottet,
556 1451 81 23 som
678 1436 31 49 ej
755 1436 123 36 funnit
911 1434 229 48 tillräckliga
1168 1434 81 35 skäl
1278 1433 76 36 tala
1382 1433 56 35 för
1465 1432 105 36 bifall
1598 1432 56 36 till
1683 1431 61 37 det
1772 1445 46 23 av

220 1492 85 36 herr
332 1491 118 36 Molin
479 1489 136 50 gjorda
642 1488 194 48 förslaget,
890 1486 227 47 hemställer,

726 1570 54 31 att
820 1564 217 48 riksdagen,
1069 1563 84 36 med
1183 1562 103 37 bifall
1313 1562 56 36 till
1396 1561 143 49 Kungl.
1568 1561 127 49 Maj:ts
1723 1561 96 36 före-

622 1616 180 50 liggande
844 1617 144 47 förslag
1030 1620 99 32 samt
1170 1615 84 36 med
1296 1614 132 48 avslag
1469 1627 47 22 av
1556 1613 87 36 herr
1682 1612 137 38 Molins

623 1668 256 38 ovanberörda
920 1667 157 47 motion,
1107 1667 12 36 i
1147 1667 71 35 vad
1248 1666 218 36 densamma
1494 1665 128 49 skiljer
1650 1666 60 48 sig
1738 1665 82 36 från

622 1721 132 48 Kungl
783 1720 124 49 Maj:ts
936 1719 156 48 förslag,
1122 1721 60 33 må

725 1777 34 38 a)
800 1771 86 37 med
927 1771 164 48 ändring
1133 1783 45 23 av
1222 1770 64 36 sitt
1322 1772 39 33 år
1391 1770 97 34 1918
1518 1769 141 35 fattade
1686 1768 134 47 beslut,

623 1824 189 48 medgiva,
855 1828 55 31 att
950 1836 46 23 en
1040 1821 470 50 telegrafstationsbyggnad
1551 1821 14 35 i
1592 1821 230 36 Strömsunds

624 1876 375 48 municipalsamhälle
1036 1876 61 34 må
1131 1874 181 49 uppföras
1342 1872 57 37 för
1426 1886 46 23 en
1499 1872 191 36 beräknad
1720 1872 101 36 kost-

624 1928 74 36 nad
727 1941 46 23 av
804 1928 163 46 122,000
996 1927 151 46 kronor,

726 1980 39 48 b)
805 1980 58 35 för
890 1977 291 50 ifrågavarande
1209 1977 174 36 ändamål
1410 1976 59 36 för
1497 1978 39 33 år
1567 1977 97 35 1920
1694 1975 129 37 anvisa

624 2037 52 31 ett
703 2031 389 47 reservationsanslag
1121 2043 44 22 av
1194 2030 138 46 40,000
1360 2028 150 36 kronor.

330 2109 73 49 9:0)
447 2109 139 49 Kungl.
616 2109 108 49 Maj:t
752 2109 66 36 har
846 2108 127 36 vidare
1001 2107 138 49 (punkt
1168 2105 35 50 8)
1232 2106 193 48 föreslagit
1453 2105 205 49 riksdagen
1687 2110 55 31 att
1770 2105 55 35 till
1874 2111 139 41 Telefon-

224 2162 187 36 täckande
453 2175 45 22 av
539 2161 104 47 brist,
672 2174 81 23 som
780 2160 239 49 uppkommit
1050 2162 20 33 å
1098 2172 47 22 av
1171 2157 202 49 riksdagen
1402 2156 179 37 anvisade
1609 2157 133 48 anslag
1769 2157 56 35 till
1860 2145 142 67 byggnad
2015 2162 18 43 i

225 2213 237 50 uppförande
503 2226 47 23 av
578 2227 47 23 en
654 2210 487 51 telefonstationsbyggnad
1170 2212 20 34 å
1218 2209 72 37 den
1317 2208 292 49 telegrafverket
1636 2208 190 49 tillhöriga
1863 2214 166 32 Göteborg.

226 2271 145 31 tomten
413 2279 44 23 nr
500 2267 20 34 9
562 2265 11 36 i
617 2264 121 50 fjärde
777 2264 192 37 kvarteret
1011 2277 46 22 av
1087 2262 214 48 Göteborgs
1330 2261 105 36 stads
1463 2261 89 37 elfte
1580 2266 93 41 rote,
1702 2261 59 36 för
1788 2263 39 33 år
1916 2259 68 47 [8]

230 2319 99 35 1920
358 2318 131 36 anvisa
516 2322 52 32 ett
594 2316 384 48 reservationsanslag
1006 2328 47 23 av
1083 2315 164 46 200,000
1275 2314 147 36 kronor.

269 2380 117 36 Bihang
409 2380 46 28 till
478 2379 169 36 riksdagens
665 2379 146 36 protokoll
835 2378 90 28 1919.
967 2378 18 27 6
1007 2377 85 29 saml.
1133 2377 40 27 12
1194 2376 72 35 häft.
1312 2373 61 39 (Nr
1395 2375 40 28 12
1448 2372 52 41 A)
1644 2382 78 19 81719
1768 2375 17 27 2
