2208 2618
700 190 254 31 Statsutskottets
979 188 165 31 utlåtande
1171 188 48 30 Nr
1247 191 35 27 12
1300 187 37 30 ÅA.
1787 186 19 29 3

316 276 262 49 Utredningen
607 276 10 35 i
647 275 155 36 ärendet
831 274 204 37 återfinnes
1064 273 11 36 i
1105 271 430 50 stadsrådsprotokollet
1555 271 67 37 sid.
1643 273 160 35 16—18.

314 380 74 36 För
412 380 130 48 inköp
584 392 48 23 av
660 383 97 32 tomt
790 379 58 35 för
878 378 68 36 och
975 377 237 49 uppförande
1242 389 45 23 av
1316 375 305 49 centralposthus
1650 374 10 36 i
1691 374 115 37 Göte-

213 432 95 49 borg
335 432 69 37 har
418 431 206 47 riksdagen
641 430 120 36 under
777 433 89 33 åren
885 430 252 35 1914—1918
1167 427 151 37 anvisat
1334 426 253 49 sammanlagt
1603 427 203 46 3,010,000

214 485 148 45 kronor,
405 496 113 23 varav
561 483 202 46 2,298,695
806 482 142 35 kronor
990 482 46 34 69
1067 485 64 30 öre
1162 480 58 35 för
1248 480 119 47 själva
1396 478 409 48 byggnadsföretaget.

212 535 16 36 I
257 535 45 35 de
331 537 39 33 år
403 536 96 34 1914
527 533 226 49 upprättade
782 531 273 50 ursprungliga
1085 530 495 48 kostnadsberäkningarna
1605 529 59 35 för
1683 529 124 47 bygg-

212 587 122 35 naden
376 585 233 37 beräknades
639 585 217 36 densamma
884 584 151 35 komma
1064 587 54 31 att
1146 583 117 36 kräva
1288 595 46 23 en
1354 581 162 36 kostnad
1537 594 46 22 av
1604 581 203 46 2,670,000

213 639 151 47 kronor,
402 637 118 37 vilket
563 637 137 48 belopp
742 649 139 36 genom
923 635 100 36 vissa
1066 633 253 48 förenklings-
1357 633 68 36 och
1467 632 338 48 ändringsarbeten

214 690 211 37 sedermera
453 691 138 46 ansågs
620 689 128 36 kunna
775 687 233 49 nedbringas
1037 686 56 36 till
1122 687 202 47 2,400,000
1354 685 139 36 kronor
1521 684 92 36 eller
1643 685 45 34 26
1720 685 21 34 å
1761 686 45 33 27

214 743 142 35 kronor
396 741 59 36 för
497 741 248 36 kubikmeter.
801 739 57 36 Då
895 738 135 49 anslag
1066 738 56 36 till
1165 736 370 51 byggnadsarbetets
1577 734 231 51 påbörjande

214 794 159 37 äskades
402 807 46 22 av
478 795 96 34 1916
605 796 61 33 års
694 791 166 48 riksdag,
891 790 235 37 beräknades
1155 789 214 36 kostnaden
1398 789 57 36 för
1488 787 233 49 byggnaden
1754 786 55 36 till

216 846 92 48 följd
329 859 45 22 av
390 845 175 48 stegrade
583 845 141 35 arbets-
740 844 70 35 och
828 842 291 48 materialpriser
1139 841 151 36 komma
1310 845 54 31 att
1383 842 127 46 uppgå
1530 840 56 35 till
1607 839 202 45 2,900,000

214 898 139 36 kronor
369 896 90 37 eller
473 896 56 36 till
546 895 175 48 omkring
737 897 46 34 32
800 895 141 35 kronor
956 906 67 36 per
1038 892 252 37 kubikmeter.
1321 893 57 35 Av
1395 889 416 51 statsrådsprotokollet

214 950 167 47 framgår
401 947 220 47 emellertid,
642 952 55 31 att
716 947 121 48 enligt
857 946 211 47 beräkning
1088 958 46 22 av
1154 943 392 50 byggnadsstyrelsen
1566 943 12 35 i
1598 942 213 49 september

219 1003 96 34 1918
344 999 212 37 kostnaden
586 1000 152 36 dåmera
766 998 243 49 uppskattats
1038 996 57 36 till
1122 996 32 49 ej
1186 996 145 36 mindre
1360 1000 48 31 än
1437 996 203 46 8,000,000
1670 994 142 35 kronor

215 1053 92 37 eller
334 1052 176 49 omkring
538 1053 48 36 85
615 1051 141 36 kronor
784 1063 66 36 per
878 1048 250 38 kubikmeter.
1185 1047 133 49 Enligt
1344 1047 292 50 upplysningar,
1658 1058 79 23 som
1753 1050 57 31 ut-

216 1106 142 35 skottet
399 1104 148 37 erhållit
589 1104 84 36 från
704 1101 409 51 byggnadsstyrelsen,
1142 1112 112 25 anses
1283 1100 33 49 ej
1348 1112 65 24 ens
1442 1099 105 36 detta
1577 1098 138 49 belopp
1743 1111 68 22 nu-

217 1171 101 23 mera
344 1169 90 24 vara
462 1155 199 51 tillfyllest,
691 1160 90 32 utan
809 1154 97 37 sluta
934 1153 46 36 de
1010 1157 130 32 genast
1167 1150 233 39 verkställda
1429 1150 304 46 beräkningarna
1761 1152 48 46 på

217 1223 48 23 en
306 1221 143 25 summa
477 1221 46 23 av
552 1207 180 49 omkring
753 1207 202 46 9,450,000
975 1205 153 46 kronor,
1150 1203 212 50 utgörande
1382 1203 178 48 omkring
1584 1203 70 36 100
1674 1202 139 36 kronor

217 1275 67 36 per
303 1260 246 37 kubikmeter.
587 1259 75 36 För
680 1257 376 50 byggnadsarbetets
1071 1256 252 37 fortsättande
1339 1256 67 35 har
1424 1253 387 50 byggnadsstyrelsen

216 1311 192 38 hemställt
436 1325 60 23 om
525 1311 206 36 anvisande
760 1309 82 37 dels
862 1323 48 23 av
926 1310 163 47 350,000
1109 1308 141 36 kronor
1270 1311 20 33 å
1308 1307 238 49 tilläggsstat
1567 1306 57 36 för
1645 1308 39 33 år
1702 1306 110 45 1919,

218 1365 81 36 dels
328 1364 71 37 ock
427 1377 47 23 av
504 1364 203 46 3,400,000
736 1362 140 36 kronor
896 1364 20 34 å
934 1360 208 37 riksstaten
1170 1360 61 36 för
1259 1362 41 33 år
1330 1360 108 35 1920.
1481 1358 128 47 Något
1637 1357 134 48 anslag
1793 1359 20 34 å

219 1417 233 48 tilläggsstat
493 1416 67 35 har
601 1416 32 48 ej
677 1415 129 36 äskats
846 1427 47 23 av
934 1412 140 49 Kungl.
1104 1412 120 49 Maj:t,
1266 1425 80 23 som
1388 1411 71 36 ock
1496 1410 152 36 nedsatt
1676 1409 64 36 det
1767 1421 47 24 av

218 1467 395 51 byggnadsstyrelsen
642 1466 166 49 begärda
837 1464 174 49 anslaget
1040 1465 57 36 för
1126 1467 41 33 år
1198 1465 97 34 1920
1323 1462 84 37 med
1440 1463 200 47 1,900,000
1660 1461 152 36 kronor.

321 1520 83 37 Den
445 1519 343 48 kostnadsökning,
831 1531 80 24 som
954 1516 155 38 sålunda
1145 1516 144 46 inträtt,
1318 1516 69 36 har
1415 1519 108 45 synts
1552 1512 185 38 utskottet
1765 1535 48 3 —

219 1578 94 31 även
342 1572 85 37 med
455 1571 243 48 vederbörlig
726 1571 149 48 hänsyn
903 1575 116 43 tagen
1046 1568 58 36 till
1132 1568 73 36 den
1234 1567 188 37 allmänna
1441 1565 372 50 prisstegringen
1776 1561 40 62 —

220 1638 89 23 vara
350 1623 360 49 anmärkningsvärt
751 1623 87 47 hög.
894 1621 197 38 Utskottet
1132 1620 70 36 har
1233 1620 116 36 redan
1378 1632 47 24 av
1453 1618 125 37 denna
1607 1617 207 48 anledning

219 1682 126 32 ansett
374 1677 59 48 sig
461 1676 92 37 böra
579 1680 91 43 taga
697 1674 121 37 under
846 1672 278 50 övervägande,
1154 1685 61 23 om
1242 1671 96 48 icke,
1367 1675 96 32 trots
1491 1670 47 37 de
1567 1669 248 49 olägenheter

220 1730 59 36 för
305 1728 233 51 postverket,
568 1740 82 24 som
679 1726 116 37 därav
824 1725 121 37 skulle
974 1725 102 48 följa,
1106 1723 355 50 byggnadsarbetet
1488 1721 185 49 tillfälligt
1699 1721 116 37 borde

219 1781 180 49 avbrytas
426 1780 12 36 i
467 1780 188 36 avvaktan
673 1782 47 46 på
739 1777 224 38 inträdande
986 1789 268 37 gynsammare
1273 1774 247 38 ekonomiska
1539 1773 274 38 förhållanden.

221 1833 134 37 Såsom
398 1833 168 47 framgår
607 1845 47 22 av
691 1830 179 48 bifogade
899 1830 83 36 från
1011 1828 397 50 byggnadsstyrelsen
1436 1825 275 38 införskaffade
1738 1830 79 44 ytt-

219 1885 119 37 rande
365 1885 13 36 i
405 1884 157 37 ärendet
590 1882 83 51 (Bil.
705 1882 72 49 A.),
806 1882 76 36 kan
911 1882 33 49 ej
975 1881 120 37 heller
1122 1880 86 37 med
1237 1880 63 36 det
1328 1893 46 23 av
1402 1879 144 48 Kungl.
1567 1878 109 49 Maj:t
1696 1877 59 37 för
1776 1879 41 34 år

224 1938 96 36 1920
363 1936 140 38 äskade
545 1935 351 49 anslagsbeloppet,
942 1934 201 47 1,500,000
1185 1932 153 47 kronor,
1372 1930 353 50 byggnadsarbetet
1752 1929 64 37 be-

221 1989 128 38 drivas
377 1992 47 46 på
451 1987 318 49 ändamålsenligt
797 1991 85 43 sätt,
912 1991 90 31 utan
1031 1988 121 34 måste
1181 1989 56 32 ett
1251 1984 154 37 avbrott
1423 1984 12 36 i
1455 1983 148 37 arbetet
1622 1987 72 44 äga
1720 1995 95 23 rum.

222 2042 137 36 Därest
400 2046 55 32 ett
496 2040 134 37 sådant
658 2039 153 37 avbrott
839 2037 96 38 skall
964 2038 81 47 ske,
1073 2037 69 37 bör
1170 2037 103 36 detta
1302 2036 121 49 enligt
1452 2048 143 24 samma
1622 2034 194 37 utlåtande

222 2094 206 49 lämpligen
469 2098 127 44 göras,
639 2091 115 37 sedan
791 2089 253 50 byggnadens
1073 2088 216 38 stensockel
1317 2087 109 38 blivit
1453 2087 166 49 uppförd
1648 2091 96 31 samt
1772 2099 46 23 en

222 2145 237 50 provisorisk
500 2143 228 49 intäckning
768 2156 48 23 av
855 2142 233 49 byggnaden
1130 2140 232 38 verkställts.
1417 2139 87 37 Med
1537 2152 44 23 en
1613 2138 117 37 sådan
1757 2137 88 41 be-.

223 2198 213 49 gränsning
463 2210 46 24 av
537 2195 354 51 byggnadsarbetet
919 2193 121 38 skulle
1069 2193 193 37 erfordras
1290 2197 54 32 ett
1371 2191 224 49 ytterligare
1619 2190 134 48 anslag
1772 2202 47 23 av

226 2251 162 47 700,000
430 2249 151 37 kronor.
636 2247 87 37 Med
763 2248 152 48 hänsyn
954 2245 57 37 till
1038 2245 73 37 vad
1145 2245 155 37 sålunda
1328 2243 110 38 blivit
1465 2243 168 50 upplyst,
1663 2243 68 36 har
1761 2247 57 31 ut-

225 2303 143 38 skottet
397 2301 123 39 funnit
548 2301 61 51 sig
636 2300 92 39 böra
756 2299 165 49 förorda,
951 2303 54 34 att
1033 2297 64 40 det
1124 2299 47 36 av
1191 2297 141 53 Kungl.
1353 2296 107 52 Maj:t
1483 2295 141 39 äskade
1645 2294 175 50 anslaget
