2174 2648
653 206 260 34 Statsutskottets
946 202 176 34 Utlåtande
1149 200 65 32 N:o
1242 200 71 30 1753.
1681 192 44 32 51

188 310 105 35 unga
333 298 88 33 män
448 292 82 38 icke
558 291 36 37 få
622 302 110 25 anses
760 287 170 37 medföra
957 287 119 46 några
1104 277 392 51 anmärkningsvärda
1525 274 255 50 olägenheter,

189 347 181 39 särskildt
411 359 60 23 om
499 357 87 24 man
614 348 71 44 gör
713 355 46 23 en
783 338 218 52 jämförelse
1028 335 85 38 med
1141 334 193 38 städernas
1364 334 123 34 såsom
1515 327 268 50 familjebostä-

191 402 68 37 der
288 399 152 38 afsedda
469 394 368 49 5—6-våningshus,
866 391 163 49 belägna
1056 388 64 37 vid
1149 390 138 50 trånga
1315 389 111 44 gator
1454 382 70 37 och
1552 380 138 50 gårdar
1714 379 69 36 och

194 450 329 50 sammanbyggda
558 447 85 37 med
671 446 115 37 andra
813 443 177 38 liknande
1019 442 83 35 hus.
1157 439 126 36 ÅAfven
1311 450 61 23 om
1402 433 383 49 3-våningskaserner

194 507 12 36 i
233 504 159 39 berörda
432 500 240 39 hänseenden
712 499 129 36 kunna
881 509 90 23 vara
998 498 55 32 att
1081 491 200 48 föredraga
1309 487 157 38 framför
1494 484 290 49 4-våningshus,

192 558 109 37 torde
330 554 206 39 emellertid
565 553 73 36 den
666 552 41 35 af
731 544 531 53 kasernbyggnadsnämnden
1290 541 217 48 föreslagna
1527 536 259 48 anordningen

194 616 57 31 att
278 610 136 48 inhysa
442 606 185 48 manskap
656 604 83 36 från
768 602 100 37 olika
896 599 209 49 bataljoner
1124 598 12 35 i
1156 608 142 25 samma
1324 591 185 51 byggnad
1532 590 85 37 med
1636 601 151 37 gemen-

194 676 145 24 samma
379 661 189 47 ingångar
608 657 57 37 till
701 656 45 36 de
774 654 100 37 olika
901 652 236 48 våningarna
1164 662 44 23 ur
1235 646 138 38 militär
1402 643 196 51 synpunkt
1625 654 90 24 vara
1743 653 46 23 en

197 713 172 40 bestämd
398 711 214 49 olägenhet,
641 710 12 35 i
681 707 204 50 synnerhet
914 718 80 24 som
1021 701 270 48 utvecklingen
1318 710 154 24 numera
1501 708 112 36 synes
1638 696 50 46 gå
1707 692 83 37 där-

198 769 87 46 hän,
315 771 55 32 att
397 761 368 52 bataljonscheferna
792 759 180 48 tilläggas
1002 756 64 36 allt
1094 759 120 32 större
1234 749 307 52 själfständighet
1565 747 72 37 och
1655 758 136 24 ansvar

198 821 60 36 för
287 819 45 36 de
359 817 120 37 under
507 816 85 36 dem
619 812 163 50 lydande
810 808 365 51 truppafdelningar.
1230 805 51 36 På
1310 803 72 36 den
1410 800 125 50 grund
1562 812 91 23 anse
1671 798 39 36 vi
1729 809 63 24 oss

199 873 85 38 icke
323 871 129 37 kunna
492 867 152 38 förorda
685 865 73 37 den
797 861 216 40 nuvarande
1050 858 204 49 4-vånings
1282 856 274 48 kaserntypens
1584 848 208 51 utbytande

201 930 78 32 mot
308 924 71 36 den
409 923 40 35 af
472 914 533 54 kasernbyggnadsnämnden
1034 912 215 48 föreslagna
1277 910 12 35 i
1317 911 21 33 3
1368 907 196 47 våningar.

305 974 201 38 Nämnden
547 973 68 35 har
656 971 83 36 låtit
780 968 173 37 utarbeta
979 965 190 48 ritningar
1196 963 56 36 till
1280 959 362 50 3-våningskaserner
1669 955 12 36 i
1709 954 85 49 fyra

201 1032 120 47 något
347 1025 221 40 varierande
596 1030 121 43 typer,
747 1022 40 36 af
811 1020 129 38 hvilka
968 1016 246 39 alternativen
1232 1014 18 37 I
1270 1013 70 37 och
1358 1011 56 38 III
1441 1011 121 48 enligt
1579 1005 216 41 inhämtade

203 1081 279 51 upplysningar
523 1090 113 37 synas
664 1088 89 24 vara
782 1074 56 47 de,
876 1086 80 23 som
986 1070 115 37 oftast
1129 1068 119 37 skulle
1276 1066 150 36 komma
1454 1063 57 36 till
1539 1059 254 48 användning.

313 1135 137 35 Kasern
487 1129 188 38 alternativ
703 1128 30 36 I.
789 1125 84 37 Den
900 1123 270 48 väsentligaste
1199 1118 190 38 olikheten
1416 1115 136 37 mellan
1580 1113 122 38 denna
1729 1117 67 43 typ

206 1187 68 37 och
309 1185 72 37 den
410 1184 40 36 af
475 1178 469 54 generalskommissionen
973 1174 171 38 använda
1174 1194 46 3 —
1250 1172 163 35 förutom
1442 1168 62 36 det
1533 1166 98 37 olika
1659 1164 140 36 antalet

206 1239 187 47 våningar
429 1257 50 5 —
508 1240 40 31 är
578 1234 82 46 den,
703 1236 54 32 att
798 1230 120 48 enligt
959 1228 72 36 den
1069 1226 103 37 förra
1212 1223 132 49 hvarje
1371 1219 179 51 kompani
1579 1218 220 48 disponerar

209 1305 65 23 sex
292 1288 407 49 manskapslogement,
719 1282 203 38 hvartdera
941 1279 152 38 ämnadt
1116 1282 55 32 att
1189 1276 65 37 vid
1273 1275 109 37 enkel
1400 1271 238 50 beläggning
1656 1279 145 39 rymma

212 1344 148 37 14—15
390 1354 98 34 man,
517 1338 134 37 medan
679 1336 119 48 enligt
826 1334 72 37 den
926 1345 130 24 senare
1084 1331 58 37 för
1170 1334 53 32 ett
1250 1326 178 50 kompani
1456 1323 186 38 beräknas
1670 1320 131 38 endast

208 1397 77 36 fem
314 1394 150 46 sådana,
495 1390 155 38 afsedda
677 1394 55 31 att
759 1400 147 37 rymma
937 1385 148 36 17—18
1114 1396 87 22 man
1228 1379 212 38 hvartdera.
1479 1376 101 37 Båda
1609 1374 194 47 förslagen

208 1447 141 38 bereda
375 1445 65 37 vid
468 1443 110 38 enkel
604 1441 238 49 beläggning
869 1439 99 49 plats
997 1437 58 36 för
1084 1437 46 34 86
1160 1447 88 23 man
1276 1432 59 36 för
1362 1429 190 49 kompani.
1608 1426 196 49 Härjämte

211 1501 121 36 finnes
375 1503 53 31 ett
470 1494 178 39 särskildt
687 1506 84 23 rum
803 1492 58 36 för
888 1496 57 31 tre
973 1484 451 49 distinktionskorpraler.
1480 1480 132 49 Enligt
1638 1477 101 38 hvad
1766 1476 39 36 vi

212 1553 199 45 inhämtat,
439 1548 182 51 uppdelas
649 1545 221 49 manskapet
899 1543 58 36 för
984 1538 235 40 närvarande
1246 1536 120 37 under
1395 1540 119 31 större
1543 1532 108 37 delen
1667 1530 40 37 af
1727 1532 78 34 året

214 1606 82 36 icke
324 1605 11 35 i
364 1616 65 24 sex
469 1606 158 44 troppar
665 1603 93 31 utan
799 1597 94 36 efter
934 1595 45 36 de
1020 1593 99 37 olika
1147 1591 187 44 skolorna,
1364 1588 56 36 till
1448 1585 94 50 följd
1569 1583 137 37 hvaraf
1731 1582 74 36 fem

213 1658 193 48 logement
434 1654 118 36 under
580 1652 123 36 denna
731 1649 54 37 tid
813 1654 64 31 äro
905 1645 237 48 tillräckliga.
1197 1642 130 38 Under
1354 1636 453 53 repetitionsöfningarna

215 1710 180 45 däremot,
438 1706 47 37 då
527 1704 137 38 dubbel
705 1701 237 49 beläggning
983 1700 118 35 måste
1130 1701 72 44 äga
1229 1708 95 33 rum,
1354 1693 86 36 sker
1468 1688 300 50 förläggningen
1795 1686 12 36 i

215 1763 242 48 logementen
476 1757 184 50 troppvis,
682 1754 131 37 därvid
833 1766 137 37 genom
996 1751 256 48 dagrummets
1273 1744 248 39 användande
1540 1743 57 36 till
1615 1742 193 47 logement

216 1812 243 48 erforderligt
487 1810 101 36 antal
616 1808 141 37 sådana
784 1805 171 47 erhålles,
984 1802 135 37 medan
1146 1801 13 36 i
1187 1799 124 37 stället
1338 1797 325 37 lektionsrummet
1690 1791 119 37 under

218 1867 124 36 denna
369 1864 55 37 tid
453 1861 189 38 användes
669 1860 58 36 till
755 1859 169 48 dagrum.
979 1855 133 48 Enligt
1139 1845 554 54 kasernbyggnadsnämndens
1713 1844 96 36 före-

219 1917 182 50 liggande
433 1915 145 47 förslag
611 1912 121 37 skulle
763 1911 119 36 under
922 1904 462 53 repetitionsöfningarna,
1415 1901 45 36 då
1489 1898 138 38 dubbel
1655 1897 156 47 belägg-

218 1971 97 47 ning
343 1971 119 33 måste
490 1967 67 36 ske
584 1965 132 48 hvarje
743 1977 87 22 man
858 1961 140 37 erhålla
1024 1958 145 37 mindre
1192 1956 260 47 luftutrymme
1480 1957 48 31 än
1560 1950 120 48 enligt
1700 1961 112 36 gene-

220 2020 392 38 ralskommissionens
642 2016 155 48 förslag,
827 2015 126 35 därest
980 2012 81 36 icke
1085 2009 143 50 jämväl
1248 2008 235 48 dagrummet
1502 2004 195 48 belägges,
1718 2000 95 36 hvil-

222 2075 64 36 ket
319 2071 205 38 emellertid
553 2069 119 37 skulle
699 2081 90 23 vara
817 2065 198 49 olämpligt
1068 2062 84 37 med
1180 2062 150 47 hänsyn
1358 2059 56 35 till
1441 2054 372 51 troppindelningen,

223 2127 48 35 då
299 2125 220 48 därigenom
547 2123 259 48 logementens
835 2118 101 36 antal
963 2116 125 37 blefve
1117 2115 69 49 sju.
1763 2120 3 4 |

327 2177 51 36 På
420 2174 124 51 grund
587 2174 40 36 af
664 2174 68 35 här
775 2170 156 38 anförda
968 2165 259 40 förhållanden
1255 2163 107 38 torde
1391 2162 61 37 det
1480 2173 89 24 vara
1596 2156 220 48 tillräckligt

225 2236 68 41 att,
336 2230 125 36 därest
497 2227 243 48 manskapets
768 2222 235 51 uppdelning
1029 2219 119 37 under
1176 2218 103 36 tiden
1307 2215 137 37 mellan
1470 2208 347 54 repetitionsöfnin-

225 2296 123 35 garna
371 2279 231 38 fortfarande
625 2279 170 35 kommer
825 2281 53 31 att
907 2274 66 36 ske
1001 2273 94 37 efter
1123 2271 45 36 de
1197 2270 98 36 olika
1323 2268 187 44 skolorna,
1532 2267 124 34 såsom
1684 2261 134 37 hittills

226 2340 70 44 ägt
322 2348 96 33 rum,
447 2333 59 37 för
533 2331 131 49 hvarje
691 2328 180 50 kompani
900 2327 77 36 afse
1006 2325 133 37 endast
1168 2323 73 36 fem
1269 2322 202 48 logement.
