1862 2770
375 120 404 41 Bevillningsutskottets
799 123 218 30 betänkande
1035 134 42 20 nr
1095 126 41 29 42
1153 125 39 30 år
1211 127 84 29 1964

225 206 143 39 (Kungl.
388 206 124 40 Maj:ts
532 207 150 40 förslag)

166 273 35 33 2)
232 274 140 30 förvärv
395 282 123 31 genom
542 275 81 39 byte
645 275 11 29 i
680 275 66 30 den
771 275 82 30 mån

119 316 195 40 vederlaget
329 317 138 39 utgöres
483 326 41 20 av
539 326 117 21 annan
671 317 70 30 fast
754 325 100 31 egen-

117 358 94 37 dom,
230 367 58 21 om
304 359 94 39 bytet
416 359 81 29 sker
513 359 55 29 för
586 361 51 28 att
653 359 200 30 åstadkom-

119 409 59 21 ma
198 410 42 20 en
261 401 203 39 lämpligare
486 401 366 40 fastighetsindelning

116 442 87 30 eller
220 443 101 39 utgör
339 443 55 30 led
411 444 11 29 i
440 443 160 39 åtgärder
619 443 55 30 för
690 444 162 39 jordbru-

119 484 76 30 kets
216 485 83 30 eller
320 485 250 39 skogsbrukets
590 487 90 38 yttre
701 487 151 29 rationa-

119 527 156 39 lisering;

165 569 35 33 3)
230 569 370 40 sambruksförenings
630 570 139 30 förvärv
800 579 52 31 gc-

117 619 83 21 nom
217 611 150 30 tillskott
383 612 79 29 från
479 613 165 35 medlem;

163 652 36 34 4)
229 653 341 40 försäkringsbolags
602 654 139 31 förvärv
773 655 78 30 från

115 698 111 27 annat
267 696 323 40 försäkringsbolag
629 697 11 29 i
682 697 168 30 samband

117 738 80 29 med
219 737 126 30 sådant
365 739 91 29 avtal
479 747 56 21 om
557 739 231 40 övertagande
811 749 40 20 av

114 779 62 30 det
198 788 121 22 senare
341 780 153 40 bolagets
517 781 79 30 hela
618 781 233 40 försäkrings-

118 821 156 37 bestånd,
297 831 75 21 som
394 831 98 22 avses
514 824 10 29 i
547 823 63 30 295
634 824 15 37 $
672 824 99 39 lagen
794 833 56 21 om

119 864 364 40 försäkringsrörelse;

163 905 35 34 5)
228 906 140 30 förvärv
395 917 42 20 av
462 908 148 39 järnväg
638 908 54 29 för
720 909 130 29 allmän

116 948 109 29 trafik
249 949 83 30 eller
355 958 42 20 av
419 950 101 29 mark
543 950 57 29 för
623 950 108 30 sådan
754 951 96 39 järn-

114 990 81 39 väg;

161 1032 37 34 6)
218 1032 189 31 kommuns
424 1033 82 29 eller
521 1043 118 20 annan
655 1034 194 39 menighets

116 1073 142 40 förvärv
282 1084 43 20 av
351 1075 110 37 mark,
491 1075 115 30 vilken
634 1076 105 40 enligt
764 1077 87 39 fast-

112 1115 108 30 ställd
237 1116 83 39 plan
339 1117 92 29 skall
449 1118 180 30 användas
648 1118 56 39 för
722 1119 127 29 sådant

115 1157 166 31 ändamål
301 1168 75 21 som
400 1168 98 21 avses
521 1161 12 29 i
564 1161 10 29 5
595 1160 22 37 $
640 1161 14 29 1
678 1169 106 21 mom.
808 1161 37 33 b)

113 1199 85 31 eller
216 1201 39 35 d)
279 1201 441 41 kommunalskattelagen
705 1195 20 51 ;

161 1242 36 34 7)
227 1243 139 30 förvärv
390 1244 44 39 på
460 1245 113 37 grund
600 1254 42 21 av
666 1246 99 38 lagen
792 1255 56 21 om

114 1285 70 29 rätt
205 1285 10 29 i
237 1285 92 30 vissa
351 1285 61 30 fall
435 1286 54 29 för
511 1287 337 39 nyttjanderättsha-

116 1336 80 20 vare
228 1329 49 27 att
307 1328 114 30 inlösa
451 1329 111 29 under
594 1330 256 39 nyttjanderätt

116 1369 156 39 upplåtet
289 1370 156 32 område:

159 1411 37 34 8)
225 1411 140 30 förvärv
390 1413 77 29 med
495 1413 77 29 stöd
598 1422 43 20 av
664 1414 101 38 lagen
790 1424 57 20 om

116 1453 223 30 arrendators
366 1454 226 40 förköpsrätt,
620 1464 56 21 om
702 1456 67 29 den
796 1457 52 29 till

114 1495 117 30 vilken
250 1496 211 39 jordägaren
484 1497 66 30 sålt
572 1498 214 38 egendomen
808 1499 40 29 ti-

113 1537 120 39 digare
268 1538 110 39 erlagt
414 1539 246 39 stämpelskatt
697 1540 54 29 för
788 1541 59 29 sitt

114 1578 97 40 fång;

159 1621 37 33 9)
224 1621 141 30 förvärv
406 1632 41 20 av
488 1623 193 40 kronojord
724 1632 123 31 genom

115 1662 186 40 skatteköp
334 1664 82 29 eller
447 1665 103 39 eljest
581 1666 45 38 på
658 1667 112 38 grund
805 1676 42 21 av

110 1704 213 36 skattebrev;

160 1789 56 32 10)
245 1789 140 30 förvärv
405 1800 41 19 av
466 1791 139 39 ständig
624 1792 222 40 besittnings-

111 1831 71 28 rätt
200 1831 51 29 till
270 1832 279 30 kronohemman
570 1834 83 29 eller
671 1834 174 40 kronony-

108 1871 118 37 bygge,
242 1874 43 29 då
300 1874 44 37 på
357 1874 110 35 grund
479 1884 42 19 av
535 1875 173 30 förvärvet
720 1877 120 31 vinnes

112 1914 201 40 inrymning
336 1916 9 28 i
369 1916 108 29 sådan
501 1917 84 36 rätt;

158 1957 57 33 11)
245 1957 192 39 upplåtelse
460 1968 41 19 av
522 1960 161 29 tomträtt
703 1960 11 29 i
736 1960 109 39 nybil-

110 1998 68 30 dad
198 1998 175 39 fastighet,
392 2009 78 20 vars
489 2001 102 29 mark
609 2001 144 39 tidigare
773 2003 71 29 helt

110 2040 82 29 eller
212 2041 50 29 till
283 2042 237 38 övervägande
540 2043 54 29 del
615 2044 110 38 ingått
744 2045 10 28 i
775 2045 68 29 fas-

110 2082 108 38 tighet
239 2091 74 21 som
334 2084 89 29 varit
443 2085 77 29 med
542 2086 160 29 tomträtt
723 2087 120 38 upplå-

112 2125 56 27 ten
189 2124 49 29 till
261 2134 132 20 samme
415 2127 322 37 tomträttshavare;
761 2129 81 29 eller

158 2207 56 33 12)
243 2207 166 40 återgång
425 2219 41 19 av
482 2209 84 39 fång
580 2211 11 28 i
608 2210 71 35 fall,
696 2211 62 29 där
774 2212 69 28 rätt

111 2248 49 29 till
181 2248 220 40 återvinning
421 2250 184 40 föreligger
625 2253 106 37 enligt
750 2252 41 30 42
814 2253 27 36 8.

158 2289 65 29 Om
241 2291 222 30 skattefrihet

1580 130 41 32 45

1024 211 313 34 (Reservanternas
1358 213 149 39 förslag)

934 277 36 33 2)
1000 277 140 31 förvärv
1164 286 123 31 genom
1312 279 78 40 byte
1414 281 11 29 i
1449 281 68 29 den
1540 281 82 30 mån

887 320 196 39 vederlaget
1098 322 138 38 utgöres
1252 331 42 20 av
1308 331 116 21 annan
1440 322 70 30 fast
1524 331 99 32 egen-

889 362 91 34 dom,
999 371 58 20 om
1073 363 95 39 bytet
1186 363 79 30 sker
1283 364 55 29 för
1356 366 48 28 att
1423 365 199 30 åstadkom-

889 412 58 21 ma
967 413 43 20 en
1031 405 203 39 lämpligare
1257 406 366 41 fastighetsindelning

889 446 83 29 eller
990 447 101 38 utgör
1109 448 54 29 led
1181 448 11 29 i
1210 448 161 39 åtgärder
1388 448 55 30 för
1459 449 163 40 jordbru-

887 487 77 30 kets
978 488 83 30 eller
1076 489 251 40 skogsbrukets
1340 492 90 38 yttre
1444 492 179 29 rationali-

889 538 130 31 sering;

934 572 35 33 3)
1000 573 368 40 sambruksförenings
1400 575 140 30 förvärv
1570 584 53 31 ge-

888 623 83 20 nom
990 615 149 30 tillskott
1158 616 79 29 från
1256 617 164 36 medlem;

933 656 36 35 4)
1004 656 340 42 försäkringsbolags
1374 659 140 31 förvärv
1542 660 79 30 från

889 700 109 28 annat
1038 699 322 41 försäkringsbolag
1399 702 10 29 i
1451 702 170 30 samband

888 741 78 29 med
989 741 126 31 sådant
1137 743 91 29 avtal
1249 752 57 20 om
1327 744 233 39 övertagande
1581 754 41 20 av

888 782 57 31 det
968 792 122 21 senare
1112 784 153 40 bolagets
1287 785 78 30 hela
1388 786 233 40 försäkrings-

887 824 157 38 bestånd,
1067 834 77 21 som
1165 836 97 21 avses
1283 828 11 29 i
1316 828 63 30 295
1403 828 15 37 $
1442 829 100 39 lagen
1564 838 56 20 om

889 867 364 40 försäkringsrörelse;

933 909 35 33 93)
999 909 139 31 förvärv
1166 920 42 20 av
1233 912 148 40 järnväg
1408 912 54 30 för
1490 914 130 29 allmän

887 951 110 29 trafik
1020 952 82 30 eller
1127 962 41 20 av
1191 954 102 29 mark
1316 954 53 30 för
1393 955 108 30 sådan
1524 956 97 39 järn-

886 1001 79 31 väg;

930 1246 38 34 6)
997 1246 140 31 förvärv
1162 1248 44 39 på
1232 1250 112 38 grund
1370 1259 42 20 av
1436 1250 100 40 lagen
1562 1260 57 20 om

885 1288 70 30 rätt
976 1289 12 29 i
1008 1289 92 30 vissa
1123 1290 61 30 fall
1207 1290 55 30 för
1282 1292 337 39 nyttjanderättsha-

885 1339 81 21 vare
997 1333 50 27 att
1078 1332 112 30 inlösa
1221 1334 110 29 under
1363 1335 256 39 nyttjanderätt

885 1372 158 39 upplåtet
1062 1374 156 37 område;

931 1414 36 34 7)
996 1415 140 30 förvärv
1161 1417 79 29 med
1266 1418 77 29 stöd
1369 1428 41 19 av
1435 1419 100 39 lagen
1562 1429 56 20 om

886 1457 223 29 arrendators
1137 1458 226 40 förköpsrätt,
1390 1469 57 20 om
1473 1461 67 29 den
1567 1462 51 28 till

884 1498 118 30 vilken
1022 1499 210 40 jordägaren
1255 1501 67 29 sålt
1343 1503 214 38 egendomen
1579 1504 40 29 ti-

885 1540 119 39 digare
1040 1542 109 39 erlagt
1187 1543 244 39 slämpelskatt
1468 1545 54 29 för
1559 1545 59 30 sitt

885 1582 98 39 fång;

929 1625 37 33 8)
997 1624 139 31 förvärv
1177 1636 41 20 av
1259 1627 192 41 kronojord
1494 1637 123 31 genom

885 1666 185 41 skatteköp
1104 1668 82 30 eller
1219 1669 101 40 eljest
1352 1671 44 39 på
1430 1672 114 38 grund
1577 1681 41 21 av

884 1708 212 39 skattebrev;

927 1793 38 32 9)
994 1793 140 31 förvärv
1161 1804 42 21 av
1230 1796 138 39 ständig
1393 1797 224 41 besittnings-

881 1835 71 29 rätt
971 1836 51 28 till
1042 1836 278 31 kronohemman
1340 1839 82 29 eller
1441 1840 175 40 kronony-

882 1876 117 39 bygge,
1022 1878 44 29 då
1086 1878 44 39 på
1152 1880 112 37 grund
1286 1889 42 20 av
1349 1880 173 32 förvärvet
1543 1883 73 28 vin-

882 1926 60 21 nes
960 1919 203 40 inrymning
1179 1922 10 28 i
1206 1921 109 30 sådan
1332 1923 83 35 rätt;

928 1960 57 35 10)
1013 1961 193 39 upplåtelse
1228 1973 43 20 av
1292 1965 160 30 tomträtt
1473 1966 10 29 i
1506 1966 110 39 nybil-

881 2002 66 30 dad
968 2003 176 38 fastighet,
1162 2014 79 20 vars
1260 2006 100 29 mark
1379 2007 145 39 tidigare
1543 2008 71 30 helt

881 2044 82 30 eller
982 2045 51 29 till
1054 2046 237 40 övervägande
1311 2048 52 30 del
1384 2049 112 39 ingått
1514 2050 11 30 i
1545 2050 69 30 fas-

881 2086 108 38 tighet
1018 2096 73 20 som
1120 2089 89 29 varit
1235 2090 79 29 med
1343 2092 158 29 tomträtt
1528 2101 86 30 upp-

880 2128 93 29 låten
1017 2129 49 30 till
1113 2139 131 21 samme
1289 2133 322 36 tomträttshavare;

879 2170 82 29 eller

927 2212 57 32 11)
1014 2212 166 40 återgång
1196 2224 41 19 av
1253 2215 107 39 fång
1344 2208 17 50 i
1378 2216 71 35 fall,
1467 2218 61 29 där
1544 2218 69 29 rätt

881 2254 51 28 till
955 2254 218 39 återvinning
1195 2256 182 38 föreligger
1398 2260 103 36 enligt
1523 2260 39 29 42
1587 2260 26 36 8.

891 2312 68 6 —-
1364 2300 84 29 sista
1467 2301 144 39 stycket.

154 2373 45 31 HH)
229 2384 41 20 av
293 2374 119 30 herrar
435 2375 225 37 Lundström,
686 2376 103 30 Gösta
813 2377 203 37 Jacobsson,
1041 2379 189 38 Enarsson,
1255 2381 145 38 Sundin,
1425 2379 184 46 Skårman,

110 2423 211 39 Magnusson
349 2425 9 28 i
384 2425 117 36 Borås,
530 2426 56 29 fru
613 2426 251 38 Nettelbrandt,
892 2428 120 29 herrar
1037 2429 133 39 Darlin,
1197 2430 138 31 Nilsson
1363 2433 8 29 i
1398 2434 211 34 Tvärålund,

112 2473 65 29 och
196 2474 161 39 Broberg,
378 2475 92 29 vilka
491 2477 124 33 ansett,
