2149 2647
732 217 247 32 Stalsutskottets
1011 216 174 32 Utlåtunde
1209 216 63 31 N:o
1297 218 48 29 69.
1768 215 41 31 27

655 297 132 38 landet
830 298 58 36 till
922 297 41 37 af
987 297 141 49 Kongl.
1159 297 109 49 Maj:t
1295 296 196 49 godkändt
1518 295 78 50 pris
1626 295 71 37 och
1726 295 12 37 i
1767 309 84 36 par-

654 351 73 36 tier
756 351 42 36 af
823 350 116 49 högst
969 352 114 46 5,000
1114 350 141 36 kronor
1282 349 57 36 för
1363 349 130 48 hvarje
1517 349 140 49 köpare
1679 352 48 32 än
1744 349 108 49 äfven

656 410 56 30 att
759 404 140 48 Kongl.
945 403 106 49 Maj:t
1090 406 59 33 må
1193 416 75 35 ega
1296 407 55 32 att
1379 401 83 37 med
1492 400 245 38 Stockholms
1767 401 84 37 stad

656 456 110 37 träffa
809 456 92 37 aftal
943 469 59 23 om
1043 455 134 50 utbyte
1217 455 41 36 af
1283 454 106 38 mark
1417 453 63 38 vid
1510 453 338 51 operahustomten

656 509 125 50 enligt
809 509 45 38 de
883 509 12 37 i
925 509 247 38 Stockholms
1202 507 367 51 stadsfullmägtiges
1586 506 265 50 underdåniga

656 563 206 37 skrifvelse
878 562 42 37 af
931 563 72 36 den
1026 564 45 34 18
1088 561 177 37 sistlidne
1288 574 98 24 mars
1404 560 249 37 omförmälda
1669 560 182 49 grunder,

657 617 85 36 med
773 621 75 31 rätt
876 616 57 36 för
962 615 143 49 Kongl.
1123 615 108 49 Maj:t
1247 620 55 31 att
1318 613 190 50 medgifva
1525 613 72 37 den
1618 612 235 51 utvidgning

657 669 42 36 af
726 668 306 49 Arsenalsgatan
1069 667 63 37 vid
1152 668 90 36 dess
1263 667 258 50 utmynnande
1537 666 11 36 i
1565 665 142 38 Gustaf
1717 666 134 37 Adolfs

657 728 99 42 torg,
793 734 79 23 som
908 725 40 32 är
984 720 171 49 förenlig
1191 720 85 37 med
1306 719 72 37 den
1401 719 86 49 plan
1516 718 59 37 för
1604 719 248 49 teaterbygg-

656 774 137 47 naden,
824 773 155 40 hvilken
1011 773 42 36 af
1079 772 140 49 Kongl.
1250 772 105 49 Maj:t
1383 771 134 37 varder
1545 770 178 38 faststäld
1752 792 49 5 —
1833 774 20 33 å

657 825 191 38 ordinarie
891 830 77 32 stat
1011 825 124 37 under
1178 825 230 36 riksstatens
1449 824 134 49 sjunde
1619 822 234 38 hufvudtitel

655 879 162 49 uppföra
861 883 54 32 ett
959 878 137 49 anslag
1129 878 58 36 till
1231 877 127 49 kongl.
1390 890 138 36 operan
1558 876 56 37 till
1644 876 138 50 belopp
1817 876 40 37 af

658 933 140 46 60,000
843 932 150 45 kronor,
1039 931 97 37 dock
1167 931 85 36 med
1284 930 63 36 det
1375 929 236 49 uttryckliga
1639 928 126 37 vilkor
1792 928 59 37 för

656 984 198 48 anslagets
896 984 193 49 utgående
1122 983 98 36 efter
1249 981 417 51 byggnadsföretagets
1695 980 157 37 fullbor-

657 1036 137 46 dande,
824 1042 55 30 att
908 1035 422 37 teaterverksamheten
1354 1034 143 49 jemväl
1526 1034 215 36 sedermera
1771 1034 83 36 ord-

657 1102 68 22 nas
755 1091 53 44 så,
838 1093 56 32 att
922 1088 58 36 för
1002 1093 169 31 teaterns
1193 1087 250 37 förbindelser
1463 1086 121 36 finnes
1601 1099 45 23 en
1664 1086 190 46 bestämd,

655 1140 82 36 från
782 1140 237 37 statsverket
1061 1139 247 49 fullständigt
1348 1138 96 38 skild
1483 1138 264 48 ansvarighet,
1783 1138 70 36 och

655 1194 121 36 under
802 1193 71 37 den
903 1192 95 37 form
1027 1192 142 49 härför,
1200 1205 82 24 som
1312 1192 40 37 af
1374 1190 221 50 Riksdagen
1611 1190 242 51 godkännes;

787 1247 72 49 2:0)
903 1252 55 30 att
993 1246 223 49 Riksdagen
1260 1248 59 34 må
1356 1244 191 49 medgifva
1575 1244 141 50 Kongl.
1747 1243 107 50 Maj:t

657 1304 74 32 rätt
775 1305 55 32 att
872 1299 115 49 högst
1032 1299 57 37 för
1130 1299 108 37 tiden
1282 1298 98 38 intill
1414 1298 114 37 slutet
1557 1297 42 37 af
1622 1297 65 38 det
1715 1297 138 50 spelår,

656 1353 123 37 under
810 1353 148 37 hvilket
987 1353 73 37 den
1093 1366 75 36 nya
1189 1351 357 51 teaterbyggnaden
1563 1351 136 36 varder
1716 1350 137 50 färdig,

656 1406 160 50 upplåta
851 1407 45 36 de
925 1406 131 48 kongl.
1086 1411 214 31 teatrarnes
1329 1406 96 36 fasta
1459 1403 70 38 och
1558 1404 81 36 lösa
1667 1403 186 48 egendom

657 1459 59 37 till
747 1459 256 50 begagnande
1034 1461 38 34 åt
1101 1459 72 36 den
1205 1458 93 37 eller
1316 1458 96 48 dem,
1429 1470 82 23 som
1533 1457 129 36 kunna
1682 1454 172 39 befinnas

660 1512 131 49 villiga
823 1518 67 39 att,
918 1518 91 30 utan
1042 1517 55 32 att
1139 1510 233 38 statsverket
1413 1509 222 50 derigenom
1666 1510 189 47 betungas

657 1565 87 36 med
786 1568 120 46 några
947 1564 211 37 kostnader
1191 1564 151 36 utöfver
1374 1563 64 36 det
1466 1562 57 37 för
1553 1562 128 49 kongl.
1714 1575 139 36 operan

658 1617 160 36 afsedda
861 1616 136 48 anslag
1028 1620 20 33 å
1079 1617 138 44 60,000
1247 1616 150 44 kronor,
1426 1614 170 37 bedrifva
1624 1614 232 36 teaterverk-

658 1669 151 36 samhet
838 1672 20 32 å
887 1669 118 48 sagda
1042 1674 151 40 teatrar,
1236 1668 100 43 eller,
1373 1667 100 35 hvad
1503 1679 141 36 operan
1674 1669 133 44 angår,
1837 1669 20 32 å

660 1720 168 36 särskild
872 1720 157 48 förhyrd
1074 1720 117 46 lokal,
1235 1722 48 46 på
1312 1724 54 31 ett
1393 1719 162 35 konsten
1586 1716 153 49 värdigt
1769 1721 86 43 sätt,

662 1772 85 35 med
777 1772 188 47 rättighet
988 1771 146 48 jemväl
1164 1771 58 35 för
1252 1770 138 49 Kongl.
1414 1770 106 48 Maj:t
1545 1774 67 41 att,
1631 1769 83 35 med
1733 1769 123 34 nedan

662 1823 166 36 nämnda
867 1823 211 49 undantag,
1111 1823 56 35 för
1197 1821 106 37 detta
1334 1821 171 37 ändamål
1531 1821 207 48 disponera
1767 1820 91 36 eller

661 1876 185 37 öfverlåta
877 1874 383 51 dispositionsrätten
1286 1874 56 36 till
1371 1873 71 37 alla
1470 1873 80 36 från
1572 1877 192 32 teatrarne
1787 1872 69 37 och

661 1929 111 35 deras
804 1927 229 50 fastigheter
1061 1927 214 49 inflytande
1305 1926 224 46 inkomster;
1560 1930 99 31 samt

793 1982 77 44 3:0)
911 1985 55 30 att
1009 1979 227 48 Riksdagen
1279 1981 61 33 må
1380 1977 204 49 medgifva,
1622 1981 55 31 att
1705 1976 73 36 den
1808 1976 52 35 af-

664 2033 140 47 komst,
834 2045 79 24 som
945 2031 124 36 under
1097 2030 265 50 nyssnämnda
1389 2029 55 37 tid
1473 2033 60 33 må
1554 2029 152 36 komma
1723 2033 56 31 att
1795 2027 63 37 vid

663 2085 215 50 upplåtelse
903 2084 41 36 af
956 2084 238 36 dramatiska
1211 2089 151 31 teatern
1378 2082 190 50 betingas,
1587 2084 60 34 må
1664 2080 41 38 af
1716 2080 142 49 Kongl.

662 2138 108 49 Maj:t
799 2137 226 51 disponeras
1055 2136 56 37 till
1140 2135 267 38 förstärkande
1427 2135 41 37 af
1483 2135 46 38 de
1550 2134 132 50 kongl.
1700 2138 160 32 teatrar-

664 2204 67 23 nes
761 2190 425 50 pensionsinrättnings
1216 2189 103 37 fond.

392 2261 221 37 Stockholm
644 2262 73 36 den
750 2263 47 36 30
828 2260 96 50 april
956 2261 110 35 1889.

771 2331 54 36 På
854 2330 310 37 stateutskottets
1195 2334 163 45 vägnar:

846 2399 204 38 GUSTAF
1080 2398 207 37 SPARRE.
