1880 2778
280 150 37 29 12
561 151 404 39 Bevillningsutskottets
989 152 219 31 betänkande
1230 163 42 20 nr
1295 154 41 29 46
1358 154 39 29 år
1421 155 83 29 1956

281 234 168 38 utgående
478 235 282 30 traktamentena
787 236 71 28 kan
886 236 273 32 åstadkommas,
1188 237 122 30 Såsom
1339 238 156 39 framgår
1525 249 41 20 av
1595 240 65 30 den
1690 250 89 21 ovan

278 284 161 30 lämnade
459 286 242 38 redogörelsen
721 286 64 29 har
805 286 371 31 riksskattenämnden
1195 288 11 28 i
1227 297 41 22 en
1289 289 65 30 den
1377 289 18 29 3
1416 289 155 31 februari
1595 291 81 30 1956
1699 292 82 39 dag-

279 335 147 29 tecknad
458 336 165 29 skrivelse
654 336 54 30 för
738 336 123 31 chefen
893 337 55 30 för
977 337 394 40 finansdepartementet
1403 341 133 29 anmält
1567 341 124 39 frågan
1722 351 57 20 om

278 385 218 39 avdragsrätt
523 386 54 29 för
603 387 480 39 traktamentsersättningar.
1110 389 129 29 Därvid
1266 389 63 29 har
1354 391 188 36 nämnden,
1571 401 74 20 som
1671 393 108 39 enligt

278 435 53 29 sin
350 435 217 30 instruktion
583 437 62 29 hos
665 437 124 39 Kungl.
810 438 103 38 Maj:t
933 439 90 29 skall
1041 440 139 29 anmäla
1199 448 57 20 om
1276 441 175 29 nämnden
1470 441 119 30 finner
1606 442 112 32 behov
1736 452 44 20 av

279 493 47 31 ny
348 486 220 40 lagstiftning
589 487 168 39 föreligga
780 488 95 30 inom
899 489 77 29 dess
998 490 397 35 verksamhetsområde,
1420 491 183 40 ifrågasatt
1628 502 58 23 om
1708 493 72 30 inte

278 536 56 30 det
356 537 11 29 i
390 537 192 29 skrivelsen
603 537 148 30 berörda
774 538 206 40 spörsmålet
1002 539 107 30 borde
1134 541 99 38 göras
1257 540 51 30 till
1332 540 146 31 föremål
1502 543 55 29 för
1581 543 198 40 utredning.

277 586 135 39 Frågan
441 596 58 21 om
528 588 186 39 utredning
744 589 38 29 är
812 588 131 31 således
973 597 125 31 genom
1128 590 388 32 riksskattenämndens
1546 593 233 31 förenämnda

277 636 166 31 skrivelse
464 638 108 29 redan
595 638 144 30 föremål
762 639 54 29 för
839 639 124 40 Kungl.
986 640 123 39 Maj:ts
1131 642 323 38 uppmärksamhet.
1478 643 176 30 Utskottet
1675 654 103 21 anser

272 686 56 40 sig
346 688 89 29 dock
454 688 84 30 böra
559 688 127 30 föreslå
706 689 188 39 riksdagen
915 692 49 28 att
984 690 10 29 i
1016 691 165 31 skrivelse
1202 692 52 29 till
1274 693 124 38 Kungl.
1421 693 105 38 Maj:t
1546 703 40 30 ge
1605 694 174 31 tillkänna

274 738 67 29 vad
365 738 170 30 utskottet
560 747 86 21 ovan
672 739 117 31 anfört
814 749 56 20 om
893 741 146 30 behovet
1063 751 43 20 av
1127 751 45 22 en
1194 743 146 38 översyn
1365 752 43 20 av
1430 744 267 39 ifrågavarande
1721 746 58 30 be-

277 788 228 33 stämmelser.

320 864 175 31 Utskottet
518 865 63 29 har
603 865 153 31 härefter
778 868 50 28 att
850 868 36 30 ta
908 867 165 40 ställning
1096 868 51 29 till
1169 869 171 38 yrkandet
1362 870 11 28 i
1397 871 40 29 de
1460 870 223 40 likalydande
1706 881 72 20 mo-

276 914 158 30 tionerna
456 915 29 29 I:
503 916 62 29 296
587 916 63 29 och
672 917 45 29 II:
734 917 64 30 229
818 919 52 28 att
890 918 186 39 riksdagen
1100 919 9 29 i
1133 919 164 30 skrivelse
1319 920 52 30 till
1394 920 125 39 Kungl.
1543 922 104 39 Maj:t
1670 922 109 30 måtte

274 964 184 31 hemställa
482 968 50 28 att
552 966 370 31 riksskattenämnden
944 968 54 30 får
1020 969 9 29 i
1054 970 156 39 uppdrag
1233 971 49 29 att
1304 970 154 31 utforma
1483 971 53 30 för
1559 972 78 30 hela
1660 973 117 30 landet

276 1014 201 42 likformiga
500 1017 110 39 regler
634 1017 220 31 beträffande
879 1019 127 40 avdrag
1031 1020 54 29 för
1109 1020 189 30 kostnader
1322 1021 54 30 för
1400 1031 95 20 resor
1520 1023 77 29 med
1623 1031 82 32 egen
1730 1023 48 30 bil

276 1065 126 31 mellan
421 1066 123 31 bostad
564 1068 64 29 och
647 1068 219 40 arbetsplats.
886 1069 176 31 Utskottet
1079 1070 55 29 får
1154 1071 78 30 med
1250 1071 189 41 anledning
1457 1073 111 29 härav
1585 1074 114 29 erinra
1720 1083 57 20 om

275 1118 51 28 att
343 1117 105 39 enligt
464 1118 243 31 bestämmelse
725 1119 10 29 i
754 1119 113 39 punkt
886 1119 18 30 4
922 1129 44 22 av
980 1120 274 40 anvisningarna
1271 1122 52 29 till
1342 1122 40 30 33
1412 1122 6 37 8
1438 1123 341 31 kommunalskatte-

275 1166 98 39 lagen
393 1168 128 39 avdrag
541 1168 137 39 medges
698 1169 55 30 för
773 1170 112 40 skälig
902 1170 153 30 kostnad
1073 1171 54 30 för
1146 1172 66 30 den
1233 1172 271 40 skattskyldiges
1524 1183 96 20 resor
1639 1174 53 30 till
1711 1174 66 30 och

274 1216 79 30 från
377 1217 263 40 arbetsplatsen,
665 1220 62 29 där
750 1220 115 30 denna
887 1222 89 38 legat
1000 1221 37 30 så
1061 1221 94 40 långt
1177 1222 80 31 från
1279 1222 179 37 bostaden,
1482 1225 52 28 att
1557 1224 71 29 han
1649 1225 128 30 behövt

276 1267 108 30 anlita
405 1269 144 29 särskilt
569 1269 397 42 fortskaffningsmedel.
989 1272 13 29 I
1023 1273 118 39 praxis
1162 1273 65 30 har
1248 1274 113 29 denna
1382 1274 244 31 bestämmelse
1649 1275 130 30 tolkats

275 1318 37 30 så
333 1320 49 28 att
403 1319 129 40 avdrag
553 1320 54 29 för
628 1320 189 31 kostnader
838 1321 54 30 för
912 1322 79 30 färd
1014 1324 78 29 med
1114 1331 83 31 egen
1218 1323 49 30 bil
1288 1324 182 40 medgivits
1492 1334 57 23 om
1570 1325 94 30 detta
1685 1326 91 29 varit

274 1368 183 31 motiverat
477 1370 44 39 på
541 1372 111 37 grund
674 1380 42 21 av
736 1372 174 30 särskilda
930 1372 255 31 förhållanden.
1207 1374 117 40 Enligt
1343 1375 189 30 utskottets
1553 1376 142 41 mening
1713 1376 63 31 bör

274 1419 57 30 det
357 1420 152 39 alltjämt
536 1421 188 30 ankomma
751 1422 44 39 på
822 1422 116 40 praxis
965 1424 51 28 att
1043 1424 80 29 med
1148 1424 136 40 hänsyn
1313 1425 51 29 till
1392 1426 345 40 omständigheterna
1763 1427 13 29 i

274 1469 57 30 det
357 1470 173 30 särskilda
557 1471 96 31 fallet
679 1472 149 30 bedöma
852 1474 66 29 vad
947 1482 74 21 som
1049 1474 88 31 skall
1166 1484 100 21 anses
1293 1484 82 21 vara
1404 1476 111 41 skälig
1543 1477 150 30 kostnad
1721 1478 55 29 för

273 1528 106 22 resor.
405 1521 121 39 Någon
553 1522 189 41 anledning
770 1525 50 28 att
847 1523 120 40 medge
995 1525 149 38 generell
1171 1527 69 29 rätt
1269 1526 52 29 till
1347 1527 129 39 avdrag
1503 1527 55 30 för
1586 1528 190 30 kostnader

273 1569 54 30 för
352 1580 95 20 resor
471 1572 128 29 mellan
623 1573 123 30 bostad
770 1574 67 29 och
862 1574 208 41 arbetsplats
1095 1576 79 29 med
1200 1584 84 31 egen
1308 1577 47 29 bil
1381 1586 102 21 anser
1508 1579 170 29 utskottet
1703 1579 72 29 inte

274 1620 177 40 föreligga.
477 1622 176 30 Utskottet
679 1624 181 39 avstyrker
886 1625 102 30 alltså
1013 1626 41 30 de
1082 1626 221 39 likalydande
1330 1628 218 30 motionerna
1576 1629 28 29 I:
1622 1629 61 29 296
1710 1629 66 29 och

275 1670 44 29 II:
337 1671 72 30 229.

317 1746 115 31 Under
454 1749 218 39 åberopande
696 1758 42 20 av
759 1750 68 29 vad
850 1750 147 30 sålunda
1021 1751 134 30 anförts
1179 1752 55 29 får
1257 1753 169 30 utskottet
1448 1754 195 37 hemställa,

628 1800 33 34 1)
689 1802 50 27 att
761 1800 186 40 riksdagen
970 1802 10 29 i
1004 1802 189 40 anledning
1214 1812 43 22 av
1277 1804 42 29 de
1342 1803 223 40 likalydande
1588 1805 188 31 motioner-

582 1859 44 20 na
648 1850 27 29 I:
695 1851 63 29 116
777 1860 42 20 av
840 1851 120 31 herrar
983 1853 117 30 Sunne
1122 1853 64 29 och
1207 1853 84 30 Axel
1314 1854 200 31 Andersson
1535 1858 93 27 samt
1650 1857 44 29 II:
1713 1857 62 29 165

582 1910 42 20 av
640 1901 80 30 herr
739 1901 226 32 Christenson
983 1903 11 29 i
1013 1903 129 30 Malmö
1161 1913 44 22 m.
1225 1904 38 30 fl.
1283 1907 90 27 samt
1392 1905 177 31 motionen
1589 1907 45 30 II:
1651 1907 61 30 243
1731 1916 44 20 av

581 1952 120 29 herrar
722 1951 191 31 Gustafson
933 1954 11 29 i
966 1953 170 40 Göteborg
1156 1956 65 29 och
1244 1955 177 39 Königson
1444 1956 107 30 måtte
1572 1957 11 29 i
1608 1957 166 31 skrivelse

580 2002 52 29 till
653 2002 125 40 Kungl.
800 2003 105 39 Maj:t
924 2004 78 39 giva
1022 2004 172 31 tillkänna
1214 2006 64 29 vad
1301 2006 169 30 utskottet
1490 2016 89 21 ovan
1600 2008 132 34 anfört;

618 2053 35 33 2)
687 2055 50 28 att
766 2055 240 37 nyssnämnda
1035 2055 171 30 motioner
1236 2056 116 34 måtte,
1381 2057 11 29 i
1421 2057 66 30 den
1516 2057 82 30 mån
1627 2058 41 30 de
1697 2058 77 30 icke

580 2103 69 30 kan
674 2112 103 21 anses
802 2104 188 31 besvarade
1016 2113 123 32 genom
1163 2107 66 30 vad
1256 2107 170 30 utskottet
1450 2117 91 20 ovan
1565 2108 117 31 anfört
1708 2109 65 29 och

581 2153 186 36 hemställt,
792 2164 43 22 av
856 2155 187 40 riksdagen
1068 2157 136 29 lämnas
1228 2159 84 28 utan
1337 2158 136 39 åtgärd;
1501 2160 164 29 ävensom

624 2204 35 34 3)
687 2207 50 27 att
759 2206 43 29 de
824 2205 223 40 likalydande
1070 2207 218 30 motionerna
1311 2208 28 30 1:
1356 2209 63 29 296
1442 2218 42 20 av
1505 2209 122 31 herrar
1649 2210 125 40 Bengt-

581 2263 61 20 son
665 2255 64 29 och
752 2255 159 31 Theodor
931 2256 203 32 Johansson
1156 2260 90 28 samt
1269 2259 45 29 II:
1331 2259 62 29 229
1417 2269 41 21 av
1480 2260 121 30 herrar
1625 2261 148 30 Petters-
