2162 2610
756 200 249 35 Statsutskottets
1027 204 167 33 utlåtande
1215 205 53 32 Nr
1292 209 28 28 6.
1783 212 40 32 51

224 280 192 49 förening,
459 271 162 50 stiftelse
663 284 93 38 eller
796 300 125 24 annan
962 288 59 37 för
1062 290 246 39 anordnande
1349 305 46 23 av
1436 293 137 38 allmän
1603 295 219 39 alkoholist-

225 333 153 36 anstalt.

326 384 243 39 Beträffande
609 388 258 50 utredningen
907 391 12 36 i
960 396 126 33 ämnet
1127 393 58 37 får
1225 395 186 38 utskottet
1451 397 159 38 hänvisa
1651 399 56 37 till
1749 401 69 36 sid.

223 437 204 37 186—206
457 438 13 37 i
497 440 434 49 statsrådsprotokollet.

324 504 85 38 Den
451 519 47 23 av
538 507 424 49 departementschefen
1002 512 223 50 föreslagna
1264 516 331 49 avlöningsstaten
1623 519 60 37 för
1709 522 110 36 vård-

221 557 192 36 anstalten
441 558 65 37 vid
536 558 207 51 Venngarn
771 566 41 32 är
840 575 47 24 av
917 563 168 49 följande
1112 565 164 48 lydelse:

214 610 675 36 nn
898 610 90 36 nn
1141 610 126 36 SES
1303 610 518 36 SS

837 669 198 27 Kronor.

726 771 99 27 Lön.

1016 800 107 33 Tjänst-

713 853 128 39 Pensions-
1006 852 121 33 görings-
1163 879 17 26 8

583 891 91 24 Oredu-
736 894 77 29 avgift
880 895 80 23 Redu-
1012 905 110 32 pennin-
1183 888 95 18 umma:

594 929 66 21 cerat
746 926 61 35 mot-
886 932 66 21 cerat

581 961 95 30 belopp.
715 963 117 24 |svarande
836 957 14 42 |
872 964 96 31 belopp.
1039 964 54 24 Bar.

728 997 94 30 belopp.

359 1102 9 8 .
1137 1063 2 5 |
1324 1080 71 24 Efter
1417 1082 16 24 5
1458 1082 26 23 år
1506 1084 47 22 kan
1576 1085 71 22 lönen
1666 1086 69 29 höjas
1753 1087 53 23 med

241 1102 11 26 1
273 1102 180 28 föreståndare
469 1126 73 5 .......
599 1107 77 31 3,000
773 1109 50 26 150
892 1110 76 31 2,850
1039 1112 76 30 1,500
1136 1134 2 9 |
1202 1113 77 31 4,350
1358 1115 50 26 500
1426 1117 91 23 kronor
1535 1119 44 22 och
1596 1119 60 24 efter
1669 1119 33 26 10
1715 1121 27 23 år
1753 1122 53 23 med

240 1154 12 26 I
273 1155 127 26 assistent
418 1156 50 25 och
1310 1133 12 48 I
1357 1151 140 30 ytterligare
1514 1151 52 27 500
1583 1154 98 23 kronor.

215 1207 2 9 |
287 1209 10 12 ä
423 1210 33 13 sfö
624 1210 15 15 2
788 1212 11 15 5
1246 1216 11 7 5

272 1207 270 34 räkenskapsförare..|
599 1210 75 30 1,200
788 1212 33 26 50
895 1213 71 31 1,150
1063 1215 50 26 900
1202 1216 76 30 2,050
1323 1235 70 23 Efter
1414 1235 16 25 5
1455 1236 26 23 år
1503 1237 48 23 kan
1574 1239 72 23 lönen
1665 1240 68 30 höjas
1751 1242 53 22 med

239 1259 10 24 1
271 1258 124 26 husfader
411 1281 129 6 ........
511 1254 34 43 ...
624 1257 49 43 9200
787 1263 33 26 50
916 1264 50 26 850
1062 1266 51 26 700
1134 1268 143 31 |---1,550
1356 1268 50 26 200
1425 1271 88 23 kronor
1531 1273 45 22 och
1593 1273 62 22 efter
1668 1273 32 26 10
1714 1274 26 23 år
1752 1276 52 23 med

1134 1300 2 5 |
1355 1305 80 17 tan:

238 1309 12 25 1
271 1310 221 33 befallningsman
525 1335 15 3 ..|
623 1312 50 26 900
787 1315 32 26 50)
915 1316 50 26 8501)
1062 1317 50 26 700)
1202 1319 74 31 —1,550
1296 1299 25 57 |)
1357 1305 137 29 ytterligare
1513 1305 50 26 200
1582 1307 97 24 kronor.

238 1361 11 25 1
270 1362 141 26 maskinist
432 1384 108 6 ..........
622 1364 50 26 300
786 1366 33 26 30
919 1367 45 26 770
1062 1369 50 26 600
1133 1390 2 12 |
1200 1370 76 31 1,370
1320 1388 70 24 Efter
1412 1388 16 26 5
1452 1390 26 23 år
1499 1391 47 23 kan
1571 1392 68 23 lönen
1662 1394 70 29 höjas
1750 1395 53 23 med

237 1412 12 26 1
270 1411 108 28 vårdare
409 1437 130 4 ......cnncn.
622 1416 50 27 600
786 1418 32 25 25
914 1418 50 26 575
1060 1420 51 26 500
1200 1422 75 31 1,075
1355 1422 50 26 100
1423 1425 92 23 kronor
1533 1427 44 22 och
1591 1427 60 22 efter
1664 1427 32 26 10
1710 1428 26 23 år
1749 1430 53 23 med

235 1464 15 25 2
305 1464 40 26 do
596 1468 75 31 1,200
785 1469 33 26 50
837 1453 27 60 |
889 1471 74 26 1,150
983 1453 20 60 |
1035 1472 76 30 —1,000
1133 1453 31 60 |
1199 1474 75 31 2150
1291 1453 30 60 |)
1353 1459 141 30 Ytterligare
1515 1460 49 26 100
1582 1461 98 25 kronor.

212 1496 2 11 |

212 1509 2 7 |
1305 1525 138 47 fDärjämte
1461 1527 32 23 fri
1512 1529 55 22 kost

211 1550 37 25 IT
303 1550 41 26 dö
381 1546 8 41 =
408 1574 129 5 men
620 1553 51 27 250
785 1556 28 25 15
913 1557 50 26 335
1059 1558 51 26 250
1223 1560 51 26 585
1353 1563 44 21 och
1415 1562 123 23 möblerad
1561 1554 19 41 |
1594 1563 70 24 Efter
1682 1563 16 26 5
1716 1564 27 24 år
1754 1566 47 22 kan

1301 1577 15 50 I
1351 1596 95 24 bostad.
1620 1599 72 22 lönen
1710 1600 69 29 höjas

234 1636 14 10 o
638 1639 11 5 -
802 1641 10 5 M
948 1643 10 6 z
1223 1646 46 7 EF
1659 1633 15 22 d
1693 1632 33 27 75
1744 1635 56 21 kro-

233 1648 16 13 3
303 1636 42 26 do
407 1659 130 6 nens
595 1640 75 32 1,050
783 1642 33 25 45
887 1643 75 30 |-1,005
982 1631 37 58 |
1058 1644 51 26 750
1130 1631 34 58 |
1199 1646 73 30 1,755
1402 1634 53 58 D:o.
1620 1640 45 49 nor
1684 1669 45 21 och
1741 1642 60 49 efter

236 1688 10 25 1
269 1687 169 34 sjukvårdare
454 1683 9 45 =
479 1690 61 25 eller
619 1691 50 26 350
784 1693 32 25 15
911 1693 50 26 330
982 1713 2 15 |
1057 1695 50 26 250
1129 1719 2 6 |
1221 1696 50 27 585
1401 1698 54 23 D:o.
1622 1699 33 27 10
1674 1701 27 23 år
1719 1703 53 22 med

267 1740 146 26 -sköterska
442 1763 93 5 .........
1620 1736 140 55 ytterligare
1767 1736 32 25 75

1637 1777 81 16 ronor.

234 1792 12 25 1
266 1791 184 27 hushållerska
476 1815 58 4 ......
618 1794 50 26 330
782 1796 32 25 15
910 1796 50 26 335
1056 1798 51 26 250
1128 1820 2 18 |
1220 1799 50 26 585
1401 1801 52 23 D:o.

232 1843 106 32 Läkare,
359 1844 94 25 arvode
475 1868 59 3 ......
635 1860 32 3 —
781 1862 33 3 —
927 1863 31 2 —
1073 1864 33 3 —
1128 1862 1 18 |
1195 1850 75 31 2,000

210 1916 1 4 |
231 1894 151 32 Predikant,
403 1896 93 25 arvode
509 1919 25 3 ...
634 1911 32 4 —
782 1913 30 3 —
927 1914 32 3 —
1073 1915 32 4 —
1220 1903 50 25 600

548 1932 736 22 RR

307 1954 108 25 Summa
434 1955 96 26 kronor
635 1972 31 3 —
781 1973 32 3 —
926 1974 33 3 —
1072 1976 33 3 —
1176 1962 93 30 20,205

206 2008 74 22 Anm.
317 2006 56 23 Med
400 2007 123 30 undantag
550 2016 28 15 av
605 2010 82 22 läkare
715 2011 45 22 och
787 2011 128 28 predikant
943 2012 91 23 erhålla
1062 2014 48 22 alla
1137 2013 31 22 fri
1196 2014 94 30 bostad,
1310 2014 31 23 fri
1361 2017 174 27 uppvärmning
1553 2015 67 31 (eller
1638 2017 104 31 bränsle)
1761 2019 43 22 och

340 2042 116 21 elektrisk
474 2042 127 30 belysning
618 2042 85 30 (enligt
721 2045 128 28 styrelsens
867 2046 194 31 bestimmande).
1098 2048 132 28 Huggning
1247 2049 43 22 och
1309 2049 101 28 sågning
1424 2057 27 15 av
1464 2050 95 22 bränsle
1573 2052 111 22 ävensom
1699 2054 106 21 armatur

340 2076 44 21 och
413 2076 92 28 lampor
532 2076 37 22 för
596 2078 115 22 elektrisk
739 2078 126 30 belysning
882 2080 112 22 bekostas
1014 2080 59 23 dock
1093 2081 69 22 alltid
1187 2089 28 15 av
1234 2082 262 29 befattningshavaren.
1533 2084 124 24 Vårdarna
1675 2085 129 25 (inklusive

340 2109 171 29 sjukvårdaren
539 2111 57 22 eller
617 2112 209 29 sjuksköterskan)
843 2113 125 23 bekomma
987 2114 284 29 beklädnadsersiättning
1289 2117 54 22 med
1363 2116 49 25 100
1431 2118 95 23 kronor.
1564 2119 240 30 Befattningshavare

340 2144 38 22 må
397 2144 81 22 kunna
496 2144 106 23 tilldelas
620 2146 140 28 trädgårds-
778 2147 57 22 eller
853 2148 207 27 planteringsland
1079 2149 83 28 (enligt
1182 2151 130 28 styrelsens
1331 2151 192 29 bestämmande).

411 2178 88 22 Därest
526 2178 181 24 föreståndaren
735 2181 80 22 tillika
843 2182 146 29 ombesörjer
1016 2183 158 23 läkarvården
1203 2185 56 21 celler
1278 2185 169 28 predikantens
1467 2186 114 30 göromål,
1601 2187 38 22 må
1658 2188 46 22 han
1724 2189 80 22 kunna

340 2212 112 28 tilläggas
472 2212 84 22 härför
577 2212 128 30 föreslaget
724 2214 92 24 arvode.

411 2247 48 21 För
486 2246 39 23 det
552 2247 43 22 fall
624 2249 35 21 att
686 2248 181 24 föreståndaren
888 2249 104 30 åtnjuter
1010 2250 62 23 båda
1092 2251 28 23 de
1139 2251 38 23 för
1196 2252 163 29 befattningen
1379 2253 119 29 uppförda
1518 2254 202 31 ålderstilläggen,
1741 2257 61 22 skall

339 2280 39 23 det
405 2281 188 28 pensionsavgift
621 2283 168 23 motsvarande
816 2284 93 29 belopp,
930 2292 49 15 som
1010 2285 60 22 skall
1091 2285 116 28 avdragas
1228 2287 13 21 å
1260 2287 77 30 lönen,
1359 2289 84 28 utgöra
1462 2287 50 26 200
1531 2289 89 23 kronor
1639 2291 44 21 och
1703 2291 100 23 sålunda

340 2315 112 28 oavlöning
471 2316 37 21 till
527 2316 87 22 honom
635 2317 55 26 utgå
709 2317 53 22 med
781 2317 75 30 5,300
876 2319 95 22 kronor.

289 2357 113 36 Bihang
428 2358 44 27 till
494 2359 169 36 riksdagens
682 2361 144 35 protokoll
850 2363 89 27 1916.
986 2365 18 24 6
1026 2364 82 27 saml.
1155 2367 18 23 6
1196 2364 71 36 häft.
1312 2363 62 40 (Nr
1399 2364 41 39 6.)
1742 2371 18 26 8
