2160 2600
323 203 41 31 52
842 201 258 32 Statsutskottetis
1121 200 165 32 utlåtande
1309 200 52 31 Nr
1385 203 28 28 6.

430 277 102 46 Över
573 286 123 38 denna
737 286 284 48 framställning
1060 286 170 35 kommer
1269 285 189 36 utskottet
1487 288 55 32 att
1570 284 205 36 framdeles
1801 283 121 36 under

324 338 207 49 riksdagen
569 339 137 49 avgiva
742 338 206 47 utlåtande,
977 338 118 36 vilket
1122 337 186 37 utskottet
1336 336 124 37 skolat
1487 336 226 47 härigenom
1740 335 59 36 för
1826 334 95 37 riks-

324 390 126 49 dagen

721 441 160 36 anmäla.

129 558 99 31 Anslag
245 559 44 30 för
428 544 100 49 67:0)
583 544 131 38 Under
741 544 122 49 punkt
891 545 45 35 61
967 543 69 37 har
1064 542 141 49 Kungl.
1235 542 108 49 Maj:t
1371 541 197 48 föreslagit
1595 540 207 49 riksdagen
1831 544 54 32 att
1912 540 12 35 i

121 593 163 58 upprätthål-
325 596 161 37 avbidan
505 600 50 46 på
580 596 73 37 den
672 595 249 50 proposition,
942 608 81 23 som
1042 595 75 36 kan
1136 595 154 36 komma
1309 599 55 31 att
1383 593 146 37 avlåtas
1548 593 198 48 angående
1761 591 163 49 ändring

117 662 173 31 socialstyrel-
324 649 13 35 1
365 653 124 32 staten
518 649 59 36 för
606 647 319 49 socialstyrelsen,
954 646 77 37 tills
1058 647 130 36 vidare
1217 646 167 37 beräkna
1412 650 57 31 ett
1497 645 134 48 anslag
1657 647 48 46 på
1724 649 106 31 extra
1849 648 75 32 stat

130 704 58 50 sens
206 698 72 57 verl=
325 700 59 37 för
429 703 39 33 år
517 702 97 34 1917
661 700 59 36 för
764 698 333 50 upprätthållande
1142 711 47 23 av
1235 697 326 49 socialstyrelsens
1606 695 243 37 verksamhet
1877 708 47 24 av

161 773 93 46 [61.]
327 753 137 46 36,300
493 752 151 36 kronor.

486 803 76 37 den
603 802 120 37 under
763 802 123 49 punkt
928 801 100 49 66:0)
1070 800 248 38 omförmälda
1357 799 288 50 propositionen
1686 812 47 23 av
1774 799 72 36 den
1877 800 44 34 11

327 855 165 37 februari
536 856 97 35 1916
675 854 69 37 har
785 854 141 49 Kungl.
962 853 108 48 Maj:t
1109 852 103 49 gjort
1239 851 285 49 framställning
1552 865 73 32 om,
1654 850 114 37 bland
1796 855 127 42 annat,

326 906 206 37 anvisande
562 919 47 23 av
636 906 292 49 ifrågavarande
958 905 135 48 anslag
1120 908 21 33 å
1168 909 106 32 extra
1303 909 76 31 stat
1408 903 58 37 för
1493 906 40 33 år
1563 904 109 35 1917.

431 974 100 47 Över
574 983 124 37 denna
740 982 283 47 framställning
1064 982 172 35 kommer
1276 980 187 37 utskottet
1491 985 56 30 att
1574 978 203 37 framdeles
1804 978 122 37 under

327 1036 205 49 riksdagen
575 1035 138 49 avgiva
741 1034 206 47 utlåtande,
976 1033 119 36 vilket
1120 1032 194 36 utskottet
1342 1031 123 37 skolat
1492 1031 225 48 härigenom
1745 1032 59 35 för
1830 1030 93 36 riks-

328 1088 123 49 dagen

727 1136 158 38 anmäla.

137 1240 118 57 Medling
273 1257 10 23 i
433 1241 99 49 68:0)
588 1240 141 49 Kungl.
767 1239 106 48 Maj:t
913 1239 69 36 har
1008 1239 13 36 i
1048 1239 123 49 punkt
1199 1240 47 34 62
1276 1237 202 49 föreslagit
1505 1237 207 47 riksdagen
1740 1241 56 31 att
1822 1235 13 36 i
1863 1249 62 23 av-

117 1292 182 23 arbetstvister.
328 1294 115 37 hidan
483 1297 49 46 på
571 1293 73 37 den
680 1291 249 51 proposition,
967 1304 81 24 som
1085 1291 73 36 kan
1195 1290 152 36 komma
1387 1294 56 31 att
1480 1289 142 36 avlåtas
1649 1287 197 48 angående
1875 1301 52 34 ny

163 1333 93 47 [62.]
328 1345 244 49 lagstiftning
621 1358 61 23 om
726 1343 168 49 medling
920 1343 13 36 i
973 1342 276 47 arbetstvister,
1291 1344 48 46 på
1380 1346 106 31 extra
1529 1345 76 32 stat
1645 1340 60 36 för
1746 1342 39 33 år
1828 1340 96 35 1917

328 1397 168 37 beräkna
524 1401 57 33 ett
609 1396 299 49 förslagsanslag
936 1408 47 23 av
1012 1395 138 47 25,000
1178 1394 141 36 kronor
1339 1398 54 31 att
1412 1391 130 38 ställas
1562 1391 58 37 till
1638 1391 141 48 Kungl.
1800 1390 126 49 Maj:ts

327 1449 228 49 förfogande
597 1448 71 37 och
708 1447 192 37 användas
929 1446 58 36 till
1015 1445 216 49 ersättning
1259 1448 38 34 åt
1325 1444 319 48 förlikningsmän
1672 1443 59 37 för
1758 1442 170 48 medling

328 1502 13 35 i
369 1500 270 38 arbetstvister.

432 1594 102 47 Över
576 1603 121 37 denna
737 1601 284 48 framställning
1061 1601 168 36 kommer
1269 1599 187 37 utskottet
1497 1603 56 31 att
1580 1597 203 37 framdeles
1811 1597 117 36 under

329 1656 210 49 riksdagen
578 1655 138 48 avgiva
743 1653 203 48 utlåtande,
975 1652 121 37 vilket
1123 1652 190 36 utskottet
1341 1650 124 37 skolat
1492 1650 225 49 härigenom
1745 1650 60 35 för
1833 1648 96 36 riks-

330 1708 123 48 dagen

735 1755 159 38 anmäla.

166 1882 96 24 Under-
437 1860 100 47 69:0)
593 1860 129 38 Under
749 1860 122 49 punkt
900 1861 47 34 63
976 1859 68 36 bar
1071 1858 141 48 Kungl.
1241 1857 109 48 Maj:t
1377 1855 198 49 föreslagit
1601 1854 205 49 riksdagen
1834 1858 56 32 att
1918 1854 12 35 i

110 1917 49 57 fr
178 1917 139 64 orka
334 1913 163 36 avbidan
525 1915 49 47 på
598 1912 75 36 den
704 1911 246 50 proposition,
985 1924 83 23 som
1099 1910 74 36 kan
1205 1910 152 35 komma
1390 1912 55 33 att
1477 1908 144 36 avlåtas
1649 1906 197 49 angående
1865 1905 64 37 be-

110 1986 197 30 arbetsförmed-
334 1965 212 49 främjande
589 1964 70 37 och
701 1962 296 50 organiserande
1039 1975 48 23 av
1127 1961 74 37 den
1242 1960 197 49 offentliga
1480 1957 406 49 arbetsförmedlingen
1919 1957 12 36 i

168 2020 96 31 lingen.
300 2005 16 64 —
334 2017 110 47 riket,
486 2019 50 46 på
565 2021 107 31 extra
700 2019 75 32 stat
802 2015 61 36 för
895 2018 39 33 år
965 2016 96 34 1917
1091 2013 60 36 för
1178 2011 214 38 ändamålet
1419 2011 168 37 beräkna
1615 2016 54 31 ett
1697 2009 233 49 förslagsan-

167 2062 93 47 [63.]
332 2070 84 47 slag
443 2082 47 22 av
521 2069 137 45 70,000
686 2067 151 36 kronor.

435 2136 102 46 Över
577 2143 291 49 ifrågavarande
910 2142 286 48 framställning
1224 2141 180 36 "kommer
1430 2140 187 36 utskottet
1645 2144 53 31 att
1728 2137 202 37 framdeles

332 2197 120 37 under
479 2197 208 48 riksdagen
715 2196 139 48 avgiva
881 2194 205 48 utlåtande,
1114 2193 120 37 vilket
1261 2193 187 36 utskottet
1476 2191 126 37 skolat
1629 2190 223 48 härigenom
1874 2187 57 37 för

332 2249 207 48 riksdagen

731 2298 158 38 anmäla.
