2174 2598
343 185 40 30 20
838 186 254 31 Statsutskottets
1113 186 169 30 utlåtande
1305 185 52 31 Nr
1380 188 20 28 6

743 270 550 49 vattenbyggnadsstyrelsens
1321 269 191 50 prövning
1539 269 11 36 i
1577 269 106 49 varje
1704 269 152 36 särskilt
1874 268 69 37 fall

745 324 59 34 må
831 322 194 36 användas
1052 321 58 37 till
1137 321 243 38 bestridande
1400 335 46 23 av
1466 321 255 36 kostnaderna
1740 321 60 36 för
1819 325 125 32 större

743 373 253 49 reparations-
1026 373 71 36 och
1123 373 388 37 underhållsarbeten.

147 479 101 57 Bidrag
263 479 46 38 till
448 475 99 49 24:0)
589 476 17 36 I
648 476 171 49 enlighet
859 477 86 36 med
978 476 141 49 Kungl.
1149 476 128 49 Maj:ts
1304 476 12 36 i
1344 476 122 49 punkt
1495 478 46 34 23
1570 475 138 49 gjorda
1737 475 201 37 framställ-

138 521 80 50 "Mer
235 521 68 57 för”
343 527 95 49 ning
479 528 70 35 och
586 528 119 36 under
727 506 236 70 hänvisning
990 528 57 36 till
1076 528 70 36 vad
1176 527 418 50 statsrådsprotokollet
1621 526 82 49 (sid.
1735 527 206 49 56—57)
1922 522 23 59 i

138 583 114 40 bättring
272 591 32 15 av
344 584 128 31 ämnet
499 579 224 47 innehåller,
752 580 58 36 får
837 553 187 73 utskottet
1051 579 214 48 hemställa,

129 625 82 23 vägar
228 625 33 15 m.
281 625 32 15 m.

172 659 94 46 [23.]
846 662 54 31 att
941 657 206 48 riksdagen
1188 660 72 44 må,
1302 657 11 35 i
1354 656 121 37 likhet
1515 656 85 36 med
1641 656 75 36 vad
1748 656 60 36 för
1834 656 106 36 inne-

743 709 166 36 varande
939 712 41 33 år
1008 713 66 44 ägt
1101 722 95 33 rum,
1216 708 58 36 till
1303 709 127 48 bidrag
1451 710 66 46 för
1544 708 223 49 anläggning
1795 721 45 23 av
1869 721 71 34 nya

743 768 91 28 samt
867 761 222 49 förbättring
1117 761 84 36 eller
1229 761 229 48 omläggning
1486 773 45 23 av
1560 760 149 48 backiga
1737 760 82 35 eller
1846 761 97 47 eljest

744 813 136 35 mindre
917 814 98 47 goda
1055 817 125 44 vägar,
1209 815 48 45 på
1286 820 106 27 extra
1420 816 75 32 stat
1524 811 57 36 för
1610 814 39 33 år
1680 813 97 34 1917
1807 811 135 36 anvisa

743 869 54 30 ett
824 864 138 49 belopp
992 877 45 23 av
1066 865 203 46 2,500,000
1296 863 149 37 kronor.

148 978 143 31 Angående
447 965 99 49 25:0)
574 966 143 49 Kungl.
747 966 105 49 Maj:t
881 967 68 35 har
977 966 10 36 i
1016 967 122 48 punkt
1167 968 48 34 24
1244 966 198 48 föreslagit
1460 966 207 48 riksdagen
1687 970 55 33 att
1762 966 57 47 de,
1835 965 106 36 vilka

128 1013 193 58 befrishse
272 1009 50 66 för
341 1019 49 47 på
430 1018 125 48 grund
597 1031 46 23 av
677 1017 195 37 avslutade
901 1018 182 36 kontrakt
1112 1018 91 36 eller
1232 1018 112 48 eljest
1372 1022 65 31 äro
1465 1017 203 49 ansvariga
1696 1017 59 37 för
1783 1017 157 36 fullbor-

139 1082 169 23 intressenter
343 1047 121 58 dande
504 1083 48 22 av
592 1068 240 50 anläggning
872 1083 47 23 av
954 1069 235 49 vägdelarna
1218 1069 85 36 från
1331 1068 199 48 Kölmjärv
1556 1068 59 37 till
1643 1069 183 48 Tallsjön,
1856 1069 84 36 från

119 1116 207 65 väganläggnin-
343 1120 171 62 Tallsjön
554 1121 101 36 förbi
684 1121 208 36 Bredträsk
920 1120 58 37 till
1006 1121 193 36 Bönälven
1228 1120 90 37 eller
1345 1120 230 37 Bönkroken
1603 1126 98 31 samt
1728 1121 84 35 från
1840 1120 101 36 Tall-

119 1193 48 22 gar
178 1185 64 30 från
257 1185 68 23 Tall-
338 1172 88 49 järv
466 1172 58 36 till
560 1172 220 47 Bredträsk,
808 1175 60 33 må
894 1172 142 37 befrias
1063 1173 85 35 från
1177 1172 85 36 dem
1290 1173 12 35 i
1330 1172 135 36 sådant
1493 1172 214 37 hänseende
1736 1172 205 48 åliggande

115 1219 209 60 järv
196 1215 51 68 fill
259 1219 65 60 Bör"
342 1224 233 49 skyldighet,
605 1229 89 32 utan
723 1230 56 31 att
806 1224 45 36 de
880 1225 57 35 till
964 1224 409 49 väganläggningarna
1401 1224 187 48 beviljade
1617 1224 73 36 och
1709 1224 118 36 redan
1847 1237 93 35 upp-

119 1288 9 23 i
146 1289 176 23 Norrbottens
342 1276 121 36 burna
491 1276 286 48 statsbidragen
805 1275 204 37 återbäras.

198 1323 51 23 län.
446 1327 244 37 Beträffande
699 1306 273 70 "utredningen
1000 1327 12 36 i
1040 1332 125 31 ämnet
1194 1327 59 37 får
1279 1327 185 37 utskottet
1492 1327 155 36 hänvisa
1670 1326 58 37 till
1748 1327 69 36 sid.
1840 1327 99 35 37—

179 1364 94 46 [24.]
345 1381 46 35 63
420 1380 12 35 i
460 1375 432 58 statsrådsprotokollet.

446 1482 211 48 Utskottet,
688 1496 82 23 som
798 1482 83 36 icke
909 1482 83 36 haft
1020 1485 119 46 något
1166 1486 56 32 att
1250 1482 124 36 erinra
1402 1487 78 30 mot
1508 1481 290 48 ifrågavarande
1826 1481 115 36 fram-

344 1534 195 48 ställning,
580 1534 67 36 vill
689 1533 212 37 emellertid
941 1533 119 37 uttala
1088 1533 306 37 önskvärdheten
1423 1546 46 23 av
1497 1538 55 31 att
1579 1533 64 36 vid
1672 1532 178 37 framtida
1877 1532 64 37 be-

342 1586 166 48 viljande
550 1599 46 24 av
636 1586 138 48 bidrag
813 1586 60 35 för
909 1585 281 49 anläggningar
1218 1599 47 22 av
1292 1585 289 48 ifrågavarande
1610 1585 84 48 slag
1721 1584 221 49 tillförlitlig

341 1638 206 48 utredning
573 1637 225 37 verkställes
826 1637 59 37 för
914 1637 189 36 vinnande
1132 1650 48 23 av
1208 1636 227 49 erforderlig
1462 1636 145 37 visshet
1635 1649 62 23 om
1726 1641 54 31 att
1807 1636 133 36 veder-

342 1690 168 36 börande
538 1690 326 47 vägintressenter
901 1693 65 32 äro
994 1689 11 35 1
1034 1689 109 36 stånd
1173 1693 55 32 att
1257 1688 187 37 fullborda
1472 1688 296 48 anläggningen.
1825 1688 116 35 Dess-

341 1746 103 31 utom
472 1741 67 36 vill
565 1741 191 36 utskottet
784 1740 257 49 uttryckligen
1069 1740 209 47 framhålla,
1308 1745 55 31 att
1391 1740 104 36 detta
1522 1740 125 36 beslut
1674 1740 85 35 icke
1787 1739 57 36 får
1867 1738 75 37 till-

342 1797 120 32 mätas
490 1793 327 49 prejudicierande
847 1792 188 41 karaktär.

446 1896 196 37 Utskottet
670 1896 58 36 får
757 1895 109 37 alltså
893 1894 213 48 hemställa,

845 1977 55 31 att
927 1972 207 49 riksdagen
1162 1975 62 33 må
1251 1971 188 49 medgiva,
1469 1976 55 31 att
1551 1971 58 47 de,
1630 1971 101 36 vilka
1749 1973 48 47 på
1815 1971 126 49 grund

744 2037 46 23 av
826 2023 198 37 avslutade
1079 2024 181 36 kontrakt
1296 2023 90 37 eller
1415 2023 111 48 eljest
1553 2028 63 31 äro
1647 2023 202 48 ansvariga
1880 2023 62 35 för

742 2075 263 37 fullbordande
1033 2089 47 23 av
1108 2076 240 48 anläggning
1376 2089 46 21 av
1450 2074 232 48 vägdelarna
1705 2075 85 36 från
1810 2074 131 36 Kölm-

738 2128 87 47 järv
865 2127 58 36 till
964 2127 182 48 Tallsjön,
1180 2127 87 36 från
1300 2126 170 49 Tallsjön
1511 2126 96 36 förbi
1648 2126 206 36 Bredträsk
1883 2125 58 36 till

744 2179 190 36 Bönälven
964 2178 92 37 eller
1085 2178 230 36 Bönkroken
1343 2186 98 28 samt
1460 2178 82 36 från
1562 2177 168 49 Talljärv
1748 2178 58 36 till
1825 2177 115 36 Bred-

743 2231 115 47 träsk,
888 2231 140 36 befrias
1057 2230 83 36 från
1170 2230 84 36 dem
1283 2230 12 35 i
1324 2230 134 36 sådant
1491 2230 214 36 hänseende
1734 2228 205 49 åliggande

744 2283 230 48 skyldighet,
996 2287 91 31 utan
1107 2287 56 30 att
1182 2282 46 35 de
1247 2281 57 37 till
1323 2282 408 48 väganläggningarna
1751 2280 189 49 beviljade

744 2334 71 36 och
846 2334 116 36 redan
996 2334 196 48 uppburna
1221 2333 282 48 statsbidragen
1532 2333 202 36 återbäras.
