<?xml version="1.0" encoding="UTF-8"?>
<alto xmlns="http://www.loc.gov/standards/alto/ns-v3#" xmlns:xlink="http://www.w3.org/1999/xlink" xmlns:xsi="http://www.w3.org/2001/XMLSchema-instance" xsi:schemaLocation="http://www.loc.gov/standards/alto/ns-v3# http://www.loc.gov/alto/v3/alto-3-0.xsd">
	<Description>
		<MeasurementUnit>pixel</MeasurementUnit>
		<sourceImageInformation>
			<fileName>/tmp/tess_hxrky4ke_input.PNG</fileName>
		</sourceImageInformation>
		<OCRProcessing ID="OCR_0">
			<ocrProcessingStep>
				<processingSoftware>
					<softwareName>tesseract 5.3.0</softwareName>
				</processingSoftware>
			</ocrProcessingStep>
		</OCRProcessing>
	</Description>
	<Layout>
		<Page WIDTH="2284" HEIGHT="2804" PHYSICAL_IMG_NR="0" ID="page_0">
			<PrintSpace HPOS="0" VPOS="0" WIDTH="2284" HEIGHT="2804">
				<ComposedBlock ID="cblock_0" HPOS="434" VPOS="298" WIDTH="1361" HEIGHT="44">
					<TextBlock ID="block_0" HPOS="434" VPOS="298" WIDTH="1361" HEIGHT="44">
						<TextLine ID="line_0" HPOS="434" VPOS="298" WIDTH="1361" HEIGHT="44">
							<String ID="string_0" HPOS="434" VPOS="301" WIDTH="109" HEIGHT="30" WC="0.74" CONTENT="Första"/><SP WIDTH="27" VPOS="301" HPOS="543"/>
							<String ID="string_1" HPOS="570" VPOS="301" WIDTH="202" HEIGHT="30" WC="0.91" CONTENT="Kammarens"/><SP WIDTH="28" VPOS="301" HPOS="772"/>
							<String ID="string_2" HPOS="800" VPOS="299" WIDTH="166" HEIGHT="43" WC="0.93" CONTENT="Tillfälliga"/><SP WIDTH="28" VPOS="299" HPOS="966"/>
							<String ID="string_3" HPOS="994" VPOS="299" WIDTH="128" HEIGHT="32" WC="0.85" CONTENT="Utskotts"/><SP WIDTH="23" VPOS="299" HPOS="1122"/>
							<String ID="string_4" HPOS="1145" VPOS="298" WIDTH="76" HEIGHT="42" WC="0.95" CONTENT="(N:o"/><SP WIDTH="23" VPOS="298" HPOS="1221"/>
							<String ID="string_5" HPOS="1244" VPOS="301" WIDTH="29" HEIGHT="40" WC="0.96" CONTENT="1)"/><SP WIDTH="30" VPOS="301" HPOS="1273"/>
							<String ID="string_6" HPOS="1303" VPOS="299" WIDTH="161" HEIGHT="31" WC="0.96" CONTENT="Utlåtande"/><SP WIDTH="24" VPOS="299" HPOS="1464"/>
							<String ID="string_7" HPOS="1488" VPOS="298" WIDTH="60" HEIGHT="32" WC="0.87" CONTENT="N:o"/><SP WIDTH="24" VPOS="298" HPOS="1548"/>
							<String ID="string_8" HPOS="1572" VPOS="300" WIDTH="49" HEIGHT="29" WC="0.95" CONTENT="12."/><SP WIDTH="156" VPOS="300" HPOS="1621"/>
							<String ID="string_9" HPOS="1777" VPOS="298" WIDTH="18" HEIGHT="32" WC="0.96" CONTENT="3"/>
						</TextLine>
					</TextBlock>
				</ComposedBlock>
				<ComposedBlock ID="cblock_1" HPOS="213" VPOS="376" WIDTH="1627" HEIGHT="2119">
					<TextBlock ID="block_1" HPOS="217" VPOS="376" WIDTH="1623" HEIGHT="561">
						<TextLine ID="line_1" HPOS="219" VPOS="376" WIDTH="1619" HEIGHT="43">
							<String ID="string_10" HPOS="219" VPOS="379" WIDTH="89" HEIGHT="40" WC="0.94" CONTENT="ligen"/><SP WIDTH="25" VPOS="379" HPOS="308"/>
							<String ID="string_11" HPOS="333" VPOS="379" WIDTH="157" HEIGHT="40" WC="0.95" CONTENT="påkallas,"/><SP WIDTH="26" VPOS="379" HPOS="490"/>
							<String ID="string_12" HPOS="516" VPOS="390" WIDTH="52" HEIGHT="20" WC="0.96" CONTENT="om"/><SP WIDTH="25" VPOS="390" HPOS="568"/>
							<String ID="string_13" HPOS="593" VPOS="379" WIDTH="62" HEIGHT="31" WC="0.96" CONTENT="den"/><SP WIDTH="25" VPOS="379" HPOS="655"/>
							<String ID="string_14" HPOS="680" VPOS="377" WIDTH="223" HEIGHT="32" WC="0.96" CONTENT="understödde"/><SP WIDTH="24" VPOS="377" HPOS="903"/>
							<String ID="string_15" HPOS="927" VPOS="378" WIDTH="120" HEIGHT="31" WC="0.95" CONTENT="vistats"/><SP WIDTH="29" VPOS="378" HPOS="1047"/>
							<String ID="string_16" HPOS="1076" VPOS="377" WIDTH="3" HEIGHT="31" WC="0.58" CONTENT="1"/><SP WIDTH="25" VPOS="377" HPOS="1079"/>
							<String ID="string_17" HPOS="1104" VPOS="376" WIDTH="154" HEIGHT="42" WC="0.96" CONTENT="Sverige;"/><SP WIDTH="24" VPOS="376" HPOS="1258"/>
							<String ID="string_18" HPOS="1282" VPOS="382" WIDTH="86" HEIGHT="25" WC="0.96" CONTENT="samt"/><SP WIDTH="23" VPOS="382" HPOS="1368"/>
							<String ID="string_19" HPOS="1391" VPOS="382" WIDTH="48" HEIGHT="26" WC="0.95" CONTENT="att"/><SP WIDTH="23" VPOS="382" HPOS="1439"/>
							<String ID="string_20" HPOS="1462" VPOS="377" WIDTH="141" HEIGHT="31" WC="0.87" CONTENT="svenskt"/><SP WIDTH="22" VPOS="377" HPOS="1603"/>
							<String ID="string_21" HPOS="1625" VPOS="376" WIDTH="213" HEIGHT="41" WC="0.91" CONTENT="fattigvårds-"/>
						</TextLine>
						<TextLine ID="line_2" HPOS="221" VPOS="429" WIDTH="1619" HEIGHT="42">
							<String ID="string_22" HPOS="221" VPOS="431" WIDTH="158" HEIGHT="31" WC="0.90" CONTENT="samhälle"/><SP WIDTH="35" VPOS="431" HPOS="379"/>
							<String ID="string_23" HPOS="414" VPOS="431" WIDTH="73" HEIGHT="31" WC="0.58" CONTENT="icko"/><SP WIDTH="36" VPOS="431" HPOS="487"/>
							<String ID="string_24" HPOS="523" VPOS="436" WIDTH="37" HEIGHT="26" WC="0.96" CONTENT="är"/><SP WIDTH="34" VPOS="436" HPOS="560"/>
							<String ID="string_25" HPOS="594" VPOS="431" WIDTH="10" HEIGHT="30" WC="0.95" CONTENT="i"/><SP WIDTH="35" VPOS="431" HPOS="604"/>
							<String ID="string_26" HPOS="639" VPOS="430" WIDTH="131" HEIGHT="32" WC="0.92" CONTENT="tillfälle"/><SP WIDTH="35" VPOS="430" HPOS="770"/>
							<String ID="string_27" HPOS="805" VPOS="434" WIDTH="49" HEIGHT="27" WC="0.93" CONTENT="att"/><SP WIDTH="28" VPOS="434" HPOS="854"/>
							<String ID="string_28" HPOS="882" VPOS="430" WIDTH="119" HEIGHT="41" WC="0.91" CONTENT="pröfva"/><SP WIDTH="28" VPOS="430" HPOS="1001"/>
							<String ID="string_29" HPOS="1029" VPOS="429" WIDTH="413" HEIGHT="41" WC="0.91" CONTENT="ersättningsanspråkens"/><SP WIDTH="24" VPOS="429" HPOS="1442"/>
							<String ID="string_30" HPOS="1466" VPOS="429" WIDTH="162" HEIGHT="40" WC="0.14" CONTENT="giltighet."/><SP WIDTH="46" VPOS="429" HPOS="1628"/>
							<String ID="string_31" HPOS="1674" VPOS="429" WIDTH="91" HEIGHT="31" WC="0.92" CONTENT="Blott"/><SP WIDTH="26" VPOS="429" HPOS="1765"/>
							<String ID="string_32" HPOS="1791" VPOS="435" WIDTH="49" HEIGHT="25" WC="0.80" CONTENT="ctt"/>
						</TextLine>
						<TextLine ID="line_3" HPOS="220" VPOS="481" WIDTH="1617" HEIGHT="41">
							<String ID="string_33" HPOS="220" VPOS="483" WIDTH="83" HEIGHT="30" WC="0.78" CONTENT="cuda"/><SP WIDTH="24" VPOS="483" HPOS="303"/>
							<String ID="string_34" HPOS="327" VPOS="483" WIDTH="74" HEIGHT="30" WC="0.96" CONTENT="skäl"/><SP WIDTH="24" VPOS="483" HPOS="401"/>
							<String ID="string_35" HPOS="425" VPOS="482" WIDTH="59" HEIGHT="31" WC="0.96" CONTENT="har"/><SP WIDTH="24" VPOS="482" HPOS="484"/>
							<String ID="string_36" HPOS="508" VPOS="483" WIDTH="135" HEIGHT="36" WC="0.93" CONTENT="anförts,"/><SP WIDTH="26" VPOS="483" HPOS="643"/>
							<String ID="string_37" HPOS="669" VPOS="482" WIDTH="139" HEIGHT="37" WC="0.90" CONTENT="bvilket,"/><SP WIDTH="25" VPOS="482" HPOS="808"/>
							<String ID="string_38" HPOS="833" VPOS="493" WIDTH="52" HEIGHT="19" WC="0.95" CONTENT="om"/><SP WIDTH="25" VPOS="493" HPOS="885"/>
							<String ID="string_39" HPOS="910" VPOS="482" WIDTH="55" HEIGHT="31" WC="0.96" CONTENT="det"/><SP WIDTH="22" VPOS="482" HPOS="965"/>
							<String ID="string_40" HPOS="987" VPOS="482" WIDTH="9" HEIGHT="30" WC="0.96" CONTENT="i"/><SP WIDTH="25" VPOS="482" HPOS="996"/>
							<String ID="string_41" HPOS="1021" VPOS="481" WIDTH="218" HEIGHT="32" WC="0.95" CONTENT="förevarande"/><SP WIDTH="24" VPOS="481" HPOS="1239"/>
							<String ID="string_42" HPOS="1263" VPOS="482" WIDTH="57" HEIGHT="30" WC="0.95" CONTENT="fall"/><SP WIDTH="24" VPOS="482" HPOS="1320"/>
							<String ID="string_43" HPOS="1344" VPOS="492" WIDTH="79" HEIGHT="20" WC="0.92" CONTENT="vore"/><SP WIDTH="26" VPOS="492" HPOS="1423"/>
							<String ID="string_44" HPOS="1449" VPOS="481" WIDTH="202" HEIGHT="41" WC="0.94" CONTENT="tillämpligt,"/><SP WIDTH="24" VPOS="481" HPOS="1651"/>
							<String ID="string_45" HPOS="1675" VPOS="482" WIDTH="162" HEIGHT="31" WC="0.96" CONTENT="måhända"/>
						</TextLine>
						<TextLine ID="line_4" HPOS="219" VPOS="533" WIDTH="1619" HEIGHT="42">
							<String ID="string_46" HPOS="219" VPOS="534" WIDTH="110" HEIGHT="32" WC="0.95" CONTENT="kunde"/><SP WIDTH="26" VPOS="534" HPOS="329"/>
							<String ID="string_47" HPOS="355" VPOS="534" WIDTH="171" HEIGHT="32" WC="0.95" CONTENT="föranleda"/><SP WIDTH="24" VPOS="534" HPOS="526"/>
							<String ID="string_48" HPOS="550" VPOS="540" WIDTH="49" HEIGHT="26" WC="0.93" CONTENT="ett"/><SP WIDTH="21" VPOS="540" HPOS="599"/>
							<String ID="string_49" HPOS="620" VPOS="534" WIDTH="235" HEIGHT="41" WC="0.92" CONTENT="upphäfvande"/><SP WIDTH="25" VPOS="534" HPOS="855"/>
							<String ID="string_50" HPOS="880" VPOS="535" WIDTH="35" HEIGHT="31" WC="0.96" CONTENT="af"/><SP WIDTH="19" VPOS="535" HPOS="915"/>
							<String ID="string_51" HPOS="934" VPOS="534" WIDTH="246" HEIGHT="40" WC="0.93" CONTENT="förordningen,"/><SP WIDTH="25" VPOS="534" HPOS="1180"/>
							<String ID="string_52" HPOS="1205" VPOS="533" WIDTH="167" HEIGHT="41" WC="0.90" CONTENT="nemligen"/><SP WIDTH="25" VPOS="533" HPOS="1372"/>
							<String ID="string_53" HPOS="1397" VPOS="533" WIDTH="56" HEIGHT="31" WC="0.96" CONTENT="det"/><SP WIDTH="22" VPOS="533" HPOS="1453"/>
							<String ID="string_54" HPOS="1475" VPOS="544" WIDTH="67" HEIGHT="20" WC="0.93" CONTENT="som"/><SP WIDTH="27" VPOS="544" HPOS="1542"/>
							<String ID="string_55" HPOS="1569" VPOS="533" WIDTH="169" HEIGHT="41" WC="0.65" CONTENT="stödes.på"/><SP WIDTH="16" VPOS="533" HPOS="1738"/>
							<String ID="string_56" HPOS="1754" VPOS="534" WIDTH="84" HEIGHT="40" WC="0.91" CONTENT="åsig-"/>
						</TextLine>
						<TextLine ID="line_5" HPOS="218" VPOS="585" WIDTH="1621" HEIGHT="41">
							<String ID="string_57" HPOS="218" VPOS="591" WIDTH="65" HEIGHT="33" WC="0.94" CONTENT="ten,"/><SP WIDTH="25" VPOS="591" HPOS="283"/>
							<String ID="string_58" HPOS="308" VPOS="594" WIDTH="49" HEIGHT="23" WC="0.95" CONTENT="att"/><SP WIDTH="23" VPOS="594" HPOS="357"/>
							<String ID="string_59" HPOS="380" VPOS="586" WIDTH="205" HEIGHT="31" WC="0.94" CONTENT="främmande"/><SP WIDTH="26" VPOS="586" HPOS="585"/>
							<String ID="string_60" HPOS="611" VPOS="590" WIDTH="74" HEIGHT="31" WC="0.93" CONTENT="stat,"/><SP WIDTH="24" VPOS="590" HPOS="685"/>
							<String ID="string_61" HPOS="709" VPOS="597" WIDTH="70" HEIGHT="20" WC="0.96" CONTENT="som"/><SP WIDTH="24" VPOS="597" HPOS="779"/>
							<String ID="string_62" HPOS="803" VPOS="586" WIDTH="150" HEIGHT="32" WC="0.96" CONTENT="användt"/><SP WIDTH="22" VPOS="586" HPOS="953"/>
							<String ID="string_63" HPOS="975" VPOS="597" WIDTH="41" HEIGHT="20" WC="0.94" CONTENT="en"/><SP WIDTH="24" VPOS="597" HPOS="1016"/>
							<String ID="string_64" HPOS="1040" VPOS="597" WIDTH="105" HEIGHT="20" WC="0.96" CONTENT="annan"/><SP WIDTH="27" VPOS="597" HPOS="1145"/>
							<String ID="string_65" HPOS="1172" VPOS="591" WIDTH="82" HEIGHT="26" WC="0.94" CONTENT="stats"/><SP WIDTH="24" VPOS="591" HPOS="1254"/>
							<String ID="string_66" HPOS="1278" VPOS="586" WIDTH="151" HEIGHT="31" WC="0.87" CONTENT="arbetare"/><SP WIDTH="25" VPOS="586" HPOS="1429"/>
							<String ID="string_67" HPOS="1454" VPOS="585" WIDTH="60" HEIGHT="31" WC="0.96" CONTENT="och"/><SP WIDTH="17" VPOS="585" HPOS="1514"/>
							<String ID="string_68" HPOS="1531" VPOS="585" WIDTH="139" HEIGHT="31" WC="0.93" CONTENT="sålunda"/><SP WIDTH="16" VPOS="585" HPOS="1670"/>
							<String ID="string_69" HPOS="1686" VPOS="585" WIDTH="153" HEIGHT="41" WC="0.89" CONTENT="tillgodo-"/>
						</TextLine>
						<TextLine ID="line_6" HPOS="217" VPOS="637" WIDTH="1622" HEIGHT="41">
							<String ID="string_70" HPOS="217" VPOS="639" WIDTH="84" HEIGHT="39" WC="0.86" CONTENT="gjort"/><SP WIDTH="26" VPOS="639" HPOS="301"/>
							<String ID="string_71" HPOS="327" VPOS="638" WIDTH="50" HEIGHT="40" WC="0.96" CONTENT="sig"/><SP WIDTH="24" VPOS="638" HPOS="377"/>
							<String ID="string_72" HPOS="401" VPOS="638" WIDTH="82" HEIGHT="30" WC="0.95" CONTENT="hans"/><SP WIDTH="25" VPOS="638" HPOS="483"/>
							<String ID="string_73" HPOS="508" VPOS="638" WIDTH="212" HEIGHT="32" WC="0.79" CONTENT="arbetskraft,"/><SP WIDTH="25" VPOS="638" HPOS="720"/>
							<String ID="string_74" HPOS="745" VPOS="637" WIDTH="100" HEIGHT="32" WC="0.95" CONTENT="borde"/><SP WIDTH="36" VPOS="637" HPOS="845"/>
							<String ID="string_75" HPOS="881" VPOS="637" WIDTH="76" HEIGHT="40" WC="0.80" CONTENT="sjelf"/><SP WIDTH="31" VPOS="637" HPOS="957"/>
							<String ID="string_76" HPOS="988" VPOS="637" WIDTH="188" HEIGHT="32" WC="0.89" CONTENT="vidkännas"/><SP WIDTH="30" VPOS="637" HPOS="1176"/>
							<String ID="string_77" HPOS="1206" VPOS="637" WIDTH="224" HEIGHT="31" WC="0.96" CONTENT="kostnaderna"/><SP WIDTH="24" VPOS="637" HPOS="1430"/>
							<String ID="string_78" HPOS="1454" VPOS="637" WIDTH="50" HEIGHT="31" WC="0.96" CONTENT="för"/><SP WIDTH="22" VPOS="637" HPOS="1504"/>
							<String ID="string_79" HPOS="1526" VPOS="637" WIDTH="119" HEIGHT="31" WC="0.91" CONTENT="honom"/><SP WIDTH="28" VPOS="637" HPOS="1645"/>
							<String ID="string_80" HPOS="1673" VPOS="637" WIDTH="166" HEIGHT="32" WC="0.90" CONTENT="derunder"/>
						</TextLine>
						<TextLine ID="line_7" HPOS="219" VPOS="688" WIDTH="1620" HEIGHT="42">
							<String ID="string_81" HPOS="219" VPOS="689" WIDTH="147" HEIGHT="32" WC="0.90" CONTENT="lemnadt"/><SP WIDTH="35" VPOS="689" HPOS="366"/>
							<String ID="string_82" HPOS="401" VPOS="689" WIDTH="287" HEIGHT="41" WC="0.90" CONTENT="fattigunderstöd."/><SP WIDTH="46" VPOS="689" HPOS="688"/>
							<String ID="string_83" HPOS="734" VPOS="689" WIDTH="80" HEIGHT="31" WC="0.55" CONTENT="Men"/><SP WIDTH="35" VPOS="689" HPOS="814"/>
							<String ID="string_84" HPOS="849" VPOS="689" WIDTH="99" HEIGHT="31" WC="0.96" CONTENT="äfven"/><SP WIDTH="35" VPOS="689" HPOS="948"/>
							<String ID="string_85" HPOS="983" VPOS="700" WIDTH="52" HEIGHT="20" WC="0.95" CONTENT="om"/><SP WIDTH="32" VPOS="700" HPOS="1035"/>
							<String ID="string_86" HPOS="1067" VPOS="689" WIDTH="110" HEIGHT="31" WC="0.91" CONTENT="denna"/><SP WIDTH="27" VPOS="689" HPOS="1177"/>
							<String ID="string_87" HPOS="1204" VPOS="689" WIDTH="94" HEIGHT="40" WC="0.89" CONTENT="åsigt,"/><SP WIDTH="25" VPOS="689" HPOS="1298"/>
							<String ID="string_88" HPOS="1323" VPOS="693" WIDTH="90" HEIGHT="27" WC="0.96" CONTENT="emot"/><SP WIDTH="22" VPOS="693" HPOS="1413"/>
							<String ID="string_89" HPOS="1435" VPOS="689" WIDTH="99" HEIGHT="31" WC="0.93" CONTENT="hvars"/><SP WIDTH="25" VPOS="689" HPOS="1534"/>
							<String ID="string_90" HPOS="1559" VPOS="688" WIDTH="280" HEIGHT="41" WC="0.89" CONTENT="allmängiltighet"/>
						</TextLine>
						<TextLine ID="line_8" HPOS="220" VPOS="740" WIDTH="1617" HEIGHT="43">
							<String ID="string_91" HPOS="220" VPOS="742" WIDTH="157" HEIGHT="41" WC="0.96" CONTENT="befogade"/><SP WIDTH="25" VPOS="742" HPOS="377"/>
							<String ID="string_92" HPOS="402" VPOS="742" WIDTH="261" HEIGHT="40" WC="0.96" CONTENT="anmärkningar"/><SP WIDTH="24" VPOS="742" HPOS="663"/>
							<String ID="string_93" HPOS="687" VPOS="741" WIDTH="108" HEIGHT="31" WC="0.96" CONTENT="skulle"/><SP WIDTH="25" VPOS="741" HPOS="795"/>
							<String ID="string_94" HPOS="820" VPOS="741" WIDTH="113" HEIGHT="32" WC="0.95" CONTENT="kunna"/><SP WIDTH="23" VPOS="741" HPOS="933"/>
							<String ID="string_95" HPOS="956" VPOS="748" WIDTH="104" HEIGHT="34" WC="0.96" CONTENT="göras,"/><SP WIDTH="25" VPOS="748" HPOS="1060"/>
							<String ID="string_96" HPOS="1085" VPOS="740" WIDTH="76" HEIGHT="32" WC="0.96" CONTENT="med"/><SP WIDTH="23" VPOS="740" HPOS="1161"/>
							<String ID="string_97" HPOS="1184" VPOS="744" WIDTH="101" HEIGHT="37" WC="0.96" CONTENT="något"/><SP WIDTH="23" VPOS="744" HPOS="1285"/>
							<String ID="string_98" HPOS="1308" VPOS="741" WIDTH="73" HEIGHT="31" WC="0.96" CONTENT="skäl"/><SP WIDTH="25" VPOS="741" HPOS="1381"/>
							<String ID="string_99" HPOS="1406" VPOS="741" WIDTH="110" HEIGHT="31" WC="0.96" CONTENT="kunde"/><SP WIDTH="24" VPOS="741" HPOS="1516"/>
							<String ID="string_100" HPOS="1540" VPOS="741" WIDTH="72" HEIGHT="31" WC="0.95" CONTENT="från"/><SP WIDTH="18" VPOS="741" HPOS="1612"/>
							<String ID="string_101" HPOS="1630" VPOS="741" WIDTH="124" HEIGHT="31" WC="0.96" CONTENT="svensk"/><SP WIDTH="15" VPOS="741" HPOS="1754"/>
							<String ID="string_102" HPOS="1769" VPOS="741" WIDTH="68" HEIGHT="31" WC="0.96" CONTENT="sida"/>
						</TextLine>
						<TextLine ID="line_9" HPOS="217" VPOS="792" WIDTH="1622" HEIGHT="42">
							<String ID="string_103" HPOS="217" VPOS="795" WIDTH="160" HEIGHT="39" WC="0.96" CONTENT="åberopas"/><SP WIDTH="24" VPOS="795" HPOS="377"/>
							<String ID="string_104" HPOS="401" VPOS="798" WIDTH="70" HEIGHT="26" WC="0.96" CONTENT="mot"/><SP WIDTH="23" VPOS="798" HPOS="471"/>
							<String ID="string_105" HPOS="494" VPOS="793" WIDTH="205" HEIGHT="31" WC="0.96" CONTENT="främmande"/><SP WIDTH="24" VPOS="793" HPOS="699"/>
							<String ID="string_106" HPOS="723" VPOS="793" WIDTH="126" HEIGHT="37" WC="0.95" CONTENT="länder,"/><SP WIDTH="25" VPOS="793" HPOS="849"/>
							<String ID="string_107" HPOS="874" VPOS="803" WIDTH="98" HEIGHT="21" WC="0.96" CONTENT="anser"/><SP WIDTH="24" VPOS="803" HPOS="972"/>
							<String ID="string_108" HPOS="996" VPOS="792" WIDTH="183" HEIGHT="38" WC="0.96" CONTENT="Utskottet,"/><SP WIDTH="26" VPOS="792" HPOS="1179"/>
							<String ID="string_109" HPOS="1205" VPOS="792" WIDTH="74" HEIGHT="31" WC="0.96" CONTENT="med"/><SP WIDTH="24" VPOS="792" HPOS="1279"/>
							<String ID="string_110" HPOS="1303" VPOS="792" WIDTH="154" HEIGHT="32" WC="0.89" CONTENT="afseende"/><SP WIDTH="24" VPOS="792" HPOS="1457"/>
							<String ID="string_111" HPOS="1481" VPOS="795" WIDTH="19" HEIGHT="29" WC="0.91" CONTENT="å"/><SP WIDTH="24" VPOS="795" HPOS="1500"/>
							<String ID="string_112" HPOS="1524" VPOS="792" WIDTH="55" HEIGHT="31" WC="0.93" CONTENT="det"/><SP WIDTH="16" VPOS="792" HPOS="1579"/>
							<String ID="string_113" HPOS="1595" VPOS="792" WIDTH="244" HEIGHT="31" WC="0.91" CONTENT="ofvanberörda"/>
						</TextLine>
						<TextLine ID="line_10" HPOS="219" VPOS="843" WIDTH="1619" HEIGHT="42">
							<String ID="string_114" HPOS="219" VPOS="852" WIDTH="152" HEIGHT="24" WC="0.95" CONTENT="närmare"/><SP WIDTH="24" VPOS="852" HPOS="371"/>
							<String ID="string_115" HPOS="395" VPOS="845" WIDTH="221" HEIGHT="32" WC="0.95" CONTENT="förhållandet"/><SP WIDTH="23" VPOS="845" HPOS="616"/>
							<String ID="string_116" HPOS="639" VPOS="845" WIDTH="121" HEIGHT="31" WC="0.93" CONTENT="mellan"/><SP WIDTH="27" VPOS="845" HPOS="760"/>
							<String ID="string_117" HPOS="787" VPOS="844" WIDTH="138" HEIGHT="41" WC="0.95" CONTENT="Sverige"/><SP WIDTH="25" VPOS="844" HPOS="925"/>
							<String ID="string_118" HPOS="950" VPOS="843" WIDTH="60" HEIGHT="33" WC="0.96" CONTENT="och"/><SP WIDTH="24" VPOS="843" HPOS="1010"/>
							<String ID="string_119" HPOS="1034" VPOS="844" WIDTH="119" HEIGHT="41" WC="0.82" CONTENT="Norge,"/><SP WIDTH="27" VPOS="844" HPOS="1153"/>
							<String ID="string_120" HPOS="1180" VPOS="856" WIDTH="40" HEIGHT="20" WC="0.96" CONTENT="en"/><SP WIDTH="24" VPOS="856" HPOS="1220"/>
							<String ID="string_121" HPOS="1244" VPOS="845" WIDTH="103" HEIGHT="31" WC="0.93" CONTENT="sådan"/><SP WIDTH="23" VPOS="845" HPOS="1347"/>
							<String ID="string_122" HPOS="1370" VPOS="845" WIDTH="86" HEIGHT="40" WC="0.91" CONTENT="åsigt"/><SP WIDTH="23" VPOS="845" HPOS="1456"/>
							<String ID="string_123" HPOS="1479" VPOS="844" WIDTH="204" HEIGHT="32" WC="0.96" CONTENT="beträffande"/><SP WIDTH="18" VPOS="844" HPOS="1683"/>
							<String ID="string_124" HPOS="1701" VPOS="844" WIDTH="39" HEIGHT="31" WC="0.93" CONTENT="de"/><SP WIDTH="13" VPOS="844" HPOS="1740"/>
							<String ID="string_125" HPOS="1753" VPOS="844" WIDTH="85" HEIGHT="31" WC="0.92" CONTENT="före-"/>
						</TextLine>
						<TextLine ID="line_11" HPOS="218" VPOS="896" WIDTH="794" HEIGHT="41">
							<String ID="string_126" HPOS="218" VPOS="896" WIDTH="83" HEIGHT="32" WC="0.96" CONTENT="nade"/><SP WIDTH="25" VPOS="896" HPOS="301"/>
							<String ID="string_127" HPOS="326" VPOS="897" WIDTH="127" HEIGHT="37" WC="0.94" CONTENT="rikena,"/><SP WIDTH="23" VPOS="897" HPOS="453"/>
							<String ID="string_128" HPOS="476" VPOS="896" WIDTH="74" HEIGHT="32" WC="0.96" CONTENT="icke"/><SP WIDTH="26" VPOS="896" HPOS="550"/>
							<String ID="string_129" HPOS="576" VPOS="897" WIDTH="78" HEIGHT="31" WC="0.96" CONTENT="böra"/><SP WIDTH="22" VPOS="897" HPOS="654"/>
							<String ID="string_130" HPOS="676" VPOS="903" WIDTH="79" HEIGHT="34" WC="0.96" CONTENT="göra"/><SP WIDTH="24" VPOS="903" HPOS="755"/>
							<String ID="string_131" HPOS="779" VPOS="896" WIDTH="50" HEIGHT="41" WC="0.96" CONTENT="sig"/><SP WIDTH="22" VPOS="896" HPOS="829"/>
							<String ID="string_132" HPOS="851" VPOS="897" WIDTH="161" HEIGHT="40" WC="0.95" CONTENT="gällande."/>
						</TextLine>
					</TextBlock>
					<TextBlock ID="block_2" HPOS="216" VPOS="949" WIDTH="1622" HEIGHT="404">
						<TextLine ID="line_12" HPOS="370" VPOS="949" WIDTH="1465" HEIGHT="41">
							<String ID="string_133" HPOS="370" VPOS="950" WIDTH="78" HEIGHT="31" WC="0.94" CONTENT="Med"/><SP WIDTH="35" VPOS="950" HPOS="448"/>
							<String ID="string_134" HPOS="483" VPOS="950" WIDTH="107" HEIGHT="31" WC="0.96" CONTENT="denna"/><SP WIDTH="34" VPOS="950" HPOS="590"/>
							<String ID="string_135" HPOS="624" VPOS="949" WIDTH="214" HEIGHT="41" WC="0.96" CONTENT="uppfattning"/><SP WIDTH="35" VPOS="949" HPOS="838"/>
							<String ID="string_136" HPOS="873" VPOS="949" WIDTH="60" HEIGHT="31" WC="0.95" CONTENT="och"/><SP WIDTH="34" VPOS="949" HPOS="933"/>
							<String ID="string_137" HPOS="967" VPOS="952" WIDTH="42" HEIGHT="37" WC="0.96" CONTENT="på"/><SP WIDTH="32" VPOS="952" HPOS="1009"/>
							<String ID="string_138" HPOS="1041" VPOS="949" WIDTH="107" HEIGHT="41" WC="0.96" CONTENT="grund"/><SP WIDTH="29" VPOS="949" HPOS="1148"/>
							<String ID="string_139" HPOS="1177" VPOS="950" WIDTH="35" HEIGHT="31" WC="0.95" CONTENT="af"/><SP WIDTH="20" VPOS="950" HPOS="1212"/>
							<String ID="string_140" HPOS="1232" VPOS="950" WIDTH="86" HEIGHT="31" WC="0.96" CONTENT="hvad"/><SP WIDTH="25" VPOS="950" HPOS="1318"/>
							<String ID="string_141" HPOS="1343" VPOS="950" WIDTH="10" HEIGHT="30" WC="0.96" CONTENT="i"/><SP WIDTH="24" VPOS="950" HPOS="1353"/>
							<String ID="string_142" HPOS="1377" VPOS="950" WIDTH="100" HEIGHT="40" WC="0.96" CONTENT="öfrigt"/><SP WIDTH="22" VPOS="950" HPOS="1477"/>
							<String ID="string_143" HPOS="1499" VPOS="950" WIDTH="136" HEIGHT="35" WC="0.93" CONTENT="anförts,"/><SP WIDTH="26" VPOS="950" HPOS="1635"/>
							<String ID="string_144" HPOS="1661" VPOS="960" WIDTH="98" HEIGHT="20" WC="0.91" CONTENT="auser"/><SP WIDTH="26" VPOS="960" HPOS="1759"/>
							<String ID="string_145" HPOS="1785" VPOS="950" WIDTH="50" HEIGHT="30" WC="0.96" CONTENT="väl"/>
						</TextLine>
						<TextLine ID="line_13" HPOS="218" VPOS="1000" WIDTH="1618" HEIGHT="41">
							<String ID="string_146" HPOS="218" VPOS="1001" WIDTH="180" HEIGHT="38" WC="0.95" CONTENT="Utskottet,"/><SP WIDTH="35" VPOS="1001" HPOS="398"/>
							<String ID="string_147" HPOS="433" VPOS="1005" WIDTH="43" HEIGHT="36" WC="0.96" CONTENT="på"/><SP WIDTH="22" VPOS="1005" HPOS="476"/>
							<String ID="string_148" HPOS="498" VPOS="1005" WIDTH="68" HEIGHT="27" WC="0.96" CONTENT="sätt"/><SP WIDTH="23" VPOS="1005" HPOS="566"/>
							<String ID="string_149" HPOS="589" VPOS="1000" WIDTH="101" HEIGHT="31" WC="0.87" CONTENT="redan"/><SP WIDTH="35" VPOS="1000" HPOS="690"/>
							<String ID="string_150" HPOS="725" VPOS="1006" WIDTH="39" HEIGHT="25" WC="0.92" CONTENT="är"/><SP WIDTH="33" VPOS="1006" HPOS="764"/>
							<String ID="string_151" HPOS="797" VPOS="1000" WIDTH="127" HEIGHT="40" WC="0.88" CONTENT="antydt,"/><SP WIDTH="31" VPOS="1000" HPOS="924"/>
							<String ID="string_152" HPOS="955" VPOS="1000" WIDTH="74" HEIGHT="31" WC="0.96" CONTENT="skäl"/><SP WIDTH="23" VPOS="1000" HPOS="1029"/>
							<String ID="string_153" HPOS="1052" VPOS="1001" WIDTH="74" HEIGHT="31" WC="0.94" CONTENT="icke"/><SP WIDTH="28" VPOS="1001" HPOS="1126"/>
							<String ID="string_154" HPOS="1154" VPOS="1012" WIDTH="78" HEIGHT="20" WC="0.96" CONTENT="vara"/><SP WIDTH="23" VPOS="1012" HPOS="1232"/>
							<String ID="string_155" HPOS="1255" VPOS="1002" WIDTH="50" HEIGHT="31" WC="0.90" CONTENT="för"/><SP WIDTH="27" VPOS="1002" HPOS="1305"/>
							<String ID="string_156" HPOS="1332" VPOS="1000" WIDTH="130" HEIGHT="32" WC="0.89" CONTENT="hauden"/><SP WIDTH="25" VPOS="1000" HPOS="1462"/>
							<String ID="string_157" HPOS="1487" VPOS="1006" WIDTH="49" HEIGHT="26" WC="0.96" CONTENT="att"/><SP WIDTH="23" VPOS="1006" HPOS="1536"/>
							<String ID="string_158" HPOS="1559" VPOS="1001" WIDTH="70" HEIGHT="31" WC="0.96" CONTENT="helt"/><SP WIDTH="23" VPOS="1001" HPOS="1629"/>
							<String ID="string_159" HPOS="1652" VPOS="1001" WIDTH="60" HEIGHT="31" WC="0.96" CONTENT="och"/><SP WIDTH="24" VPOS="1001" HPOS="1712"/>
							<String ID="string_160" HPOS="1736" VPOS="1001" WIDTH="100" HEIGHT="32" WC="0.95" CONTENT="hållet"/>
						</TextLine>
						<TextLine ID="line_14" HPOS="216" VPOS="1052" WIDTH="1622" HEIGHT="42">
							<String ID="string_161" HPOS="216" VPOS="1054" WIDTH="170" HEIGHT="40" WC="0.87" CONTENT="upphäfva"/><SP WIDTH="25" VPOS="1054" HPOS="386"/>
							<String ID="string_162" HPOS="411" VPOS="1054" WIDTH="81" HEIGHT="30" WC="0.95" CONTENT="1855"/><SP WIDTH="25" VPOS="1054" HPOS="492"/>
							<String ID="string_163" HPOS="517" VPOS="1056" WIDTH="53" HEIGHT="28" WC="0.94" CONTENT="års"/><SP WIDTH="24" VPOS="1056" HPOS="570"/>
							<String ID="string_164" HPOS="594" VPOS="1053" WIDTH="211" HEIGHT="40" WC="0.95" CONTENT="förordning;"/><SP WIDTH="24" VPOS="1053" HPOS="805"/>
							<String ID="string_165" HPOS="829" VPOS="1063" WIDTH="76" HEIGHT="20" WC="0.95" CONTENT="men"/><SP WIDTH="24" VPOS="1063" HPOS="905"/>
							<String ID="string_166" HPOS="929" VPOS="1052" WIDTH="40" HEIGHT="31" WC="0.96" CONTENT="då"/><SP WIDTH="24" VPOS="1052" HPOS="969"/>
							<String ID="string_167" HPOS="993" VPOS="1052" WIDTH="63" HEIGHT="31" WC="0.96" CONTENT="den"/><SP WIDTH="24" VPOS="1052" HPOS="1056"/>
							<String ID="string_168" HPOS="1080" VPOS="1053" WIDTH="200" HEIGHT="41" WC="0.93" CONTENT="ömsesidiga"/><SP WIDTH="23" VPOS="1053" HPOS="1280"/>
							<String ID="string_169" HPOS="1303" VPOS="1053" WIDTH="400" HEIGHT="41" WC="0.90" CONTENT="ersättningsskyldighet"/><SP WIDTH="17" VPOS="1053" HPOS="1703"/>
							<String ID="string_170" HPOS="1720" VPOS="1053" WIDTH="118" HEIGHT="31" WC="0.96" CONTENT="rikena"/>
						</TextLine>
						<TextLine ID="line_15" HPOS="217" VPOS="1104" WIDTH="1621" HEIGHT="42">
							<String ID="string_171" HPOS="217" VPOS="1105" WIDTH="151" HEIGHT="37" WC="0.95" CONTENT="emellan,"/><SP WIDTH="36" VPOS="1105" HPOS="368"/>
							<String ID="string_172" HPOS="404" VPOS="1115" WIDTH="69" HEIGHT="21" WC="0.91" CONTENT="som"/><SP WIDTH="37" VPOS="1115" HPOS="473"/>
							<String ID="string_173" HPOS="510" VPOS="1105" WIDTH="70" HEIGHT="31" WC="0.89" CONTENT="deri"/><SP WIDTH="35" VPOS="1105" HPOS="580"/>
							<String ID="string_174" HPOS="615" VPOS="1105" WIDTH="175" HEIGHT="37" WC="0.90" CONTENT="erkännes,"/><SP WIDTH="36" VPOS="1105" HPOS="790"/>
							<String ID="string_175" HPOS="826" VPOS="1105" WIDTH="109" HEIGHT="31" WC="0.96" CONTENT="skulle"/><SP WIDTH="34" VPOS="1105" HPOS="935"/>
							<String ID="string_176" HPOS="969" VPOS="1105" WIDTH="181" HEIGHT="31" WC="0.93" CONTENT="bibehållas"/><SP WIDTH="24" VPOS="1105" HPOS="1150"/>
							<String ID="string_177" HPOS="1174" VPOS="1104" WIDTH="229" HEIGHT="42" WC="0.91" CONTENT="väsendtligen"/><SP WIDTH="27" VPOS="1104" HPOS="1403"/>
							<String ID="string_178" HPOS="1430" VPOS="1108" WIDTH="41" HEIGHT="37" WC="0.95" CONTENT="på"/><SP WIDTH="23" VPOS="1108" HPOS="1471"/>
							<String ID="string_179" HPOS="1494" VPOS="1105" WIDTH="106" HEIGHT="41" WC="0.96" CONTENT="grund"/><SP WIDTH="26" VPOS="1105" HPOS="1600"/>
							<String ID="string_180" HPOS="1626" VPOS="1106" WIDTH="35" HEIGHT="30" WC="0.96" CONTENT="af"/><SP WIDTH="19" VPOS="1106" HPOS="1661"/>
							<String ID="string_181" HPOS="1680" VPOS="1105" WIDTH="158" HEIGHT="40" WC="0.96" CONTENT="politiska"/>
						</TextLine>
						<TextLine ID="line_16" HPOS="217" VPOS="1156" WIDTH="1621" HEIGHT="42">
							<String ID="string_182" HPOS="217" VPOS="1157" WIDTH="85" HEIGHT="36" WC="0.95" CONTENT="skäl,"/><SP WIDTH="26" VPOS="1157" HPOS="302"/>
							<String ID="string_183" HPOS="328" VPOS="1157" WIDTH="59" HEIGHT="31" WC="0.95" CONTENT="har"/><SP WIDTH="24" VPOS="1157" HPOS="387"/>
							<String ID="string_184" HPOS="411" VPOS="1157" WIDTH="55" HEIGHT="31" WC="0.96" CONTENT="det"/><SP WIDTH="24" VPOS="1157" HPOS="466"/>
							<String ID="string_185" HPOS="490" VPOS="1164" WIDTH="95" HEIGHT="34" WC="0.96" CONTENT="synts"/><SP WIDTH="23" VPOS="1164" HPOS="585"/>
							<String ID="string_186" HPOS="608" VPOS="1157" WIDTH="184" HEIGHT="38" WC="0.96" CONTENT="Utskottet,"/><SP WIDTH="26" VPOS="1157" HPOS="792"/>
							<String ID="string_187" HPOS="818" VPOS="1169" WIDTH="68" HEIGHT="20" WC="0.95" CONTENT="som"/><SP WIDTH="27" VPOS="1169" HPOS="886"/>
							<String ID="string_188" HPOS="913" VPOS="1156" WIDTH="100" HEIGHT="33" WC="0.96" CONTENT="borde"/><SP WIDTH="30" VPOS="1156" HPOS="1013"/>
							<String ID="string_189" HPOS="1043" VPOS="1157" WIDTH="209" HEIGHT="31" WC="0.94" CONTENT="statskassan"/><SP WIDTH="23" VPOS="1157" HPOS="1252"/>
							<String ID="string_190" HPOS="1275" VPOS="1157" WIDTH="283" HEIGHT="41" WC="0.96" CONTENT="hufvudsakligen"/><SP WIDTH="23" VPOS="1157" HPOS="1558"/>
							<String ID="string_191" HPOS="1581" VPOS="1157" WIDTH="95" HEIGHT="31" WC="0.65" CONTENT="deraf"/><SP WIDTH="22" VPOS="1157" HPOS="1676"/>
							<String ID="string_192" HPOS="1698" VPOS="1157" WIDTH="140" HEIGHT="32" WC="0.95" CONTENT="drabbas"/>
						</TextLine>
						<TextLine ID="line_17" HPOS="217" VPOS="1209" WIDTH="1618" HEIGHT="41">
							<String ID="string_193" HPOS="217" VPOS="1215" WIDTH="85" HEIGHT="25" WC="0.96" CONTENT="samt"/><SP WIDTH="34" VPOS="1215" HPOS="302"/>
							<String ID="string_194" HPOS="336" VPOS="1210" WIDTH="142" HEIGHT="31" WC="0.90" CONTENT="svenskt"/><SP WIDTH="32" VPOS="1210" HPOS="478"/>
							<String ID="string_195" HPOS="510" VPOS="1210" WIDTH="361" HEIGHT="38" WC="0.64" CONTENT="fattiovårdssamhälle"/><SP WIDTH="37" VPOS="1210" HPOS="871"/>
							<String ID="string_196" HPOS="908" VPOS="1210" WIDTH="26" HEIGHT="39" WC="0.85" CONTENT="cj"/><SP WIDTH="35" VPOS="1210" HPOS="934"/>
							<String ID="string_197" HPOS="969" VPOS="1209" WIDTH="101" HEIGHT="32" WC="0.91" CONTENT="hafva"/><SP WIDTH="35" VPOS="1209" HPOS="1070"/>
							<String ID="string_198" HPOS="1105" VPOS="1209" WIDTH="244" HEIGHT="31" WC="0.91" CONTENT="vidsträcktare"/><SP WIDTH="36" VPOS="1209" HPOS="1349"/>
							<String ID="string_199" HPOS="1385" VPOS="1209" WIDTH="194" HEIGHT="41" WC="0.95" CONTENT="skyldighet"/><SP WIDTH="28" VPOS="1209" HPOS="1579"/>
							<String ID="string_200" HPOS="1607" VPOS="1214" WIDTH="49" HEIGHT="26" WC="0.93" CONTENT="att"/><SP WIDTH="22" VPOS="1214" HPOS="1656"/>
							<String ID="string_201" HPOS="1678" VPOS="1209" WIDTH="157" HEIGHT="41" WC="0.91" CONTENT="godtgöra"/>
						</TextLine>
						<TextLine ID="line_18" HPOS="217" VPOS="1261" WIDTH="1618" HEIGHT="41">
							<String ID="string_202" HPOS="217" VPOS="1262" WIDTH="216" HEIGHT="37" WC="0.94" CONTENT="statskassan,"/><SP WIDTH="37" VPOS="1262" HPOS="433"/>
							<String ID="string_203" HPOS="470" VPOS="1267" WIDTH="43" HEIGHT="25" WC="0.94" CONTENT="än"/><SP WIDTH="35" VPOS="1267" HPOS="513"/>
							<String ID="string_204" HPOS="548" VPOS="1272" WIDTH="50" HEIGHT="20" WC="0.93" CONTENT="om"/><SP WIDTH="36" VPOS="1272" HPOS="598"/>
							<String ID="string_205" HPOS="634" VPOS="1261" WIDTH="217" HEIGHT="31" WC="0.93" CONTENT="understödet"/><SP WIDTH="35" VPOS="1261" HPOS="851"/>
							<String ID="string_206" HPOS="886" VPOS="1262" WIDTH="141" HEIGHT="30" WC="0.91" CONTENT="lemnats"/><SP WIDTH="35" VPOS="1262" HPOS="1027"/>
							<String ID="string_207" HPOS="1062" VPOS="1261" WIDTH="88" HEIGHT="31" WC="0.87" CONTENT="inom"/><SP WIDTH="26" VPOS="1261" HPOS="1150"/>
							<String ID="string_208" HPOS="1176" VPOS="1267" WIDTH="102" HEIGHT="25" WC="0.95" CONTENT="annat"/><SP WIDTH="23" VPOS="1267" HPOS="1278"/>
							<String ID="string_209" HPOS="1301" VPOS="1261" WIDTH="140" HEIGHT="31" WC="0.93" CONTENT="svenskt"/><SP WIDTH="22" VPOS="1261" HPOS="1441"/>
							<String ID="string_210" HPOS="1463" VPOS="1261" WIDTH="372" HEIGHT="41" WC="0.63" CONTENT="fattigvårdssamhälle."/>
						</TextLine>
						<TextLine ID="line_19" HPOS="218" VPOS="1312" WIDTH="931" HEIGHT="41">
							<String ID="string_211" HPOS="218" VPOS="1313" WIDTH="130" HEIGHT="31" WC="0.96" CONTENT="hvilket"/><SP WIDTH="23" VPOS="1313" HPOS="348"/>
							<String ID="string_212" HPOS="371" VPOS="1313" WIDTH="50" HEIGHT="31" WC="0.96" CONTENT="för"/><SP WIDTH="22" VPOS="1313" HPOS="421"/>
							<String ID="string_213" HPOS="443" VPOS="1313" WIDTH="209" HEIGHT="32" WC="0.96" CONTENT="närvarande"/><SP WIDTH="23" VPOS="1313" HPOS="652"/>
							<String ID="string_214" HPOS="675" VPOS="1313" WIDTH="107" HEIGHT="31" WC="0.96" CONTENT="likväl"/><SP WIDTH="25" VPOS="1313" HPOS="782"/>
							<String ID="string_215" HPOS="807" VPOS="1313" WIDTH="27" HEIGHT="40" WC="0.88" CONTENT="ej"/><SP WIDTH="26" VPOS="1313" HPOS="834"/>
							<String ID="string_216" HPOS="860" VPOS="1319" WIDTH="37" HEIGHT="25" WC="0.96" CONTENT="är"/><SP WIDTH="24" VPOS="1319" HPOS="897"/>
							<String ID="string_217" HPOS="921" VPOS="1312" WIDTH="228" HEIGHT="32" WC="0.95" CONTENT="förhållandet."/>
						</TextLine>
					</TextBlock>
					<TextBlock ID="block_3" HPOS="215" VPOS="1364" WIDTH="1624" HEIGHT="455">
						<TextLine ID="line_20" HPOS="368" VPOS="1364" WIDTH="1470" HEIGHT="42">
							<String ID="string_218" HPOS="368" VPOS="1364" WIDTH="117" HEIGHT="41" WC="0.23" CONTENT="Enuligt"/><SP WIDTH="23" VPOS="1364" HPOS="485"/>
							<String ID="string_219" HPOS="508" VPOS="1367" WIDTH="60" HEIGHT="28" WC="0.96" CONTENT="vår"/><SP WIDTH="23" VPOS="1367" HPOS="568"/>
							<String ID="string_220" HPOS="591" VPOS="1376" WIDTH="44" HEIGHT="19" WC="0.96" CONTENT="nu"/><SP WIDTH="24" VPOS="1376" HPOS="635"/>
							<String ID="string_221" HPOS="659" VPOS="1364" WIDTH="153" HEIGHT="41" WC="0.92" CONTENT="gällande"/><SP WIDTH="25" VPOS="1364" HPOS="812"/>
							<String ID="string_222" HPOS="837" VPOS="1364" WIDTH="260" HEIGHT="41" WC="0.67" CONTENT="fattigvårdslag,"/><SP WIDTH="26" VPOS="1364" HPOS="1097"/>
							<String ID="string_223" HPOS="1123" VPOS="1366" WIDTH="13" HEIGHT="39" WC="0.91" CONTENT="$"/><SP WIDTH="24" VPOS="1366" HPOS="1136"/>
							<String ID="string_224" HPOS="1160" VPOS="1364" WIDTH="49" HEIGHT="38" WC="0.95" CONTENT="29,"/><SP WIDTH="27" VPOS="1364" HPOS="1209"/>
							<String ID="string_225" HPOS="1236" VPOS="1365" WIDTH="152" HEIGHT="31" WC="0.91" CONTENT="sträcker"/><SP WIDTH="17" VPOS="1365" HPOS="1388"/>
							<String ID="string_226" HPOS="1405" VPOS="1365" WIDTH="48" HEIGHT="41" WC="0.95" CONTENT="sig"/><SP WIDTH="17" VPOS="1365" HPOS="1453"/>
							<String ID="string_227" HPOS="1470" VPOS="1365" WIDTH="140" HEIGHT="32" WC="0.91" CONTENT="svenskt"/><SP WIDTH="16" VPOS="1365" HPOS="1610"/>
							<String ID="string_228" HPOS="1626" VPOS="1366" WIDTH="212" HEIGHT="40" WC="0.41" CONTENT="fattigvårds-"/>
						</TextLine>
						<TextLine ID="line_21" HPOS="217" VPOS="1415" WIDTH="1620" HEIGHT="43">
							<String ID="string_229" HPOS="217" VPOS="1416" WIDTH="177" HEIGHT="31" WC="0.93" CONTENT="samhälles"/><SP WIDTH="36" VPOS="1416" HPOS="394"/>
							<String ID="string_230" HPOS="430" VPOS="1415" WIDTH="144" HEIGHT="41" WC="0.94" CONTENT="skyldig."/><SP WIDTH="17" VPOS="1415" HPOS="574"/>
							<String ID="string_231" HPOS="591" VPOS="1423" WIDTH="33" HEIGHT="23" WC="0.79" CONTENT="et"/><SP WIDTH="28" VPOS="1423" HPOS="624"/>
							<String ID="string_232" HPOS="652" VPOS="1421" WIDTH="48" HEIGHT="26" WC="0.96" CONTENT="att"/><SP WIDTH="25" VPOS="1421" HPOS="700"/>
							<String ID="string_233" HPOS="725" VPOS="1421" WIDTH="125" HEIGHT="26" WC="0.56" CONTENT="ersätta"/><SP WIDTH="23" VPOS="1421" HPOS="850"/>
							<String ID="string_234" HPOS="873" VPOS="1421" WIDTH="48" HEIGHT="26" WC="0.39" CONTENT="ett"/><SP WIDTH="23" VPOS="1421" HPOS="921"/>
							<String ID="string_235" HPOS="944" VPOS="1422" WIDTH="100" HEIGHT="25" WC="0.91" CONTENT="aunat"/><SP WIDTH="23" VPOS="1422" HPOS="1044"/>
							<String ID="string_236" HPOS="1067" VPOS="1416" WIDTH="48" HEIGHT="31" WC="0.96" CONTENT="för"/><SP WIDTH="24" VPOS="1416" HPOS="1115"/>
							<String ID="string_237" HPOS="1139" VPOS="1416" WIDTH="58" HEIGHT="31" WC="0.93" CONTENT="der"/><SP WIDTH="22" VPOS="1416" HPOS="1197"/>
							<String ID="string_238" HPOS="1219" VPOS="1416" WIDTH="150" HEIGHT="32" WC="0.91" CONTENT="lemnadt"/><SP WIDTH="23" VPOS="1416" HPOS="1369"/>
							<String ID="string_239" HPOS="1392" VPOS="1417" WIDTH="180" HEIGHT="31" WC="0.95" CONTENT="understöd"/><SP WIDTH="24" VPOS="1417" HPOS="1572"/>
							<String ID="string_240" HPOS="1596" VPOS="1421" WIDTH="33" HEIGHT="28" WC="0.94" CONTENT="åt"/><SP WIDTH="24" VPOS="1421" HPOS="1629"/>
							<String ID="string_241" HPOS="1653" VPOS="1429" WIDTH="39" HEIGHT="20" WC="0.75" CONTENT="en"/><SP WIDTH="25" VPOS="1429" HPOS="1692"/>
							<String ID="string_242" HPOS="1717" VPOS="1429" WIDTH="120" HEIGHT="29" WC="0.96" CONTENT="person"/>
						</TextLine>
						<TextLine ID="line_22" HPOS="217" VPOS="1467" WIDTH="1620" HEIGHT="38">
							<String ID="string_243" HPOS="217" VPOS="1467" WIDTH="73" HEIGHT="30" WC="0.92" CONTENT="med"/><SP WIDTH="25" VPOS="1467" HPOS="290"/>
							<String ID="string_244" HPOS="315" VPOS="1467" WIDTH="218" HEIGHT="31" WC="0.90" CONTENT="hemortsrätt"/><SP WIDTH="23" VPOS="1467" HPOS="533"/>
							<String ID="string_245" HPOS="556" VPOS="1468" WIDTH="9" HEIGHT="30" WC="0.70" CONTENT="i"/><SP WIDTH="26" VPOS="1468" HPOS="565"/>
							<String ID="string_246" HPOS="591" VPOS="1468" WIDTH="55" HEIGHT="31" WC="0.95" CONTENT="det"/><SP WIDTH="23" VPOS="1468" HPOS="646"/>
							<String ID="string_247" HPOS="669" VPOS="1469" WIDTH="88" HEIGHT="30" WC="0.96" CONTENT="förra"/><SP WIDTH="23" VPOS="1469" HPOS="757"/>
							<String ID="string_248" HPOS="780" VPOS="1469" WIDTH="75" HEIGHT="30" WC="0.95" CONTENT="icke"/><SP WIDTH="26" VPOS="1469" HPOS="855"/>
							<String ID="string_249" HPOS="881" VPOS="1469" WIDTH="123" HEIGHT="35" WC="0.95" CONTENT="vidare,"/><SP WIDTH="25" VPOS="1469" HPOS="1004"/>
							<String ID="string_250" HPOS="1029" VPOS="1474" WIDTH="43" HEIGHT="25" WC="0.96" CONTENT="än"/><SP WIDTH="24" VPOS="1474" HPOS="1072"/>
							<String ID="string_251" HPOS="1096" VPOS="1468" WIDTH="51" HEIGHT="31" WC="0.96" CONTENT="till"/><SP WIDTH="24" VPOS="1468" HPOS="1147"/>
							<String ID="string_252" HPOS="1171" VPOS="1467" WIDTH="118" HEIGHT="32" WC="0.96" CONTENT="sådant"/><SP WIDTH="23" VPOS="1467" HPOS="1289"/>
							<String ID="string_253" HPOS="1312" VPOS="1468" WIDTH="189" HEIGHT="37" WC="0.96" CONTENT="understöd,"/><SP WIDTH="26" VPOS="1468" HPOS="1501"/>
							<String ID="string_254" HPOS="1527" VPOS="1480" WIDTH="69" HEIGHT="20" WC="0.93" CONTENT="som"/><SP WIDTH="24" VPOS="1480" HPOS="1596"/>
							<String ID="string_255" HPOS="1620" VPOS="1469" WIDTH="144" HEIGHT="32" WC="0.91" CONTENT="lemnats"/><SP WIDTH="17" VPOS="1469" HPOS="1764"/>
							<String ID="string_256" HPOS="1781" VPOS="1481" WIDTH="56" HEIGHT="20" WC="0.92" CONTENT="en-"/>
						</TextLine>
						<TextLine ID="line_23" HPOS="217" VPOS="1519" WIDTH="1622" HEIGHT="42">
							<String ID="string_257" HPOS="217" VPOS="1519" WIDTH="60" HEIGHT="41" WC="0.96" CONTENT="ligt"/><SP WIDTH="25" VPOS="1519" HPOS="277"/>
							<String ID="string_258" HPOS="302" VPOS="1520" WIDTH="13" HEIGHT="29" WC="0.76" CONTENT="1"/><SP WIDTH="27" VPOS="1520" HPOS="315"/>
							<String ID="string_259" HPOS="342" VPOS="1520" WIDTH="41" HEIGHT="39" WC="0.90" CONTENT="$:s"/><SP WIDTH="25" VPOS="1520" HPOS="383"/>
							<String ID="string_260" HPOS="408" VPOS="1519" WIDTH="251" HEIGHT="31" WC="0.96" CONTENT="bestämmelser"/><SP WIDTH="24" VPOS="1519" HPOS="659"/>
							<String ID="string_261" HPOS="683" VPOS="1532" WIDTH="52" HEIGHT="19" WC="0.85" CONTENT="om"/><SP WIDTH="26" VPOS="1532" HPOS="735"/>
							<String ID="string_262" HPOS="761" VPOS="1532" WIDTH="24" HEIGHT="19" WC="0.87" CONTENT="s."/><SP WIDTH="24" VPOS="1532" HPOS="785"/>
							<String ID="string_263" HPOS="809" VPOS="1521" WIDTH="33" HEIGHT="30" WC="0.90" CONTENT="k."/><SP WIDTH="26" VPOS="1521" HPOS="842"/>
							<String ID="string_264" HPOS="868" VPOS="1519" WIDTH="217" HEIGHT="42" WC="0.95" CONTENT="obligatorisk"/><SP WIDTH="25" VPOS="1519" HPOS="1085"/>
							<String ID="string_265" HPOS="1110" VPOS="1519" WIDTH="189" HEIGHT="41" WC="0.95" CONTENT="fattigvård."/><SP WIDTH="45" VPOS="1519" HPOS="1299"/>
							<String ID="string_266" HPOS="1344" VPOS="1519" WIDTH="51" HEIGHT="32" WC="0.96" CONTENT="På"/><SP WIDTH="23" VPOS="1519" HPOS="1395"/>
							<String ID="string_267" HPOS="1418" VPOS="1520" WIDTH="106" HEIGHT="40" WC="0.95" CONTENT="grund"/><SP WIDTH="25" VPOS="1520" HPOS="1524"/>
							<String ID="string_268" HPOS="1549" VPOS="1521" WIDTH="35" HEIGHT="30" WC="0.95" CONTENT="af"/><SP WIDTH="21" VPOS="1521" HPOS="1584"/>
							<String ID="string_269" HPOS="1605" VPOS="1522" WIDTH="81" HEIGHT="30" WC="0.60" CONTENT="1855"/><SP WIDTH="17" VPOS="1522" HPOS="1686"/>
							<String ID="string_270" HPOS="1703" VPOS="1524" WIDTH="53" HEIGHT="28" WC="0.93" CONTENT="års"/><SP WIDTH="17" VPOS="1524" HPOS="1756"/>
							<String ID="string_271" HPOS="1773" VPOS="1523" WIDTH="66" HEIGHT="30" WC="0.92" CONTENT="för-"/>
						</TextLine>
						<TextLine ID="line_24" HPOS="215" VPOS="1570" WIDTH="1622" HEIGHT="44">
							<String ID="string_272" HPOS="215" VPOS="1570" WIDTH="150" HEIGHT="41" WC="0.95" CONTENT="ordning,"/><SP WIDTH="25" VPOS="1570" HPOS="365"/>
							<String ID="string_273" HPOS="390" VPOS="1574" WIDTH="40" HEIGHT="36" WC="0.96" CONTENT="på"/><SP WIDTH="23" VPOS="1574" HPOS="430"/>
							<String ID="string_274" HPOS="453" VPOS="1576" WIDTH="68" HEIGHT="26" WC="0.97" CONTENT="sätt"/><SP WIDTH="24" VPOS="1576" HPOS="521"/>
							<String ID="string_275" HPOS="545" VPOS="1571" WIDTH="61" HEIGHT="31" WC="0.96" CONTENT="den"/><SP WIDTH="25" VPOS="1571" HPOS="606"/>
							<String ID="string_276" HPOS="631" VPOS="1572" WIDTH="122" HEIGHT="31" WC="0.96" CONTENT="hittills"/><SP WIDTH="24" VPOS="1572" HPOS="753"/>
							<String ID="string_277" HPOS="777" VPOS="1572" WIDTH="194" HEIGHT="40" WC="0.95" CONTENT="tillämpats,"/><SP WIDTH="25" VPOS="1572" HPOS="971"/>
							<String ID="string_278" HPOS="996" VPOS="1572" WIDTH="60" HEIGHT="30" WC="0.95" CONTENT="har"/><SP WIDTH="24" VPOS="1572" HPOS="1056"/>
							<String ID="string_279" HPOS="1080" VPOS="1570" WIDTH="56" HEIGHT="32" WC="0.96" CONTENT="det"/><SP WIDTH="23" VPOS="1570" HPOS="1136"/>
							<String ID="string_280" HPOS="1159" VPOS="1570" WIDTH="186" HEIGHT="32" WC="0.53" CONTENT="emellertid"/><SP WIDTH="25" VPOS="1570" HPOS="1345"/>
							<String ID="string_281" HPOS="1370" VPOS="1571" WIDTH="105" HEIGHT="41" WC="0.94" CONTENT="ålagts"/><SP WIDTH="25" VPOS="1571" HPOS="1475"/>
							<String ID="string_282" HPOS="1500" VPOS="1571" WIDTH="38" HEIGHT="32" WC="0.96" CONTENT="de"/><SP WIDTH="26" VPOS="1571" HPOS="1538"/>
							<String ID="string_283" HPOS="1564" VPOS="1573" WIDTH="143" HEIGHT="31" WC="0.92" CONTENT="svenska"/><SP WIDTH="19" VPOS="1573" HPOS="1707"/>
							<String ID="string_284" HPOS="1726" VPOS="1574" WIDTH="111" HEIGHT="40" WC="0.91" CONTENT="fattig-"/>
						</TextLine>
						<TextLine ID="line_25" HPOS="218" VPOS="1622" WIDTH="1619" HEIGHT="42">
							<String ID="string_285" HPOS="218" VPOS="1622" WIDTH="306" HEIGHT="32" WC="0.88" CONTENT="vårdssamhällena"/><SP WIDTH="35" VPOS="1622" HPOS="524"/>
							<String ID="string_286" HPOS="559" VPOS="1627" WIDTH="50" HEIGHT="26" WC="0.93" CONTENT="att"/><SP WIDTH="33" VPOS="1627" HPOS="609"/>
							<String ID="string_287" HPOS="642" VPOS="1627" WIDTH="161" HEIGHT="37" WC="0.92" CONTENT="godtgöra"/><SP WIDTH="33" VPOS="1627" HPOS="803"/>
							<String ID="string_288" HPOS="836" VPOS="1624" WIDTH="206" HEIGHT="31" WC="0.83" CONTENT="statskassan"/><SP WIDTH="25" VPOS="1624" HPOS="1042"/>
							<String ID="string_289" HPOS="1067" VPOS="1623" WIDTH="112" HEIGHT="40" WC="0.95" CONTENT="hvarje"/><SP WIDTH="24" VPOS="1623" HPOS="1179"/>
							<String ID="string_290" HPOS="1203" VPOS="1622" WIDTH="87" HEIGHT="42" WC="0.95" CONTENT="slags"/><SP WIDTH="23" VPOS="1622" HPOS="1290"/>
							<String ID="string_291" HPOS="1313" VPOS="1623" WIDTH="192" HEIGHT="38" WC="0.95" CONTENT="understöd,"/><SP WIDTH="25" VPOS="1623" HPOS="1505"/>
							<String ID="string_292" HPOS="1530" VPOS="1635" WIDTH="79" HEIGHT="26" WC="0.96" CONTENT="som,"/><SP WIDTH="25" VPOS="1635" HPOS="1609"/>
							<String ID="string_293" HPOS="1634" VPOS="1625" WIDTH="10" HEIGHT="30" WC="0.92" CONTENT="i"/><SP WIDTH="24" VPOS="1625" HPOS="1644"/>
							<String ID="string_294" HPOS="1668" VPOS="1625" WIDTH="169" HEIGHT="32" WC="0.86" CONTENT="öfverens-"/>
						</TextLine>
						<TextLine ID="line_26" HPOS="218" VPOS="1675" WIDTH="1618" HEIGHT="42">
							<String ID="string_295" HPOS="218" VPOS="1675" WIDTH="189" HEIGHT="31" WC="0.84" CONTENT="stämmelse"/><SP WIDTH="35" VPOS="1675" HPOS="407"/>
							<String ID="string_296" HPOS="442" VPOS="1675" WIDTH="77" HEIGHT="30" WC="0.80" CONTENT="med"/><SP WIDTH="33" VPOS="1675" HPOS="519"/>
							<String ID="string_297" HPOS="552" VPOS="1675" WIDTH="257" HEIGHT="41" WC="0.10" CONTENT="fattigvårdslag"/><SP WIDTH="34" VPOS="1675" HPOS="809"/>
							<String ID="string_298" HPOS="843" VPOS="1676" WIDTH="11" HEIGHT="30" WC="0.95" CONTENT="i"/><SP WIDTH="33" VPOS="1676" HPOS="854"/>
							<String ID="string_299" HPOS="887" VPOS="1675" WIDTH="121" HEIGHT="42" WC="0.96" CONTENT="Norge,"/><SP WIDTH="27" VPOS="1675" HPOS="1008"/>
							<String ID="string_300" HPOS="1035" VPOS="1675" WIDTH="57" HEIGHT="31" WC="0.92" CONTENT="der"/><SP WIDTH="23" VPOS="1675" HPOS="1092"/>
							<String ID="string_301" HPOS="1115" VPOS="1675" WIDTH="142" HEIGHT="31" WC="0.81" CONTENT="lemnats"/><SP WIDTH="25" VPOS="1675" HPOS="1257"/>
							<String ID="string_302" HPOS="1282" VPOS="1675" WIDTH="94" HEIGHT="31" WC="0.68" CONTENT="deras"/><SP WIDTH="24" VPOS="1675" HPOS="1376"/>
							<String ID="string_303" HPOS="1400" VPOS="1676" WIDTH="188" HEIGHT="31" WC="0.90" CONTENT="nödställda"/><SP WIDTH="23" VPOS="1676" HPOS="1588"/>
							<String ID="string_304" HPOS="1611" VPOS="1677" WIDTH="225" HEIGHT="32" WC="0.96" CONTENT="medlemmar."/>
						</TextLine>
						<TextLine ID="line_27" HPOS="215" VPOS="1726" WIDTH="1621" HEIGHT="43">
							<String ID="string_305" HPOS="215" VPOS="1726" WIDTH="207" HEIGHT="40" WC="0.53" CONTENT="följaktligen"/><SP WIDTH="25" VPOS="1726" HPOS="422"/>
							<String ID="string_306" HPOS="447" VPOS="1726" WIDTH="100" HEIGHT="31" WC="0.96" CONTENT="äfven"/><SP WIDTH="24" VPOS="1726" HPOS="547"/>
							<String ID="string_307" HPOS="571" VPOS="1726" WIDTH="127" HEIGHT="38" WC="0.96" CONTENT="sådant,"/><SP WIDTH="26" VPOS="1726" HPOS="698"/>
							<String ID="string_308" HPOS="724" VPOS="1737" WIDTH="68" HEIGHT="20" WC="0.96" CONTENT="som"/><SP WIDTH="25" VPOS="1737" HPOS="792"/>
							<String ID="string_309" HPOS="817" VPOS="1727" WIDTH="75" HEIGHT="31" WC="0.95" CONTENT="icke"/><SP WIDTH="24" VPOS="1727" HPOS="892"/>
							<String ID="string_310" HPOS="916" VPOS="1728" WIDTH="89" HEIGHT="31" WC="0.96" CONTENT="varit"/><SP WIDTH="23" VPOS="1728" HPOS="1005"/>
							<String ID="string_311" HPOS="1028" VPOS="1728" WIDTH="51" HEIGHT="30" WC="0.96" CONTENT="till"/><SP WIDTH="24" VPOS="1728" HPOS="1079"/>
							<String ID="string_312" HPOS="1103" VPOS="1728" WIDTH="216" HEIGHT="40" WC="0.96" CONTENT="obligatorisk"/><SP WIDTH="26" VPOS="1728" HPOS="1319"/>
							<String ID="string_313" HPOS="1345" VPOS="1728" WIDTH="179" HEIGHT="40" WC="0.93" CONTENT="fattigvård"/><SP WIDTH="17" VPOS="1728" HPOS="1524"/>
							<String ID="string_314" HPOS="1541" VPOS="1728" WIDTH="188" HEIGHT="41" WC="0.84" CONTENT="hänförligt."/><SP WIDTH="37" VPOS="1728" HPOS="1729"/>
							<String ID="string_315" HPOS="1766" VPOS="1729" WIDTH="70" HEIGHT="32" WC="0.87" CONTENT="Och"/>
						</TextLine>
						<TextLine ID="line_28" HPOS="216" VPOS="1777" WIDTH="1246" HEIGHT="42">
							<String ID="string_316" HPOS="216" VPOS="1778" WIDTH="7" HEIGHT="29" WC="0.68" CONTENT="1"/><SP WIDTH="29" VPOS="1778" HPOS="223"/>
							<String ID="string_317" HPOS="252" VPOS="1777" WIDTH="89" HEIGHT="31" WC="0.92" CONTENT="detta"/><SP WIDTH="23" VPOS="1777" HPOS="341"/>
							<String ID="string_318" HPOS="364" VPOS="1777" WIDTH="189" HEIGHT="31" WC="0.16" CONTENT="hänseende"/><SP WIDTH="25" VPOS="1777" HPOS="553"/>
							<String ID="string_319" HPOS="578" VPOS="1789" WIDTH="100" HEIGHT="29" WC="0.96" CONTENT="synes"/><SP WIDTH="25" VPOS="1789" HPOS="678"/>
							<String ID="string_320" HPOS="703" VPOS="1789" WIDTH="41" HEIGHT="20" WC="0.96" CONTENT="en"/><SP WIDTH="24" VPOS="1789" HPOS="744"/>
							<String ID="string_321" HPOS="768" VPOS="1779" WIDTH="196" HEIGHT="40" WC="0.96" CONTENT="förändring"/><SP WIDTH="24" VPOS="1779" HPOS="964"/>
							<String ID="string_322" HPOS="988" VPOS="1779" WIDTH="152" HEIGHT="40" WC="0.93" CONTENT="skäligen"/><SP WIDTH="24" VPOS="1779" HPOS="1140"/>
							<String ID="string_323" HPOS="1164" VPOS="1779" WIDTH="115" HEIGHT="30" WC="0.14" CONTENT="kunua"/><SP WIDTH="23" VPOS="1779" HPOS="1279"/>
							<String ID="string_324" HPOS="1302" VPOS="1780" WIDTH="160" HEIGHT="39" WC="0.93" CONTENT="påkallas."/>
						</TextLine>
					</TextBlock>
					<TextBlock ID="block_4" HPOS="213" VPOS="1828" WIDTH="1626" HEIGHT="401">
						<TextLine ID="line_29" HPOS="372" VPOS="1828" WIDTH="1467" HEIGHT="44">
							<String ID="string_325" HPOS="372" VPOS="1828" WIDTH="117" HEIGHT="31" WC="0.96" CONTENT="Vidare"/><SP WIDTH="24" VPOS="1828" HPOS="489"/>
							<String ID="string_326" HPOS="513" VPOS="1828" WIDTH="61" HEIGHT="31" WC="0.95" CONTENT="har"/><SP WIDTH="23" VPOS="1828" HPOS="574"/>
							<String ID="string_327" HPOS="597" VPOS="1828" WIDTH="194" HEIGHT="32" WC="0.96" CONTENT="Utskottets"/><SP WIDTH="23" VPOS="1828" HPOS="791"/>
							<String ID="string_328" HPOS="814" VPOS="1830" WIDTH="299" HEIGHT="40" WC="0.93" CONTENT="uppmärksamhet"/><SP WIDTH="23" VPOS="1830" HPOS="1113"/>
							<String ID="string_329" HPOS="1136" VPOS="1831" WIDTH="118" HEIGHT="31" WC="0.91" CONTENT="fästats"/><SP WIDTH="25" VPOS="1831" HPOS="1254"/>
							<String ID="string_330" HPOS="1279" VPOS="1831" WIDTH="125" HEIGHT="37" WC="0.92" CONTENT="dervid,"/><SP WIDTH="25" VPOS="1831" HPOS="1404"/>
							<String ID="string_331" HPOS="1429" VPOS="1837" WIDTH="48" HEIGHT="25" WC="0.96" CONTENT="att"/><SP WIDTH="23" VPOS="1837" HPOS="1477"/>
							<String ID="string_332" HPOS="1500" VPOS="1832" WIDTH="105" HEIGHT="30" WC="0.95" CONTENT="under"/><SP WIDTH="21" VPOS="1832" HPOS="1605"/>
							<String ID="string_333" HPOS="1626" VPOS="1832" WIDTH="63" HEIGHT="37" WC="0.86" CONTENT="det,"/><SP WIDTH="13" VPOS="1832" HPOS="1689"/>
							<String ID="string_334" HPOS="1702" VPOS="1833" WIDTH="137" HEIGHT="39" WC="0.65" CONTENT="jemlikt"/>
						</TextLine>
						<TextLine ID="line_30" HPOS="216" VPOS="1879" WIDTH="1621" HEIGHT="42">
							<String ID="string_335" HPOS="216" VPOS="1879" WIDTH="182" HEIGHT="41" WC="0.93" CONTENT="stadgande"/><SP WIDTH="34" VPOS="1879" HPOS="398"/>
							<String ID="string_336" HPOS="432" VPOS="1880" WIDTH="50" HEIGHT="31" WC="0.96" CONTENT="uti"/><SP WIDTH="35" VPOS="1880" HPOS="482"/>
							<String ID="string_337" HPOS="517" VPOS="1881" WIDTH="251" HEIGHT="31" WC="0.96" CONTENT="instruktionen"/><SP WIDTH="34" VPOS="1881" HPOS="768"/>
							<String ID="string_338" HPOS="802" VPOS="1882" WIDTH="51" HEIGHT="30" WC="0.91" CONTENT="för"/><SP WIDTH="33" VPOS="1882" HPOS="853"/>
							<String ID="string_339" HPOS="886" VPOS="1882" WIDTH="117" HEIGHT="31" WC="0.91" CONTENT="länens"/><SP WIDTH="23" VPOS="1882" HPOS="1003"/>
							<String ID="string_340" HPOS="1026" VPOS="1882" WIDTH="169" HEIGHT="31" WC="0.87" CONTENT="lasaretts-"/><SP WIDTH="24" VPOS="1882" HPOS="1195"/>
							<String ID="string_341" HPOS="1219" VPOS="1883" WIDTH="60" HEIGHT="30" WC="0.93" CONTENT="och"/><SP WIDTH="24" VPOS="1883" HPOS="1279"/>
							<String ID="string_342" HPOS="1303" VPOS="1883" WIDTH="361" HEIGHT="38" WC="0.92" CONTENT="kurhus-direktioner,"/><SP WIDTH="25" VPOS="1883" HPOS="1664"/>
							<String ID="string_343" HPOS="1689" VPOS="1884" WIDTH="42" HEIGHT="30" WC="0.96" CONTENT="fri"/><SP WIDTH="24" VPOS="1884" HPOS="1731"/>
							<String ID="string_344" HPOS="1755" VPOS="1885" WIDTH="82" HEIGHT="31" WC="0.74" CONTENT="värd"/>
						</TextLine>
						<TextLine ID="line_31" HPOS="213" VPOS="1931" WIDTH="1622" HEIGHT="42">
							<String ID="string_345" HPOS="213" VPOS="1931" WIDTH="128" HEIGHT="31" WC="0.86" CONTENT="lemnas"/><SP WIDTH="35" VPOS="1931" HPOS="341"/>
							<String ID="string_346" HPOS="376" VPOS="1932" WIDTH="64" HEIGHT="30" WC="0.67" CONTENT="ulla"/><SP WIDTH="30" VPOS="1932" HPOS="440"/>
							<String ID="string_347" HPOS="470" VPOS="1932" WIDTH="174" HEIGHT="31" WC="0.33" CONTENT="venecriskt"/><SP WIDTH="34" VPOS="1932" HPOS="644"/>
							<String ID="string_348" HPOS="678" VPOS="1933" WIDTH="96" HEIGHT="39" WC="0.96" CONTENT="sjuka"/><SP WIDTH="35" VPOS="1933" HPOS="774"/>
							<String ID="string_349" HPOS="809" VPOS="1939" WIDTH="85" HEIGHT="25" WC="0.96" CONTENT="samt"/><SP WIDTH="35" VPOS="1939" HPOS="894"/>
							<String ID="string_350" HPOS="929" VPOS="1934" WIDTH="101" HEIGHT="31" WC="0.93" CONTENT="sådan"/><SP WIDTH="29" VPOS="1934" HPOS="1030"/>
							<String ID="string_351" HPOS="1059" VPOS="1933" WIDTH="386" HEIGHT="40" WC="0.91" CONTENT="sjukvårdsbehöfvande"/><SP WIDTH="24" VPOS="1933" HPOS="1445"/>
							<String ID="string_352" HPOS="1469" VPOS="1935" WIDTH="73" HEIGHT="31" WC="0.96" CONTENT="från"/><SP WIDTH="25" VPOS="1935" HPOS="1542"/>
							<String ID="string_353" HPOS="1567" VPOS="1940" WIDTH="100" HEIGHT="26" WC="0.96" CONTENT="annat"/><SP WIDTH="24" VPOS="1940" HPOS="1667"/>
							<String ID="string_354" HPOS="1691" VPOS="1936" WIDTH="144" HEIGHT="37" WC="0.96" CONTENT="distrikt,"/>
						</TextLine>
						<TextLine ID="line_32" HPOS="215" VPOS="1983" WIDTH="1621" HEIGHT="43">
							<String ID="string_355" HPOS="215" VPOS="1993" WIDTH="69" HEIGHT="19" WC="0.96" CONTENT="som"/><SP WIDTH="36" VPOS="1993" HPOS="284"/>
							<String ID="string_356" HPOS="320" VPOS="1987" WIDTH="38" HEIGHT="26" WC="0.93" CONTENT="är"/><SP WIDTH="35" VPOS="1987" HPOS="358"/>
							<String ID="string_357" HPOS="393" VPOS="1983" WIDTH="168" HEIGHT="38" WC="0.68" CONTENT="medellös,"/><SP WIDTH="37" VPOS="1983" HPOS="561"/>
							<String ID="string_358" HPOS="598" VPOS="1987" WIDTH="36" HEIGHT="28" WC="0.93" CONTENT="så"/><SP WIDTH="28" VPOS="1987" HPOS="634"/>
							<String ID="string_359" HPOS="662" VPOS="1985" WIDTH="128" HEIGHT="31" WC="0.67" CONTENT="lemnas"/><SP WIDTH="24" VPOS="1985" HPOS="790"/>
							<String ID="string_360" HPOS="814" VPOS="1985" WIDTH="49" HEIGHT="31" WC="0.92" CONTENT="uti"/><SP WIDTH="23" VPOS="1985" HPOS="863"/>
							<String ID="string_361" HPOS="886" VPOS="1985" WIDTH="165" HEIGHT="31" WC="0.87" CONTENT="intetdera"/><SP WIDTH="24" VPOS="1985" HPOS="1051"/>
							<String ID="string_362" HPOS="1075" VPOS="1985" WIDTH="94" HEIGHT="31" WC="0.95" CONTENT="fallet"/><SP WIDTH="22" VPOS="1985" HPOS="1169"/>
							<String ID="string_363" HPOS="1191" VPOS="1985" WIDTH="125" HEIGHT="31" WC="0.95" CONTENT="vården"/><SP WIDTH="26" VPOS="1985" HPOS="1316"/>
							<String ID="string_364" HPOS="1342" VPOS="1986" WIDTH="69" HEIGHT="30" WC="0.95" CONTENT="fritt"/><SP WIDTH="33" VPOS="1986" HPOS="1411"/>
							<String ID="string_365" HPOS="1444" VPOS="1986" WIDTH="1" HEIGHT="30" WC="0.96" CONTENT="i"/><SP WIDTH="25" VPOS="1986" HPOS="1445"/>
							<String ID="string_366" HPOS="1470" VPOS="1986" WIDTH="125" HEIGHT="40" WC="0.83" CONTENT="Norge;"/><SP WIDTH="25" VPOS="1986" HPOS="1595"/>
							<String ID="string_367" HPOS="1620" VPOS="1987" WIDTH="153" HEIGHT="32" WC="0.87" CONTENT="hvarföre"/><SP WIDTH="25" VPOS="1987" HPOS="1773"/>
							<String ID="string_368" HPOS="1798" VPOS="1988" WIDTH="38" HEIGHT="31" WC="0.96" CONTENT="de"/>
						</TextLine>
						<TextLine ID="line_33" HPOS="215" VPOS="2034" WIDTH="1622" HEIGHT="46">
							<String ID="string_369" HPOS="215" VPOS="2034" WIDTH="145" HEIGHT="30" WC="0.48" CONTENT="svenska"/><SP WIDTH="23" VPOS="2034" HPOS="360"/>
							<String ID="string_370" HPOS="383" VPOS="2034" WIDTH="410" HEIGHT="41" WC="0.43" CONTENT="fattigvårdssamhillena"/><SP WIDTH="24" VPOS="2034" HPOS="793"/>
							<String ID="string_371" HPOS="817" VPOS="2036" WIDTH="67" HEIGHT="31" WC="0.96" CONTENT="ofta"/><SP WIDTH="23" VPOS="2036" HPOS="884"/>
							<String ID="string_372" HPOS="907" VPOS="2037" WIDTH="72" HEIGHT="30" WC="0.96" CONTENT="lära"/><SP WIDTH="31" VPOS="2037" HPOS="979"/>
							<String ID="string_373" HPOS="1010" VPOS="2036" WIDTH="142" HEIGHT="32" WC="0.96" CONTENT="drabbas"/><SP WIDTH="24" VPOS="2036" HPOS="1152"/>
							<String ID="string_374" HPOS="1176" VPOS="2037" WIDTH="36" HEIGHT="31" WC="0.96" CONTENT="af"/><SP WIDTH="21" VPOS="2037" HPOS="1212"/>
							<String ID="string_375" HPOS="1233" VPOS="2037" WIDTH="84" HEIGHT="41" WC="0.93" CONTENT="dryg"/><SP WIDTH="23" VPOS="2037" HPOS="1317"/>
							<String ID="string_376" HPOS="1340" VPOS="2038" WIDTH="350" HEIGHT="42" WC="0.92" CONTENT="kostnadsersättning"/><SP WIDTH="23" VPOS="2038" HPOS="1690"/>
							<String ID="string_377" HPOS="1713" VPOS="2040" WIDTH="50" HEIGHT="30" WC="0.93" CONTENT="för"/><SP WIDTH="24" VPOS="2040" HPOS="1763"/>
							<String ID="string_378" HPOS="1787" VPOS="2044" WIDTH="50" HEIGHT="27" WC="0.93" CONTENT="så-"/>
						</TextLine>
						<TextLine ID="line_34" HPOS="216" VPOS="2085" WIDTH="1620" HEIGHT="45">
							<String ID="string_379" HPOS="216" VPOS="2085" WIDTH="63" HEIGHT="30" WC="0.95" CONTENT="dan"/><SP WIDTH="23" VPOS="2085" HPOS="279"/>
							<String ID="string_380" HPOS="302" VPOS="2085" WIDTH="88" HEIGHT="31" WC="0.96" CONTENT="inom"/><SP WIDTH="25" VPOS="2085" HPOS="390"/>
							<String ID="string_381" HPOS="415" VPOS="2085" WIDTH="111" HEIGHT="42" WC="0.96" CONTENT="Norge"/><SP WIDTH="35" VPOS="2085" HPOS="526"/>
							<String ID="string_382" HPOS="561" VPOS="2089" WIDTH="109" HEIGHT="38" WC="0.95" CONTENT="någon"/><SP WIDTH="36" VPOS="2089" HPOS="670"/>
							<String ID="string_383" HPOS="706" VPOS="2087" WIDTH="95" HEIGHT="31" WC="0.94" CONTENT="deras"/><SP WIDTH="35" VPOS="2087" HPOS="801"/>
							<String ID="string_384" HPOS="836" VPOS="2088" WIDTH="138" HEIGHT="31" WC="0.93" CONTENT="medlem"/><SP WIDTH="33" VPOS="2088" HPOS="974"/>
							<String ID="string_385" HPOS="1007" VPOS="2089" WIDTH="132" HEIGHT="31" WC="0.78" CONTENT="lemnad"/><SP WIDTH="25" VPOS="2089" HPOS="1139"/>
							<String ID="string_386" HPOS="1164" VPOS="2089" WIDTH="80" HEIGHT="32" WC="0.93" CONTENT="vård"/><SP WIDTH="25" VPOS="2089" HPOS="1244"/>
							<String ID="string_387" HPOS="1269" VPOS="2093" WIDTH="18" HEIGHT="28" WC="0.84" CONTENT="å"/><SP WIDTH="23" VPOS="2093" HPOS="1287"/>
							<String ID="string_388" HPOS="1310" VPOS="2090" WIDTH="90" HEIGHT="40" WC="0.93" CONTENT="sjuk-"/><SP WIDTH="25" VPOS="2090" HPOS="1400"/>
							<String ID="string_389" HPOS="1425" VPOS="2091" WIDTH="60" HEIGHT="30" WC="0.93" CONTENT="och"/><SP WIDTH="24" VPOS="2091" HPOS="1485"/>
							<String ID="string_390" HPOS="1509" VPOS="2091" WIDTH="137" HEIGHT="31" WC="0.72" CONTENT="kurhus."/><SP WIDTH="45" VPOS="2091" HPOS="1646"/>
							<String ID="string_391" HPOS="1691" VPOS="2086" WIDTH="111" HEIGHT="36" WC="0.95" CONTENT="Äfven"/><SP WIDTH="24" VPOS="2086" HPOS="1802"/>
							<String ID="string_392" HPOS="1826" VPOS="2093" WIDTH="10" HEIGHT="30" WC="0.96" CONTENT="i"/>
						</TextLine>
						<TextLine ID="line_35" HPOS="217" VPOS="2136" WIDTH="1619" HEIGHT="45">
							<String ID="string_393" HPOS="217" VPOS="2136" WIDTH="90" HEIGHT="32" WC="0.96" CONTENT="detta"/><SP WIDTH="24" VPOS="2136" HPOS="307"/>
							<String ID="string_394" HPOS="331" VPOS="2137" WIDTH="188" HEIGHT="32" WC="0.85" CONTENT="hänseende"/><SP WIDTH="25" VPOS="2137" HPOS="519"/>
							<String ID="string_395" HPOS="544" VPOS="2149" WIDTH="101" HEIGHT="30" WC="0.94" CONTENT="synes"/><SP WIDTH="25" VPOS="2149" HPOS="645"/>
							<String ID="string_396" HPOS="670" VPOS="2139" WIDTH="74" HEIGHT="31" WC="0.96" CONTENT="skäl"/><SP WIDTH="25" VPOS="2139" HPOS="744"/>
							<String ID="string_397" HPOS="769" VPOS="2140" WIDTH="66" HEIGHT="31" WC="0.96" CONTENT="tala"/><SP WIDTH="23" VPOS="2140" HPOS="835"/>
							<String ID="string_398" HPOS="858" VPOS="2140" WIDTH="50" HEIGHT="31" WC="0.96" CONTENT="för"/><SP WIDTH="24" VPOS="2140" HPOS="908"/>
							<String ID="string_399" HPOS="932" VPOS="2152" WIDTH="38" HEIGHT="19" WC="0.85" CONTENT="cn"/><SP WIDTH="26" VPOS="2152" HPOS="970"/>
							<String ID="string_400" HPOS="996" VPOS="2140" WIDTH="101" HEIGHT="32" WC="0.95" CONTENT="sådan"/><SP WIDTH="31" VPOS="2140" HPOS="1097"/>
							<String ID="string_401" HPOS="1128" VPOS="2141" WIDTH="196" HEIGHT="40" WC="0.96" CONTENT="förändring"/><SP WIDTH="23" VPOS="2141" HPOS="1324"/>
							<String ID="string_402" HPOS="1347" VPOS="2142" WIDTH="11" HEIGHT="30" WC="0.96" CONTENT="i"/><SP WIDTH="24" VPOS="2142" HPOS="1358"/>
							<String ID="string_403" HPOS="1382" VPOS="2142" WIDTH="61" HEIGHT="31" WC="0.96" CONTENT="den"/><SP WIDTH="26" VPOS="2142" HPOS="1443"/>
							<String ID="string_404" HPOS="1469" VPOS="2143" WIDTH="217" HEIGHT="31" WC="0.93" CONTENT="förevarande"/><SP WIDTH="25" VPOS="2143" HPOS="1686"/>
							<String ID="string_405" HPOS="1711" VPOS="2143" WIDTH="125" HEIGHT="32" WC="0.91" CONTENT="förord-"/>
						</TextLine>
						<TextLine ID="line_36" HPOS="214" VPOS="2189" WIDTH="1024" HEIGHT="40">
							<String ID="string_406" HPOS="214" VPOS="2189" WIDTH="133" HEIGHT="40" WC="0.95" CONTENT="ningen,"/><SP WIDTH="26" VPOS="2189" HPOS="347"/>
							<String ID="string_407" HPOS="373" VPOS="2194" WIDTH="48" HEIGHT="25" WC="0.92" CONTENT="att"/><SP WIDTH="23" VPOS="2194" HPOS="421"/>
							<String ID="string_408" HPOS="444" VPOS="2191" WIDTH="206" HEIGHT="30" WC="0.87" CONTENT="statsverket"/><SP WIDTH="24" VPOS="2191" HPOS="650"/>
							<String ID="string_409" HPOS="674" VPOS="2191" WIDTH="187" HEIGHT="32" WC="0.92" CONTENT="vidkännes"/><SP WIDTH="24" VPOS="2191" HPOS="861"/>
							<String ID="string_410" HPOS="885" VPOS="2192" WIDTH="139" HEIGHT="31" WC="0.96" CONTENT="berörda"/><SP WIDTH="24" VPOS="2192" HPOS="1024"/>
							<String ID="string_411" HPOS="1048" VPOS="2193" WIDTH="190" HEIGHT="31" WC="0.96" CONTENT="kostnader."/>
						</TextLine>
					</TextBlock>
					<TextBlock ID="block_5" HPOS="367" VPOS="2240" WIDTH="1471" HEIGHT="255">
						<TextLine ID="line_37" HPOS="367" VPOS="2240" WIDTH="1469" HEIGHT="41">
							<String ID="string_412" HPOS="367" VPOS="2240" WIDTH="50" HEIGHT="32" WC="0.96" CONTENT="På"/><SP WIDTH="22" VPOS="2240" HPOS="417"/>
							<String ID="string_413" HPOS="439" VPOS="2241" WIDTH="108" HEIGHT="40" WC="0.96" CONTENT="grund"/><SP WIDTH="23" VPOS="2241" HPOS="547"/>
							<String ID="string_414" HPOS="570" VPOS="2243" WIDTH="35" HEIGHT="29" WC="0.96" CONTENT="af"/><SP WIDTH="19" VPOS="2243" HPOS="605"/>
							<String ID="string_415" HPOS="624" VPOS="2242" WIDTH="88" HEIGHT="31" WC="0.95" CONTENT="hvad"/><SP WIDTH="24" VPOS="2242" HPOS="712"/>
							<String ID="string_416" HPOS="736" VPOS="2242" WIDTH="138" HEIGHT="32" WC="0.95" CONTENT="sålunda"/><SP WIDTH="26" VPOS="2242" HPOS="874"/>
							<String ID="string_417" HPOS="900" VPOS="2243" WIDTH="108" HEIGHT="32" WC="0.93" CONTENT="blifvit"/><SP WIDTH="23" VPOS="2243" HPOS="1008"/>
							<String ID="string_418" HPOS="1031" VPOS="2245" WIDTH="132" HEIGHT="31" WC="0.67" CONTENT="anfördt"/><SP WIDTH="23" VPOS="2245" HPOS="1163"/>
							<String ID="string_419" HPOS="1186" VPOS="2246" WIDTH="50" HEIGHT="30" WC="0.96" CONTENT="får"/><SP WIDTH="23" VPOS="2246" HPOS="1236"/>
							<String ID="string_420" HPOS="1259" VPOS="2244" WIDTH="175" HEIGHT="33" WC="0.7" CONTENT="Utskottet"/><SP WIDTH="28" VPOS="2244" HPOS="1434"/>
							<String ID="string_421" HPOS="1462" VPOS="2246" WIDTH="170" HEIGHT="32" WC="0.90" CONTENT="vördsamt"/><SP WIDTH="20" VPOS="2246" HPOS="1632"/>
							<String ID="string_422" HPOS="1652" VPOS="2248" WIDTH="184" HEIGHT="33" WC="0.87" CONTENT="hemställa."/>
						</TextLine>
						<TextLine ID="line_38" HPOS="419" VPOS="2293" WIDTH="1417" HEIGHT="48">
							<String ID="string_423" HPOS="419" VPOS="2298" WIDTH="49" HEIGHT="25" WC="0.96" CONTENT="att"/><SP WIDTH="28" VPOS="2298" HPOS="468"/>
							<String ID="string_424" HPOS="496" VPOS="2293" WIDTH="121" HEIGHT="31" WC="0.95" CONTENT="Första"/><SP WIDTH="34" VPOS="2293" HPOS="617"/>
							<String ID="string_425" HPOS="651" VPOS="2294" WIDTH="215" HEIGHT="38" WC="0.95" CONTENT="Kammaren,"/><SP WIDTH="37" VPOS="2294" HPOS="866"/>
							<String ID="string_426" HPOS="903" VPOS="2296" WIDTH="75" HEIGHT="31" WC="0.94" CONTENT="med"/><SP WIDTH="35" VPOS="2296" HPOS="978"/>
							<String ID="string_427" HPOS="1013" VPOS="2297" WIDTH="222" HEIGHT="38" WC="0.96" CONTENT="förklarande,"/><SP WIDTH="37" VPOS="2297" HPOS="1235"/>
							<String ID="string_428" HPOS="1272" VPOS="2303" WIDTH="48" HEIGHT="25" WC="0.92" CONTENT="att"/><SP WIDTH="33" VPOS="2303" HPOS="1320"/>
							<String ID="string_429" HPOS="1353" VPOS="2298" WIDTH="293" HEIGHT="32" WC="0.71" CONTENT="Medkammurens"/><SP WIDTH="31" VPOS="2298" HPOS="1646"/>
							<String ID="string_430" HPOS="1677" VPOS="2300" WIDTH="108" HEIGHT="31" WC="0.96" CONTENT="beslut"/><SP WIDTH="23" VPOS="2300" HPOS="1785"/>
							<String ID="string_431" HPOS="1808" VPOS="2302" WIDTH="28" HEIGHT="39" WC="0.96" CONTENT="ej"/>
						</TextLine>
						<TextLine ID="line_39" HPOS="420" VPOS="2344" WIDTH="1417" HEIGHT="40">
							<String ID="string_432" HPOS="420" VPOS="2344" WIDTH="64" HEIGHT="31" WC="0.91" CONTENT="kan"/><SP WIDTH="26" VPOS="2344" HPOS="484"/>
							<String ID="string_433" HPOS="510" VPOS="2345" WIDTH="215" HEIGHT="32" WC="0.91" CONTENT="oförändradt"/><SP WIDTH="24" VPOS="2345" HPOS="725"/>
							<String ID="string_434" HPOS="749" VPOS="2346" WIDTH="157" HEIGHT="38" WC="0.90" CONTENT="biträdas,"/><SP WIDTH="32" VPOS="2346" HPOS="906"/>
							<String ID="string_435" HPOS="938" VPOS="2351" WIDTH="102" HEIGHT="28" WC="0.96" CONTENT="måtte"/><SP WIDTH="26" VPOS="2351" HPOS="1040"/>
							<String ID="string_436" HPOS="1066" VPOS="2351" WIDTH="48" HEIGHT="28" WC="0.96" CONTENT="för"/><SP WIDTH="24" VPOS="2351" HPOS="1114"/>
							<String ID="string_437" HPOS="1138" VPOS="2349" WIDTH="50" HEIGHT="31" WC="0.96" CONTENT="sin"/><SP WIDTH="26" VPOS="2349" HPOS="1188"/>
							<String ID="string_438" HPOS="1214" VPOS="2349" WIDTH="52" HEIGHT="31" WC="0.77" CONTENT="del"/><SP WIDTH="23" VPOS="2349" HPOS="1266"/>
							<String ID="string_439" HPOS="1289" VPOS="2349" WIDTH="10" HEIGHT="30" WC="0.96" CONTENT="i"/><SP WIDTH="25" VPOS="2349" HPOS="1299"/>
							<String ID="string_440" HPOS="1324" VPOS="2350" WIDTH="111" HEIGHT="31" WC="0.96" CONTENT="stället"/><SP WIDTH="25" VPOS="2350" HPOS="1435"/>
							<String ID="string_441" HPOS="1460" VPOS="2351" WIDTH="129" HEIGHT="31" WC="0.96" CONTENT="besluta"/><SP WIDTH="23" VPOS="2351" HPOS="1589"/>
							<String ID="string_442" HPOS="1612" VPOS="2357" WIDTH="49" HEIGHT="26" WC="0.96" CONTENT="att"/><SP WIDTH="22" VPOS="2357" HPOS="1661"/>
							<String ID="string_443" HPOS="1683" VPOS="2352" WIDTH="9" HEIGHT="30" WC="0.93" CONTENT="i"/><SP WIDTH="24" VPOS="2352" HPOS="1692"/>
							<String ID="string_444" HPOS="1716" VPOS="2352" WIDTH="121" HEIGHT="31" WC="0.90" CONTENT="under-"/>
						</TextLine>
						<TextLine ID="line_40" HPOS="420" VPOS="2396" WIDTH="1418" HEIGHT="47">
							<String ID="string_445" HPOS="420" VPOS="2396" WIDTH="98" HEIGHT="41" WC="0.91" CONTENT="dånig"/><SP WIDTH="35" VPOS="2396" HPOS="518"/>
							<String ID="string_446" HPOS="553" VPOS="2397" WIDTH="177" HEIGHT="32" WC="0.95" CONTENT="skrifvelse"/><SP WIDTH="35" VPOS="2397" HPOS="730"/>
							<String ID="string_447" HPOS="765" VPOS="2398" WIDTH="60" HEIGHT="31" WC="0.96" CONTENT="hos"/><SP WIDTH="35" VPOS="2398" HPOS="825"/>
							<String ID="string_448" HPOS="860" VPOS="2398" WIDTH="121" HEIGHT="42" WC="0.84" CONTENT="Kongl"/><SP WIDTH="32" VPOS="2398" HPOS="981"/>
							<String ID="string_449" HPOS="1013" VPOS="2399" WIDTH="92" HEIGHT="41" WC="0.93" CONTENT="Maj:t"/><SP WIDTH="24" VPOS="2399" HPOS="1105"/>
							<String ID="string_450" HPOS="1129" VPOS="2400" WIDTH="131" HEIGHT="31" WC="0.69" CONTENT="anhålla"/><SP WIDTH="23" VPOS="2400" HPOS="1260"/>
							<String ID="string_451" HPOS="1283" VPOS="2412" WIDTH="53" HEIGHT="19" WC="0.95" CONTENT="om"/><SP WIDTH="25" VPOS="2412" HPOS="1336"/>
							<String ID="string_452" HPOS="1361" VPOS="2401" WIDTH="101" HEIGHT="31" WC="0.95" CONTENT="sådan"/><SP WIDTH="23" VPOS="2401" HPOS="1462"/>
							<String ID="string_453" HPOS="1485" VPOS="2402" WIDTH="194" HEIGHT="41" WC="0.96" CONTENT="förändring"/><SP WIDTH="23" VPOS="2402" HPOS="1679"/>
							<String ID="string_454" HPOS="1702" VPOS="2404" WIDTH="35" HEIGHT="30" WC="0.96" CONTENT="af"/><SP WIDTH="19" VPOS="2404" HPOS="1737"/>
							<String ID="string_455" HPOS="1756" VPOS="2404" WIDTH="82" HEIGHT="31" WC="0.95" CONTENT="eller"/>
						</TextLine>
						<TextLine ID="line_41" HPOS="420" VPOS="2448" WIDTH="1418" HEIGHT="47">
							<String ID="string_456" HPOS="420" VPOS="2448" WIDTH="117" HEIGHT="40" WC="0.90" CONTENT="tillägg"/><SP WIDTH="34" VPOS="2448" HPOS="537"/>
							<String ID="string_457" HPOS="571" VPOS="2448" WIDTH="52" HEIGHT="31" WC="0.36" CONTENT="wvll"/><SP WIDTH="35" VPOS="2448" HPOS="623"/>
							<String ID="string_458" HPOS="658" VPOS="2449" WIDTH="296" HEIGHT="33" WC="0.95" CONTENT="bestämmelserna"/><SP WIDTH="34" VPOS="2449" HPOS="954"/>
							<String ID="string_459" HPOS="988" VPOS="2451" WIDTH="49" HEIGHT="31" WC="0.94" CONTENT="uti"/><SP WIDTH="33" VPOS="2451" HPOS="1037"/>
							<String ID="string_460" HPOS="1070" VPOS="2451" WIDTH="252" HEIGHT="40" WC="0.95" CONTENT="ifrågavarande"/><SP WIDTH="30" VPOS="2451" HPOS="1322"/>
							<String ID="string_461" HPOS="1352" VPOS="2453" WIDTH="193" HEIGHT="42" WC="0.96" CONTENT="förordning"/><SP WIDTH="24" VPOS="2453" HPOS="1545"/>
							<String ID="string_462" HPOS="1569" VPOS="2455" WIDTH="35" HEIGHT="30" WC="0.96" CONTENT="af"/><SP WIDTH="20" VPOS="2455" HPOS="1604"/>
							<String ID="string_463" HPOS="1624" VPOS="2454" WIDTH="64" HEIGHT="32" WC="0.96" CONTENT="den"/><SP WIDTH="26" VPOS="2454" HPOS="1688"/>
							<String ID="string_464" HPOS="1714" VPOS="2456" WIDTH="36" HEIGHT="30" WC="0.93" CONTENT="15"/><SP WIDTH="24" VPOS="2456" HPOS="1750"/>
							<String ID="string_465" HPOS="1774" VPOS="2456" WIDTH="64" HEIGHT="31" WC="0.90" CONTENT="Fe-"/>
						</TextLine>
					</TextBlock>
				</ComposedBlock>
			</PrintSpace>
		</Page>
	</Layout>
</alto>
