1912 2858
277 166 119 32 Andra
415 167 205 32 kammarens
638 167 17 39 f
673 177 8 21 e
695 170 56 29 mt
765 179 15 21 e
800 167 169 41 tillfälliga
989 169 145 33 utskotts
1151 170 171 31 utlåtande
1343 171 50 31 Nr
1411 173 29 29 4.
1585 171 20 32 1

794 425 63 41 Nr
883 427 45 39 4.

433 531 131 33 Ankom
580 533 53 32 till
649 533 192 39 riksdagens
854 534 107 32 kansli
976 534 64 32 den
1057 535 39 31 15
1113 535 87 39 april
1217 536 79 31 1931
1312 536 42 31 kl.
1374 537 17 30 1
1407 547 25 21 e.
1450 547 41 21 m.

275 638 120 33 Andra
420 640 207 32 kammarens
651 641 143 38 femte
822 641 171 39 tillfälliga
1018 642 144 32 utskotts
1188 643 172 31 utlåtande
1386 644 13 30 i
1425 643 179 39 anledning

434 704 40 21 av
495 694 97 31 väckt
612 694 124 32 motion
756 696 168 37 angående
944 696 191 31 inrättande
1157 707 40 21 av
1218 696 203 32 statslotteri.

201 797 17 33 I
256 809 43 21 en
337 799 87 32 inom
463 800 196 39 riksdagens
696 800 106 32 andra
840 801 168 32 kammare
1044 802 109 39 väckt,
1194 802 53 31 till
1285 803 75 32 dess
1398 803 102 32 femte
1538 804 66 31 till-

116 853 117 38 fälliga
261 854 127 30 utskott
416 854 162 32 hänvisad
606 855 133 37 motion,
769 865 42 20 nr
840 855 49 38 48,
919 855 62 31 har
1010 855 78 31 herr
1116 856 192 38 Bergström
1337 857 12 30 i
1380 857 226 39 Hälsingborg

114 907 175 38 hemställt,
317 911 49 28 att
391 908 176 38 riksdagen
591 908 78 31 ville
694 908 128 32 besluta
846 908 60 32 hos
929 909 124 38 Kungl.
1080 910 104 38 Maj:t
1210 910 171 32 hemställa
1407 921 52 21 om
1484 911 120 39 skynd-

115 964 84 28 samt
223 961 219 32 utarbetande
466 962 61 31 och
553 962 237 39 föreläggande
816 963 55 31 för
896 963 176 39 riksdagen
1100 974 41 21 av
1167 964 126 39 förslag
1317 965 54 31 till
1397 966 206 31 inrättandet

116 1024 41 21 av
179 1018 48 28 ett
248 1015 129 38 statligt
400 1016 270 38 penninglotteri.

198 1069 220 31 Beträffande
442 1069 241 39 motiveringen
708 1070 55 31 får
788 1070 160 32 utskottet
972 1071 140 32 hänvisa
1134 1071 54 32 till
1212 1072 174 32 motionen.

197 1176 74 31 Den
297 1177 12 30 i
336 1177 165 31 motionen
527 1177 142 32 berörda
693 1178 123 38 frågan
843 1179 38 30 är
907 1178 184 39 ingalunda
1117 1189 55 29 ny.
1221 1180 68 31 Vid
1316 1180 195 39 flerfaldiga
1538 1181 65 32 till-

115 1230 103 31 fällen
238 1230 62 32 har
321 1231 64 31 den
406 1231 88 31 varit
515 1231 140 31 föremål
677 1232 54 31 för
752 1232 193 38 riksdagens
966 1233 175 38 prövning.

197 1284 115 31 Redan
347 1285 37 30 år
420 1285 81 31 1758
537 1285 220 39 upprättades
794 1289 47 28 ett
865 1287 443 39 premieobligationslotteri,
1334 1298 75 21 men
1434 1292 48 28 ett
1508 1292 95 29 stats-

114 1338 111 31 lotteri
253 1338 5 30 i
279 1348 90 21 mera
391 1339 144 38 egentlig
555 1339 135 39 mening
710 1340 74 30 kom
805 1340 82 31 dock
908 1341 31 38 ej
964 1340 52 32 till
1037 1341 99 31 stånd
1159 1342 116 31 förrän
1298 1343 90 37 1772,
1411 1343 44 31 då
1477 1343 125 38 Kungl.

113 1392 104 38 Maj:t
240 1392 166 31 inrättade
428 1396 48 28 ett
498 1393 273 38 nummerlotteri,
802 1394 5 30 i
831 1394 157 31 samband
1011 1395 136 31 varmed
1171 1396 122 31 förbud
1316 1396 196 33 utfärdades
1535 1400 67 28 mot

115 1445 214 32 anordnande
357 1456 42 20 av
425 1446 151 31 enskilda
605 1446 151 32 lotterier
782 1451 86 27 samt
897 1451 65 27 mot
992 1448 205 39 försäljning
1225 1449 89 31 inom
1343 1449 87 32 riket
1458 1460 42 21 av
1527 1450 77 31 lott-

114 1499 108 31 sedlar
258 1500 54 30 för
349 1500 176 30 utländska
564 1500 164 31 lotteriers
766 1500 151 39 räkning.
967 1501 53 30 Av
1058 1502 297 32 nummerlotteriet
1384 1503 219 32 framkallade

113 1553 208 38 olägenheter
341 1553 83 31 hade
447 1553 183 31 emellertid
653 1554 52 30 till
728 1554 87 38 följd
839 1564 40 21 en
902 1554 91 31 stark
1015 1555 198 38 motrörelse,
1238 1565 67 21 som
1328 1556 155 39 slutligen
1506 1557 97 31 ledde

113 1606 53 32 till
187 1607 191 38 riksdagens
399 1607 107 31 beslut
529 1608 39 30 år
592 1607 79 30 1841
696 1617 51 21 om
769 1607 162 32 lotteriets
954 1608 229 32 avskaffande.
1229 1607 48 33 År
1302 1610 81 30 1844
1406 1611 197 31 utfärdades

113 1671 41 20 av
173 1661 123 38 Kungl.
318 1661 103 37 Maj:t
441 1660 200 39 förordning
660 1661 73 31 med
754 1661 122 31 förbud
897 1665 67 28 mot
985 1662 191 32 inrättande
1198 1673 41 21 av
1258 1663 149 32 lotterier
1428 1669 83 27 samt
1533 1668 69 28 mot

112 1714 209 38 utbjudande
347 1714 58 31 och
430 1714 201 38 avyttrande
657 1724 40 21 av
722 1715 98 31 lotter
845 1715 73 31 med
944 1716 173 38 undantag
1143 1716 54 31 för
1221 1717 199 38 välgörande
1446 1718 156 32 ändamål

114 1767 58 32 och
192 1767 199 32 konstsaker.

195 1823 112 38 Länge
328 1823 103 32 skulle
451 1824 56 31 det
529 1824 182 32 emellertid
733 1824 69 32 icke
825 1825 97 38 dröja
943 1825 117 31 förrän
1081 1825 122 39 frågan
1223 1826 104 31 skulle
1349 1830 94 34 tagas
1463 1836 71 29 upp
1556 1827 45 38 på

112 1879 86 35 nytt,
219 1886 74 21 men
313 1887 47 20 nu
379 1877 11 30 i
411 1881 135 28 motsatt
567 1878 159 38 riktning.
770 1879 99 31 Först
890 1879 37 31 år
950 1879 80 30 1916
1052 1879 103 31 beslöt
1176 1879 49 38 sig
1247 1879 81 31 dock
1349 1879 175 39 riksdagen
1546 1880 54 31 för

112 1933 50 28 att
181 1931 40 37 gå
239 1931 35 29 in
294 1930 53 31 för
366 1931 121 30 tanken
505 1932 45 37 på
567 1931 178 32 införande
764 1942 41 20 av
824 1936 48 27 ett
891 1932 203 31 statslotteri.

195 1983 162 31 Motioner
385 1994 51 20 om
463 1984 191 31 inrättande
683 1995 40 20 av
752 1986 193 30 statslotteri
973 1986 148 37 avslogos
1148 1986 57 31 vid
1234 1986 166 38 åtskilliga
1427 1986 174 39 riksdagar

113 2037 151 31 alltifrån
287 2038 36 30 år
348 2037 79 31 1868
450 2038 88 30 fram
559 2038 53 30 till
637 2039 37 30 år
699 2038 89 31 1913.
833 2039 113 30 Under
970 2039 91 31 tiden
1092 2040 112 38 (1910)
1233 2050 122 27 avgavs
1379 2040 56 31 ock
1460 2044 47 28 ett
1530 2039 70 32 sak-

111 2091 351 38 kunnigebetänkande
506 2091 255 38 (Törnebladhs)
804 2092 169 38 angående
1010 2093 156 37 åtgärder
1202 2094 52 30 till
1292 2094 240 31 förhindrande
1559 2104 41 21 av

111 2145 176 31 utländska
309 2145 185 31 lottsedlars
513 2145 180 38 spridande
715 2146 10 29 i
746 2145 85 32 riket
852 2146 57 31 och
931 2146 184 31 förändrad
1135 2147 214 38 lagstiftning
1370 2158 50 21 om
1441 2148 157 31 lotterier.

112 2198 80 30 1910
218 2199 53 30 års
295 2198 204 38 sakkunniga
525 2199 122 37 ansågo
671 2199 49 38 sig
744 2199 70 31 icke
839 2199 112 31 kunna
975 2200 136 31 tillråda
1135 2201 207 31 inrättandet
1367 2211 40 21 av
1431 2205 47 27 ett
1504 2205 95 27 stats-

111 2252 110 30 lotteri
244 2252 11 30 i
278 2251 144 38 Sverige.

194 2303 47 33 Är
272 2306 79 30 1915
381 2306 125 32 tillkom
535 2308 11 30 i
576 2307 234 38 lotterifrågan
840 2308 62 31 den
932 2308 106 31 första
1067 2308 314 38 riksdagsskrivelse,
1411 2317 67 21 som
1508 2308 90 30 inne-

111 2358 129 31 fattade
264 2369 39 21 en
327 2360 107 30 direkt
459 2360 156 31 anhållan
640 2371 51 20 om
715 2361 125 38 förslag
863 2362 11 30 i
899 2362 87 36 syfte
1012 2365 50 27 att
1086 2362 118 36 stänga
1228 2361 102 38 spelet
1354 2362 44 37 på
1421 2360 178 32 utländska

112 2412 153 31 lotterier.
309 2413 128 31 Därvid
458 2413 140 38 avböjde
620 2414 81 30 dock
721 2414 105 31 andra
846 2415 189 30 kammaren
1056 2415 223 37 uttryckligen
1301 2418 49 27 att
1371 2415 12 29 i
1404 2414 195 31 skrivelsens

111 2466 192 30 hemställan
323 2466 112 38 intaga
452 2470 47 28 ett
518 2468 178 37 ifrågasatt
712 2468 126 37 tillägg,
857 2468 189 37 varigenom
1065 2468 101 31 bland
1185 2468 38 31 de
1243 2468 163 37 åtgärder,
1426 2478 68 20 som
1512 2468 11 30 i
1543 2468 56 30 det

152 2528 131 38 Bihang
304 2529 52 30 till
376 2529 192 38 riksdagens
588 2530 164 38 protokoll
771 2533 91 28 1931.
885 2533 40 28 13
946 2530 89 31 saml.
1057 2533 19 28 5
1096 2530 73 31 avd.
1192 2532 18 29 4
1231 2529 83 38 häft.
1340 2529 66 38 (Nr
1425 2530 47 38 4.)
1581 2530 17 29 1

1647 814 154 24 Motionen.

1642 1189 137 25 Historik.
