1898 2846
266 155 37 29 12
502 149 212 31 Sammansatt
734 153 92 26 stats-
847 152 54 27 och
921 152 100 32 första
1044 151 189 34 lagutskotts
1253 152 164 28 utlåtande
1439 152 46 28 Nr
1507 154 27 26 2.

314 237 18 32 I
354 237 302 32 motionerna
677 237 146 39 anföres,
846 236 101 33 bland
971 241 117 28 annat:

312 295 71 32 När
408 295 183 32 statsrådet
615 295 59 32 och
699 295 120 32 chefen
845 295 52 32 för
922 295 396 39 justitiedepartementet
1344 297 75 37 gått
1444 296 34 32 in
1505 297 44 37 på
1576 297 198 38 spörsmålet

267 350 52 19 om
345 338 185 32 företrädet
555 338 121 31 mellan
703 338 39 32 de
769 338 57 31 två
854 338 155 32 städerna
1036 338 105 32 Luleå
1167 338 60 32 och
1253 338 105 32 Umeå
1386 350 67 20 som
1482 338 293 39 förläggningsort

267 380 54 32 för
347 380 61 32 den
433 392 68 26 nya
527 380 183 38 hovrätten,
739 392 98 26 synes
865 380 182 32 statsrådet
1074 381 85 31 först
1185 381 88 31 hava
1300 381 71 31 fäst
1398 381 50 31 sin
1474 381 301 38 uppmärksamhet

269 423 20 30 å
312 421 61 32 den
396 421 299 39 omständigheten,
719 425 51 28 att
792 421 255 33 Västerbottens
1069 422 56 31 län
1147 422 12 31 i
1182 422 101 38 fråga
1306 434 50 20 om
1381 423 228 38 måltätheten,
1635 423 31 32 d.
1689 435 31 20 v.
1746 435 26 20 s.

268 465 56 32 det
347 469 122 28 största
493 465 127 32 antalet
642 465 58 32 vid
723 465 256 32 underrätterna
1004 465 164 32 avdömda
1192 466 77 37 mål,
1295 466 61 38 går
1380 465 171 39 betydligt
1575 466 71 31 före
1672 466 101 32 Norr-

266 507 130 32 bottens
414 508 66 31 län.
521 507 67 32 Det
604 508 53 31 må
674 507 187 32 emellertid
881 508 108 31 starkt
1008 507 234 39 ifrågasättas,
1262 508 166 31 huruvida
1448 508 217 32 måltätheten
1685 508 89 32 inom

268 549 56 32 det
344 561 60 20 ena
424 550 80 31 eller
527 549 54 32 det
601 549 104 32 andra
728 561 42 20 av
793 549 38 32 de
853 561 43 20 nu
918 549 148 33 avsedda
1087 551 57 30 två
1165 550 98 32 länen
1285 550 10 31 i
1318 550 60 31 och
1401 550 52 32 för
1476 551 53 37 sig
1550 550 58 32 bör
1629 550 12 32 i
1664 551 109 37 någon

267 592 76 31 mån
362 592 138 31 inverka
518 592 43 38 på
579 592 207 38 prövningen
805 604 41 19 av
866 592 133 38 frågan,
1019 596 111 28 varest
1151 592 61 32 den
1232 592 53 32 för
1303 592 88 32 båda
1411 593 97 31 länen
1528 604 245 26 gemensamma

266 634 175 32 hovrätten
459 634 182 38 lämpligen
658 634 59 31 bör
736 634 185 38 förläggas.
962 634 65 32 Att
1045 635 118 31 därvid
1181 639 82 27 utan
1281 635 115 31 vidare
1415 635 148 38 ensidigt
1581 639 81 34 taga
1682 635 92 32 fasta

267 677 44 37 på
332 676 218 32 måltätheten
571 677 10 30 i
602 676 74 32 hela
697 676 57 32 det
774 688 61 20 ena
856 677 90 31 länet
966 680 82 28 utan
1070 681 51 27 att
1142 677 92 31 fästa
1256 677 161 31 avseende
1440 678 19 31 å
1482 677 38 32 de
1544 677 92 32 delar
1659 677 114 38 därav,

268 730 68 20 som
355 723 123 33 gränsa
498 719 89 31 intill
608 719 55 31 det
683 718 106 32 andra
808 719 99 38 länet,
930 730 99 26 synes
1051 719 52 31 för
1124 719 120 32 sakens
1265 723 89 28 rätta
1375 719 202 32 bedömande
1598 719 72 32 icke
1691 731 82 20 vara

266 761 194 38 berättigat.
510 761 73 31 Här
608 765 37 27 är
670 761 37 38 ju
734 761 168 38 nämligen
927 761 73 32 icke
1028 761 121 32 främst
1176 761 101 38 fråga
1305 773 61 27 om,
1393 762 50 31 uti
1469 761 189 32 vilketdera
1683 762 90 31 länet

266 803 193 32 hovrättens
489 807 71 28 säte
587 803 58 32 bör
674 803 187 38 förläggas,
889 807 82 28 utan
1002 804 197 37 spörsmålet
1228 804 118 38 gäller,
1375 808 112 27 varest
1516 804 88 31 inom
1635 804 55 32 det
1720 804 54 31 för

266 845 87 32 båda
381 845 97 32 länen
508 857 246 26 gemensamma
782 845 386 38 jurisdiktionsområdet
1197 846 62 31 den
1288 858 68 25 nya
1385 846 176 31 hovrätten
1589 846 185 38 lämpligen

266 887 59 32 bör
352 888 87 31 hava
469 887 61 32 sitt
557 892 80 28 säte.
688 887 71 32 Och
788 892 51 27 att
866 888 77 31 från
973 888 108 32 denna
1110 888 173 38 synpunkt
1312 888 104 32 Umeå
1445 888 217 32 beträffande
1692 889 80 31 mål-

267 930 148 31 tätheten
432 930 73 31 icke
523 934 78 33 äger
619 930 169 32 företräde
806 930 144 32 framför
967 930 106 32 Luleå
1091 931 93 31 torde
1201 930 136 38 framgå
1354 942 42 20 av
1413 942 39 20 en
1471 942 42 20 av
1530 931 245 31 motionärerna

267 971 166 38 åberopad
454 971 117 33 tablå."
607 972 119 33 Denna
748 973 209 32 sistnämnda
976 973 102 38 tablå,
1104 985 69 20 som
1194 978 37 27 är
1251 972 154 39 grundad
1427 974 19 30 å
1467 973 219 38 tillgängliga
1709 977 65 28 sta-

268 1013 138 33 tistiska
434 1014 188 38 uppgifter,
652 1018 180 35 upptager,
864 1014 146 33 förutom
1043 1015 118 32 siffror
1193 1015 172 38 angående
1398 1015 101 38 areal,
1533 1015 53 32 för
1617 1015 158 38 perioden

268 1057 217 32 1929—1932
513 1057 241 38 folkmängden
781 1061 87 28 samt
893 1057 127 32 antalet
1046 1057 294 38 anhängiggjorda
1369 1057 100 32 civila
1497 1058 60 31 och
1584 1058 192 31 kriminella

268 1099 68 31 mål
359 1099 51 31 för
446 1099 70 32 dels
541 1100 159 31 vartdera
722 1112 43 20 av
789 1100 40 32 de
850 1100 87 32 båda
960 1100 109 37 länen,
1097 1100 69 32 dels
1194 1100 62 32 den
1282 1100 52 32 del
1360 1112 41 20 av
1425 1100 257 32 Västerbottens
1708 1100 67 38 län,

267 1153 70 20 som
353 1145 135 34 utgöres
506 1153 42 20 av
565 1141 255 33 Västerbottens
838 1154 98 21 norra
954 1142 161 38 domsaga
1132 1142 103 38 jämte
1255 1141 185 33 Skellefteå
1458 1142 77 32 stad
1559 1140 216 40 (Skellefteå-

267 1182 192 40 räjongen),
489 1183 70 32 dels
585 1184 60 31 den
672 1185 210 32 återstående
908 1184 94 32 delen
1029 1197 42 19 av
1098 1184 256 33 Västerbottens
1381 1184 56 32 län
1468 1183 303 40 (Umeåräjongen)

267 1226 61 31 och
347 1226 68 32 dels
436 1225 348 39 Skellefteåräjongen
804 1226 102 38 jämte
927 1226 220 33 Norrbottens
1167 1227 66 31 län.
1272 1227 59 31 Uti
1350 1226 114 32 tablån
1487 1227 129 32 lämnas
1638 1227 137 32 särskil-

269 1268 42 32 da
327 1268 177 38 uppgifter
521 1269 19 31 å
558 1268 37 32 de
612 1268 101 32 civila
731 1269 77 37 mål,
826 1270 11 30 i
853 1268 93 33 vilka
963 1269 67 32 vad
1049 1268 155 33 anmälts.
1239 1269 127 31 Vidare
1384 1269 61 31 har
1463 1270 11 30 i
1493 1269 115 32 tablån
1627 1269 148 37 angivits

267 1310 140 32 indexen
431 1311 54 31 för
511 1311 38 31 de
572 1311 89 32 olika
684 1311 188 38 områdena,
898 1311 105 32 under
1028 1311 246 38 förutsättning
1298 1315 50 28 att
1372 1311 140 32 indexen
1538 1311 53 32 för
1617 1311 158 32 Umeårä-

267 1353 120 37 jongen
409 1357 37 27 är
466 1354 74 31 100.
576 1353 77 31 Man
673 1353 112 32 finner
806 1353 50 38 då,
877 1357 49 28 att
947 1353 54 32 för
1020 1353 77 32 hela
1116 1353 295 38 fyraårsperioden
1432 1353 141 32 indexen
1593 1358 37 27 är
1649 1353 126 32 beträf-

268 1395 102 31 fande
389 1395 101 32 civila
508 1395 67 32 mål
595 1395 52 32 för
665 1395 77 32 hela
761 1395 219 32 Norrbottens
1003 1395 56 33 län
1081 1397 60 31 137
1162 1400 138 34 procent
1319 1396 60 31 och
1400 1395 53 32 för
1476 1407 127 20 samma
1624 1396 56 31 län
1701 1396 75 32 med

267 1437 123 37 tillägg
414 1449 43 19 av
479 1436 348 39 Skellefteåräjongen
850 1439 60 30 175
933 1441 147 35 procent.
1122 1438 237 32 Motsvarande
1382 1438 120 32 siffror
1526 1438 52 32 för
1602 1438 38 32 de
1664 1438 76 37 mål,
1764 1438 12 31 i

266 1479 93 32 vilka
374 1480 65 31 vad
455 1479 137 39 erlagts,
609 1485 56 26 äro
684 1480 189 38 respektive
889 1481 39 31 97
946 1480 61 32 och
1027 1481 72 36 121,
1118 1485 87 28 samt
1222 1480 53 32 för
1292 1480 191 32 kriminella
1500 1480 67 32 mål
1587 1480 189 38 respektive

268 1522 40 31 99
332 1521 59 32 och
415 1521 61 32 125
499 1525 136 34 procent
657 1534 41 19 av
723 1522 283 38 Umeåräjongens
1031 1522 76 31 mål.
1153 1522 55 32 Av
1232 1522 114 31 tablån
1373 1522 167 32 inhämtas
1565 1522 209 38 ytterligare,

268 1567 51 28 att
339 1563 355 38 Skellefteåräjongen,
717 1576 80 25 som,
818 1564 104 38 enligt
941 1564 67 32 vad
1028 1576 69 20 som
1118 1564 92 33 förut
1231 1564 217 38 framhållits,
1469 1564 154 32 befinner
1643 1564 53 38 sig
1716 1577 58 19 un-

267 1605 99 38 gefär
384 1606 70 31 lika
472 1611 83 27 nära
571 1606 88 32 intill
679 1606 107 32 Luleå
805 1618 69 20 som
892 1607 52 31 till
963 1606 115 38 Umeå,
1097 1607 60 31 har
1176 1618 39 20 en
1234 1607 153 31 växande
1405 1606 172 38 betydelse
1597 1607 76 31 från
1693 1610 81 28 rätt-

268 1647 218 39 skipningens
504 1648 182 38 synpunkt,
705 1648 140 32 särskilt
863 1649 72 31 med
952 1649 133 38 hänsyn
1102 1649 52 31 till
1174 1649 61 31 den
1255 1649 59 31 där
1332 1650 43 37 på
1394 1649 83 31 sista
1497 1649 91 32 tiden
1611 1649 163 32 förekom-

267 1690 118 32 mande
408 1690 117 32 starka
547 1690 252 38 folkökningen.
842 1691 64 32 Att
929 1691 106 31 denna
1058 1691 201 37 folkökning
1281 1691 11 31 i
1316 1691 178 31 huvudsak
1517 1691 61 31 har
1602 1691 50 31 sin
1675 1691 101 32 orsak

267 1733 11 31 i
294 1744 38 20 en
347 1732 191 38 betydande
555 1733 173 37 gruvdrift
744 1733 60 32 och
822 1733 134 32 därmed
976 1733 139 32 förenad
1134 1733 191 32 industriell
1344 1733 223 37 verksamhet,
1586 1745 68 20 som
1673 1733 102 32 sedan

268 1774 99 38 länge
385 1775 61 31 har
466 1786 40 20 en
526 1779 80 27 nära
626 1775 244 38 motsvarighet
888 1775 88 31 inom
997 1775 220 32 Norrbottens
1239 1775 66 38 län,
1326 1775 92 32 torde
1440 1780 82 27 även
1544 1776 10 30 i
1577 1775 92 32 detta
1690 1787 84 20 sam-

268 1817 168 37 manhang
454 1828 82 20 vara
555 1816 141 38 förtjänt
716 1820 51 28 att
786 1821 185 27 omnämna.

313 1858 115 33 Såsom
451 1858 106 32 andra
579 1862 177 34 argument
779 1858 52 32 för
855 1858 390 39 ståndpunktstagandet
1268 1863 50 27 att
1342 1859 61 31 den
1427 1871 67 26 nya
1516 1859 176 32 hovrätten
1715 1859 59 32 bör

267 1900 175 39 förläggas
462 1901 53 31 till
536 1901 103 32 Umeå
658 1901 62 31 har
740 1901 182 32 statsrådet
941 1901 60 31 och
1020 1901 118 32 chefen
1160 1901 53 32 för
1232 1902 396 37 justitiedepartementet
1648 1902 125 38 anfört,

267 1946 51 28 att
344 1943 106 31 denna
477 1943 75 31 stad
579 1943 73 31 med
679 1943 50 31 sin
758 1943 171 38 sydligare
955 1943 199 38 belägenhet
1180 1944 94 31 torde
1300 1944 80 31 böra
1408 1949 64 33 äga
1500 1944 167 32 företräde
1696 1944 77 32 från

266 1985 416 38 rekryteringssynpunkt.
722 1984 67 32 Det
805 1985 91 32 torde
912 1997 82 20 vara
1010 1990 69 27 rätt
1095 1986 92 31 svårt
1203 1989 51 28 att
1270 1986 74 31 med
1361 1986 109 37 någon
1487 1986 85 38 grad
1589 1998 41 20 av
1645 1986 128 32 visshet

266 2027 113 31 kunna
409 2032 135 33 avgöra,
575 2027 166 31 huruvida
773 2027 91 32 detta
894 2039 41 20 av
965 2028 182 31 statsrådet
1177 2028 147 37 angivna
1356 2028 72 31 skäl
1458 2028 174 38 verkligen
1664 2033 37 27 är
1731 2040 42 20 av

265 2069 146 32 bärande
435 2069 182 38 betydelse.
663 2069 160 32 Frånsett
848 2069 60 32 den
932 2070 191 38 nordligare
1147 2070 239 38 belägenheten
1410 2075 79 33 äger
1514 2070 105 32 Luleå
1644 2071 11 30 i
1679 2071 94 38 varje

268 2111 63 32 fall
358 2123 116 26 genom
502 2111 59 32 sitt
585 2111 75 39 läge
685 2111 58 32 vid
770 2123 39 20 en
837 2111 183 38 djuphamn
1048 2112 73 32 med
1149 2116 68 28 stor
1243 2117 128 34 export,
1400 2112 49 32 sin
1477 2113 11 31 i
1515 2113 110 38 övrigt
1652 2113 120 38 livliga

266 2153 273 38 handelsrörelse,
568 2153 49 32 sin
645 2157 104 28 större
776 2153 199 39 folkmängd
1002 2154 60 32 och
1090 2155 50 31 sin
1168 2154 163 38 ställning
1358 2167 41 19 av
1425 2155 267 32 kulturcentrum
1720 2156 54 31 för

266 2196 76 31 hela
368 2200 75 27 övre
471 2195 168 32 Norrland
666 2196 174 31 bestämda
867 2196 192 32 företräden
1087 2196 144 32 framför
1257 2197 268 32 residensstaden
1552 2198 12 31 i
1592 2198 55 32 det
1675 2199 98 31 södra

266 2237 209 38 grannlänet.
519 2238 230 38 Ifrågasättas
771 2238 52 31 må
843 2238 108 38 också,
973 2239 167 31 huruvida
1160 2239 416 38 rekryteringsproblemet
1596 2240 53 32 för
1671 2240 102 32 fram-

266 2280 92 31 tiden
377 2280 147 31 kommer
544 2284 50 28 att
612 2280 162 38 tilldraga
795 2280 51 38 sig
868 2280 60 32 den
948 2281 309 38 uppmärksamhet,
1280 2293 68 20 som
1369 2281 139 33 kommit
1528 2282 53 31 till
1603 2294 98 26 synes
1723 2283 51 31 uti

267 2322 199 32 statsrådets
490 2322 203 32 härutinnan
717 2323 120 37 gjorda
859 2323 185 32 uttalande.
1091 2323 195 38 Anledning
1311 2323 109 32 finnes
1446 2324 167 38 nämligen
1638 2325 53 31 till
1717 2337 55 19 an-

267 2364 169 38 tagandet,
460 2367 61 35 att,
545 2365 41 31 då
608 2365 72 31 med
704 2365 62 31 den
789 2377 65 25 nya
879 2365 383 38 rättegångsordningen
1286 2366 127 32 antalet
1435 2367 171 31 hovrätter
1629 2367 73 32 med
1727 2367 46 31 all

268 2406 211 33 sannolikhet
501 2407 146 32 kommer
668 2411 51 29 att
738 2407 185 38 väsentligt
943 2408 91 37 ökas,
1058 2407 55 33 det
1133 2407 178 38 samtidigt
1330 2407 106 33 bliver
1457 2408 208 39 nödvändigt
1687 2409 87 31 med-

307 2472 7 14 1
334 2474 84 30 Fogad
438 2474 83 24 såsom
540 2474 84 30 bilaga
642 2473 15 24 2
676 2474 40 23 till
736 2474 72 24 detta
827 2474 138 24 utlåtande.
