2242 2652
644 203 382 42 Bevillningsutskottets
1049 199 175 33 Memorial
1246 198 63 32 N:o
1329 200 53 30 24.

940 588 72 41 N:o
1040 586 65 41 24.

794 745 73 30 Ank.
892 744 42 29 till
957 743 100 30 Riksd.
1082 741 93 30 kansli
1198 741 56 29 den
1279 740 38 29 23
1342 739 71 38 april
1438 738 90 34 1896,
1553 736 35 29 kl.
1613 736 17 28 3
1655 745 23 20 e.
1704 745 37 18 m.

418 891 198 42 Memorial,
656 890 14 35 i
710 888 189 44 anledning
931 885 48 44 af
1004 886 204 34 kamrarnes
1240 882 200 43 skiljaktiga
1467 880 107 35 beslut
1600 878 152 34 rörande
1778 876 49 34 be-

619 947 342 45 villningsutskottets
987 943 176 36 memorial
1190 954 56 23 n:o
1274 943 50 33 18
1352 940 178 44 angående
1556 937 207 44 afgörandet
1790 933 45 44 af

611 1007 136 45 frågan
779 1018 51 24 om
863 1004 221 45 tillämpning
1110 1003 112 34 redan
1248 1001 113 34 under
1386 998 239 36 innevarande
1652 997 41 34 år
1720 994 47 45 af
1789 995 42 34 de

613 1067 171 43 förhöjda
812 1065 225 36 tullsatserna
1064 1064 21 33 å
1102 1062 105 43 fläsk.

355 1221 73 36 För
469 1220 193 44 afgörande
694 1218 40 35 af
763 1215 126 47 frågan
918 1227 53 24 om
999 1214 224 44 tillämpning
1249 1212 109 35 redan
1385 1210 111 36 under
1523 1207 238 36 innevarande
1789 1204 41 36 år

223 1275 39 35 af
287 1274 42 34 de
355 1272 82 36 utaf
460 1271 205 43 Riksdagen
691 1268 182 35 beslutade
901 1265 162 45 förhöjda
1090 1264 228 35 tullsatserna
1346 1260 20 36 å
1392 1261 91 35 fläsk
1500 1260 90 34 hade
1609 1258 222 43 bevillnings-

223 1325 176 35 utskottet
432 1323 6 33 i
465 1320 227 36 omförmälda
719 1318 181 35 memorial
926 1327 58 24 n:o
1015 1317 43 33 18
1087 1314 184 44 föreslagit
1297 1321 199 36 gemensam
1524 1309 226 44 omröstning.

357 1372 81 37 Den
478 1373 11 33 i
530 1369 126 37 sådant
688 1369 199 35 hänseende
919 1367 201 43 föreslagna
1147 1362 441 45 voteringspropositionen
1616 1360 75 42 har,
1721 1359 111 43 enligt

224 1425 176 36 utskottet
443 1422 303 35 tilihandakomna
791 1417 334 46 protokollsutdrag,
1173 1415 39 35 af
1248 1413 129 36 Första
1416 1412 216 35 Kammaren
1672 1408 159 41 bifallits,

223 1477 187 35 hvaremot
449 1473 126 35 Andra
610 1471 229 42 Kammaren,
873 1469 77 34 med
982 1467 115 44 afslag
1127 1464 21 37 å
1176 1466 192 34 utskottets
1400 1464 133 42 förslag
1560 1461 54 35 till
1640 1460 194 43 voterings-

224 1525 227 46 proposition,
479 1523 144 35 beslutit
650 1525 55 32 att
731 1522 106 44 lägga
865 1518 217 36 memorialet
1108 1518 55 34 till
1189 1515 269 44 handlingarna.

359 1575 19 35 I
405 1575 190 43 anledning
621 1572 107 36 häraf
751 1573 67 33 har
845 1568 125 47 frågan
1000 1579 54 24 om
1081 1567 224 44 tillämpning
1331 1566 108 34 redan
1466 1564 110 35 under
1594 1560 239 37 innevarande

225 1625 41 37 år
294 1627 39 35 af
357 1627 41 34 de
426 1625 161 44 förhöjda
614 1624 228 34 tullsatserna
870 1619 21 37 å
917 1620 90 35 fläsk
1035 1619 110 43 enligt
1172 1618 192 34 utskottets
1391 1614 93 45 åsigt
1506 1613 163 43 förfallit;
1698 1611 138 36 hvilket

224 1678 177 35 utskottet
428 1675 143 35 härmed
599 1672 55 37 får
682 1674 54 34 för
762 1672 206 43 Riksdagen

679 1774 149 33 anmäla.

363 1875 202 37 Stockholm
594 1875 65 34 den
690 1875 44 33 23
764 1873 90 44 april
886 1872 105 34 1896.

703 1971 53 37 På
783 1971 406 44 bevillningsutskottets
1216 1973 150 40 vägnar:

875 2072 48 35 H.
954 2068 239 39 CAVALLI.

275 2318 77 33 Bih.
379 2316 51 33 till
454 2316 113 32 Riksd.
594 2315 86 32 Prot.
706 2317 91 29 1896.
843 2315 19 29 5
886 2312 100 33 Saml.
1033 2314 16 28 1
1074 2310 76 40 Afd.
1196 2311 45 30 22
1262 2308 96 40 Häft.
1395 2308 75 38 (N:o
1491 2308 65 33 24)
