1886 2866
514 178 113 28 Första
647 176 221 35 lagutskottets
886 175 163 29 utlåtande
1067 175 48 28 Nr
1135 177 46 26 10.
1562 172 40 30 35

138 265 74 33 Den
238 266 55 31 må
316 269 82 28 även
425 275 124 27 senare,
576 264 91 32 intill
694 263 61 33 den
782 263 18 32 6
826 262 186 39 september
1038 262 96 39 1930,
1160 261 242 33 undertecknas
1430 261 54 32 för
1508 259 93 39 varje

94 316 142 33 medlem
257 328 42 21 av
322 314 223 33 Nationernas
568 314 146 32 förbund
736 313 60 33 och
817 313 94 38 varje
933 324 109 21 annan
1065 315 80 30 stat.

742 404 135 34 Artikel
903 406 53 32 13.

140 474 235 34 Förevarande
401 474 199 32 konvention
630 473 88 34 skall
747 473 201 33 ratificeras.

139 524 491 34 Ratifikationsinstrumenten
657 523 95 33 skola
780 523 72 32 före
878 523 61 32 den
968 523 17 32 1
1014 521 185 40 september
1226 521 83 33 1932
1338 521 177 38 deponeras
1542 519 59 33 hos

95 576 225 33 Nationernas
343 574 161 34 förbunds
526 574 350 40 generalsekreterare,
898 573 114 32 vilken
1034 573 61 32 har
1117 575 52 30 att
1191 584 50 21 om
1264 570 231 39 mottagandet
1516 570 86 32 oför-

96 627 165 39 dröjligen
281 627 195 33 underrätta
498 625 67 33 alla
587 624 379 34 förbundsmedlemmar
987 623 60 33 och
1068 623 69 32 alla
1157 625 91 30 utom
1271 621 179 33 förbundet
1468 619 135 35 stående

98 681 115 35 stater,
234 689 68 21 som
323 676 136 39 deltaga
477 676 12 31 i
507 675 253 33 konventionen.

745 767 136 33 Artikel
906 767 54 32 14.

142 837 91 33 Från
255 836 60 33 och
334 836 74 33 med
429 835 61 33 den
513 836 18 32 6
552 834 185 40 september
759 834 84 32 1930
863 834 68 32 kan
951 832 94 39 varje
1065 831 141 34 medlem
1227 843 43 21 av
1292 830 223 33 Nationernas
1537 828 66 33 för-

97 887 90 34 bund
210 887 61 33 och
291 887 94 38 varje
407 898 108 21 annan
538 889 68 30 stat
628 885 135 33 ansluta
787 884 53 40 sig
860 883 54 34 till
935 883 253 35 konventionen.

142 937 210 39 Anslutning
377 937 148 32 kommer
550 936 55 33 till
629 936 99 33 stånd
753 946 117 27 genom
897 946 38 20 en
961 933 55 33 till
1042 932 196 34 förbundets
1264 930 340 41 generalsekreterare

99 989 134 32 avlåten
256 987 200 39 förklaring,
479 999 68 20 som
570 986 181 39 deponeras
773 985 13 32 i
808 984 251 34 sekretariatets
1081 983 108 32 arkiv.

144 1037 370 35 Generalsekreteraren
542 1037 62 32 har
631 1040 52 30 att
710 1048 52 21 om
791 1034 226 40 depositionen
1045 1032 243 40 ofördröjligen
1312 1031 196 33 underrätta
1536 1030 68 33 alla

100 1091 83 38 dem,
209 1101 68 21 som
301 1088 242 33 undertecknat
567 1087 105 33 denna
695 1085 202 34 konvention
922 1084 82 33 eller
1027 1083 142 33 anslutit
1193 1083 53 39 sig
1269 1082 54 32 till
1348 1082 201 32 densamma.

744 1185 137 33 Artikel
905 1186 54 31 15.

143 1257 119 33 Denna
286 1255 200 36 konvention
511 1255 112 33 träder
644 1254 74 33 icke
741 1254 12 32 i
776 1253 96 33 kraft
896 1252 74 33 förr
993 1256 42 28 än
1060 1251 62 33 den
1146 1249 119 34 vunnit
1289 1248 214 34 ratifikation
1526 1246 81 33 eller

99 1306 196 40 anslutning
317 1318 42 21 av
382 1306 54 38 sju
457 1305 215 33 medlemmar
694 1316 42 21 av
759 1303 223 33 Nationernas
1006 1301 144 33 förbund
1174 1300 82 33 eller
1277 1300 104 32 andra
1404 1301 119 35 stater;
1546 1296 61 34 och

99 1356 82 35 böra
208 1357 102 33 bland
338 1357 97 33 dessa
462 1356 53 38 sju
543 1355 206 33 förekomma
777 1358 50 29 tre
856 1351 388 38 förbundsmedlemmar,
1274 1361 69 22 som
1373 1354 56 28 äro
1458 1347 150 39 ständigt

101 1408 194 33 företrädda
319 1408 12 32 i
356 1406 196 34 förbundets
578 1405 71 33 råd.

145 1458 217 39 Tidpunkten
387 1458 54 33 för
464 1455 290 34 ikraftträdandet
777 1459 38 28 är
837 1453 163 33 nittionde
1026 1452 106 38 dagen
1158 1451 86 32 efter
1269 1450 72 39 den,
1366 1449 42 33 då
1432 1443 174 47 Nationer-

101 1521 59 21 nas
186 1508 162 33 förbunds
374 1506 341 39 generalsekreterare
740 1503 158 39 mottagit
923 1503 60 32 den
1010 1502 117 39 sjunde
1154 1500 254 33 ratifikationen
1434 1498 81 33 eller
1540 1498 66 31 för-

100 1560 178 38 klaringen
299 1570 52 20 om
371 1557 204 39 anslutning,
597 1568 69 21 som
687 1566 94 22 avses
801 1554 12 32 i
834 1554 107 32 första
962 1552 134 39 stycket
1115 1564 42 20 av
1179 1551 107 32 denna
1305 1549 133 33 artikel.

145 1609 70 34 Vid
240 1607 213 35 meddelande
479 1618 41 21 av
545 1607 103 32 sådan
672 1604 253 38 underrättelse,
952 1614 69 23 som
1046 1613 93 22 avses
1164 1601 12 33 i
1200 1603 64 31 art.
1291 1600 41 32 13
1357 1599 60 33 och
1442 1599 52 38 14,
1520 1597 88 34 skall

102 1659 365 40 generalsekreteraren
495 1656 141 34 särskilt
660 1655 205 38 konstatera,
893 1657 53 29 att
973 1653 56 33 det
1055 1652 94 33 antal
1177 1650 251 34 ratifikationer
1454 1649 60 33 och
1542 1649 66 32 för-

101 1710 178 39 klaringar
304 1721 51 21 om
382 1707 205 39 anslutning,
614 1718 70 22 som
710 1717 95 23 avses
829 1705 12 32 i
867 1704 109 33 första
1003 1702 134 40 stycket
1161 1714 43 20 av
1231 1700 219 34 förevarande
1475 1698 133 39 artikel,

102 1762 175 38 uppnåtts.

748 1821 137 35 Artikel
908 1822 56 32 16.

147 1894 106 39 Varje
279 1892 213 34 ratifikation
521 1891 80 32 eller
629 1889 192 38 förklaring
849 1900 51 21 om
929 1886 206 40 anslutning,
1164 1897 69 21 som
1262 1883 141 34 kommit
1430 1883 55 33 till
1513 1881 97 34 stånd

104 1945 88 32 efter
217 1943 55 34 det
294 1941 252 39 konventionen,
571 1941 45 39 på
640 1943 70 30 sätt
731 1940 14 31 i
768 1943 65 28 art.
859 1938 40 31 15
924 1947 107 29 avses,
1055 1939 86 29 trätt
1164 1935 13 32 i
1200 1934 107 39 kraft,
1332 1933 130 33 medför
1484 1931 126 33 verkan

106 1996 77 31 från
205 1993 61 34 och
286 1993 73 33 med
379 1991 162 34 nittionde
562 1991 107 37 dagen
691 1989 78 32 från
790 1988 61 33 den
873 1987 67 39 dag
960 1986 62 33 den
1042 1984 175 40 mottagits
1238 1996 42 20 av
1301 1983 222 33 Nationernas
1545 1981 66 32 för-

104 2043 107 35 bunds
238 2042 351 41 generalsekreterare.

751 2112 135 34 Artikel
914 2113 51 31 17.

148 2187 120 32 Denna
292 2184 200 33 konvention
517 2183 67 32 kan
611 2182 30 38 ej
667 2185 172 35 uppsägas
866 2180 72 31 före
964 2178 170 38 utgången
1159 2188 44 21 av
1228 2176 59 32 två
1312 2175 47 38 år,
1387 2173 121 33 räknat
1534 2172 76 32 från

107 2237 61 32 den
188 2237 76 37 dag,
285 2235 42 33 då
345 2233 241 33 konventionen
603 2235 86 29 trätt
706 2232 12 30 i
736 2230 97 32 kraft
852 2230 53 31 för
924 2228 60 32 den
1004 2227 140 32 medlem
1163 2238 43 20 av
1225 2224 223 32 Nationernas
1469 2221 143 33 förbund

105 2287 82 32 eller
209 2286 62 32 den
290 2289 91 29 utom
405 2283 178 33 förbundet
604 2281 137 34 stående
762 2283 77 35 stat,
862 2290 69 21 som
953 2277 62 33 vill
1037 2281 164 34 uppsäga,
1244 2273 137 33 Verkan
1404 2285 42 20 av
1467 2276 145 35 uppsäg-

107 2337 122 37 ningen
249 2335 148 32 inträder
416 2334 77 31 från
513 2332 59 32 och
591 2332 74 31 med
684 2330 162 32 nittionde
865 2329 106 36 dagen
992 2327 87 31 efter
1097 2326 72 37 den,
1190 2325 42 32 då
1251 2322 362 41 generalsekreteraren

106 2386 160 39 mottagit
288 2385 55 32 det
363 2384 56 33 till
440 2383 117 32 honom
581 2380 124 34 ställda
726 2377 243 35 meddelandet.

150 2436 105 38 Varje
279 2432 217 41 uppsägning
520 2430 88 34 skall
631 2442 42 20 av
698 2427 364 41 generalsekreteraren
1087 2423 241 39 ofördröjligen
1353 2421 166 34 meddelas
1544 2420 70 33 alla

108 2486 117 38 övriga
253 2485 99 38 Höga
376 2480 265 36 kontraherande
667 2482 124 37 parter.
