1886 2856
75 390 165 35 Haag-kon-

69 423 172 34 ferenserna

68 458 49 26 och
138 457 119 28 Geneve-

59 491 197 34 konferensen.

53 1895 175 28 Konventio-

92 1938 96 18 nerna.

269 149 19 30 2
693 154 114 29 Första
825 156 222 34 lagutskottets
1064 157 163 31 utiåtande
1245 159 49 28 Nr
1312 162 47 26 10.

319 237 156 33 Förutom
497 239 61 31 den
578 239 101 38 tyska
697 252 150 27 gruppen
867 242 119 39 plägar
1006 255 75 20 man
1102 245 143 38 urskilja
1265 246 62 32 den
1346 247 140 33 franska
1506 248 58 33 och
1586 249 59 32 den
1668 251 109 38 anglo-

275 287 179 40 sachsiska,
475 288 93 33 vilka
589 301 60 21 var
669 290 52 33 för
741 291 53 39 sig
815 292 103 33 förete
939 293 261 38 betydelsefulla
1221 296 171 33 olikheter.

319 386 230 36 Strävandena
569 393 50 29 att
639 390 227 35 åstadkomma
885 397 47 28 ett
951 395 181 33 närmande
1151 396 121 32 mellan
1294 397 94 34 dessa
1408 398 89 34 olika
1517 411 147 27 grupper
1684 401 92 32 ledde

272 437 77 32 åren
374 439 84 31 1910
482 439 59 32 och
565 440 84 31 1912
673 440 53 32 till
750 443 321 34 sammankallandet
1095 457 41 21 av
1159 447 57 31 två
1239 447 268 35 internationella
1529 450 213 33 konferenser
1766 452 11 31 i

273 486 110 40 Haag,
403 488 55 33 vid
478 489 93 33 vilka
591 490 124 38 jämväl
738 492 38 32 de
795 492 259 35 skandinaviska
1075 499 147 30 staterna
1241 508 78 21 voro
1340 498 202 34 företrädda.

317 536 49 34 De
388 538 40 32 då
448 539 179 39 påbörjade
648 541 155 34 arbetena
823 543 233 40 återupptogos
1078 545 86 33 efter
1184 547 242 40 världskrigets
1448 549 69 33 slut
1537 551 104 32 under
1661 551 114 33 Natio-

270 599 118 21 nernas
409 588 161 34 förbunds
591 590 144 40 ledning.

315 636 100 34 Efter
438 639 91 33 vissa
554 639 236 35 förberedande
816 643 131 33 arbeten
974 646 266 33 sammanträdde
1266 648 38 31 år
1330 649 84 32 1930
1441 661 38 21 en
1506 663 45 27 ny
1577 651 197 34 växelrätts-

269 686 175 35 konferens
463 689 12 31 i
494 688 140 34 Geneve.
668 690 19 32 I
705 691 106 34 denna
829 693 128 39 deltogo
975 695 120 33 ombud
1115 696 51 32 för
1185 697 40 31 32
1245 701 114 36 stater,
1378 700 163 38 varjämte
1560 701 53 33 för
1633 703 141 38 regerin-

269 748 62 27 gen
352 738 11 31 i
384 737 259 36 Nordamerikas
665 740 143 36 Förenta
829 741 112 35 Stater
960 745 244 34 tillstädeskom
1227 760 39 20 en
1288 748 199 34 observatör.
1531 750 137 41 Sverige
1690 753 83 33 före-

269 787 133 34 träddes
421 800 42 21 av
484 789 188 35 dåvarande
693 792 207 38 presidenten
923 794 141 34 friherre
1086 795 40 33 E.
1148 797 116 34 Marks
1282 811 62 20 von
1365 799 237 42 Wirtemberg
1624 803 58 32 och
1704 803 68 40 lag-

269 837 237 40 beredningens
534 840 187 34 dåvarande
748 843 206 40 ordförande,
982 857 138 22 numera
1145 848 210 38 presidenten
1382 849 39 33 B.
1449 850 166 41 Ekeberg.
1668 853 18 32 I
1713 854 60 32 den

268 887 58 33 vid
358 887 216 35 konferensen
606 892 141 33 utsedda
778 893 384 36 redaktionskommittén
1194 898 139 34 insattes
1366 901 208 37 presidenten
1607 903 165 40 Ekeberg.

313 937 246 36 Konferensens
585 941 133 33 arbeten
743 942 92 34 ledde
861 944 54 32 till
939 946 304 35 undertecknandet
1267 962 44 20 av
1335 950 38 33 de
1398 955 49 29 tre
1473 964 44 20 nu
1544 953 228 40 föreliggande

266 986 289 43 konventionerna,
577 990 239 36 konventionen
837 1006 49 20 om
908 1007 187 27 gemensam
1114 999 164 39 växellag,
1302 1000 238 35 konventionen
1565 1004 52 32 för
1640 1005 131 33 lösande

266 1050 42 20 av
328 1039 91 33 vissa
439 1040 245 39 lagkonflikter
704 1044 44 37 på
768 1045 223 34 växelrättens
1014 1048 129 33 område
1167 1049 57 32 och
1247 1050 240 35 konventionen
1511 1055 138 32 rörande
1673 1060 97 28 stäm-

265 1088 55 38 pel
340 1089 19 31 å
377 1089 127 41 växlar,
526 1090 102 39 jämte
646 1093 163 37 protokoll
828 1095 58 32 och
904 1096 141 33 slutakt.

309 1137 50 34 De
381 1140 57 32 två
460 1140 86 33 först
566 1143 140 32 nämnda
729 1143 279 37 konventionerna
1028 1148 283 36 undertecknades
1335 1163 42 21 av
1400 1152 41 32 26
1466 1157 113 36 stater,
1604 1156 165 39 nämligen

266 1187 184 41 Tyskland,
479 1186 179 44 Österrike,
687 1192 147 41 Belgien,
863 1195 174 41 Brasilien,
1067 1197 182 42 Columbia,
1278 1201 182 41 Danmark,
1488 1204 145 40 Danzig,
1662 1206 107 33 Ecua-

264 1238 67 38 dor,
357 1237 155 42 Spanien,
537 1241 155 40 Finland,
717 1243 196 41 Frankrike,
940 1246 181 41 Grekland,
1148 1249 144 40 Ungern,
1320 1251 132 41 Italien,
1478 1254 23 32 J
1505 1266 97 29 apan,
1629 1256 139 33 Luxem-

263 1288 94 39 burg,
380 1289 121 40 Norge,
524 1290 280 43 Nederländerna,
826 1294 96 41 Peru,
945 1296 113 40 Polen,
1082 1298 171 41 Portugal,
1278 1300 146 42 Sverige,
1449 1303 160 42 Schweiz,
1633 1307 134 38 Tjecko-

263 1338 179 42 slovakien,
469 1341 142 34 Turkiet
636 1344 58 32 och
719 1344 229 40 Jugoslavien.
999 1348 250 35 Konventionen
1275 1354 138 33 rörande
1439 1357 142 38 stämpel
1607 1358 19 31 å
1651 1359 117 32 växlar

261 1389 283 36 undertecknades
573 1405 41 21 av
641 1406 125 22 samma
792 1399 103 30 stater
922 1399 73 32 med
1023 1400 171 40 undantag
1221 1414 41 20 av
1292 1402 169 35 Grekland
1489 1411 87 28 samt
1604 1408 163 33 dessutom

261 1449 43 22 av
332 1438 278 37 Storbritannien.
658 1443 324 41 Representanterna
1008 1450 55 32 för
1089 1451 207 35 sistnämnda
1324 1458 69 29 stat
1419 1456 59 32 och
1506 1456 261 36 Nordamerikas

262 1488 144 35 Förenta
429 1490 114 34 Stater
563 1493 192 35 förklarade
779 1496 51 38 sig
853 1497 148 34 däremot
1021 1500 30 37 ej
1073 1512 81 22 vara
1175 1502 12 31 i
1208 1502 139 34 tillfälle
1370 1508 52 29 att
1442 1506 226 35 underteckna
1689 1509 77 33 kon-

258 1540 174 33 ventionen
451 1554 51 20 om
522 1554 190 27 gemensam
730 1547 158 39 växellag
905 1549 60 32 och
983 1549 243 35 konventionen
1246 1565 51 20 om
1317 1554 249 38 lagkonflikter
1584 1569 73 21 men
1676 1562 87 29 utta-

258 1590 75 32 lade
360 1593 186 38 sympatier
572 1594 54 32 för
651 1596 123 32 tanken
800 1598 44 38 på
870 1599 298 35 åstadkommande
1195 1615 42 20 av
1264 1603 87 33 ökad
1378 1605 238 40 likformighet
1642 1609 120 33 mellan

256 1641 198 40 växellagar
477 1655 42 21 av
541 1644 75 34 icke
638 1646 256 39 anglosachsisk
916 1653 73 36 typ.

302 1691 52 34 De
379 1695 156 33 nordiska
561 1699 165 32 staternas
751 1700 119 32 ombud
895 1702 93 32 stodo
1014 1703 93 32 såväl
1132 1705 104 32 under
1263 1706 282 36 förberedelserna
1571 1710 54 32 för
1650 1711 113 33 konfe-

258 1754 113 21 rensen
393 1756 67 20 som
481 1745 106 33 under
607 1747 233 36 konferensens
861 1752 89 38 gång
971 1753 11 32 i
1005 1753 174 34 oavbrutet
1200 1756 184 33 samarbete
1407 1758 57 32 och
1489 1759 104 34 funno
1616 1761 52 39 sig
1690 1763 12 31 i
1725 1763 37 32 de

257 1792 102 34 flesta
381 1794 63 33 fall
466 1795 114 33 kunna
602 1797 116 39 intaga
739 1811 125 22 samma
887 1801 161 40 ställning
1071 1803 53 32 till
1148 1805 37 32 de
1209 1805 228 40 föreliggande
1461 1811 212 37 spörsmålen.

300 1892 256 36 Konventionen
579 1907 52 21 om
654 1908 187 27 gemensam
865 1901 154 40 växellag
1044 1902 138 34 innebär
1206 1905 231 39 förpliktelser
1462 1909 54 32 för
1541 1910 217 39 signatärsta-

256 1946 94 29 terna
372 1948 50 28 att
441 1957 62 20 var
523 1946 55 32 för
599 1947 52 38 sig
670 1948 113 33 införa
802 1968 44 4 —
867 1951 158 39 antingen
1046 1953 12 31 i
1079 1954 190 38 någondera
1291 1969 42 20 av
1356 1957 38 32 de
1416 1960 242 39 ursprungliga
1680 1961 77 33 kon-

252 1992 305 35 ventionstexterna
586 1995 136 40 (fransk
746 1998 80 33 eller
849 2001 153 41 engelsk)
1030 2003 81 32 eller
1133 2006 44 37 på
1200 2006 54 32 det
1278 2007 80 32 eller
1381 2009 38 32 de
1443 2021 83 26 egna
1551 2011 144 38 språken
1717 2032 44 3 —

255 2043 61 32 den
337 2044 19 32 å
376 2044 219 35 konferensen
616 2052 146 35 antagna
782 2062 245 26 gemensamma
1047 2055 208 40 växellagen,
1277 2058 112 32 vilken
1411 2063 100 35 utgör
1531 2061 114 39 bilaga
1665 2063 18 31 I
1703 2063 53 32 till

250 2091 253 37 konventionen.
545 2096 196 36 Emellertid
760 2099 115 34 kunna
893 2102 107 38 enligt
1020 2103 229 35 bestämmelse
1269 2108 12 31 i
1301 2107 240 36 konventionen
1563 2112 39 32 de
1622 2113 136 32 särskil-

251 2142 42 32 da
316 2147 147 31 staterna
486 2147 12 31 i
522 2147 38 32 de
584 2148 266 42 undantagsfall,
874 2163 68 21 som
966 2157 59 28 äro
1047 2156 147 37 angivna
1215 2158 12 31 i
1250 2169 39 20 en
1312 2158 54 32 till
1388 2159 242 36 konventionen
1654 2164 104 38 fogad

252 2194 114 39 bilaga
383 2196 47 39 II,
448 2197 142 39 vidtaga
608 2199 187 34 avvikelser
814 2201 76 33 från
910 2203 61 32 den
989 2204 11 31 i
1018 2204 115 39 bilaga
1150 2207 18 32 I
1186 2207 141 39 intagna
1345 2210 180 38 lagtexten.

294 2244 18 32 I
330 2245 183 35 allmänhet
532 2248 95 33 skola
646 2249 93 34 dessa
759 2251 188 34 avvikelser
964 2255 141 38 angivas
1125 2257 100 33 redan
1242 2258 58 33 vid
1319 2260 266 36 ratifikationen.
1616 2263 18 32 I
1652 2265 105 38 några

251 2295 65 32 fall
335 2296 61 33 har
415 2298 54 32 det
488 2299 184 33 emellertid
692 2305 125 30 ansetts
837 2303 133 40 möjligt
989 2306 61 31 och
1070 2307 157 39 lämpligt
1247 2313 51 29 att
1318 2310 111 34 lämna
1449 2313 304 38 signatärstaterna

250 2349 101 35 öppet
369 2350 51 29 att
437 2353 83 28 även
539 2349 87 33 efter
645 2351 253 34 ratifikationen
918 2354 123 40 frångå
1061 2356 108 40 lagen,
1189 2359 84 32 dock
1292 2359 87 34 först
1399 2362 100 33 sedan
1519 2364 70 32 viss
1610 2366 142 38 angiven

251 2396 49 32 tid
322 2396 153 34 förflutit
495 2399 87 32 efter
603 2400 54 33 det
678 2401 61 32 den
760 2402 194 35 tillämnade
976 2406 192 34 avvikelsen
1190 2410 144 33 anmälts
1356 2411 60 33 hos
1438 2412 224 36 Nationernas
1685 2416 66 33 för-

249 2446 101 33 bund.
390 2448 17 32 TI
424 2451 48 29 ett
489 2461 63 26 par
570 2450 63 32 fall
650 2471 43 2 —
709 2453 169 38 nämligen
896 2459 60 27 när
974 2455 54 33 det
1047 2457 106 37 gäller
1171 2458 115 39 lagens
1305 2460 248 36 bestämmelser
1572 2477 50 20 om
1642 2466 108 32 effek-
