<?xml version="1.0" encoding="UTF-8"?>
<alto xmlns="http://www.loc.gov/standards/alto/ns-v3#" xmlns:xlink="http://www.w3.org/1999/xlink" xmlns:xsi="http://www.w3.org/2001/XMLSchema-instance" xsi:schemaLocation="http://www.loc.gov/standards/alto/ns-v3# http://www.loc.gov/alto/v3/alto-3-0.xsd">
	<Description>
		<MeasurementUnit>pixel</MeasurementUnit>
		<sourceImageInformation>
			<fileName>/tmp/tess_wp_vgg1k_input.PNG</fileName>
		</sourceImageInformation>
		<OCRProcessing ID="OCR_0">
			<ocrProcessingStep>
				<processingSoftware>
					<softwareName>tesseract 5.3.0</softwareName>
				</processingSoftware>
			</ocrProcessingStep>
		</OCRProcessing>
	</Description>
	<Layout>
		<Page WIDTH="1888" HEIGHT="2858" PHYSICAL_IMG_NR="0" ID="page_0">
			<PrintSpace HPOS="0" VPOS="0" WIDTH="1888" HEIGHT="2858">
				<ComposedBlock ID="cblock_0" HPOS="285" VPOS="166" WIDTH="1088" HEIGHT="34">
					<TextBlock ID="block_0" HPOS="285" VPOS="166" WIDTH="1088" HEIGHT="34">
						<TextLine ID="line_0" HPOS="285" VPOS="166" WIDTH="1088" HEIGHT="34">
							<String ID="string_0" HPOS="285" VPOS="166" WIDTH="38" HEIGHT="30" WC="0.96" CONTENT="62"/><SP WIDTH="385" VPOS="166" HPOS="323"/>
							<String ID="string_1" HPOS="708" VPOS="167" WIDTH="113" HEIGHT="28" WC="0.93" CONTENT="Första"/><SP WIDTH="19" VPOS="167" HPOS="821"/>
							<String ID="string_2" HPOS="840" VPOS="166" WIDTH="222" HEIGHT="34" WC="0.91" CONTENT="lagutskottets"/><SP WIDTH="16" VPOS="166" HPOS="1062"/>
							<String ID="string_3" HPOS="1078" VPOS="166" WIDTH="164" HEIGHT="30" WC="0.94" CONTENT="utlåtande"/><SP WIDTH="18" VPOS="166" HPOS="1242"/>
							<String ID="string_4" HPOS="1260" VPOS="166" WIDTH="48" HEIGHT="29" WC="0.94" CONTENT="Nr"/><SP WIDTH="19" VPOS="166" HPOS="1308"/>
							<String ID="string_5" HPOS="1327" VPOS="169" WIDTH="46" HEIGHT="26" WC="0.94" CONTENT="10."/>
						</TextLine>
					</TextBlock>
				</ComposedBlock>
				<ComposedBlock ID="cblock_1" HPOS="289" VPOS="249" WIDTH="1503" HEIGHT="295">
					<TextBlock ID="block_1" HPOS="289" VPOS="249" WIDTH="1502" HEIGHT="87">
						<TextLine ID="line_1" HPOS="332" VPOS="249" WIDTH="1459" HEIGHT="43">
							<String ID="string_6" HPOS="332" VPOS="249" WIDTH="53" HEIGHT="36" WC="0.95" CONTENT="Är"/><SP WIDTH="19" VPOS="249" HPOS="385"/>
							<String ID="string_7" HPOS="404" VPOS="253" WIDTH="12" HEIGHT="31" WC="0.95" CONTENT="i"/><SP WIDTH="20" VPOS="253" HPOS="416"/>
							<String ID="string_8" HPOS="436" VPOS="264" WIDTH="81" HEIGHT="27" WC="0.96" CONTENT="egen"/><SP WIDTH="19" VPOS="264" HPOS="517"/>
							<String ID="string_9" HPOS="536" VPOS="252" WIDTH="96" HEIGHT="33" WC="0.93" CONTENT="växel"/><SP WIDTH="33" VPOS="252" HPOS="632"/>
							<String ID="string_10" HPOS="665" VPOS="252" WIDTH="190" HEIGHT="33" WC="0.92" CONTENT="förfallotid"/><SP WIDTH="21" VPOS="252" HPOS="855"/>
							<String ID="string_11" HPOS="876" VPOS="252" WIDTH="29" HEIGHT="39" WC="0.96" CONTENT="ej"/><SP WIDTH="21" VPOS="252" HPOS="905"/>
							<String ID="string_12" HPOS="926" VPOS="256" WIDTH="117" HEIGHT="35" WC="0.96" CONTENT="utsatt,"/><SP WIDTH="32" VPOS="256" HPOS="1043"/>
							<String ID="string_13" HPOS="1075" VPOS="252" WIDTH="88" HEIGHT="33" WC="0.96" CONTENT="skall"/><SP WIDTH="20" VPOS="252" HPOS="1163"/>
							<String ID="string_14" HPOS="1183" VPOS="253" WIDTH="121" HEIGHT="32" WC="0.95" CONTENT="växeln"/><SP WIDTH="30" VPOS="253" HPOS="1304"/>
							<String ID="string_15" HPOS="1334" VPOS="264" WIDTH="95" HEIGHT="22" WC="0.92" CONTENT="anses"/><SP WIDTH="22" VPOS="264" HPOS="1429"/>
							<String ID="string_16" HPOS="1451" VPOS="252" WIDTH="150" HEIGHT="33" WC="0.91" CONTENT="betalbar"/><SP WIDTH="29" VPOS="252" HPOS="1601"/>
							<String ID="string_17" HPOS="1630" VPOS="253" WIDTH="58" HEIGHT="32" WC="0.93" CONTENT="vid"/><SP WIDTH="21" VPOS="253" HPOS="1688"/>
							<String ID="string_18" HPOS="1709" VPOS="264" WIDTH="82" HEIGHT="28" WC="0.92" CONTENT="upp-"/>
						</TextLine>
						<TextLine ID="line_2" HPOS="289" VPOS="303" WIDTH="166" HEIGHT="33">
							<String ID="string_19" HPOS="289" VPOS="303" WIDTH="166" HEIGHT="33" WC="0.87" CONTENT="visandet."/>
						</TextLine>
					</TextBlock>
					<TextBlock ID="block_2" HPOS="291" VPOS="352" WIDTH="1501" HEIGHT="92">
						<TextLine ID="line_3" HPOS="334" VPOS="352" WIDTH="1458" HEIGHT="41">
							<String ID="string_20" HPOS="334" VPOS="352" WIDTH="118" HEIGHT="34" WC="0.96" CONTENT="Såsom"/><SP WIDTH="27" VPOS="352" HPOS="452"/>
							<String ID="string_21" HPOS="479" VPOS="365" WIDTH="80" HEIGHT="27" WC="0.93" CONTENT="egen"/><SP WIDTH="25" VPOS="365" HPOS="559"/>
							<String ID="string_22" HPOS="584" VPOS="353" WIDTH="115" HEIGHT="33" WC="0.91" CONTENT="växels"/><SP WIDTH="26" VPOS="353" HPOS="699"/>
							<String ID="string_23" HPOS="725" VPOS="353" WIDTH="245" HEIGHT="39" WC="0.91" CONTENT="betalningsort"/><SP WIDTH="25" VPOS="353" HPOS="970"/>
							<String ID="string_24" HPOS="995" VPOS="354" WIDTH="61" HEIGHT="32" WC="0.96" CONTENT="och"/><SP WIDTH="24" VPOS="354" HPOS="1056"/>
							<String ID="string_25" HPOS="1080" VPOS="353" WIDTH="114" HEIGHT="34" WC="0.96" CONTENT="tillika"/><SP WIDTH="25" VPOS="353" HPOS="1194"/>
							<String ID="string_26" HPOS="1219" VPOS="354" WIDTH="108" HEIGHT="33" WC="0.93" CONTENT="såsom"/><SP WIDTH="26" VPOS="354" HPOS="1327"/>
							<String ID="string_27" HPOS="1353" VPOS="354" WIDTH="218" HEIGHT="33" WC="0.82" CONTENT="utställarens"/><SP WIDTH="27" VPOS="354" HPOS="1571"/>
							<String ID="string_28" HPOS="1598" VPOS="353" WIDTH="194" HEIGHT="40" WC="0.92" CONTENT="boningsort"/>
						</TextLine>
						<TextLine ID="line_4" HPOS="291" VPOS="403" WIDTH="1441" HEIGHT="41">
							<String ID="string_29" HPOS="291" VPOS="403" WIDTH="97" HEIGHT="39" WC="0.95" CONTENT="skall,"/><SP WIDTH="18" VPOS="403" HPOS="388"/>
							<String ID="string_30" HPOS="406" VPOS="404" WIDTH="62" HEIGHT="32" WC="0.96" CONTENT="där"/><SP WIDTH="16" VPOS="404" HPOS="468"/>
							<String ID="string_31" HPOS="484" VPOS="404" WIDTH="29" HEIGHT="38" WC="0.96" CONTENT="ej"/><SP WIDTH="17" VPOS="404" HPOS="513"/>
							<String ID="string_32" HPOS="530" VPOS="416" WIDTH="108" HEIGHT="20" WC="0.96" CONTENT="annan"/><SP WIDTH="17" VPOS="416" HPOS="638"/>
							<String ID="string_33" HPOS="655" VPOS="407" WIDTH="53" HEIGHT="29" WC="0.96" CONTENT="ort"/><SP WIDTH="16" VPOS="407" HPOS="708"/>
							<String ID="string_34" HPOS="724" VPOS="404" WIDTH="140" HEIGHT="32" WC="0.96" CONTENT="särskilt"/><SP WIDTH="16" VPOS="404" HPOS="864"/>
							<String ID="string_35" HPOS="880" VPOS="404" WIDTH="159" HEIGHT="40" WC="0.96" CONTENT="angivits,"/><SP WIDTH="17" VPOS="404" HPOS="1039"/>
							<String ID="string_36" HPOS="1056" VPOS="404" WIDTH="92" HEIGHT="39" WC="0.96" CONTENT="gälla"/><SP WIDTH="18" VPOS="404" HPOS="1148"/>
							<String ID="string_37" HPOS="1166" VPOS="404" WIDTH="72" HEIGHT="39" WC="0.96" CONTENT="den,"/><SP WIDTH="18" VPOS="404" HPOS="1238"/>
							<String ID="string_38" HPOS="1256" VPOS="404" WIDTH="60" HEIGHT="33" WC="0.93" CONTENT="där"/><SP WIDTH="17" VPOS="404" HPOS="1316"/>
							<String ID="string_39" HPOS="1333" VPOS="403" WIDTH="221" HEIGHT="34" WC="0.91" CONTENT="utställandet"/><SP WIDTH="17" VPOS="403" HPOS="1554"/>
							<String ID="string_40" HPOS="1571" VPOS="408" WIDTH="60" HEIGHT="35" WC="0.96" CONTENT="ägt"/><SP WIDTH="17" VPOS="408" HPOS="1631"/>
							<String ID="string_41" HPOS="1648" VPOS="416" WIDTH="84" HEIGHT="22" WC="0.96" CONTENT="rum."/>
						</TextLine>
					</TextBlock>
					<TextBlock ID="block_3" HPOS="290" VPOS="454" WIDTH="1500" HEIGHT="90">
						<TextLine ID="line_5" HPOS="333" VPOS="454" WIDTH="1457" HEIGHT="39">
							<String ID="string_42" HPOS="333" VPOS="454" WIDTH="97" HEIGHT="39" WC="0.96" CONTENT="Egen"/><SP WIDTH="18" VPOS="454" HPOS="430"/>
							<String ID="string_43" HPOS="448" VPOS="454" WIDTH="107" HEIGHT="39" WC="0.90" CONTENT="växel,"/><SP WIDTH="19" VPOS="454" HPOS="555"/>
							<String ID="string_44" HPOS="574" VPOS="454" WIDTH="73" HEIGHT="33" WC="0.96" CONTENT="vari"/><SP WIDTH="19" VPOS="454" HPOS="647"/>
							<String ID="string_45" HPOS="666" VPOS="457" WIDTH="93" HEIGHT="30" WC="0.96" CONTENT="orten"/><SP WIDTH="20" VPOS="457" HPOS="759"/>
							<String ID="string_46" HPOS="779" VPOS="454" WIDTH="53" HEIGHT="32" WC="0.93" CONTENT="för"/><SP WIDTH="18" VPOS="454" HPOS="832"/>
							<String ID="string_47" HPOS="850" VPOS="454" WIDTH="222" HEIGHT="33" WC="0.90" CONTENT="utställandet"/><SP WIDTH="19" VPOS="454" HPOS="1072"/>
							<String ID="string_48" HPOS="1091" VPOS="455" WIDTH="29" HEIGHT="38" WC="0.96" CONTENT="ej"/><SP WIDTH="21" VPOS="455" HPOS="1120"/>
							<String ID="string_49" HPOS="1141" VPOS="459" WIDTH="39" HEIGHT="28" WC="0.96" CONTENT="är"/><SP WIDTH="17" VPOS="459" HPOS="1180"/>
							<String ID="string_50" HPOS="1197" VPOS="454" WIDTH="123" HEIGHT="33" WC="0.95" CONTENT="nämnd"/><SP WIDTH="18" VPOS="454" HPOS="1320"/>
							<String ID="string_51" HPOS="1338" VPOS="466" WIDTH="74" HEIGHT="21" WC="0.96" CONTENT="men"/><SP WIDTH="20" VPOS="466" HPOS="1412"/>
							<String ID="string_52" HPOS="1432" VPOS="458" WIDTH="53" HEIGHT="29" WC="0.96" CONTENT="ort"/><SP WIDTH="19" VPOS="458" HPOS="1485"/>
							<String ID="string_53" HPOS="1504" VPOS="459" WIDTH="38" HEIGHT="28" WC="0.96" CONTENT="är"/><SP WIDTH="18" VPOS="459" HPOS="1542"/>
							<String ID="string_54" HPOS="1560" VPOS="454" WIDTH="58" HEIGHT="33" WC="0.93" CONTENT="vid"/><SP WIDTH="19" VPOS="454" HPOS="1618"/>
							<String ID="string_55" HPOS="1637" VPOS="454" WIDTH="153" HEIGHT="33" WC="0.92" CONTENT="utställa-"/>
						</TextLine>
						<TextLine ID="line_6" HPOS="290" VPOS="504" WIDTH="918" HEIGHT="40">
							<String ID="string_56" HPOS="290" VPOS="516" WIDTH="73" HEIGHT="21" WC="0.96" CONTENT="rens"/><SP WIDTH="21" VPOS="516" HPOS="363"/>
							<String ID="string_57" HPOS="384" VPOS="516" WIDTH="102" HEIGHT="21" WC="0.95" CONTENT="namn"/><SP WIDTH="21" VPOS="516" HPOS="486"/>
							<String ID="string_58" HPOS="507" VPOS="508" WIDTH="116" HEIGHT="36" WC="0.95" CONTENT="utsatt,"/><SP WIDTH="22" VPOS="508" HPOS="623"/>
							<String ID="string_59" HPOS="645" VPOS="504" WIDTH="89" HEIGHT="33" WC="0.96" CONTENT="skall"/><SP WIDTH="21" VPOS="504" HPOS="734"/>
							<String ID="string_60" HPOS="755" VPOS="516" WIDTH="94" HEIGHT="22" WC="0.96" CONTENT="anses"/><SP WIDTH="20" VPOS="516" HPOS="849"/>
							<String ID="string_61" HPOS="869" VPOS="517" WIDTH="84" HEIGHT="20" WC="0.96" CONTENT="vara"/><SP WIDTH="21" VPOS="517" HPOS="953"/>
							<String ID="string_62" HPOS="974" VPOS="505" WIDTH="61" HEIGHT="32" WC="0.96" CONTENT="där"/><SP WIDTH="18" VPOS="505" HPOS="1035"/>
							<String ID="string_63" HPOS="1053" VPOS="504" WIDTH="155" HEIGHT="34" WC="0.95" CONTENT="utställd."/>
						</TextLine>
					</TextBlock>
				</ComposedBlock>
				<ComposedBlock ID="cblock_2" HPOS="993" VPOS="640" WIDTH="91" HEIGHT="39">
					<TextBlock ID="block_4" HPOS="993" VPOS="640" WIDTH="91" HEIGHT="39">
						<TextLine ID="line_7" HPOS="993" VPOS="640" WIDTH="91" HEIGHT="39">
							<String ID="string_64" HPOS="993" VPOS="642" WIDTH="39" HEIGHT="31" WC="0.68" CONTENT="71"/><SP WIDTH="23" VPOS="642" HPOS="1032"/>
							<String ID="string_65" HPOS="1055" VPOS="640" WIDTH="29" HEIGHT="39" WC="0.76" CONTENT="8."/>
						</TextLine>
					</TextBlock>
				</ComposedBlock>
				<ComposedBlock ID="cblock_3" HPOS="286" VPOS="714" WIDTH="1508" HEIGHT="1297">
					<TextBlock ID="block_5" HPOS="289" VPOS="714" WIDTH="1504" HEIGHT="140">
						<TextLine ID="line_8" HPOS="333" VPOS="714" WIDTH="1458" HEIGHT="40">
							<String ID="string_66" HPOS="333" VPOS="714" WIDTH="20" HEIGHT="32" WC="0.96" CONTENT="I"/><SP WIDTH="17" VPOS="714" HPOS="353"/>
							<String ID="string_67" HPOS="370" VPOS="714" WIDTH="103" HEIGHT="39" WC="0.96" CONTENT="fråga"/><SP WIDTH="16" VPOS="714" HPOS="473"/>
							<String ID="string_68" HPOS="489" VPOS="726" WIDTH="50" HEIGHT="21" WC="0.96" CONTENT="om"/><SP WIDTH="17" VPOS="726" HPOS="539"/>
							<String ID="string_69" HPOS="556" VPOS="726" WIDTH="80" HEIGHT="27" WC="0.96" CONTENT="egen"/><SP WIDTH="17" VPOS="726" HPOS="636"/>
							<String ID="string_70" HPOS="653" VPOS="715" WIDTH="99" HEIGHT="32" WC="0.95" CONTENT="växel"/><SP WIDTH="17" VPOS="715" HPOS="752"/>
							<String ID="string_71" HPOS="769" VPOS="715" WIDTH="94" HEIGHT="33" WC="0.93" CONTENT="skola"/><SP WIDTH="17" VPOS="715" HPOS="863"/>
							<String ID="string_72" HPOS="880" VPOS="715" WIDTH="101" HEIGHT="34" WC="0.92" CONTENT="lända"/><SP WIDTH="16" VPOS="715" HPOS="981"/>
							<String ID="string_73" HPOS="997" VPOS="716" WIDTH="55" HEIGHT="32" WC="0.92" CONTENT="till"/><SP WIDTH="16" VPOS="716" HPOS="1052"/>
							<String ID="string_74" HPOS="1068" VPOS="715" WIDTH="225" HEIGHT="33" WC="0.92" CONTENT="efterrättelse"/><SP WIDTH="18" VPOS="715" HPOS="1293"/>
							<String ID="string_75" HPOS="1311" VPOS="715" WIDTH="150" HEIGHT="39" WC="0.96" CONTENT="följande"/><SP WIDTH="18" VPOS="715" HPOS="1461"/>
							<String ID="string_76" HPOS="1479" VPOS="727" WIDTH="42" HEIGHT="21" WC="0.96" CONTENT="av"/><SP WIDTH="18" VPOS="727" HPOS="1521"/>
							<String ID="string_77" HPOS="1539" VPOS="715" WIDTH="39" HEIGHT="33" WC="0.96" CONTENT="de"/><SP WIDTH="19" VPOS="715" HPOS="1578"/>
							<String ID="string_78" HPOS="1597" VPOS="727" WIDTH="51" HEIGHT="21" WC="0.96" CONTENT="om"/><SP WIDTH="19" VPOS="727" HPOS="1648"/>
							<String ID="string_79" HPOS="1667" VPOS="715" WIDTH="124" HEIGHT="39" WC="0.96" CONTENT="dragen"/>
						</TextLine>
						<TextLine ID="line_9" HPOS="289" VPOS="764" WIDTH="1504" HEIGHT="41">
							<String ID="string_80" HPOS="289" VPOS="764" WIDTH="98" HEIGHT="33" WC="0.96" CONTENT="växel"/><SP WIDTH="18" VPOS="764" HPOS="387"/>
							<String ID="string_81" HPOS="405" VPOS="765" WIDTH="104" HEIGHT="38" WC="0.96" CONTENT="givna"/><SP WIDTH="18" VPOS="765" HPOS="509"/>
							<String ID="string_82" HPOS="527" VPOS="765" WIDTH="257" HEIGHT="39" WC="0.96" CONTENT="bestämmelser,"/><SP WIDTH="18" VPOS="765" HPOS="784"/>
							<String ID="string_83" HPOS="802" VPOS="766" WIDTH="12" HEIGHT="32" WC="0.96" CONTENT="i"/><SP WIDTH="18" VPOS="766" HPOS="814"/>
							<String ID="string_84" HPOS="832" VPOS="766" WIDTH="66" HEIGHT="32" WC="0.96" CONTENT="vad"/><SP WIDTH="19" VPOS="766" HPOS="898"/>
							<String ID="string_85" HPOS="917" VPOS="766" WIDTH="40" HEIGHT="33" WC="0.97" CONTENT="de"/><SP WIDTH="18" VPOS="766" HPOS="957"/>
							<String ID="string_86" HPOS="975" VPOS="766" WIDTH="73" HEIGHT="33" WC="0.96" CONTENT="icke"/><SP WIDTH="20" VPOS="766" HPOS="1048"/>
							<String ID="string_87" HPOS="1068" VPOS="766" WIDTH="107" HEIGHT="33" WC="0.96" CONTENT="strida"/><SP WIDTH="18" VPOS="766" HPOS="1175"/>
							<String ID="string_88" HPOS="1193" VPOS="770" WIDTH="68" HEIGHT="29" WC="0.96" CONTENT="mot"/><SP WIDTH="19" VPOS="770" HPOS="1261"/>
							<String ID="string_89" HPOS="1280" VPOS="766" WIDTH="62" HEIGHT="33" WC="0.96" CONTENT="den"/><SP WIDTH="19" VPOS="766" HPOS="1342"/>
							<String ID="string_90" HPOS="1361" VPOS="778" WIDTH="86" HEIGHT="27" WC="0.96" CONTENT="egna"/><SP WIDTH="18" VPOS="778" HPOS="1447"/>
							<String ID="string_91" HPOS="1465" VPOS="765" WIDTH="138" HEIGHT="33" WC="0.93" CONTENT="växelns"/><SP WIDTH="21" VPOS="765" HPOS="1603"/>
							<String ID="string_92" HPOS="1624" VPOS="765" WIDTH="169" HEIGHT="33" WC="0.96" CONTENT="särskilda"/>
						</TextLine>
						<TextLine ID="line_10" HPOS="289" VPOS="814" WIDTH="642" HEIGHT="40">
							<String ID="string_93" HPOS="289" VPOS="814" WIDTH="248" HEIGHT="40" WC="0.95" CONTENT="beskaffenhet,"/><SP WIDTH="21" VPOS="814" HPOS="537"/>
							<String ID="string_94" HPOS="558" VPOS="815" WIDTH="168" HEIGHT="39" WC="0.96" CONTENT="nämligen"/><SP WIDTH="21" VPOS="815" HPOS="726"/>
							<String ID="string_95" HPOS="747" VPOS="815" WIDTH="184" HEIGHT="39" WC="0.96" CONTENT="angående:"/>
						</TextLine>
					</TextBlock>
					<TextBlock ID="block_6" HPOS="333" VPOS="864" WIDTH="469" HEIGHT="41">
						<TextLine ID="line_11" HPOS="333" VPOS="864" WIDTH="469" HEIGHT="41">
							<String ID="string_96" HPOS="333" VPOS="865" WIDTH="197" HEIGHT="33" WC="0.93" CONTENT="överlåtelse"/><SP WIDTH="24" VPOS="865" HPOS="530"/>
							<String ID="string_97" HPOS="554" VPOS="864" WIDTH="147" HEIGHT="40" WC="0.64" CONTENT="(11—20"/><SP WIDTH="22" VPOS="864" HPOS="701"/>
							<String ID="string_98" HPOS="723" VPOS="865" WIDTH="79" HEIGHT="40" WC="0.59" CONTENT="88);"/>
						</TextLine>
					</TextBlock>
					<TextBlock ID="block_7" HPOS="334" VPOS="914" WIDTH="470" HEIGHT="42">
						<TextLine ID="line_12" HPOS="334" VPOS="914" WIDTH="470" HEIGHT="42">
							<String ID="string_99" HPOS="334" VPOS="915" WIDTH="193" HEIGHT="33" WC="0.91" CONTENT="förfallotid"/><SP WIDTH="26" VPOS="915" HPOS="527"/>
							<String ID="string_100" HPOS="553" VPOS="914" WIDTH="147" HEIGHT="41" WC="0.84" CONTENT="(33—37"/><SP WIDTH="25" VPOS="914" HPOS="700"/>
							<String ID="string_101" HPOS="725" VPOS="915" WIDTH="79" HEIGHT="41" WC="0.88" CONTENT="88);"/>
						</TextLine>
					</TextBlock>
					<TextBlock ID="block_8" HPOS="333" VPOS="964" WIDTH="443" HEIGHT="42">
						<TextLine ID="line_13" HPOS="333" VPOS="964" WIDTH="443" HEIGHT="42">
							<String ID="string_102" HPOS="333" VPOS="965" WIDTH="174" HEIGHT="39" WC="0.92" CONTENT="betalning"/><SP WIDTH="23" VPOS="965" HPOS="507"/>
							<String ID="string_103" HPOS="530" VPOS="964" WIDTH="146" HEIGHT="42" WC="0.64" CONTENT="(38—42"/><SP WIDTH="21" VPOS="964" HPOS="676"/>
							<String ID="string_104" HPOS="697" VPOS="965" WIDTH="79" HEIGHT="41" WC="0.93" CONTENT="88);"/>
						</TextLine>
					</TextBlock>
					<TextBlock ID="block_9" HPOS="333" VPOS="1016" WIDTH="1242" HEIGHT="43">
						<TextLine ID="line_14" HPOS="333" VPOS="1016" WIDTH="1242" HEIGHT="43">
							<String ID="string_105" HPOS="333" VPOS="1016" WIDTH="269" HEIGHT="39" WC="0.90" CONTENT="återgångskrav"/><SP WIDTH="17" VPOS="1016" HPOS="602"/>
							<String ID="string_106" HPOS="619" VPOS="1016" WIDTH="55" HEIGHT="33" WC="0.96" CONTENT="för"/><SP WIDTH="16" VPOS="1016" HPOS="674"/>
							<String ID="string_107" HPOS="690" VPOS="1017" WIDTH="170" HEIGHT="33" WC="0.95" CONTENT="bristande"/><SP WIDTH="18" VPOS="1017" HPOS="860"/>
							<String ID="string_108" HPOS="878" VPOS="1018" WIDTH="173" HEIGHT="39" WC="0.93" CONTENT="betalning"/><SP WIDTH="22" VPOS="1018" HPOS="1051"/>
							<String ID="string_109" HPOS="1073" VPOS="1017" WIDTH="147" HEIGHT="41" WC="0.90" CONTENT="(43—50"/><SP WIDTH="20" VPOS="1017" HPOS="1220"/>
							<String ID="string_110" HPOS="1240" VPOS="1022" WIDTH="86" HEIGHT="29" WC="0.93" CONTENT="samt"/><SP WIDTH="20" VPOS="1022" HPOS="1326"/>
							<String ID="string_111" HPOS="1346" VPOS="1020" WIDTH="131" HEIGHT="32" WC="0.67" CONTENT="52—54"/><SP WIDTH="20" VPOS="1020" HPOS="1477"/>
							<String ID="string_112" HPOS="1497" VPOS="1017" WIDTH="78" HEIGHT="42" WC="0.79" CONTENT="88);"/>
						</TextLine>
					</TextBlock>
					<TextBlock ID="block_10" HPOS="333" VPOS="1066" WIDTH="916" HEIGHT="44">
						<TextLine ID="line_15" HPOS="333" VPOS="1066" WIDTH="916" HEIGHT="44">
							<String ID="string_113" HPOS="333" VPOS="1066" WIDTH="175" HEIGHT="40" WC="0.96" CONTENT="betalning"/><SP WIDTH="17" VPOS="1066" HPOS="508"/>
							<String ID="string_114" HPOS="525" VPOS="1067" WIDTH="76" HEIGHT="33" WC="0.96" CONTENT="från"/><SP WIDTH="17" VPOS="1067" HPOS="601"/>
							<String ID="string_115" HPOS="618" VPOS="1068" WIDTH="106" HEIGHT="39" WC="0.96" CONTENT="tredje"/><SP WIDTH="17" VPOS="1068" HPOS="724"/>
							<String ID="string_116" HPOS="741" VPOS="1081" WIDTH="76" HEIGHT="20" WC="0.96" CONTENT="man"/><SP WIDTH="23" VPOS="1081" HPOS="817"/>
							<String ID="string_117" HPOS="840" VPOS="1067" WIDTH="58" HEIGHT="42" WC="0.96" CONTENT="(55"/><SP WIDTH="19" VPOS="1067" HPOS="898"/>
							<String ID="string_118" HPOS="917" VPOS="1074" WIDTH="88" HEIGHT="29" WC="0.93" CONTENT="samt"/><SP WIDTH="18" VPOS="1074" HPOS="1005"/>
							<String ID="string_119" HPOS="1023" VPOS="1071" WIDTH="129" HEIGHT="33" WC="0.89" CONTENT="59—63"/><SP WIDTH="19" VPOS="1071" HPOS="1152"/>
							<String ID="string_120" HPOS="1171" VPOS="1070" WIDTH="78" HEIGHT="40" WC="0.90" CONTENT="88);"/>
						</TextLine>
					</TextBlock>
					<TextBlock ID="block_11" HPOS="334" VPOS="1116" WIDTH="467" HEIGHT="42">
						<TextLine ID="line_16" HPOS="334" VPOS="1116" WIDTH="467" HEIGHT="42">
							<String ID="string_121" HPOS="334" VPOS="1117" WIDTH="152" HEIGHT="33" WC="0.96" CONTENT="avskrift"/><SP WIDTH="21" VPOS="1117" HPOS="486"/>
							<String ID="string_122" HPOS="507" VPOS="1116" WIDTH="57" HEIGHT="41" WC="0.95" CONTENT="(67"/><SP WIDTH="19" VPOS="1116" HPOS="564"/>
							<String ID="string_123" HPOS="583" VPOS="1118" WIDTH="60" HEIGHT="33" WC="0.96" CONTENT="och"/><SP WIDTH="19" VPOS="1118" HPOS="643"/>
							<String ID="string_124" HPOS="662" VPOS="1120" WIDTH="41" HEIGHT="32" WC="0.96" CONTENT="68"/><SP WIDTH="20" VPOS="1120" HPOS="703"/>
							<String ID="string_125" HPOS="723" VPOS="1118" WIDTH="78" HEIGHT="40" WC="0.90" CONTENT="$$);"/>
						</TextLine>
					</TextBlock>
					<TextBlock ID="block_12" HPOS="333" VPOS="1167" WIDTH="476" HEIGHT="42">
						<TextLine ID="line_17" HPOS="333" VPOS="1167" WIDTH="476" HEIGHT="42">
							<String ID="string_126" HPOS="333" VPOS="1167" WIDTH="185" HEIGHT="39" WC="0.96" CONTENT="ändringar"/><SP WIDTH="13" VPOS="1167" HPOS="518"/>
							<String ID="string_127" HPOS="531" VPOS="1168" WIDTH="12" HEIGHT="32" WC="0.79" CONTENT="i"/><SP WIDTH="14" VPOS="1168" HPOS="543"/>
							<String ID="string_128" HPOS="557" VPOS="1169" WIDTH="98" HEIGHT="32" WC="0.95" CONTENT="växel"/><SP WIDTH="20" VPOS="1169" HPOS="655"/>
							<String ID="string_129" HPOS="675" VPOS="1168" WIDTH="60" HEIGHT="41" WC="0.96" CONTENT="(69"/><SP WIDTH="18" VPOS="1168" HPOS="735"/>
							<String ID="string_130" HPOS="753" VPOS="1168" WIDTH="56" HEIGHT="41" WC="0.58" CONTENT="8);"/>
						</TextLine>
					</TextBlock>
					<TextBlock ID="block_13" HPOS="333" VPOS="1217" WIDTH="554" HEIGHT="43">
						<TextLine ID="line_18" HPOS="333" VPOS="1217" WIDTH="554" HEIGHT="43">
							<String ID="string_131" HPOS="333" VPOS="1217" WIDTH="228" HEIGHT="40" WC="0.90" CONTENT="preskription"/><SP WIDTH="24" VPOS="1217" HPOS="561"/>
							<String ID="string_132" HPOS="585" VPOS="1218" WIDTH="59" HEIGHT="40" WC="0.96" CONTENT="(70"/><SP WIDTH="21" VPOS="1218" HPOS="644"/>
							<String ID="string_133" HPOS="665" VPOS="1220" WIDTH="61" HEIGHT="32" WC="0.96" CONTENT="och"/><SP WIDTH="20" VPOS="1220" HPOS="726"/>
							<String ID="string_134" HPOS="746" VPOS="1222" WIDTH="39" HEIGHT="31" WC="0.95" CONTENT="71"/><SP WIDTH="23" VPOS="1222" HPOS="785"/>
							<String ID="string_135" HPOS="808" VPOS="1219" WIDTH="79" HEIGHT="41" WC="0.58" CONTENT="88);"/>
						</TextLine>
					</TextBlock>
					<TextBlock ID="block_14" HPOS="333" VPOS="1268" WIDTH="1330" HEIGHT="51">
						<TextLine ID="line_19" HPOS="333" VPOS="1268" WIDTH="1330" HEIGHT="51">
							<String ID="string_136" HPOS="333" VPOS="1268" WIDTH="197" HEIGHT="40" WC="0.95" CONTENT="helgdagar,"/><SP WIDTH="18" VPOS="1268" HPOS="530"/>
							<String ID="string_137" HPOS="548" VPOS="1269" WIDTH="187" HEIGHT="40" WC="0.95" CONTENT="beräkning"/><SP WIDTH="17" VPOS="1269" HPOS="735"/>
							<String ID="string_138" HPOS="752" VPOS="1283" WIDTH="42" HEIGHT="20" WC="0.96" CONTENT="av"/><SP WIDTH="17" VPOS="1283" HPOS="794"/>
							<String ID="string_139" HPOS="811" VPOS="1271" WIDTH="87" HEIGHT="33" WC="0.96" CONTENT="tider"/><SP WIDTH="18" VPOS="1271" HPOS="898"/>
							<String ID="string_140" HPOS="916" VPOS="1273" WIDTH="61" HEIGHT="32" WC="0.96" CONTENT="och"/><SP WIDTH="19" VPOS="1273" HPOS="977"/>
							<String ID="string_141" HPOS="996" VPOS="1273" WIDTH="122" HEIGHT="33" WC="0.96" CONTENT="förbud"/><SP WIDTH="19" VPOS="1273" HPOS="1118"/>
							<String ID="string_142" HPOS="1137" VPOS="1278" WIDTH="69" HEIGHT="29" WC="0.93" CONTENT="mot"/><SP WIDTH="17" VPOS="1278" HPOS="1206"/>
							<String ID="string_143" HPOS="1223" VPOS="1276" WIDTH="282" HEIGHT="41" WC="0.91" CONTENT="uppskovsdagar"/><SP WIDTH="23" VPOS="1276" HPOS="1505"/>
							<String ID="string_144" HPOS="1528" VPOS="1277" WIDTH="58" HEIGHT="41" WC="0.96" CONTENT="(72"/><SP WIDTH="21" VPOS="1277" HPOS="1586"/>
							<String ID="string_145" HPOS="1607" VPOS="1278" WIDTH="56" HEIGHT="41" WC="0.78" CONTENT="8);"/>
						</TextLine>
					</TextBlock>
					<TextBlock ID="block_15" HPOS="334" VPOS="1318" WIDTH="596" HEIGHT="43">
						<TextLine ID="line_20" HPOS="334" VPOS="1318" WIDTH="596" HEIGHT="43">
							<String ID="string_146" HPOS="334" VPOS="1318" WIDTH="208" HEIGHT="34" WC="0.95" CONTENT="förkommen"/><SP WIDTH="19" VPOS="1318" HPOS="542"/>
							<String ID="string_147" HPOS="561" VPOS="1320" WIDTH="98" HEIGHT="32" WC="0.93" CONTENT="växel"/><SP WIDTH="24" VPOS="1320" HPOS="659"/>
							<String ID="string_148" HPOS="683" VPOS="1319" WIDTH="60" HEIGHT="41" WC="0.92" CONTENT="(73"/><SP WIDTH="22" VPOS="1319" HPOS="743"/>
							<String ID="string_149" HPOS="765" VPOS="1320" WIDTH="56" HEIGHT="41" WC="0.85" CONTENT="$);"/><SP WIDTH="21" VPOS="1320" HPOS="821"/>
							<String ID="string_150" HPOS="842" VPOS="1325" WIDTH="88" HEIGHT="30" WC="0.96" CONTENT="samt"/>
						</TextLine>
					</TextBlock>
					<TextBlock ID="block_16" HPOS="289" VPOS="1369" WIDTH="1503" HEIGHT="94">
						<TextLine ID="line_21" HPOS="333" VPOS="1369" WIDTH="1459" HEIGHT="50">
							<String ID="string_151" HPOS="333" VPOS="1369" WIDTH="318" HEIGHT="34" WC="0.90" CONTENT="växelinnehavares"/><SP WIDTH="24" VPOS="1369" HPOS="651"/>
							<String ID="string_152" HPOS="675" VPOS="1374" WIDTH="69" HEIGHT="29" WC="0.96" CONTENT="rätt"/><SP WIDTH="22" VPOS="1374" HPOS="744"/>
							<String ID="string_153" HPOS="766" VPOS="1374" WIDTH="50" HEIGHT="30" WC="0.96" CONTENT="att"/><SP WIDTH="22" VPOS="1374" HPOS="816"/>
							<String ID="string_154" HPOS="838" VPOS="1372" WIDTH="88" HEIGHT="32" WC="0.93" CONTENT="efter"/><SP WIDTH="21" VPOS="1372" HPOS="926"/>
							<String ID="string_155" HPOS="947" VPOS="1373" WIDTH="136" HEIGHT="33" WC="0.92" CONTENT="inträdd"/><SP WIDTH="22" VPOS="1373" HPOS="1083"/>
							<String ID="string_156" HPOS="1105" VPOS="1374" WIDTH="227" HEIGHT="40" WC="0.92" CONTENT="preskription"/><SP WIDTH="23" VPOS="1374" HPOS="1332"/>
							<String ID="string_157" HPOS="1355" VPOS="1377" WIDTH="81" HEIGHT="32" WC="0.93" CONTENT="eller"/><SP WIDTH="21" VPOS="1377" HPOS="1436"/>
							<String ID="string_158" HPOS="1457" VPOS="1378" WIDTH="186" HEIGHT="34" WC="0.92" CONTENT="växelrätts"/><SP WIDTH="23" VPOS="1378" HPOS="1643"/>
							<String ID="string_159" HPOS="1666" VPOS="1380" WIDTH="126" HEIGHT="39" WC="0.90" CONTENT="upphö-"/>
						</TextLine>
						<TextLine ID="line_22" HPOS="289" VPOS="1418" WIDTH="820" HEIGHT="45">
							<String ID="string_160" HPOS="289" VPOS="1418" WIDTH="102" HEIGHT="33" WC="0.95" CONTENT="rande"/><SP WIDTH="20" VPOS="1418" HPOS="391"/>
							<String ID="string_161" HPOS="411" VPOS="1419" WIDTH="76" HEIGHT="33" WC="0.96" CONTENT="föra"/><SP WIDTH="18" VPOS="1419" HPOS="487"/>
							<String ID="string_162" HPOS="505" VPOS="1420" WIDTH="91" HEIGHT="33" WC="0.96" CONTENT="talan"/><SP WIDTH="20" VPOS="1420" HPOS="596"/>
							<String ID="string_163" HPOS="616" VPOS="1432" WIDTH="51" HEIGHT="21" WC="0.96" CONTENT="om"/><SP WIDTH="20" VPOS="1432" HPOS="667"/>
							<String ID="string_164" HPOS="687" VPOS="1421" WIDTH="158" HEIGHT="39" WC="0.96" CONTENT="obehörig"/><SP WIDTH="17" VPOS="1421" HPOS="845"/>
							<String ID="string_165" HPOS="862" VPOS="1423" WIDTH="93" HEIGHT="32" WC="0.96" CONTENT="vinst"/><SP WIDTH="22" VPOS="1423" HPOS="955"/>
							<String ID="string_166" HPOS="977" VPOS="1422" WIDTH="60" HEIGHT="40" WC="0.96" CONTENT="(74"/><SP WIDTH="20" VPOS="1422" HPOS="1037"/>
							<String ID="string_167" HPOS="1057" VPOS="1422" WIDTH="52" HEIGHT="41" WC="0.36" CONTENT="8)."/>
						</TextLine>
					</TextBlock>
					<TextBlock ID="block_17" HPOS="286" VPOS="1468" WIDTH="1508" HEIGHT="347">
						<TextLine ID="line_23" HPOS="333" VPOS="1468" WIDTH="1460" HEIGHT="45">
							<String ID="string_168" HPOS="333" VPOS="1468" WIDTH="180" HEIGHT="34" WC="0.91" CONTENT="Likaledes"/><SP WIDTH="18" VPOS="1468" HPOS="513"/>
							<String ID="string_169" HPOS="531" VPOS="1470" WIDTH="93" HEIGHT="33" WC="0.96" CONTENT="skola"/><SP WIDTH="16" VPOS="1470" HPOS="624"/>
							<String ID="string_170" HPOS="640" VPOS="1471" WIDTH="12" HEIGHT="32" WC="0.96" CONTENT="i"/><SP WIDTH="17" VPOS="1471" HPOS="652"/>
							<String ID="string_171" HPOS="669" VPOS="1471" WIDTH="102" HEIGHT="39" WC="0.96" CONTENT="fråga"/><SP WIDTH="16" VPOS="1471" HPOS="771"/>
							<String ID="string_172" HPOS="787" VPOS="1484" WIDTH="51" HEIGHT="20" WC="0.97" CONTENT="om"/><SP WIDTH="18" VPOS="1484" HPOS="838"/>
							<String ID="string_173" HPOS="856" VPOS="1484" WIDTH="81" HEIGHT="27" WC="0.96" CONTENT="egen"/><SP WIDTH="17" VPOS="1484" HPOS="937"/>
							<String ID="string_174" HPOS="954" VPOS="1474" WIDTH="98" HEIGHT="32" WC="0.93" CONTENT="växel"/><SP WIDTH="17" VPOS="1474" HPOS="1052"/>
							<String ID="string_175" HPOS="1069" VPOS="1474" WIDTH="101" HEIGHT="33" WC="0.92" CONTENT="lända"/><SP WIDTH="16" VPOS="1474" HPOS="1170"/>
							<String ID="string_176" HPOS="1186" VPOS="1475" WIDTH="55" HEIGHT="33" WC="0.93" CONTENT="till"/><SP WIDTH="16" VPOS="1475" HPOS="1241"/>
							<String ID="string_177" HPOS="1257" VPOS="1475" WIDTH="226" HEIGHT="35" WC="0.92" CONTENT="efterrättelse"/><SP WIDTH="17" VPOS="1475" HPOS="1483"/>
							<String ID="string_178" HPOS="1500" VPOS="1478" WIDTH="293" HEIGHT="35" WC="0.95" CONTENT="bestämmelserna"/>
						</TextLine>
						<TextLine ID="line_24" HPOS="289" VPOS="1519" WIDTH="1504" HEIGHT="46">
							<String ID="string_179" HPOS="289" VPOS="1519" WIDTH="171" HEIGHT="39" WC="0.96" CONTENT="angående"/><SP WIDTH="17" VPOS="1519" HPOS="460"/>
							<String ID="string_180" HPOS="477" VPOS="1520" WIDTH="123" HEIGHT="39" WC="0.96" CONTENT="dragen"/><SP WIDTH="16" VPOS="1520" HPOS="600"/>
							<String ID="string_181" HPOS="616" VPOS="1521" WIDTH="109" HEIGHT="40" WC="0.96" CONTENT="växel,"/><SP WIDTH="18" VPOS="1521" HPOS="725"/>
							<String ID="string_182" HPOS="743" VPOS="1534" WIDTH="67" HEIGHT="20" WC="0.96" CONTENT="som"/><SP WIDTH="17" VPOS="1534" HPOS="810"/>
							<String ID="string_183" HPOS="827" VPOS="1522" WIDTH="98" HEIGHT="39" WC="0.96" CONTENT="lyder"/><SP WIDTH="15" VPOS="1522" HPOS="925"/>
							<String ID="string_184" HPOS="940" VPOS="1524" WIDTH="44" HEIGHT="38" WC="0.96" CONTENT="på"/><SP WIDTH="16" VPOS="1524" HPOS="984"/>
							<String ID="string_185" HPOS="1000" VPOS="1523" WIDTH="171" HEIGHT="40" WC="0.96" CONTENT="betalning"/><SP WIDTH="16" VPOS="1523" HPOS="1171"/>
							<String ID="string_186" HPOS="1187" VPOS="1525" WIDTH="59" HEIGHT="33" WC="0.96" CONTENT="hos"/><SP WIDTH="18" VPOS="1525" HPOS="1246"/>
							<String ID="string_187" HPOS="1264" VPOS="1526" WIDTH="106" HEIGHT="39" WC="0.96" CONTENT="tredje"/><SP WIDTH="17" VPOS="1526" HPOS="1370"/>
							<String ID="string_188" HPOS="1387" VPOS="1539" WIDTH="76" HEIGHT="21" WC="0.95" CONTENT="man"/><SP WIDTH="18" VPOS="1539" HPOS="1463"/>
							<String ID="string_189" HPOS="1481" VPOS="1528" WIDTH="81" HEIGHT="33" WC="0.93" CONTENT="eller"/><SP WIDTH="16" VPOS="1528" HPOS="1562"/>
							<String ID="string_190" HPOS="1578" VPOS="1529" WIDTH="19" HEIGHT="32" WC="0.93" CONTENT="å"/><SP WIDTH="17" VPOS="1529" HPOS="1597"/>
							<String ID="string_191" HPOS="1614" VPOS="1541" WIDTH="109" HEIGHT="22" WC="0.96" CONTENT="annan"/><SP WIDTH="18" VPOS="1541" HPOS="1723"/>
							<String ID="string_192" HPOS="1741" VPOS="1534" WIDTH="52" HEIGHT="29" WC="0.96" CONTENT="ort"/>
						</TextLine>
						<TextLine ID="line_25" HPOS="290" VPOS="1569" WIDTH="1504" HEIGHT="50">
							<String ID="string_193" HPOS="290" VPOS="1572" WIDTH="41" HEIGHT="28" WC="0.93" CONTENT="än"/><SP WIDTH="27" VPOS="1572" HPOS="331"/>
							<String ID="string_194" HPOS="358" VPOS="1569" WIDTH="288" HEIGHT="34" WC="0.92" CONTENT="växelbetalarens"/><SP WIDTH="28" VPOS="1569" HPOS="646"/>
							<String ID="string_195" HPOS="674" VPOS="1571" WIDTH="196" HEIGHT="39" WC="0.92" CONTENT="boningsort"/><SP WIDTH="31" VPOS="1571" HPOS="870"/>
							<String ID="string_196" HPOS="901" VPOS="1571" WIDTH="38" HEIGHT="41" WC="0.96" CONTENT="(4"/><SP WIDTH="28" VPOS="1571" HPOS="939"/>
							<String ID="string_197" HPOS="967" VPOS="1575" WIDTH="60" HEIGHT="32" WC="0.96" CONTENT="och"/><SP WIDTH="28" VPOS="1575" HPOS="1027"/>
							<String ID="string_198" HPOS="1055" VPOS="1575" WIDTH="40" HEIGHT="32" WC="0.96" CONTENT="27"/><SP WIDTH="31" VPOS="1575" HPOS="1095"/>
							<String ID="string_199" HPOS="1126" VPOS="1574" WIDTH="73" HEIGHT="40" WC="0.64" CONTENT="$$),"/><SP WIDTH="29" VPOS="1574" HPOS="1199"/>
							<String ID="string_200" HPOS="1228" VPOS="1577" WIDTH="170" HEIGHT="37" WC="0.96" CONTENT="angående"/><SP WIDTH="28" VPOS="1577" HPOS="1398"/>
							<String ID="string_201" HPOS="1426" VPOS="1582" WIDTH="96" HEIGHT="29" WC="0.96" CONTENT="ränta"/><SP WIDTH="32" VPOS="1582" HPOS="1522"/>
							<String ID="string_202" HPOS="1554" VPOS="1577" WIDTH="36" HEIGHT="42" WC="0.96" CONTENT="(5"/><SP WIDTH="31" VPOS="1577" HPOS="1590"/>
							<String ID="string_203" HPOS="1621" VPOS="1578" WIDTH="51" HEIGHT="41" WC="0.83" CONTENT="8),"/><SP WIDTH="29" VPOS="1578" HPOS="1672"/>
							<String ID="string_204" HPOS="1701" VPOS="1580" WIDTH="93" HEIGHT="39" WC="0.91" CONTENT="skilj-"/>
						</TextLine>
						<TextLine ID="line_26" HPOS="286" VPOS="1620" WIDTH="1505" HEIGHT="55">
							<String ID="string_205" HPOS="286" VPOS="1620" WIDTH="193" HEIGHT="38" WC="0.92" CONTENT="aktigheter"/><SP WIDTH="19" VPOS="1620" HPOS="479"/>
							<String ID="string_206" HPOS="498" VPOS="1621" WIDTH="13" HEIGHT="32" WC="0.96" CONTENT="i"/><SP WIDTH="20" VPOS="1621" HPOS="511"/>
							<String ID="string_207" HPOS="531" VPOS="1622" WIDTH="100" HEIGHT="38" WC="0.96" CONTENT="fråga"/><SP WIDTH="20" VPOS="1622" HPOS="631"/>
							<String ID="string_208" HPOS="651" VPOS="1634" WIDTH="51" HEIGHT="21" WC="0.93" CONTENT="om"/><SP WIDTH="22" VPOS="1634" HPOS="702"/>
							<String ID="string_209" HPOS="724" VPOS="1624" WIDTH="267" HEIGHT="35" WC="0.91" CONTENT="växelsummans"/><SP WIDTH="23" VPOS="1624" HPOS="991"/>
							<String ID="string_210" HPOS="1014" VPOS="1626" WIDTH="184" HEIGHT="38" WC="0.95" CONTENT="angivande"/><SP WIDTH="27" VPOS="1626" HPOS="1198"/>
							<String ID="string_211" HPOS="1225" VPOS="1625" WIDTH="37" HEIGHT="41" WC="0.96" CONTENT="(6"/><SP WIDTH="24" VPOS="1625" HPOS="1262"/>
							<String ID="string_212" HPOS="1286" VPOS="1626" WIDTH="51" HEIGHT="40" WC="0.73" CONTENT="8),"/><SP WIDTH="23" VPOS="1626" HPOS="1337"/>
							<String ID="string_213" HPOS="1360" VPOS="1628" WIDTH="125" HEIGHT="34" WC="0.96" CONTENT="verkan"/><SP WIDTH="23" VPOS="1628" HPOS="1485"/>
							<String ID="string_214" HPOS="1508" VPOS="1642" WIDTH="42" HEIGHT="20" WC="0.96" CONTENT="av"/><SP WIDTH="21" VPOS="1642" HPOS="1550"/>
							<String ID="string_215" HPOS="1571" VPOS="1626" WIDTH="220" HEIGHT="49" WC="0.82" CONTENT="underskrift,"/>
						</TextLine>
						<TextLine ID="line_27" HPOS="289" VPOS="1671" WIDTH="1505" HEIGHT="49">
							<String ID="string_216" HPOS="289" VPOS="1671" WIDTH="142" HEIGHT="33" WC="0.96" CONTENT="tecknad"/><SP WIDTH="23" VPOS="1671" HPOS="431"/>
							<String ID="string_217" HPOS="454" VPOS="1671" WIDTH="104" HEIGHT="34" WC="0.96" CONTENT="under"/><SP WIDTH="20" VPOS="1671" HPOS="558"/>
							<String ID="string_218" HPOS="578" VPOS="1674" WIDTH="294" HEIGHT="40" WC="0.96" CONTENT="omständigheter,"/><SP WIDTH="23" VPOS="1674" HPOS="872"/>
							<String ID="string_219" HPOS="895" VPOS="1687" WIDTH="69" HEIGHT="21" WC="0.96" CONTENT="som"/><SP WIDTH="23" VPOS="1687" HPOS="964"/>
							<String ID="string_220" HPOS="987" VPOS="1677" WIDTH="140" HEIGHT="38" WC="0.96" CONTENT="angivas"/><SP WIDTH="22" VPOS="1677" HPOS="1127"/>
							<String ID="string_221" HPOS="1149" VPOS="1677" WIDTH="12" HEIGHT="32" WC="0.96" CONTENT="i"/><SP WIDTH="23" VPOS="1677" HPOS="1161"/>
							<String ID="string_222" HPOS="1184" VPOS="1679" WIDTH="17" HEIGHT="31" WC="0.93" CONTENT="7"/><SP WIDTH="24" VPOS="1679" HPOS="1201"/>
							<String ID="string_223" HPOS="1225" VPOS="1677" WIDTH="30" HEIGHT="40" WC="0.72" CONTENT="$,"/><SP WIDTH="23" VPOS="1677" HPOS="1255"/>
							<String ID="string_224" HPOS="1278" VPOS="1679" WIDTH="81" HEIGHT="32" WC="0.95" CONTENT="eller"/><SP WIDTH="20" VPOS="1679" HPOS="1359"/>
							<String ID="string_225" HPOS="1379" VPOS="1692" WIDTH="44" HEIGHT="20" WC="0.96" CONTENT="av"/><SP WIDTH="21" VPOS="1692" HPOS="1423"/>
							<String ID="string_226" HPOS="1444" VPOS="1681" WIDTH="120" HEIGHT="39" WC="0.96" CONTENT="någon,"/><SP WIDTH="22" VPOS="1681" HPOS="1564"/>
							<String ID="string_227" HPOS="1586" VPOS="1693" WIDTH="69" HEIGHT="21" WC="0.95" CONTENT="som"/><SP WIDTH="22" VPOS="1693" HPOS="1655"/>
							<String ID="string_228" HPOS="1677" VPOS="1683" WIDTH="117" HEIGHT="34" WC="0.95" CONTENT="därvid"/>
						</TextLine>
						<TextLine ID="line_28" HPOS="288" VPOS="1721" WIDTH="1506" HEIGHT="51">
							<String ID="string_229" HPOS="288" VPOS="1721" WIDTH="141" HEIGHT="34" WC="0.96" CONTENT="handlat"/><SP WIDTH="17" VPOS="1721" HPOS="429"/>
							<String ID="string_230" HPOS="446" VPOS="1725" WIDTH="80" HEIGHT="30" WC="0.96" CONTENT="utan"/><SP WIDTH="19" VPOS="1725" HPOS="526"/>
							<String ID="string_231" HPOS="545" VPOS="1723" WIDTH="195" HEIGHT="39" WC="0.96" CONTENT="behörighet"/><SP WIDTH="18" VPOS="1723" HPOS="740"/>
							<String ID="string_232" HPOS="758" VPOS="1725" WIDTH="80" HEIGHT="32" WC="0.96" CONTENT="eller"/><SP WIDTH="18" VPOS="1725" HPOS="838"/>
							<String ID="string_233" HPOS="856" VPOS="1726" WIDTH="204" HEIGHT="34" WC="0.96" CONTENT="överskridit"/><SP WIDTH="17" VPOS="1726" HPOS="1060"/>
							<String ID="string_234" HPOS="1077" VPOS="1728" WIDTH="50" HEIGHT="32" WC="0.96" CONTENT="sin"/><SP WIDTH="19" VPOS="1728" HPOS="1127"/>
							<String ID="string_235" HPOS="1146" VPOS="1728" WIDTH="195" HEIGHT="40" WC="0.96" CONTENT="behörighet"/><SP WIDTH="23" VPOS="1728" HPOS="1341"/>
							<String ID="string_236" HPOS="1364" VPOS="1728" WIDTH="38" HEIGHT="41" WC="0.93" CONTENT="(8"/><SP WIDTH="20" VPOS="1728" HPOS="1402"/>
							<String ID="string_237" HPOS="1422" VPOS="1729" WIDTH="52" HEIGHT="41" WC="0.91" CONTENT="$),"/><SP WIDTH="19" VPOS="1729" HPOS="1474"/>
							<String ID="string_238" HPOS="1493" VPOS="1736" WIDTH="88" HEIGHT="29" WC="0.96" CONTENT="samt"/><SP WIDTH="17" VPOS="1736" HPOS="1581"/>
							<String ID="string_239" HPOS="1598" VPOS="1733" WIDTH="108" HEIGHT="39" WC="0.96" CONTENT="växel,"/><SP WIDTH="19" VPOS="1733" HPOS="1706"/>
							<String ID="string_240" HPOS="1725" VPOS="1745" WIDTH="69" HEIGHT="22" WC="0.96" CONTENT="som"/>
						</TextLine>
						<TextLine ID="line_29" HPOS="289" VPOS="1771" WIDTH="709" HEIGHT="44">
							<String ID="string_241" HPOS="289" VPOS="1771" WIDTH="144" HEIGHT="39" WC="0.96" CONTENT="utgivits"/><SP WIDTH="21" VPOS="1771" HPOS="433"/>
							<String ID="string_242" HPOS="454" VPOS="1772" WIDTH="11" HEIGHT="32" WC="0.96" CONTENT="i"/><SP WIDTH="20" VPOS="1772" HPOS="465"/>
							<String ID="string_243" HPOS="485" VPOS="1772" WIDTH="241" HEIGHT="41" WC="0.96" CONTENT="ofullständigt"/><SP WIDTH="19" VPOS="1772" HPOS="726"/>
							<String ID="string_244" HPOS="745" VPOS="1774" WIDTH="95" HEIGHT="33" WC="0.96" CONTENT="skick"/><SP WIDTH="24" VPOS="1774" HPOS="840"/>
							<String ID="string_245" HPOS="864" VPOS="1773" WIDTH="60" HEIGHT="41" WC="0.96" CONTENT="(10"/><SP WIDTH="22" VPOS="1773" HPOS="924"/>
							<String ID="string_246" HPOS="946" VPOS="1774" WIDTH="52" HEIGHT="41" WC="0.92" CONTENT="8)."/>
						</TextLine>
					</TextBlock>
					<TextBlock ID="block_18" HPOS="288" VPOS="1822" WIDTH="1505" HEIGHT="189">
						<TextLine ID="line_30" HPOS="334" VPOS="1822" WIDTH="1458" HEIGHT="47">
							<String ID="string_247" HPOS="334" VPOS="1822" WIDTH="209" HEIGHT="40" WC="0.95" CONTENT="Ytterligare"/><SP WIDTH="18" VPOS="1822" HPOS="543"/>
							<String ID="string_248" HPOS="561" VPOS="1823" WIDTH="94" HEIGHT="34" WC="0.91" CONTENT="skola"/><SP WIDTH="16" VPOS="1823" HPOS="655"/>
							<String ID="string_249" HPOS="671" VPOS="1824" WIDTH="20" HEIGHT="32" WC="0.91" CONTENT="å"/><SP WIDTH="18" VPOS="1824" HPOS="691"/>
							<String ID="string_250" HPOS="709" VPOS="1836" WIDTH="81" HEIGHT="27" WC="0.96" CONTENT="egen"/><SP WIDTH="17" VPOS="1836" HPOS="790"/>
							<String ID="string_251" HPOS="807" VPOS="1825" WIDTH="98" HEIGHT="32" WC="0.96" CONTENT="växel"/><SP WIDTH="17" VPOS="1825" HPOS="905"/>
							<String ID="string_252" HPOS="922" VPOS="1825" WIDTH="172" HEIGHT="40" WC="0.96" CONTENT="tillämpas"/><SP WIDTH="19" VPOS="1825" HPOS="1094"/>
							<String ID="string_253" HPOS="1113" VPOS="1827" WIDTH="39" HEIGHT="33" WC="0.96" CONTENT="de"/><SP WIDTH="18" VPOS="1827" HPOS="1152"/>
							<String ID="string_254" HPOS="1170" VPOS="1827" WIDTH="12" HEIGHT="33" WC="0.92" CONTENT="i"/><SP WIDTH="18" VPOS="1827" HPOS="1182"/>
							<String ID="string_255" HPOS="1200" VPOS="1828" WIDTH="129" HEIGHT="33" WC="0.73" CONTENT="30—32"/><SP WIDTH="20" VPOS="1828" HPOS="1329"/>
							<String ID="string_256" HPOS="1349" VPOS="1828" WIDTH="42" HEIGHT="41" WC="0.76" CONTENT="88"/><SP WIDTH="19" VPOS="1828" HPOS="1391"/>
							<String ID="string_257" HPOS="1410" VPOS="1830" WIDTH="103" HEIGHT="39" WC="0.93" CONTENT="givna"/><SP WIDTH="18" VPOS="1830" HPOS="1513"/>
							<String ID="string_258" HPOS="1531" VPOS="1831" WIDTH="261" HEIGHT="34" WC="0.92" CONTENT="bestämmelser-"/>
						</TextLine>
						<TextLine ID="line_31" HPOS="289" VPOS="1873" WIDTH="1503" HEIGHT="48">
							<String ID="string_259" HPOS="289" VPOS="1884" WIDTH="42" HEIGHT="20" WC="0.95" CONTENT="na"/><SP WIDTH="17" VPOS="1884" HPOS="331"/>
							<String ID="string_260" HPOS="348" VPOS="1884" WIDTH="52" HEIGHT="21" WC="0.93" CONTENT="om"/><SP WIDTH="17" VPOS="1884" HPOS="400"/>
							<String ID="string_261" HPOS="417" VPOS="1873" WIDTH="233" HEIGHT="39" WC="0.87" CONTENT="växelborgen."/><SP WIDTH="39" VPOS="1873" HPOS="650"/>
							<String ID="string_262" HPOS="689" VPOS="1874" WIDTH="134" HEIGHT="41" WC="0.85" CONTENT="Därest,"/><SP WIDTH="16" VPOS="1874" HPOS="823"/>
							<String ID="string_263" HPOS="839" VPOS="1875" WIDTH="13" HEIGHT="33" WC="0.96" CONTENT="i"/><SP WIDTH="16" VPOS="1875" HPOS="852"/>
							<String ID="string_264" HPOS="868" VPOS="1875" WIDTH="65" HEIGHT="33" WC="0.96" CONTENT="fall"/><SP WIDTH="17" VPOS="1875" HPOS="933"/>
							<String ID="string_265" HPOS="950" VPOS="1888" WIDTH="69" HEIGHT="21" WC="0.96" CONTENT="som"/><SP WIDTH="18" VPOS="1888" HPOS="1019"/>
							<String ID="string_266" HPOS="1037" VPOS="1889" WIDTH="95" HEIGHT="22" WC="0.96" CONTENT="avses"/><SP WIDTH="17" VPOS="1889" HPOS="1132"/>
							<String ID="string_267" HPOS="1149" VPOS="1878" WIDTH="13" HEIGHT="32" WC="0.96" CONTENT="i"/><SP WIDTH="17" VPOS="1878" HPOS="1162"/>
							<String ID="string_268" HPOS="1179" VPOS="1878" WIDTH="84" HEIGHT="33" WC="0.96" CONTENT="sista"/><SP WIDTH="17" VPOS="1878" HPOS="1263"/>
							<String ID="string_269" HPOS="1280" VPOS="1879" WIDTH="134" HEIGHT="39" WC="0.96" CONTENT="stycket"/><SP WIDTH="16" VPOS="1879" HPOS="1414"/>
							<String ID="string_270" HPOS="1430" VPOS="1893" WIDTH="43" HEIGHT="20" WC="0.96" CONTENT="av"/><SP WIDTH="17" VPOS="1893" HPOS="1473"/>
							<String ID="string_271" HPOS="1490" VPOS="1882" WIDTH="40" HEIGHT="32" WC="0.93" CONTENT="31"/><SP WIDTH="21" VPOS="1882" HPOS="1530"/>
							<String ID="string_272" HPOS="1551" VPOS="1881" WIDTH="28" HEIGHT="40" WC="0.89" CONTENT="$,"/><SP WIDTH="20" VPOS="1881" HPOS="1579"/>
							<String ID="string_273" HPOS="1599" VPOS="1882" WIDTH="104" HEIGHT="33" WC="0.93" CONTENT="sådan"/><SP WIDTH="17" VPOS="1882" HPOS="1703"/>
							<String ID="string_274" HPOS="1720" VPOS="1883" WIDTH="72" HEIGHT="33" WC="0.92" CONTENT="bor-"/>
						</TextLine>
						<TextLine ID="line_32" HPOS="288" VPOS="1923" WIDTH="1505" HEIGHT="49">
							<String ID="string_275" HPOS="288" VPOS="1935" WIDTH="63" HEIGHT="27" WC="0.96" CONTENT="gen"/><SP WIDTH="18" VPOS="1935" HPOS="351"/>
							<String ID="string_276" HPOS="369" VPOS="1923" WIDTH="76" HEIGHT="34" WC="0.92" CONTENT="icke"/><SP WIDTH="18" VPOS="1923" HPOS="445"/>
							<String ID="string_277" HPOS="463" VPOS="1925" WIDTH="181" HEIGHT="38" WC="0.96" CONTENT="utmärker,"/><SP WIDTH="21" VPOS="1925" HPOS="644"/>
							<String ID="string_278" HPOS="665" VPOS="1926" WIDTH="55" HEIGHT="32" WC="0.96" CONTENT="för"/><SP WIDTH="17" VPOS="1926" HPOS="720"/>
							<String ID="string_279" HPOS="737" VPOS="1938" WIDTH="73" HEIGHT="21" WC="0.96" CONTENT="vem"/><SP WIDTH="20" VPOS="1938" HPOS="810"/>
							<String ID="string_280" HPOS="830" VPOS="1927" WIDTH="60" HEIGHT="33" WC="0.96" CONTENT="den"/><SP WIDTH="21" VPOS="1927" HPOS="890"/>
							<String ID="string_281" HPOS="911" VPOS="1933" WIDTH="38" HEIGHT="27" WC="0.96" CONTENT="är"/><SP WIDTH="18" VPOS="1933" HPOS="949"/>
							<String ID="string_282" HPOS="967" VPOS="1928" WIDTH="178" HEIGHT="40" WC="0.96" CONTENT="ingången,"/><SP WIDTH="21" VPOS="1928" HPOS="1145"/>
							<String ID="string_283" HPOS="1166" VPOS="1929" WIDTH="88" HEIGHT="33" WC="0.96" CONTENT="skall"/><SP WIDTH="20" VPOS="1929" HPOS="1254"/>
							<String ID="string_284" HPOS="1274" VPOS="1931" WIDTH="60" HEIGHT="32" WC="0.96" CONTENT="den"/><SP WIDTH="21" VPOS="1931" HPOS="1334"/>
							<String ID="string_285" HPOS="1355" VPOS="1943" WIDTH="96" HEIGHT="22" WC="0.96" CONTENT="anses"/><SP WIDTH="19" VPOS="1943" HPOS="1451"/>
							<String ID="string_286" HPOS="1470" VPOS="1932" WIDTH="167" HEIGHT="40" WC="0.95" CONTENT="ingången"/><SP WIDTH="22" VPOS="1932" HPOS="1637"/>
							<String ID="string_287" HPOS="1659" VPOS="1934" WIDTH="53" HEIGHT="32" WC="0.96" CONTENT="för"/><SP WIDTH="21" VPOS="1934" HPOS="1712"/>
							<String ID="string_288" HPOS="1733" VPOS="1934" WIDTH="60" HEIGHT="33" WC="0.96" CONTENT="den"/>
						</TextLine>
						<TextLine ID="line_33" HPOS="290" VPOS="1974" WIDTH="449" HEIGHT="37">
							<String ID="string_289" HPOS="290" VPOS="1985" WIDTH="85" HEIGHT="26" WC="0.96" CONTENT="egna"/><SP WIDTH="18" VPOS="1985" HPOS="375"/>
							<String ID="string_290" HPOS="393" VPOS="1974" WIDTH="138" HEIGHT="33" WC="0.96" CONTENT="växelns"/><SP WIDTH="19" VPOS="1974" HPOS="531"/>
							<String ID="string_291" HPOS="550" VPOS="1975" WIDTH="189" HEIGHT="34" WC="0.95" CONTENT="utställare."/>
						</TextLine>
					</TextBlock>
				</ComposedBlock>
				<ComposedBlock ID="cblock_4" HPOS="993" VPOS="2094" WIDTH="92" HEIGHT="40">
					<TextBlock ID="block_19" HPOS="993" VPOS="2094" WIDTH="92" HEIGHT="40">
						<TextLine ID="line_34" HPOS="993" VPOS="2094" WIDTH="92" HEIGHT="40">
							<String ID="string_292" HPOS="993" VPOS="2096" WIDTH="41" HEIGHT="32" WC="0.89" CONTENT="78"/><SP WIDTH="21" VPOS="2096" HPOS="1034"/>
							<String ID="string_293" HPOS="1055" VPOS="2094" WIDTH="30" HEIGHT="40" WC="0.70" CONTENT="8."/>
						</TextLine>
					</TextBlock>
				</ComposedBlock>
				<ComposedBlock ID="cblock_5" HPOS="289" VPOS="2165" WIDTH="1505" HEIGHT="348">
					<TextBlock ID="block_20" HPOS="334" VPOS="2165" WIDTH="1458" HEIGHT="54">
						<TextLine ID="line_35" HPOS="334" VPOS="2165" WIDTH="1458" HEIGHT="54">
							<String ID="string_294" HPOS="334" VPOS="2165" WIDTH="187" HEIGHT="34" WC="0.96" CONTENT="Utställare"/><SP WIDTH="16" VPOS="2165" HPOS="521"/>
							<String ID="string_295" HPOS="537" VPOS="2179" WIDTH="41" HEIGHT="21" WC="0.96" CONTENT="av"/><SP WIDTH="14" VPOS="2179" HPOS="578"/>
							<String ID="string_296" HPOS="592" VPOS="2178" WIDTH="82" HEIGHT="28" WC="0.96" CONTENT="egen"/><SP WIDTH="15" VPOS="2178" HPOS="674"/>
							<String ID="string_297" HPOS="689" VPOS="2168" WIDTH="98" HEIGHT="32" WC="0.93" CONTENT="växel"/><SP WIDTH="16" VPOS="2168" HPOS="787"/>
							<String ID="string_298" HPOS="803" VPOS="2180" WIDTH="96" HEIGHT="21" WC="0.92" CONTENT="svare"/><SP WIDTH="16" VPOS="2180" HPOS="899"/>
							<String ID="string_299" HPOS="915" VPOS="2170" WIDTH="44" HEIGHT="38" WC="0.96" CONTENT="på"/><SP WIDTH="17" VPOS="2170" HPOS="959"/>
							<String ID="string_300" HPOS="976" VPOS="2173" WIDTH="69" HEIGHT="30" WC="0.96" CONTENT="sätt"/><SP WIDTH="15" VPOS="2173" HPOS="1045"/>
							<String ID="string_301" HPOS="1060" VPOS="2182" WIDTH="51" HEIGHT="21" WC="0.93" CONTENT="om"/><SP WIDTH="17" VPOS="2182" HPOS="1111"/>
							<String ID="string_302" HPOS="1128" VPOS="2171" WIDTH="213" HEIGHT="39" WC="0.92" CONTENT="godkännare"/><SP WIDTH="17" VPOS="2171" HPOS="1341"/>
							<String ID="string_303" HPOS="1358" VPOS="2185" WIDTH="43" HEIGHT="21" WC="0.96" CONTENT="av"/><SP WIDTH="17" VPOS="2185" HPOS="1401"/>
							<String ID="string_304" HPOS="1418" VPOS="2173" WIDTH="125" HEIGHT="40" WC="0.96" CONTENT="dragen"/><SP WIDTH="16" VPOS="2173" HPOS="1543"/>
							<String ID="string_305" HPOS="1559" VPOS="2176" WIDTH="99" HEIGHT="33" WC="0.96" CONTENT="växel"/><SP WIDTH="16" VPOS="2176" HPOS="1658"/>
							<String ID="string_306" HPOS="1674" VPOS="2172" WIDTH="118" HEIGHT="47" WC="0.96" CONTENT="gäller."/>
						</TextLine>
					</TextBlock>
					<TextBlock ID="block_21" HPOS="289" VPOS="2216" WIDTH="1505" HEIGHT="297">
						<TextLine ID="line_36" HPOS="333" VPOS="2216" WIDTH="1458" HEIGHT="48">
							<String ID="string_307" HPOS="333" VPOS="2216" WIDTH="116" HEIGHT="39" WC="0.96" CONTENT="Lyder"/><SP WIDTH="21" VPOS="2216" HPOS="449"/>
							<String ID="string_308" HPOS="470" VPOS="2228" WIDTH="80" HEIGHT="28" WC="0.96" CONTENT="egen"/><SP WIDTH="20" VPOS="2228" HPOS="550"/>
							<String ID="string_309" HPOS="570" VPOS="2218" WIDTH="99" HEIGHT="32" WC="0.93" CONTENT="växel"/><SP WIDTH="21" VPOS="2218" HPOS="669"/>
							<String ID="string_310" HPOS="690" VPOS="2218" WIDTH="21" HEIGHT="32" WC="0.76" CONTENT="&amp;"/><SP WIDTH="20" VPOS="2218" HPOS="711"/>
							<String ID="string_311" HPOS="731" VPOS="2218" WIDTH="173" HEIGHT="40" WC="0.96" CONTENT="betalning"/><SP WIDTH="21" VPOS="2218" HPOS="904"/>
							<String ID="string_312" HPOS="925" VPOS="2219" WIDTH="72" HEIGHT="34" WC="0.96" CONTENT="viss"/><SP WIDTH="21" VPOS="2219" HPOS="997"/>
							<String ID="string_313" HPOS="1018" VPOS="2220" WIDTH="50" HEIGHT="33" WC="0.96" CONTENT="tid"/><SP WIDTH="21" VPOS="2220" HPOS="1068"/>
							<String ID="string_314" HPOS="1089" VPOS="2221" WIDTH="87" HEIGHT="33" WC="0.93" CONTENT="efter"/><SP WIDTH="20" VPOS="2221" HPOS="1176"/>
							<String ID="string_315" HPOS="1196" VPOS="2222" WIDTH="235" HEIGHT="42" WC="0.90" CONTENT="uppvisandet,"/><SP WIDTH="22" VPOS="2222" HPOS="1431"/>
							<String ID="string_316" HPOS="1453" VPOS="2225" WIDTH="103" HEIGHT="33" WC="0.96" CONTENT="varde"/><SP WIDTH="23" VPOS="2225" HPOS="1556"/>
							<String ID="string_317" HPOS="1579" VPOS="2225" WIDTH="61" HEIGHT="34" WC="0.96" CONTENT="den"/><SP WIDTH="25" VPOS="2225" HPOS="1640"/>
							<String ID="string_318" HPOS="1665" VPOS="2226" WIDTH="55" HEIGHT="33" WC="0.93" CONTENT="för"/><SP WIDTH="20" VPOS="2226" HPOS="1720"/>
							<String ID="string_319" HPOS="1740" VPOS="2230" WIDTH="51" HEIGHT="29" WC="0.93" CONTENT="ut-"/>
						</TextLine>
						<TextLine ID="line_37" HPOS="289" VPOS="2267" WIDTH="1505" HEIGHT="50">
							<String ID="string_320" HPOS="289" VPOS="2267" WIDTH="160" HEIGHT="34" WC="0.92" CONTENT="ställaren"/><SP WIDTH="17" VPOS="2267" HPOS="449"/>
							<String ID="string_321" HPOS="466" VPOS="2268" WIDTH="167" HEIGHT="39" WC="0.91" CONTENT="uppvisad"/><SP WIDTH="18" VPOS="2268" HPOS="633"/>
							<String ID="string_322" HPOS="651" VPOS="2269" WIDTH="54" HEIGHT="33" WC="0.93" CONTENT="till"/><SP WIDTH="19" VPOS="2269" HPOS="705"/>
							<String ID="string_323" HPOS="724" VPOS="2270" WIDTH="204" HEIGHT="39" WC="0.92" CONTENT="påteckning"/><SP WIDTH="18" VPOS="2270" HPOS="928"/>
							<String ID="string_324" HPOS="946" VPOS="2283" WIDTH="51" HEIGHT="20" WC="0.93" CONTENT="om"/><SP WIDTH="19" VPOS="2283" HPOS="997"/>
							<String ID="string_325" HPOS="1016" VPOS="2272" WIDTH="224" HEIGHT="39" WC="0.91" CONTENT="uppvisandet"/><SP WIDTH="16" VPOS="2272" HPOS="1240"/>
							<String ID="string_326" HPOS="1256" VPOS="2274" WIDTH="88" HEIGHT="33" WC="0.96" CONTENT="inom"/><SP WIDTH="18" VPOS="2274" HPOS="1344"/>
							<String ID="string_327" HPOS="1362" VPOS="2275" WIDTH="61" HEIGHT="40" WC="0.96" CONTENT="tid,"/><SP WIDTH="18" VPOS="2275" HPOS="1423"/>
							<String ID="string_328" HPOS="1441" VPOS="2288" WIDTH="114" HEIGHT="21" WC="0.96" CONTENT="varom"/><SP WIDTH="18" VPOS="2288" HPOS="1555"/>
							<String ID="string_329" HPOS="1573" VPOS="2276" WIDTH="12" HEIGHT="32" WC="0.96" CONTENT="i"/><SP WIDTH="19" VPOS="2276" HPOS="1585"/>
							<String ID="string_330" HPOS="1604" VPOS="2277" WIDTH="41" HEIGHT="32" WC="0.96" CONTENT="23"/><SP WIDTH="20" VPOS="2277" HPOS="1645"/>
							<String ID="string_331" HPOS="1665" VPOS="2276" WIDTH="19" HEIGHT="40" WC="0.77" CONTENT="8"/><SP WIDTH="20" VPOS="2276" HPOS="1684"/>
							<String ID="string_332" HPOS="1704" VPOS="2282" WIDTH="90" HEIGHT="35" WC="0.95" CONTENT="sägs."/>
						</TextLine>
						<TextLine ID="line_38" HPOS="290" VPOS="2315" WIDTH="1502" HEIGHT="51">
							<String ID="string_333" HPOS="290" VPOS="2315" WIDTH="117" HEIGHT="34" WC="0.95" CONTENT="Såsom"/><SP WIDTH="24" VPOS="2315" HPOS="407"/>
							<String ID="string_334" HPOS="431" VPOS="2318" WIDTH="258" HEIGHT="39" WC="0.95" CONTENT="utgångspunkt"/><SP WIDTH="24" VPOS="2318" HPOS="689"/>
							<String ID="string_335" HPOS="713" VPOS="2319" WIDTH="54" HEIGHT="32" WC="0.96" CONTENT="för"/><SP WIDTH="22" VPOS="2319" HPOS="767"/>
							<String ID="string_336" HPOS="789" VPOS="2320" WIDTH="187" HEIGHT="40" WC="0.96" CONTENT="beräkning"/><SP WIDTH="23" VPOS="2320" HPOS="976"/>
							<String ID="string_337" HPOS="999" VPOS="2333" WIDTH="42" HEIGHT="20" WC="0.92" CONTENT="av"/><SP WIDTH="24" VPOS="2333" HPOS="1041"/>
							<String ID="string_338" HPOS="1065" VPOS="2321" WIDTH="233" HEIGHT="35" WC="0.91" CONTENT="förfallotiden"/><SP WIDTH="25" VPOS="2321" HPOS="1298"/>
							<String ID="string_339" HPOS="1323" VPOS="2323" WIDTH="89" HEIGHT="34" WC="0.96" CONTENT="skall"/><SP WIDTH="22" VPOS="2323" HPOS="1412"/>
							<String ID="string_340" HPOS="1434" VPOS="2325" WIDTH="95" HEIGHT="38" WC="0.95" CONTENT="gälla"/><SP WIDTH="24" VPOS="2325" HPOS="1529"/>
							<String ID="string_341" HPOS="1553" VPOS="2326" WIDTH="61" HEIGHT="32" WC="0.96" CONTENT="den"/><SP WIDTH="25" VPOS="2326" HPOS="1614"/>
							<String ID="string_342" HPOS="1639" VPOS="2327" WIDTH="67" HEIGHT="39" WC="0.96" CONTENT="dag"/><SP WIDTH="25" VPOS="2327" HPOS="1706"/>
							<String ID="string_343" HPOS="1731" VPOS="2327" WIDTH="61" HEIGHT="33" WC="0.96" CONTENT="den"/>
						</TextLine>
						<TextLine ID="line_39" HPOS="289" VPOS="2368" WIDTH="1502" HEIGHT="46">
							<String ID="string_344" HPOS="289" VPOS="2378" WIDTH="42" HEIGHT="21" WC="0.90" CONTENT="av"/><SP WIDTH="21" VPOS="2378" HPOS="331"/>
							<String ID="string_345" HPOS="352" VPOS="2368" WIDTH="201" HEIGHT="33" WC="0.90" CONTENT="utställaren"/><SP WIDTH="21" VPOS="2368" HPOS="553"/>
							<String ID="string_346" HPOS="574" VPOS="2368" WIDTH="245" HEIGHT="34" WC="0.93" CONTENT="underskrivna"/><SP WIDTH="21" VPOS="2368" HPOS="819"/>
							<String ID="string_347" HPOS="840" VPOS="2370" WIDTH="245" HEIGHT="40" WC="0.90" CONTENT="påteckningen"/><SP WIDTH="23" VPOS="2370" HPOS="1085"/>
							<String ID="string_348" HPOS="1108" VPOS="2377" WIDTH="38" HEIGHT="27" WC="0.96" CONTENT="är"/><SP WIDTH="22" VPOS="2377" HPOS="1146"/>
							<String ID="string_349" HPOS="1168" VPOS="2372" WIDTH="149" HEIGHT="34" WC="0.96" CONTENT="daterad."/><SP WIDTH="45" VPOS="2372" HPOS="1317"/>
							<String ID="string_350" HPOS="1362" VPOS="2374" WIDTH="135" HEIGHT="40" WC="0.91" CONTENT="Vägrar"/><SP WIDTH="21" VPOS="2374" HPOS="1497"/>
							<String ID="string_351" HPOS="1518" VPOS="2375" WIDTH="200" HEIGHT="35" WC="0.91" CONTENT="utställaren"/><SP WIDTH="23" VPOS="2375" HPOS="1718"/>
							<String ID="string_352" HPOS="1741" VPOS="2381" WIDTH="50" HEIGHT="29" WC="0.96" CONTENT="att"/>
						</TextLine>
						<TextLine ID="line_40" HPOS="289" VPOS="2417" WIDTH="1503" HEIGHT="49">
							<String ID="string_353" HPOS="289" VPOS="2417" WIDTH="112" HEIGHT="33" WC="0.96" CONTENT="lämna"/><SP WIDTH="23" VPOS="2417" HPOS="401"/>
							<String ID="string_354" HPOS="424" VPOS="2418" WIDTH="139" HEIGHT="33" WC="0.93" CONTENT="daterad"/><SP WIDTH="21" VPOS="2418" HPOS="563"/>
							<String ID="string_355" HPOS="584" VPOS="2419" WIDTH="215" HEIGHT="40" WC="0.92" CONTENT="påteckning,"/><SP WIDTH="21" VPOS="2419" HPOS="799"/>
							<String ID="string_356" HPOS="820" VPOS="2420" WIDTH="104" HEIGHT="33" WC="0.96" CONTENT="varde"/><SP WIDTH="22" VPOS="2420" HPOS="924"/>
							<String ID="string_357" HPOS="946" VPOS="2421" WIDTH="57" HEIGHT="33" WC="0.96" CONTENT="det"/><SP WIDTH="21" VPOS="2421" HPOS="1003"/>
							<String ID="string_358" HPOS="1024" VPOS="2421" WIDTH="115" HEIGHT="40" WC="0.96" CONTENT="styrkt"/><SP WIDTH="21" VPOS="2421" HPOS="1139"/>
							<String ID="string_359" HPOS="1160" VPOS="2434" WIDTH="116" HEIGHT="27" WC="0.96" CONTENT="genom"/><SP WIDTH="23" VPOS="2434" HPOS="1276"/>
							<String ID="string_360" HPOS="1299" VPOS="2427" WIDTH="129" HEIGHT="36" WC="0.96" CONTENT="protest"/><SP WIDTH="27" VPOS="2427" HPOS="1428"/>
							<String ID="string_361" HPOS="1455" VPOS="2424" WIDTH="59" HEIGHT="41" WC="0.96" CONTENT="(25"/><SP WIDTH="25" VPOS="2424" HPOS="1514"/>
							<String ID="string_362" HPOS="1539" VPOS="2424" WIDTH="57" HEIGHT="42" WC="0.93" CONTENT="8);"/><SP WIDTH="23" VPOS="2424" HPOS="1596"/>
							<String ID="string_363" HPOS="1619" VPOS="2427" WIDTH="61" HEIGHT="32" WC="0.96" CONTENT="och"/><SP WIDTH="24" VPOS="2427" HPOS="1680"/>
							<String ID="string_364" HPOS="1704" VPOS="2427" WIDTH="88" HEIGHT="33" WC="0.96" CONTENT="skall"/>
						</TextLine>
						<TextLine ID="line_41" HPOS="290" VPOS="2467" WIDTH="1437" HEIGHT="46">
							<String ID="string_365" HPOS="290" VPOS="2467" WIDTH="107" HEIGHT="39" WC="0.96" CONTENT="dagen"/><SP WIDTH="22" VPOS="2467" HPOS="397"/>
							<String ID="string_366" HPOS="419" VPOS="2468" WIDTH="55" HEIGHT="32" WC="0.97" CONTENT="för"/><SP WIDTH="20" VPOS="2468" HPOS="474"/>
							<String ID="string_367" HPOS="494" VPOS="2469" WIDTH="105" HEIGHT="33" WC="0.96" CONTENT="denna"/><SP WIDTH="20" VPOS="2469" HPOS="599"/>
							<String ID="string_368" HPOS="619" VPOS="2469" WIDTH="94" HEIGHT="39" WC="0.95" CONTENT="gälla"/><SP WIDTH="20" VPOS="2469" HPOS="713"/>
							<String ID="string_369" HPOS="733" VPOS="2470" WIDTH="107" HEIGHT="33" WC="0.96" CONTENT="såsom"/><SP WIDTH="20" VPOS="2470" HPOS="840"/>
							<String ID="string_370" HPOS="860" VPOS="2471" WIDTH="259" HEIGHT="40" WC="0.96" CONTENT="utgångspunkt"/><SP WIDTH="21" VPOS="2471" HPOS="1119"/>
							<String ID="string_371" HPOS="1140" VPOS="2473" WIDTH="55" HEIGHT="32" WC="0.96" CONTENT="för"/><SP WIDTH="18" VPOS="2473" HPOS="1195"/>
							<String ID="string_372" HPOS="1213" VPOS="2473" WIDTH="187" HEIGHT="40" WC="0.96" CONTENT="beräkning"/><SP WIDTH="20" VPOS="2473" HPOS="1400"/>
							<String ID="string_373" HPOS="1420" VPOS="2487" WIDTH="43" HEIGHT="21" WC="0.91" CONTENT="av"/><SP WIDTH="21" VPOS="2487" HPOS="1463"/>
							<String ID="string_374" HPOS="1484" VPOS="2476" WIDTH="243" HEIGHT="34" WC="0.91" CONTENT="förfallotiden."/>
						</TextLine>
					</TextBlock>
				</ComposedBlock>
			</PrintSpace>
		</Page>
	</Layout>
</alto>
