1892 2858
281 165 46 30 26
708 168 114 30 Första
841 169 221 34 lagutskottets
1079 170 162 31 utlåtande
1260 172 48 28 Nr
1327 175 46 25 10.

334 251 72 32 Där
424 252 19 32 å
461 252 253 39 originalväxel,
734 253 88 32 efter
840 253 194 34 överlåtelse
1054 266 68 21 som
1141 255 152 35 tecknats
1312 260 78 29 näst
1409 257 71 33 före
1499 258 206 35 avskriftens
1725 260 67 32 till-

288 300 121 40 komst,
433 302 160 38 anbragts
617 302 99 33 orden
741 304 221 33 »hädanefter
985 305 195 34 överlåtelse
1203 307 144 32 allenast
1369 308 21 32 å
1413 308 170 33 avskrift»
1608 310 80 32 eller
1711 314 81 29 mot-

290 353 162 32 svarande
471 353 148 39 uttryck,
639 366 78 21 vare
736 355 204 40 överlåtelse,
961 368 69 20 som
1051 356 147 34 därefter
1217 357 136 34 tecknas
1374 359 20 32 å
1414 359 275 40 originalväxeln,
1709 365 81 28 utan

285 402 139 33 verkan.

674 506 94 37 Kap.
791 506 43 31 X.
857 521 41 4 —
922 506 70 31 Om
1015 507 206 38 ändringar
1242 508 14 31 i
1278 509 123 31 växel.

933 589 137 34 Artikel
1086 592 53 31 69.

333 654 74 32 Har
428 654 143 39 ändring
593 654 89 34 skett
702 656 12 31 i
736 656 115 33 växels
872 659 80 37 text,
975 669 96 21 svare
1094 658 49 38 de,
1166 670 68 21 som
1258 659 87 33 efter
1368 660 182 39 ändringen
1574 661 134 34 tecknat
1731 662 59 33 sitt

288 715 99 21 namn
408 704 19 33 å
446 704 130 39 växeln,
596 705 135 38 jämlikt
752 706 61 33 den
835 706 145 33 ändrade
1001 711 122 29 texten.
1165 708 60 39 De,
1248 721 69 20 som
1340 709 93 34 förut
1453 710 136 34 tecknat
1610 712 60 33 sitt
1690 724 99 21 namn

286 754 21 31 å
323 754 130 39 växeln,
470 767 79 20 vare
566 755 180 39 ansvariga
762 756 137 38 jämlikt
916 757 61 33 den
995 758 241 39 ursprungliga
1253 763 123 29 texten.

647 890 92 38 Kap.
761 891 61 30 XI.
845 906 39 3 —
909 891 70 31 Om
1001 891 134 32 växels
1159 892 268 40 preskription.

931 975 137 33 Artikel
1086 977 51 32 70.

329 1038 249 33 Växelfordran
602 1043 68 29 mot
691 1040 215 38 godkännare
928 1053 79 21 vare
1029 1042 235 39 preskriberad
1287 1044 88 33 efter
1396 1048 51 30 tre
1470 1046 48 38 år,
1543 1046 145 33 räknade
1712 1048 77 31 från

284 1088 138 33 växelns
443 1089 219 39 förfallodag.

329 1139 161 40 Fordran,
509 1152 69 22 som
598 1140 202 34 tillkommer
817 1142 299 35 växelinnehavare
1136 1148 67 29 mot
1223 1145 185 33 överlåtare
1428 1146 60 33 och
1508 1147 187 40 utställare,
1714 1160 72 27 pre-

282 1188 169 35 skriberas
471 1194 48 28 ett
538 1191 37 32 år
595 1191 77 32 från
692 1191 55 33 det
765 1195 128 35 protest
911 1193 88 32 inom
1019 1197 69 29 rätt
1107 1193 50 34 tid
1177 1195 175 38 upptagits
1372 1196 90 40 eller,
1481 1197 64 32 där
1565 1197 165 33 förbehåll
1751 1203 38 28 är

283 1239 91 38 gjort
393 1252 50 20 om
463 1241 163 39 återgång
644 1245 82 30 utan
744 1246 139 37 protest,
902 1243 76 33 från
998 1244 261 39 förfallodagen.

329 1287 346 44 Återgångsfordran,
704 1304 69 21 som
801 1293 204 34 tillkommer
1032 1306 38 21 en
1099 1295 186 34 överlåtare
1311 1301 71 28 mot
1407 1309 40 21 en
1475 1310 109 21 annan
1612 1298 80 34 eller
1719 1304 70 29 mot

283 1341 210 40 utställaren,
514 1342 230 39 preskriberas
766 1356 57 21 sex
843 1345 157 33 månader
1021 1345 76 33 från
1120 1346 61 33 den
1203 1347 76 38 dag,
1303 1348 42 32 då
1367 1348 61 33 den
1450 1349 228 34 förstnämnde
1700 1351 87 38 själv

281 1390 121 33 inlöste
425 1392 121 32 växeln
569 1393 81 32 eller
673 1393 94 33 talan
790 1398 70 29 mot
883 1395 117 32 honom
1025 1396 318 39 anhängiggjordes.

928 1487 137 35 Artikel
1081 1490 53 31 71.

327 1550 232 40 Preskription
577 1551 157 40 avbrytes
751 1553 75 33 icke
842 1554 12 31 i
873 1553 210 34 förhållande
1100 1555 55 32 till
1172 1567 109 21 annan
1300 1561 42 27 än
1361 1557 71 39 den,
1451 1561 68 29 mot
1536 1558 112 33 vilken
1666 1560 121 38 åtgärd

281 1600 56 33 för
352 1601 284 39 preskriptionens
653 1602 209 40 avbrytande
877 1603 175 40 vidtagits.
1069 1632 8 12 ,

625 1747 92 37 Kap.
740 1747 78 31 XII.
842 1768 40 3 —
904 1748 205 32 Allmänna
1132 1749 301 34 bestämmelser.

925 1831 138 34 Artikel
1080 1834 52 31 72.

324 1895 170 33 Inträffar
508 1896 115 33 växels
640 1896 192 34 förfallotid
848 1898 20 32 å
884 1899 125 39 söndag
1025 1899 81 33 eller
1121 1912 108 21 annan
1246 1901 124 33 allmän
1387 1901 157 41 helgdag,
1561 1904 53 32 må
1631 1904 30 38 ej
1677 1904 103 32 betal-

278 1944 82 40 ning
387 1945 53 33 för
465 1947 119 32 växeln
611 1946 124 34 krävas
763 1948 116 33 förrän
906 1953 98 29 nästa
1031 1950 198 40 söckendag.
1280 1952 82 32 Alla
1389 1953 106 32 andra
1521 1954 158 38 åtgärder
1706 1955 74 32 med

278 1996 160 32 avseende
458 1997 19 32 å
497 1997 108 39 växel,
628 1997 106 33 såsom
756 1999 209 38 uppvisande
986 1999 54 33 till
1061 2001 242 37 godkännande
1324 2002 62 32 och
1406 2004 215 38 upptagande
1643 2016 41 21 av
1706 2017 73 27 pro-

277 2049 77 36 test,
376 2047 53 31 må
450 2046 161 34 likaledes
631 2048 158 38 vidtagas
811 2049 143 33 allenast
974 2050 20 32 å
1016 2050 198 40 söckendag.

325 2095 95 34 Skall
436 2097 132 39 åtgärd,
584 2109 68 22 som
668 2110 44 20 nu
728 2103 105 35 sagts,
848 2111 82 21 vara
945 2100 159 39 vidtagen
1121 2101 88 33 inom
1225 2102 69 33 viss
1312 2102 58 39 tid,
1388 2115 76 21 vars
1483 2104 83 33 sista
1583 2105 66 39 dag
1666 2110 38 28 är
1720 2105 60 33 all-

276 2150 78 28 män
374 2146 154 40 helgdag,
548 2147 103 33 varde
670 2148 91 33 tiden
781 2149 55 32 för
854 2150 178 37 åtgärdens
1052 2150 205 39 vidtagande
1277 2153 170 33 utsträckt
1466 2157 51 29 att
1536 2155 143 32 omfatta
1699 2155 82 39 jäm-

275 2197 57 32 väl
348 2197 193 38 påföljande
558 2198 196 39 söckendag.
793 2200 69 33 Vid
878 2201 65 33 tids
960 2200 210 34 beräknande
1187 2202 94 33 skola
1298 2203 281 40 mellanliggande
1595 2205 187 39 helgdagar

274 2247 211 34 medräknas.

922 2311 138 33 Artikel
1077 2313 51 32 73.

320 2373 69 33 Vid
410 2374 186 40 beräkning
617 2388 42 20 av
680 2376 59 39 tid,
763 2389 79 20 vare
864 2377 53 39 sig
937 2378 11 32 i
971 2377 57 40 lag
1050 2379 174 33 fastställd
1246 2380 82 32 eller
1350 2381 139 33 särskilt
1511 2381 157 41 bestämd,
1691 2383 89 33 inom

274 2424 114 33 vilken
403 2425 120 39 åtgärd
538 2426 88 33 skall
640 2427 167 39 vidtagas,
823 2429 101 32 varde
940 2429 61 32 den
1018 2429 76 39 dag,
1111 2430 77 32 från
1202 2430 112 33 vilken
1331 2431 89 33 tiden
1438 2432 87 34 skall
1541 2434 86 39 löpa,
1644 2434 30 38 ej
1691 2433 87 33 med-

275 2474 139 34 räknad.
