1890 2866
526 171 114 28 Första
659 168 222 35 lagutskottets
898 165 164 29 utlåtande
1081 164 47 29 Nr
1147 166 45 26 10.
1574 157 40 31 23

153 259 108 33 Växel
287 259 55 32 må
370 257 70 39 ock,
467 256 105 33 under
598 254 126 34 villkor
750 264 69 22 som
847 252 105 32 nedan
981 250 149 39 stadgas,
1157 248 195 40 godkännas
1380 246 80 33 eller
1485 245 129 33 betalas

109 323 41 21 av
172 311 118 38 någon,
313 320 68 22 som
404 307 182 39 självmant
606 305 63 32 vill
690 303 153 34 inskrida
863 302 54 33 till
939 301 131 32 förmån
1093 300 53 32 för
1167 297 271 40 växelgäldenär,
1461 299 68 29 mot
1550 295 61 32 vil-

109 361 63 33 ken
190 358 266 40 återgångskrav
474 356 109 34 skulle
601 355 114 33 kunna
734 353 174 33 anställas.

154 411 65 32 Att
241 411 43 38 på
305 409 113 39 dylikt
440 412 68 29 sätt
528 405 153 34 inskrida
702 404 116 34 stånde
840 406 99 36 öppet
962 402 53 32 för
1039 401 72 38 den,
1136 411 69 22 som
1229 399 29 39 ej
1282 403 40 28 är
1343 396 269 39 växelgäldenär,

110 467 83 28 även
209 462 53 31 för
277 460 72 39 den,
366 460 19 32 å
399 459 113 32 vilken
526 457 120 33 växeln
663 461 38 27 är
717 456 133 37 dragen,
868 457 87 30 samt
971 453 53 32 för
1040 463 109 26 envar,
1167 462 68 21 som
1253 449 101 33 redan
1372 453 38 28 är
1427 445 186 41 förpliktad

109 513 43 38 på
172 512 107 39 grund
299 522 42 21 av
361 510 130 38 växeln,
513 508 85 33 dock
618 507 28 39 ej
670 507 53 33 för
743 506 71 39 den,
837 516 68 21 som
928 504 81 32 därå
1030 502 134 33 tecknat
1185 498 252 42 godkännande.

155 562 84 39 Den,
263 573 68 21 som
355 560 150 40 godkänt
526 558 81 33 eller
628 557 128 33 betalat
776 555 99 33 växel
898 554 86 34 efter
1006 557 40 35 ty
1068 553 12 32 i
1104 552 106 33 denna
1233 549 122 35 artikel
1379 554 38 28 är
1440 551 87 36 sagt,
1550 547 62 32 har

109 616 51 30 att
184 613 112 32 därom
320 611 64 34 sist
406 610 105 33 andra
533 608 230 39 söckendagen
786 606 198 32 underrätta
1008 604 72 38 den,
1104 603 55 33 till
1181 614 77 20 vars
1283 601 132 32 förmån
1439 599 66 32 han
1528 610 84 27 upp-

110 667 95 30 trätt.
244 663 215 32 Försummar
475 661 65 32 han
558 660 66 39 det,
642 670 95 21 svare
755 657 53 33 för
827 656 115 39 skada,
961 667 69 21 som
1049 654 103 32 därav
1169 653 54 32 må
1241 652 87 32 hava
1344 650 166 40 uppstått,
1530 647 84 34 dock

109 715 31 38 ej
160 714 11 32 1
192 714 102 38 något
313 713 65 33 fall
396 715 118 29 utöver
532 710 264 33 växelsumman.

523 827 29 25 2.
597 822 262 29 Godkännande
881 817 78 31 från
981 819 111 33 tredje
1116 824 90 21 man.

760 883 138 34 Artikel
915 884 54 32 56.

160 948 249 35 Godkännande
428 947 53 33 må
501 958 42 21 av
561 945 107 38 tredje
687 956 75 21 man
782 942 137 33 tecknas
939 942 11 31 i
971 941 39 32 de
1030 939 74 39 fall,
1125 939 41 33 då
1185 935 267 41 återgångskrav
1472 930 145 47 tillkom-

112 1011 71 21 mer
202 997 321 34 växelinnehavaren
543 995 73 33 före
635 994 138 33 växelns
796 991 201 40 förfallotid,
1021 989 83 34 dock
1124 989 29 39 ej
1176 989 60 32 där
1254 986 138 34 växelns
1412 984 209 40 uppvisande

113 1050 56 33 till
192 1048 241 41 godkännande
455 1052 38 28 är
515 1045 181 39 förbjudet.

158 1100 191 34 Innehåller
368 1098 120 33 växeln
509 1095 179 39 anvisning
709 1096 19 31 å
748 1094 120 38 någon,
891 1104 67 21 som
980 1092 11 32 i
1012 1090 130 34 nödfall
1163 1089 87 34 skall
1271 1087 178 40 godkänna
1470 1086 80 33 eller
1571 1085 48 32 in-

115 1151 70 32 fria
201 1151 60 32 den
279 1151 20 31 å
315 1148 296 38 betalningsorten,
629 1146 55 32 må
701 1144 223 33 innehavaren
942 1142 29 39 ej
989 1142 72 32 före
1079 1139 232 35 förfallotiden
1328 1143 81 34 göra
1427 1137 195 38 återgångs-

115 1202 85 32 krav
215 1200 155 40 gällande
385 1202 87 30 emot
487 1198 72 38 den,
575 1208 69 22 som
659 1195 136 34 tecknat
810 1193 229 38 anvisningen,
1056 1191 80 33 eller
1152 1194 86 29 emot
1255 1187 237 40 efterföljande
1508 1185 112 34 växel-

116 1252 207 39 gäldenärer,
346 1249 74 33 med
443 1248 127 33 mindre
592 1247 66 32 han
681 1245 161 40 uppvisat
864 1243 120 33 växeln
1008 1243 54 31 för
1085 1241 71 40 den,
1180 1252 69 21 som
1273 1238 217 38 anvisningen
1514 1247 105 28 avser,

118 1302 60 33 och
198 1313 117 28 genom
335 1303 127 37 protest
482 1297 196 38 fastställts,
699 1299 51 30 att
771 1295 103 32 denne
894 1297 122 35 vägrat
1037 1291 177 40 godkänna
1235 1289 131 33 växeln.

162 1353 19 32 I
207 1351 103 33 andra
336 1349 64 34 fall
426 1354 41 28 än
493 1349 13 32 i
531 1345 279 40 nästföregående
837 1343 117 40 stycke
980 1348 78 33 sägs
1085 1346 61 34 äge
1170 1339 323 34 växelinnehavaren
1518 1342 106 33 vägra

118 1405 151 35 mottaga
289 1399 241 41 godkännande
552 1398 78 32 från
651 1397 107 38 tredje
778 1407 89 21 man.
911 1394 169 37 Mottager
1100 1392 66 33 han
1188 1390 250 40 godkännande,
1459 1400 78 21 vare
1559 1388 67 32 han

120 1452 161 39 förlustig
301 1452 51 33 sin
372 1454 69 30 rätt
460 1453 51 30 att
531 1449 72 32 före
624 1446 232 34 förfallotiden
875 1444 107 33 väcka
1002 1441 268 40 återgångskrav
1289 1444 69 29 mot
1378 1440 71 38 den,
1470 1439 55 33 till
1544 1449 79 22 vars

120 1503 130 33 förmån
273 1500 257 40 godkännandet
551 1499 156 37 lämnats,
731 1497 60 32 och
813 1499 69 29 mot
903 1493 238 38 efterföljande
1162 1490 307 39 växelgäldenärer.

768 1587 138 33 Artikel
924 1588 53 30 57.

167 1651 247 34 Godkännande
440 1650 77 32 från
542 1648 107 38 tredje
671 1658 77 22 man
774 1645 89 33 skall
887 1643 136 34 tecknas
1049 1644 20 31 å
1093 1641 120 34 växeln
1238 1641 60 32 och
1322 1639 238 33 underskrivas
1585 1650 43 20 av

121 1702 247 40 godkännaren.
412 1698 267 36 Godkännandet
700 1696 88 34 skall
807 1694 167 39 utmärka,
996 1694 54 32 till
1069 1705 91 21 vems
1181 1692 131 32 förmån
1334 1690 54 33 det
1408 1689 120 40 givits;
1550 1688 77 33 sker

121 1752 55 33 det
197 1752 41 39 ej,
260 1763 96 21 anses
378 1749 259 40 godkännandet
657 1747 128 33 lämnat
806 1746 55 32 till
883 1745 131 33 förmån
1037 1744 54 32 för
1111 1741 210 34 utställaren.

769 1837 137 34 Artikel
925 1838 54 32 58.

167 1903 82 38 Den,
268 1914 68 22 som
355 1900 149 40 godkänt
522 1899 97 33 växel
637 1898 86 33 efter
742 1901 38 35 ty
799 1897 11 31 i
828 1899 64 30 art.
911 1898 41 31 56
971 1895 60 32 och
1051 1897 39 31 57
1112 1898 87 34 sägs,
1217 1904 79 21 vare
1313 1892 12 32 i
1344 1890 211 33 förhållande
1573 1888 55 33 till

123 1953 222 33 innehavaren
363 1951 60 33 och
441 1950 38 33 de
497 1949 196 37 överlåtare,
711 1959 69 21 som
799 1946 85 38 följa
901 1945 87 32 efter
1006 1945 71 37 den,
1096 1944 54 33 till
1166 1954 78 21 vars
1263 1942 132 32 förmån
1414 1940 212 39 godkännan-

125 2003 54 32 det
197 2002 114 39 givits,
331 2001 70 32 lika
421 2000 74 32 med
516 1999 103 32 denne
638 1997 160 37 ansvarig
818 1996 54 32 för
890 1994 131 33 växeln.

169 2053 89 33 Utan
277 2051 117 33 hinder
413 2062 41 21 av
473 2049 141 34 sålunda
632 2048 128 32 lämnat
779 2045 242 40 godkännande
1042 2048 62 34 äge
1124 2043 71 39 den,
1216 2042 52 32 för
1287 2053 78 21 vars
1386 2040 144 38 räkning
1550 2038 78 40 god-

123 2102 191 34 kännandet
333 2101 115 39 givits,
469 2105 155 28 ävensom
645 2098 49 38 de,
714 2097 94 33 vilka
828 2096 12 32 i
860 2094 212 34 förhållande
1092 2094 54 32 till
1165 2093 118 32 honom
1305 2103 98 22 svara
1424 2091 54 32 för
1497 2089 131 37 växeln,

124 2156 63 35 att,
209 2156 68 28 mot
299 2150 203 39 erläggande
525 2161 42 21 av
590 2149 56 32 det
667 2148 12 32 i
701 2151 63 30 art.
787 2147 42 32 48
852 2145 147 39 angivna
1020 2144 130 38 belopp,
1172 2155 43 20 av
1236 2141 323 34 växelinnehavaren
1581 2142 51 29 ut-

125 2203 172 33 bekomma
319 2202 131 37 växeln,
472 2199 172 33 kvitterad
667 2198 145 37 räkning
834 2197 60 32 och
917 2198 136 36 protest,
1077 2206 68 21 som
1169 2194 53 31 må
1245 2193 86 32 hava
1354 2190 187 40 upptagits.

580 2323 28 24 3.
654 2319 180 32 Betalning
856 2315 76 29 från
954 2317 111 32 tredje
1090 2323 89 19 man.

775 2379 138 33 Artikel
931 2380 53 31 59.

173 2443 107 33 Växel
300 2443 53 31 må
373 2441 128 33 betalas
522 2453 40 20 av
583 2439 105 38 tredje
709 2450 75 20 man
804 2438 12 31 i
836 2437 92 38 varje
949 2436 73 38 fall,
1044 2435 41 32 då
1105 2433 277 39 återgångskrav,
1404 2444 77 20 vare
1504 2431 51 38 sig
1576 2430 57 32 vid

128 2493 82 33 eller
231 2493 71 32 före
324 2491 242 38 förfallotiden,
588 2489 203 32 tillkommer
811 2486 332 33 växelinnehavaren.
