1908 2856
557 157 281 31 Statsutskoltets
858 155 176 31 utlåtande
1054 155 50 30 Nr
1123 157 24 27 8.
1542 156 60 30 141

106 242 200 41 budgetåret
344 238 188 42 1927/1928
564 239 176 42 uppgingo
764 238 51 32 till
839 238 121 37 28,566
984 238 125 31 kronor
1134 237 42 31 64
1200 240 56 28 öre
1280 236 63 31 och
1367 235 105 32 härav
1497 234 108 33 skulle

107 297 54 31 för
195 295 199 41 budgetåret
433 292 187 39 1928/1929
656 296 93 37 tagas
782 292 11 31 i
826 292 147 41 anspråk
1008 291 120 38 17,685
1153 290 132 38 kronor,
1311 289 217 38 beräknades,
1558 291 48 29 att

108 349 66 33 den
200 351 16 29 1
242 348 62 42 juli
332 349 85 31 1929
442 347 107 32 skulle
584 347 111 31 finnas
730 345 242 32 reservationer
999 344 50 32 till
1082 343 123 41 belopp
1236 353 42 22 av
1303 342 158 41 omkring
1486 343 120 38 10,800

108 404 133 31 kronor.
289 401 118 33 Under
441 400 246 41 förutsättning
721 402 47 29 att
802 399 107 32 härav
944 397 173 33 användes
1149 397 118 38 10,500
1291 396 125 32 kronor
1438 395 50 32 till
1513 395 93 32 drift-

108 456 182 33 kostnader
313 456 55 32 för
391 454 203 39 seminariet,
620 455 123 39 ansågs
767 455 46 30 ett
836 452 192 41 ytterligare
1053 451 124 41 belopp
1201 451 53 31 för
1278 449 194 32 ändamålet
1495 451 20 30 å
1531 449 75 32 alle-

107 514 78 29 nast
204 510 121 39 27,000
349 509 124 32 kronor
497 507 213 42 erforderligt
732 507 53 32 för
808 506 198 41 budgetåret
1032 503 200 42 1929/1930,
1246 503 105 33 vilket
1367 503 121 42 belopp
1505 503 102 32 också

108 566 45 40 på
175 564 128 41 förslag
327 574 42 22 av
394 562 128 41 Kungl.
549 561 99 41 Maj:t
673 560 185 41 beviljades
882 571 43 21 av
951 560 83 31 1929
1060 561 53 30 års
1138 558 146 41 riksdag.

155 617 217 33 Seminariets
407 615 248 42 anslagsbehov
690 615 53 31 för
776 613 199 40 budgetåret
1012 610 187 43 1930/1931
1227 611 199 42 uppskattas
1451 621 42 22 av
1517 615 90 28 över-

108 671 164 42 styrelsen
305 670 51 32 till
390 680 130 22 samma
544 668 124 42 belopp
692 678 72 22 som
788 669 54 30 för
865 666 145 42 löpande
1034 666 166 41 budgetår
1224 664 79 33 eller
1327 665 121 38 37,500
1472 664 133 32 kronor.

155 725 53 31 Då
240 724 105 41 enligt
369 723 206 33 verkställda
598 721 228 42 beräkningar
850 721 170 41 knappast
1044 721 114 40 någon
1183 718 205 33 reservation
1412 720 18 29 å
1455 717 153 42 anslaget

109 778 95 33 torde
239 788 81 23 vara
353 780 48 29 att
436 776 152 42 påräkna
623 776 54 31 för
711 775 61 31 här
806 773 260 42 ifrågavarande
1102 771 160 33 ändamål
1285 771 59 32 vid
1368 773 173 39 utgången
1565 781 42 23 av

109 831 232 34 innevarande
375 830 176 41 budgetår,
588 829 62 32 har
675 827 372 43 departementschefen
1071 826 117 32 funnit
1213 825 55 32 det
1291 835 82 22 vara
1397 824 212 41 nödvändigt

109 888 60 37 att,
206 887 111 30 såsom
353 883 244 42 Överstyrelsen
628 882 181 41 föreslagit,
835 881 82 41 höja
940 880 153 42 anslaget
1116 881 54 30 för
1194 879 199 41 budgetåret
1419 876 186 43 1930/1931

109 939 53 32 till
186 939 121 39 37,500
331 938 135 32 kronor.

156 1019 173 33 Utskottet
352 1018 62 32 har
437 1018 73 32 icke
534 1017 116 32 funnit
674 1017 102 40 något
799 1018 49 29 att
872 1015 110 32 erinra
1005 1016 72 30 mot
1101 1013 128 42 Kungl.
1255 1013 116 41 Maj:ts
1394 1012 128 42 förslag
1545 1012 63 32 och

110 1072 196 33 hemställer
329 1072 109 38 alltså,

477 1127 49 29 att
558 1123 182 40 riksdagen
769 1124 56 30 må
848 1123 54 31 för
926 1121 251 42 uppehållande
1201 1131 42 21 av
1267 1119 259 34 verksamheten
1550 1119 59 32 vid

434 1181 127 29 statens
600 1176 390 33 småskoleseminarium
1028 1175 12 31 i
1079 1174 206 42 Hagaström
1321 1174 54 31 för
1410 1172 200 42 budgetåret

436 1230 187 42 1930/1931
663 1230 119 32 anvisa
816 1233 48 29 ett
898 1232 94 29 extra
1024 1227 345 41 reservationsanslag
1407 1237 42 22 av
1488 1227 122 38 37,500

435 1286 133 31 kronor.

161 1391 106 44 195:0)
290 1393 129 42 Kungl.
454 1392 97 41 Maj:t
575 1392 62 32 har
661 1389 120 44 (punkt
807 1388 74 43 189)
905 1389 173 42 föreslagit
1102 1388 181 41 riksdagen
1307 1390 49 30 att
1380 1387 70 32 dels
1474 1387 136 32 minska

113 1448 56 32 det
193 1447 168 33 ordinarie
377 1445 298 43 förslagsanslaget
691 1445 50 31 till
757 1444 185 33 understöd
958 1445 34 30 åt
1008 1441 376 39 småskoleseminarier,
1402 1452 47 20 nu
1467 1442 143 37 320,000

113 1502 134 38 kronor,
272 1500 79 32 med
378 1501 119 38 10,000
521 1499 125 32 kronor
669 1498 51 32 till
744 1498 144 38 310,000
912 1497 137 38 kronor;

159 1554 70 32 dels
254 1554 62 32 ock
340 1553 167 41 medgiva,
535 1555 48 29 att
607 1552 61 32 där
691 1562 42 22 av
756 1550 175 41 landsting
954 1549 79 33 eller
1056 1548 85 39 stad,
1167 1559 73 21 som
1265 1548 29 41 ej
1321 1548 11 31 i
1356 1547 173 42 landsting
1546 1547 63 32 del-

113 1613 104 37 tager,
253 1609 174 40 upprättat
462 1605 401 37 småskoleseminarium,
898 1603 103 32 vilket
1025 1602 150 41 åtnjuter
1199 1601 278 38 statsunderstöd,
1501 1600 110 32 under

114 1661 94 32 tiden
241 1663 15 29 1
286 1660 64 41 juli
377 1660 175 32 1930—30
575 1658 76 41 juni
679 1658 81 32 1931
786 1657 183 41 nedlägges
993 1656 80 32 eller
1097 1655 169 32 ordinarie
1289 1655 107 31 lärare
1420 1654 58 33 vid
1502 1654 109 41 dylikt

114 1714 222 33 seminarium
361 1713 96 41 eljest
480 1723 124 31 genom
628 1711 250 41 inskränkning
902 1721 42 22 av
959 1709 260 33 verksamheten
1235 1707 98 33 blivit
1349 1709 54 31 för
1419 1707 193 32 seminariet

114 1767 190 42 obehövlig,
329 1766 204 42 statsbidrag
556 1765 106 33 likväl
687 1767 55 30 må
765 1766 84 31 efter
873 1763 127 41 Kungl.
1027 1763 115 40 Maj:ts
1167 1761 214 43 beprövande
1397 1761 118 32 kunna
1530 1763 82 39 utgå

114 1823 55 31 för
192 1820 151 33 nämnda
367 1820 50 32 tid
442 1820 49 32 till
515 1819 134 42 belopp,
675 1817 238 34 motsvarande
937 1816 171 42 grundlön
1125 1816 62 32 och
1205 1815 228 41 ålderstillägg
1449 1820 162 27 ävensom

115 1875 149 41 tillfällig
297 1873 285 41 löneförbättring
617 1873 64 31 och
705 1871 250 42 dyrtidstillägg
978 1870 50 31 till
1052 1870 129 32 sådana
1205 1869 167 32 ordinarie
1396 1868 116 39 lärare,
1537 1879 73 21 som

114 1939 125 30 genom
262 1926 252 42 nedläggandet
537 1926 80 32 eller
640 1925 292 40 inskränkningen
957 1924 29 40 ej
1012 1923 117 41 längre
1147 1922 168 32 erfordras
1331 1923 54 31 för
1401 1921 210 32 seminariets

115 1980 266 43 uppehållande;
407 1980 131 41 ägande
564 1978 128 42 Kungl.
718 1978 97 40 Maj:t
840 1977 119 32 därvid
983 1977 54 31 för
1061 1976 94 40 varje
1180 1975 134 32 särskilt
1337 1974 61 32 fall
1423 1974 189 32 bestämma

115 2036 57 31 det
207 2034 91 32 antal
333 2033 118 39 lärare,
488 2034 53 31 för
569 2032 109 33 vilkas
703 2031 189 32 avlönande
917 2029 205 42 statsbidrag
1146 2030 56 30 må
1226 2030 91 40 utgå,
1343 2031 89 29 samt
1456 2027 155 33 meddela

115 2089 42 32 de
181 2088 122 33 villkor
327 2087 63 32 och
413 2085 265 40 bestämmelser,
704 2084 125 42 Kungl.
856 2084 97 41 Maj:t
977 2083 96 41 eljest
1097 2083 109 31 finner
1228 2085 73 39 gott
1324 2081 195 33 föreskriva.

164 2141 232 41 Utredningen
421 2141 179 31 återfinnes
625 2141 19 30 å
668 2139 60 32 sid.
753 2139 178 32 492—494
954 2137 10 32 i
989 2135 374 42 statsrådsprotokollet.

162 2221 242 41 Minskningen
434 2220 10 32 i
476 2219 281 42 anslagsbehovet
780 2219 61 31 har
864 2217 175 33 föranletts
1064 2228 43 21 av
1131 2216 65 32 den
1220 2215 249 41 inskränkning
1492 2215 10 32 i
1527 2217 84 30 små-

117 2274 354 33 skoleseminariernas
506 2273 226 37 verksamhet,
766 2283 73 20 som
868 2275 57 37 ägt
949 2282 75 20 rum
1049 2269 108 32 under
1182 2269 171 32 avvaktan
1377 2270 44 39 på
1444 2271 45 29 ett
1514 2273 97 37 avgö-

117 2327 104 32 rande
255 2326 211 33 beträffande
501 2327 122 40 frågan
659 2336 55 21 om
752 2328 126 28 statens
914 2322 226 42 övertagande
1176 2333 41 20 av
1253 2321 358 32 småskollärarutbild-

118 2381 137 40 ningen.

163 2434 64 31 Det
262 2444 42 20 av
337 2432 127 41 Kungl.
491 2432 98 40 Maj:t
613 2430 191 41 föreslagna
829 2428 241 42 medgivandet
1094 2427 78 32 med
1196 2427 166 33 avseende
1386 2428 19 30 å
1430 2426 182 42 utgåendet

117 2498 42 20 av
196 2485 204 42 statsbidrag
435 2486 84 31 efter
551 2482 386 42 seminarieindragning
972 2485 35 28 är
1036 2492 42 21 av
1104 2491 131 21 samma
1258 2480 165 32 innebörd
1448 2491 72 20 som
1546 2479 64 39 det,

1629 1396 165 26 Understöd
1813 1396 28 25 åt

1659 1432 152 26 småskole-

1647 1468 175 26 seminarier.

1686 1510 94 43 [189]
