1928 2860
600 149 278 30 Statsutskottets
899 147 176 30 utlåtande
1095 146 49 30 Nr
1162 149 25 27 8.
1626 145 16 30 7

145 233 202 41 avlöningar
370 232 50 33 till
445 232 169 32 ordinarie
637 231 218 41 tjänstemän,
880 241 74 21 som
979 240 47 21 nu
1051 229 106 32 slutar
1180 230 19 30 å
1223 230 47 30 ett
1298 227 122 41 belopp
1446 237 41 21 av
1504 226 141 38 194,400

146 287 136 39 kronor,
318 287 81 31 ökas
436 285 78 33 med
547 284 234 42 nyssnämnda
816 283 134 41 belopp,
988 283 97 38 7,212
1119 282 134 38 kronor,
1278 280 51 32 till
1353 280 144 38 201,612
1521 279 125 31 kronor

146 340 81 33 eller
250 341 10 31 i
285 340 169 32 avrundat
478 339 46 32 tal
550 339 143 38 201,600
717 338 134 31 kronor.

193 394 76 33 Vad
303 396 37 30 så
372 393 115 33 vidare
521 392 161 33 beträffar
715 391 65 33 den
805 390 221 41 erforderliga
1049 389 172 41 ökningen
1246 399 41 21 av
1312 387 152 42 anslaget
1487 386 50 32 till
1561 386 85 32 icke-

147 448 170 32 ordinarie
352 446 338 42 befattningshavare
725 445 62 32 har
822 443 375 43 departementschefen
1220 442 116 32 funnit
1360 441 52 41 sig
1434 440 83 33 böra
1540 440 107 32 räkna

151 502 79 32 med
266 505 47 29 ett
346 501 133 42 belopp,
505 499 240 33 motsvarande
769 498 149 33 arvoden
943 498 54 32 för
1021 499 57 31 två
1101 507 68 31 nya
1193 497 103 31 förste
1321 505 225 22 amanuenser
1569 494 11 31 i
1607 494 39 31 18

148 555 206 42 lönegraden
388 554 78 32 med
499 552 363 42 heltidstjänstgöring.
912 550 369 41 Grundavlöningarna
1315 550 54 31 för
1404 548 98 33 dessa
1528 547 118 32 befatt-

148 609 228 42 ningshavare
397 609 116 40 uppgå
530 607 51 32 till
597 603 266 44 (4,596+4,596)
881 606 98 38 9,192
996 605 134 38 kronor,
1148 603 78 32 med
1243 603 105 32 vilket
1364 602 123 41 belopp
1504 601 143 32 sålunda

148 663 67 32 den
251 663 10 31 i
294 661 301 42 förslagsanslaget
628 660 50 32 till
707 659 254 33 icke-ordinarie
986 657 335 41 befattningshavare
1345 667 44 21 m.
1415 666 44 21 m.
1480 654 167 42 ingående

149 716 257 41 anslagsposten
443 715 50 31 till
530 713 314 43 grundavlöningar
880 712 50 32 till
964 715 94 29 extra
1083 710 167 33 ordinarie
1274 710 207 41 tjänstemän
1506 710 19 30 å
1548 708 99 41 högst

148 770 121 39 31,251
295 769 124 32 kronor
443 768 108 32 skulle
576 767 91 38 ökas,
693 767 31 32 d.
749 778 31 21 v.
806 777 24 21 s.
858 766 51 32 till
931 766 122 38 40,443
1077 765 133 31 kronor.
1237 763 121 40 Någon
1381 762 202 40 förhöjning
1606 772 42 21 av

148 824 43 31 de
214 824 10 31 i
250 833 131 22 samma
405 820 266 43 förslagsanslag
692 819 168 42 ingående
884 818 295 42 anslagsposterna
1203 819 19 29 å
1240 818 94 37 1,827
1353 816 125 32 kronor
1494 815 50 32 till
1561 814 87 33 avlö-

149 876 342 42 ningsförhöjningar
515 874 51 33 till
590 878 92 28 extra
706 873 168 33 ordinarie
895 873 206 40 tjänstemän
1119 882 44 21 m.
1182 882 44 20 m.
1246 873 87 29 samt
1350 872 19 29 å
1388 870 120 38 11,500
1525 869 124 31 kronor

150 931 50 31 till
225 933 94 30 extra
342 929 347 41 befattningshavare,
714 927 240 41 renskrivning
977 937 44 21 m.
1048 937 44 20 m.
1117 925 95 32 torde
1236 924 153 32 däremot
1411 923 74 32 icke
1509 933 81 22 vara
1607 933 41 21 av

149 984 146 32 behovet
318 983 167 42 påkallad.

196 1038 162 40 Anslaget
381 1037 50 32 till
455 1036 202 41 avlöningar
680 1035 51 32 till
754 1033 257 33 icke-ordinarie
1038 1031 337 41 befattningshavare
1399 1042 44 20 m.
1470 1041 44 21 m.
1540 1029 109 32 skulle

149 1092 147 32 sålunda
318 1091 166 32 beräknas
509 1091 45 40 på
578 1089 152 41 följande
755 1091 79 29 sätt:

151 1153 324 41 Grundavlöningar
499 1152 51 32 till
575 1154 93 30 extra
692 1150 167 33 ordinarie
883 1150 220 40 tjänstemän,
1127 1148 100 41 högst
1255 1174 31 5 ..
1312 1147 125 32 kronor
1460 1147 132 38 40,443:
1607 1162 42 4 —

151 1206 432 43 Avlöningsförhöjningar
599 1205 50 32 till
662 1207 93 29 extra
768 1203 167 33 ordinarie
947 1203 209 40 tjänstemän
1170 1213 43 20 m.
1226 1212 56 27 m.,

196 1261 196 41 förslägsViS
419 1287 30 5 ..
473 1285 114 6 sosse
609 1285 58 6 ere
690 1285 31 5 rr
743 1285 59 5 ere
824 1285 31 4 rr
878 1284 31 5 rr
932 1283 58 5 rss
1027 1283 45 5 rr
1094 1282 32 5 rr
1173 1282 33 5 tt
1229 1282 58 4 ts
1370 1265 11 15 >
1487 1254 104 38 1,227:
1607 1270 39 3 —

151 1315 107 32 Extra
280 1313 347 42 befattningshavare,
652 1311 239 41 renskrivning
916 1322 43 20 m.
978 1321 45 21 m.
1041 1308 84 43 (häri
1142 1308 142 42 inbegri-

197 1371 57 39 pet
283 1368 124 32 arvode
431 1367 50 32 till
505 1366 233 33 bibliotekarie
765 1366 97 38 1,200
885 1364 126 32 kronor
1035 1363 64 32 och
1122 1363 51 31 till
1196 1365 87 38 port-

196 1422 83 32 vakt
303 1422 64 31 300
392 1418 145 43 kronor),
563 1420 100 40 högst
688 1443 597 8 .....osssssss
1011 1413 95 52 secs
1118 1413 69 52 rss
1202 1413 37 52 oe
1251 1413 37 52 ns
1367 1426 12 15 >»
1417 1408 23 51 —
1465 1415 185 35 11,500:
1624 1408 30 51 —

1148 1479 143 31 Summa
1313 1478 126 31 kronor
1463 1478 130 37 53,710:
1608 1494 43 3 —

151 1546 107 33 vilket
280 1545 123 42 belopp
427 1544 187 33 avrundats
637 1544 50 31 till
710 1544 121 38 53,800
845 1543 133 37 kronor,
996 1540 230 33 innebärande
1246 1551 41 20 en
1312 1539 129 41 ökning
1464 1549 43 22 av
1520 1538 131 41 (53,800

153 1617 32 3 —
206 1596 134 44 44,600)
364 1600 99 38 9,200
486 1599 135 31 kronor.

200 1653 67 32 Vid
303 1656 46 29 ett
383 1652 97 32 bifall
515 1651 51 32 till
602 1651 56 32 det
692 1649 192 42 framlagda
916 1648 162 41 förslaget
1101 1647 107 32 skulle
1233 1646 144 32 sålunda
1400 1645 252 42 förslagsansla-

152 1710 57 39 gct
241 1706 50 32 till
325 1706 201 41 avlöningar
559 1705 49 32 till
633 1704 167 32 ordinarie
825 1704 220 40 tjänstemän,
1070 1712 47 21 nu
1144 1701 141 38 194,400
1309 1700 134 38 kronor,
1469 1700 81 31 ökas
1574 1699 78 32 med

155 1761 99 38 7,200
286 1760 125 31 kronor
443 1759 50 32 till
525 1759 143 38 201,600
701 1758 134 38 kronor,
870 1755 300 42 förslagsanslaget
1197 1754 50 31 till
1271 1753 200 41 avlöningar
1495 1753 50 31 till
1568 1753 84 32 icke-

153 1814 169 31 ordinarie
351 1812 337 41 befattningshavare
716 1823 44 20 m.
787 1822 56 27 m.,
869 1822 48 20 nu
943 1810 123 38 44,600
1091 1809 133 37 kronor,
1249 1808 82 31 ökas
1356 1807 78 32 med
1459 1808 98 38 9,200
1581 1807 72 31 kro-

155 1878 62 21 nor
252 1866 51 33 till
338 1867 121 38 53,800
493 1866 134 38 kronor,
653 1868 87 28 samt
765 1864 56 32 det
845 1863 109 32 under
977 1863 257 40 övergångsstat
1258 1860 171 42 uppförda
1452 1860 201 41 förslagsan-

154 1920 108 41 slaget
296 1920 51 31 till
382 1919 211 41 avlöningar,
630 1929 47 20 nu
715 1918 118 38 17,900
868 1917 135 37 kronor,
1040 1915 151 31 minskas
1228 1914 77 32 med
1335 1915 97 37 7,300
1456 1914 125 31 kronor
1604 1913 47 31 till

158 1974 120 39 10,600
311 1973 133 38 kronor,
478 1972 114 32 vadan
625 1971 55 32 det
704 1970 168 32 ordinarie
897 1968 299 41 förslagsanslaget
1219 1967 50 31 till
1293 1966 361 41 ecklesiastikdeparte-

157 2030 144 29 mentets
335 2026 184 41 avdelning
553 2036 42 20 av
630 2024 126 41 Kungl.
791 2024 116 40 Maj:ts
931 2022 110 32 kansli
1066 2022 10 31 i
1102 2021 74 32 dess
1200 2020 114 32 helhet
1338 2020 107 32 skulle
1470 2020 81 31 ökas
1575 2020 78 31 med

156 2075 434 45 (7,200--9,200
440 2069 22 55 —
482 2069 114 55 7,300)
614 2078 97 38 9,100
736 2077 124 31 kronor
885 2077 76 30 från
988 2075 143 37 256,900
1155 2074 124 32 kronor
1296 2073 49 32 till
1363 2074 143 38 266,000
1519 2073 133 32 kronor.

202 2160 118 32 Såsom
357 2170 42 22 av
432 2159 65 32 den
534 2170 46 20 nu
612 2157 158 32 lämnade
794 2156 235 41 redogörelsen
1053 2155 181 37 inhämtas,
1259 2155 60 40 går
1343 2154 56 31 det
1421 2153 233 41 föreliggande

156 2213 163 41 förslaget
354 2215 36 29 ut
425 2214 44 39 på
504 2223 40 21 en
571 2211 232 40 förstärkning
826 2221 43 21 av
893 2208 498 41 ecklesiastikdepartementets
1415 2206 241 32 arbetskrafter

158 2266 78 32 med
261 2276 40 21 en
327 2266 103 31 andre
455 2265 316 32 kanslisckreterare
796 2263 62 32 och
882 2264 58 30 två
957 2263 104 30 förste
1078 2271 225 22 amanuenser
1319 2260 77 32 med
1413 2259 242 41 heltidstjänst-

157 2320 131 40 göring.
324 2318 113 32 Andre
472 2317 434 32 kanslisekreterarkraften
942 2314 109 33 skulle
1075 2313 142 33 erhållas
1241 2324 123 30 genom
1388 2316 50 28 att
1462 2313 65 31 den
1551 2312 104 32 andre

159 2371 413 40 kanslisekreterartjänst,
607 2381 72 21 som
712 2380 124 30 genom
868 2368 110 32 beslut
1002 2378 42 21 av
1072 2368 83 30 1926
1179 2368 54 30 års
1257 2366 138 40 riksdag
1418 2365 193 42 placerades
1635 2367 19 29 å

158 2427 259 39 övergångsstat
448 2424 63 32 och
545 2434 76 21 vars
645 2423 206 32 innehavare
875 2422 53 31 för
952 2419 213 34 närvarande
1189 2419 197 41 uppehåller
1409 2419 104 40 högre
1537 2418 117 32 befatt-

159 2478 94 41 ping,
290 2488 47 21 nu
373 2477 107 32 skulle
516 2477 163 32 återföras
714 2475 51 32 till
790 2475 64 32 den
891 2474 168 32 ordinarie
1095 2476 107 29 staten
1238 2475 86 29 samt
1357 2472 127 32 vikarie
1508 2473 20 30 å
1551 2471 104 32 andre

1700 2162 161 25 Utskottets

1709 2197 141 32 yttrande.
