1928 2846
92 1894 165 26 Utskottets

101 1930 143 32 yttrande.

312 152 63 31 184
763 153 281 30 Statsutskottets
1064 156 177 29 utlåtande
1260 156 51 30 Nr
1329 160 25 26 8.

309 231 56 32 det
389 232 117 32 hittills
530 234 168 38 utgående
722 245 257 30 gemensamma
1002 236 153 41 anslaget
1178 248 101 30 synas
1304 238 42 32 de
1370 240 57 30 två
1449 249 69 31 nya
1542 238 161 42 anslagen
1722 239 82 32 böra

308 276 96 41 givas
431 277 200 33 karaktären
656 289 42 22 av
721 279 169 33 ordinarie
914 281 354 42 reservationsanslag.

354 338 163 42 Slutligen
542 339 98 33 berör
663 341 242 41 överstyrelsen
931 342 9 32 i
966 342 50 32 sin
1041 343 255 43 framställning
1319 346 122 40 frågan
1465 356 55 21 om
1538 345 118 42 anslag
1672 345 50 32 till
1738 351 65 26 sär-

308 392 109 32 skilda
454 393 184 32 understöd
673 394 49 32 till
757 396 364 32 föreståndararvoden
1157 397 57 32 vid
1249 398 157 32 enskilda
1433 398 161 33 anstalter
1618 400 52 31 för
1692 399 111 41 yrkes-

309 445 253 43 undervisning.
599 447 327 42 Skolöverstyrelsen
951 449 61 32 har
1034 450 11 31 i
1070 450 92 32 detta
1187 451 191 32 hänseende
1403 452 183 41 föreslagit,
1610 456 48 28 att
1681 456 47 28 ett
1750 454 54 30 för

307 499 192 32 ändamålet
535 504 109 28 avsett
679 501 167 33 ordinarie
881 503 344 42 reservationsanslag
1256 506 20 30 å
1300 506 121 37 20,000
1445 505 125 32 kronor
1594 507 103 31 måtte
1720 517 83 30 upp-

306 553 93 31 föras
422 552 11 32 i
457 553 190 33 riksstaten.

352 614 246 34 Statskontoret
623 616 61 32 har
707 617 64 32 den
798 619 42 30 26
866 618 190 41 september
1082 620 84 32 1929
1191 620 129 42 avgivit
1344 621 175 32 utlåtande
1543 621 10 31 i
1577 622 139 32 ärendet
1739 622 63 32 och

306 667 120 33 därvid
464 670 195 38 framhållit,
695 674 47 28 att
777 671 41 32 de
842 672 198 41 ifrågasatta
1066 673 166 32 särskilda
1254 674 163 40 anslagen
1442 674 49 32 till
1515 674 288 42 läraravlöningar

306 721 58 32 vid
397 722 152 32 enskilda
578 724 159 32 anstalter
770 725 54 31 för
851 725 350 43 yrkesundervisning
1224 727 61 32 och
1311 727 50 32 till
1386 727 417 43 undervisningsmateriel

305 775 59 32 vid
399 786 132 22 samma
565 776 161 33 anstalter
753 777 106 42 enligt
883 779 258 32 statskontorets
1167 780 139 42 mening
1329 780 104 33 borde
1456 780 122 33 liksom
1604 781 56 33 det
1683 781 119 32 hittills

305 829 169 39 utgående
497 840 255 30 gemensamma
776 831 155 42 anslaget
953 832 128 32 erhålla
1105 833 201 33 karaktären
1323 845 43 21 av
1383 834 168 32 ordinarie
1568 835 235 32 reservations-

305 881 129 42 anslag.

350 943 121 42 Någon
506 945 131 41 ökning
668 956 43 22 av
734 946 42 32 de
800 947 54 31 för
877 947 261 41 ifrågavarande
1162 948 233 34 läroanstalter
1418 950 149 32 avsedda
1589 950 213 33 understöds-

304 997 111 32 medel
440 998 60 31 har
524 998 373 41 departementschefen
923 1000 164 33 förklarat
1110 1001 52 41 sig
1184 1002 73 32 icke
1274 1003 119 32 kunna
1408 1003 146 32 förorda.
1584 1003 116 42 Enligt
1716 1004 86 32 hans

304 1050 142 42 mening
470 1051 102 32 borde
596 1051 50 32 till
670 1052 152 32 nämnda
845 1053 161 32 anstalter
1030 1055 53 31 för
1107 1054 199 42 budgetåret
1332 1055 185 40 1930/1931
1542 1057 111 31 anslås
1670 1068 133 21 samma

303 1103 124 42 belopp
460 1115 73 21 som
558 1106 53 31 för
634 1116 48 20 nu
706 1105 145 42 löpande
875 1106 166 42 budgetår
1065 1107 79 33 eller
1168 1109 142 38 675,000
1335 1109 133 32 kronor.
1516 1110 76 31 Vad
1617 1110 185 32 beträffade

303 1157 379 42 understödsbeloppets
706 1159 214 42 uppdelning
935 1160 9 31 i
961 1162 57 30 två
1041 1161 166 32 särskilda
1231 1162 127 41 anslag,
1384 1166 47 28 ett
1446 1162 51 32 till
1513 1163 289 41 läraravlöningar

303 1211 63 31 och
391 1214 47 28 ett
461 1211 50 31 till
536 1211 424 43 undervisningsmateriel,
986 1213 61 32 har
1071 1214 372 41 departementschefen
1460 1216 161 41 tillstyrkt
1637 1227 42 21 en
1695 1217 106 31 sådan

303 1264 128 41 åtgärd.
468 1265 163 41 Anslaget
654 1265 49 32 till
728 1265 289 43 läraravlöningar
1041 1271 114 37 syntes
1179 1268 184 42 lämpligen
1389 1270 117 31 kunna
1530 1269 205 33 bestämmas
1751 1270 51 32 till

303 1318 144 37 610,000
482 1318 124 32 kronor
645 1319 63 32 och
742 1319 154 42 anslaget
930 1320 50 32 till
1008 1320 417 43 undervisningsmateriel
1448 1323 50 31 till
1522 1324 120 36 65,000
1666 1324 133 32 kronor.

303 1370 94 32 Båda
432 1371 160 41 anslagen
628 1371 102 33 borde
753 1373 187 40 självfallet
963 1374 127 31 erhålla
1114 1376 361 41 reservationsanslags
1500 1381 108 27 natur.

348 1433 117 33 Under
488 1433 213 42 åberopande
724 1445 42 22 av
790 1435 67 32 vad
882 1446 43 21 av
949 1436 372 41 departementschefen
1346 1439 130 31 anförts
1495 1439 106 32 under
1613 1440 110 40 punkt
1735 1440 65 31 239

301 1486 10 32 i
328 1487 367 41 statsrådsprotokollet
715 1488 60 32 har
791 1489 70 31 han
878 1494 85 27 även
977 1489 212 33 beträffande
1202 1491 96 32 dessa
1311 1491 113 32 skolor
1437 1492 181 42 föreslagit,
1628 1497 47 28 att
1688 1494 112 30 såsom

301 1539 124 33 villkor
449 1542 52 30 för
526 1540 182 33 understöd
733 1541 49 32 till
807 1542 418 42 undervisningsmateriel
1249 1545 86 31 skall
1359 1545 99 41 gälla,
1476 1549 49 28 att
1545 1545 120 33 sådant
1681 1546 119 32 under-

301 1593 76 32 stöd
412 1594 73 32 icke
521 1594 52 31 får
605 1596 82 39 utgå
720 1596 51 31 för
794 1595 107 42 inköp
926 1606 42 21 av
992 1596 386 42 förbrukningsartiklar
1402 1599 53 31 för
1477 1599 228 42 yrkesmässig
1727 1610 72 31 pro-

301 1646 144 33 duktion
470 1658 42 21 av
535 1647 51 32 till
611 1648 203 41 försäljning
837 1649 148 32 avsedda
1008 1649 109 33 alster.

347 1692 271 49 Överstyrelsens
654 1701 126 42 förslag
815 1713 56 21 om
903 1703 135 31 särskilt
1062 1703 119 42 anslag
1204 1704 49 31 till
1277 1705 361 33 föreståndararvoden
1662 1706 62 32 har
1747 1706 52 32 de-

302 1754 328 40 partementschefen
663 1755 162 32 förklarat
848 1756 52 41 sig
923 1756 68 32 lika
1014 1756 73 32 litet
1110 1757 10 31 i
1146 1758 96 40 fråga
1265 1768 56 21 om
1346 1758 98 32 dessa
1467 1759 112 32 skolor
1594 1770 71 21 som
1679 1759 10 32 i
1703 1760 97 41 fråga

301 1817 57 21 om
383 1807 41 32 de
448 1808 223 31 kommunala
694 1809 160 32 skolorna
878 1810 118 31 kunna
1018 1810 147 32 förorda.

346 1887 118 32 Under
497 1888 210 42 hänvisning
738 1889 50 31 till
824 1890 66 31 vad
928 1890 162 32 utskottet
1114 1892 113 31 anfört
1250 1892 109 32 under
1383 1893 282 41 nästföregående
1688 1894 112 41 punkt

300 1940 185 41 tillstyrker
517 1942 164 32 utskottet
715 1942 128 42 Kungl.
881 1943 114 41 Maj:ts
1030 1944 129 41 förslag
1192 1945 9 31 i
1234 1946 98 40 fråga
1355 1956 56 21 om
1436 1946 212 42 uppdelning
1671 1958 41 21 av
1738 1947 61 31 här

299 1994 261 41 ifrågavarande
596 1995 119 41 anslag
748 1996 11 31 i
795 1999 47 29 ett
877 1997 119 41 anslag
1032 1997 52 31 till
1119 1997 292 43 läraravlöningar
1445 2000 63 31 och
1536 2003 48 29 ett
1606 2000 119 40 anslag
1748 2000 50 32 till

299 2047 427 42 undervisningsmateriel.
767 2050 77 31 Vad
862 2049 159 32 beträffar
1037 2050 158 42 beloppet
1211 2062 42 21 av
1270 2052 153 41 anslaget
1436 2053 49 31 till
1499 2053 297 42 läraruvlöningar,

298 2101 111 32 finner
443 2101 162 32 utskottet
639 2102 197 42 visserligen
862 2104 103 40 syftet
990 2104 78 31 med
1091 2104 57 32 det
1172 2105 201 32 motionsvis
1395 2106 214 32 framställda
1631 2107 167 41 yrkandet

299 2165 56 21 om
392 2154 145 42 höjning
572 2166 43 20 av
651 2155 91 32 detta
766 2156 120 42 anslag
910 2156 240 33 beaktansvärt
1175 2169 77 21 men
1277 2169 100 22 anser
1401 2159 52 42 sig
1476 2160 73 32 icke
1573 2160 117 32 kunna
1714 2164 80 28 utan

297 2208 195 41 ytterligare
528 2209 183 42 utredning
745 2210 138 32 förorda
918 2221 41 21 en
994 2211 107 32 sådan
1136 2212 154 41 höjning.
1339 2213 214 32 Framhållas
1583 2213 61 33 bör
1676 2215 121 31 även
1777 2204 24 53 i

299 2261 92 32 detta
426 2263 260 41 sammanhang,
723 2267 48 28 att
803 2265 123 40 frågan
962 2275 54 21 om
1053 2268 128 29 statens
1217 2266 421 33 understödsverksamhet
1668 2270 44 39 på
1736 2268 61 31 här

297 2314 261 41 ifrågavarande
582 2316 137 33 område
743 2317 10 31 i
778 2317 70 32 viss
872 2319 81 30 mån
977 2318 68 31 kan
1070 2323 83 27 röna
1176 2319 187 40 inflytande
1388 2331 42 21 av
1454 2324 46 27 ett
1524 2321 161 32 framtida
1708 2321 88 32 ställ-

297 2367 250 42 ningstagande
582 2369 50 32 till
668 2370 63 31 den
767 2370 185 42 utredning
988 2371 142 32 rörande
1154 2372 174 40 praktiska
1352 2373 275 41 bildningslinjer
1650 2376 43 39 på
1716 2374 80 32 real-

297 2421 137 32 skolans
480 2422 268 40 åldersstadium,
797 2435 117 21 varom
962 2424 181 42 riksdagen
1185 2427 37 30 år
1259 2427 83 31 1927
1379 2426 119 41 gjorde
1533 2427 261 41 framställning.

297 2474 172 33 Utskottet
493 2486 99 21 anser
616 2476 51 41 sig
691 2478 43 39 på
749 2488 47 20 nu
814 2477 146 32 anförda
976 2477 72 32 skäl
1067 2477 82 33 böra
1165 2478 210 33 härutinnan
1391 2479 133 32 ansluta
1539 2481 51 40 sig
1602 2480 50 32 till
1665 2481 128 41 Kungl.
