1930 2848
104 926 128 32 Höjning
252 934 36 18 av

98 961 127 32 anslaget
245 962 48 25 till

131 998 128 25 materiel

115 1042 37 17 m.
171 1042 37 16 m.
228 1033 44 26 till

97 1070 74 25 vissa
187 1069 113 26 institu-

112 1106 92 25 tioner
222 1105 55 25 och

135 1141 125 25 kliniker

124 1177 46 25 vid
190 1178 79 24 karo-

99 1213 95 25 linska
212 1212 79 26 insti-

154 1250 82 24 tutet.

149 1291 93 42 [110]

317 167 42 31 82
768 165 281 31 Statsutskottets
1068 166 177 30 utlåtande
1263 165 51 31 Nr
1333 168 25 28 8.

360 247 264 41 Ifrågavarande
648 250 94 29 extra
766 247 118 41 anslag
908 250 98 38 utgör
1029 248 54 31 för
1106 258 47 21 nu
1177 247 147 41 löpande
1349 247 164 42 budgetår
1537 248 120 38 98,513
1675 248 134 32 kronor.

317 300 65 32 Det
415 311 48 21 nu
495 300 125 33 äskade
654 300 160 42 beloppet
848 301 61 31 har
931 301 239 32 framkommit
1193 300 200 42 därigenom
1417 304 49 28 att
1489 311 41 22 en
1554 301 215 41 anslagspost
1791 303 20 30 å

317 354 98 38 6,555
438 353 126 32 kronor
586 353 51 32 till
659 354 183 41 poliklinik
864 355 54 31 för
940 354 288 41 barnsjukdomar
1250 354 12 31 i
1286 354 198 32 Stockholm
1508 354 169 32 uteslutits
1693 355 55 32 för
1763 358 48 28 att

316 406 186 33 behandlas
526 407 11 31 i
561 410 104 29 annat
689 407 259 42 sammanhang.

362 487 172 32 Utskottet
557 487 204 39 hemställer,

681 544 49 29 att
754 541 180 41 riksdagen
959 542 57 31 må
1039 542 54 31 för
1115 541 192 32 beredande
1331 552 42 21 av
1390 541 354 41 avlöningsförmåner
1759 542 53 32 för

637 594 90 32 vissa
763 598 94 28 extra
890 594 169 32 ordinarie
1094 594 116 36 lärare,
1246 605 226 21 amanuenser
1507 595 61 32 och
1605 595 208 40 tjänstemän

637 659 45 20 m.
701 659 44 21 m.
764 648 58 32 vid
846 648 195 32 karolinska
1065 647 343 42 mediko-kirurgiska
1431 648 167 32 institutet
1621 649 120 31 anvisa
1760 649 54 31 för

637 701 201 41 budgetåret
863 699 187 43 1930/1931
1077 704 46 29 ett
1146 705 95 29 extra
1264 701 119 41 anslag
1406 712 43 21 av
1473 702 119 38 91,958
1617 702 126 32 kronor
1765 704 48 29 att

637 754 76 33 med
745 754 166 33 särskilda
937 754 123 42 belopp
1085 766 42 21 av
1152 755 128 41 Kungl.
1307 755 98 40 Maj:t
1428 755 176 32 användas
1627 756 55 31 för
1705 755 41 32 de
1770 766 42 22 av

638 808 374 41 departementschefen
1045 808 11 32 i
1080 808 365 41 statsrådsprotokollet
1469 808 149 41 angivna
1642 808 170 33 ändamål.

366 921 106 44 114:o)
518 924 127 41 Kungl.
683 924 99 41 Maj:t
816 925 62 31 har
912 921 122 45 (punkt
1072 922 73 43 110)
1173 924 175 42 föreslagit
1371 924 181 42 riksdagen
1576 927 49 29 att
1648 925 54 32 för
1725 925 89 32 bere-

319 977 110 32 dande
464 988 43 22 av
542 978 129 41 ökning
705 989 44 21 av
777 978 257 41 anslagsposten
1057 977 52 33 till
1132 978 152 32 materiel
1308 989 44 20 m.
1380 989 43 20 m.
1448 979 54 31 för
1526 978 288 42 farmakologiska

318 1031 235 32 institutionen
589 1032 77 31 från
692 1032 99 38 1,000
815 1031 124 32 kronor
962 1031 51 32 till
1037 1032 99 38 3,000
1159 1032 126 31 kronor
1310 1031 65 32 öka
1399 1031 55 32 det
1478 1031 168 32 ordinarie
1670 1042 144 22 reserva-

318 1084 242 42 tionsanslaget
594 1084 51 32 till
679 1085 153 32 materiel
867 1096 43 21 m.
942 1096 44 21 m.
1017 1086 54 31 för
1104 1085 91 32 vissa
1229 1085 229 32 institutioner
1491 1085 63 32 och
1587 1085 146 32 kliniker
1757 1085 57 32 vid

318 1137 195 33 karolinska
536 1138 343 41 mediko-kirurgiska
901 1138 179 39 institutet,
1104 1149 47 21 nu
1177 1139 121 38 76,600
1322 1138 133 39 kronor,
1480 1138 78 32 med
1576 1139 98 38 2,000
1691 1139 124 31 kronor

319 1191 52 32 till
396 1192 120 37 78,600
539 1191 133 32 kronor.

364 1244 235 42 Utredningen
624 1245 182 32 återfinnes
830 1247 20 29 å
872 1245 61 32 sid.
959 1246 175 31 287—291
1159 1245 12 31 i
1195 1244 374 42 statsrådsprotokollet.

365 1334 16 31 I
413 1333 57 33 det
501 1334 12 31 i
545 1334 182 31 riksstaten
759 1333 110 32 under
900 1333 117 32 rubrik
1050 1333 206 32 Karolinska
1284 1333 340 42 mediko-kirurgiska
1648 1333 167 33 institutet

320 1391 175 38 upptagna
519 1387 167 32 ordinarie
710 1386 379 42 reservationsanslaget
1113 1388 19 30 å
1157 1388 120 38 76,600
1301 1387 126 32 kronor
1450 1386 49 32 till
1523 1387 152 32 materiel
1698 1399 45 20 m.
1769 1399 45 20 m.

320 1442 54 31 för
397 1441 90 33 vissa
509 1441 229 32 institutioner
762 1441 65 31 och
849 1440 146 32 kliniker
1018 1440 98 41 ingår
1140 1451 41 21 en
1206 1440 213 42 anslagspost
1443 1442 20 30 å
1497 1442 96 38 1,000
1617 1441 126 32 kronor
1767 1441 49 32 till

321 1494 151 33 materiel
495 1505 44 21 m.
558 1505 43 21 m.
626 1495 54 31 för
703 1494 290 42 farmakologiska
1015 1494 247 32 institutionen.
1299 1494 175 32 Alltsedan
1498 1494 199 42 budgetåret
1716 1493 100 43 1923/

323 1549 86 31 1924
443 1548 62 32 har
538 1547 116 33 vidare
681 1547 183 42 riksdagen
892 1547 132 33 anvisat
1052 1550 94 29 extra
1173 1547 247 42 anslagsmedel
1444 1547 50 32 till
1518 1548 233 42 förstärkning
1773 1559 43 22 av

321 1601 150 33 nämnda
506 1601 167 32 ordinarie
709 1601 226 41 anslagspost;
962 1602 54 31 för
1043 1600 199 42 budgetåret
1271 1599 190 43 1929/1930
1485 1603 99 39 utgår
1607 1601 143 33 sålunda
1774 1613 42 21 av

322 1655 56 32 det
409 1665 42 23 av
484 1655 181 41 riksdagen
697 1655 55 32 för
775 1654 151 32 nämnda
949 1654 166 42 budgetår
1138 1654 162 33 anvisade
1324 1658 94 29 extra
1441 1655 376 41 reservationsanslaget

322 1710 20 30 å
369 1702 120 45 58,100
512 1708 125 32 kronor
660 1707 50 33 till
734 1707 152 33 materiel
909 1708 54 32 för
986 1708 91 32 vissa
1099 1708 230 32 institutioner
1352 1707 57 34 vid
1434 1708 193 32 karolinska
1650 1708 168 33 institutet

322 1773 44 20 m.
392 1773 44 20 m.
466 1764 47 30 ett
547 1761 121 42 belopp
704 1772 44 23 av
784 1762 65 31 300
883 1761 125 32 kronor
1042 1761 51 32 till
1128 1761 151 32 materiel
1307 1773 44 20 m.
1378 1772 44 21 m.
1447 1762 55 32 för
1528 1762 290 42 farmakologiska

321 1815 245 32 institutionen.

366 1869 53 32 Av
451 1868 56 32 det
539 1868 50 32 till
611 1868 237 32 institutionen
872 1868 169 41 utgående
1065 1868 218 41 årsanslaget,
1308 1868 228 42 sammanlagt
1561 1870 97 39 1,300
1682 1869 134 39 kronor,

322 1922 62 32 har
406 1922 109 32 under
538 1922 41 32 de
602 1925 132 29 senaste
758 1924 81 30 åren
855 1921 160 42 omkring
1030 1921 131 33 hälften
1178 1923 108 40 åtgått
1303 1923 53 31 för
1372 1922 127 32 sådana
1516 1922 145 42 löpande
1679 1923 139 41 utgifter

323 1987 73 21 som
430 1975 216 42 renhållning
679 1986 44 22 av
757 1975 249 39 institutionen,
1041 1978 96 36 tvätt,
1162 1975 127 33 telefon
1314 1975 63 32 och
1401 1975 125 33 skötsel
1549 1987 43 22 av
1615 1976 80 32 hiss.
1744 1976 74 32 Den

323 2029 209 33 återstående
566 2029 131 32 hälften
734 2029 63 32 har
830 2029 98 32 alltså
952 2029 87 32 varit
1066 2028 191 42 disponibel
1281 2030 54 31 för
1357 2029 104 41 inköp
1486 2029 63 32 och
1573 2029 179 32 underhåll
1776 2040 42 22 av

322 2082 213 42 försöksdjur
567 2085 88 29 samt
687 2082 225 32 anskaffande
940 2093 42 21 av
1006 2085 187 39 apparater,
1217 2082 215 39 instrument,
1456 2082 200 33 kemikalier
1679 2083 64 32 och
1768 2082 50 33 be-

322 2136 117 42 hövlig
462 2136 304 42 speciallitteratur.

367 2189 206 33 Karolinska
598 2189 187 32 institutets
808 2188 276 42 lärarkollegium
1107 2189 62 32 har
1192 2188 200 40 framhållit,
1417 2192 49 29 att
1489 2189 57 32 det
1569 2190 54 31 för
1646 2189 161 33 undervis

322 2243 145 41 ningens
502 2243 63 32 och
600 2243 55 32 det
678 2242 257 42 vetenskapliga
958 2242 145 33 arbetets
1127 2242 208 33 bedrivande
1359 2242 57 33 vid
1441 2243 64 32 den
1531 2243 289 41 farmakologiska

323 2297 235 32 institutionen
593 2301 37 27 är
664 2296 214 41 nödvändigt
911 2299 50 29 att
995 2296 209 41 årsanslaget
1227 2296 38 32 til
1290 2296 152 33 materiel
1465 2296 106 40 höjes.
1620 2297 73 31 Den
1719 2297 100 32 erfor-

324 2350 127 41 derliga
483 2350 188 41 höjningen
695 2349 168 32 beräknar
885 2349 158 42 kollegiet
1067 2349 50 32 till
1143 2350 97 38 1,700
1265 2349 134 39 kronor,
1424 2352 49 29 att
1496 2349 177 32 användas
1698 2350 123 31 främst

323 2403 51 32 till
397 2403 105 42 inköp
526 2403 63 32 och
612 2403 181 32 underhåll
817 2414 42 22 av
883 2403 224 41 försöksdjur,
1131 2403 105 41 inköp
1261 2414 42 21 av
1328 2405 178 39 apparater
1529 2406 88 29 samt
1642 2402 51 32 till
1718 2403 102 32 kemi-

323 2456 105 32 kalier
451 2457 64 32 och
537 2456 290 42 farmakologiska
851 2460 165 38 preparat.
