1908 2850
573 157 293 33 Statsutskottets
892 155 184 31 utlåtande
1099 155 53 30 Nr
1179 155 29 29 8.
1559 152 40 30 19

1270 263 148 38 Ordinarie
1456 294 2 10 ;
1533 263 84 37 Extra
1684 244 3 52 i

1296 299 95 41 anslag
1524 302 95 31 anslag
1646 298 12 44 —
1685 305 2 33 |

1229 346 171 38 ocKronor
1456 352 3 22 |
1519 346 110 23 Kronor
1685 341 2 41 |

569 430 311 48 Handelsläroverk.
1685 416 2 40 |

1686 472 2 28 i

147 532 16 26 7
191 521 21 48 |
224 528 320 37 Handelsgymnasier
563 521 12 48 =
618 544 605 10 oeesecssesesesesesrirsseerereesrersnrinnnrnnnn
1317 521 143 33 135,000]
1686 503 2 37 |

146 575 18 27 8
188 567 21 46 |
223 573 159 36 Förhöjda
406 571 173 28 understöd
603 571 31 27 åt
656 544 315 65 handelsgymnasier
1024 589 80 4 SE
1544 561 144 45 139,300

146 620 17 26 9
187 607 20 49 |
224 616 257 36 Resestipendier
505 616 30 27 åt
559 615 102 27 lärare
685 614 54 27 vid
763 611 298 30 statsunderstödda
1078 590 154 47 handels-;
1686 607 2 33 |

200 660 2 3 |
268 660 188 37 gymnasier,
481 659 305 33 reservalionsanslag
814 680 100 4 .....——-...
1012 678 12 4 es
1057 651 28 42 Ske
1102 678 2 2 RNöNE
1141 651 39 42 Nero
1189 675 34 5 rna
1231 680 3 20 |
1588 652 101 36 1,000.

1317 706 135 33 135,000
1420 676 52 74 00]
1544 695 145 53 140,500/

1231 746 2 14 1
1396 749 76 34 TV
1687 763 3 30 |

1458 793 3 18 I

200 855 3 24 |
241 826 210 31 Kommunala
476 825 61 30 och
554 823 149 31 enskilda
720 823 158 29 anstalter
892 821 53 40 för
961 817 265 43 yrkesundervis-
1687 804 3 59 |

682 866 90 40 ning.
1459 863 2 12 |

127 943 38 27 10
201 947 5 36 |
225 942 180 29 Understöd
428 942 49 27 för
501 941 153 35 avlöning
677 948 39 19 av
739 940 104 26 lärare
866 938 55 27 vid
944 936 205 28 kommunala
1173 943 53 18 an-
1459 959 3 16 |
1688 915 2 12 |

269 987 111 27 stalter
402 986 49 27 för
473 983 338 38 yrkesundervisning,
836 981 235 36 förslagsanslag
1188 1000 36 5 rd
1316 978 137 33 675,000

127 1031 36 26 11
193 1019 19 49 |
226 1030 179 28 Understöd
444 1030 50 26 för
533 1026 390 36 undervisningsmateriel
958 1025 31 27 åt
1022 1023 205 28 kommunala

269 1074 152 28 anstalter
444 1073 50 27 för
515 1070 338 37 yrkesundervisning,
878 1068 305 34 reservalionsanslag
1317 1063 145 40 100,000.

127 1119 38 26 12
193 1107 19 49 |
225 1118 181 28 Understöd
429 1117 49 27 för
502 1116 151 35 avlöning
676 1123 38 19 av
737 1114 102 27 lärare
864 1113 55 28 vid
941 1112 147 27 enskilda
1111 1111 123 27 anstal-/

270 1165 48 24 ter
341 1162 49 26 för
412 1159 335 37 yrkesundervisning,
771 1156 306 34 reservalionsanslag
1101 1177 49 4 .....
1167 1177 4 4 s
1315 1153 147 42 610,000;

127 1206 38 27 13
192 1195 18 48 |
225 1205 181 29 Understöd
440 1205 48 27 för
523 1201 390 37 undervisningsmaterie!l
948 1201 31 26 åt
1010 1199 146 28 enskilda
1180 1207 49 18 an-

270 1250 111 27 stalter
402 1249 49 27 för
474 1246 336 37 yrkesundervisning,
834 1243 391 35 reservaltionsanslag........
1339 1241 115 32 63,000

127 1294 38 26 14
192 1282 18 48 |
225 1293 180 29 Understöd
428 1293 32 27 åt
488 1290 206 29 obemedlade
718 1290 62 27 och
804 1289 123 27 mindre
952 1287 188 28 bemedlade
1165 1286 62 27 ele-
1689 1299 3 12 |

271 1346 56 19 ver
360 1337 54 27 vid
446 1335 297 29 statsunderstödda
777 1334 108 27 skolor
915 1333 49 27 för
986 1331 241 28 husmodersut-
1689 1315 3 16 |

270 1382 153 34 bildning,
447 1380 235 35 förslagsanslag
709 1399 298 6 =...
1060 1398 24 4 ok
1168 1382 68 18 äranes]
1461 1395 2 12 i
1535 1372 17 16 +
1568 1372 115 32 40,000

1234 1415 2 16 |
1288 1426 168 32 1,450,000
1570 1425 114 32 40,000

329 1551 172 31 Särskilda
526 1551 157 29 anstalter
705 1549 53 39 för
781 1546 345 41 yrkesundervisning.

227 1625 157 29 Tekniska
408 1625 111 27 skolan
543 1624 10 26 i
578 1622 198 28 Stockholm:

129 1669 37 27 15
270 1668 158 29 Tekniska
451 1667 111 29 skolan
587 1667 11 27 i
622 1665 184 28 Stockholm
866 1688 46 2 >...
1118 1684 110 4 rrteesenan
1321 1661 145 33 102,575,)

128 1713 39 27 16
271 1713 167 28 Täckande
463 1720 38 19 av
525 1711 82 27 brist
630 1711 10 26 i
664 1709 144 28 tekniska
832 1708 130 27 skolans
986 1686 62 49 stat
1214 1728 2 2 .
1573 1703 122 33 10,500!

128 1756 39 28 17
270 1757 249 28 Verksamheten
542 1755 56 27 vid
621 1753 144 28 tekniska
789 1753 112 27 skolan
924 1752 11 27 i
959 1750 186 28 Stockholm
1180 1771 38 5 ......
1572 1748 124 32 33,000;

128 1800 40 28 18
191 1794 19 47 |
228 1800 210 37 Bergsskolan
461 1799 11 27 i
495 1798 155 36 Filipstad
688 1822 98 2 cc...
1571 1791 125 33 20,000;

128 1843 39 28 19
193 1836 18 48 |
228 1844 180 36 Ersättning
435 1844 31 27 åt
493 1842 314 35 befattningshavare
822 1840 54 27 vid
888 1818 186 57 bergsskolan
1101 1818 18 46 i
1135 1816 96 48 Falun
1693 1823 3 32 i

271 1889 81 27 efter
375 1888 120 26 dennas
518 1885 210 36 nedläggning
766 1908 2 2 ..
864 1908 2 2 .
1072 1904 144 2 fr
1574 1878 114 33 10,020

129 1931 39 27 20
204 1934 2 10 '
227 1932 181 28 Vävskolan
431 1931 11 26 i
464 1930 98 27 Borås
603 1952 91 4 ..........-
1574 1915 122 44 12,550/

127 1975 37 26 21
205 1975 1 8 |
233 1975 234 48 Dyrtidstillägg
500 1974 55 27 vid
588 1952 148 48 tekniska
763 1950 113 49 skolan
899 1971 11 26 i
910 1948 220 53 Stockholm,
1156 1969 75 26 väv-

273 2019 111 28 skolan
419 2018 11 27 i
462 2017 98 27 Borås
601 2018 81 26 samt
715 2014 230 29 förutvarande
979 2012 207 36 bergsskolan
1222 2011 9 26 i

273 2063 110 32 Falun,
409 2064 242 34 förslagsanslag
964 2082 2 2 .
1040 2080 2 2 .
1118 2080 2 2 |
1216 2078 24 37 |
1538 2052 16 16 =
1573 2052 124 39 35,000/

1323 2096 145 46 102,575!
1507 2090 19 57 —
1552 2094 145 43 121,070!

292 2232 195 32 Utbildande
511 2241 42 20 av
578 2232 108 29 lärare
704 2230 53 39 för
773 2227 387 41 yrkesundervisningen.

129 2306 40 26 22
206 2334 2 8 |
229 2299 151 43 Åtgärder
413 2305 48 26 för
496 2303 179 36 utbildning
698 2311 39 19 av
761 2303 102 26 lärare
889 2302 48 26 för
970 2299 262 36 yrkesundervis-
1466 2286 3 52 |

1455 2362 17 22 |

272 2348 115 35 ningen
414 2356 38 18 m.
473 2356 52 23 m.,
550 2346 306 45 reservationsanslag
1086 2366 2 2 AT
1130 2366 56 2 sr
1574 2339 115 32 25,000

680 2406 93 36 Säger
797 2406 48 27 för
867 2380 391 64 yrkesundervisningen|
1288 2390 180 58 2,150,975|
1553 2400 145 33 364,970/

134 2476 12 13 +
167 2480 38 22 Av
225 2479 97 31 Kungl.
347 2479 73 29 Maj:t
439 2478 143 30 föreslaget
604 2477 112 30 belopp,
736 2483 99 16 varom
857 2472 144 26 utlåtande
1021 2473 148 24 framdeles
1189 2473 131 23 kommer
1339 2473 41 22 att
1399 2471 117 31 avgivas.
