1922 2860
594 178 281 31 Statsutskottets
895 177 176 30 utlåtande
1090 176 52 31 Nr
1159 179 25 27 8.
1591 174 40 31 27

133 264 63 31 har
231 274 46 21 nu
313 261 127 42 Kungl.
476 261 99 41 Maj:t
610 258 122 44 (punkt
769 257 51 43 18)
856 259 174 41 föreslagit
1060 258 182 42 riksdagen
1267 260 49 30 att
1339 268 43 22 av
1406 255 228 34 omförmälda

133 317 134 41 belopp,
293 316 144 38 575,000
461 315 135 36 kronor,
621 315 54 31 för
689 313 201 42 budgetåret
908 311 188 42 1930/1931
1115 312 119 32 anvisa
1250 313 113 30 såsom
1380 313 93 30 extra
1489 319 145 22 reserva-

134 369 211 42 tionsanslag
369 368 202 39 återstoden,
599 368 142 38 185,400
765 367 133 32 kronor.

180 451 174 32 Utskottet
376 448 205 38 hemställer,

502 505 49 29 att
575 501 181 41 riksdagen
781 502 56 30 må
860 511 43 22 av
926 500 41 32 de
991 500 54 31 för
1061 498 191 39 utförande,
1270 498 11 31 i
1298 496 231 42 huvudsaklig
1545 500 91 28 över-

457 554 255 34 ensstämmelse
736 554 78 33 med
838 554 11 31 i
870 553 138 33 ärendet
1024 552 193 42 framlagda
1232 551 138 42 förslag,
1388 561 42 22 av
1445 561 47 30 ny
1508 554 128 28 värme-

457 608 369 42 ledningsanläggning
861 611 87 28 samt
983 606 159 33 elektrisk
1177 605 208 42 belysnings-
1409 604 64 32 och
1496 602 141 34 kraftin-

459 663 171 32 stallation
664 663 11 31 i
707 660 470 42 nationalmuseibyggnaden
1205 658 170 42 beviljade
1398 657 111 33 medel
1532 658 21 31 å
1575 656 62 33 till-

458 717 91 41 hopa
573 716 144 39 575,000
740 716 125 32 kronor
888 716 54 31 för
964 714 201 41 budgetåret
1183 710 188 38 1930/1931
1390 711 119 32 anvisa
1525 712 111 31 såsom

458 773 96 29 extra
577 767 342 42 reservationsanslag
943 767 192 32 återstoden
1162 766 141 39 185,400
1327 765 134 32 kronor.

184 886 86 43 22:0)
305 886 128 42 Kungl.
468 886 98 41 Maj:t
600 886 63 32 har
695 882 122 44 (punkt
842 881 52 44 19)
917 883 175 42 föreslagit
1115 882 181 41 riksdagen
1321 883 49 30 att
1393 880 51 32 till
1466 880 106 40 inköp
1597 889 41 22 av

137 942 144 32 modern
304 940 249 33 konstindustri
577 939 64 32 och
664 938 268 33 konsthantverk
956 938 19 31 å
1000 934 462 42 Stockholmsutställningen
1484 934 86 31 1930
1586 933 54 31 för

135 995 204 41 budgetåret
364 991 188 38 1930/1931
579 993 119 33 anvisa
721 995 46 29 ett
791 994 94 30 extra
909 990 119 41 anslag
1051 1001 44 22 av
1122 990 118 38 10,000
1263 989 134 31 kronor.

184 1048 236 41 Utredningen
444 1047 181 32 återfinnes
650 1048 20 30 å
693 1045 60 32 sid.
779 1045 133 32 69—70
935 1044 12 31 i
970 1041 376 43 statsrådsprotokollet.

184 1129 173 33 Utskottet
380 1128 62 32 har
463 1127 75 33 icke
561 1126 117 32 funnit
701 1125 186 41 anledning
910 1124 50 32 till
983 1124 136 32 erinran
1144 1126 71 29 mot
1238 1121 128 42 Kungl.
1384 1121 112 41 Maj:ts
1512 1120 129 41 förslag

136 1183 68 32 och
226 1181 196 33 hemställer
445 1180 126 39 därför,

505 1237 50 29 att
586 1233 180 41 riksdagen
790 1234 57 30 må
870 1231 50 32 till
943 1231 106 41 inköp
1074 1241 43 21 av
1141 1229 142 32 modern
1306 1227 249 33 konstindustri
1578 1226 64 33 och

465 1287 271 33 konsthantverk
760 1288 19 30 å
798 1283 462 41 Stockholmsutställningen
1277 1284 37 30 år
1332 1282 86 32 1930
1434 1282 54 31 för
1503 1280 138 42 budget-

464 1344 70 30 året
561 1339 187 43 1930/1931
775 1339 119 33 anvisa
917 1341 47 30 ett
987 1341 95 29 extra
1106 1337 119 41 anslag
1249 1347 42 22 av
1318 1336 120 39 10,000
1461 1335 134 32 kronor.

187 1466 86 43 23:0)
298 1467 126 42 Kungl.
451 1467 99 40 Maj:t
582 1466 62 32 har
672 1463 121 44 (punkt
817 1461 53 43 20)
894 1463 175 41 föreslagit
1092 1462 180 41 riksdagen
1297 1464 50 29 att
1369 1460 50 32 till
1442 1459 202 41 avlöningar

142 1523 50 32 till
218 1521 255 34 icke-ordinarie
496 1519 338 41 befattningshavare
858 1517 57 33 vid
939 1517 323 32 livrustkammaren
1286 1514 119 33 anvisa
1427 1514 54 32 för
1504 1512 139 42 budget-

142 1578 72 31 året
239 1574 187 37 1930/1931
453 1577 47 29 ett
523 1576 95 30 extra
641 1572 119 42 anslag
783 1583 42 21 av
850 1571 121 39 26,950
993 1570 127 32 kronor
1143 1572 49 29 att
1215 1570 82 40 utgå
1320 1568 85 31 efter
1426 1567 42 32 de
1483 1566 159 41 grunder,

142 1641 74 21 som
241 1628 129 42 Kungl.
396 1628 99 40 Maj:t
518 1628 69 31 kan
610 1627 94 31 finna
727 1625 124 41 skäligt
874 1623 165 33 meddela.

188 1683 236 41 Utredningen
449 1681 181 33 återfinnes
655 1681 19 30 å
698 1679 60 32 sid.
786 1679 131 32 70—72
940 1678 11 31 i
976 1674 376 43 statsrådsprotokollet.

188 1782 66 32 För
278 1780 212 33 närvarande
508 1779 198 41 disponerar
721 1777 323 33 livrustkammaren
1060 1776 54 31 för
1130 1777 93 29 extra
1239 1773 169 32 ordinarie
1423 1771 221 42 befattnings-

143 1836 127 32 havare
305 1837 47 30 ett
384 1833 118 41 anslag
532 1844 43 21 av
600 1832 121 39 24,430
744 1832 134 31 kronor.
926 1830 101 31 Detta
1050 1828 123 41 belopp
1197 1826 148 34 fördelar
1368 1826 52 41 sig
1443 1826 10 31 i
1477 1824 167 34 avseende

143 1891 22 29 å
188 1888 208 42 grundlöner
420 1887 63 32 och
506 1885 318 41 löneförhöjningar
847 1885 44 39 på
914 1883 153 40 följande
1092 1884 79 29 sätt:

1121 1942 148 33 Lönegrad
1289 1942 54 25 och

1162 1978 145 26 löneklass
1399 1977 115 25 Kronor

255 2033 15 29 1
296 2029 150 33 tekniskt
469 2028 132 33 biträde
625 2022 289 46 (livrustmästare)
941 2050 194 6 ........
1194 2023 49 32 10:
1260 2023 18 31 8
1372 2022 108 38 2,988:
1495 2038 42 4 —

256 2087 15 29 1
298 2082 171 42 kvinnligt
492 2081 151 33 tekniskt
667 2080 128 33 biträde
823 2076 136 44 (åldfru).
971 2104 166 5 ......
1172 2076 124 33 arvode
1333 2069 21 53 =
1373 2075 107 38 3,000:
1495 2091 44 4 —

253 2140 21 29 4
298 2137 228 33 vaktmästare.
539 2157 596 10 ...oosooos
806 2131 44 46 ss
861 2131 67 46 ss
939 2131 41 46 sr
996 2131 38 46 or
1048 2131 41 46 rs
1100 2131 38 46 rs
1215 2131 29 31 6:
1259 2131 21 29 4
1372 2130 108 37 9,456:
1495 2145 42 4 —

256 2193 15 29 1
298 2200 188 22 amanuens
513 2211 624 10 ..osossosess
833 2185 72 47 see
918 2185 39 47 se
968 2185 42 47 re
1024 2185 39 47 re
1089 2185 51 47 rs
1194 2184 109 31 21:19
1373 2183 108 38 5,676:
1497 2198 42 4 —

253 2245 106 31 Extra
383 2243 117 33 vakter
524 2242 64 32 och
611 2240 150 41 tillfällig
785 2238 206 41 arbetshjälp
1016 2262 300 7 .......cc-oc--
1376 2236 105 37 1,200:
1496 2251 43 4 —

253 2295 432 42 Avlöningsförhöjningar
720 2321 3 4 —
747 2315 570 10 ..ssceses
986 2289 43 52 ee
1042 2289 65 52 ses
1123 2289 14 52 se
1149 2289 69 52 res
1233 2289 89 52 ers
1374 2289 107 36 2,110:
1497 2304 43 4 —

1350 2350 122 38 24,430:
1497 2365 42 5 —

193 2448 64 31 Det
292 2445 147 42 begärda
474 2444 152 41 anslaget
661 2442 140 33 innebär
837 2441 97 32 alltså
969 2451 40 21 en
1039 2439 130 41 ökning
1192 2449 42 22 av
1259 2438 56 32 det
1338 2438 54 31 för
1415 2436 232 33 innevarande

145 2501 168 41 budgetår
346 2498 167 41 utgående
541 2497 160 40 anslaget.
751 2496 73 32 Den
850 2494 143 32 sålunda
1017 2492 148 42 begärda
1188 2491 244 41 förhöjningen
1456 2501 97 22 avser
1576 2485 71 49 dels

1658 886 92 32 Inköp
1764 894 36 17 av
1814 893 56 17 mo-

1670 921 71 26 dern
1760 922 95 24 konst-

1665 957 124 26 industri
1808 956 54 26 och

1680 993 168 26 konsthant-

1659 1030 70 25 verk
1748 1029 17 25 å
1779 1029 93 25 Stock-

1696 1065 136 25 holmsut-

1677 1100 175 32 ställningen

1727 1135 77 26 1930.

1727 1178 73 43 [19.]

1680 1467 177 31 Avlöningar

1703 1502 43 26 till
1765 1502 73 25 icke-

1698 1537 143 27 ordinarie

1674 1574 187 31 befattnings-

1680 1610 107 25 havare
1806 1609 48 26 vid

1676 1645 181 26 livrustkam-

1712 1689 108 18 maren.

1735 1723 72 43 [20.]
