1922 2854
592 157 281 31 Statsutskottets
893 157 174 30 utlåtande
1087 156 51 30 Nr
1156 159 25 27 8.
1569 159 64 30 203

138 250 62 21 nas
224 240 186 41 synpunkt,
436 239 43 32 då
503 239 198 41 därigenom
725 239 108 32 skulle
857 239 117 32 kunna
998 239 98 31 rådas
1121 238 57 32 bot
1203 240 43 39 på
1270 238 64 32 den
1353 238 172 32 bristande
1542 238 92 41 plan-

139 293 195 41 mässighet,
372 304 73 21 som
480 294 44 40 på
548 293 73 31 sina
646 292 69 32 håll
740 292 203 32 framträder
965 294 44 39 på
1033 292 91 32 detta
1149 291 147 32 område.
1345 291 198 32 Kostnaden
1581 292 53 31 för

136 346 202 33 statsverket
362 346 109 32 skulle
493 346 39 40 ju
556 346 63 32 ock
642 346 94 32 bliva
759 346 130 41 ganska
912 346 106 40 ringa,
1043 345 11 32 i
1079 345 44 32 all
1147 345 184 41 synnerhet
1355 356 73 21 som
1452 355 79 21 man
1560 345 74 31 icke

137 400 96 32 torde
265 400 132 33 behöva
425 402 133 38 antaga,
584 402 48 29 att
656 399 118 42 anslag
797 400 54 31 för
874 398 194 33 ändamålet
1092 398 86 32 skall
1201 398 128 42 årligen
1354 398 178 32 erfordras.
1581 398 53 32 Gi-

139 454 110 33 vetvis
272 454 69 31 kan
369 453 56 33 det
449 453 152 32 befinnas
625 453 167 41 lämpligt,
817 456 49 29 att
889 453 220 32 konferenser
1132 454 113 40 någon
1270 454 92 39 gång
1385 452 107 32 hållas
1517 454 57 31 två
1598 454 36 30 år

137 507 11 32 i
173 507 98 41 följd,
296 518 79 21 men
408 507 10 32 i
452 507 186 32 allmänhet
672 507 87 32 lärer
782 517 79 21 man
892 507 117 31 kunna
1032 506 107 32 räkna
1164 506 78 32 med
1265 507 107 40 några
1395 508 53 29 års
1473 505 160 42 uppehåll

137 561 126 32 mellan
296 561 362 32 sammankomsterna.
708 560 172 33 Utskottet
912 560 59 33 vill
995 560 98 32 alltså
1116 560 138 32 förorda
1278 559 96 33 bifall
1397 559 51 32 till
1472 560 161 32 motionä-

137 626 77 21 rens
238 615 214 32 hemställan.
500 614 197 33 Emellertid
722 625 98 22 anser
843 615 51 41 sig
918 615 163 32 utskottet
1104 614 11 31 i
1139 615 97 40 fråga
1260 624 55 21 om
1340 613 169 42 anslagets
1526 613 108 42 dispo-

136 669 150 32 nerande
322 668 81 33 böra
437 668 192 39 framhålla,
666 671 49 29 att
747 668 10 32 i
790 668 337 32 överensstämmelse
1151 667 77 32 med
1253 667 66 33 vad
1344 678 73 21 som
1441 672 37 27 är
1501 667 135 42 stadgat

137 722 10 31 i
160 722 175 32 allmänna
352 722 292 42 resereglementet
657 722 294 41 dagtraktamente
963 721 73 32 icke
1050 721 60 32 bör
1122 723 83 39 utgå
1215 721 48 31 till
1275 724 126 28 statens
1413 720 222 42 befattnings-

136 776 136 38 havare,
302 787 74 21 som
400 778 20 30 å
443 776 166 40 tjänstens
634 781 130 36 vägnar
787 775 149 42 deltager
959 775 11 31 i
993 775 184 32 konferens
1202 776 18 30 å
1245 775 351 41 tjänstgöringsorten.

182 829 117 33 Under
323 829 214 42 åberopande
560 830 107 31 härav
691 830 54 31 får
772 829 163 32 utskottet
958 828 189 39 hemställa,

502 886 49 29 att
586 883 180 42 riksdagen
802 885 67 36 må,
906 882 77 33 med
1017 882 98 32 bifall
1150 882 51 32 till
1233 882 77 32 herr
1333 882 178 32 Hanssons
1535 892 100 22 ovan-

458 937 150 32 nämnda
633 937 131 32 motion
787 934 36 43 (I:
852 934 84 43 133),
962 936 48 32 till
1034 936 221 32 konferenser
1278 935 126 32 mellan
1427 935 42 32 de
1488 935 147 32 centrala

458 1001 149 31 organen
652 991 55 31 för
749 989 378 42 folkbildningsarbetet
1165 989 127 41 bevilja
1339 990 52 31 för
1436 988 200 42 budgetåret

460 1042 188 42 1930/1931
683 1047 47 29 ett
760 1047 93 28 extra
883 1042 344 42 reservationsanslag
1250 1053 43 22 av
1318 1044 98 37 2,000
1439 1043 125 31 kronor
1588 1045 49 29 att

458 1099 81 40 utgå
563 1097 105 41 enligt
703 1097 42 32 de
779 1096 263 39 bestämmelser,
1079 1096 128 42 Kungl.
1233 1096 98 41 Maj:t
1354 1097 68 31 kan
1446 1096 93 32 finna
1562 1099 74 38 gott

459 1151 165 32 meddela.

181 1257 108 43 261:0)
336 1259 128 41 Kungl.
500 1259 98 41 Maj:t
630 1259 62 32 har
724 1256 122 44 (punkt
879 1255 75 43 251)
978 1257 174 42 föreslagit
1177 1257 181 42 riksdagen
1381 1260 49 30 att
1453 1259 112 30 såsom
1589 1257 46 32 bi-

134 1314 86 41 drag
253 1313 51 32 till
327 1313 167 32 täckande
519 1324 42 21 av
585 1312 230 33 kostnaderna
838 1313 54 31 för
915 1312 41 32 de
980 1311 357 41 föreläsningskurser,
1362 1322 73 21 som
1460 1312 77 30 från
1562 1311 71 32 uni-

135 1367 181 32 versiteten
351 1367 11 31 i
399 1366 152 42 Uppsala
586 1367 62 31 och
684 1366 101 32 Lund
816 1366 105 32 varda
944 1367 44 39 på
1011 1365 150 41 begäran
1185 1376 79 21 vare
1288 1365 51 41 sig
1363 1375 43 21 av
1428 1364 203 39 institution,

135 1431 73 21 som
233 1421 31 40 ej
290 1420 149 41 åtnjuter
463 1420 135 32 särskilt
621 1419 51 32 till
696 1418 402 43 populärvetenskapliga
1120 1418 248 41 föreläsningar
1384 1417 140 41 beviljat
1538 1420 94 29 stats-

134 1474 195 39 understöd,
364 1473 79 33 eller
476 1485 41 21 av
541 1473 69 32 viss
634 1473 168 32 kommun
826 1472 79 32 eller
928 1472 133 32 enskild
1085 1482 123 31 person
1232 1471 196 32 anordnade
1451 1474 49 29 att
1523 1471 109 32 under

135 1527 93 32 tiden
256 1530 15 29 1
296 1527 65 41 juli
387 1527 175 32 1930—30
585 1526 76 41 juni
677 1527 83 31 1931
779 1526 80 32 eller
875 1536 116 21 senare
1007 1524 108 32 hållas
1132 1527 96 29 utom
1245 1524 384 39 universitetsstäderna,

132 1581 122 32 anvisa
277 1582 53 30 för
354 1580 199 41 budgetåret
579 1578 187 40 1930/1931
793 1582 46 29 ett
852 1582 94 29 extra
962 1577 345 41 reservationsanslag
1323 1588 42 22 av
1382 1579 99 37 9,500
1496 1578 126 31 kronor

134 1645 106 22 varav
275 1635 99 38 5,000
409 1634 125 32 kronor
568 1633 50 32 till
654 1633 152 42 Uppsala
840 1632 199 33 universitet
1074 1632 63 32 och
1169 1632 100 38 4,500
1293 1631 126 32 kronor
1442 1631 50 32 till
1515 1631 118 32 Lunds

134 1688 209 39 universitet,
368 1691 49 29 att
440 1689 82 40 utgå
545 1687 110 32 under
677 1687 132 38 villkor,
834 1690 49 29 att
907 1686 76 39 den,
1007 1697 74 21 som
1105 1686 118 41 begärt
1245 1685 220 41 föreläsning,
1489 1685 144 41 tillskju-

135 1746 49 28 ter
218 1743 55 31 för
306 1741 167 33 täckande
509 1752 42 21 av
587 1741 224 32 föreläsarens
846 1739 219 33 resekostnad
1094 1740 64 31 och
1182 1739 124 32 arvode
1330 1739 105 32 minst
1458 1739 69 32 lika
1551 1742 83 28 stort

134 1795 124 42 belopp
283 1806 73 21 som
381 1794 239 42 statsbidraget
643 1798 90 28 samt
756 1794 105 41 enligt
885 1793 41 32 de
949 1792 256 33 bestämmelser
1223 1793 11 31 i
1251 1792 120 42 övrigt,
1389 1792 128 41 Kungl.
1535 1792 99 40 Maj:t

134 1850 57 30 må
214 1849 94 31 finna
332 1848 73 32 skäl
429 1848 198 33 föreskriva.

179 1911 237 41 Utredningen
441 1911 179 32 återfinnes
645 1912 19 30 å
688 1910 61 32 sid.
776 1911 63 30 643
864 1910 10 31 i
899 1908 377 42 statsrådsprotokollet.

179 2000 173 32 Utskottet
382 2010 99 21 anser
514 1999 51 41 sig
588 1999 82 32 böra
695 1998 176 41 tillstyrka,
897 2001 49 28 att
969 1997 120 41 anslag
1111 1998 55 31 för
1188 1996 261 42 ifrågavarande
1473 1996 160 32 ändamål

134 2056 57 29 må
226 2055 82 40 utgå
342 2053 130 41 jämväl
503 2054 53 30 för
578 2052 201 41 budgetåret
805 2051 187 39 1930/1931
1019 2050 78 33 med
1121 2061 132 21 samma
1277 2050 123 41 belopp
1426 2050 63 32 och
1513 2049 119 32 fördel-

134 2107 85 41 ning
242 2118 74 21 som
340 2106 109 32 under
471 2105 232 33 innevarande
726 2105 176 41 budgetår.
939 2104 172 32 Utskottet
1127 2103 60 33 vill
1204 2103 86 33 dock
1307 2103 207 41 ifrågasätta,
1531 2103 101 31 huru-

135 2160 79 33 vida
236 2161 74 31 icke
334 2160 56 32 det
415 2159 169 39 ändamål,
609 2170 118 22 varom
752 2159 61 31 här
837 2163 37 27 är
897 2159 106 40 fråga,
1029 2159 53 30 för
1106 2157 185 32 framtiden
1314 2156 185 41 lämpligen
1524 2156 108 32 skulle

136 2215 116 30 kunna
282 2213 195 41 tillgodoses
501 2213 93 31 inom
620 2223 118 21 ramen
762 2213 53 31 för
839 2212 56 31 det
919 2215 93 28 extra
1036 2210 380 41 reservationsanslaget
1439 2210 50 31 till
1512 2209 121 31 anstal-

136 2271 48 27 ter
208 2267 63 32 och
294 2267 207 40 föreningar,
527 2277 74 21 som
626 2265 153 32 anordna
802 2263 403 43 populärvetenskapliga
1229 2263 256 40 föreläsningar.
1514 2262 118 32 Utred-

135 2320 85 41 ning
242 2320 120 31 härom
387 2330 100 30 synes
512 2318 185 38 önskvärd;
723 2318 63 31 och
811 2318 112 31 denna
947 2316 183 41 utredning
1154 2321 163 27 ävensom
1341 2316 41 31 de
1406 2315 137 41 förslag,
1562 2325 70 22 var-

135 2373 49 31 till
219 2373 200 32 densamma
454 2372 65 31 kan
546 2371 78 41 giva
648 2371 195 40 anledning,
869 2370 94 32 torde
986 2369 82 32 böra
1092 2368 190 42 föreläggas
1306 2368 181 41 riksdagen
1512 2368 10 31 1
1547 2379 85 20 sam-

134 2426 91 32 band
250 2425 77 32 med
351 2425 138 32 åttonde
513 2424 234 33 huvudtitelns
771 2423 248 41 anslagsbehov
1043 2423 54 31 för
1120 2422 199 41 budgetåret
1343 2422 197 31 1931/1932.

1695 1268 133 32 Populär-

1683 1304 167 31 vetenskap-

1667 1339 58 32 liga
1743 1339 115 26 föreläs-

1661 1375 197 32 ningskurser,

1675 1411 168 25 anordnade

1672 1447 65 25 från
1757 1446 110 26 univer-

1690 1482 104 26 siteten
1813 1482 9 24 i

1657 1518 129 32 Uppsala
1804 1518 57 25 och

1712 1553 91 26 Lund.

1712 1595 94 43 [251.]

1677 2005 162 26 Utskottets

1686 2041 141 32 yttrande.
