1918 2852
84 998 209 32 Förstärkning

96 1042 36 18 av
152 1034 130 32 anslaget

78 1070 43 25 till
135 1069 158 31 ordnande,

115 1105 71 26 vård
203 1105 54 26 och

78 1141 161 25 förökande
258 1149 35 17 av

88 1177 197 31 samlingarna

138 1221 39 17 m.
198 1221 38 18 m,

151 1255 73 42 [35.]

77 1444 68 26 Viss
171 1444 122 33 ändring

109 1488 36 18 av
169 1482 94 23 natur-

106 1516 160 25 historiska

92 1552 192 25 riksmuseets

114 1587 148 32 fastighet.

149 1630 74 43 [36.]

313 162 42 31 34
768 160 280 31 Statsutskottets
1068 161 177 30 utlåtande
1264 161 50 29 Nr
1333 165 24 26 8.

358 241 116 42 Enligt
513 241 66 33 vad
617 242 373 41 departementschefen
1029 242 199 32 framhåller
1267 243 116 32 räcker
1422 243 152 32 nämnda
1609 243 203 42 avdelnings

314 295 272 41 materielanslag
620 295 74 32 icke
727 295 50 32 till
801 299 104 28 annat
929 301 44 26 än
996 296 54 32 för
1073 296 41 32 de
1137 296 148 41 löpande
1308 297 196 40 utgifterna.
1554 297 257 42 Avdelningens

313 349 197 41 utrustning
543 349 54 32 för
630 349 210 42 mikroskopi
873 354 37 27 är
940 349 185 32 emellertid
1151 349 216 42 synnerligen
1391 350 182 41 bristfällig
1596 351 65 32 och
1684 351 66 32 den
1774 352 41 30 år

317 403 82 31 1929
436 402 235 42 nyutnämnde
696 402 458 42 avdelningsföreståndaren
1179 405 68 30 står
1270 404 54 31 för
1346 404 213 32 närvarande
1583 407 83 29 utan
1691 404 41 32 de
1755 410 55 26 vä-

314 456 193 41 sentligaste
542 456 258 42 vetenskapliga
835 456 217 42 hjälpmedel.
1100 456 66 32 Till
1202 456 230 42 avhjälpande
1465 468 43 21 av
1533 457 41 32 de
1597 460 88 29 mest
1708 458 102 32 fram-

313 509 163 32 trädande
511 509 165 32 bristerna
711 510 10 31 i
757 509 244 42 avdelningens
1036 510 196 41 utrustning
1267 510 61 32 har
1363 510 256 33 föreståndaren
1644 511 97 32 äskat
1764 514 47 29 ett

312 562 123 42 belopp
460 573 43 22 av
529 564 119 37 11,474
672 563 125 32 kronor
822 564 40 31 75
887 567 66 35 öre,
977 563 106 32 vilket
1098 563 124 42 belopp
1240 563 372 42 departementschefen
1629 564 182 41 begränsat

312 615 50 32 till
389 617 120 38 10,000
532 616 132 32 kronor.

357 705 173 33 Utskottet
553 716 98 22 anser
674 706 146 32 behovet
844 717 41 21 av
910 706 56 32 det
990 717 42 21 av
1056 706 128 41 Kungl.
1211 707 97 40 Maj:t
1324 706 193 42 föreslagna
1533 707 153 41 anslaget
1702 707 109 41 styrkt

313 759 62 32 och
399 758 194 33 hemställer
616 759 125 39 därför,

677 816 49 28 att
762 813 180 41 riksdagen
966 815 56 30 må
1046 813 51 32 till
1120 814 105 41 inköp
1251 824 42 21 av
1325 814 404 41 instrumentutrustning
1755 815 58 31 för

632 866 285 33 naturhistoriska
952 867 218 32 riksmuseets
1195 867 375 41 evertebratavdelning
1593 868 54 31 för
1670 867 140 42 budget-

633 922 71 30 året
730 920 186 38 1930/1931
943 920 119 33 anvisa
1085 923 47 29 ett
1156 923 93 29 extra
1273 920 119 42 anslag
1416 932 42 21 av
1485 922 120 37 10,000
1629 921 133 32 kronor.

357 997 87 42 38:0)
468 999 15 32 I
508 999 148 41 enlighet
679 1000 79 31 med
783 1000 126 41 Kungl.
936 1000 114 41 Maj:ts
1074 999 128 42 förslag
1218 997 122 44 (punkt
1356 997 53 44 35)
1426 1000 194 32 hemställer
1636 1000 176 39 utskottet,

677 1056 50 28 att
750 1053 180 41 riksdagen
953 1055 67 37 må,
1045 1053 11 31 i
1079 1053 108 32 likhet
1210 1053 78 33 med
1312 1054 68 32 vad
1404 1054 54 31 för
1480 1054 232 32 innevarande
1728 1054 82 32 bud-

632 1108 95 39 getår
750 1109 57 39 ägt
830 1118 86 27 rum,
941 1106 51 32 till
1015 1107 234 41 förstärkning
1265 1117 42 22 av
1324 1107 66 32 den
1408 1107 9 31 i
1433 1107 378 41 reservationsanslaget

633 1159 50 32 till
707 1159 185 42 samlingar
915 1171 44 20 m.
980 1171 43 20 m.
1040 1159 58 33 vid
1123 1160 284 32 naturhistoriska
1424 1160 201 32 riksmuseet
1641 1160 171 41 ingående

633 1212 256 42 anslagsposten
925 1213 50 32 till
1010 1213 185 39 ordnande,
1231 1213 83 32 vård
1347 1214 61 31 och
1446 1214 188 32 förökande
1658 1224 42 21 av
1725 1225 85 21 sam-

632 1266 158 41 lingarna
824 1277 44 20 m.
894 1277 44 21 m.
964 1267 55 31 för
1052 1266 200 42 budgetåret
1290 1266 187 33 1930/1931
1504 1267 118 32 anvisa
1647 1270 46 29 ett
1717 1270 96 29 extra

633 1319 119 41 anslag
776 1330 41 21 av
845 1321 118 37 10,000
987 1320 132 31 kronor.

357 1442 86 43 39:0)
468 1444 126 41 Kungl.
632 1443 100 41 Maj:t
759 1444 63 31 har
845 1441 122 44 (punkt
991 1441 52 43 36)
1068 1443 174 41 föreslagit
1267 1444 180 41 riksdagen
1472 1447 49 29 att
1545 1444 49 32 till
1617 1444 194 42 breddning

312 1509 41 22 av
389 1509 41 21 en
468 1497 166 42 ytterdörr
669 1497 51 32 till
744 1497 282 32 naturhistoriska
1049 1497 218 32 riksmuseets
1291 1497 292 42 paleozoologiska
1607 1498 202 42 avdelnings

312 1552 315 41 uppackningsrum
663 1551 11 31 i
710 1551 230 41 huvudsaklig
975 1551 336 32 överensstämmelse
1346 1551 79 32 med
1457 1552 11 30 i
1493 1551 137 32 ärendet
1654 1552 154 32 företedd

312 1605 128 41 ritning
475 1610 161 27 ävensom
671 1604 52 32 till
758 1605 190 32 inrättande
984 1616 42 21 av
1061 1607 46 29 ett
1131 1605 125 41 avlopp
1280 1605 11 31 i
1314 1605 114 42 golvet
1451 1605 11 31 i
1486 1605 152 33 nämnda
1662 1606 148 41 uppack-

312 1658 178 41 ningsrum
525 1659 54 31 för
613 1658 200 41 budgetåret
850 1656 187 42 1930/1931
1068 1658 119 32 anvisa
1210 1661 47 29 ett
1281 1661 93 29 extra
1398 1659 346 42 reservationsanslag
1767 1670 43 21 av

312 1712 98 38 3,500
434 1712 133 31 kronor.

359 1764 233 42 Utredningen
617 1765 180 32 återfinnes
821 1766 19 30 å
864 1765 60 31 sid.
951 1766 131 31 97—99
1106 1765 11 31 i
1142 1765 374 41 statsrådsprotokollet.

356 1863 50 32 De
430 1863 198 41 ifrågasatta
651 1863 361 41 inredningsarbetena
1035 1873 79 22 avse
1138 1863 71 32 dels
1233 1874 42 21 en
1292 1863 167 41 väsentlig
1474 1863 193 42 breddning
1683 1874 42 23 av
1743 1864 66 32 den

311 1916 176 41 ytterdörr,
516 1927 73 21 som
613 1916 92 32 leder
728 1916 50 32 till
802 1916 243 41 avdelningens
1069 1917 316 41 uppackningsrum
1411 1917 64 32 och
1498 1917 250 40 arbetslokaler,
1772 1919 38 30 så

312 1973 47 29 att
383 1973 105 29 större
511 1970 96 32 fossil
630 1970 80 32 eller
734 1970 139 41 stycken
896 1981 43 21 av
963 1970 127 32 sådana
1114 1970 119 32 kunna
1248 1971 139 39 införas,
1405 1971 107 32 vilket
1527 1971 54 32 för
1596 1971 213 32 närvarande

311 2024 30 39 ej
367 2028 37 27 är
427 2023 105 39 fallet,
557 2023 71 32 dels
651 2023 207 32 inrättandet
881 2024 10 31 i
915 2023 114 42 golvet
1052 2024 10 31 i
1087 2024 105 41 sagda
1216 2024 317 41 uppackningsrum
1558 2035 42 21 av
1619 2027 48 30 ett
1683 2024 124 42 avlopp

312 2078 35 30 så
371 2079 49 29 att
444 2076 159 42 spolning
626 2087 42 22 av
694 2080 104 28 större
822 2077 63 32 och
908 2080 121 38 tyngre
1052 2077 202 32 fossilrester
1270 2078 63 31 och
1350 2077 229 42 uppblötning
1594 2089 43 21 av
1652 2077 157 42 bandage

312 2130 99 41 kring
435 2133 104 29 större
563 2130 96 32 fossil
684 2130 118 32 kunna
825 2131 169 41 företagas
1019 2132 19 30 å
1061 2130 122 42 golvet.

356 2219 182 39 Utskottet,
575 2230 73 21 som
684 2220 73 32 icke
793 2220 115 31 funnit
943 2221 103 40 något
1075 2223 47 29 att
1146 2220 111 32 erinra
1281 2223 71 29 mot
1376 2220 128 42 Kungl.
1530 2220 115 41 Maj:ts
1669 2220 141 42 förslag,

311 2273 206 39 hemställer,

676 2329 49 29 att
749 2326 180 42 riksdagen
953 2328 57 30 må
1033 2326 50 32 till
1106 2326 192 42 breddning
1322 2338 42 21 av
1388 2338 43 21 en
1447 2327 167 41 ytterdörr
1629 2327 51 32 till
1696 2331 112 28 natur-

631 2380 182 32 historiska
852 2380 217 32 riksmuseets
1102 2380 292 42 paleozoologiska
1427 2380 200 42 avdelnings
1661 2381 149 41 uppack-

631 2434 179 41 ningsrum
843 2434 10 31 i
886 2433 231 42 huvudsaklig
1150 2434 337 32 överensstämmelse
1519 2434 77 32 med
1630 2435 11 31 i
1669 2434 142 32 ärendet

636 2487 153 32 företedd
813 2487 127 41 ritning
964 2492 161 27 ävensom
1149 2487 51 32 till
1224 2487 192 33 inrättande
1440 2498 42 22 av
1507 2490 46 29 ett
1576 2488 126 41 avlopp
1718 2487 10 32 i
1741 2487 69 42 gol-
