1880 2786
400 200 123 35 Tredje
549 200 247 35 lagutskottets
823 199 180 30 utlåtande
1029 208 42 20 nr
1099 199 37 28 13
1161 198 39 29 år
1227 198 82 29 1958
1563 198 36 27 1

156 291 48 30 På
232 290 114 38 grund
376 298 42 21 av
446 289 65 29 vad
542 288 149 31 sålunda
721 287 136 31 anförts
889 287 116 30 finner
1035 287 51 37 sig
1117 285 375 38 lantmäteristyrelsen
1522 284 77 30 icke

111 337 120 28 kunna
252 334 143 31 förorda
416 334 99 30 bifall
535 334 52 29 till
608 333 42 30 de
669 332 270 38 ifrågavarande
960 331 229 30 motionerna.
1212 330 186 37 Samtidigt
1418 330 38 29 är
1478 329 121 37 styrel-

112 390 59 21 sen
193 380 181 30 medveten
395 388 56 21 om
473 380 51 29 att
544 379 57 29 det
621 378 242 36 otvivelaktigt
884 378 38 28 är
944 377 49 34 så,
1014 377 51 29 att
1086 375 176 37 åtskilliga
1284 373 315 39 jordbruksfastig-

111 426 98 30 heter
224 425 12 29 i
250 424 138 31 Grubbe
403 423 66 31 och
483 422 229 31 Västerhiske
727 422 45 29 ha
787 422 112 30 behov
915 430 42 21 av
973 420 364 38 skogsförstärkning;
1355 428 58 21 om
1430 419 41 30 de
1487 418 113 38 åtgär-

112 471 60 29 der
196 469 122 31 härför
343 477 75 22 som
442 468 95 29 inom
561 476 121 21 ramen
706 466 55 31 för
785 464 523 39 jordbruksrationaliseringen
1333 464 108 30 redan
1466 472 47 21 nu
1539 464 61 29 äro

112 514 144 37 möjliga
274 513 83 31 eller
376 513 122 29 kunna
516 512 198 30 tillkomma
733 511 38 29 är
791 510 192 30 emellertid
1003 510 11 29 i
1033 510 219 29 motionerna
1271 509 77 30 icke
1367 508 110 37 fråga.

112 640 311 38 Domänstyrelsen

157 714 74 29 Den
256 713 9 29 i
289 712 222 30 motionerna
534 710 235 31 omförmälda
794 719 42 20 av
860 709 112 30 förste
996 708 199 30 arkivarien
1219 707 93 30 John
1338 706 142 37 Bjarme
1503 705 99 30 verk-

114 758 126 30 ställda
263 757 233 37 utredningen
518 755 195 30 innehåller
737 755 73 29 dels
834 763 43 21 en
900 753 219 38 redogörelse
1142 752 55 30 för
1220 752 66 29 vad
1310 752 11 29 i
1345 751 144 30 ärendet
1512 750 90 30 före-

114 803 159 35 kommit,
300 802 74 30 dels
402 811 42 21 en
472 801 218 37 redogörelse
716 799 55 31 för
799 800 42 30 de
869 800 184 29 slutsatser
1082 807 74 21 som
1184 797 141 37 Bjarme
1352 796 56 30 för
1435 803 85 30 egen
1548 795 54 30 del

114 849 157 30 kommer
291 847 64 30 till.
375 846 323 38 Domänstyrelsen,
720 854 74 21 som
814 844 77 30 icke
910 844 71 29 kan
1001 843 101 30 finna
1123 844 50 28 att
1192 842 234 37 utredningen
1446 848 59 30 ger
1525 840 76 30 stöd

114 893 55 31 för
185 893 42 30 de
244 893 196 34 slutsatser,
457 900 75 21 som
548 891 143 36 Bjarme
707 890 149 30 kommit
872 889 65 35 till,
953 888 171 30 vidhåller
1142 888 54 29 sin
1212 887 148 37 tidigare
1376 885 228 31 deklarerade

114 938 239 38 uppfattning,
380 938 51 28 att
458 935 327 31 tillfredsställande
811 934 189 37 utredning
1027 933 11 29 i
1065 933 143 29 ärendet
1235 931 196 37 förebragts
1459 930 65 30 och
1553 931 50 28 att

114 984 241 38 byamännens
377 983 85 28 krav
483 981 44 38 på
548 980 244 38 fyllnadsskog
813 979 76 30 icke
909 979 64 29 bör
994 978 105 29 vinna
1122 977 179 30 avseende.

158 1055 93 30 Även
271 1054 251 36 länsstyrelsen
544 1053 10 29 i
576 1052 263 30 Västerbottens
860 1051 57 29 län
939 1050 181 37 avstyrker
1142 1049 230 29 motionerna.

770 1204 177 29 Utskottet

161 1279 260 30 Motionärerna
439 1278 142 34 hävdar,
597 1278 51 28 att
665 1276 137 30 Grubbe
818 1276 65 29 och
900 1274 228 31 Västerhiske
1143 1273 152 37 byamän
1312 1272 11 29 i
1340 1271 170 30 samband
1528 1270 78 30 med

117 1334 66 28 den
207 1332 199 36 avvittring,
431 1340 74 20 som
529 1331 111 29 under
665 1331 105 28 slutet
793 1339 42 19 av
861 1328 186 30 1700-talet
1070 1326 161 37 övergick
1254 1326 145 36 byarna,
1425 1333 41 20 av
1489 1324 117 29 veder-

117 1386 153 29 börande
288 1385 243 37 myndigheter
545 1384 100 29 blivit
661 1383 211 30 tillerkända
890 1382 17 29 8
919 1382 96 34 812,5
1032 1381 174 30 tunnland
1224 1379 383 38 skogsmark,
1451 1375 52 51 att
1518 1375 94 51 detta

117 1440 115 29 beslut
251 1438 203 30 verkställts
476 1437 147 29 sålunda
644 1439 51 27 att
715 1437 223 36 byamännen
959 1435 167 29 tilldelats
1149 1434 133 36 knappt
1303 1433 18 29 2
1336 1433 63 29 000
1422 1432 185 33 tunnland,

117 1495 51 27 att
183 1492 242 37 byamännens
442 1491 200 36 rättmätiga
659 1490 154 36 anspråk
829 1489 44 37 på
889 1488 221 30 återstående
1125 1487 97 30 cirka
1240 1487 15 29 7
1271 1486 63 29 000
1352 1486 172 29 tunnland
1541 1485 66 29 hit-

121 1547 69 29 tills
221 1546 76 29 icke
327 1545 244 36 tillgodosetts,
602 1545 51 27 att
683 1543 234 36 byamännen,
950 1541 37 30 så
1019 1541 99 36 länge
1149 1540 296 37 grundskatterna
1478 1538 130 37 utgick,

119 1600 109 36 erlagt
254 1598 109 30 sådan
389 1598 95 29 skatt
508 1597 43 37 på
576 1597 171 36 grundval
772 1605 42 20 av
839 1596 57 29 det
919 1595 116 29 beslut
1059 1603 56 20 om
1143 1595 109 28 större
1278 1593 229 36 skogsanslag
1533 1601 75 20 som

118 1654 220 36 byamännen
363 1651 198 30 tillerkänts
586 1659 79 20 men
689 1650 75 28 icke
788 1649 168 29 tilldelats
982 1649 90 28 samt
1095 1648 50 28 att
1169 1646 290 37 myndigheterna
1483 1652 123 30 genom

121 1709 50 28 att
195 1706 213 29 tillerkänna
434 1705 108 29 andra
568 1705 69 28 rätt
662 1704 51 29 till
740 1703 155 29 kronans
920 1702 101 29 mark
1047 1701 209 36 obehörigen
1281 1701 133 36 gynnat
1439 1700 101 29 dessa
1565 1699 43 37 på

120 1760 241 37 byamännens
383 1758 194 29 bekostnad
599 1757 65 29 och
688 1758 68 27 satt
779 1757 136 28 kronan
938 1765 41 19 ur
1002 1755 101 29 stånd
1128 1756 50 27 att
1200 1753 151 37 fullgöra
1375 1753 75 29 sina
1473 1752 56 30 vid
1553 1761 56 20 av-

120 1814 189 35 vittringen
328 1811 125 37 gjorda
474 1811 206 37 åtaganden.
701 1810 219 29 Motionerna
941 1808 112 38 syftar
1074 1808 76 29 icke
1169 1807 52 29 till
1242 1807 115 36 någon
1378 1805 231 38 lagstiftning,

122 1876 77 20 men
222 1866 54 29 för
298 1867 51 27 att
370 1864 35 30 få
428 1864 123 37 frågan
572 1873 42 20 ur
635 1864 137 36 rättslig
793 1863 65 29 och
880 1862 196 37 principiell
1099 1861 179 37 synpunkt
1300 1862 163 28 närmare
1485 1860 125 30 under-

120 1921 88 33 sökt,
237 1920 57 28 vill
325 1919 261 28 motionärerna
615 1917 34 29 få
677 1916 51 29 till
757 1916 102 29 stånd
888 1924 42 21 en
959 1915 197 35 utredning.
1186 1914 115 36 Enligt
1329 1914 280 28 motionärernas

122 1973 139 36 mening
277 1972 64 29 har
357 1972 222 36 byamännen
596 1972 48 28 ett
661 1970 152 36 rättsligt
829 1969 152 37 grundat
998 1968 153 37 anspråk
1170 1969 70 28 mot
1257 1967 137 30 kronan
1411 1968 51 28 att
1478 1966 133 30 erhålla

122 2029 70 29 viss
217 2027 210 37 myckenhet
453 2025 217 37 skogsmark.
695 2025 139 29 Varken
861 2024 220 29 motionerna
1106 2023 82 29 eller
1213 2023 66 29 den
1305 2022 10 29 i
1341 2022 143 29 ärendet
1510 2021 102 37 eljest

123 2083 198 36 förebragta
347 2081 232 36 utredningen
604 2087 58 29 ger
687 2079 56 29 vid
768 2080 140 28 handen
935 2080 51 27 att
1009 2078 221 36 byamännen
1257 2076 172 37 någonsin
1455 2076 156 37 påkallat

122 2137 170 30 domstols
310 2136 173 37 prövning
502 2144 41 20 av
563 2135 76 29 sina
659 2134 165 37 anspråk.

168 2200 166 28 Förutom
358 2198 41 28 de
422 2196 277 36 betänkligheter
723 2204 41 20 av
787 2195 148 29 allmänt
958 2193 280 30 konstitutionell
1263 2194 115 32 natur,
1402 2201 74 20 som
1501 2193 111 28 möter

125 2255 69 28 mot
217 2254 49 27 att
287 2252 9 28 i
318 2252 187 35 riksdagen
527 2252 152 35 upptaga
700 2249 117 36 frågor
839 2258 56 19 om
917 2249 177 28 enskildas
1117 2248 68 28 rätt
1206 2248 10 28 i
1237 2248 48 28 ett
1307 2256 42 20 av
1370 2246 242 37 myndigheter

124 2308 136 36 avgjort
284 2306 74 34 fall,
383 2306 68 28 kan
474 2305 57 29 det
555 2305 100 35 sägas
679 2305 50 27 att
751 2312 42 20 en
817 2303 187 35 utredning
1029 2311 40 19 av
1092 2302 57 29 det
1172 2301 72 36 slag
1269 2301 260 29 motionärerna
1552 2300 59 28 vill

126 2363 33 29 få
183 2362 51 29 till
258 2361 100 29 stånd
383 2360 30 36 ej
439 2361 37 28 är
499 2358 196 37 försvarlig,
719 2358 107 28 innan
849 2357 222 37 byamännen
1095 2355 67 30 fått
1185 2356 75 28 sina
1284 2354 154 37 anspråk
1461 2354 152 36 prövade

126 2418 8 28 i
152 2416 190 36 rättegång.
360 2415 109 28 Dessa
487 2413 116 37 frågor
618 2413 64 29 har
700 2412 171 29 utskottet
887 2411 170 36 ingående
1073 2410 162 36 övervägt
1252 2409 63 30 och
1334 2408 120 30 därvid
1472 2408 142 30 beaktat

126 2471 142 31 särskilt
291 2469 169 36 följande.

170 2533 10 28 I
202 2533 65 28 den
289 2531 81 29 mån
392 2530 239 37 byamännens
653 2528 153 37 anspråk
827 2528 68 29 kan
918 2529 125 35 prövas
1064 2536 41 20 av
1126 2526 148 29 domstol
1358 2525 64 29 och
1444 2525 171 29 utskottet
