1893 2837
251 155 20 30 2
605 151 285 31 Statsutskottets
909 152 178 30 utlåtande
1104 161 43 20 nr
1166 152 61 29 118
1244 152 38 30 år
1302 151 83 30 1967

255 234 179 40 sågverket
451 244 80 20 men
548 235 109 29 måste
674 234 38 30 år
732 234 80 30 1961
832 235 98 39 lägga
947 244 61 20 ner
1025 235 130 29 driften
1171 235 45 39 på
1233 234 114 40 grund
1364 244 41 20 av
1422 236 49 27 att
1488 234 189 39 tillgången
1693 233 44 40 på

255 288 202 39 sågtimmer
479 298 62 21 var
564 288 218 40 otillräcklig.
808 289 86 30 Före
919 289 247 38 avvecklingen
1189 289 77 31 lade
1290 289 93 30 ASSI
1408 289 92 29 fram
1525 290 48 27 ett
1597 288 139 38 förslag,

254 343 106 40 enligt
378 344 106 29 vilket
502 344 302 39 Töreforsbolaget
823 344 111 29 skulle
952 345 36 28 ta
1007 353 70 31 upp
1095 343 225 39 tillverkning
1339 353 41 19 av
1398 342 336 40 mineralullplattor.

254 398 178 39 Förslaget
455 397 180 31 anmäldes
658 398 54 30 för
738 398 80 29 1961
845 397 56 31 års
924 397 143 40 riksdag
1095 397 112 40 (prop.
1235 397 187 34 1961:81).
1448 398 13 28 I
1486 397 149 39 enlighet
1659 396 79 30 med

254 452 206 39 riksdagens
485 452 115 30 beslut
631 452 68 34 (SU
726 452 51 34 92,
803 452 89 29 rskr.
919 452 80 35 260)
1032 451 172 30 tillfördes
1229 451 136 39 bolaget
1391 450 50 35 3,5
1469 450 87 40 milj.
1584 451 50 29 kr.
1664 459 75 20 som

253 507 114 28 ränte-
389 507 65 29 och
476 506 310 39 amorteringsfritt
808 505 60 30 lån
889 506 54 29 för
966 506 251 39 investeringar
1241 508 90 27 samt
1355 505 61 30 300
1432 506 62 29 000
1516 506 51 29 kr.
1593 515 73 20 som
1690 500 49 35 bi-

255 561 86 39 drag
363 561 53 30 till
440 560 375 39 försökstillverkning.
848 563 6 29 I
880 561 169 29 samband
1074 560 145 29 härmed
1243 561 141 38 övertog
1409 562 112 28 staten
1546 560 159 29 aktierna
1729 560 11 29 i

253 614 146 40 bolaget.
421 614 53 31 En
494 625 47 31 ny
560 615 83 40 plan
664 615 55 30 för
739 615 154 39 bolagets
914 615 168 30 framtida
1102 615 223 29 verksamhet
1347 614 94 30 lades
1464 614 91 30 fram
1577 614 54 30 för
1655 614 82 30 1965

254 670 58 30 års
332 669 143 41 riksdag
502 672 113 38 (prop.
640 669 99 30 1965:
756 669 72 34 83).
852 669 131 29 Planen
1005 669 145 29 innebar
1172 670 11 28 i
1205 668 195 36 huvudsak,
1425 670 49 28 att
1496 669 154 39 bolagets
1671 669 68 28 till-

255 724 354 40 verkningsprogram
637 724 111 29 skulle
774 725 117 38 läggas
917 733 57 20 om
1000 724 65 29 och
1091 723 149 30 breddas
1267 725 89 27 samt
1384 725 49 27 att
1460 724 18 28 2
1506 723 87 39 milj.
1621 723 51 29 kr.
1699 732 42 20 av

256 779 56 29 det
333 779 59 29 lån
412 778 135 39 bolaget
569 778 38 30 år
630 778 80 30 1961
734 778 138 29 erhållit
894 788 42 20 av
957 779 112 29 staten
1092 777 111 30 skulle
1224 777 150 39 efterges
1395 777 53 29 för
1471 779 49 28 att
1543 777 198 39 undanröja

256 835 48 30 ett
324 832 152 31 hotande
496 832 342 39 likvidationstvång.
860 832 198 39 Riksdagen
1080 831 183 40 godkände
1288 831 69 34 (SU
1379 831 50 35 82,
1451 831 89 30 rskr.
1564 831 79 36 218)
1670 830 71 41 pla-

256 894 68 20 nen
345 887 65 27 och
432 886 164 29 anvisade
617 886 19 28 4
657 886 88 38 milj.
768 886 51 28 kr.
841 886 53 28 till
915 886 58 28 lån
994 886 53 28 till
1067 886 145 37 bolaget,
1235 895 106 19 varav
1361 885 136 29 hälften
1519 886 54 27 för
1595 886 146 27 investe-

254 939 119 39 ringar
392 940 65 30 och
475 939 136 30 hälften
631 948 74 21 som
724 939 273 40 rörelsekapital.
1018 939 182 39 Härjämte
1221 938 164 30 anvisade
1405 938 187 39 riksdagen
1613 937 19 30 4
1653 938 88 39 milj.

254 995 53 28 kr.
325 995 54 28 för
396 994 198 30 omedelbar
610 994 226 39 avskrivning
853 1003 41 20 av
911 994 92 29 lånet
1020 995 11 28 i
1050 995 131 28 statens
1198 993 247 39 räkenskaper.

300 1047 116 39 Enligt
443 1048 381 39 statsrådsprotokollet
850 1047 77 40 gick
952 1047 154 30 rörelsen
1131 1046 38 30 år
1198 1047 81 29 1965
1307 1047 79 29 med
1412 1056 43 20 en
1481 1047 126 29 förlust
1634 1055 42 21 av
1701 1055 40 20 ca

258 1102 49 34 1,2
329 1102 87 39 milj.
438 1102 51 30 kr.
511 1102 82 30 eller
613 1103 87 29 nära
720 1110 67 31 nog
807 1101 71 30 lika
898 1102 138 39 mycket
1058 1110 74 21 som
1152 1101 154 39 bolagets
1327 1101 79 29 hela
1426 1100 224 30 fakturerade
1671 1100 70 29 för-

256 1156 163 38 säljning.
445 1156 51 30 Av
521 1155 381 39 slatsrådsprotokollet
928 1155 156 39 framgår
1107 1155 117 29 vidare
1250 1157 49 27 att
1325 1155 114 38 någon
1465 1154 211 39 förbättring
1700 1163 42 20 av

255 1210 155 39 bolagets
437 1210 229 29 ekonomiska
691 1210 146 30 resultat
864 1210 71 29 inte
962 1209 160 30 inträdde
1149 1209 111 29 under
1287 1209 37 29 år
1354 1208 93 30 1966.
1475 1208 51 30 Då
1553 1208 56 30 det
1636 1208 105 30 fanns

254 1263 191 40 anledning
468 1265 82 28 anta
573 1266 49 27 att
645 1264 136 38 bolaget
804 1263 117 30 kunde
945 1264 47 29 bli
1017 1262 151 40 skyldigt
1192 1264 49 28 att
1266 1262 101 29 träda
1390 1263 11 28 i
1426 1262 205 29 likvidation
1656 1271 86 30 upp-

255 1317 154 31 rättades
429 1317 276 40 balansräkning
726 1320 89 27 samt
835 1317 107 30 vinst-
962 1318 64 29 och
1047 1317 280 39 förlusträkning
1346 1326 61 30 per
1429 1316 66 29 den
1516 1316 17 30 3
1557 1316 185 29 november

257 1371 94 30 1966.
373 1371 182 30 Bokslutet
576 1371 118 30 visade
717 1373 50 28 att
788 1371 154 39 bolagets
965 1371 127 29 förlust
1116 1370 110 29 under
1250 1371 68 28 den
1339 1370 123 29 dittills
1484 1370 259 39 tilländalupna

256 1426 100 29 delen
383 1436 41 19 av
450 1425 316 29 verksamhetsåret
793 1425 145 39 uppgått
965 1425 52 29 till
1044 1425 100 38 drygt
1173 1424 61 30 700
1250 1424 61 29 000
1337 1424 52 29 kr.
1417 1423 126 30 Vidare
1571 1423 172 39 framgick

256 1481 51 28 att
331 1479 265 39 aktiekapitalet
620 1479 72 39 gått
716 1479 146 29 förlorat
886 1479 11 29 i
922 1478 108 30 sådan
1055 1478 244 39 utsträckning
1323 1480 50 29 att
1398 1476 344 30 likvidationsanled-

255 1533 85 39 ning
362 1532 132 41 förelåg
517 1532 106 39 enligt
646 1533 100 38 lagen
769 1541 57 22 om
850 1532 204 39 aktiebolag.
1081 1531 111 30 Sedan
1216 1532 217 29 revisorerna
1456 1533 108 38 yttrat
1589 1531 50 39 sig
1663 1531 78 29 över

255 1586 177 31 bokslutet
457 1586 170 39 prövades
654 1586 125 39 frågan
805 1595 57 20 om
888 1586 154 38 bolagets
1070 1586 166 39 ställning
1261 1586 57 29 vid
1345 1587 98 27 extra
1470 1586 272 38 bolagsstämma

256 1641 67 29 den
352 1641 38 30 19
419 1640 182 30 december
630 1640 93 30 1966.
751 1640 130 30 Härvid
907 1640 129 29 beslöts
1064 1641 49 28 att
1141 1640 160 39 åtgärder
1330 1640 112 29 skulle
1469 1639 114 29 vidtas
1610 1639 54 29 för
1692 1640 49 27 att

256 1695 155 29 undvika
435 1694 206 30 likvidation
665 1705 42 20 av
730 1694 146 39 bolaget.
901 1695 76 28 Den
1000 1694 57 29 vid
1083 1695 174 28 stämman
1282 1693 197 39 framlagda
1504 1693 238 30 likvidations-

254 1748 321 39 balansräkningen
595 1748 63 30 har
678 1757 42 21 av
739 1748 135 39 bolaget
895 1749 10 28 i
925 1749 77 38 laga
1021 1747 149 39 ordning
1190 1748 151 28 lämnats
1362 1747 54 29 för
1436 1747 223 39 registrering
1678 1747 63 28 hos

255 1803 135 39 patent-
409 1804 65 28 och
492 1802 373 39 registreringsverket.

302 1856 112 30 Sedan
434 1857 56 29 det
510 1856 90 30 visat
621 1857 51 39 sig
692 1858 49 28 att
762 1856 56 29 det
838 1856 71 29 inte
930 1855 88 30 varit
1039 1856 137 39 möjligt
1197 1857 50 27 att
1267 1855 95 29 inom
1383 1855 67 29 den
1470 1855 50 29 tid
1542 1864 74 20 som
1638 1862 104 31 anges

255 1911 11 29 i
295 1911 61 29 148
385 1911 15 37 83
429 1910 110 30 andra
566 1910 133 39 stycket
727 1910 100 38 lagen
854 1919 56 20 om
937 1909 195 39 aktiebolag
1158 1909 95 29 vidta
1279 1908 161 39 åtgärder
1468 1917 74 21 som
1569 1908 173 39 varaktigt

254 1964 119 30 kunde
394 1963 173 31 förbättra
586 1963 155 39 bolagets
763 1963 173 38 ställning,
959 1963 109 29 beslöt
1091 1965 97 27 extra
1208 1963 273 38 bolagsstämma
1502 1962 67 29 den
1594 1962 37 29 19
1654 1962 89 40 april

258 2018 82 30 1967
360 2019 49 29 att
428 2017 135 39 bolaget
584 2018 111 29 skulle
713 2018 101 29 träda
832 2018 11 29 i
862 2017 216 29 likvidation.

299 2072 266 39 Föredragande
583 2071 187 31 statsrådet
786 2072 63 28 har
867 2071 117 30 anfört
1002 2073 50 28 att
1068 2071 42 29 de
1126 2071 190 29 kostnader
1333 2079 75 21 som
1425 2070 37 29 är
1480 2069 167 30 förenade
1664 2069 79 30 med

255 2126 68 29 den
346 2125 220 30 förestående
591 2125 247 38 avvecklingen
863 2125 95 29 ännu
982 2125 71 29 inte
1077 2125 70 28 kan
1173 2124 79 29 med
1278 2124 160 29 säkerhet
1463 2124 174 29 beräknas
1662 2133 80 19 men

255 2181 50 28 att
325 2179 109 30 redan
454 2189 48 20 nu
521 2179 71 30 kan
613 2178 152 30 förutses
787 2180 49 28 att
857 2178 41 30 de
919 2178 202 34 lånemedel,
1144 2187 75 20 som
1240 2177 105 39 enligt
1366 2177 206 39 riksdagens
1593 2178 149 29 bestäm-

254 2233 127 31 mande
405 2234 38 30 år
469 2232 82 31 1965
578 2233 111 30 skulle
715 2232 179 30 användas
917 2232 53 30 till
994 2231 251 39 investeringar
1270 2232 10 29 i
1304 2231 435 40 produktionsapparaten,

254 2287 213 30 åtminstone
491 2286 108 31 delvis
621 2286 159 30 kommer
804 2288 49 28 att
877 2285 133 30 behöva
1032 2287 53 28 tas
1109 2286 11 29 i
1143 2285 154 40 anspråk
1320 2285 55 29 för
1399 2287 49 27 att
1472 2286 104 28 täcka
1600 2285 141 29 avveck-

254 2340 340 40 lingskostnaderna.
615 2339 125 40 Kungl.
761 2341 104 39 Maj:t
885 2339 201 29 hemställer
1105 2340 11 28 i
1135 2339 262 39 propositionen
1416 2348 58 19 om
1494 2338 247 39 bemyndigan-

254 2395 42 30 de
320 2397 50 28 att
393 2394 121 40 medge
539 2394 109 29 sådan
673 2394 134 29 ändrad
831 2393 225 39 användning
1080 2403 42 20 av
1146 2394 131 28 statens
1302 2393 59 29 lån
1384 2393 53 29 till
1462 2393 239 38 aktiebolaget.
1728 2393 13 30 I

256 2448 382 41 statsrådsprotokollet
654 2448 184 30 framhålls
854 2449 49 28 att
919 2447 56 30 det
990 2448 70 28 kan
1075 2447 74 30 visa
1165 2447 50 39 sig
1231 2446 183 30 motiverat
1431 2447 50 29 att
1497 2448 113 28 staten
1625 2446 10 29 i
1652 2455 89 21 sam-

254 2503 93 30 band
368 2503 79 30 med
471 2502 246 38 avvecklingen
738 2502 11 29 i
770 2501 70 30 viss
863 2501 244 39 utsträckning
1128 2501 148 38 efterger
1300 2500 75 29 sina
1398 2500 198 39 fordringar
1618 2500 44 39 på
1684 2500 58 29 bo-
