1926 2846
363 169 17 30 6
689 173 399 35 Jordbruksutskottets
1113 177 189 33 utlåtande
1327 179 53 32 Nr
1407 182 52 30 50.

319 248 176 31 avseende
522 250 21 30 å
573 251 204 33 grunderna
806 252 56 31 för
890 253 182 36 anslagets
1098 255 179 35 utgående
1306 257 65 32 vill
1400 258 174 33 utskottet
1601 261 129 31 anföra
1759 262 63 31 föl-

319 297 117 36 jande.

362 350 17 31 I
399 351 64 33 sitt
485 353 169 35 yttrande
674 355 12 31 i
708 355 266 36 propositionen
993 367 43 21 nr
1056 358 58 31 270
1134 359 57 31 till
1211 360 79 31 1930
1311 363 59 30 års
1389 361 149 38 riksdag
1558 364 183 35 angående
1761 375 61 25 an-

318 401 79 37 slag
448 402 57 32 till
554 403 261 40 fraktlindring
844 409 21 31 å
895 408 436 38 jordförbättringsmedel
1361 413 172 32 framhöll
1562 411 260 46 föredragande

318 455 405 39 departementschefen,
751 460 54 31 att
834 460 42 31 de
906 461 232 38 statsbidrag,
1167 473 77 21 som
1270 465 120 36 utgått
1419 465 59 32 till
1508 466 263 39 fraktlindring
1801 469 22 31 å

321 506 97 31 vissa
458 508 163 32 enskilda
663 508 217 38 järnvägars
911 514 105 30 extra
1045 513 240 38 banavgifter,
1317 517 12 31 i
1358 517 182 37 väsentlig
1568 520 254 36 utsträckning

317 558 151 32 kommit
497 559 224 34 främmande
749 562 187 38 intressen,
963 564 210 33 kalkbruks-
1201 567 66 31 och
1293 567 328 40 Järnvägsföretag,
1648 571 58 31 till
1733 572 90 36 godo

319 607 110 33 bland
449 613 113 29 annat
585 620 126 26 genom
733 615 50 30 ett
806 614 366 40 fraktrabattsystem,
1195 628 75 21 som
1293 618 248 37 Järnvägarna
1563 621 181 38 tillämpat
1765 622 57 32 till

318 662 144 31 förmån
489 664 55 30 för
571 664 234 38 kalkbruken,
831 669 93 30 samt
953 668 191 32 förordade
1169 670 14 30 i
1209 671 210 37 anslutning
1446 672 127 32 härtill
1599 675 55 30 att
1680 675 143 31 statsbi-

318 713 93 36 drag
430 714 58 32 till
506 715 102 37 dylik
628 716 262 38 fraktlindring
909 718 115 31 skulle
1042 722 89 34 utgå
1150 721 126 32 endast
1296 723 22 30 å
1335 722 140 32 hälften
1493 734 49 21 av
1562 726 157 31 nämnda
1736 725 86 33 ban-

319 765 170 35 avgifter.
536 767 221 36 Härigenom
782 770 116 32 skulle
925 771 113 37 enligt
1068 772 409 36 departementschefens
1504 776 146 37 mening
1678 778 65 32 ock
1770 780 51 29 ett

316 819 78 34 steg
419 820 105 35 tagas
548 820 73 30 mot
643 820 118 32 bättre
786 821 243 39 begränsning
1055 834 46 21 av
1126 825 243 32 kalkbrukens
1394 827 263 38 försäljningar
1683 830 58 31 till
1763 841 60 20 av-

317 868 363 39 sättningsområden,
699 881 98 22 mera
817 874 187 36 naturliga
1026 875 56 31 för
1100 877 106 31 deras
1226 876 88 36 läge.
1356 878 17 31 I
1392 888 45 21 en
1457 880 81 31 med
1557 881 197 36 anledning
1773 892 47 21 av

315 921 269 36 propositionen
604 922 107 32 väckt
730 925 135 31 motion
884 926 189 32 framhölls
1093 927 109 33 bland
1221 931 122 35 annat,
1361 932 54 30 att
1435 931 46 32 då
1502 931 320 39 fraktlindringar-

316 981 48 22 na
386 974 21 30 å
428 972 279 38 banavgifterna
729 976 125 32 endast
872 976 117 34 delvis
1008 979 65 31 och
1092 979 136 32 kanske
1250 980 57 32 till
1328 981 140 32 mindre
1488 982 58 32 del
1566 984 140 31 komme
1727 984 93 37 jord-

317 1022 129 34 bruket
469 1025 58 32 till
548 1027 98 36 godo,
669 1026 276 39 fraktbidragen
968 1030 21 31 å
1011 1031 103 31 dessa
1135 1031 160 36 avgifter
1317 1033 178 37 knappast
1518 1035 118 31 kunde
1657 1046 91 22 vara
1769 1036 50 31 ett

316 1075 345 35 jordbruksintresse
688 1079 66 33 och
782 1081 53 31 att
863 1080 60 32 det
949 1081 127 32 därför
1104 1082 78 33 icke
1207 1083 120 33 kunde
1355 1084 122 34 finnas
1502 1086 196 36 anledning
1724 1089 55 30 att
1808 1088 12 30 i

318 1127 283 39 fortsättningen
625 1131 76 31 låta
726 1131 125 38 dylika
877 1133 130 37 bidrag
1031 1135 98 35 utgå.
1175 1135 18 31 I
1219 1135 212 38 anslutning
1456 1137 127 32 härtill
1610 1139 171 36 föreslogs
1808 1140 12 30 i

317 1179 182 33 motionen
537 1191 42 21 en
618 1183 217 37 fullständig
872 1186 238 37 avskrivning
1136 1197 46 21 av
1208 1188 267 37 statsbidragen
1502 1189 58 32 till
1587 1190 163 37 lindring
1773 1202 47 20 av

316 1233 103 30 extra
440 1233 242 36 banavgifter.
724 1235 376 35 Jordbruksutskottet
1123 1239 152 32 anförde
1298 1240 13 31 i
1332 1240 64 32 sitt
1418 1240 188 33 utlåtande
1628 1252 44 21 nr
1695 1243 48 37 91,
1766 1244 53 30 att

315 1284 59 31 det
396 1287 98 28 ännu
518 1287 120 34 syntes
661 1287 128 36 oklart,
810 1288 69 30 hur
902 1289 238 32 förevarande
1162 1291 106 36 fråga
1290 1291 173 37 slutligen
1485 1293 107 32 borde
1616 1294 102 37 lösas,
1740 1305 82 21 men

315 1337 56 29 att
395 1336 174 32 utskottet
591 1337 13 31 i
625 1337 208 33 dåvarande
858 1338 81 37 läge
965 1341 88 31 fann
1077 1341 54 36 sig
1156 1342 87 31 böra
1266 1342 145 32 biträda
1435 1343 135 37 Kungl.
1595 1344 129 37 Maj:ts
1750 1346 69 31 för-

314 1387 80 35 slag
419 1398 58 21 om
503 1388 291 37 fraktbidragens
818 1390 228 34 beräknande
1072 1394 21 29 å
1119 1393 299 36 banavgifternas
1441 1395 111 32 halva
1577 1396 134 38 belopp.
1755 1397 64 32 Ut-

314 1438 134 33 skottet
471 1440 208 32 betraktade
701 1441 198 34 emellertid
920 1441 134 38 Kungl.
1076 1442 109 39 Maj:t
1210 1446 136 36 förslag
1368 1448 117 30 såsom
1507 1457 44 22 en
1572 1448 164 38 tillfällig
1757 1460 62 21 an-

313 1491 157 37 ordning
498 1493 64 30 och
591 1493 88 30 fann
704 1493 78 32 icke
810 1494 182 38 uteslutet,
1020 1498 55 29 att
1103 1497 193 32 framdeles
1323 1508 44 21 en
1394 1499 281 37 fullständigare
1702 1503 118 30 utred-

316 1542 90 37 ning
425 1543 120 32 kunde
567 1544 145 36 påkalla
734 1547 65 30 och
819 1545 123 32 lämna
961 1548 115 36 utväg
1098 1547 57 32 till
1178 1548 157 33 ändrade
1358 1550 247 36 förfoganden.
1647 1551 82 33 Med
1750 1553 70 31 den

315 1594 235 38 nedsättning
571 1606 45 21 av
636 1596 256 37 statsbidraget
914 1599 56 31 till
992 1601 54 30 att
1066 1601 89 34 utgå
1177 1601 21 31 å
1220 1600 151 33 allenast
1392 1601 142 33 hälften
1554 1614 46 21 av
1619 1604 44 32 de
1684 1605 134 35 ifråga-

315 1647 161 31 varande
501 1648 289 38 banavgifterna,
816 1660 75 22 som
918 1650 242 33 innefattades
1187 1653 12 31 i
1225 1653 78 31 1930
1328 1655 59 30 års
1414 1654 167 37 riksdags
1606 1656 125 37 beslut,
1758 1667 59 20 av-

313 1699 83 35 sågs
429 1700 285 37 uppenbarligen
745 1702 53 31 att
830 1702 13 30 i
873 1702 207 37 möjligaste
1110 1705 86 30 mån
1227 1704 230 38 förekomma,
1489 1707 55 31 att
1576 1707 57 32 det
1668 1708 151 32 fraktbi-

313 1750 101 36 drag,
446 1751 125 31 vartill
600 1752 283 37 ifrågavarande
914 1755 127 36 anslag
1071 1765 84 22 vore
1185 1758 128 35 avsett,
1341 1757 139 32 komme
1512 1758 225 33 främmande
1767 1760 52 31 in-

314 1803 137 29 tressen
478 1802 58 31 till
565 1804 99 35 godo.
712 1804 70 31 Till
807 1805 193 32 utskottets
1027 1806 201 33 kännedom
1255 1808 66 32 har
1349 1809 202 33 emellertid
1577 1810 160 37 kommit,
1765 1813 53 30 att

314 1852 138 35 jämväl
474 1854 92 31 efter
587 1856 70 31 den
680 1865 48 21 av
750 1855 78 32 1930
851 1858 60 30 års
929 1856 152 38 riksdag
1104 1859 233 35 genomförda
1359 1860 290 38 begränsningen
1674 1862 12 31 i
1711 1863 103 36 fråga

312 1914 58 21 om
398 1905 294 38 fraktbidragens
723 1908 228 32 beräknande
982 1910 22 30 å
1035 1910 232 37 banavgifter
1298 1912 95 31 vissa
1424 1913 164 32 enskilda
1619 1914 199 37 järnvägar

314 1957 81 31 med
427 1956 233 38 begagnande
694 1968 46 21 av
774 1960 58 31 det
866 1960 179 36 utgående
1079 1961 266 38 fraktbidraget
1379 1963 184 38 tillämpat
1595 1967 52 30 ett
1678 1966 134 31 rabatt-

312 2009 136 35 system
464 2009 58 31 till
540 2009 140 32 förmån
699 2010 56 32 för
773 2011 382 37 kalkproducenterna.
1193 2014 72 32 Vid
1283 2016 129 31 sådant
1431 2016 226 33 förhållande
1676 2017 72 32 kan
1765 2020 54 29 ut-

312 2060 133 32 skottet
466 2061 78 32 icke
564 2062 120 37 undgå
704 2063 91 36 hysa
815 2074 43 21 en
880 2064 73 32 viss
973 2066 142 36 tvekan,
1136 2066 183 33 huruvida
1340 2068 229 37 fraktbidrag
1591 2069 228 33 fortfarande

314 2112 61 32 bör
390 2115 89 35 utgå
494 2115 47 35 på
556 2114 282 37 ifrågavarande
853 2117 241 36 banavgifter.
1131 2119 212 32 Emellertid
1358 2130 105 22 anser
1480 2121 56 36 sig
1551 2122 173 32 utskottet
1741 2122 77 32 icke

313 2165 87 31 böra
427 2176 50 21 nu
503 2168 89 30 utan
618 2169 53 30 att
700 2170 69 34 äga
797 2169 155 36 tillgång
981 2170 56 31 till
1065 2180 43 21 en
1134 2181 100 22 mera
1262 2172 175 36 ingående
1465 2174 195 36 utredning
1687 2175 129 32 föreslå

313 2219 120 35 någon
461 2219 213 37 förändring
704 2220 229 34 beträffande
962 2222 166 36 gällande
1155 2223 134 32 villkor
1317 2225 57 30 för
1402 2225 283 37 ifrågavarande
1712 2228 105 31 stats-

313 2269 147 38 bidrags
476 2272 187 35 utgående.
702 2272 181 33 Utskottet
900 2275 110 35 utgår
1027 2274 88 32 dock
1133 2275 84 32 från
1235 2277 53 31 att
1306 2276 135 38 Kungl.
1459 2277 111 37 Maj:t
1587 2279 158 31 kommer
1763 2280 54 31 att

312 2325 94 32 ägna
429 2323 237 32 förevarande
690 2324 106 36 fråga
818 2326 157 31 särskild
996 2327 317 36 uppmärksamhet
1336 2330 103 35 samt,
1462 2340 57 20 om
1542 2330 275 33 förhållandena

311 2373 115 31 skulle
452 2375 165 31 befinnas
644 2376 124 31 därtill
796 2377 86 31 böra
908 2378 197 37 föranleda,
1132 2379 187 37 förelägga
1346 2381 294 31 nästkommande
1668 2382 148 37 riksdag

313 2425 136 36 förslag
468 2427 58 30 till
545 2427 236 36 erforderliga
802 2428 233 37 jämkningar
1056 2430 12 30 i
1087 2440 137 21 samma
1245 2431 139 32 villkor.
