2224 2620
391 221 39 30 20
909 223 233 29 Statsutskottets
1171 222 152 30 Utlåtande
1346 223 58 29 N:o
1430 224 50 28 43.

496 300 141 37 Genom
670 302 70 35 den
774 300 40 36 af
845 301 229 48 sakkunnige
1103 301 221 36 verkställda
1353 301 276 48 undersökning
1656 303 20 33 å
1704 303 59 33 ort
1791 300 68 36 och
1888 301 108 35 ställe

389 355 94 35 hade
526 354 203 36 emellertid
772 368 52 22 nu
866 353 126 37 blifvit
1029 360 136 38 utrönt,
1208 360 55 30 att
1305 355 68 35 den
1418 354 84 36 med
1535 354 29 35 B
1594 354 223 36 betecknade
1846 354 147 35 trakten

389 409 165 35 hvarken
595 409 59 35 till
695 409 155 47 skogens
887 409 90 34 eller
1018 409 168 34 markens
1228 406 260 44 beskaffenhet,
1522 407 353 36 timmerförekomst
1902 407 95 36 eller

388 463 104 47 eljest
533 460 128 38 afveke
704 461 81 36 från
829 462 145 48 vanliga
1012 460 255 37 förhållanden
1296 462 11 34 i
1336 460 179 37 nedanför
1544 461 156 49 belägna
1728 460 263 48 skogstrakter,

390 516 67 35 och
487 519 54 32 att
569 514 111 49 något
708 515 130 35 hinder
866 516 31 47 ej
927 515 131 36 funnes
1088 514 56 36 för
1172 520 54 30 att
1255 515 64 35 där
1348 513 167 37 bedrifva
1544 527 43 22 en
1617 514 141 36 ordnad
1778 512 217 49 afverkning

390 569 67 35 och
486 567 374 50 timmerförsäljning.

496 621 75 36 Vid
614 622 126 35 sådant
778 621 242 45 förhållande,
1062 622 67 35 och
1172 621 46 36 då
1259 634 131 35 genom
1419 621 70 35 den
1520 634 100 22 mera
1649 621 157 35 centralt
1835 620 162 47 belägna

390 675 219 37 A-traktens
645 674 218 49 afskiljande
905 675 81 35 från
1026 675 259 48 kronoparken
1314 675 137 35 kronan
1482 675 132 43 skulle,
1643 673 46 49 på
1717 679 72 31 sätt
1814 674 179 48 styrelsen

390 730 10 33 i
430 730 63 34 sitt
529 728 216 49 föregående
786 728 250 49 underdåniga
1075 728 189 36 utlåtande
1293 729 10 33 i
1333 728 147 35 ärendet
1508 734 169 28 närmare
1706 728 191 35 utvecklat
1926 727 68 35 och

390 781 227 37 fortfarande
645 783 58 35 till
731 783 74 34 alla
834 782 99 35 delar
962 781 114 37 måste
1105 781 175 44 vidhålla,
1308 782 37 35 få
1373 782 202 34 vidkännas
1595 779 257 49 uppoffringar
1872 779 123 37 äfven-

390 848 77 23 som
511 834 58 37 för
611 836 273 47 kronoparkens
925 835 227 48 förvaltning
1194 835 242 47 olägenheter,
1476 847 78 23 som
1595 833 46 49 på
1684 833 103 49 långt
1824 839 68 29 när
1920 834 31 47 ej
1982 834 11 33 i

390 902 141 23 samma
568 888 83 36 mån
689 901 86 23 vore
813 887 173 37 förenade
1015 889 84 35 med
1129 887 201 49 upplåtelse
1358 886 41 37 af
1424 888 203 43 B-trakten,
1656 887 110 35 sådan
1795 886 118 36 denna
1942 899 51 23 nu

391 941 126 37 blifvit
544 943 61 34 till
634 943 97 34 areal
762 943 68 34 och
858 949 149 41 gränser
1036 942 151 43 ändrad,
1215 942 98 47 finge
1341 942 190 48 styrelsen,
1562 940 85 35 med
1675 939 261 36 frånträdande
1956 939 45 36 af

391 994 177 50 förslaget
596 1008 59 23 om
684 995 158 48 ändring
870 996 9 34 i
910 996 125 35 vidare
1064 994 83 37 mån
1177 1002 44 28 än
1251 1007 77 23 som
1357 995 111 34 redan
1498 994 126 35 skett
1618 989 23 59 i
1648 993 162 35 nämnda
1830 993 168 35 B-trakts

391 1048 317 49 skiftesläggning,
754 1050 11 33 i
809 1048 291 49 underdånighet
1140 1049 116 34 uttala
1295 1048 68 35 den
1407 1048 159 47 mening,
1610 1052 64 39 att,
1706 1047 121 35 därest
1855 1046 137 48 Kungl.

391 1102 103 49 Maj:t
522 1102 113 36 funne
665 1103 185 48 behöfigt,
878 1107 53 31 att
959 1102 200 35 Enontekis
1187 1100 214 48 församling
1425 1101 139 35 erhölle
1584 1113 43 23 en
1653 1100 341 48 allmänningsskog

393 1162 102 29 utom
539 1156 168 44 socknen,
751 1156 62 35 det
854 1156 82 35 med
969 1156 29 35 B
1033 1154 222 36 betecknade
1284 1154 67 35 och
1380 1154 12 34 i
1421 1152 573 50 områdestilldelningsförslaget

392 1208 40 37 af
472 1209 72 37 den
588 1211 43 35 31
675 1210 72 47 juli
793 1211 93 35 1901
934 1210 59 34 till
1036 1209 78 35 sina
1156 1215 147 41 gränser
1343 1214 166 28 närmare
1552 1206 189 36 bestämda
1779 1206 147 36 område
1956 1205 46 36 af

392 1263 150 36 Muonio
584 1263 210 47 kronopark
823 1263 11 34 i
864 1262 297 36 Muonionalusta
1203 1260 227 48 församling,
1458 1259 117 37 såsom
1605 1260 129 35 därtill
1762 1258 88 37 fullt
1877 1260 119 48 lämp-

392 1317 81 48 ligt,
503 1316 114 36 borde
646 1315 170 49 upplåtas
844 1317 12 34 i
884 1316 122 35 stället
1035 1314 59 36 för
1123 1314 61 35 det
1212 1313 40 36 af
1280 1314 135 48 Kungl.
1446 1313 120 48 Maj:ts
1586 1312 412 50 befallningshafvande

391 1369 209 44 förordade,
638 1369 82 36 med
749 1369 34 35 A
817 1368 224 37 betecknade
1070 1366 172 46 området,
1274 1372 95 31 samt
1396 1371 55 31 att
1480 1365 117 37 såsom
1625 1367 138 35 villkor
1791 1366 58 36 för
1877 1367 118 35 denna

393 1424 204 48 upplåtelse
640 1423 60 35 det
742 1424 99 34 inom
874 1422 198 35 Enontekis
1100 1421 130 35 socken
1261 1420 62 36 vid
1351 1419 461 50 afvittringsberedningen
1840 1421 61 35 till
1930 1420 65 35 all-

392 1477 178 47 männing
611 1475 131 36 afsatta
785 1475 147 36 område
975 1475 113 36 borde
1132 1473 222 37 förbehållas
1395 1474 141 35 kronan
1578 1474 67 35 och
1685 1474 61 35 till
1784 1473 216 48 kronopark

393 1529 159 37 afsättas.

501 1636 16 35 I
561 1635 117 36 likhet
719 1635 82 35 med
844 1635 43 35 de
927 1635 260 48 myndigheter
1219 1635 68 35 och
1316 1633 175 43 enskilde,
1522 1646 78 22 som
1628 1636 118 46 yttrat
1774 1633 54 46 sig
1856 1633 11 34 i
1897 1633 99 35 detta

394 1690 142 40 ärende,
566 1702 104 23 anser
695 1690 64 47 jag
788 1689 44 35 de
860 1689 146 48 tryckta
1031 1687 266 46 förhållanden,
1319 1686 211 37 hvarunder
1549 1685 199 37 invånarne
1768 1687 9 33 i
1800 1686 200 35 Enontekis

394 1744 132 35 socken
561 1742 109 45 lefva,
698 1743 68 34 och
796 1742 111 48 nödig
935 1754 149 36 omsorg
1113 1755 60 22 om
1203 1740 258 37 bibehållande
1489 1739 40 36 af
1556 1752 44 23 en
1630 1739 121 36 bofast
1780 1738 218 49 befolkning

393 1799 13 34 i
434 1797 103 35 dessa
564 1796 125 47 nejder
717 1796 147 47 påkalla
892 1795 297 35 statsmakternas
1217 1794 234 36 inskridande
1480 1794 61 35 till
1570 1792 281 49 befolkningens
1880 1793 113 47 hjälp.

394 1852 68 33 Att
501 1850 121 36 denna
665 1849 102 48 hjälp
810 1850 57 34 för
904 1854 53 29 att
987 1847 119 37 blifva
1135 1847 40 36 af
1195 1848 171 48 varaktig
1393 1852 105 44 nytta
1527 1847 204 48 lämpligen
1761 1847 67 35 bör
1856 1847 141 34 lämnas

394 1916 130 35 genom
563 1902 222 49 upplåtande
823 1902 58 35 till
920 1901 199 36 Enontekis
1153 1902 176 35 kommun
1359 1899 86 37 utaf
1470 1898 256 49 afkastningen
1756 1899 40 35 af
1822 1913 45 22 en
1895 1900 102 35 trakt

394 1956 21 37 å
443 1957 162 35 kronans
632 1957 225 47 närbelägna
886 1956 143 48 skogar,
1057 1968 107 35 synes
1183 1955 76 48 mig
1279 1955 66 35 ock
1365 1967 88 22 vara
1473 1953 229 49 ådagalagdt.
1759 1952 106 37 Hvad
1886 1952 118 49 angår

395 2011 119 35 denna
552 2010 228 48 skogstrakts
808 2010 81 46 läge
919 2009 66 35 har
1017 2008 119 49 enligt
1163 2009 78 34 min
1269 2008 149 47 mening
1446 2007 315 49 domänstyrelsen
1791 2007 56 34 till
1868 2005 129 50 fyllest

395 2065 104 42 visat,
538 2069 54 30 att
628 2063 61 35 det
721 2075 26 23 s.
778 2063 35 35 k.
842 2061 221 45 B-området,
1092 2061 46 49 på
1166 2074 138 23 samma
1332 2063 96 47 gång
1456 2061 79 35 dess
1564 2060 185 36 afstående
1778 2060 118 35 skulle
1925 2058 72 37 för-

395 2117 130 36 orsaka
553 2117 140 34 kronan
722 2116 133 35 minsta
883 2114 133 37 förlust
1044 2117 68 34 och
1141 2115 203 48 olägenhet,
1373 2115 121 35 skulle
1523 2112 58 36 för
1609 2114 301 41 socknemännen,
1936 2125 61 22 om

396 2171 60 35 det
500 2170 165 48 upplätes
707 2170 59 34 till
805 2170 237 47 allmänning,
1071 2169 126 35 kunna
1225 2167 117 37 blifva
1370 2166 42 37 af
1438 2165 155 51 ungefär
1621 2179 137 23 samma
1787 2170 104 43 nytta
1919 2177 78 23 som

395 2224 62 36 det
485 2236 26 23 s.
543 2224 33 34 k.
606 2222 225 36 A-området.
888 2222 193 36 Likaledes
1109 2234 104 23 anser
1238 2222 66 48 jag
1331 2221 201 48 anledning
1560 2221 78 35 icke
1667 2219 180 47 föreligga
1867 2223 54 31 att
1940 2219 58 35 till

395 2277 231 47 allmänning
661 2277 153 47 upplåta
847 2282 114 30 större
995 2275 160 44 område,
1190 2282 45 28 än
1264 2287 76 23 som
1368 2273 58 37 för
1454 2273 210 36 ändamålet
1693 2271 174 37 behöfver
1895 2277 109 43 tagas
