1918 2844
561 162 319 37 Bankoutskottets
904 162 185 35 memorial
1117 162 54 34 Nr
1192 162 51 33 40.
1591 161 19 32 1

833 407 59 39 Nr
919 406 67 40 40.

638 524 112 25 Ankom
769 524 44 25 till
833 523 165 32 riksdagens
1016 522 92 25 kansli
1128 521 54 25 den
1204 522 30 23 12
1255 520 73 32 april
1349 520 66 24 1935
1435 519 37 25 kl.
1495 520 29 23 11
1546 519 17 24 f.
1583 526 36 17 m.

248 619 198 37 Memorial,
470 619 77 32 med
569 617 258 37 föranledande
847 627 45 21 av
913 616 213 32 kamrarnas
1147 614 214 38 skiljaktiga
1381 612 116 33 beslut
1520 610 130 37 beträf-

455 671 108 37 fande
608 670 159 38 punkten
805 672 39 29 23
872 679 46 21 av
946 668 309 32 bankoutskottets
1282 666 189 32 utlåtande
1497 675 44 21 nr
1568 667 48 34 36,
1643 663 14 30 i

451 723 194 37 anledning
665 733 45 21 av
728 722 131 32 väckta
878 721 175 31 motioner
1071 719 152 32 rörande
1242 718 194 32 understöd
1455 717 84 38 från
1561 715 91 34 Vad-

452 778 100 29 stena
574 774 380 38 krigsmanshuskassa
978 773 38 31 åt
1040 773 90 30 visst
1154 772 25 36 f.
1204 772 31 31 d.
1259 770 114 32 indelt
1396 770 184 36 manskap.

191 881 19 30 I
231 891 43 20 en
297 880 98 31 inom
418 880 115 31 andra
554 878 209 31 kammaren
786 877 108 31 väckt
919 876 134 31 motion
1078 885 43 21 nr
1146 875 57 31 100
1227 874 92 32 hade
1343 873 211 36 hemställts,
1581 872 72 31 »att

152 933 193 35 riksdagen
364 933 59 30 må
443 931 176 36 medgiva,
641 931 54 30 att
717 930 95 31 förre
833 929 163 31 soldaten
1017 928 61 31 vid
1097 926 135 37 Kungl.
1255 926 178 36 Västgöta
1452 926 201 35 regemente

153 985 89 31 Klas
262 985 162 31 Leander
446 984 193 31 Grönkvist
658 983 58 30 må
739 982 43 31 fr.
803 992 29 20 o.
853 992 45 20 m.
920 981 68 32 den
1009 982 17 29 1
1044 980 70 36 juli
1135 980 77 30 1935
1233 979 83 31 från
1336 979 184 32 Vadstena
1540 977 113 37 krigs-

152 1037 281 31 manshuskassa
453 1035 155 32 tilldelas
630 1034 189 31 underhåll
839 1043 75 21 som
932 1043 57 20 om
1008 1033 71 30 han
1099 1031 118 37 tjänat
1235 1031 56 31 för
1311 1030 209 32 underhålls
1540 1028 113 32 erhål-

153 1089 105 31 lande
279 1087 225 32 föreskriven
525 1087 83 31 tid».

194 1142 17 30 I
232 1141 160 36 punkten
415 1140 38 30 23
476 1150 45 20 av
543 1139 63 31 sitt
629 1138 186 31 utlåtande
836 1148 42 20 nr
901 1137 38 31 36
960 1136 90 32 hade
1074 1135 292 32 bankoutskottet
1387 1134 193 36 hemställt,
1601 1134 54 30 att

153 1193 282 36 ifrågavarande
458 1191 133 32 motion
615 1191 77 31 icke
716 1191 109 30 måtte
849 1189 58 32 till
930 1190 118 35 någon
1071 1188 210 36 riksdagens
1304 1188 130 35 åtgärd
1458 1186 195 32 föranleda.

196 1246 72 31 Vid
292 1245 162 36 punkten
478 1254 65 20 var
569 1243 110 36 fogad
704 1252 43 21 en
773 1253 46 20 av
845 1242 127 30 herrar
998 1240 197 36 Bäcklund,
1222 1239 157 31 Paulsen
1404 1239 64 31 och
1493 1238 164 32 Elmroth

155 1297 155 37 avgiven
331 1296 233 36 reservation,
587 1295 80 32 däri
689 1295 135 36 yrkats,
847 1295 54 30 att
924 1293 203 36 riksdagen,
1151 1293 12 30 i
1187 1291 195 37 anledning
1408 1302 44 20 av
1476 1290 181 31 motionen

154 1349 53 32 IT:
222 1350 67 36 100,
336 1349 113 31 måtte
495 1347 176 37 medgiva,
710 1348 53 29 att
789 1347 96 30 förre
913 1345 161 32 soldaten
1101 1344 64 32 vid
1191 1344 261 32 förutvarande
1480 1344 175 35 Västgöta

157 1402 201 36 regemente
385 1401 92 31 Klas
502 1400 160 31 Leander
689 1399 193 31 Grönkvist
909 1398 99 35 finge
1035 1397 84 31 från
1148 1397 64 31 och
1239 1397 81 31 med
1347 1396 68 31 den
1439 1396 19 30 1
1484 1395 69 37 juli
1580 1395 77 31 1985

157 1455 83 30 från
260 1453 184 31 Vadstena
465 1450 382 38 krigsmanshuskassa
869 1449 156 31 tilldelas
1047 1448 191 32 underhåll
1260 1448 113 36 enligt
1393 1457 137 21 samma
1551 1455 105 27 grun-

158 1506 61 31 der
239 1515 75 21 som
335 1515 56 20 om
413 1504 72 30 han
507 1503 118 36 tjänat
647 1503 57 30 för
726 1501 209 32 underhålls
958 1500 207 32 erhållande
1187 1499 224 32 föreskriven
1434 1500 62 31 tid.

197 1608 124 37 Enligt
343 1607 174 32 utskottet
539 1605 311 32 tillhandakomna
870 1604 329 37 protokollsutdrag
1222 1604 65 31 har
1312 1603 114 31 första
1449 1603 208 30 kammaren

157 1661 135 31 bifallit
311 1661 71 30 vad
402 1659 173 31 utskottet
593 1658 12 30 i
624 1658 64 31 sitt
709 1657 186 32 utlåtande
913 1667 43 20 nr
976 1656 37 31 36
1033 1655 192 37 hemställt,
1247 1656 159 30 varemot
1427 1655 115 31 andra
1561 1655 96 30 kam-

160 1723 133 26 maren,
318 1713 81 30 med
425 1711 125 36 avslag
575 1712 19 29 å
622 1710 191 30 utskottets
839 1708 215 32 hemställan
1082 1708 112 31 under
1220 1707 160 37 punkten
1405 1707 38 31 23
1469 1717 44 20 av
1538 1709 122 28 nämn-

159 1766 44 31 da
228 1765 197 35 utlåtande,
449 1763 136 31 bifallit
613 1763 67 31 den
707 1762 59 31 vid
791 1761 162 37 punkten
977 1760 128 36 fogade
1131 1760 276 31 reservationen.

199 1869 69 32 För
289 1869 150 36 frågans
461 1867 203 36 avgörande
685 1874 126 28 genom
830 1873 204 28 gemensam
1055 1863 221 36 omröstning
1298 1864 57 30 får
1376 1863 173 31 utskottet
1571 1863 88 31 före-

160 1921 53 31 slå
237 1920 160 36 följande
421 1917 418 38 voteringsproposition:

204 1973 103 35 »Den,
327 1982 75 21 som
422 1971 11 30 i
454 1971 111 30 likhet
583 1970 80 31 med
684 1969 113 31 första
817 1969 209 30 kammaren
1049 1967 63 31 vill
1132 1967 129 31 bifalla
1281 1967 69 31 vad
1369 1967 293 31 bankoutskottet

163 2024 12 31 i
221 2024 62 31 sitt
328 2023 186 31 utlåtande
560 2032 43 20 nr
636 2022 38 30 36
700 2021 111 30 under
838 2020 161 36 punkten
1024 2020 38 30 23
1089 2018 182 32 hemställt
1296 2019 86 30 eller
1406 2020 53 29 att
1484 2018 179 31 motionen

162 2077 52 31 II:
230 2077 56 30 100
310 2076 77 31 icke
411 2077 58 29 må
495 2074 55 31 till
574 2075 119 35 någon
716 2073 211 35 riksdagens
950 2072 130 35 åtgärd
1104 2071 196 36 föranleda,
1324 2071 117 31 röstar

882 2151 62 35 Ja;

202 2252 86 33 Den,
309 2251 57 32 det
387 2251 32 36 ej
443 2250 73 37 vill,
537 2251 116 29 röstar

868 2315 83 37 Nej;

206 2424 137 32 Vinner
366 2422 79 36 Nej,
470 2422 64 31 har
557 2420 201 36 riksdagen,
782 2419 11 31 i
816 2418 114 31 likhet
953 2417 79 32 med
1055 2416 114 32 andra
1193 2417 218 35 kammaren,
1435 2416 136 31 bifallit
1596 2416 69 31 vad

166 2476 9 31 i
201 2477 66 31 den
292 2476 57 30 vid
376 2474 158 38 punkten
557 2473 38 30 23
618 2483 44 20 av
689 2471 308 31 bankoutskottets
1021 2469 186 30 utlåtande
1231 2479 42 20 nr
1294 2469 37 29 36
1356 2469 127 34 fogade
1509 2478 156 20 reserva-

166 2548 109 32 Bihang
295 2547 41 25 till
356 2545 166 32 riksdagens
540 2544 143 33 protokoll
703 2544 74 25 1935.
817 2543 16 24 8
852 2544 82 24 saml.
972 2542 39 24 Nr
1030 2542 41 23 40.
1623 2538 10 25 1
