2218 2616
682 145 242 33 Statsutskottets
946 143 162 32 utlåtande
1131 141 53 32 Nr
1206 141 49 32 16.
1717 136 16 30 1

896 563 61 41 Nr
983 563 64 41 16.

722 687 118 28 Ankom
863 686 46 28 till
935 685 174 33 riksdagens
1133 683 98 28 kansli
1253 682 59 28 den
1336 683 16 26 3
1377 690 77 18 mars
1477 680 81 28 1922
1582 678 40 28 kl.
1650 681 12 24 1
1689 687 25 18 e.
1738 686 42 19 m.

380 801 190 38 Utlåtande
598 799 183 49 angående
807 798 225 44 regleringen
1059 796 58 42 för
1145 794 98 35 tiden
1269 795 20 32 1
1312 792 253 45 januari—30
1581 790 84 45 juni
1682 789 100 35 1923

576 880 46 22 av
661 867 198 43 utgifterna
894 864 66 49 för
1000 862 271 45 kapitalökning
1303 861 13 33 i
1349 859 173 36 avseende
1549 859 22 33 å
1594 859 99 42 post-
1721 856 63 34 och

578 934 288 44 telegrafverken.
1443 922 74 48 (4:e
1545 921 103 47 avd.)

860 1075 231 35 Postverket.

314 1170 74 48 1:o)
430 1173 64 35 Uti
534 1172 73 34 den
647 1171 58 34 till
745 1168 201 43 riksdagen
978 1166 73 35 den
1081 1167 19 33 7
1129 1164 153 45 januari
1311 1163 95 35 1922
1436 1161 155 35 avlåtna
1618 1159 169 45 proposi-

178 1227 128 34 tionen
347 1221 62 47 (nr
451 1220 34 46 1)
527 1221 196 44 angående
764 1218 245 35 statsverkets
1041 1215 171 36 tillstånd
1240 1214 70 35 och
1336 1213 123 34 behov
1485 1211 121 35 under
1632 1210 105 35 tiden
1767 1210 17 34 1

178 1276 153 44 januari
350 1275 79 34 —30
458 1273 85 43 juni
573 1272 108 41 1923,
710 1270 69 34 har
805 1268 140 43 Kungl.
974 1266 111 43 Maj:t
1111 1266 13 34 i
1152 1264 185 35 avseende
1365 1263 22 34 å
1414 1262 226 44 postverket,
1668 1260 121 34 under

180 1324 237 45 åberopande
459 1334 47 24 av
546 1322 64 35 det
636 1321 65 35 vid
729 1319 282 45 propositionen
1039 1316 121 35 under
1186 1315 129 35 rubrik
1342 1313 175 44 »utgifter
1542 1312 66 34 för
1628 1311 161 43 kapital-

180 1377 151 42 ökning,
373 1375 71 34 Bil.
488 1375 35 33 1»
551 1372 139 44 fogade
719 1368 413 44 statsrådsprotokollet
1160 1369 88 31 över
1274 1356 515 54 kommunikationsärenden

180 1428 59 34 för
278 1425 168 36 nämnda
477 1424 85 44 dag,
590 1421 196 44 föreslagit
812 1419 201 43 riksdagen
1044 1415 137 46 (punkt
1211 1412 35 47 1)
1275 1418 57 31 att
1358 1415 59 34 för
1442 1414 115 43 inköp
1586 1424 48 22 av
1660 1412 130 34 inven-

180 1478 114 35 tarier
334 1476 59 35 för
432 1474 236 45 postverkets
708 1472 122 34 behov
868 1470 60 35 för
954 1468 105 36 tiden
1091 1468 17 34 1
1140 1466 150 45 januari
1310 1466 79 34 —30
1419 1464 85 44 juni
1535 1463 94 35 1923
1659 1462 132 35 anvisa

182 1531 53 32 ett
260 1525 388 43 reservationsanslag
675 1535 48 23 av
750 1521 160 44 400,000
938 1520 148 34 kronor.

314 1576 261 44 Utredningen
616 1575 13 33 i
669 1573 155 35 ärendet
859 1571 202 34 återfinnes
1089 1569 22 34 å
1139 1568 69 35 sid.
1239 1567 96 35 3—5
1365 1577 48 24 av
1440 1563 212 45 åberopade
1680 1565 111 33 stats-

182 1626 324 46 rådsprotokollet.

316 1727 75 34 För
430 1726 41 34 år
513 1725 95 35 1920
649 1724 194 43 uppgingo
885 1722 181 42 anslagen
1107 1719 59 34 för
1193 1716 291 45 ifrågavarande
1521 1714 178 35 ändamål
1736 1713 56 34 till

184 1778 252 43 sammanlagt
465 1775 160 43 700,000
652 1775 148 40 kronor,
828 1783 117 24 varav
974 1769 161 45 400,000
1163 1769 137 34 kronor
1318 1767 170 34 anvisats
1508 1766 22 34 å
1548 1764 167 35 nämnda
1733 1763 61 35 års

184 1830 240 42 tilläggsstat.
477 1826 74 35 För
590 1825 42 34 år
675 1824 93 35 1921
810 1824 69 33 har
906 1822 58 35 för
991 1831 145 24 samma
1164 1817 176 36 ändamål
1369 1816 92 35 stått
1487 1816 57 35 till
1571 1813 223 45 förfogande

184 1879 164 35 förutom
390 1880 53 32 ett
470 1875 310 43 riksstatsanslag
807 1885 47 23 av
883 1872 171 43 700,000,
1084 1873 53 32 ett
1164 1869 22 35 å
1213 1867 237 37 sistnämnda
1477 1866 61 35 års
1565 1866 230 43 tilläggsstat

184 1929 159 42 beviljat
370 1928 132 43 anslag
529 1939 48 22 av
606 1925 160 43 500,000
794 1925 146 33 kronor.
994 1922 75 34 För
1095 1919 257 36 innevarande
1380 1918 41 35 år
1439 1917 122 35 finnes
1589 1919 53 32 ett
1659 1916 136 42 belopp

186 1991 48 23 av
262 1979 160 42 800,000
450 1977 136 34 kronor
614 1976 150 34 anvisat
790 1975 58 34 för
875 1972 228 36 ändamålet.

320 2029 18 33 I
366 2040 51 22 nu
445 2026 258 44 föreliggande
730 2025 143 42 förslag
899 2024 58 33 till
985 2026 77 31 stat
1089 2021 59 34 för
1174 2020 119 35 första
1320 2018 172 35 halvåret
1523 2017 94 34 1923
1647 2017 68 33 har
1734 2015 63 34 det

186 2091 47 22 av
273 2076 426 46 generalpoststyrelsen
744 2074 165 44 begärda
956 2071 344 44 anslagsbeloppet,
1348 2068 161 43 500,000
1554 2067 148 41 kronor,
1749 2077 47 22 av

186 2129 140 42 Kungl.
357 2127 110 43 Maj:t
494 2126 170 35 nedsatts
692 2125 56 34 till
777 2123 160 43 400,000
966 2123 147 33 kronor.

321 2215 19 31 1)
360 2215 133 25 Hänvisar
511 2215 45 24 till
577 2214 85 31 punkt
682 2213 8 24 i
709 2210 300 33 statsrådsprotokollet.

321 2264 127 41 Bihang
471 2263 48 31 till
541 2263 183 40 riksdagens
742 2260 158 44 protokoll
924 2260 90 31 1922.
1062 2258 22 31 6
1107 2257 88 31 saml.
1241 2257 39 30 15
1305 2255 83 42 häft.
1435 2254 69 38 (Nr
1527 2253 63 38 16.)
1741 2253 15 29 1

1824 1158 96 34 Inköp
1942 1165 35 20 av

1797 1191 197 29 inventarier.

1867 1243 99 48 [1.]')
