2228 2659
728 145 234 42 Loegutskottets
991 145 173 33 Utlåtande
1188 145 66 33 N:o
1277 145 55 32 32.
1784 144 16 30 1

940 528 87 38 N:0
1055 522 91 45 32.

997 678 72 27 Ank,
1088 678 42 25 till
1150 677 96 29 Riksd,
1263 677 89 25 kansli
1370 676 55 26 den
1445 676 29 26 18
1492 684 72 17 mars
1585 675 73 35 1902,
1675 675 37 27 kl.
1732 677 15 24 5
1767 683 22 20 e
1809 684 36 19 me

447 836 201 44 Utlåtande,
674 837 13 34 i
715 835 199 48 anledning
941 835 46 48 af
1012 835 102 36 väckt
1137 835 135 35 motion
1300 847 55 23 om
1384 834 160 46 ändring
1571 833 46 48 af
1640 833 20 34 1
1688 832 23 41 $
1733 832 14 35 1
1771 832 74 41 för-

641 904 196 48 ordningen
872 916 55 23 om
950 903 107 48 jords
1080 903 84 35 eller
1192 902 176 48 lägenhets
1396 901 185 49 afstående
1602 900 66 49 för
1691 900 155 35 allmänt

644 972 105 42 behof
768 972 66 35 den
863 971 46 35 14
937 971 97 47 april
1062 970 110 36 1866.

372 1140 73 37 Till
472 1139 284 37 förberedande
784 1138 237 48 behandling
1049 1137 41 37 af
1103 1138 256 49 lagutskottet
1377 1136 69 37 har
1464 1135 129 37 Andra
1612 1135 232 36 Kammaren

239 1192 178 37 hänvisat
446 1205 48 23 en
523 1190 41 37 af
588 1191 90 36 herr
709 1191 190 48 Lyckholm
927 1189 11 36 i
966 1189 166 36 nämnda
1160 1189 193 36 kammare
1382 1187 116 37 väckt
1525 1186 158 47 motion,
1702 1199 62 24 n:o
1786 1188 58 43 79,

238 1244 41 36 af
302 1242 170 50 följande
500 1241 163 48 lydelse:

373 1293 37 37 »I
453 1295 18 34 1
501 1290 20 49 8
551 1292 40 37 af
614 1292 130 48 kongl.
775 1291 275 48 förordningen
1079 1289 198 50 angående
1302 1289 109 48 jords
1440 1288 92 37 eller
1559 1287 205 50 lägenhets
1793 1287 53 37 af-

240 1344 158 37 stående
442 1343 57 37 för
540 1344 158 36 allmänt
736 1343 121 37 behof
896 1342 75 36 den
1016 1343 45 35 14
1102 1341 98 49 april
1244 1342 93 35 1866
1378 1338 262 48 föreskrifves,
1682 1344 67 41 att,
1779 1338 66 37 der

241 1396 221 47 Konungen
500 1395 155 48 pröfvar
695 1394 147 48 nödigt,
885 1399 54 31 att
967 1392 90 47 jord
1086 1392 94 37 eller
1207 1391 192 50 lägenhet,
1429 1404 81 23 som
1539 1389 129 37 tillhör
1695 1389 150 37 enskild

242 1460 99 33 man,
371 1446 199 48 menighet
599 1446 93 36 eller
714 1444 226 49 inrättning,
970 1443 96 37 skall
1096 1443 197 48 begagnas
1321 1441 57 37 till
1397 1447 88 43 torg
1502 1441 92 36 eller
1613 1446 89 42 gata
1722 1442 13 35 ?
1753 1442 90 45 stad,

242 1511 144 35 egaren
427 1497 97 37 skall
552 1510 90 23 vara
669 1495 141 50 pligtig
839 1501 54 31 att
922 1500 104 31 emot
1053 1494 212 47 ersättning
1292 1493 97 36 afstå
1415 1491 102 37 hvad
1544 1491 58 37 för
1630 1491 215 36 ändamålet

242 1548 158 37 fordras.
468 1548 74 36 Det
582 1548 108 36 torde
733 1546 226 46 emellertid,
1000 1545 86 36 med
1128 1545 75 36 den
1243 1543 235 48 utveckling,
1519 1542 325 48 befolkningsför-

241 1599 233 36 hållandena
513 1599 104 35 inom
646 1597 129 37 landet
803 1597 120 36 under
951 1596 47 37 de
1026 1609 134 23 senare
1189 1594 221 37 årtiondena
1437 1593 110 48 tagit,
1575 1606 157 23 numera
1758 1593 85 36 icke

242 1650 122 36 sällan
403 1650 252 46 förekomma,
698 1653 55 32 att
792 1647 120 37 behof
951 1647 41 36 af
1028 1646 285 49 expropriation
1347 1645 41 36 af
1416 1645 108 36 mark
1551 1644 59 36 till
1636 1650 88 41 torg
1752 1643 93 37 eller

242 1706 90 43 gata
347 1713 125 36 yppar
492 1700 62 47 sig
570 1700 104 36 inom
695 1699 199 49 köpingar,
915 1696 433 50 municipalsamhällen,
1375 1696 178 36 stations-
1572 1695 94 36 eller
1684 1694 161 37 fabriks-

244 1752 214 36 samhällen
486 1751 92 36 eller
607 1750 118 37 andra
753 1750 237 46 kommuner,
1020 1748 130 37 hvilka
1176 1748 84 36 icke
1285 1760 71 35 ega
1384 1746 346 47 stadsrättigheter,
1758 1758 86 23 men

243 1803 87 36 med
359 1801 183 38 afseende
572 1805 21 33 å
620 1806 117 32 sättet
764 1800 58 37 för
850 1800 111 37 deras
990 1798 258 50 bebyggande
1270 1802 98 32 samt
1386 1797 296 47 befolkningens
1703 1796 143 48 mängd

244 1854 73 36 och
344 1853 125 36 täthet
495 1857 64 32 äro
580 1852 85 36 fullt
679 1851 223 49 jemförliga
922 1850 86 37 med
1030 1850 139 37 städer.
1222 1849 57 37 Då
1298 1849 47 36 de
1364 1847 290 50 ifrågavarande
1673 1847 173 36 kommu-

243 1917 119 24 nerna
389 1903 245 48 rättvisligen
662 1916 116 34 synas
807 1902 94 37 böra
928 1901 64 36 vid
1021 1899 284 38 verkställande
1335 1900 40 36 af
1398 1898 142 49 nödiga
1566 1897 280 49 gatureglerin-

244 1969 69 35 gar
353 1955 72 36 och
465 1954 247 37 anordnande
754 1953 41 36 af
824 1952 233 49 torgplatser
1085 1965 72 34 ega
1184 1964 146 23 samma
1356 1955 76 31 rätt
1459 1962 81 24 som
1571 1949 180 36 städerna
1779 1953 66 41 att,

245 2006 68 36 der
352 2005 210 48 godvilligt
603 2004 94 37 aftal
730 2004 33 47 ej
793 2004 75 37 kan
895 2003 142 46 träffas,
1067 2015 139 36 genom
1235 2000 285 50 expropriation
1547 1999 194 37 förvärfva
1770 1998 75 37 den

245 2057 60 36 för
333 2056 217 37 ändamålet
577 2055 251 49 erforderliga
856 2054 120 47 mark,
1004 2054 68 36 har
1095 2053 69 48 jag
1183 2058 126 32 ansett
1327 2052 78 48 mig
1424 2051 93 37 böra
1536 2051 70 36 hos
1625 2050 221 49 Riksdagen

244 2108 144 37 föreslå
415 2121 48 23 en
492 2106 166 49 ändring
684 2106 12 36 i
724 2106 165 36 berörda
917 2106 101 48 syfte
1048 2104 40 37 af
1113 2103 282 38 ofvannämnda
1421 2101 188 50 paragraf.
1663 2100 185 49 Möjligen

246 2159 123 36 skulle
399 2158 75 36 den
500 2157 292 49 ifrågavarande
820 2156 237 49 rättigheten
1084 2154 209 50 lämpligen
1321 2154 129 36 kunna
1476 2153 215 48 begränsas
1719 2151 58 37 till
1804 2151 46 37 de

246 2209 225 47 samhällen,
511 2209 59 36 för
598 2208 130 37 hvilka
756 2207 377 50 byggnadsstadgan
1160 2206 58 36 för
1244 2205 119 36 rikets
1392 2203 129 38 städer
1548 2208 40 32 är
1616 2203 93 37 eller
1736 2203 114 36 fram-

329 2265 79 33 Bih,
431 2265 50 33 till
502 2264 114 33 RBiksd.
639 2264 90 32 Prot.
754 2264 102 31 1902.
903 2265 21 29 7
948 2262 99 34 Saml.
1072 2263 47 30 27
1142 2261 96 41 Häft.
1276 2261 82 40 (N:o
1382 2261 73 40 32).
