2220 2614
424 166 41 32 20
877 167 250 34 Statsutskottets
1151 168 161 35 utlåtande
1334 171 53 32 Nr
1409 172 73 31 223.

946 455 450 41 Reservationer:

508 571 47 23 av
592 558 129 36 herrar
759 560 36 35 S.
835 560 50 35 H.
915 560 249 43 Kvarneelius,
1195 562 49 34 H.
1273 562 43 35 F.
1346 562 138 44 Lamm,
1515 564 51 34 H.
1596 564 56 34 M.
1682 564 221 41 Bäckström,
1938 567 38 34 C.

383 610 42 36 G.
455 611 155 43 Ekman,
646 611 40 35 EK.
717 612 43 34 A.
794 612 196 45 Tengdahl,
1024 614 38 34 C.
1091 614 46 34 R.
1158 615 158 34 Jansson
1340 613 10 36 i
1371 613 132 49 Falun,
1523 615 44 37 L.
1588 615 34 35 J.
1649 616 327 37 Carlsson-Froste-

378 664 81 42 rud,
507 663 57 35 W.
603 663 226 44 Bäckström,
868 664 44 35 F.
952 665 36 35 T.
1026 665 163 36 Hamrin
1217 665 70 36 och
1314 666 49 35 J..
1380 667 43 34 E.
1455 667 207 36 Andersson
1690 667 12 36 i
1731 667 245 50 Ofvanmyra,

379 713 101 36 vilka
508 718 135 43 ansett,
664 719 55 31 att
737 715 203 36 utskottets
959 716 178 49 yttrande
1158 716 70 37 och
1248 716 145 49 förslag
1411 717 83 37 bort
1514 717 98 37 hava
1632 718 166 50 följande
1818 720 157 49 lydelse:

509 764 108 37 »Med
660 765 147 50 hänsyn
836 767 57 35 till
922 767 71 36 den
1022 767 122 38 ökade
1173 769 277 49 utsträckning,
1478 769 499 50 rusdryckskonsumtionen

378 817 93 36 efter
511 817 268 48 upphävandet
821 832 46 22 av
909 819 45 36 de
996 820 189 36 särskilda
1220 820 472 38 kristidsrestriktionerna
1720 823 160 48 erhållit,
1909 824 69 36 har

377 869 185 36 utskottet
589 868 83 37 icke
700 870 147 36 kunnat
874 871 128 48 undgå
1032 877 53 30 att
1112 872 103 36 finna
1242 872 297 38 motionärernas
1560 874 283 50 framställning
1864 875 112 37 beak-

377 920 178 36 tansvärd
584 921 70 36 och
683 922 108 36 alltså
820 934 48 24 av
896 922 262 38 beskaffenhet
1187 928 54 32 att
1268 924 92 36 böra
1388 924 159 37 bifallas.

506 971 148 38 Genom
682 973 46 37 de
748 987 134 24 senare
902 977 105 35 årens
1027 975 446 49 beskattningsåtgärder
1488 976 234 38 beträffande
1737 979 238 49 rusdrycker,

376 1024 221 48 varigenom
642 1031 121 31 staten
791 1026 12 36 i
835 1027 152 48 stegrad
1029 1028 233 48 omfattning
1304 1028 57 36 för
1403 1028 166 50 fyllande
1604 1043 46 22 av
1678 1029 212 49 budgetära
1918 1032 57 35 in-

376 1076 250 36 komstbehov
667 1078 192 36 använder
899 1079 109 36 dessa
1049 1079 162 50 drycker
1250 1082 122 34 såsom
1415 1080 265 50 skatteobjekt,
1711 1095 111 35 synes
1852 1088 124 32 staten

375 1132 74 43 äga
490 1140 46 23 en
577 1128 196 49 uppenbar
801 1129 232 49 förpliktelse
1062 1137 55 30 att
1146 1132 172 36 använda
1347 1132 227 37 åtminstone
1602 1136 129 46 någon
1760 1134 56 36 del
1847 1148 47 22 av
1923 1136 53 35 in-

375 1179 217 36 komsterna
634 1180 83 36 från
745 1181 461 50 rusdryckshanteringen
1244 1184 58 36 för
1330 1189 54 31 att
1412 1184 148 37 minska
1591 1185 385 49 rusdryckskonsum-

375 1231 148 36 tionens
561 1231 359 50 skadeverkningar.
975 1234 56 36 Då
1064 1235 122 48 enligt
1221 1235 238 49 principerna
1491 1237 58 35 för
1582 1236 66 37 det
1676 1250 45 23 av
1750 1243 123 31 staten
1903 1239 72 36 till-

374 1282 172 49 lämpade
592 1284 420 50 restriktionssystemet
1058 1286 458 49 nykterhetsnämnderna
1558 1288 108 36 torde
1706 1289 36 36 få
1783 1289 192 38 betraktas

375 1336 123 34 såsom
527 1339 53 31 ett
609 1349 45 22 av
684 1336 44 36 de
760 1342 92 30 mest
881 1337 174 37 effektiva
1083 1337 258 49 hjälpmedlen
1362 1340 58 36 för
1439 1340 117 36 sådan
1577 1340 397 49 skyddsverksamhet,

374 1385 69 37 har
471 1386 182 37 utskottet
681 1387 125 37 funnit
834 1388 62 49 sig
925 1388 88 37 böra
1041 1389 202 50 tillstyrka,
1273 1396 54 30 att
1355 1391 46 36 de
1430 1404 45 23 av
1503 1391 278 38 motionärerna
1808 1393 168 49 begärda

375 1438 194 48 anslagen,
617 1440 161 45 100,000
821 1439 139 38 kronor
1000 1444 20 33 å
1060 1443 98 35 1922
1202 1445 58 33 års
1290 1448 75 30 stat
1393 1443 69 36 och
1491 1445 139 44 50,000
1660 1445 138 36 kronor
1826 1448 20 33 å
1878 1448 94 34 1921

374 1492 60 33 års
463 1489 246 50 tilläggsstat,
740 1491 168 50 beviljas.
939 1492 192 38 Utskottet
1163 1493 217 36 förutsätter
1408 1494 95 37 dock
1531 1495 145 48 därvid,
1706 1502 54 30 att
1788 1510 46 23 en
1863 1497 113 36 ända-

375 1542 199 48 målsenlig
614 1542 219 49 fördelning
865 1557 48 22 av
945 1545 181 47 anslagen
1159 1548 61 33 må
1251 1545 128 36 kunna
1411 1546 281 37 åstadkommas
1720 1554 90 30 utan
1840 1549 136 36 anord-

374 1593 122 36 nande
534 1606 47 23 av
618 1607 46 23 en
703 1595 159 36 särskild
901 1596 217 36 institution
1148 1596 59 36 för
1234 1596 102 37 detta
1364 1597 184 48 ändamål,
1578 1599 183 48 varjämte
1790 1600 186 37 utskottet

374 1644 66 36 vill
467 1646 131 46 uttala,
629 1651 53 31 att
710 1646 45 36 de
783 1646 58 36 till
869 1648 234 36 nämnderna
1130 1648 174 36 lämnade
1337 1648 183 50 bidragen
1548 1650 83 37 icke
1650 1651 12 36 i
1682 1653 115 46 något
1821 1652 66 36 fall
1916 1655 59 34 må

375 1696 176 37 tillmätas
579 1697 12 35 1
620 1697 116 37 sådan
778 1698 238 50 omfattning,
1059 1704 53 32 att
1156 1700 45 37 de
1228 1700 128 36 kunna
1388 1701 137 37 bereda
1552 1703 12 35 i
1593 1703 70 35 och
1692 1703 57 36 för
1777 1703 60 49 sig
1864 1704 111 37 efter-

374 1749 264 36 strävansvärd
669 1750 383 49 förtjänstmöjlighet
1079 1757 93 31 utan
1201 1752 135 49 endast
1365 1766 87 23 avse
1480 1759 55 30 att
1554 1753 159 38 betäcka
1736 1756 85 36 med
1840 1760 134 32 nämn-

375 1800 134 36 dernas
538 1800 239 37 verksamhet
806 1802 213 37 förbundna
1048 1804 289 48 oundgängliga
1365 1804 216 38 kostnader.

504 1851 81 37 Mot
627 1852 182 48 förslaget
838 1859 55 31 att
929 1855 491 49 rusdrycksmedelsfonden
1458 1857 58 36 för
1543 1857 289 49 ifrågavarande
1860 1859 114 37 ända-

374 1902 74 37 mål
476 1908 108 44 tages
613 1904 12 36 i
653 1905 161 48 anspråk
843 1906 69 36 har
939 1907 184 37 utskottet
1151 1907 93 37 intet
1271 1913 53 31 att
1353 1908 135 47 erinra,
1513 1909 70 36 och
1604 1909 169 38 kommer
1792 1911 183 38 utskottet

374 1960 54 31 att
456 1955 11 36 i
495 1961 116 31 annat
640 1957 278 49 sammanhang
944 1963 93 43 göra
1065 1959 285 49 framställning
1378 1960 142 37 härom.

503 2007 195 37 Utskottet
726 2008 215 38 hemställer
962 2010 126 48 alltså,

903 2119 54 31 att
996 2114 205 50 riksdagen
1243 2118 60 34 må
1339 2116 57 36 till
1433 2115 207 38 understöd
1669 2120 37 34 åt
1733 2118 240 48 nykterhets-

773 2166 233 37 nämnderna
1034 2172 98 31 samt
1161 2167 55 36 till
1245 2168 184 48 åtgärder,
1461 2168 187 37 avseende
1673 2176 53 30 att
1746 2170 136 49 främja
1902 2171 71 37 den

774 2218 164 48 uppgift,
981 2232 80 23 som
1104 2219 146 49 åligger
1286 2220 110 36 dessa
1433 2221 182 36 nämnder
1651 2222 12 35 i
1691 2222 169 48 enlighet
1888 2222 84 37 med

772 2269 11 36 i
824 2270 258 38 ovanberörda
1115 2272 186 37 motioner
1330 2271 165 51 angivna
1522 2272 170 49 grunder
1719 2274 69 37 och
1816 2274 46 37 de
1890 2279 83 32 när-
