1876 2772
491 179 394 37 Bevillningsutskottets
910 179 217 32 betänkande
1152 181 49 30 Nr
1216 181 49 31 16.
1614 176 19 30 9

122 271 52 22 ser
193 279 46 6 —
260 262 67 31 tills
347 262 119 31 vidare
486 262 131 32 avförts
638 262 80 32 från
740 263 312 37 förhandlingarna
1073 265 128 30 mellan
1223 267 128 28 statens
1374 264 254 31 sockernämnd

121 313 67 30 och
206 313 269 37 sockerbolaget.

165 364 31 30 4,
222 364 227 31 Beträffande
485 364 404 37 betodlingskontrakten
927 365 65 31 har
1029 366 146 36 bolaget,
1215 365 44 38 på
1287 365 235 31 hänvändelse
1548 364 81 32 från

121 415 187 37 nämnden,
327 414 166 38 medgivit
514 414 71 32 dels
606 418 50 29 att
677 416 266 31 bestämmelsen
963 426 56 21 om
1038 416 182 37 betprisets
1239 416 241 38 slutreglering
1501 416 128 31 ändras

121 466 147 37 därhän,
288 468 49 29 att
358 466 281 39 slutregleringen
657 467 101 36 skall,
781 466 64 31 där
861 466 33 39 ej
918 466 11 31 i
951 466 138 32 särskilt
1110 467 62 31 fall
1196 467 124 31 hinder
1339 468 120 35 möter,
1483 467 60 31 ske
1564 476 64 21 un-

122 517 61 30 der
210 527 120 21 senare
357 517 136 31 hälften
520 526 43 22 av
591 517 164 37 februari,
783 517 72 31 dels
883 517 66 31 ock
976 521 49 28 att
1052 518 136 31 odlares
1213 517 197 38 skyldighet
1437 520 49 28 att
1514 518 115 30 betala

121 567 96 31 frakt
235 568 55 30 för
306 568 46 30 all
369 567 81 37 jord
470 568 88 30 skall
576 568 148 37 inträda,
745 578 57 21 om
821 571 298 35 smutsprocenten
1140 568 185 37 överstiger
1347 569 42 30 25
1415 567 116 40 (vilket
1552 568 76 31 allt-

121 618 39 32 så
178 618 147 31 innebär
344 628 48 21 nu
413 619 158 36 gällande
588 620 209 36 procenttals
818 618 154 38 höjande
989 618 80 32 från
1088 617 70 41 20).
1189 618 125 32 Vidare
1335 619 66 30 har
1418 619 135 37 bolaget
1571 618 57 31 be-

121 669 133 32 kräftat
276 670 67 30 vad
365 670 137 36 bolaget
524 670 108 30 redan
654 670 59 30 vid
737 670 263 36 förhandlingar
1025 670 113 30 direkt
1162 670 80 30 med
1264 669 204 31 betodlarna
1493 670 135 35 uttalat,

121 720 175 38 nämligen
315 723 49 28 att
384 721 137 36 bolaget
541 729 81 22 vore
640 720 109 38 villigt
769 723 48 28 att
836 729 44 22 av
899 719 163 38 betpriset
1081 720 116 31 betala
1215 719 36 32 så
1271 720 137 37 mycket
1429 729 74 21 som
1520 719 107 31 rimli-

122 778 64 30 gen
209 772 70 30 kan
301 772 60 30 ske
382 772 144 30 å-konto
546 771 111 31 under
681 770 224 38 kampanjen.

163 2496 112 32 Bihang
285 2495 42 26 till
337 2495 170 32 riksdagens
518 2494 145 33 protokoll
677 2495 74 25 1942.
772 2495 14 25 7
798 2495 80 25 saml.
907 2494 39 24 Nr
963 2495 39 24 16.
1582 2493 15 24 2
