1872 2774
486 174 395 37 Bevillningsutskottets
906 173 219 32 betänkande
1149 174 49 32 Nr
1217 174 49 31 16.
1591 169 36 30 11

163 259 81 31 Som
258 259 167 36 underlag
439 259 53 31 för
506 260 185 30 eventuellt
706 260 131 36 avdrag
851 258 152 32 innestår
1018 262 82 27 utav
1115 259 235 36 ersättningen
1366 258 54 31 för
1436 257 190 38 gallringen

122 310 38 30 15
178 305 43 34 9/9
236 310 69 31 tills
324 309 176 32 slutlikvid
519 310 89 30 sker.

163 360 160 38 Räkning
344 370 43 21 av
409 361 194 37 plantantal
624 361 131 30 utföres
778 360 56 31 för
856 359 94 38 varje
972 361 158 30 arbetare
1152 360 54 31 för
1228 360 50 37 sig
1300 360 67 31 och
1388 360 86 30 efter
1496 360 130 30 dennes

119 412 84 30 sista
226 411 177 37 hackning
426 412 65 30 och
515 412 88 30 skall
629 412 60 30 ske
712 411 20 31 å
757 412 20 29 4
802 412 156 30 sträckor
982 420 60 28 per
1068 411 151 37 gallrade
1244 411 97 36 6,400
1369 410 258 31 sträckfamnar

118 472 58 21 om
196 463 146 30 vardera
363 462 42 30 40
426 462 267 31 sträckfamnar.
715 462 123 31 Denna
860 462 157 37 räkning,
1041 471 77 22 som
1138 462 130 31 utföres
1291 461 21 31 å
1334 462 155 30 sträckor
1511 470 114 28 repre-

119 513 204 31 senterande
344 513 56 31 det
421 513 277 37 genomsnittliga
719 513 351 37 gallringsresultatet,
1092 513 113 37 lägges
1227 513 51 30 till
1300 513 111 37 grund
1433 513 54 30 för
1508 513 118 30 uträk-

119 564 127 36 ningen
266 572 42 22 av
329 564 127 37 tillägg,
477 564 193 36 respektive
691 565 140 35 avdrag.

163 613 65 32 Vid
246 614 238 31 beräknandet
502 624 43 21 av
565 615 193 36 plantantal
779 615 98 30 skola
896 614 269 37 dubbelplantor
1182 614 31 37 ej
1235 615 219 30 medräknas.

163 663 32 40 4)
223 664 67 31 För
313 666 224 36 upptagning,
560 664 241 32 innefattande
824 668 49 27 att
894 666 145 30 betorna
1061 665 98 31 skola
1182 665 236 36 omsorgsfuilt
1441 664 185 35 avblastas,

120 716 56 30 väl
198 716 163 36 rengöras
384 714 80 32 från
485 714 79 38 jord
586 716 66 30 och
675 715 183 31 smårötter
881 716 66 30 och
970 716 128 30 samlas
1121 715 11 30 i
1154 716 108 36 högar
1286 715 46 38 på
1356 715 92 31 förut
1472 716 56 30 väl
1551 724 76 21 ren-

120 765 100 38 gjord
245 766 89 36 plats
360 769 88 27 samt
472 767 177 36 högarnas
671 767 173 30 täckande
868 767 79 30 med
972 767 100 35 blast,
1099 767 88 29 skall
1211 765 82 38 utgå
1318 766 130 31 ackord
1474 775 60 28 per
1560 765 67 31 400

118 816 260 31 sträckfamnar
396 817 78 30 med
494 817 118 30 minst:
634 817 56 30 för
709 818 118 29 arbete
846 817 177 31 verkställt
1044 817 75 31 före
1139 818 65 30 den
1225 817 41 30 25
1288 817 144 30 oktober
1452 817 51 30 kr.
1524 817 34 29 6:
1574 816 52 37 50,

120 867 56 30 för
197 868 116 29 arbete
334 868 178 30 verkställt
534 868 43 30 fr.
601 877 30 21 o.
654 877 45 21 m.
723 868 41 30 25
788 868 210 30 oktober—9
1021 869 187 29 november
1231 868 52 30 kr.
1309 868 32 29 7:
1367 884 41 19 —,
1431 868 55 30 för
1509 868 118 30 arbete

120 917 178 31 verkställt
322 918 42 30 fr.
390 927 30 21 o.
444 928 45 20 m.
515 919 67 29 den
610 919 41 29 10
674 919 187 30 november
886 919 50 29 kr.
963 919 100 35 8:—,
1092 919 88 30 dock
1206 921 49 28 att
1280 918 221 31 beträffande
1526 918 99 30 arbe-

118 971 84 33 tare,
226 978 76 21 som
326 967 156 38 fullgjort
504 968 114 37 åtaget
643 970 124 35 arbete,
793 969 320 37 totalersättningen
1139 969 96 30 alltid
1260 969 89 31 skall
1374 970 120 36 utgöra
1520 969 107 30 minst

119 1019 51 30 kr.
193 1020 32 28 7:
238 1035 45 4 —
302 1027 60 28 per
382 1019 63 29 400
466 1019 267 30 sträckfamnar.

165 1067 30 40 5)
223 1069 65 29 Till
308 1070 166 35 arbetare,
497 1079 75 21 som
593 1070 11 30 i
624 1070 151 36 enlighet
795 1071 80 29 med
896 1070 263 30 föreskrifterna
1180 1071 110 30 under
1312 1069 31 40 4)
1371 1071 63 30 här
1456 1079 90 21 ovan
1567 1079 59 21 an-

119 1120 117 36 tingen
255 1120 110 30 utfört
386 1119 111 38 åtaget
518 1121 117 30 arbete
655 1121 80 30 med
755 1121 259 37 upptagningen
1037 1131 42 20 av
1102 1122 220 30 sockerbetor
1343 1120 21 31 å
1385 1121 241 30 överenskom-

120 1179 80 21 men
222 1170 103 36 areal,
348 1171 89 29 dock
458 1170 106 31 minst
586 1171 97 35 3,200
706 1171 266 36 sträckfamnar,
996 1171 83 30 eller
1099 1188 44 4 —
1165 1172 62 30 där
1249 1172 204 36 uppgörelse
1476 1181 60 21 om
1558 1171 70 31 viss

119 1221 94 30 areal
234 1220 30 37 ej
289 1221 181 37 föreligger
490 1238 46 4 —
556 1222 159 37 upptagit
737 1222 106 30 minst
866 1231 133 22 samma
1021 1222 104 36 areal,
1149 1223 88 30 skall
1260 1222 55 31 för
1339 1222 177 31 verkställt
1538 1231 88 28 upp-

118 1271 278 37 tagningsarbete
414 1288 45 4 —
476 1273 121 29 utöver
618 1273 165 30 ackordet
801 1289 46 4 —
866 1272 81 37 utgå
965 1282 43 21 en
1029 1273 151 31 särskild
1198 1273 189 37 ersättning
1414 1272 212 40 (kvantitets-

118 1316 144 40 tillägg).
283 1320 68 31 För
369 1320 94 38 varje
481 1320 79 32 fullt
580 1323 160 34 1,000-tal
757 1323 45 36 kg
821 1332 60 27 per
898 1323 132 36 hektar,
1050 1323 143 30 varmed
1212 1323 149 30 skörden
1378 1322 21 31 å
1415 1323 213 36 egendomen

119 1371 184 36 överstiger
321 1372 118 35 28,000
457 1372 45 36 kg
519 1373 200 30 avräknade
737 1374 221 29 sockerbetor
975 1383 61 28 per
1055 1374 132 35 hektar,
1208 1375 100 35 utgör
1328 1373 296 37 kvantitetstilläg-

120 1423 53 33 get
190 1421 20 30 6
230 1422 57 29 öre
306 1430 61 28 per
386 1422 63 30 400
469 1422 266 31 sträckfamnar.
767 1423 123 31 Därest
911 1425 156 30 arbetare
1084 1432 124 28 genom
1230 1425 112 36 styrkt
1359 1423 165 37 sjukdom
1542 1424 83 30 eller

118 1474 107 27 annat
247 1472 78 36 laga
347 1471 117 31 förfall
487 1474 39 28 är
547 1473 207 31 förhindrad
776 1477 50 27 att
849 1474 146 31 slutföra
1017 1473 114 38 åtaget
1155 1475 357 36 upptagningsarbete,
1539 1475 89 30 skall

118 1522 339 37 kvantitetstillägget
478 1523 82 37 utgå
580 1524 10 29 i
611 1525 202 36 proportion
836 1525 51 30 till
910 1528 173 34 upptagen
1104 1526 102 30 areal.

163 1572 31 40 6)
219 1573 205 31 Betodlaren
443 1575 87 30 skall
550 1578 114 28 senast
683 1575 95 31 inom
798 1579 51 27 tre
868 1576 134 36 veckor,
1024 1576 107 31 sedan
1149 1575 214 38 kampanjen
1383 1577 164 31 avslutats
1568 1576 59 31 vid

120 1624 258 31 vederbörande
397 1625 125 36 fabrik,
544 1634 61 28 per
625 1629 76 34 post
721 1627 193 30 översända
934 1627 338 37 kvantitetstillägget
1293 1628 51 29 till
1363 1628 166 36 arbetare,
1550 1637 78 21 som

120 1676 38 29 är
178 1675 113 30 bosatt
310 1674 21 31 å
351 1684 116 22 annan
487 1679 63 32 ort,
572 1677 114 30 därest
706 1678 183 30 arbetaren
909 1677 210 31 framställer
1139 1679 150 35 begäran
1310 1679 124 30 härom
1453 1679 67 30 och
1539 1686 88 29 upp-

118 1725 96 36 giver
232 1725 205 38 fullständig
455 1727 128 30 adress.

164 1775 206 31 Betodlaren
391 1776 179 31 förbinder
592 1777 50 37 sig
663 1780 58 33 att,
744 1779 108 30 sedan
873 1779 199 30 leveransen
1095 1789 41 21 av
1159 1781 219 30 sockerbetor
1399 1781 55 31 för
1475 1780 73 32 året
1570 1791 58 21 av-

120 1826 131 36 slutats,
269 1826 55 30 för
341 1827 224 36 betarbetare,
585 1837 76 21 som
677 1827 37 31 så
732 1827 195 37 påfordrar,
946 1829 109 31 förete
1073 1830 172 37 skriftligt,
1265 1840 42 21 av
1326 1833 147 30 svenska
1491 1833 135 30 socker-

119 1876 366 37 fabriksaktiebolaget
507 1877 290 31 tillhandahållen
820 1879 137 36 uppgift
980 1878 20 31 å
1023 1880 53 29 sin
1101 1880 217 31 medelskörd
1342 1890 43 21 av
1408 1883 220 30 sockerbetor

120 1926 109 30 under
249 1925 83 31 året.

165 1974 30 40 7)
226 1975 158 32 Erhåller
408 1977 240 31 betarbetaren
673 1977 74 32 icke
771 1978 192 38 ersättning
987 1980 104 37 enligt
1115 1981 306 32 bestämmelserna
1445 1983 64 30 här
1536 1993 90 21 ovan

119 2027 110 30 under
252 2025 28 41 1)
308 2025 74 41 —6),
403 2028 39 29 är
461 2028 202 30 betodlaren
684 2029 123 37 pliktig
827 2032 58 33 att,
907 2030 62 30 där
990 2030 70 30 han
1081 2030 32 37 ej
1135 2031 95 31 inom
1251 2032 68 31 viss
1341 2042 43 21 av
1404 2036 128 28 statens
1553 2043 72 22 soc-

120 2077 193 30 kernämnd
334 2078 155 37 förelagd
508 2078 50 30 tid
579 2080 134 35 styrker
731 2079 52 37 sig
803 2080 91 30 hava
915 2081 50 29 till
984 2081 239 31 betarbetaren
1244 2083 129 30 betalat
1393 2084 67 30 vad
1480 2094 76 21 som
1578 2085 48 30 fe-

120 2128 60 35 las,
201 2128 87 29 efter
308 2129 175 29 anmodan
505 2137 42 22 av
569 2130 176 29 nämnden
767 2130 118 36 utgiva
905 2133 47 27 ett
973 2131 137 37 belopp,
1133 2134 244 30 motsvarande
1398 2134 66 30 den
1487 2134 140 31 felande

119 2178 234 36 ersättningen
369 2177 107 36 jämte
494 2178 18 30 5
530 2181 144 34 procent
690 2178 86 38 årlig
793 2181 100 29 ränta
912 2180 94 36 därå,
1025 2183 49 28 att
1092 2191 42 21 av
1152 2183 177 30 nämnden
1347 2183 201 37 disponeras
1568 2194 57 21 en-

120 2227 58 36 ligt
199 2236 41 21 av
261 2227 123 36 Kungl.
406 2226 100 37 Maj:t
526 2228 203 31 meddelade
750 2229 226 31 föreskrifter.

831 2310 20 41 &
879 2314 29 29 2.

164 2378 124 30 Tillika
307 2377 178 32 förbinder
504 2378 50 37 sig
574 2379 201 31 betodlaren
794 2383 50 27 att
863 2380 49 30 till
931 2381 171 31 täckande
1122 2391 41 21 av
1184 2383 196 37 kostnader,
1400 2394 74 21 som
1495 2387 130 29 statens

119 2429 254 30 sockernämnd
393 2428 63 30 har
475 2431 49 28 att
543 2429 162 36 bestrida,
726 2430 111 31 under
861 2430 81 30 1942
963 2431 51 30 till
1034 2433 177 30 nämnden
1230 2433 139 37 erlägga
1389 2443 41 22 en
1451 2435 109 37 avgift
1582 2445 43 22 av

119 2479 88 30 intill
237 2480 9 30 3
266 2479 131 30 kronor
416 2479 53 30 för
490 2478 96 38 varje
607 2481 161 35 uppmätt
790 2480 123 31 hektar
934 2490 42 22 av
997 2482 161 31 odlarens
1180 2484 315 38 sockerbetsodling
1517 2487 107 36 sagda
