1912 2788
314 161 20 30 4
730 158 323 36 Bankoutskottets
1070 160 183 34 utlåtande
1270 173 42 21 nr
1328 164 55 31 53.

315 239 10 33 i
347 239 117 33 stället
482 238 71 34 kan
573 238 172 34 beräknas
765 239 120 42 rörligt
904 239 122 43 tillägg
1045 240 80 33 med
1145 240 194 43 kristillägg
1358 242 116 33 såsom
1496 242 53 34 för
1569 255 27 21 s.
1616 243 35 33 k.
1671 249 126 36 nyaste

315 291 319 43 familjepensioner
660 292 121 42 (enligt
807 296 84 30 1941
920 294 53 32 års
999 294 178 33 allmänna
1201 294 524 44 familjepensionsreglemente)
1752 318 45 4 —

315 345 366 42 familjepensionerna
700 345 89 34 efter
808 345 253 35 förutvarande
1083 347 158 42 delägare
1262 348 10 33 i
1293 349 320 41 prästänkekassan
1638 350 8 33 i
1668 350 127 42 kyrko-

315 398 122 33 herdes
460 398 65 33 och
547 398 155 34 likställd
727 399 81 33 eller
829 399 105 42 högre
955 399 301 44 tjänsteställning
1280 402 202 42 uppräknas
1507 403 53 33 till
1585 407 41 29 90
1650 409 145 37 procent

315 463 45 22 av
382 456 125 37 nyaste
531 450 280 44 familjepension
833 452 54 33 för
909 453 193 43 motsvarig
1125 454 164 42 lönegrad
1315 460 92 29 samt
1430 455 365 43 familjepensionerna

315 504 89 34 efter
424 504 265 43 kassadelägare
712 505 10 33 i
745 506 93 41 lägre
858 505 301 44 tjänsteställning
1182 507 201 43 uppräknas
1406 508 53 34 till
1485 521 42 21 en
1552 509 77 34 från
1656 514 62 29 100
1742 510 53 33 till

316 561 41 30 90
376 562 144 38 procent
536 570 45 21 av
598 558 194 43 motsvarig
807 563 124 38 nyaste
949 559 279 43 familjepension
1246 560 153 35 fallande
1416 562 95 40 nivå,
1528 563 80 33 eller
1627 563 10 33 i
1654 576 140 30 genom-

315 610 88 34 snitt
424 611 80 33 med
527 611 96 34 cirka
648 615 63 30 525
736 612 140 34 kronor.
898 613 258 43 Anslutningen
1180 614 127 34 mellan
1331 615 42 33 de
1398 615 94 34 äldre
1516 617 205 42 prästerliga
1745 615 49 35 fa-

314 664 328 43 miljepensionerna
667 665 64 34 och
759 665 67 34 den
851 671 124 37 nyaste
1000 666 408 44 familjepensionsnivån
1432 669 142 35 komme
1601 670 124 34 härvid
1751 691 45 4 —

314 717 125 34 liksom
468 717 59 34 vid
557 718 67 34 den
656 718 147 43 tidigare
831 719 169 43 vidtagna
1029 720 424 45 pensionsförbättringen
1483 723 108 43 enligt
1622 727 85 30 1939
1740 725 54 32 års

313 771 152 42 grunder
480 791 45 5 —
544 776 55 29 att
618 771 60 34 ske
694 773 45 41 på
756 772 173 42 grundval
947 786 44 21 av
1011 774 68 33 den
1096 774 112 42 lägsta
1226 774 53 34 för
1296 776 159 34 normala
1474 776 61 34 fall
1553 782 76 29 mot
1647 777 146 42 tjänste-

313 824 131 42 graden
476 825 173 34 svarande
683 826 221 42 lönegraden.
935 827 18 33 I
986 827 154 42 enlighet
1172 828 144 34 härmed
1352 829 110 34 skulle
1495 830 223 35 beträffande
1753 832 42 33 de

313 878 206 42 prästerliga
534 877 366 44 familjepensionerna
919 880 75 34 icke
1014 880 256 43 ifrågakomma
1288 882 224 43 uppräkning
1530 883 52 34 till
1602 884 92 42 lägre
1712 884 83 34 nivå

314 934 44 30 än
377 936 124 37 nyaste
516 931 281 43 familjepension
814 932 53 34 för
883 933 166 43 lönegrad
1064 934 31 33 A
1111 937 52 37 13,
1181 934 110 35 vilket
1305 935 142 35 komme
1467 940 55 30 att
1538 937 91 42 gälla
1647 936 146 43 familje-

313 984 182 42 pensioner
511 984 91 34 efter
621 986 369 42 pastoratsadjunkter
1008 987 66 34 och
1092 988 80 33 med
1192 988 80 34 dem
1291 988 190 35 likställda.

359 1037 82 34 Som
462 1041 85 30 1946
570 1039 54 33 års
643 1039 249 34 motsvarande
911 1040 155 34 utökade
1085 1041 379 44 pensionsförbättring
1483 1042 54 35 för
1556 1043 238 35 efterlevande

312 1090 53 34 till
390 1090 391 43 civilstatstjänstemän
808 1105 46 21 m.
878 1092 37 35 fl.
938 1093 142 42 jämlikt
1107 1094 67 33 den
1201 1094 122 34 därom
1349 1095 188 35 utfärdade
1562 1097 232 42 kungörelsen

314 1146 99 31 1946:
429 1147 63 30 5735
512 1144 71 34 fått
602 1144 158 42 åtnjutas
779 1146 108 33 redan
907 1145 78 35 från
1003 1147 65 33 och
1088 1148 80 33 med
1187 1148 67 33 den
1275 1152 14 30 1
1311 1148 64 42 juli
1396 1152 99 37 1946,
1516 1149 63 34 har
1598 1150 108 42 enligt
1725 1150 68 34 för-

313 1197 110 42 slaget
441 1202 134 29 ansetts
597 1197 138 44 skäligt,
756 1203 55 29 att
829 1211 47 22 nu
895 1199 268 43 ifrågavarande
1183 1201 206 43 prästerliga
1408 1203 385 43 pensionsberättigade

313 1250 173 34 likaledes
497 1250 95 43 finge
611 1251 144 35 komma
777 1252 10 33 i
808 1251 211 43 åtnjutande
1041 1266 45 21 av
1107 1254 114 34 denna
1242 1254 52 34 sin
1315 1255 380 44 pensionsförbättring
1715 1257 78 33 från

312 1303 66 34 och
401 1304 80 33 med
502 1304 157 35 nämnda
680 1305 78 42 dag.
779 1305 428 44 Pensionsförbättringen
1229 1307 110 35 skulle
1364 1308 10 34 i
1396 1309 153 43 enlighet
1571 1310 145 34 härmed
1740 1310 54 34 för

312 1356 42 34 de
374 1357 205 43 prästerliga
596 1358 313 43 pensionstagarna
924 1359 146 35 komma
1088 1365 55 29 att
1160 1361 177 42 tillämpas
1355 1363 213 34 retroaktivt
1587 1363 78 34 från
1684 1364 67 33 den
1775 1368 15 30 1

309 1410 65 42 Juli
401 1413 85 31 1946
509 1423 93 28 men,
627 1412 126 34 liksom
775 1412 54 34 för
852 1413 165 34 liknande
1041 1413 60 34 fall
1126 1413 100 43 eljest
1248 1415 122 42 plägat
1394 1416 227 41 bestämmas,
1647 1417 148 34 allenast

310 1464 199 34 tillkomma
531 1465 111 34 sådan
666 1465 296 44 pensionstagare,
986 1479 75 22 som
1086 1468 66 33 den
1179 1472 14 29 1
1219 1468 63 42 juli
1309 1472 87 31 1947
1421 1469 155 43 alltjämt
1599 1474 38 30 är
1662 1471 9 33 i
1698 1471 95 34 livet.

311 1517 230 35 Beträffande
558 1522 119 30 rätten
696 1519 51 33 till
766 1519 421 44 pensionsförbättringen
1208 1522 63 33 har
1291 1522 9 33 i
1317 1522 118 43 övrigt
1454 1523 196 43 föreslagits
1670 1524 10 34 i
1699 1524 92 42 prin-

311 1570 55 43 cip
390 1583 133 22 samma
547 1572 170 42 reglering
739 1585 75 21 som
834 1573 115 42 gällde
971 1573 54 35 för
1048 1574 211 42 åtnjutande
1282 1588 46 21 av
1352 1576 67 33 den
1441 1576 148 43 tidigare
1614 1577 177 43 pensions-

310 1623 259 44 förbättringen
591 1625 11 33 i
624 1626 172 34 samband
819 1627 79 34 med
922 1627 42 34 de
986 1628 95 34 äldre
1102 1628 206 43 prästerliga
1331 1629 383 43 familjepensionernas
1737 1636 54 29 ut-

311 1677 85 42 byte
411 1682 74 29 mot
501 1690 48 31 ny
564 1678 293 44 familjepension.
873 1680 67 33 Till
956 1680 88 43 följd
1062 1694 44 21 av
1125 1686 54 29 att
1194 1682 67 33 den
1280 1695 70 30 nya
1368 1683 425 44 pensionsförbättringen

311 1731 108 42 enligt
437 1731 166 43 förslaget
620 1732 110 35 skulle
746 1733 144 35 komma
909 1739 54 29 att
981 1735 86 41 utgå
1083 1735 223 41 retroaktivt,
1326 1736 45 34 ha
1390 1737 192 34 emellertid
1601 1737 190 35 erfordrats

310 1784 170 35 särskilda
509 1785 265 36 bestämmelser
800 1787 53 34 till
880 1788 169 42 reglering
1077 1801 45 21 av
1150 1789 203 43 därigenom
1380 1790 54 34 för
1463 1791 93 34 olika
1584 1791 208 35 situationer

310 1837 288 43 uppkommande
617 1840 256 42 övergångsfall
891 1841 80 34 med
991 1842 172 34 avseende
1183 1844 20 32 å
1222 1843 341 35 sammanträffande
1584 1857 45 22 av
1648 1849 72 30 rätt
1739 1845 52 34 till

309 1891 380 45 pensionsförbättring
708 1893 64 34 och
791 1894 95 34 äldre
903 1894 236 36 kvarstående
1158 1899 74 31 rätt
1249 1896 52 34 till
1321 1897 126 41 tjänst-
1467 1898 65 34 och
1551 1899 111 33 nådår
1680 1911 47 21 m.
1745 1911 46 22 m.

354 1944 269 44 Föredragande
641 1947 193 35 statsrådet
853 1948 63 34 har
935 1948 118 34 anfört
1074 1949 9 33 i
1104 1950 187 34 huvudsak
1311 1950 167 42 följande:

356 1998 88 43 »Jag
465 1998 114 35 finner
601 2000 72 43 mig
694 2000 10 34 i
728 2001 61 33 det
812 2001 79 34 hela
912 2001 121 35 kunna
1056 2002 141 34 förorda
1218 2003 70 34 vad
1313 2004 146 34 sålunda
1483 2004 207 44 föreslagits.
1714 2006 77 34 Vad

308 2051 141 35 särskilt
477 2052 108 43 gäller
612 2053 124 43 frågan
765 2066 57 22 om
853 2067 42 21 en
923 2055 197 34 retroaktiv
1148 2056 224 44 tillämpning
1400 2070 45 21 av
1474 2058 316 43 pensionsförbätt-

308 2105 121 42 ringen
453 2105 78 34 från
556 2106 69 34 den
651 2110 15 30 1
694 2107 64 43 juli
787 2111 98 37 1946,
909 2108 71 34 kan
1004 2108 61 44 jag
1090 2109 30 42 ej
1148 2109 98 35 finna
1271 2111 275 35 statskontorets
1573 2112 219 42 invändning

308 2158 160 35 däremot
496 2159 167 35 bärande.
691 2161 68 42 Jag
786 2161 59 34 vill
872 2162 115 34 erinra
1016 2175 57 21 om
1105 2168 54 29 att
1187 2164 197 33 retroaktiv
1412 2165 379 43 pensionsförbättring

307 2211 148 43 tidigare
480 2212 188 43 medgivits
694 2214 65 34 och
783 2215 100 34 torde
908 2215 217 34 härutinnan
1150 2216 91 35 blott
1267 2217 139 34 behöva
1430 2218 149 35 hänvisa
1605 2219 53 34 till
1685 2219 105 34 huru-

308 2277 76 21 som
401 2265 80 34 med
500 2266 203 43 riksdagens
722 2268 258 42 godkännande
999 2269 171 34 särskilda
1189 2270 342 42 pensionsförmåner
1552 2272 165 42 beviljats
1737 2272 54 34 för

306 2317 168 36 förfluten
492 2319 53 34 tid
563 2321 210 42 exempelvis
794 2321 59 34 vid
871 2321 344 36 folkskoleväsendet
1235 2336 127 30 genom
1382 2324 206 43 kungörelse
1611 2329 98 30 1938:
1723 2328 66 31 494

307 2371 65 34 och
389 2372 95 34 inom
502 2373 178 34 allmänna
698 2374 544 44 tjänstepensionsreglementets
1258 2378 388 43 tillämpningsområde
1664 2391 127 30 genom

305 2424 206 44 kungörelse
537 2430 99 30 1942:
654 2430 74 31 164.
750 2428 73 34 Det
847 2429 110 34 skulle
979 2430 109 42 enligt
1109 2430 73 33 min
1204 2431 142 42 mening
1368 2444 85 22 vara
1476 2432 146 43 obilligt,
1646 2445 57 22 om
1727 2432 65 36 här

305 2478 268 43 ifrågavarande
602 2481 206 43 prästerliga
833 2481 522 46 familjepensionsberättigade
1383 2490 87 29 utan
1497 2486 147 34 särskild
1672 2487 117 34 anled-
