1916 2830
485 166 438 32 Konstitutionsutskottets
949 163 176 32 utlåtande
1150 162 49 31 Nr
1222 163 50 30 18.
1614 153 18 30 9

292 254 228 39 (Nuvarande
538 252 157 38 lydelse.)

123 340 278 38 dagsordningen
426 339 153 36 stadgar;
605 337 67 30 och
696 336 65 30 bör
782 336 76 30 där-

124 393 57 30 vid
204 391 131 37 jämväl
358 390 57 30 för
436 399 43 21 en
501 398 62 21 var
585 397 41 21 av
651 387 102 30 dessa
773 385 85 31 riks-

121 441 129 36 dagens
273 439 232 31 ombudsmän
528 441 91 27 utses
644 447 43 20 en
713 446 80 20 man
816 444 41 21 av

125 495 42 29 de
186 493 223 37 egenskaper,
431 500 76 22 som
527 491 63 30 hos
611 488 247 32 ombudsman-

122 553 68 20 nen
217 543 184 34 erfordras,
427 544 50 27 alt
504 541 129 29 honom
662 537 196 39 efterträda,

125 595 77 38 ifall
225 595 81 37 han,
331 595 109 29 innan
461 590 236 39 nästföljande
721 590 139 37 lagtima

125 645 142 37 riksdag
292 643 140 32 anställt
455 645 78 35 nytt
554 642 55 30 val
632 651 42 21 av
701 639 159 32 ombuds-

126 705 94 29 man,
240 695 108 30 skulle
366 694 80 30 med
464 693 113 31 döden
594 691 98 38 avgå,
708 693 89 28 samt
812 691 49 29 att

128 747 105 29 utöva
249 745 148 31 ämbetet
415 743 111 31 under
541 743 66 30 den
623 742 60 38 tid,
700 740 161 32 ombuds-

128 805 154 22 mannen
308 795 70 30 kan
409 804 85 21 vara
521 803 41 21 av
591 792 79 31 svår
698 791 163 38 sjukdom

128 847 82 30 eller
229 849 107 28 annat
354 846 78 36 laga
450 844 120 39 förfall
588 842 160 38 därifrån
764 841 98 31 hind-

127 898 74 31 rad.

451 963 18 37 8
491 963 51 31 98.

174 1032 14 30 I
224 1032 166 31 händelse
428 1028 435 39 justitieombudsmannen

129 1083 83 30 eller
227 1081 437 34 militieombudsmannen,
684 1078 107 30 under
808 1077 57 30 det

129 1132 143 37 riksdag
293 1133 37 29 är
350 1130 205 39 församlad,
574 1130 144 36 avsäger
738 1128 49 37 sig
809 1128 56 30 det

130 1183 158 31 erhållna
311 1182 215 31 förtroendet
548 1180 80 31 eller
651 1179 79 31 med
753 1178 114 31 döden

130 1234 118 38 avgår,
274 1232 88 32 skall
387 1232 186 37 riksdagen
598 1232 10 29 i
637 1230 151 31 ämbetet
810 1237 55 29 ge-

131 1288 79 27 nast
234 1285 126 29 insätta
385 1283 68 30 den
479 1292 92 28 man,
596 1290 76 22 som
698 1280 95 31 blivit
816 1278 51 31 till

132 1334 226 39 efterträdare
382 1333 135 31 utsedd.
564 1332 119 31 Skulle
706 1329 161 32 ombuds-

131 1395 102 21 mans
251 1384 140 31 utsedde
406 1383 237 39 efterträdare,
658 1382 109 30 under
781 1380 86 31 riks-

132 1436 78 37 dag,
231 1436 126 35 avsäga
376 1435 51 35 sig
447 1435 57 30 det
522 1433 157 31 erhållna
699 1432 168 30 förtroen-

132 1487 58 29 det
210 1485 81 31 eller
321 1486 1 29 i
342 1483 404 32 ombudsmansämbetet
765 1482 104 30 insät-

134 1539 53 28 tas
217 1536 81 30 eller
327 1535 79 30 med
437 1534 114 31 döden
581 1533 98 38 avgå,
712 1532 156 37 utväljes,

133 1587 47 37 på
204 1596 90 20 ovan
315 1585 166 37 stadgade
505 1586 77 36 sätt,
606 1594 43 20 en
673 1592 118 22 annan
814 1582 55 30 be-

134 1637 100 37 hörig
268 1646 82 20 man
385 1637 10 29 i
433 1636 89 29 hans
547 1634 107 31 ställe.
702 1632 168 38 Inträffar

134 1688 107 37 något
257 1696 41 21 av
315 1687 101 30 dessa
433 1686 65 38 fall
513 1685 148 31 emellan
676 1684 194 36 riksdagar-

135 1747 57 29 na,
220 1737 89 31 skall
333 1737 203 36 riksdagens
563 1736 69 30 rätt
658 1735 212 31 härutinnan

136 1797 125 28 genom
276 1789 42 29 de
333 1797 42 21 av
388 1787 187 36 riksdagen
591 1786 101 30 valde
708 1785 161 31 fullmäk-

136 1839 67 36 tige
236 1839 11 29 i
279 1838 215 30 riksbanken
524 1838 65 29 och
623 1834 248 37 fullmäktige
851 1830 23 49 i

135 1889 336 36 riksgäldskontoret
497 1888 129 29 utövas.

316 2150 385 34 Riksdagsordningen.

187 2317 29 29 2.
264 2316 58 29 Ett
351 2325 43 20 av
427 2314 233 37 lagutskotten
693 2313 88 30 skall
811 2312 65 30 ock

142 2367 151 36 granska
325 2364 453 37 justitieombudsmannens
810 2362 66 30 och

142 2415 443 32 militieombudsmannens
610 2413 147 36 avgivna
780 2412 96 30 redo-

142 2467 159 36 görelser,
318 2466 165 30 ävensom
502 2465 97 29 deras
616 2461 263 33 ämbetsdiarier

176 2531 111 31 Bihang
297 2530 41 25 till
349 2529 169 31 riksdagens
530 2527 146 33 protokoll
689 2527 74 25 1940.
793 2527 15 23 5
824 2525 81 26 saml.

1063 247 226 39 (Föreslagen
1308 243 158 40 lydelse.)

900 343 44 21 av
970 334 42 29 de
1036 332 222 36 egenskaper,
1285 339 74 21 som
1384 330 65 29 hos
1474 327 161 31 ombuds-

900 393 153 21 mannen
1073 382 188 35 erfordras,
1284 382 49 28 att
1354 381 10 29 i
1386 379 131 30 dennes
1540 377 96 31 ställe

903 435 104 30 utöva
1031 433 150 31 ämbetet
1204 433 10 29 i
1236 431 41 31 de
1298 430 62 38 fall
1383 428 254 32 instruktionen

902 486 150 36 angiver.

948 535 116 32 Skulle
1096 533 232 32 ombudsman
1357 531 82 31 eller
1470 529 168 38 ställföre-

903 587 137 30 trädare
1068 586 32 36 ej
1126 585 118 36 längre
1273 583 136 37 åtnjuta
1436 580 202 37 riksdagens

903 636 210 39 förtroende,
1149 635 59 30 må
1243 633 195 38 riksdagen,
1475 631 46 38 på
1545 631 94 30 hem-

904 687 126 31 ställan
1057 696 41 21 av
1126 686 58 30 det
1211 685 130 30 utskott
1368 693 77 21 som
1474 681 166 38 granskat

903 739 89 30 hans
1011 735 357 39 ämbetsförvaltning,
1389 733 171 36 entlediga
1579 732 60 30 ho-

903 798 82 21 nom
1009 791 82 28 utan
1109 786 151 32 avbidan
1279 785 21 31 å
1318 784 174 37 utgången
1512 792 41 21 av
1573 782 67 30 den

904 840 49 30 tid
972 840 56 37 för
1047 838 115 31 vilken
1182 838 71 29 han
1272 836 95 30 blivit
1386 834 91 31 vald.

1227 955 19 37 8
1266 955 51 31 98.

950 1025 14 30 I
1000 1024 167 31 händelse
1205 1020 436 39 justitiecombudsmannen

904 1075 83 30 eller
1030 1072 427 32 militieombudsmannen
1501 1069 142 36 avsäger

905 1126 51 36 sig
978 1126 57 30 det
1055 1124 158 31 erhållna
1233 1122 216 31 förtroendet
1469 1120 80 31 eller
1569 1129 71 21 om-

909 1176 189 31 budsmans
1121 1174 136 31 ämbete
1280 1173 97 37 eljest
1401 1171 107 31 bliver
1530 1170 114 37 ledigt,

908 1228 157 35 övertage
1121 1223 321 39 ställföreträdaren
1497 1220 147 32 omedel-

909 1278 77 30 bart
1010 1276 164 37 ämbetet;
1202 1275 65 30 och
1292 1273 100 38 skall,
1418 1282 57 21 om
1503 1271 141 38 lagtima

908 1328 141 37 riksdag
1085 1328 38 29 är
1158 1324 202 40 församlad,
1395 1324 116 30 denna
1544 1323 101 35 samt,

907 1388 58 21 om
983 1378 39 30 så
1041 1378 72 30 icke
1132 1378 39 28 är
1188 1376 106 37 fallet,
1312 1376 157 29 närmast
1487 1372 151 38 därefter

908 1427 332 33 sammanträdande
1259 1427 142 36 lagtima
1418 1424 141 37 riksdag
1576 1424 69 37 för-

909 1481 91 29 rätta
1019 1481 75 35 nytt
1114 1478 56 30 val
1188 1487 42 21 av
1250 1476 242 31 ombudsman.
1529 1474 117 31 Skulle

909 1528 295 39 ställföreträdare
1226 1528 126 35 avsäga
1373 1526 52 36 sig
1445 1526 57 30 det
1522 1523 122 32 erhåll-

909 1591 47 20 na
975 1579 214 32 förtroendet
1208 1577 80 31 eller
1307 1577 64 30 har
1390 1576 73 30 han
1482 1574 165 36 övertagit

911 1628 404 33 ombudsmansämbetet
1329 1627 82 30 eller
1429 1626 105 31 bliver
1550 1624 98 37 eljest

911 1683 89 29 hans
1021 1680 195 38 befattning
1237 1679 98 37 ledig,
1354 1678 63 37 äge
1436 1679 76 35 nytt
1532 1675 56 31 val
1605 1684 42 21 av

911 1731 295 39 ställföreträdare
1229 1739 88 29 rum,
1339 1727 122 32 varvid
1481 1727 167 36 iakttages

912 1786 60 35 att,
989 1792 56 21 om
1061 1781 126 31 sådant
1202 1780 56 31 val
1274 1778 176 39 erfordras
1467 1777 109 31 under
1591 1777 57 30 det

913 1833 142 37 lagtima
1071 1832 144 36 riksdag
1233 1831 32 36 ej
1283 1831 38 30 är
1339 1828 205 39 församlad,
1562 1828 87 30 riks-

913 1885 128 35 dagens
1060 1883 69 30 rätt
1149 1881 214 31 härutinnan
1385 1880 121 30 utövas
1526 1886 122 29 genom

914 1935 42 29 de
984 1943 42 21 av
1051 1933 187 35 riksdagen
1265 1931 100 30 valde
1393 1928 219 36 fullmäktige
1639 1927 10 30 i

916 1984 214 30 riksbanken
1163 1983 67 29 och
1263 1980 221 36 fullmäktige
1516 1979 11 30 i
1560 1978 88 30 Tiks-

914 2035 269 36 gäldskontoret.

1091 2145 387 33 Riksdagsordningen.

963 2313 28 28 2.
1043 2311 64 29 Det
1135 2309 210 30 tillkommer
1372 2307 66 30 ock
1466 2305 188 38 lagutskott

917 2364 50 27 att
1007 2361 150 36 granska
1200 2357 453 38 justitieombudsmannens

917 2412 65 30 och
1026 2409 445 31 militicombudsmannens
1508 2405 146 37 avgivna

918 2461 244 36 redogörelser,
1190 2461 164 29 ävensom
1381 2458 100 30 deras
1507 2456 147 30 ämbets-

945 2526 16 23 2
978 2525 57 24 avd.
1071 2525 42 24 Nr
1132 2525 33 23 18
1201 2524 41 23 19.
1641 2518 15 24 2
