1906 2832
510 156 439 35 Konstitutionsutskottets
967 161 177 32 utlåtande
1162 163 49 31 Nr
1236 166 49 30 18.
1615 163 36 30 H

308 240 229 37 (Nuvarande
555 242 159 39 lydelse.)

143 325 65 30 och
229 325 33 37 ej
281 325 59 31 må
358 325 159 38 åtskiljas
535 327 75 38 förr
631 329 46 29 än
698 327 99 32 valen
817 329 61 30 äro

141 375 213 39 fulländade,
380 377 101 30 skola
504 377 89 38 först
618 378 165 39 samfällt,
807 388 71 21 me-

141 425 88 31 delst
246 426 115 31 slutna
381 427 124 39 sedlar,
525 438 62 21 var
606 429 58 38 för
681 430 50 37 sig
748 429 130 38 föreslå

140 476 68 31 den
231 486 92 29 man,
350 487 76 21 som
450 478 42 31 de
515 488 84 22 anse
624 479 85 32 böra
733 480 145 31 komma

141 527 108 31 under
270 529 225 37 omröstning.
541 530 100 31 Falla
663 530 122 32 därvid
804 532 72 30 rös-

140 580 98 28 terna
258 579 50 30 till
330 588 75 22 mer
428 581 45 29 än
494 580 135 38 hälften
650 581 48 37 på
718 591 42 21 en
781 591 95 28 man,

139 629 39 29 är
216 629 70 30 han
324 629 187 38 behörigen
552 631 90 31 vald.
694 628 68 35 Äro
802 632 74 31 åter

138 679 156 30 rösterna
307 679 39 31 så
362 680 122 31 delade
500 681 129 31 mellan
645 682 99 38 flera,
758 686 50 27 att
821 683 54 31 så-

138 729 71 30 dan
242 729 177 38 pluralitet
451 731 56 38 för
542 732 117 38 någon
696 733 75 31 icke
794 735 81 36 äger

136 789 90 29 rum,
262 781 164 31 anställes
462 792 46 28 ny
543 784 216 37 omröstning
793 784 81 31 med

137 830 115 31 slutna
279 831 115 31 sedlar
423 832 53 31 till
500 834 196 37 antagande
723 844 42 21 av
794 835 79 38 den,

136 890 76 21 som
235 881 41 31 de
299 881 104 38 flesta
425 884 159 31 rösterna
608 885 148 39 erhållit,
780 886 93 37 eller,

136 940 57 21 om
208 933 69 29 han
294 932 75 31 icke
386 936 152 36 antages,
552 944 42 21 av
609 935 79 38 den,
705 945 74 22 som
792 938 80 29 näst

135 982 129 31 honom
305 983 98 31 blivit
442 994 42 21 av
526 984 42 31 de
607 985 104 38 flesta
752 986 121 32 kallad

135 1041 30 22 o.
196 1042 25 21 s.
251 1043 28 21 v.
333 1034 131 38 Skulle,
492 1035 108 31 sedan
628 1037 70 31 alla
726 1038 145 30 omröst-

134 1084 170 36 ningarna
342 1084 150 32 sålunda
531 1086 193 40 försiggått,
763 1088 108 31 likväl

134 1134 102 36 ingen
251 1134 91 31 hava
360 1135 138 32 erhållit
516 1137 68 30 den
600 1138 65 30 här
684 1138 186 38 föreskriv-

132 1193 47 21 na
198 1184 186 40 pluralitet,
403 1187 162 31 anställes
585 1198 47 27 ny
655 1189 214 38 omröstning

135 1234 81 30 över
246 1234 69 32 alla
344 1236 92 39 dem,
467 1246 74 22 som
573 1239 58 30 vid
660 1239 68 31 den
757 1240 112 37 första

133 1286 259 37 omröstningen
434 1287 96 32 blivit
570 1292 91 28 satta
704 1291 10 29 i
753 1290 115 38 fråga;

131 1335 166 31 skolande
324 1337 79 38 den,
429 1347 74 22 som
532 1339 139 31 erhållit
695 1341 41 31 de
764 1341 104 38 flesta

131 1386 165 39 rösterna,
316 1397 102 22 anses
443 1388 186 39 behörigen
651 1391 89 31 vald.

175 1436 216 32 Valmännen
415 1439 86 31 böra
523 1440 57 30 vid
603 1450 136 22 samma
749 1442 117 31 tillfäl-

128 1485 39 36 le,
184 1485 44 31 då
243 1487 436 36 justitieombudsmannen
696 1492 65 30 och
776 1493 89 30 mili-

130 1537 350 33 tieombudsmannen
501 1543 103 35 utses,
629 1543 66 30 och
717 1542 45 37 på
785 1553 80 21 ena-

128 1587 118 31 handa
268 1589 67 30 sätt
357 1589 57 37 för
439 1600 43 20 en
504 1600 61 21 var
589 1601 43 21 av
655 1593 99 31 dessa
777 1594 87 30 riks-

127 1637 129 37 dagens
280 1639 234 33 ombudsmän
534 1641 95 38 välja
651 1653 44 21 en
718 1654 82 21 man
820 1654 43 21 av

127 1687 42 31 de
190 1689 221 40 egenskaper,
434 1700 74 22 som
529 1693 63 30 hos
615 1694 248 31 ombudsman-

128 1748 67 21 nen
224 1740 186 39 erfordras,
439 1742 56 37 för
522 1745 50 28 att
602 1744 131 31 honom
761 1746 101 37 efter-

127 1789 110 38 träda,
261 1790 75 37 ifall
358 1792 83 38 han,
466 1794 107 30 innan
595 1796 103 30 nästa
721 1796 141 37 lagtima

126 1839 140 38 riksdag
288 1842 143 30 anställt
455 1847 76 33 nytt
553 1845 57 30 val
633 1855 42 20 av
700 1846 161 31 ombuds-

126 1899 93 29 man,
251 1890 109 32 skulle
392 1893 81 30 med
499 1894 114 31 döden
644 1896 98 38 avgå,
771 1900 92 27 samt

125 1942 50 27 att
196 1941 102 30 utöva
321 1942 152 31 ämbetet
495 1944 109 31 under
626 1945 68 31 den
718 1947 48 30 tid
788 1956 72 21 om-

126 1989 242 33 budsmannen
391 1992 72 31 kan
487 2003 83 21 vara
595 2004 42 21 av
662 1996 79 31 svår
764 1997 96 36 sjuk-

123 2039 82 30 dom
228 2040 81 31 eller
331 2046 109 27 annat
461 2044 77 37 laga
559 2045 123 38 förfall
702 2047 157 38 därifrån

123 2090 159 33 hindrad.

179 2140 13 29 I
224 2141 166 32 händelse
422 2143 435 36 justitieombudsmannen

122 2190 83 30 eller
256 2192 437 41 militieombudsmannen,
748 2199 110 29 under

121 2239 58 30 det
199 2241 138 37 riksdag
358 2244 39 29 är
418 2244 203 40 församlad,
644 2248 143 36 avsäger
807 2249 51 36 sig

122 2289 220 39 förtroendet,
374 2293 83 30 eller
487 2295 79 30 med
597 2296 115 31 döden
740 2294 116 45 avgår,

121 2341 142 30 insätter
296 2342 186 37 riksdagen
517 2350 121 31 genast
673 2348 11 28 i
708 2348 149 30 ämbetet

120 2390 68 30 den
212 2401 92 28 man,
329 2401 75 21 som
434 2393 95 31 blivit
553 2396 52 29 till
630 2396 225 37 efterträdare

119 2440 131 31 utsedd.
297 2442 118 31 Skulle
437 2444 251 33 ombudsmans
713 2448 141 30 utsedde

1082 248 224 38 (Föreslagen
1325 250 158 38 lydelse.)

954 1443 216 32 Valmännen
1202 1445 83 31 böra
1317 1446 57 31 vid
1406 1457 135 22 samma
1576 1449 64 30 till-

906 1493 93 37 fälle,
1029 1494 44 31 då
1104 1495 233 32 ombudsman
1366 1501 103 34 utses,
1499 1500 66 30 och
1595 1499 46 37 på

905 1545 183 31 enahanda
1109 1547 67 30 sätt
1196 1546 92 37 välja
1307 1557 43 21 en
1368 1548 272 38 ställföreträda-

905 1604 35 20 re
963 1595 54 37 för
1039 1596 141 32 honom.
1224 1597 300 38 Ställföreträdare
1547 1603 93 28 utses

904 1645 57 37 för
984 1646 92 30 tiden
1102 1647 52 30 till
1177 1647 76 31 dess
1276 1652 76 34 nytt
1376 1650 55 30 val
1456 1660 41 21 av
1522 1651 117 30 veder-

905 1695 151 32 börande
1075 1697 231 32 ombudsman
1325 1701 81 35 äger
1425 1710 87 23 rum.

944 2150 13 29 I
998 2151 166 31 händelse
1197 2151 435 37 justitieombudsmannen

898 2201 81 29 eller
1022 2201 425 33 militicombudsmannen
1490 2206 144 36 avsäger

898 2250 50 35 sig
969 2250 56 31 det
1045 2252 159 30 erhållna
1224 2253 213 32 förtroendet
1458 2255 80 30 eller
1560 2266 72 20 om-

899 2299 188 32 budsmans
1112 2302 134 31 ämbete
1268 2304 98 35 eljest
1389 2304 107 30 bliver
1517 2305 116 37 lediaqt,

898 2350 156 37 övertage
1077 2351 320 37 ställföreträdaren
1420 2355 213 30 omedelbart

897 2399 162 39 ämbetet;
1086 2402 66 29 och
1176 2402 98 38 skall,
1300 2413 56 20 om
1380 2404 141 37 lagtima
1544 2406 87 30 riks-

896 2450 66 37 dag
981 2452 37 28 är
1037 2451 203 40 församlad,
1261 2453 115 31 denna
1394 2458 100 35 samt,
1515 2465 56 21 om
1592 2456 39 30 så
