1924 2850
614 185 229 28 Statsutskottets
865 183 146 28 utlåtande

1033 184 49 27 Nr
1105 180 27 31 6.

747 261 116 24 Kronor
1514 257 115 24 Kronor

124 300 220 51 Stockholms
441 304 56 30 län
524 327 130 4 smsa
733 302 125 31 957:34
894 300 196 42 Göteborgs
1107 300 64 31 och
1187 300 121 31 Bohus
1324 300 55 59 län
1398 324 25 3 on
1470 298 103 38 4,005:
1586 298 40 30 47

122 342 159 51 Uppsala
460 359 192 15 Pooereereererra
732 344 126 32 986:50
893 343 190 40 Alvsborgs
1398 365 15 4 an:
1471 340 102 39 2118:
1589 341 37 30 11

125 388 291 42 Södermanlands
462 402 9 13 >»
524 412 130 4 sees
700 387 103 37 4,539:
817 387 38 30 61
896 367 211 59 Skaraborgs
1452 382 121 39 11,243:
1587 382 41 32 45

124 431 264 42 Östergötlands
467 446 4 11 oo
523 454 131 5 orerrerrerse
702 429 156 38 2,344:55
893 427 207 41 Värmlands
1452 425 110 38 11,797:
1587 425 41 31 38

122 473 220 42 Jönköpings
461 486 192 15 Pooouereseerena
703 471 155 38 1,960:50
895 470 131 31 Örebro
1471 466 92 40 3,306:
1588 467 41 31 84

123 516 225 41 Kronobergs
460 528 136 14 Poodeeeree
614 540 39 3 een
701 514 101 31 8,264:
817 513 41 32 60
893 511 269 33 Västmanlands
1524 528 41 3 —

123 555 143 50 Kalmar
461 571 11 13 JE
755 556 47 32 15:
817 575 41 2 —
894 555 248 41 Kopparbergs
1504 552 69 31 226:
1588 551 41 32 55

124 594 172 50 Gotlands
463 613 10 14 0
524 624 131 4 in
733 598 70 32 650:
817 617 42 3 —
895 597 213 41 Gävleborgs
1472 594 102 39 5,677:
1589 594 40 32 85

124 643 168 41 Blekinge
464 655 193 15 Pooeresrsereens
756 659 40 3 —
894 638 308 33 Västernorrlands
1401 662 26 4 —
1503 637 71 31 452:
1588 637 42 30 84

123 681 257 47 Kristianstads
464 698 9 4 Ph
525 709 131 4 oosereresersra
755 702 43 3 —
895 682 196 31 Jämtlands
1348 702 9 5 »
1400 704 26 3 ..
1473 679 102 38 -2,089:
1588 679 40 31 07

124 728 199 31 Malmöhus
462 740 193 15 oss
703 725 156 39 2,336:69
895 724 266 32 Västerbottens
1348 736 2 2 >»
1399 721 176 38 1,548:
1589 721 42 31 20

125 766 172 46 Hallands
463 783 193 14 Pooderereserera
757 786 39 4 —
896 762 232 47 Norrbottens
1421 789 4 4 .
1453 763 121 38 19,502:
1589 763 42 31 20

178 845 398 43 Departementschefen,
612 856 75 21 som
720 843 140 42 antagit,
884 845 50 29 att
961 842 318 43 uppbördsmedlen
1303 843 19 29 å
1344 841 154 40 anslaget
1522 839 110 31 skulle

125 899 106 40 något
254 899 140 40 stegras,
418 896 62 31 har
502 895 177 42 härvidlag
701 895 53 31 för
775 896 100 30 nästa
885 894 169 41 budgetår
1075 893 121 31 räknat
1219 891 77 32 med
1320 891 155 41 omkring
1499 890 134 38 100,000

125 948 128 31 kronor
275 948 92 37 eller,
391 947 53 31 för
466 948 50 30 att
538 948 82 29 ernå
642 945 194 42 avjämning
859 956 40 20 av
915 944 306 41 anslagssumman,
1239 943 115 37 99,200
1368 942 134 37 kronor,
1520 941 11 31 i
1546 939 87 42 följd

125 1010 102 20 varav
250 998 154 41 anslaget
426 996 107 32 borde
555 997 210 31 bestämmas
788 996 54 31 till
865 995 136 38 310,000
1023 995 135 31 kronor.

180 1076 75 30 Den
289 1086 39 20 av
362 1072 380 43 departementschefen
775 1071 121 43 gjorda
929 1070 372 43 anslagsberäkningen
1335 1069 184 31 innefattar
1543 1068 91 32 vissa

126 1128 120 39 poster
268 1125 53 31 till
345 1124 262 42 dyrtidstillägg.
653 1123 77 31 Den
747 1122 309 42 omständigheten,
1074 1123 51 30 att
1139 1121 183 41 riksdagen
1339 1122 91 29 ännu
1445 1119 74 31 icke
1534 1119 101 31 fattat

126 1176 118 31 beslut
265 1176 11 30 i
299 1176 92 41 fråga
425 1186 55 20 om
507 1174 256 42 dyrtidstillägg
784 1174 54 31 för
859 1172 283 33 nästkommande
1165 1171 168 41 budgetår
1356 1172 34 29 åt
1411 1169 224 42 befattnings-

126 1227 125 31 havare
274 1226 12 31 i
309 1228 132 29 statens
475 1225 115 41 tjänst,
615 1225 62 31 har
710 1223 193 32 emellertid
936 1223 179 38 utskottet,
1151 1222 140 32 särskilt
1323 1220 78 32 med
1423 1220 134 42 hänsyn
1580 1219 54 32 till

126 1277 223 32 förevarande
373 1276 273 43 dyrtidstilläggs
667 1275 251 42 jämförelsevis
940 1274 214 42 begränsade
1179 1273 136 38 storlek,
1332 1272 115 31 funnit
1461 1271 74 31 icke
1550 1271 85 31 böra

127 1328 178 32 föranleda
337 1327 157 42 uppskov
517 1326 78 32 med
617 1326 188 31 anvisande
827 1337 42 20 av
891 1324 113 33 medel
1026 1325 52 31 till
1102 1324 184 32 desamma.
1330 1322 180 33 Utskottet
1533 1322 102 31 förut-

129 1381 107 30 sätter
272 1378 201 38 emellertid,
508 1379 50 30 att
590 1376 513 43 dyrtidstilläggsersättningen
1141 1375 54 31 till
1231 1373 206 32 hithörande
1474 1372 161 42 personal

127 1430 155 31 kommer
304 1431 50 29 att
376 1430 81 40 utgå
480 1428 85 31 efter
588 1438 129 21 samma
733 1427 158 41 grunder,
910 1437 74 21 som
1000 1428 55 29 må
1069 1425 93 32 bliva
1177 1424 180 33 bestämda
1371 1424 57 31 vid
1444 1422 191 42 avgörande

128 1492 41 20 av
191 1480 117 41 frågan
332 1490 54 21 om
410 1478 257 42 dyrtidstillägg
688 1479 35 29 åt
746 1479 132 30 statens
900 1476 338 41 befattningshavare
1260 1475 12 31 i
1295 1474 119 41 övrigt.

182 1530 55 31 Då
269 1529 221 32 förevarande
523 1528 129 41 förslag
673 1528 12 31 i
709 1527 110 41 övrigt
853 1527 29 41 ej
907 1526 84 42 givit
1014 1526 170 31 utskottet
1206 1524 186 41 anledning
1414 1524 53 31 till
1491 1523 144 37 erinran,

129 1582 51 30 får
202 1580 171 32 utskottet
395 1579 190 37 hemstiälla,

453 1648 49 29 att
524 1646 183 41 riksdagen
731 1647 55 29 må
811 1645 54 31 till
891 1644 254 41 vägingenjörer,
1174 1643 192 32 biträdande
1394 1641 243 42 vägingenjörer

401 1697 54 32 och
483 1696 408 42 vägingenjörsassistenter
922 1696 54 30 för
1007 1695 204 41 budgetåret
1247 1693 178 40 1933/1934
1447 1692 117 32 anvisa
1589 1694 48 29 ett

404 1749 94 30 extra
520 1747 270 42 förslagsanslag
813 1757 40 20 av
875 1746 137 38 310,000
1033 1746 136 37 kronor,
1191 1747 49 29 att
1267 1744 111 32 direkt
1394 1745 80 39 utgå
1490 1754 39 20 av
1546 1745 94 29 auto-

403 1797 344 33 mobilskattemedel.

185 1892 64 43 9:0)
291 1894 146 31 Diverse
470 1893 194 32 kostnader
686 1892 54 31 för
772 1891 358 41 vägorganisationen
1163 1891 12 30 i
1208 1891 112 31 länen.
1380 1888 126 41 Kungl.
1541 1888 99 40 Maj:t

132 1944 63 30 har
217 1943 121 41 (punkt
362 1943 47 37 10,
435 1942 62 31 sid.
524 1941 133 41 15—17)
680 1941 178 41 föreslagit
879 1940 182 41 riksdagen
1084 1941 50 30 att
1157 1940 54 30 till
1234 1939 132 31 diverse
1386 1938 186 31 kostnader
1587 1938 53 30 för

132 1992 344 43 vägorganisationen
500 1992 11 30 i
533 1992 101 31 länen
658 1991 53 31 för
732 1991 206 41 budgetåret
960 1990 179 40 1933/1934
1162 1989 119 31 anvisa
1303 1991 49 29 ett
1373 1991 93 29 extra
1481 1988 158 41 förslags-

133 2044 122 41 anslag
275 2054 40 20 av
338 2043 137 37 204,500
496 2043 135 37 kronor,
656 2044 50 28 att
729 2041 113 32 direkt
863 2043 82 39 utgå
968 2052 40 19 av
1030 2039 428 32 automobilskattemedel.

186 2136 264 42 Ifrågavarande
484 2135 127 41 anslag,
647 2146 73 20 som
759 2135 52 31 för
843 2134 230 32 innevarande
1106 2133 169 41 budgetår
1311 2135 36 28 är
1383 2134 166 40 upptaget
1586 2132 54 31 till

136 2188 136 38 208,000
293 2187 135 37 kronor,
452 2187 61 30 har
535 2186 52 31 för
610 2185 283 32 nästkommande
917 2185 168 41 budgetår
1106 2184 185 31 beräknats
1314 2185 42 39 på
1381 2182 150 42 följande
1554 2184 83 30 sätt:

1518 2235 123 23 Kronor.

135 2281 70 31 Rit-
229 2281 64 30 och
318 2280 251 32 skrivbiträden
594 2282 34 28 åt
651 2279 305 40 vVägingenjörernå
973 2302 13 3 =
994 2301 486 5 ...eee--ee-eec--e0-e2-sc-0-020-0200
1528 2276 115 38 85,000

136 2331 184 31 Kaämörala.
341 2330 158 31 bilträdönt:
522 2321 476 49 ......ss..mssseesamsianaranasaneannunåt
1020 2321 461 49 mats
1529 2326 114 36 28,000

136 2380 276 49 Dyrtidstillägg,
429 2379 196 41 förslagsvis
643 2371 13 62 =
662 2371 198 62 .—=———+----+
880 2400 601 7 =---2--------0000000-000200--0-20-0202202
1530 2369 118 51 11,500

137 2422 119 50 Årliga
278 2430 330 32 kontorskostnader
631 2430 52 30 för
706 2428 312 41 vägingenjörerna,
1035 2427 197 40 förslagsvis
1248 2450 233 4 ........—...=
1463 2418 23 58 +
1528 2425 115 37 80,000

1284 2485 202 39 Förslagsvis
1508 2484 136 32 204,500

1690 1078 132 24 Utskottet.
