1922 2842
309 166 39 30 10
823 170 229 28 Statsutskottets
1075 172 147 27 utlåtande
1244 173 49 26 Nr
1316 170 27 32 6.

309 250 188 41 företagets
531 251 169 31 allmänna
735 252 221 32 ekonomiska
988 254 294 41 förutsättningar,
1306 255 11 30 i
1340 255 45 31 all
1409 256 187 41 synnerhet
1619 267 73 21 som
1716 259 99 30 stats-

311 300 166 41 bidragen
502 301 52 31 till
577 301 288 33 handelshamnar
888 303 63 31 och
981 304 146 32 farleder
1156 305 100 41 pläga
1286 307 113 40 uppgå
1429 306 54 31 till
1513 317 43 20 en
1587 309 37 29 så
1646 308 170 41 väsentlig

315 350 56 32 del
405 362 75 20 som
515 351 129 32 inemot
676 352 39 40 ?/;
740 364 40 20 av
802 353 382 42 byggnadskostnaden.
1208 373 40 5 —
1271 356 68 31 Vid
1360 356 456 43 fiskehamnsbyggnaderna

318 403 36 29 är
388 404 133 30 statens
550 405 120 38 anpart
693 405 43 29 än
760 403 118 42 högre;
903 405 191 31 emellertid
1116 406 85 31 hava
1224 406 78 41 inga
1324 406 415 43 förhandsmedgivanden
1763 409 53 31 till

317 452 116 41 dylika
462 453 150 41 företags
643 454 255 42 igångsättning
919 455 117 41 plägat
1058 456 131 31 lämnas
1212 456 105 32 redan
1340 459 43 39 på
1406 457 67 31 den
1496 457 111 42 grund
1630 460 50 30 att
1702 459 42 31 de
1767 461 49 29 ut-

312 503 93 31 föras
439 514 123 30 genom
595 505 73 40 väg-
691 504 65 31 och
789 505 486 42 vattenbyggnadsstyrelsens
1308 507 142 42 försorg,
1474 508 118 31 varvid
1614 508 201 33 förutsättes

316 554 49 30 att
387 553 79 31 hela
489 554 359 42 finansieringsfrågan
871 556 150 41 avgjorts
1043 556 105 31 innan
1171 557 133 31 arbetet
1326 557 170 42 påbörjas.

362 603 182 33 Utskottet
573 604 60 32 vill
669 605 121 35 erinra,
815 607 50 30 att
889 606 80 31 1932
1000 608 54 30 års
1084 607 139 41 riksdag
1245 626 40 4 —
1307 609 44 40 på
1373 608 234 32 förekommen
1630 610 187 42 anledning

314 654 63 31 och
411 657 153 30 närmast
586 655 11 31 i
621 655 166 32 samband
820 656 77 32 med
930 657 117 41 frågan
1074 668 55 21 om
1157 658 119 42 anslag
1298 659 52 31 till
1373 659 325 33 statsunderstödda
1720 661 96 31 fiske-

313 704 143 32 hamnar
477 724 42 4 —
541 706 185 31 framhållit
752 706 115 32 vikten
901 718 40 20 av
963 710 50 29 att
1046 708 127 42 förslag
1207 709 53 31 till
1293 709 294 42 hamnbyggnads-
1615 711 63 31 och
1701 711 115 31 hamn-

316 755 358 42 förbättringsföretag
697 757 28 41 ej
751 757 181 32 framlades
956 758 64 31 och
1043 758 116 32 beslut
1180 759 119 32 härom
1323 760 29 40 ej
1376 760 148 32 fattades
1547 763 81 29 utan
1652 763 50 30 att
1724 761 92 32 dess-

309 806 160 31 förinnan
506 807 219 41 erforderliga
759 808 223 41 utredningar
1015 809 190 42 förebragts
1240 810 64 31 och
1337 811 106 41 nödig
1464 810 135 32 klarhet
1620 812 140 31 vunnits
1784 812 30 42 ej

316 857 122 31 endast
462 868 55 20 om
541 858 184 41 företagets
750 858 160 42 lämpliga
933 859 158 32 tekniska
1113 861 180 30 utförande
1317 863 81 29 utan
1422 861 63 31 ock
1508 872 55 21 om
1587 862 58 31 det
1666 863 151 41 verkliga

310 907 149 31 behovet
493 907 116 37 härav;
643 908 141 31 beaktas
818 909 106 31 borde
955 910 148 38 särskilt,
1127 912 50 29 att
1207 911 58 31 det
1292 911 220 42 erforderliga
1534 912 283 43 kapitalutlägget

314 958 99 31 stode
437 958 11 31 i
472 958 130 42 rimligt
630 958 213 32 förhållande
874 960 51 31 till
956 960 66 31 den
1053 961 159 31 framtida
1234 962 175 41 praktiska
1432 964 122 40 nyttan
1577 974 41 20 av
1639 964 176 41 företaget.

369 1008 70 31 Det
478 1020 104 30 synes
619 1009 161 42 tämligen
819 1010 191 41 självfallet,
1045 1013 50 29 att
1129 1012 41 31 de
1204 1013 144 30 sålunda
1381 1024 39 20 av
1454 1013 183 42 riksdagen
1675 1014 142 31 anförda

315 1059 259 41 synpunkterna
597 1059 83 31 böra
702 1060 86 31 hava
811 1061 168 31 avseende
1003 1062 29 41 ej
1058 1062 121 32 endast
1202 1064 43 40 på
1265 1063 453 42 fiskehamnsbyggnaderna
1734 1066 82 30 utan

315 1111 94 36 även,
435 1109 64 31 och
525 1110 10 31 i
559 1112 42 29 än
629 1111 104 40 högre
768 1111 91 40 grad,
883 1113 43 39 på
950 1112 41 31 de
1014 1112 12 31 i
1049 1113 92 40 regel
1164 1114 42 30 än
1230 1124 92 20 mera
1345 1113 217 32 ekonomiskt
1583 1114 233 32 vittutseende

316 1159 446 43 handelshamnsföretagen
795 1161 124 32 liksom
954 1163 198 31 överhuvud
1185 1166 43 38 på
1262 1164 325 32 statsunderstödda
1616 1165 112 31 hamn-
1752 1166 65 30 och

309 1210 327 42 farledsbyggnader
657 1211 11 31 i
691 1211 194 32 allmänhet.

365 1261 65 31 Om
465 1261 170 32 utskottet
668 1262 99 31 alltså
797 1263 29 40 ej
850 1263 59 30 vill
943 1265 163 30 motsätta
1134 1264 52 41 sig
1209 1264 66 31 den
1298 1276 40 19 av
1361 1265 379 41 departementschefen
1763 1268 54 39 på-

310 1312 127 40 yrkade
461 1312 410 42 författningsändringen
893 1313 12 31 i
927 1314 94 40 fråga
1044 1325 54 20 om
1122 1314 139 42 bidrags
1284 1315 194 41 beviljande
1502 1316 52 30 till
1577 1316 104 31 redan
1704 1316 114 42 igång-

314 1363 88 29 satta
425 1362 142 41 företag,
593 1363 76 30 sker
686 1362 95 31 detta
797 1363 109 31 under
921 1364 67 31 den
1005 1364 205 42 uttryckliga
1225 1365 302 41 förutsättningen,
1544 1368 50 29 att
1610 1366 42 31 då
1667 1366 151 42 bidrags-

311 1412 117 41 frågan
464 1414 150 39 avgöres,
638 1413 160 41 trygghet
831 1413 190 42 föreligger,
1046 1415 30 40 ej
1101 1415 122 31 endast
1256 1415 52 31 för
1341 1417 49 29 att
1422 1416 168 42 företaget
1620 1417 130 31 utföres
1774 1419 43 39 på

311 1464 49 29 ett
395 1462 154 32 tekniskt
583 1463 318 32 tillfredsställande
925 1466 78 37 sätt,
1027 1467 82 29 utan
1137 1465 63 32 ock
1226 1466 53 30 för
1301 1468 49 29 att
1377 1466 190 32 detsamma
1589 1467 61 31 har
1673 1469 49 30 ett
1745 1470 72 29 mot

310 1513 412 41 byggnadskostnaderna
735 1514 157 42 rimligen
906 1515 165 31 svarande
1084 1516 171 40 praktiskt
1267 1516 63 31 och
1344 1517 217 31 ekonomiskt
1569 1517 246 42 berättigande.

360 1563 19 31 I
406 1564 113 41 övrigt
553 1565 61 30 har
640 1565 64 30 vad
737 1565 379 41 departementschefen
1139 1566 110 31 under
1271 1567 221 32 förevarande
1515 1567 110 42 punkt
1648 1568 112 32 anfört
1784 1569 29 41 ej

308 1614 85 41 givit
415 1615 170 31 utskottet
607 1615 186 41 anledning
815 1615 52 31 till
891 1616 144 31 erinran.

361 1665 181 31 Utskottet
565 1666 197 31 hemställer
784 1666 108 38 alltså,

630 1744 49 28 att
702 1742 187 41 riksdagen
914 1744 52 29 må
991 1742 53 31 till
1067 1742 273 33 handelshamnar
1362 1744 51 31 och
1430 1744 151 40 farleder
1602 1745 52 31 för
1676 1745 141 42 budget-

577 1794 70 29 året
673 1793 183 39 1933/1934
889 1793 118 31 anvisa
1043 1795 48 29 ett
1126 1795 92 29 extra
1246 1794 351 41 reservationsanslag
1619 1807 39 19 av
1680 1796 136 38 300,000

577 1843 134 31 kronor.

361 1919 83 41 15:o)
482 1920 195 32 Underhåll
704 1929 45 23 av
770 1920 246 33 fiskehamnar.
1061 1921 18 30 I
1103 1920 151 42 enlighet
1287 1921 77 31 med
1398 1921 126 42 Kungl.
1549 1922 116 42 Maj:ts
1688 1923 127 41 förslag

319 1969 110 41 punkt
453 1970 49 38 24,
528 1969 62 32 sid.
614 1970 40 30 49
677 1970 65 31 och
765 1970 50 41 50)
838 1970 198 32 hemställer
1059 1971 177 37 utskottet,

629 2040 50 29 att
712 2038 184 42 riksdagen
925 2040 54 29 må
1007 2039 54 31 till
1094 2039 170 32 underhåll
1296 2051 40 20 av
1350 2040 225 41 fiskehamnar
1601 2041 52 31 för
1675 2041 140 41 budget-

577 2090 70 29 året
683 2089 179 40 1933/1934
897 2089 118 31 anvisa
1053 2091 49 29 ett
1136 2092 94 29 extra
1263 2090 352 43 reservationsanslag
1648 2103 40 20 av
1719 2092 96 38 5,000

576 2139 133 31 kronor.

377 2214 83 42 16:o)
498 2216 153 32 Uthamn
687 2217 55 31 för
779 2216 215 41 Haparanda
1030 2217 65 32 och
1132 2217 227 33 Tornedalen.
1419 2217 83 31 Med
1543 2218 193 42 tillstyrkan
1774 2230 40 19 av

310 2265 127 42 Kungl.
462 2266 118 41 Maj:ts
613 2266 128 41 förslag
773 2266 120 41 (punkt
920 2267 49 38 25,
995 2266 63 32 sid.
1082 2267 61 41 50),
1178 2267 108 42 enligt
1317 2267 106 32 vilket
1456 2268 198 32 återstoden
1687 2280 41 19 av
1755 2269 58 31 det

311 2316 53 31 för
379 2316 258 41 ifrågavarande
653 2316 417 42 hamnbyggnadsföretag
1086 2318 220 41 erforderliga
1322 2318 302 42 anslagsbeloppet
1640 2330 45 20 nu
1702 2319 111 31 skulle

306 2366 153 42 beviljas,
485 2367 198 31 hemställer
704 2367 178 38 utskottet,

627 2437 49 29 att
704 2435 182 41 riksdagen
917 2437 53 29 må
994 2435 53 31 till
1070 2436 133 31 uthamn
1218 2436 59 41 för
1299 2436 209 40 Haparanda
1533 2437 53 31 och
1614 2437 198 32 Tornedalen

575 2486 52 30 för
657 2485 204 41 budgetåret
896 2486 181 38 1933/1934
1110 2486 117 31 anvisa
1261 2488 49 30 ett
1340 2488 93 30 extra
1459 2487 352 41 reservationsanslag

575 2547 39 20 av
639 2535 133 39 144,500
794 2536 134 31 kronor.
