2200 2569
683 175 107 32 Stats-
804 165 179 49 Utskottets
1001 169 172 37 Utlåtande
1198 169 64 33 N:o
1286 172 43 31 12
1352 182 30 22 a.
1790 166 40 32 79

667 268 190 25 sammare
886 252 260 39 bearbetande
1176 251 42 37 af
1243 250 213 49 aflönings-
1486 249 72 38 och
1578 246 297 53 pensionsstati-

666 308 128 37 stiken
824 306 139 49 bevilja
992 308 49 47 på
1070 309 110 33 extra
1210 308 77 33 stat
1315 303 59 37 för
1403 306 40 34 år
1475 304 97 36 1886
1603 306 56 32 ett
1680 300 138 50 anslag
1837 298 43 38 af

669 361 114 47 5,000
813 360 153 36 kronor.

833 515 467 42 Öfverståthållareembetet.

392 623 99 36 24:o.
546 620 215 49 Angående
799 620 65 36 det
906 619 41 37 af
984 619 142 49 Kongl.
1171 619 110 49 Maj:t
1317 617 125 37 under
1475 616 127 37 denna
1631 613 244 50 anslagstitel
1902 617 72 59 Ang.
1994 614 98 50 anslag

262 674 226 38 framstälda
529 673 148 49 förslag
720 686 61 22 om
825 671 220 49 beviljande
1075 671 42 37 af
1141 672 138 46 anslag
1307 670 59 36 till
1396 669 155 36 fortsatt
1580 667 228 49 utgifvande
1838 665 42 37 af
1893 651 165 67 wtgifrande
2071 653 34 64 of

260 725 444 51 »polisunderrättelser»
734 725 175 36 kommer
937 723 201 38 Utskottet
1160 729 55 31 att
1238 721 206 38 framdeles
1466 719 175 38 meddela
1657 718 215 45 utlåtande;
1904 720 191 61 spolisumder-

1923 763 150 18 raltetser»,

262 778 150 37 hvilket
440 778 70 37 här
539 777 128 37 skolat
1947 791 90 47 [21].

671 880 185 38 anmälas.

855 1042 268 35 Landsstaterna
1148 1041 7 32 i
1182 1041 104 33 länen.

392 1144 99 35 25:0.
549 1142 90 36 Som
670 1143 129 46 någon
828 1139 173 49 ledighet
1016 1138 116 37 bland
1150 1136 468 49 fögderitjenstemännen
1634 1133 104 37 inom
1755 1132 119 37 andra
1903 1139 72 38 ng.
1996 1137 103 42 anslag

262 1195 72 37 och
369 1195 122 48 tredje
520 1193 247 50 fögderierna
796 1192 41 37 af
861 1191 145 49 Upsala
1028 1190 62 36 län
1121 1194 103 31 ännu
1253 1188 86 36 icke
1367 1187 185 47 inträffat,
1582 1185 119 37 sedan
1730 1184 142 49 Kongl.
1893 1172 206 68 SER

260 1247 110 49 Maj:t
399 1246 201 37 beslutade
630 1246 112 36 dessa
771 1243 218 49 fögderiers
1019 1241 364 48 sammanslagning
1410 1239 61 36 till
1501 1243 55 31 ett
1585 1237 162 48 fögderi,
1775 1241 99 31 samt
1916 1242 157 42 Jemtlands

261 1298 238 38 fortfarande
542 1298 94 48 inga
674 1294 336 50 aflöningsbelopp
1039 1306 91 24 vore
1159 1292 251 49 tillgängliga
1440 1296 69 41 att,
1538 1289 13 36 i
1580 1289 177 48 enlighet
1785 1288 87 36 med
1964 1278 56 71 oj

264 1353 98 35 1883
393 1353 60 34 års
484 1350 192 48 Riksdags
707 1347 285 49 medgifvande,
1022 1344 199 38 användas
1238 1343 57 37 till
1316 1343 216 48 aflöningar
1548 1344 38 33 åt
1602 1340 270 48 kronofogden
1947 1314 95 46 [22]

261 1403 72 37 och
362 1401 365 39 häradsskrifvaren
756 1400 11 35 i
797 1399 64 37 det
890 1399 123 47 enligt
1040 1396 142 49 Kongl.
1214 1395 151 37 brefvet
1393 1395 76 36 den
1498 1396 47 34 22
1575 1392 93 38 Juni
1688 1393 96 35 1883
1801 1405 71 35 ny-

261 1454 193 38 inrättade
484 1452 192 50 fögderiet
700 1452 104 36 inom
833 1449 217 38 Jemtlands
1079 1449 75 44 län,
1189 1448 69 36 har
1287 1446 143 49 Kongl.
1461 1446 110 48 Maj:t
1594 1443 214 49 föreslagit,

392 1511 57 32 att
478 1506 58 36 för
563 1504 272 49 uppehållande
864 1503 44 48 af
933 1503 43 34 de
1003 1500 245 51 omförmälda
1278 1499 97 37 båda
1395 1497 351 51 fögderitjensterna
1774 1497 97 35 inom

261 1559 209 36 Jemtlands
499 1558 63 36 län
591 1556 122 37 under
742 1558 40 33 år
814 1556 97 35 1886
941 1556 117 33 måtte
1086 1555 48 46 på
1163 1557 110 31 extra
1302 1555 78 32 stat
1407 1550 60 36 för
1496 1561 148 25 samma
1660 1550 40 34 år
1716 1547 155 37 anvisas

263 1616 56 31 ett
347 1609 137 50 anslag
512 1609 42 37 af
581 1609 112 48 6,800
722 1608 155 46 kronor,
902 1611 56 31 att
986 1607 93 47 utgå
1107 1604 12 35 i
1148 1604 75 36 den
1253 1605 88 34 mån
1370 1602 138 37 sådant
1535 1600 130 37 kunde
1693 1613 92 24 vara
1814 1612 57 24 er-

261 1661 218 49 forderligt.

390 1713 201 38 Utskottet
619 1712 58 37 får
702 1710 87 37 med
818 1708 211 49 anledning
1057 1707 42 37 af
1123 1707 127 37 denna
1277 1704 290 49 framställning
1596 1702 212 48 hemställa,

796 1818 56 32 att
898 1811 237 49 Riksdagen,
1176 1810 89 37 med
1307 1808 108 38 bifall
1456 1808 57 37 till
1555 1807 142 49 Kongl.
1740 1806 130 49 Maj:ts

665 1865 297 49 framställning,
990 1866 60 34 må
1076 1863 60 36 för
1159 1861 285 50 uppehållande
1474 1860 43 37 af
1540 1860 46 36 de
1616 1858 255 38 omförmälda

664 1918 99 36 båda
805 1916 368 50 fögderitjensterna
1201 1914 103 36 inom
1331 1912 222 37 Jemtlands
1580 1911 75 48 län,
1686 1913 48 47 på
1763 1915 108 32 extra

666 1975 77 31 stat
784 1969 58 36 för
886 1972 40 34 år
961 1970 97 34 1886
1088 1966 136 37 anvisa
1252 1970 57 32 ett
1337 1965 138 48 anslag
1503 1963 43 38 af
1571 1965 113 46 6,800
1714 1963 154 47 kronor,

667 2027 56 32 att
751 2024 93 46 utgå
872 2021 12 36 i
914 2020 74 37 den
1016 2022 86 34 mån
1129 2019 137 36 sådant
1293 2017 78 37 kan
1400 2030 91 24 vara
1521 2014 255 50 erforderligt.

392 2130 99 35 26:0.
549 2126 126 37 Sedan
717 2125 227 49 Riksdagen
984 2124 58 36 för
1082 2122 267 37 innevarande
1378 2123 55 46 år,
1464 2121 12 36 i
1505 2120 124 36 likhet
1656 2118 88 37 med
1768 2116 102 38 hvad
1899 2114 198 67 RN

261 2180 122 37 under
411 2180 93 36 flera
533 2178 237 48 föregående
796 2181 40 33 år
865 2182 66 43 egt
959 2190 96 34 rum,
1084 2174 160 49 beviljat
1273 2179 55 31 ett
1357 2173 136 48 anslag
1522 2176 21 32 å
1572 2172 140 47 50,000
1728 2170 141 36 kronor
1902 2159 132 51 hållande
2046 2158 43 58 af

262 2240 56 31 att
346 2233 199 38 användas
574 2230 57 37 till
662 2229 171 49 aflöning
858 2229 71 36 och
957 2226 202 38 underhåll
1188 2226 42 37 af
1254 2225 167 37 särskild
1449 2223 236 51 polisstyrka
1714 2224 48 47 på
1789 2222 80 36 lan-
1887 2219 210 61 särskildpolis-

262 2286 75 45 det,
368 2286 66 37 der
464 2285 119 37 sådan
611 2281 129 37 kunde
770 2281 41 36 af
835 2279 290 38 förhållandena
1144 2277 188 50 påkallas,
1349 2277 198 37 äfvensom
1566 2275 58 37 till
1640 2273 230 50 belöningar
1940 2263 102 52 lundet.

261 2337 59 37 för
346 2338 132 49 gröfre
507 2338 126 36 brotts
661 2333 271 50 upptäckande
962 2337 99 32 samt
1089 2330 239 49 förbrytares
1358 2327 298 51 efterspanande
1686 2326 92 37 eller
1793 2325 79 50 gri-
1912 2321 12 58 —
1945 2325 94 47 [23.]
