1884 2812
279 137 121 33 Första
418 139 204 34 kammarens
640 142 76 39 för
727 145 73 30 sta
817 144 172 41 tillfälliga
1006 148 143 32 utskotts
1167 149 173 33 utlåtande
1358 160 43 21 nr
1418 154 29 29 9.
1567 153 38 30 11

120 233 258 40 studiebegåvad
401 236 164 40 lärjunge,
591 238 108 33 bosatt
722 241 139 32 utanför
885 242 132 40 skolort,
1043 245 59 31 och
1127 245 115 32 därtill
1267 247 83 32 skall
1375 248 45 31 all
1444 249 162 32 studiebe-

121 287 107 39 gåvad
254 289 154 39 ungdom,
435 295 125 28 oavsett
585 289 196 45 bostadsort,
807 295 86 32 efter
918 297 287 41 behovsprövning
1230 299 114 33 kunna
1368 300 128 33 komma
1522 302 12 31 i
1559 303 47 31 åt-

119 341 165 38 njutande
301 352 42 21 av
358 343 212 39 stipendium.
589 346 100 32 Detta
705 351 124 35 system
846 349 129 32 medför
992 351 230 40 otvivelaktigt
1240 354 181 33 avsevärda
1437 355 169 32 lättnader

120 393 54 32 för
191 394 43 32 bl.
254 405 28 21 a.
302 395 64 32 den
385 397 249 38 jordbrukande
651 400 237 41 befolkningen
906 403 75 32 med
998 404 85 31 barn
1101 405 11 31 i
1131 405 41 31 de
1190 406 101 39 högre
1310 407 162 33 skolorna.
1491 408 114 32 Ytter-

118 446 103 39 ligare
243 448 202 41 enhetlighet
466 451 11 30 i
499 451 214 41 principerna
735 454 55 32 för
811 455 180 33 utdelande
1014 467 40 21 av
1076 458 166 32 studielån
1264 460 60 31 och
1345 461 184 38 stipendier
1550 462 54 31 till

118 500 107 32 elever
241 502 58 32 vid
316 503 92 31 såväl
423 503 101 40 högre
541 515 69 22 som
627 506 91 39 lägre
736 507 233 34 läroanstalter
986 510 94 32 torde
1097 511 114 33 kunna
1229 513 241 33 åstadkommas
1489 524 114 30 genom

118 555 131 31 samråd
272 555 121 32 mellan
416 557 41 32 de
479 558 240 40 myndigheter,
744 571 68 21 som
836 562 113 33 utdela
973 564 258 39 ifrågavarande
1253 567 192 32 understöd.
1471 568 68 32 För
1563 579 40 21 en

119 607 139 39 översyn
279 619 41 21 av
341 610 152 38 gällande
514 611 243 34 bestämmelser
777 614 79 32 eller
876 625 132 22 normer
1028 618 43 38 på
1092 618 92 31 detta
1205 619 132 33 område
1358 631 96 28 synes
1476 632 40 21 en
1535 623 68 30 sär-

117 660 86 31 skild
223 661 183 41 utredning
426 663 69 32 icke
515 674 81 22 vara
616 665 160 41 behövlig.

157 711 94 34 Även
269 716 64 30 när
352 716 56 31 det
427 717 104 38 gäller
549 718 119 40 bidrag
687 729 41 22 av
746 720 100 32 social
865 725 102 28 natur
986 723 59 31 vill
1064 724 162 32 utskottet
1245 726 224 40 understryka
1488 727 113 32 vikten

116 775 41 21 av
178 770 50 28 att
249 767 287 35 bestämmelserna
556 771 164 33 utformas
742 774 36 31 så
800 777 50 28 att
872 775 220 38 jordbrukare
1114 777 59 32 och
1196 778 106 33 andra
1324 779 69 33 fria
1415 780 186 40 företagare

115 819 70 33 icke
208 820 130 33 komma
362 822 12 31 i
400 832 40 22 en
465 823 256 41 oförmånligare
747 827 159 40 ställning
932 829 43 30 än
1001 829 107 32 andra
1131 830 369 42 befolkningsgrupper.
1527 834 73 31 Den

116 873 207 33 föreskrivna
347 875 383 42 förmögenhetsspärren
755 880 12 31 i
790 881 159 32 samband
973 883 73 31 med
1070 883 88 32 vissa
1180 884 72 40 slag
1275 895 42 21 av
1340 886 119 40 bidrag
1482 888 119 31 verkar

113 926 230 40 otvivelaktigt
367 928 256 40 missgynnande
647 932 55 31 för
725 933 221 38 jordbrukare
969 936 60 30 och
1054 936 105 32 andra
1183 937 130 33 mindre
1336 935 261 48 näringsidkare.

113 979 234 41 Beräkningen
370 992 41 21 av
434 983 41 31 de
498 983 296 40 bidragssökandes
819 987 478 40 förmögenhetsförhållanden
1320 992 101 33 borde
1445 994 55 32 ske
1525 994 73 31 med

112 1033 105 31 större
237 1033 290 41 hänsynstagande
547 1037 54 31 till
621 1038 40 32 de
682 1049 42 22 av
744 1040 244 33 motionärerna
1009 1042 142 33 anförda
1171 1041 262 47 synpunkterna.

152 1086 52 31 Då
223 1086 55 32 det
298 1088 182 32 emellertid
499 1089 94 32 torde
612 1090 114 33 kunna
746 1093 171 32 förväntas
937 1097 50 29 att
1006 1096 91 30 såväl
1116 1096 395 35 socialvårdskommittén
1529 1110 69 22 som

111 1138 434 43 befolkningsutredningen
550 1134 18 55 i
591 1144 161 40 tillbörlig
769 1146 77 31 mån
863 1147 91 32 skola
970 1147 129 33 komma
1116 1152 50 29 att
1183 1150 118 33 beakta
1319 1151 94 33 dessa
1425 1149 172 48 synpunk-

111 1194 60 35 ter,
193 1192 54 31 får
266 1194 160 32 utskottet
446 1195 181 40 hemställa,

445 1305 49 28 att
517 1303 219 33 förevarande
760 1306 132 39 motion,
916 1307 35 32 I:
974 1308 70 39 246,
1068 1309 69 32 icke
1159 1311 102 31 måtte
1283 1311 52 32 till
1358 1313 110 38 någon
1491 1313 105 32 första

404 1354 206 34 kammarens
630 1358 120 39 åtgärd
770 1359 183 33 föranleda.

154 1457 186 34 Stockholm
362 1460 64 32 den
446 1461 40 31 28
508 1472 87 22 mars
616 1464 90 31 1946.

645 1570 49 32 På
714 1571 178 33 utskottets
913 1574 144 38 vägnar:

624 1676 198 33 HERMAN
843 1679 231 34 ERICSSON.

140 1881 194 27 Närvarande:
357 1883 94 26 herrar
469 1885 138 32 Ericsson,
627 1887 159 32 Carlström,
804 1890 127 31 Persson,
951 1891 168 32 Söderkvist,
1138 1893 147 32 Lodenius,
1304 1896 165 32 Fahlander,
1488 1897 102 26 Sunde-

107 1925 37 24 lin
161 1926 48 25 och
224 1927 123 25 Nilsson.
