2141 2656
688 185 255 40 Lag-Utskottets
971 185 173 33 Utlåtande
1170 186 56 31 N:o
1250 188 52 29 23.
1742 188 39 31 19

239 266 96 36 varit
377 266 118 36 under
536 265 219 49 sorgfälligt
797 265 296 49 öfvervägande.
1148 266 16 36 I
1207 265 72 37 den
1308 266 245 50 omfattning,
1584 267 244 36 föreskriften

239 319 56 35 för
338 319 236 36 närvarande
608 318 133 49 gäller,
771 318 68 37 har
867 318 201 37 Utskottet
1097 319 69 36 ock
1194 324 127 31 ansett
1349 319 61 48 sig
1438 320 129 36 kunna
1597 319 127 37 härtill
1754 320 72 36 för-

237 370 92 37 orda
359 370 117 37 bifall.
532 370 200 38 Utskottet
761 371 54 35 får
844 370 134 37 härvid
1004 371 136 49 erinra,
1171 376 65 43 att,
1258 371 85 37 med
1359 371 177 37 afseende
1559 375 16 34 å
1599 372 36 37 de
1653 372 173 36 anmärk-

240 423 146 48 ningar,
431 436 80 23 som
554 423 127 36 blifvit
722 423 225 50 framstälda
976 423 141 47 derom,
1147 429 55 31 att
1231 423 288 49 krigslagarnes
1549 424 277 37 straffbestäm-

238 475 137 36 melser
403 488 91 23 vore
524 475 11 36 i
564 475 104 36 vissa
697 474 65 37 fall
792 488 79 23 mer
899 479 46 32 än
975 475 186 49 behöfligt
1177 480 168 44 stränga,
1362 475 71 37 och
1451 477 116 36 sedan
1583 476 243 49 Riksdagens

238 528 123 48 begge
404 527 161 37 Kamrar
594 530 41 33 år
666 529 95 35 1878
792 527 172 49 uttryckt
992 528 72 36 den
1093 528 169 49 mening,
1292 533 55 32 att
1376 541 47 23 en
1451 528 168 37 revision
1648 528 42 38 af
1713 529 114 36 dessa

234 580 108 48 lagar
385 593 90 24 vore
517 580 43 36 af
596 580 118 36 sådan
750 580 211 49 anledning
989 581 205 47 önskvärd,
1224 581 139 48 Kongl.
1394 579 106 51 Maj:t
1528 582 120 36 under
1676 582 73 36 den
1781 584 42 34 11

234 632 170 37 Oktober
448 634 96 35 1878
575 632 175 37 anbefalt
778 632 142 50 Kongl.
951 633 310 48 Krigshofrätten
1293 639 65 42 att,
1389 634 85 36 med
1502 633 159 50 ledning
1690 634 41 36 af
1754 634 72 36 den

235 684 219 37 erfarenhet
496 698 60 23 om
599 684 167 37 nämnda
808 685 127 49 lagars
969 685 255 49 tillämpning,
1254 699 81 23 som
1364 686 157 36 vunnits
1550 687 120 36 under
1697 686 47 37 de
1773 686 53 36 tio

236 741 40 33 år
304 738 45 36 de
379 750 148 24 samma
556 737 99 37 varit
683 737 192 49 gällande,
903 736 193 39 inkomma
1126 738 85 37 med
1231 738 258 49 underdånigt
1503 739 209 47 utlåtande,
1729 738 96 37 huru

236 790 87 36 vida
364 790 159 37 straffen
566 790 58 36 för
665 795 86 31 rent
775 820 3 4 .
792 790 163 36 militära
983 790 259 49 förbrytelser,
1271 790 272 38 företrädesvis
1573 791 142 37 sådana
1744 804 81 23 som

235 843 119 35 under
400 842 163 36 fredstid
600 842 129 48 begås,
773 845 59 33 må
860 842 141 47 kunna,
1031 847 91 32 utan
1152 843 94 36 våda
1275 843 57 36 för
1359 842 266 49 krigstuktens
1654 847 172 46 upprätt-

235 894 189 48 hållande,
453 907 141 37 genom
624 894 251 49 nedsättning
903 895 41 36 af
968 895 45 36 de
1038 894 58 37 för
1124 908 46 23 en
1199 895 60 36 del
1289 895 130 49 dylika
1435 895 201 37 förseelser
1656 910 50 22 nu
1723 895 102 37 stad-

233 947 99 48 gade
362 947 276 37 straffmaxima
666 947 93 36 eller
781 949 48 46 på
859 952 116 31 annat
1002 947 177 49 lämpligt
1207 952 76 31 sätt
1311 947 167 48 mildras,
1507 947 11 36 1
1544 948 281 48 sammanhang

234 1000 184 36 hvarmed
461 999 141 49 Kongl.
646 999 314 48 Krigshofrätten
1003 999 100 36 hade
1146 1004 55 32 att
1237 999 80 37 dels
1346 999 142 49 afgifva
1517 1000 145 48 förslag
1690 1000 58 36 till
1778 1000 46 37 de

233 1052 227 36 förändrade
489 1052 323 48 lagstadganden,
842 1064 80 23 som
951 1051 136 37 funnes
1116 1052 12 36 1
1144 1051 137 37 sådant
1297 1052 98 48 syfte
1416 1052 194 49 lämpliga,
1627 1052 81 37 dels
1724 1057 103 43 yttra

233 1104 62 48 sig
338 1105 200 47 angående
568 1103 74 37 den
668 1104 63 36 vid
759 1103 208 48 riksdagen
997 1104 112 36 äfven
1138 1103 229 38 afhandlade
1396 1104 146 48 frågan,
1572 1105 97 35 huru
1698 1104 88 36 vida
1814 1105 11 35 i

233 1156 268 48 krigslagarne
544 1155 118 38 borde
703 1156 143 36 införas
889 1155 45 36 de
973 1156 249 48 stadganden,
1253 1156 250 49 hvarigenom
1534 1156 291 37 underordnade

235 1208 62 37 vid
340 1208 265 49 krigsmakten
649 1212 63 32 äro
758 1207 282 38 tillförsäkrade
1079 1208 139 49 lagligt
1246 1208 125 49 skydd
1400 1213 79 31 mot
1507 1209 88 36 våld
1625 1209 70 36 och
1726 1209 98 36 föro-

234 1261 201 48 lämpning
476 1262 40 35 af
553 1260 160 48 förmän,
751 1260 81 36 dels
862 1260 69 36 ock
961 1261 11 35 i
1001 1260 117 48 öfrigt
1146 1260 139 37 föreslå
1313 1262 45 36 de
1388 1260 206 50 ändringar
1622 1261 11 36 1
1661 1261 164 49 krigsla-

233 1326 141 36 garnes
416 1312 301 49 bestämmelser,
760 1312 153 37 hvartill
956 1312 311 49 Krigshofrätten
1311 1313 126 37 kunde
1465 1313 100 37 finna
1596 1313 228 49 anledning;

234 1371 99 31 samt
376 1370 66 43 att,
481 1366 118 36 sedan
640 1365 143 48 Kongl.
823 1364 331 49 Krigshofrättens
1189 1366 193 36 utlåtande
1411 1379 155 23 numera
1596 1366 56 36 till
1682 1366 141 49 Kongl.

234 1418 107 49 Maj:t
385 1418 213 45 inkommit,
641 1417 134 49 frågan
813 1417 58 36 för
914 1418 235 36 närvarande
1191 1424 41 31 är
1274 1418 188 37 beroende
1504 1421 47 46 på
1579 1418 181 49 pröfning
1789 1418 40 37 af

237 1470 138 49 Kongl.
419 1470 117 49 Maj:t,
566 1483 81 23 som
686 1469 183 49 derjemte
897 1469 12 36 i
938 1469 117 49 nådig
1079 1469 237 50 proposition
1344 1470 57 37 till
1430 1470 256 37 innevarande
1716 1470 109 37 Riks-

234 1523 76 48 dag
338 1523 190 36 framstält
556 1522 143 48 förslag
728 1522 57 36 till
815 1522 117 36 sådan
961 1522 391 50 grundlagsändring,
1382 1528 54 31 att
1456 1522 222 49 Riksdagen
1700 1522 124 37 skulle

235 1575 87 35 med
346 1575 222 48 Konungen
598 1574 155 48 deltaga
780 1573 12 36 i
822 1574 193 48 stiftande,
1044 1574 224 49 förändring
1297 1575 70 37 och
1388 1575 271 49 upphäfvande
1685 1575 41 37 af
1750 1575 74 36 kri-

236 1626 184 49 minallag
443 1627 57 35 för
525 1626 279 49 krigsmakten.

363 1679 202 37 Utskottet
606 1679 120 36 finner
767 1677 97 37 dock
908 1683 55 30 ett
996 1678 183 37 särskildt
1207 1679 77 47 fall,
1314 1678 91 36 eller
1434 1678 64 36 det
1526 1678 41 36 af
1591 1678 233 37 försummad

233 1731 213 36 inställelse
481 1730 58 37 till
574 1730 263 50 vapenöfning
865 1729 11 36 i
904 1729 172 50 fredstid,
1111 1731 92 37 böra
1232 1730 242 49 undantagas
1503 1730 84 37 från
1616 1731 144 49 påföljd
1789 1732 41 36 af

235 1783 111 36 straff
370 1783 96 36 efter
493 1783 187 48 krigslag.
737 1783 82 36 Den
847 1782 11 36 i
887 1782 178 48 krigslag
1097 1783 107 48 gifna
1234 1783 279 44 bestämmelse,
1544 1796 79 22 som
1655 1782 169 37 härutin-

236 1848 73 23 nan
345 1839 40 32 är
414 1839 169 32 närmast
611 1834 216 50 tillämplig,
857 1834 107 36 torde
995 1847 88 24 vara
1114 1837 45 34 10
1189 1834 20 50 $
1238 1834 10 36 i
1278 1837 20 34 5
1328 1835 85 49 kap.
1444 1835 41 36 af
1508 1834 230 50 Strafflagen
1768 1835 57 37 för

237 1887 263 49 krigsmakten
516 1887 73 37 den
610 1889 41 34 11
670 1887 91 37 Juni
781 1888 109 46 1868,
907 1886 41 36 af
960 1886 180 49 innehåll,
1159 1892 55 31 att
1229 1888 85 46 den,
1333 1901 92 33 som,
1447 1892 84 32 utan
1548 1887 146 37 bevisad
1707 1887 117 49 afsigt

236 1945 56 30 att
324 1940 248 48 undandraga
606 1939 61 49 sig
694 1939 295 49 krigstjensten,
1019 1940 116 36 sedan
1165 1940 75 35 han
1270 1939 182 37 särskildt
1480 1939 57 36 till
1565 1939 260 49 tjenstgöring

236 1991 167 37 inkallad
445 1991 136 49 blifvit,
623 1991 217 37 underlåter
883 1995 55 32 att
979 1990 60 49 sig
1079 1991 165 48 inställa,
1278 1997 90 31 utan
1399 1997 53 31 att
1480 2004 71 36 ega
1581 1991 88 49 laga
1697 1992 127 36 förfall

235 2044 92 36 eller
355 2044 147 47 sådant,
532 2047 40 33 så
601 2044 75 37 fort
704 2044 67 36 ske
800 2044 157 46 kunnat,
987 2043 69 36 hos
1086 2044 283 37 vederbörande
1387 2044 258 37 befälhafvare
1661 2044 162 47 anmäla,

236 2096 108 49 skall,
388 2110 60 23 om
491 2097 75 35 han
609 2096 57 36 till
708 2096 226 49 manskapet
979 2095 110 36 hörer
1126 2097 70 35 och
1231 2096 324 37 undanhållandet
1583 2096 108 37 räckt
1719 2096 107 37 öfver

235 2151 77 33 åtta
341 2148 131 49 dagar,
501 2148 199 37 bestraffas
730 2151 125 34 såsom
884 2161 190 35 rymmare
1104 2148 118 37 första
1250 2152 157 45 gången
1436 2148 87 37 med
1540 2147 289 51 disciplinstraff

232 2201 11 36 i
275 2201 114 36 minst
418 2200 118 37 andra
564 2201 96 48 grad
691 2201 136 49 (arrest
856 2200 62 36 vid
948 2205 130 31 vatten
1107 2201 70 36 och
1210 2201 90 37 bröd
1328 2201 91 36 eller
1435 2201 107 36 mörk
1559 2206 131 43 arrest,
1707 2201 116 49 högst

233 2253 75 36 fem
351 2253 146 48 dagar),
541 2259 99 30 samt
682 2253 61 36 vid
786 2252 146 37 återfall
965 2253 130 36 ställas
1124 2253 101 36 inför
1253 2253 164 36 domstol
1445 2253 71 36 och
1545 2253 131 36 dömas
1705 2253 118 36 första

235 2307 154 46 gången
430 2305 57 37 till
530 2305 171 48 fängelse
729 2306 11 35 1
769 2306 117 46 högst
915 2317 66 23 sex
1011 2305 191 48 månader,
1232 2305 118 37 andra
1377 2308 156 46 gången
1561 2305 56 36 till
1647 2305 174 48 fängelse

237 2358 82 35 från
357 2357 68 37 och
456 2357 84 37 med
570 2370 65 24 sex
665 2357 180 38 månader
874 2356 57 37 till
960 2355 71 38 och
1061 2358 84 37 med
1174 2363 54 32 ett
1257 2360 50 47 år,
1337 2358 70 37 och
1435 2357 121 50 tredje
1580 2360 156 47 gången
1764 2356 56 38 till
