2203 2700
671 191 344 35 Jordbruksutskottets
1037 192 164 34 utlåtande
1224 194 53 32 Nr
1300 195 51 32 26.
1743 196 18 33 7

335 270 56 38 De
418 271 57 38 uti
503 272 246 38 förevarande
776 273 145 38 motion
948 274 207 37 framförda
1183 275 242 37 önskemålen
1453 275 13 36 i
1495 276 107 50 fråga
1630 289 61 25 om
1711 290 95 38 upp-

206 323 131 38 låtelse
379 324 43 37 af
444 325 304 38 kronodomäner
775 326 56 37 till
860 326 179 38 småbruk
1066 327 114 38 hafva
1209 331 124 34 såsom
1361 328 279 38 motionärerna
1667 329 139 50 själfva

206 376 196 38 framhålla
446 378 101 37 förut
587 379 64 36 vid
693 379 183 37 särskilda
916 380 173 37 tillfällen
1130 381 98 36 varit
1268 381 157 37 föremål
1466 382 58 37 för
1564 382 241 49 Riksdagens

204 428 245 51 behandling.
507 430 138 39 Senast
687 431 151 38 väcktes
879 432 103 37 inom
1023 432 130 38 Andra
1189 432 220 39 kammaren
1437 433 64 38 vid
1529 435 188 37 nästlidna
1745 437 60 35 års

205 481 172 50 Riksdag
419 497 45 23 en
506 484 157 48 motion,
692 498 45 22 nr
765 486 86 47 249,
881 499 60 22 om
971 485 197 37 skrifvelse
1195 487 57 35 till
1279 486 143 49 Kungl.
1452 487 107 49 Maj:t
1587 488 85 36 med
1701 488 104 37 hem-

205 534 136 37 ställan
370 548 59 24 om
459 536 206 50 utredning
693 536 71 38 och
792 537 143 48 förslag
962 538 54 36 uti
1044 552 52 22 nu
1123 538 290 49 ifrågavarande
1432 539 224 38 hänseende.
1684 530 27 61 TI
1703 540 102 37 sitt

206 587 107 36 öfver
354 588 235 37 sistnämnda
630 589 142 37 motion
814 589 145 51 afgifna
991 591 204 48 utlåtande,
1224 605 46 23 nr
1300 593 85 47 109,
1413 592 174 37 framhöll
1618 594 95 35 1911
1745 596 59 34 års

200 639 367 50 jordbruksutskott,
598 647 54 31 att
681 643 54 36 uti
763 643 193 36 motionen
984 643 253 37 framställdes
1265 649 56 32 tre
1350 645 195 36 önskemål
1572 645 232 37 beträffande

204 691 229 51 upplåtelser
462 694 41 36 af
526 707 100 36 egna
653 695 85 37 hem
768 695 84 36 från
879 695 216 50 kronojord,
1125 696 193 50 nämligen
1345 701 55 32 att
1419 697 109 37 dessa
1547 697 119 37 skulle
1686 697 118 38 blifva

204 744 246 51 tillgängliga
492 746 58 37 för
591 747 72 36 den
704 747 179 50 fattigare
923 748 285 49 befolkningen,
1251 753 56 32 att
1348 749 208 37 brukarens
1593 750 211 50 besittning

204 796 125 38 blefve
371 798 172 50 skyddad
585 805 97 31 samt
723 806 54 31 att
814 800 247 37 småbrukens
1091 801 166 37 fortvaro
1286 805 122 33 såsom
1438 802 140 37 sådana
1606 803 58 36 för
1692 803 112 37 fram-

205 849 103 37 tiden
336 851 222 49 tryggades.
602 851 17 37 I
648 852 262 37 förstnämnda
937 853 215 37 hänseende
1180 859 130 45 syntes
1340 854 64 37 det
1422 855 196 48 utskottet,
1640 869 81 23 som
1741 869 59 23 om

203 914 141 36 genom
373 902 46 38 de
447 904 12 35 i
488 904 130 48 kungl.
649 904 254 50 kungörelsen
933 905 71 37 den
1033 908 45 34 31
1110 906 196 37 december
1336 908 97 36 1909
1463 908 195 48 angående
1688 922 114 36 egna-

203 954 342 50 hemsupplåtelser
573 957 85 36 från
686 957 165 37 kronans
874 957 390 50 jordbruksdomäner
1291 959 159 49 intagna
1470 959 333 39 bestämmelserna

204 1006 11 35 i
257 1007 111 49 fråga
410 1021 60 24 om
513 1009 187 49 gäldande
741 1010 42 36 af
820 1010 357 50 köpeskillingarna,
1207 1012 177 36 särskildt
1411 1012 13 36 i
1452 1012 65 37 fall
1545 1012 63 37 det
1636 1013 41 36 af
1704 1015 97 35 1910

204 1061 58 35 års
292 1059 171 51 Riksdag
491 1061 12 36 i
531 1061 197 38 skrifvelse
756 1063 57 36 till
840 1062 143 50 Kungl.
1012 1063 109 49 Maj:t
1148 1064 167 37 uttalade
1344 1065 232 37 önskemålet
1605 1079 60 23 om
1690 1066 112 36 fram-

203 1111 202 49 flyttandet
434 1113 40 36 af
499 1114 358 50 amorteringstiden
885 1115 125 37 blefve
1040 1116 286 49 förverkligadt,
1356 1116 142 37 sådana
1523 1118 176 48 åtgärder
1719 1118 82 37 från

204 1164 311 39 statsmakternas
544 1166 80 37 sida
651 1167 116 37 redan
795 1167 126 37 blifvit
949 1168 193 49 vidtagna,
1167 1174 54 33 att
1241 1169 72 37 den
1333 1169 177 50 fattigare
1530 1169 271 52 befolkningen

204 1217 86 36 med
320 1217 87 37 fullt
436 1219 67 48 fog
530 1219 126 37 kunde
684 1225 113 43 sägas
817 1220 114 37 hafva
949 1220 125 37 blifvit
1092 1221 140 37 beredd
1251 1222 146 36 tillfälle
1417 1227 55 31 att
1491 1222 192 37 förvärfva
1702 1236 98 37 egna

204 1269 98 36 hem.
359 1270 240 38 Beträffande
641 1272 44 37 de
727 1272 97 37 båda
865 1273 123 49 öfriga
1022 1273 241 37 önskemålen
1292 1275 123 36 anslöt
1443 1275 61 49 sig
1530 1275 186 37 utskottet
1744 1276 56 36 till

204 1320 167 51 följande
400 1323 192 38 uttalande
621 1324 40 37 af
688 1326 97 35 1910
814 1327 60 35 års
897 1325 353 50 jordbruksutskott
1278 1326 12 36 i
1318 1326 206 51 anledning
1551 1328 41 36 af
1616 1327 71 38 den
1716 1342 27 23 s.
1767 1331 31 34 å.

204 1373 41 37 af
269 1374 87 37 herr
384 1375 45 37 K.
461 1375 122 38 Staaff
607 1390 48 23 m.
685 1377 35 37 fl.
758 1378 5 35 i
791 1382 126 33 ämnet
944 1378 136 37 väckta
1106 1379 203 48 motionen,
1339 1393 44 23 nr
1413 1381 88 36 109:

333 1427 82 37 »Nu
444 1428 246 38 förevarande
719 1430 144 37 motion
888 1431 142 49 åsyftar
1048 1431 283 38 bestämmelser
1350 1432 13 36 i
1382 1435 64 34 två
1465 1432 99 37 olika
1584 1433 213 49 afseenden,

204 1479 193 49 nämligen
439 1482 74 35 dels
546 1482 194 49 angående
769 1496 46 24 en
843 1483 172 37 arrende-
1043 1484 69 36 och
1140 1483 305 50 besittningsrätt
1473 1485 40 36 af
1537 1485 263 51 betryggande

204 1537 58 30 art
302 1532 56 36 till
400 1533 177 37 småbruk
612 1537 20 34 å
659 1534 166 38 kronans
850 1534 400 51 jordbruksdomäner,
1281 1538 74 35 dels
1383 1539 61 35 ock
1473 1538 194 49 angående
1696 1544 104 44 tryg-

204 1584 125 49 gande
358 1585 41 36 af
424 1585 85 37 med
538 1586 224 49 äganderätt
789 1588 181 49 upplåtna
999 1588 199 37 småbruks
1226 1589 167 37 fortvaro
1423 1592 122 34 såsom
1576 1590 148 37 sådana.

334 1636 17 36 I
380 1637 261 38 förstnämnda
671 1639 174 37 afseende
873 1639 115 37 hafva
1015 1640 283 38 motionärerna
1325 1641 198 49 föreslagit
1546 1642 197 38 införande
1763 1644 40 36 af

214 1700 46 24 en
303 1689 234 38 arrenderätt
577 1693 48 48 på
666 1691 78 37 viss
785 1691 55 37 tid
868 1692 83 37 med
981 1692 217 50 ovillkorlig
1226 1693 239 50 optionsrätt,
1495 1708 44 23 en
1568 1695 232 38 arrenderätt

204 1754 81 23 som
327 1741 127 37 kunde
494 1743 125 37 ärfvas
662 1744 69 36 och
770 1744 86 37 med
885 1744 99 37 vissa
1012 1745 319 49 inskränkningar
1359 1750 48 46 gå
1434 1746 13 36 i
1476 1747 226 50 försäljning
1730 1749 65 36 och

204 1792 75 37 låta
320 1793 85 37 dess
445 1795 245 38 innehafvare
725 1796 151 37 komma
905 1797 11 35 i
945 1797 85 37 fullt
1057 1798 220 49 åtnjutande
1306 1799 41 35 af
1372 1799 64 36 sitt
1464 1799 126 37 arbete
1619 1800 70 37 och
1718 1801 82 36 sina

204 1847 21 33 å
250 1845 138 49 jorden
417 1846 188 50 nedlagda
636 1848 221 38 kostnader.
912 1849 87 37 Just
1027 1850 72 37 den
1127 1850 304 51 anmärkningen
1460 1852 104 37 torde
1593 1852 206 38 emellertid

203 1898 129 37 kunna
373 1899 119 37 riktas
533 1905 80 32 mot
655 1901 181 50 förslaget
877 1915 60 23 om
980 1903 448 49 egnahemslägenheters
1455 1905 230 49 upplåtande
1714 1906 84 36 med

203 1949 321 52 besittningsrätt,
554 1958 54 32 att
636 1954 84 36 med
750 1967 46 24 en
825 1954 116 37 sådan
968 1955 310 49 upplåtelseform
1306 1956 188 38 brukaren
1514 1958 190 49 svårligen
1723 1958 75 37 kan

203 2003 248 38 tillförsäkras
493 2005 90 37 fulla
625 2005 151 38 vinsten
819 2007 41 36 af
897 2006 62 38 det
1001 2007 138 50 arbete,
1182 2008 75 37 han
1299 2008 209 51 nedlägger
1534 2013 48 46 på
1611 2010 62 37 det
1701 2024 98 35 egna

202 2055 176 38 hemmet.
421 2057 68 36 Att
518 2058 112 37 döma
658 2059 41 36 af
723 2059 71 37 den
823 2059 225 49 erfarenhet,
1078 2074 87 22 man
1193 2061 135 36 vunnit
1351 2061 42 36 af
1409 2062 45 36 de
1472 2062 125 49 gamla
1617 2062 181 37 åborätts-

202 2109 291 49 upplåtelserna,
534 2110 126 50 ligger
693 2111 63 37 det
783 2117 91 31 nära
902 2112 57 36 till
987 2112 119 37 hands
1136 2118 53 31 att
1216 2113 128 37 befara
1372 2113 62 37 det
1461 2114 272 37 innehafvarne
1762 2117 42 34 af

203 2160 86 37 med
331 2161 311 50 besittningsrätt
682 2163 181 51 upplåtna
904 2164 145 37 mindre
1086 2164 429 51 jordbrukslägenheter
1554 2166 83 37 icke
1679 2167 119 37 skulle

202 2213 154 38 komma
385 2218 54 33 att
466 2214 13 36 i
507 2228 142 24 samma
678 2216 94 50 grad
802 2230 80 23 som
912 2217 44 36 de
984 2217 145 37 mindre
1154 2217 231 49 jordägarne
1413 2218 209 50 vinnlägga
1651 2220 62 48 sig
1736 2233 60 23 om

202 2265 59 36 sin
299 2266 110 48 jords
450 2267 230 49 förbättring
720 2268 70 37 och
831 2268 321 50 ändamålsenliga
1186 2269 254 51 bebyggande
1469 2270 89 38 eller
1586 2271 125 37 beflita
1740 2272 59 49 gig

202 2330 60 23 om
293 2323 54 32 att
375 2332 140 35 genom
545 2319 127 38 arbete
700 2320 69 37 och
799 2320 236 50 sparsamhet
1064 2321 69 38 öka
1164 2322 65 36 sitt
1257 2322 184 37 välstånd.
