2194 2622
1719 152 12 8 ”

578 153 412 43 Bevillningsutskottets
1018 152 217 34 betänkande
1264 152 52 33 Nr
1343 152 61 33 27.
1691 152 43 33 15

174 241 91 38 dens,
300 241 111 32 vilket
433 241 68 32 kan
523 240 45 32 ha
591 239 158 33 föranlett
773 239 197 32 kvarnarna
993 241 53 29 att
1069 238 12 31 1
1104 238 70 32 viss
1197 237 238 41 utsträckning
1458 236 105 33 ställa
1588 237 52 41 sig
1664 237 128 31 avvak-

173 283 102 32 tande
298 283 59 31 vid
380 283 286 42 upphandlingen.

309 326 67 31 Att
419 325 219 32 förhållanden
662 335 43 20 av
728 323 64 32 sist
815 322 152 42 antydda
990 324 57 29 art
1070 322 110 41 spelat
1203 322 45 41 in,
1273 332 102 31 synes
1399 321 11 31 i
1434 322 70 30 viss
1527 321 78 31 mån
1629 320 160 42 bestyrkt

174 378 42 19 av
250 367 185 42 uppgifter,
470 378 70 20 som
573 366 182 41 kollegium
783 365 139 32 erhållit
949 365 77 30 från
1050 366 17 29 7
1092 364 226 31 storkvarnar
1341 363 143 31 rörande
1506 363 40 31 de
1570 363 146 31 svenska
1740 363 47 30 in-

174 408 127 42 köpens
335 409 194 40 fördelning
562 409 43 41 på
628 408 93 31 olika
744 407 159 31 månader
927 406 107 31 under
1056 406 92 31 tiden
1168 406 68 41 juli
1261 404 262 42 1921—;januari
1549 406 91 36 1923,
1663 404 125 32 liksom

174 461 43 20 av
240 451 193 31 inhämtade
455 449 163 32 liknande
641 448 178 43 uppgifter
842 447 144 32 rörande
1010 447 244 42 försäljningen
1279 447 76 31 från
1379 449 49 29 ett
1451 446 96 31 antal
1574 446 213 32 lantmanna-

175 492 207 42 föreningar.
427 492 206 31 Kvarnarna
654 501 112 32 uppge
789 489 151 42 följande
964 489 350 42 inköpskvantiteter:

949 556 164 26 1921
1521 555 166 25 19922

858 609 65 24 Vete
1152 608 56 29 Råg
1428 607 65 23 Vete
1723 606 59 30 Råg

868 652 46 23 ton
1155 650 45 23 ton
1439 651 45 21 ton
1727 650 44 22 ton

172 703 57 25 Juli.
291 722 34 5 oo
354 721 476 5 sosse
557 696 116 41 rss
690 696 47 41 vv
754 696 17 41 os
788 696 47 41 sr
863 699 74 32 1,042
1165 698 51 27 555
1435 693 75 41 4,505
1739 696 52 26 939

173 746 116 29 Angusti
322 764 3 4 .
358 764 68 5 ...
455 762 375 7 soc.
620 738 121 41 scs.soc0
755 738 78 41 co.
847 741 90 32 18,237
1141 740 74 33 7,570
1435 739 74 32 4,019
1713 739 74 29 2,871

174 787 153 31 September
351 806 4 4 .
385 806 4 5 .
418 804 408 7 .sccocssosc
621 780 98 42 css
768 780 61 42 cc
842 784 92 31 21,869
1137 783 74 31 9,527
1417 781 92 32 16,388
1712 780 75 31 9,074

173 829 115 25 Oktober
319 847 6 7 .
356 848 1 5 .
386 849 5 4 .
420 848 38 5 ..
487 847 343 6 oss...
737 822 32 41 oc
786 822 47 41 or
861 826 73 30 6,761
1138 825 75 31 4,866
1418 823 91 32 15,992
1713 822 77 30 6,299

172 872 146 24 November
350 891 4 4 .
388 890 33 5 ..
458 890 30 4 oc
518 888 308 7 soccssao
720 865 46 40 ss
783 865 45 40 cc
858 863 78 41 7,053
1135 867 76 31 3,135
1416 865 93 33 15,713
1712 865 78 31 8,115

173 914 141 24 December
364 932 59 4 oo
486 931 73 5 oss
587 930 242 6 orre
784 907 48 40 sa
843 909 92 32 10,298
1139 908 73 32 4,937
1418 907 89 32 10,071
1713 906 75 31 6,937

308 973 206 37 Översikten
547 979 101 37 visar,
684 979 52 29 att
768 976 164 42 inköpens
966 975 194 41 fördelning
1216 975 20 31 på
1259 974 94 32 olika
1376 973 162 33 månader
1561 973 119 32 hösten
1705 974 81 31 1921

172 1022 125 31 företer
320 1019 192 44 betydande
534 1019 191 32 avvikelser
747 1019 76 31 från
846 1017 238 32 motsvarande
1106 986 192 72 fördelning
1323 1018 92 30 1922.
1439 1015 154 33 Skörden
1610 1015 77 32 kom
1705 1017 80 30 1921

170 1063 108 41 tidigt
311 1063 12 31 i
356 1062 218 37 marknaden,
609 1061 60 32 och
702 1060 108 32 under
843 1060 139 42 augusti
1004 1059 61 32 och
1089 1059 186 42 september
1298 1058 118 43 gjorde
1438 1058 195 31 kvarnarna
1655 1057 132 41 ganska

171 1105 194 43 betydande
387 1105 113 41 inköp,
524 1103 229 42 sammanlagt
776 1104 113 37 57,203
911 1105 69 35 ton,
1004 1102 119 31 medan
1147 1101 121 32 siffran
1294 1102 91 37 1922,
1410 1100 111 32 delvis
1544 1100 59 31 väl
1626 1099 164 32 beroende

173 1148 43 42 på
239 1147 162 32 skördens
424 1157 80 21 sena
527 1146 60 32 och
610 1145 116 42 dåliga
749 1145 176 41 bärgning,
950 1144 165 32 stannade
1126 1144 58 31 vid
1200 1144 114 35 32,352
1331 1145 69 30 ton.
1446 1142 117 32 Under
1579 1142 207 31 månaderna

173 1189 361 33 oktober—november
556 1199 62 20 var
639 1186 233 33 förhållandet
894 1189 146 29 omvänt.
1085 1186 153 42 Inköpen
1269 1187 81 30 1921
1374 1184 161 42 utgjorde
1558 1184 90 31 blott
1671 1185 117 38 22,415

170 1235 60 29 ton
264 1242 75 21 men
373 1233 81 30 1922
477 1231 115 38 46,119
615 1232 68 29 ton.
727 1229 76 32 Den
825 1229 160 42 påvisade
1007 1228 172 32 olikheten
1201 1227 285 41 sammanhänger
1508 1225 198 42 naturligen
1728 1226 58 31 till

171 1273 71 32 viss
276 1274 86 42 grad
385 1273 73 32 med
481 1275 53 30 att
557 1272 145 32 skörden
726 1273 91 37 1922,
841 1272 109 30 såsom
972 1282 84 30 nyss
1079 1272 143 40 antytts,
1246 1270 77 32 kom
1346 1271 76 30 sent
1445 1280 75 21 men
1544 1268 134 32 tillåter
1700 1278 86 21 sam-

172 1315 108 42 tidigt
302 1315 64 31 den
389 1314 196 38 slutsatsen,
609 1316 55 29 att
686 1315 198 30 kvarnarna
903 1312 179 32 senhösten
1100 1313 79 31 1921
1196 1312 118 41 intogo
1330 1323 41 20 en
1387 1311 216 32 avvaktande
1618 1309 167 42 hållning.

173 1357 184 42 Intrycket
379 1357 108 31 härav
510 1355 187 33 förstärkes
720 1366 43 20 av
786 1357 53 29 att
860 1354 149 43 inköpen
1031 1365 44 20 av
1098 1356 73 29 vete
1194 1353 12 32 i
1229 1353 139 32 oktober
1390 1353 61 31 och
1475 1352 179 32 november
1676 1352 111 41 enligt

174 1400 40 31 de
247 1399 159 32 inkomna
439 1398 225 48 uppgifterna
686 1402 58 26 äro
766 1396 106 42 lägre,
896 1396 158 32 stundom
1076 1395 100 42 högst
1197 1395 185 43 betydligt,
1406 1400 43 26 än
1472 1394 110 32 under
1603 1394 115 41 någon
1742 1403 43 21 av

172 1442 40 31 de
234 1444 152 30 närmast
406 1441 152 42 följande
580 1443 17 29 7
622 1438 211 33 månaderna.
878 1438 189 32 Maximum
1090 1437 125 33 nåddes
1239 1437 61 32 här
1322 1437 11 32 i
1356 1447 91 22 mars
1463 1436 60 33 och
1539 1435 89 44 april
1644 1435 75 32 med
1735 1437 52 30 ett

172 1483 105 44 inköp
301 1494 43 21 av
366 1494 86 41 resp.
477 1483 113 38 15,308
613 1481 61 32 och
699 1482 111 37 10,831
834 1482 60 31 ton
917 1483 85 29 vete.

307 1526 52 32 De
391 1526 76 31 från
501 1525 93 32 vissa
614 1523 474 41 lantmannaorganisationer
1109 1522 192 32 inhämtade
1324 1521 224 43 uppgifterna
1570 1519 214 33 beträffande

173 1571 88 29 vete-
285 1568 60 32 och
368 1566 310 44 rågförsäljningen
701 1566 195 31 månadsvis
918 1567 35 30 te
977 1564 56 42 sig
1055 1564 51 33 för
1128 1575 115 21 senare
1265 1563 157 33 halvåret
1446 1564 80 31 1921
1551 1563 59 31 och
1635 1563 80 31 1922
1739 1563 47 41 på

172 1610 151 42 följande
346 1612 78 29 sätt.

946 1658 165 26 1921
1516 1656 65 26 1.9
1616 1656 15 25 2
1666 1656 16 25 2

856 1711 64 24 Vete
1149 1710 58 30 Råg
1426 1709 64 24 Vete
1719 1707 58 30 Råg

864 1754 45 23 ton
1151 1753 46 23 ton
1434 1752 46 23 ton
1721 1750 47 23 ton

170 1807 59 24 Juli.
285 1801 18 39 os
317 1825 37 5 os
385 1801 104 39 sosse
551 1823 106 5 sr
719 1823 39 5 rr
787 1823 38 5 es
883 1801 50 26 224
1161 1801 49 26 257
1455 1800 50 26 746
1733 1799 52 25 748

170 1849 116 31 Augosti
318 1868 4 5 .
350 1868 5 4 .
386 1867 69 5 oso
486 1867 70 4 oss
617 1866 74 5 rs
720 1866 38 4 es
788 1865 37 5 es
857 1844 76 32 3,022
1135 1843 75 32 5,187
1431 1842 75 33 1,598
1709 1840 75 32 1,286

172 1891 152 32 September
347 1910 5 4 .
383 1910 2 4 .
416 1909 104 5 css
550 1907 273 6 scr
716 1886 47 41 or
780 1886 47 41 ss
854 1886 76 32 5,578
1132 1885 76 33 8,250
1428 1880 76 41 2,064
1708 1883 77 31 2,510

172 1933 117 25 Oktober
314 1952 7 6 .
353 1952 33 4 oo
416 1949 409 7 sosse
750 1928 79 39 res
858 1928 73 32 1,929
1135 1923 73 42 1,681
1428 1923 74 40 2,831
1707 1925 77 32 2,145

170 1975 146 25 November
347 1994 4 5 .
385 1994 67 4 ...
482 1992 340 6 oss
716 1970 45 39 ss
782 1970 43 39 oc
856 1971 74 31 1,566
1133 1970 72 32 1161
1427 1969 76 32 2,348
1706 1967 74 32 1,941

170 2018 140 24 December
345 2036 6 5 .
382 2036 102 5 soo
548 2035 37 5 ss
615 2012 15 39 ss
648 2012 16 39 so
682 2034 38 5 se
749 2012 38 39 ror
816 2034 5 5 a
853 2009 75 40 2,020
1132 2012 73 33 1,621
1426 2011 76 32 2,708
1704 2010 77 32 2,459

306 2082 164 33 Siffrorna
503 2083 116 31 utvisa
641 2082 12 31 i
676 2081 180 32 huvudsak
879 2091 127 21 samma
1028 2080 140 32 tendens
1192 2090 70 21 som
1285 2080 213 31 kvarnarnas
1520 2076 259 50 inköpsuppgif-

170 2128 62 29 ter.
277 2125 116 33 Under
416 2124 206 33 månaderna
648 2122 241 43 januari—maj
916 2124 81 31 1922
1020 2122 149 43 uppgick
1185 2121 249 43 försäljningen
1451 2120 194 32 månadsvis
1661 2131 11 20 i
1688 2119 95 42 regel

169 2168 56 31 till
247 2170 110 30 större
379 2166 121 44 belopp
523 2172 43 26 än
589 2177 106 21 under
716 2166 94 31 tiden
832 2164 359 33 oktober—december
1215 2165 79 31 1921
1318 2164 76 32 med
1418 2163 185 32 maximum
1626 2163 52 31 för
1694 2165 88 35 vete,

170 2211 94 37 2,664
286 2212 67 37 ton,
383 2210 6 31 i
412 2219 91 22 mars
526 2209 61 32 och
608 2209 54 32 för
683 2208 71 42 råg,
778 2208 92 38 2,458
893 2209 70 37 ton,
987 2207 12 31 i
1022 2206 99 43 april.
