1878 2834
471 164 116 30 Andra
611 163 239 36 lagutskottets
877 163 176 30 utlåtande
1078 163 48 30 Nr
1149 164 49 30 42.
1550 157 37 31 11

80 249 133 35 seende,
233 251 94 34 parts
346 248 164 37 felaktiga
528 248 140 36 uppgift
700 247 82 31 eller
799 257 118 21 annan
935 247 196 36 anledning,
1151 247 88 31 skall
1258 246 189 31 emellertid
1464 246 123 30 nämn-

76 299 69 30 den
166 299 87 37 själv
276 299 169 31 förordna
464 308 57 21 om
540 299 148 30 rättelse.
713 298 185 31 Dessutom
920 298 89 31 skall
1029 298 176 30 nämnden
1225 298 121 30 kunna
1367 300 154 33 upptaga
1541 299 47 28 ett

80 350 135 37 avgjort
237 350 128 31 ärende
388 350 50 30 till
462 359 46 27 ny
532 349 180 37 prövning,
736 348 45 32 då
805 349 183 36 väsentligt
1011 348 154 31 ändrade
1188 348 244 31 förhållanden
1457 347 130 30 inträtt.

126 400 220 32 Ordförande
365 401 66 30 och
451 401 191 30 ledamöter
662 400 10 30 i
690 400 240 37 hyresnämnd
948 400 98 30 skola
1068 399 135 37 åtnjuta
1223 399 132 36 skäliga
1375 398 151 31 arvoden
1546 407 44 21 av

80 453 224 35 kommunen,
326 462 76 21 som
422 453 86 29 även
528 452 89 30 skall
638 451 121 31 anvisa
777 451 226 36 erforderliga
1022 451 112 30 medel
1152 450 52 30 till
1222 450 98 31 löner
1340 449 35 32 åt
1394 449 194 31 nämndens

76 502 345 37 befattningshavare
446 503 65 30 och
534 502 118 36 övriga
677 502 187 30 kostnader
892 502 55 30 för
972 501 193 31 nämndens
1191 501 229 30 verksamhet.

125 553 678 37 Tillämpningsföreskrifter
841 553 52 30 till
931 552 100 37 lagen
1069 552 98 31 skola
1207 551 159 31 utfärdas
1394 560 43 21 av
1465 549 121 37 Kungl.

77 604 104 37 Maj:t
200 605 93 37 eller,
314 604 88 32 efter
421 605 122 35 Kungl.
565 604 118 36 Maj:ts
703 604 289 36 bemyndigande,
1013 613 42 21 av
1075 603 283 36 socialstyrelsen.

125 655 418 37 Lagstiftningens
573 654 396 31 ikraftträdande
1001 653 89 31 skall
1111 653 105 36 enligt
1237 652 164 37 förslaget
1422 652 60 31 ske
1503 654 86 28 utan

77 706 182 37 dröjsmål,
277 707 66 30 och
358 706 322 37 hyresnämnderna
699 705 98 32 skola
813 704 102 37 börja
933 705 53 30 sin
1002 704 221 31 verksamhet
1239 703 39 31 så
1296 707 96 28 snart
1408 712 75 21 som
1500 701 87 37 möj-

79 757 70 37 ligt.
174 757 96 31 Dock
293 757 88 31 skall
402 756 213 37 regleringen
638 765 42 22 av
700 756 264 36 hyrespriserna
985 755 76 31 icke
1081 764 81 21 avse
1184 754 109 31 sådan
1314 754 98 36 hyra,
1435 762 74 21 som
1530 753 57 30 be-

81 809 96 36 löper
198 808 45 37 på
264 808 94 31 tiden
381 807 75 31 före
478 807 66 30 den
568 807 15 29 1
607 807 145 30 oktober
776 806 93 31 1942.
913 805 64 31 Det
1000 805 40 31 är
1059 808 118 34 avsett,
1200 808 49 27 att
1271 803 317 38 hyresregleringen

78 860 90 30 skall
188 860 119 29 kunna
327 858 176 37 tillämpas
525 859 87 29 även
632 857 47 37 på
699 857 101 36 avtal,
823 866 75 21 som
919 856 127 37 ingåtts
1067 856 76 30 före
1162 856 116 36 lagens
1299 854 288 31 ikraftträdande.

81 910 132 37 Lagens
232 910 224 36 giltighetstid
475 909 65 30 har
559 909 11 30 i
590 908 164 37 förslaget
773 908 202 36 begränsats
994 907 52 31 till
1065 907 66 30 den
1153 907 41 30 30
1215 906 195 36 september
1431 906 93 30 1943.

123 1005 90 36 Över
232 1010 258 37 promemorian
509 1010 47 30 ha
566 1008 309 38 remissyttranden
886 1008 190 30 infordrats
1096 1006 80 32 från
1187 1006 284 37 socialstyrelsen,
1483 1005 104 36 bygg-

77 1062 268 36 nadsstyrelsen,
373 1060 375 36 kommerskollegium,
776 1062 129 28 statens
932 1058 368 37 priskontrollnämnd,
1328 1059 129 28 statens
1483 1056 103 36 bygg-

80 1111 264 37 nadslånebyrå,
368 1114 128 28 statens
518 1109 547 36 arbetsmarknadskommission,
1091 1109 82 29 1940
1196 1107 55 32 års
1273 1107 101 31 civila
1394 1106 193 37 byggnads-

79 1162 195 37 utredning,
300 1163 83 29 1940
409 1161 55 31 års
487 1161 151 30 militära
659 1159 376 38 byggnadsutredning,
1062 1159 81 30 1941
1172 1158 55 31 års
1250 1156 337 37 befolkningsutred-

79 1213 94 36 ning,
193 1212 415 31 överståthållarämbetet
625 1212 66 29 och
709 1210 159 37 samtliga
888 1209 247 37 länsstyrelser.
1156 1209 100 30 Flera
1275 1217 42 22 av
1336 1207 251 36 länsstyrelser-

80 1273 46 21 na
146 1264 46 29 ha
213 1263 173 30 inhämtat
408 1261 202 32 utlåtanden
632 1261 80 31 från
732 1261 117 30 lokala
872 1259 242 37 myndigheter
1135 1260 65 29 och
1223 1257 364 36 sammanslutningar.

124 1313 179 37 Därjämte
321 1314 47 30 ha
386 1313 185 36 yttranden
589 1313 81 29 över
689 1311 259 37 promemorian
966 1310 87 31 efter
1071 1310 121 30 remiss
1211 1308 144 37 avgivits
1376 1318 43 21 av
1438 1308 149 31 svenska

78 1364 295 36 stadsförbundet,
396 1364 147 30 svenska
564 1363 376 30 landskommunernas
962 1361 162 36 förbund,
1149 1360 153 36 Sveriges
1324 1359 261 36 fastighetsäga-

79 1415 200 35 reförbund,
303 1415 282 36 hyresgästernas
606 1406 239 42 riksförbund,
868 1405 282 43 hyresgästernas
1173 1411 196 36 sparkasse-
1393 1410 66 30 och
1481 1409 104 36 bygg-

79 1465 306 36 nadsföreningars
418 1463 238 36 riksförbund,
692 1463 152 36 Sveriges
878 1461 367 37 köpmannaförbund,
1280 1460 148 30 svenska
1461 1459 127 30 arbets-

77 1514 334 37 givareföreningen,
454 1513 382 36 landsorganisationen
880 1512 11 30 i
936 1511 144 37 Sverige,
1123 1510 225 37 kooperativa
1391 1509 197 35 förbundet,

79 1564 308 36 stadskollegierna
406 1564 10 29 i
436 1563 202 31 Stockholm
658 1563 64 30 och
743 1562 180 36 Göteborg,
944 1562 316 30 drätselkamrarna
1280 1561 9 30 i
1309 1560 140 36 Malmö,
1470 1559 118 35 Borås,

79 1613 205 37 Linköping,
308 1613 210 37 Jönköping,
542 1613 193 36 Karlskoga
756 1613 66 30 och
845 1611 107 32 Luleå
975 1613 165 30 ävensom
1163 1610 158 37 samtliga
1344 1610 244 31 handelskam-

79 1674 97 21 mare
205 1668 98 26 utom
335 1664 306 30 Västernorrlands
673 1664 65 30 och
770 1663 196 30 Jämtlands
997 1663 76 30 läns
1103 1662 337 30 handelskammare.
1473 1660 114 31 Stads-

80 1714 210 36 kollegierna
321 1714 11 30 i
364 1714 201 30 Stockholm
597 1714 66 30 och
694 1713 170 36 Göteborg
895 1714 46 29 ha
972 1712 132 37 bifogat
1135 1712 202 31 utlåtanden
1369 1711 79 31 från
1479 1711 110 30 andra

79 1764 228 30 kommunala
330 1772 117 28 organ.
473 1764 191 30 Yttranden
688 1764 44 30 ha
755 1764 88 30 även
865 1763 186 30 inkommit
1072 1762 81 31 från
1174 1763 136 36 privata
1333 1761 255 37 hyresförmed-

79 1813 224 37 lingsföretag
329 1817 91 27 samt
445 1813 157 31 enskilda
628 1823 164 26 personer
818 1814 66 29 och
907 1813 364 36 sammanslutningar.

125 1863 14 29 I
156 1862 332 37 remissyttrandena
506 1864 64 29 har
589 1863 66 30 den
674 1863 11 30 i
703 1863 259 36 promemorian
981 1863 153 30 uttalade
1152 1863 135 31 åsikten
1305 1873 57 20 om
1379 1863 147 30 behovet
1545 1872 43 22 av

79 1913 274 36 hyresreglering
372 1913 135 30 biträtts
528 1913 82 29 eller
628 1913 148 30 lämnats
796 1916 84 27 utan
900 1913 139 30 erinran
1058 1922 42 21 av
1120 1913 159 36 samtliga
1299 1913 111 30 hörda
1431 1912 156 36 myndig-

79 1963 96 30 heter
200 1964 65 29 och
289 1963 357 36 sammanslutningar
669 1966 95 27 utom
790 1963 484 36 fastighetsägareförbundet.
1302 1962 137 30 Jämväl
1463 1963 41 30 de
1528 1963 59 29 all-

80 2013 130 31 männa
231 2013 151 36 grunder
402 2013 56 30 för
476 2013 270 36 lagstiftningen,
768 2023 75 20 som
867 2012 192 32 innehållas
1080 2013 11 29 i
1113 2013 268 36 promemorian,
1404 2014 46 29 ha
1471 2012 11 30 i
1503 2015 85 28 stort

81 2066 64 27 sett
164 2063 181 37 tillstyrkts
366 2064 83 29 eller
466 2064 149 30 lämnats
634 2066 85 27 utan
741 2064 148 29 erinran.
913 2064 13 29 I
947 2063 98 36 fråga
1066 2073 57 20 om
1143 2064 56 30 det
1218 2064 160 29 närmare
1399 2062 189 31 innehållet

79 2114 11 28 i
110 2114 332 35 remissyttrandena
464 2113 56 31 får
538 2113 169 31 utskottet
726 2113 146 31 hänvisa
897 2113 51 30 till
968 2113 260 36 propositionen
1249 2123 43 20 nr
1312 2114 61 29 301
1403 2109 76 37 (sid.
1501 2114 88 29 21—

80 2164 42 30 45
144 2167 90 27 samt
252 2164 223 30 beträffande
494 2163 159 37 speciella
673 2163 116 37 frågor
810 2164 62 30 sid.
895 2164 156 36 60—91).

126 2262 135 37 Frågan
281 2273 57 19 om
359 2263 236 36 beräkningen
614 2272 43 21 av
673 2263 192 36 ersättning
883 2263 55 30 för
958 2263 117 29 värme
1093 2264 65 29 och
1180 2265 216 28 varmvatlen
1416 2263 72 30 har'
1500 2262 88 30 varit

82 2312 146 31 föremål
246 2313 56 29 för
320 2312 149 30 särskild
488 2312 194 36 utredning.
703 2312 129 30 Genom
852 2312 112 30 beslut
983 2312 65 30 den
1072 2313 37 28 12
1130 2313 194 35 september
1344 2312 80 29 1941
1446 2312 141 35 bemyn-

81 2362 122 36 digade
227 2362 122 35 Kungl.
375 2361 103 36 Maj:t
499 2361 123 31 chefen
645 2362 56 29 för
723 2361 379 36 socialdeparlementet
1127 2364 49 27 alt
1200 2362 145 29 tillkalla
1369 2361 219 35 sakkunniga

82 2412 54 30 för
159 2415 48 27 att
229 2412 95 29 inom
348 2412 271 35 departementet
641 2411 136 30 biträda
799 2412 80 29 med
900 2420 43 21 en
968 2410 135 38 allsidig
1124 2410 185 37 utredning
1330 2420 43 21 av
1395 2411 66 30 den
1484 2411 104 30 reella

82 2461 414 36 bränsleförbrukningen
517 2462 65 29 och
603 2460 193 31 kostnaden
819 2461 123 30 härför
961 2460 94 30 inom
1077 2460 93 31 olika
1192 2461 209 36 fastigheter.
1426 2460 48 31 De
1496 2460 10 30 i
1528 2470 59 22 an-
