1856 2774
455 168 298 35 Statsutskottets
774 168 183 34 utlåtande
976 181 40 21 nr
1033 171 45 30 88
1096 169 38 32 år
1153 170 88 31 1959
1573 170 18 30 9

101 249 11 34 i
132 250 160 42 Uppsala
311 250 65 33 och
395 249 176 33 Eneroths
591 249 106 41 högre
717 248 445 34 handarbetsseminarium
1182 247 10 34 i
1212 247 205 34 Stockholm
1438 247 156 33 ansluter

101 294 73 42 mig
195 294 52 33 till
268 294 272 42 överstyrelsens
562 293 194 42 beräkning
777 305 45 21 av
843 305 43 21 en
907 292 185 43 intagning
1113 304 45 22 av
1179 296 42 29 24
1243 292 198 43 respektive
1462 295 43 30 42
1527 292 66 33 ele-

102 351 72 28 ver,
205 339 121 40 skulle,
355 339 81 33 med
466 339 68 33 den
564 350 84 31 nyss
680 338 152 42 angivna
863 337 189 34 maximala
1083 336 228 43 intagningen
1342 336 59 33 vid
1432 336 160 33 Norden-

103 383 80 34 felts
210 383 455 39 handarbetsseminarium,
693 383 60 33 det
781 383 114 33 totala
921 382 136 33 antalet
1083 381 196 43 nyintagna
1306 381 113 33 elever
1445 380 11 34 i
1481 380 112 34 hand-

104 428 414 33 arbetslärarinnekurser
539 431 104 30 nästa
664 427 91 33 läsår
775 427 122 33 kunna
918 427 118 42 uppgå
1057 426 52 33 till
1133 429 76 30 158.

148 482 67 42 Jag
238 482 58 32 vill
319 482 9 33 i
351 481 100 34 detta
474 481 257 42 sammanhang
751 480 114 34 erinra
887 493 58 21 om
967 480 61 33 det
1050 492 46 21 av
1118 479 185 42 riksdagen
1325 478 208 43 föregående
1556 478 38 33 år

104 527 37 33 åt
161 527 131 41 Kungl.
312 526 111 41 Maj:t
442 526 163 33 lämnade
626 525 301 43 bemyndigandet
947 529 55 31 att
1022 524 146 42 vidtaga
1187 523 223 42 erforderliga
1431 523 163 42 åtgärder

103 571 53 33 för
172 571 272 42 genomförande
461 583 44 21 av
521 570 134 34 sådana
671 569 202 43 ytterligare
890 569 170 42 ökningar
1076 581 45 21 av
1137 568 305 42 elevintagningen
1456 567 11 33 i
1482 567 111 34 hand-

104 615 414 34 arbetslärarinnekurser
542 615 10 33 i
577 614 204 42 anslutning
804 614 52 33 till
881 613 184 42 befintliga
1089 613 211 39 seminarier,
1325 625 74 21 som
1422 613 72 33 kan
1518 612 76 33 visa

104 660 51 43 sig
170 660 154 42 möjliga.
340 660 73 33 Det
429 659 99 34 torde
545 662 90 30 även
652 659 86 33 böra
754 671 85 20 vara
854 658 133 42 Kungl.
1002 657 113 42 Maj:t
1130 658 166 41 obetaget
1312 662 55 29 att
1381 656 123 42 medge
1520 668 73 21 om-

103 704 196 43 fördelning
323 704 128 33 mellan
477 703 249 34 seminarierna
751 715 45 21 av
821 703 42 34 de
889 714 47 22 nu
962 702 201 34 beräknade
1188 700 405 43 intagningsavdelning-

103 762 87 21 arna
213 750 65 33 och
303 748 170 34 särskilda
496 747 360 42 medelsanvisningar
880 746 130 40 härför,
1035 759 58 21 om
1118 747 38 33 så
1181 746 110 33 skulle
1315 746 75 33 visa
1414 745 51 42 sig
1488 745 105 33 erfor-

103 795 126 42 derligt
249 794 53 33 för
322 799 53 28 ett
395 792 273 44 genomförande
690 805 45 20 av
755 792 127 42 högsta
901 791 144 42 möjliga
1066 791 114 33 totala
1199 790 395 43 intagningskapacitet.

149 847 356 42 Skolöverstyrelsens
538 846 130 41 förslag
700 858 57 21 om
789 858 43 21 en
865 844 213 35 fördubblad
1111 844 184 42 intagning
1325 847 104 30 nästa
1460 844 92 33 läsår
1583 842 11 34 i

103 891 522 34 barnavårdslärarinnekursen
643 890 60 33 vid
721 890 207 33 fackskolan
946 901 100 22 anser
1062 889 60 43 jag
1138 889 72 42 mig
1227 889 86 33 böra
1330 888 151 34 biträda.
1497 888 97 33 Den-

101 949 47 21 na
171 937 130 42 ökning
324 936 78 33 från
428 939 40 30 12
493 935 52 34 till
570 939 42 29 24
637 935 114 33 elever
773 935 71 33 kan
867 933 222 43 genomföras
1113 934 126 33 endast
1262 946 75 21 som
1360 945 43 21 en
1426 933 168 42 engångs-

102 982 125 42 åtgärd
252 982 65 33 och
340 993 125 30 genom
490 980 181 33 anlitande
695 979 10 33 i
730 979 176 43 betydligt
930 978 93 34 ökad
1047 978 218 42 omfattning
1288 990 45 21 av
1357 977 147 43 sjukhus
1529 977 66 33 och

103 1026 291 34 barnavårdande
417 1025 241 33 institutioner
680 1024 11 33 i
714 1023 217 35 Stockholm.

147 1081 68 33 Vid
235 1081 41 33 de
296 1079 377 41 medelsberäkningar,
694 1091 74 21 som
789 1077 388 43 departementschefen
1197 1077 10 33 i
1227 1077 60 34 det
1306 1076 155 42 följande
1481 1076 111 33 under

103 1125 197 42 respektive
331 1123 299 43 anslagsrubriker
658 1123 189 38 redovisar,
877 1122 103 42 utgår
1011 1121 388 42 departementschefen
1428 1121 77 33 från
1537 1125 55 28 att

103 1169 306 42 elevintagningen
437 1168 129 33 läsåret
596 1167 156 42 1939/60
781 1167 10 33 i
820 1168 42 33 de
890 1167 65 33 här
983 1167 150 33 berörda
1159 1166 169 33 kurserna
1356 1166 66 33 blir
1450 1166 67 32 den
1547 1177 44 21 av

102 1214 131 34 honom
260 1213 210 34 beräknade.
495 1213 74 32 Det
595 1212 113 33 ökade
734 1211 214 34 elevantalet
973 1210 198 34 föranleder
1197 1210 124 34 därvid
1347 1210 109 34 bland
1482 1214 111 29 annat

103 1271 43 20 en
172 1258 224 42 uppräkning
421 1270 44 21 av
492 1257 168 42 bidragen
686 1256 52 34 till
765 1256 280 33 driftkostnader
1069 1255 62 34 vid
1155 1255 43 33 de
1223 1255 75 33 icke
1324 1254 143 42 statliga
1492 1254 100 34 semi-

102 1303 172 33 narierna.

148 1356 115 33 Bland
292 1356 41 34 de
361 1355 54 33 för
442 1354 250 34 seminarierna
718 1365 262 31 gemensamma
1007 1352 166 42 frågorna
1199 1353 74 39 har,
1302 1352 114 34 såsom
1444 1351 148 42 tidigare

102 1400 207 39 redovisats,
335 1399 333 41 skolöverstyrelsen
694 1398 167 42 upptagit
886 1397 93 33 vissa
1003 1397 130 41 förslag
1157 1409 58 21 om
1253 1396 246 42 slopande
1537 1408 56 20 av

102 1443 353 42 elevavgifter
481 1443 358 33 ochomcentral
868 1441 406 41 elevintagning.
1301 1440 291 42 Departements-

102 1488 124 33 chefen
250 1488 155 33 ansluter
428 1487 50 43 sig
500 1487 53 33 för
577 1499 86 30 egen
686 1487 54 33 del
764 1486 52 34 till
840 1486 70 33 vad
934 1486 255 41 överstyrelsen
1213 1485 10 33 i
1247 1486 100 33 dessa
1369 1485 223 33 hänseenden

102 1532 189 42 föreslagit.
315 1530 401 44 Departementschefen
740 1530 159 34 förordar
923 1530 159 39 sålunda,
1107 1535 55 28 att
1185 1542 47 21 nu
1257 1530 174 41 utgående
1455 1529 138 33 elevav-

100 1577 105 41 gifter
227 1578 10 32 i
262 1576 474 39 skolkökslärarinnekurser,
760 1574 543 39 lanthushållslärarinnekurser,
1327 1574 266 33 handarbetslä-

102 1622 262 33 rarinnekurser
382 1621 65 34 och
467 1619 518 35 barnavårdslärarinnekurser
1004 1619 78 33 från
1103 1619 65 33 och
1187 1620 81 32 med
1287 1619 128 33 läsåret
1437 1618 156 40 1959/60

103 1666 190 34 successivt
318 1667 126 41 slopas,
468 1666 82 33 med
574 1664 126 42 början
724 1665 158 33 nämnda
905 1664 91 33 läsår
1020 1664 55 32 för
1099 1664 41 33 de
1166 1664 10 32 i
1201 1664 110 33 första
1338 1663 184 34 årskursen
1548 1675 45 21 av

103 1711 197 42 respektive
327 1710 202 42 utbildning
553 1709 197 43 nyintagna
777 1709 171 39 eleverna,
975 1708 66 33 och
1069 1713 55 28 att
1151 1708 247 33 seminarierna
1424 1708 169 40 kompen-

103 1767 93 22 seras
219 1755 53 33 för
294 1755 101 34 detta
416 1753 301 34 inkomstbortfall
741 1765 125 30 genom
890 1765 43 21 en
955 1752 132 42 ökning
1110 1765 45 20 av
1179 1753 41 33 de
1245 1752 143 42 statliga
1411 1752 182 34 driftkost-

104 1799 269 42 nadsbidragen.
404 1798 265 42 Överstyrelsen
699 1798 64 33 har
793 1798 175 33 beräknat
998 1798 67 32 den
1097 1797 267 41 sammanlagda
1394 1797 199 40 anslagsök-

103 1844 129 41 ningen
250 1844 54 33 för
321 1844 114 33 denna
453 1843 125 41 åtgärd
595 1862 46 4 —
658 1842 117 33 vilken
793 1841 30 42 ej
845 1842 101 33 berör
964 1846 135 28 statens
1118 1840 391 34 skolköksseminarium
1528 1840 65 33 och

104 1888 198 33 seminariet
325 1888 10 32 i
356 1887 125 39 Umeå,
503 1887 63 33 där
587 1887 82 41 inga
691 1885 150 42 avgifter
863 1890 172 37 upptages
1059 1897 44 21 av
1125 1885 161 33 eleverna
1307 1885 9 32 i
1338 1885 255 32 lärarinnekur-

105 1944 101 21 serna
224 1953 45 3 —
288 1932 51 33 till
362 1935 41 29 64
419 1934 65 30 700
504 1931 140 33 kronor.
666 1930 68 33 Vid
756 1929 237 42 beräkningen
1016 1941 44 21 av
1081 1930 238 32 kostnaderna
1341 1929 53 32 för
1415 1930 66 32 den
1503 1929 90 33 elev-

104 1976 131 41 ökning
260 1979 125 30 utöver
409 1975 273 41 överstyrelsens
708 1974 139 41 förslag,
873 1986 74 21 som
973 1973 387 42 departementschefen
1386 1973 10 33 i
1421 1974 60 32 det
1506 1973 88 33 före-

104 2021 133 39 gående
264 2020 168 36 förordat,
459 2020 63 32 har
548 2019 138 41 hänsyn
713 2018 107 41 tagits
848 2022 89 29 även
965 2018 51 33 till
1044 2018 339 33 inkomstbortfallet
1409 2018 46 41 på
1481 2018 112 40 grund

105 2077 45 20 av
179 2065 141 41 slopade
349 2064 239 40 elevavgifter.
617 2063 79 33 Den
726 2063 185 33 förordade
941 2062 281 41 avgiftsfriheten
1254 2062 110 39 torde,
1393 2062 201 33 framhåller

107 2108 398 42 departementschefen,
539 2108 87 32 böra
657 2107 221 41 genomföras
909 2107 132 41 jämväl
1076 2106 53 33 för
1160 2107 124 38 elever,
1317 2119 74 20 som
1423 2106 171 41 genomgå

106 2151 612 40 lanthushållslärarinneutbildning
749 2151 57 32 vid
840 2150 168 33 Fredrika
1038 2150 368 33 Bremer-förbundets
1438 2150 158 32 lanthus-

105 2196 399 41 hållningsseminarium
523 2197 47 40 på
589 2195 187 36 Rimforsa;
794 2195 133 40 Kungl.
945 2194 104 41 Maj:t
1074 2195 99 32 torde
1191 2195 108 40 enligt
1317 2195 277 40 departements-

105 2241 123 33 chefen
255 2241 7 32 i
290 2240 203 40 anslutning
517 2240 115 32 härtill
661 2240 86 32 böra
772 2242 62 38 äga
862 2239 122 40 medge
1011 2251 42 20 en
1081 2239 131 40 ökning
1237 2251 45 20 av
1308 2239 60 33 det
1394 2238 123 40 bidrag
1542 2239 50 32 till

106 2285 288 38 driftkostnader,
418 2297 74 20 som
516 2284 102 41 eljest
642 2284 109 31 skulle
774 2283 87 39 utgå
883 2282 51 33 till
960 2282 201 33 seminariet
1185 2295 40 19 ur
1249 2283 60 32 det
1333 2283 110 32 under
1467 2283 127 32 nionde

105 2329 226 32 huvudtiteln
352 2328 176 41 uppförda
546 2328 159 38 anslaget
724 2327 50 32 till
794 2327 202 32 Understöd
1018 2326 37 32 åt
1074 2326 515 40 lanthushållningsseminarict

106 2375 20 30 å
152 2372 186 34 Rimforsa.
362 2373 15 31 I
403 2371 147 40 enlighet
579 2372 80 32 med
684 2371 273 40 överstyrelsens
983 2370 129 40 förslag
1136 2370 157 33 förordar
1317 2371 277 39 departements-

105 2417 122 32 chefen
244 2418 130 34 vidare,
390 2421 48 28 att
459 2415 226 41 intagningen
703 2428 43 20 av
764 2415 113 32 elever
892 2414 50 33 till
959 2414 265 33 seminariernas
1241 2415 353 32 skolkökslärarinne-

105 2462 122 32 kurser
248 2462 62 31 och
335 2460 512 33 handarbetslärarinnekurser
870 2459 7 32 i
901 2458 273 40 fortsättningen
1199 2459 77 31 sker
1298 2459 144 32 centralt
1470 2471 124 26 genom

106 2505 271 41 överstyrelsens
399 2505 133 39 försorg
552 2504 88 32 efter
661 2504 138 32 samråd
821 2503 79 33 med
923 2502 398 35 seminarierektorerna,
1343 2503 77 32 med
1445 2503 148 40 tillämp-
