2176 2584
689 196 105 31 Stats-
802 195 170 32 Utskottets
1000 193 168 32 Utlåtande
1191 193 63 33 N:o
1278 195 53 30 31.
1774 197 14 26 1

935 683 77 41 N:o
1041 683 62 41 31.

800 844 82 31 Ank.
908 847 46 27 till
977 846 102 29 Riksd.
1103 846 102 29 Kansli
1230 848 54 28 den
1310 848 37 27 13
1372 848 85 36 April
1484 849 91 36 1830,
1598 850 41 28 kl.
1665 851 17 27 2
1707 859 24 20 e.
1756 859 37 20 m.

420 989 209 45 Utlätande,
663 991 15 34 i
712 990 200 48 anledning
946 991 46 48 af
1022 990 44 35 så
1097 990 57 35 väl
1183 991 132 48 Kongl.
1342 992 129 49 Maj:ts
1499 993 141 48 nådiga
1666 995 172 47 proposi-

619 1042 116 34 tioner
775 1053 76 22 som
893 1041 60 36 ock
992 1041 158 35 enskilde
1191 1043 237 35 motionärers
1457 1044 335 47 framställningar
1825 1046 14 35 i

611 1091 122 48 fråga
761 1104 56 22 om
846 1091 162 49 eftergift
1037 1092 45 47 af
1105 1092 158 36 kronans
1290 1097 70 32 rätt
1387 1093 55 36 till
1469 1095 99 35 vissa
1596 1095 177 49 danaarf.

1603 1195 44 46 (I.
1676 1194 61 48 A.)

351 1342 330 44 Stats-Utskottet,
710 1356 82 23 som
822 1343 71 36 fått
921 1343 55 35 till
1006 1343 231 47 behandling
1257 1349 191 42 emottaga
1467 1345 81 35 dels
1565 1344 134 48 Kongl.
1716 1344 124 49 Maj:ts

217 1396 57 35 till
309 1394 213 48 Riksdagen
551 1394 139 35 aflåtna
718 1394 136 46 nådiga
884 1394 280 47 propositioner
1193 1395 189 45 angående
1412 1394 170 49 eftergift
1611 1395 40 35 af
1677 1396 164 36 kronans

216 1451 76 30 rätt
333 1445 56 35 till
432 1443 169 45 danaarf,
635 1443 79 37 dels
749 1445 69 35 ock
847 1450 139 30 tvenne
1016 1444 40 35 af
1081 1444 171 36 enskilde
1282 1458 181 35 personer
1491 1447 11 33 i
1531 1446 181 35 likartadt
1740 1447 99 48 syfte

191 1496 88 36 "vid
322 1495 258 35 innevarande
622 1495 180 35 riksmöte
834 1494 138 48 gjorda
1000 1493 332 49 framställningar,
1361 1496 66 35 har
1456 1496 107 36 dessa
1592 1496 129 48 frågor
1748 1499 10 33 i
1787 1503 53 31 ett

217 1546 269 47 sammanhang
528 1545 163 36 förehaft
732 1546 69 35 och
836 1545 58 36 får
921 1545 84 35 dem
1036 1545 154 36 härmed
1219 1547 57 34 till
1304 1546 234 48 Riksdagens
1566 1547 180 49 pröfning
1774 1562 66 22 an-

215 1598 98 34 mäla
353 1601 97 31 samt
491 1595 130 36 dervid
663 1595 176 37 meddela
882 1595 46 36 de
969 1596 219 47 yttranden,
1218 1597 155 36 hvartill
1403 1598 127 46 hvarje
1559 1598 282 48 framställning

217 1653 143 30 ansetts
388 1646 211 36 föranleda:

354 1750 69 34 1:o.
480 1746 145 38 Genom
653 1753 227 31 testamente
909 1747 71 36 den
1011 1749 46 34 23
1087 1747 170 38 Oktober
1285 1749 95 35 1846
1398 1748 97 37 hade
1510 1748 131 36 Maria
1658 1750 182 37 Mattsson

218 1799 10 35 1
258 1798 255 48 Helsingborg
540 1798 210 44 förordnat,
780 1804 55 30 att
864 1798 97 36 efter
989 1798 137 36 hennes
1151 1799 73 35 död
1241 1799 141 35 hennes
1399 1799 111 36 oäkta
1526 1800 127 36 dotter
1669 1799 174 38 Carolina

220 1850 161 43 Amalia,
408 1848 74 49 gift
514 1848 86 36 med
630 1847 365 38 Grosshandlanden
1025 1847 84 37 Carl
1139 1847 139 38 Gustaf
1302 1848 123 45 Pfeiff,
1453 1856 99 30 samt
1580 1851 117 47 ogifta
1727 1837 166 51 Maria”

219 1900 203 36 Hellström
464 1899 121 36 skulle
622 1912 70 33 ega
719 1905 56 30 att
804 1899 78 36 dels
911 1912 44 22 ur
984 1898 117 36 Maria
1129 1899 205 37 Mattssons
1365 1899 46 36 bo
1440 1905 129 43 uttaga
1599 1902 69 35 och
1697 1903 56 34 till
1781 1916 61 35 ge-

219 1958 187 29 mensamt
446 1950 99 35 bruk
588 1949 122 36 under
738 1950 112 35 deras
883 1949 117 36 lifstid
1031 1950 198 47 disponera
1257 1951 146 34 lösören
1432 1951 57 35 till
1518 1952 94 35 visst
1642 1953 200 48 uppgifvet

217 2001 129 44 värde,
389 2001 81 35 dels
513 2000 69 36 ock
625 1999 120 36 under
787 2000 109 36 deras
925 1999 120 36 lifstid
1074 2001 139 48 årligen
1244 2000 171 48 uppbära
1444 2001 264 49 afkastningen
1737 2003 39 36 af
1803 2007 39 32 så

218 2052 60 35 väl
320 2052 69 35 den
419 2051 120 49 öfriga
568 2052 79 34 lösa
678 2046 246 58 egendomen,
953 2051 153 41 hvilken
1136 2051 117 36 borde
1281 2051 215 37 förvandlas
1525 2053 11 34 i
1565 2053 277 37 räntebärande

218 2102 154 48 kapital,
413 2115 82 23 som
538 2102 69 35 ock
636 2101 39 36 af
700 2101 119 36 Maria
848 2100 206 37 Mattssons
1082 2101 185 36 kontanta
1295 2103 201 46 tillgångar
1525 2104 68 35 och
1623 2104 219 36 utestående

218 2152 232 48 fordringar;
481 2153 70 35 och
581 2153 123 35 skulle
735 2151 176 37 Carolina
939 2150 153 37 Amalia
1119 2152 117 36 Pfeiff
1262 2165 66 35 ega
1357 2158 55 30 att
1440 2154 225 45 bestämma,
1687 2155 153 35 hvilken

219 2203 90 34 eller
347 2203 130 36 hvilka
504 2216 178 34 personer
711 2202 339 48 qvarlåtenskapen
1079 2202 96 36 efter
1203 2203 138 36 hennes
1371 2204 70 36 och
1471 2204 117 37 Maria
1615 2205 228 36 Hellströms

304 2258 75 31 Bih.
401 2258 51 31 till
474 2259 116 30 Riksd.
616 2259 88 31 Prot.
729 2259 94 31 1880.
867 2259 21 29 4
911 2256 101 32 Saml.
1057 2259 18 29 1
1103 2258 74 40 Afd.
1223 2260 42 30 24
1289 2260 94 40 Häöft.
1764 2264 13 26 1

1883 1768 145 32 Angående

1888 1803 124 28 danaarf

1896 1844 28 15 er
1953 1838 92 24 Maria

1882 1871 141 24 Mattsson.
