<?xml version="1.0" encoding="UTF-8"?>
<alto xmlns="http://www.loc.gov/standards/alto/ns-v3#" xmlns:xlink="http://www.w3.org/1999/xlink" xmlns:xsi="http://www.w3.org/2001/XMLSchema-instance" xsi:schemaLocation="http://www.loc.gov/standards/alto/ns-v3# http://www.loc.gov/alto/v3/alto-3-0.xsd">
	<Description>
		<MeasurementUnit>pixel</MeasurementUnit>
		<sourceImageInformation>
			<fileName>/tmp/tess_68d4gq_4_input.PNG</fileName>
		</sourceImageInformation>
		<OCRProcessing ID="OCR_0">
			<ocrProcessingStep>
				<processingSoftware>
					<softwareName>tesseract 5.3.0</softwareName>
				</processingSoftware>
			</ocrProcessingStep>
		</OCRProcessing>
	</Description>
	<Layout>
		<Page WIDTH="1876" HEIGHT="2784" PHYSICAL_IMG_NR="0" ID="page_0">
			<PrintSpace HPOS="0" VPOS="0" WIDTH="1876" HEIGHT="2784">
				<ComposedBlock ID="cblock_0" HPOS="394" VPOS="159" WIDTH="1174" HEIGHT="40">
					<TextBlock ID="block_0" HPOS="394" VPOS="159" WIDTH="1174" HEIGHT="40">
						<TextLine ID="line_0" HPOS="394" VPOS="159" WIDTH="1174" HEIGHT="40">
							<String ID="string_0" HPOS="394" VPOS="162" WIDTH="120" HEIGHT="31" WC="0.93" CONTENT="Andra"/><SP WIDTH="17" VPOS="162" HPOS="514"/>
							<String ID="string_1" HPOS="531" VPOS="162" WIDTH="244" HEIGHT="37" WC="0.91" CONTENT="lagutskottets"/><SP WIDTH="18" VPOS="162" HPOS="775"/>
							<String ID="string_2" HPOS="793" VPOS="162" WIDTH="181" HEIGHT="30" WC="0.96" CONTENT="utlåtande"/><SP WIDTH="17" VPOS="162" HPOS="974"/>
							<String ID="string_3" HPOS="991" VPOS="171" WIDTH="42" HEIGHT="20" WC="0.94" CONTENT="nr"/><SP WIDTH="14" VPOS="171" HPOS="1033"/>
							<String ID="string_4" HPOS="1047" VPOS="162" WIDTH="42" HEIGHT="29" WC="0.94" CONTENT="23"/><SP WIDTH="17" VPOS="162" HPOS="1089"/>
							<String ID="string_5" HPOS="1106" VPOS="161" WIDTH="40" HEIGHT="30" WC="0.96" CONTENT="år"/><SP WIDTH="17" VPOS="161" HPOS="1146"/>
							<String ID="string_6" HPOS="1163" VPOS="161" WIDTH="83" HEIGHT="30" WC="0.96" CONTENT="1963"/><SP WIDTH="303" VPOS="161" HPOS="1246"/>
							<String ID="string_7" HPOS="1549" VPOS="159" WIDTH="19" HEIGHT="30" WC="0.93" CONTENT="3"/>
						</TextLine>
					</TextBlock>
				</ComposedBlock>
				<ComposedBlock ID="cblock_1" HPOS="77" VPOS="248" WIDTH="1496" HEIGHT="1697">
					<TextBlock ID="block_1" HPOS="77" VPOS="248" WIDTH="1493" HEIGHT="523">
						<TextLine ID="line_1" HPOS="77" VPOS="248" WIDTH="1489" HEIGHT="41">
							<String ID="string_8" HPOS="77" VPOS="261" WIDTH="59" HEIGHT="22" WC="0.96" CONTENT="om"/><SP WIDTH="20" VPOS="261" HPOS="136"/>
							<String ID="string_9" HPOS="156" VPOS="255" WIDTH="50" HEIGHT="28" WC="0.96" CONTENT="att"/><SP WIDTH="18" VPOS="255" HPOS="206"/>
							<String ID="string_10" HPOS="224" VPOS="253" WIDTH="237" HEIGHT="36" WC="0.96" CONTENT="arbetstagare"/><SP WIDTH="18" VPOS="253" HPOS="461"/>
							<String ID="string_11" HPOS="479" VPOS="252" WIDTH="31" HEIGHT="37" WC="0.96" CONTENT="ej"/><SP WIDTH="21" VPOS="252" HPOS="510"/>
							<String ID="string_12" HPOS="531" VPOS="252" WIDTH="57" HEIGHT="30" WC="0.95" CONTENT="må"/><SP WIDTH="19" VPOS="252" HPOS="588"/>
							<String ID="string_13" HPOS="607" VPOS="251" WIDTH="123" HEIGHT="37" WC="0.95" CONTENT="skiljas"/><SP WIDTH="20" VPOS="251" HPOS="730"/>
							<String ID="string_14" HPOS="750" VPOS="252" WIDTH="79" HEIGHT="29" WC="0.96" CONTENT="från"/><SP WIDTH="19" VPOS="252" HPOS="829"/>
							<String ID="string_15" HPOS="848" VPOS="251" WIDTH="54" HEIGHT="30" WC="0.96" CONTENT="sin"/><SP WIDTH="19" VPOS="251" HPOS="902"/>
							<String ID="string_16" HPOS="921" VPOS="251" WIDTH="213" HEIGHT="36" WC="0.96" CONTENT="anställning"/><SP WIDTH="17" VPOS="251" HPOS="1134"/>
							<String ID="string_17" HPOS="1151" VPOS="249" WIDTH="43" HEIGHT="38" WC="0.96" CONTENT="på"/><SP WIDTH="19" VPOS="249" HPOS="1194"/>
							<String ID="string_18" HPOS="1213" VPOS="249" WIDTH="67" HEIGHT="30" WC="0.96" CONTENT="den"/><SP WIDTH="17" VPOS="249" HPOS="1280"/>
							<String ID="string_19" HPOS="1297" VPOS="250" WIDTH="113" HEIGHT="37" WC="0.96" CONTENT="grund"/><SP WIDTH="18" VPOS="250" HPOS="1410"/>
							<String ID="string_20" HPOS="1428" VPOS="250" WIDTH="50" HEIGHT="29" WC="0.96" CONTENT="att"/><SP WIDTH="18" VPOS="250" HPOS="1478"/>
							<String ID="string_21" HPOS="1496" VPOS="248" WIDTH="70" HEIGHT="29" WC="0.96" CONTENT="han"/>
						</TextLine>
						<TextLine ID="line_2" HPOS="81" VPOS="302" WIDTH="1486" HEIGHT="41">
							<String ID="string_22" HPOS="81" VPOS="306" WIDTH="98" HEIGHT="30" WC="0.96" CONTENT="slutit"/><SP WIDTH="20" VPOS="306" HPOS="179"/>
							<String ID="string_23" HPOS="199" VPOS="306" WIDTH="199" HEIGHT="37" WC="0.96" CONTENT="trolovning"/><SP WIDTH="18" VPOS="306" HPOS="398"/>
							<String ID="string_24" HPOS="416" VPOS="305" WIDTH="84" HEIGHT="30" WC="0.96" CONTENT="eller"/><SP WIDTH="19" VPOS="305" HPOS="500"/>
							<String ID="string_25" HPOS="519" VPOS="305" WIDTH="111" HEIGHT="37" WC="0.96" CONTENT="ingått"/><SP WIDTH="18" VPOS="305" HPOS="630"/>
							<String ID="string_26" HPOS="648" VPOS="305" WIDTH="207" HEIGHT="36" WC="0.95" CONTENT="äktenskap."/><SP WIDTH="20" VPOS="305" HPOS="855"/>
							<String ID="string_27" HPOS="875" VPOS="304" WIDTH="126" HEIGHT="30" WC="0.96" CONTENT="Vidare"/><SP WIDTH="18" VPOS="304" HPOS="1001"/>
							<String ID="string_28" HPOS="1019" VPOS="304" WIDTH="150" HEIGHT="36" WC="0.96" CONTENT="stadgas,"/><SP WIDTH="21" VPOS="304" HPOS="1169"/>
							<String ID="string_29" HPOS="1190" VPOS="305" WIDTH="52" HEIGHT="28" WC="0.96" CONTENT="att"/><SP WIDTH="18" VPOS="305" HPOS="1242"/>
							<String ID="string_30" HPOS="1260" VPOS="302" WIDTH="159" HEIGHT="37" WC="0.93" CONTENT="kvinnlig"/><SP WIDTH="17" VPOS="302" HPOS="1419"/>
							<String ID="string_31" HPOS="1436" VPOS="302" WIDTH="131" HEIGHT="29" WC="0.92" CONTENT="arbets-"/>
						</TextLine>
						<TextLine ID="line_3" HPOS="81" VPOS="354" WIDTH="1487" HEIGHT="42">
							<String ID="string_32" HPOS="81" VPOS="362" WIDTH="128" HEIGHT="34" WC="0.96" CONTENT="tagare,"/><SP WIDTH="24" VPOS="362" HPOS="209"/>
							<String ID="string_33" HPOS="233" VPOS="368" WIDTH="75" HEIGHT="21" WC="0.96" CONTENT="som"/><SP WIDTH="25" VPOS="368" HPOS="308"/>
							<String ID="string_34" HPOS="333" VPOS="359" WIDTH="107" HEIGHT="31" WC="0.96" CONTENT="sedan"/><SP WIDTH="23" VPOS="359" HPOS="440"/>
							<String ID="string_35" HPOS="463" VPOS="359" WIDTH="108" HEIGHT="30" WC="0.96" CONTENT="minst"/><SP WIDTH="23" VPOS="359" HPOS="571"/>
							<String ID="string_36" HPOS="594" VPOS="360" WIDTH="47" HEIGHT="29" WC="0.96" CONTENT="ett"/><SP WIDTH="22" VPOS="360" HPOS="641"/>
							<String ID="string_37" HPOS="663" VPOS="358" WIDTH="40" HEIGHT="30" WC="0.96" CONTENT="år"/><SP WIDTH="22" VPOS="358" HPOS="703"/>
							<String ID="string_38" HPOS="725" VPOS="358" WIDTH="78" HEIGHT="30" WC="0.96" CONTENT="haft"/><SP WIDTH="24" VPOS="358" HPOS="803"/>
							<String ID="string_39" HPOS="827" VPOS="357" WIDTH="267" HEIGHT="38" WC="0.96" CONTENT="stadigvarande"/><SP WIDTH="21" VPOS="357" HPOS="1094"/>
							<String ID="string_40" HPOS="1115" VPOS="356" WIDTH="216" HEIGHT="38" WC="0.96" CONTENT="anställning"/><SP WIDTH="20" VPOS="356" HPOS="1331"/>
							<String ID="string_41" HPOS="1351" VPOS="355" WIDTH="64" HEIGHT="30" WC="0.93" CONTENT="hos"/><SP WIDTH="22" VPOS="355" HPOS="1415"/>
							<String ID="string_42" HPOS="1437" VPOS="354" WIDTH="131" HEIGHT="32" WC="0.90" CONTENT="arbets-"/>
						</TextLine>
						<TextLine ID="line_4" HPOS="81" VPOS="408" WIDTH="1487" HEIGHT="41">
							<String ID="string_43" HPOS="81" VPOS="413" WIDTH="150" HEIGHT="36" WC="0.96" CONTENT="givaren,"/><SP WIDTH="21" VPOS="413" HPOS="231"/>
							<String ID="string_44" HPOS="252" VPOS="413" WIDTH="76" HEIGHT="29" WC="0.96" CONTENT="icke"/><SP WIDTH="21" VPOS="413" HPOS="328"/>
							<String ID="string_45" HPOS="349" VPOS="413" WIDTH="56" HEIGHT="30" WC="0.96" CONTENT="må"/><SP WIDTH="18" VPOS="413" HPOS="405"/>
							<String ID="string_46" HPOS="423" VPOS="412" WIDTH="128" HEIGHT="37" WC="0.96" CONTENT="skiljas"/><SP WIDTH="22" VPOS="412" HPOS="551"/>
							<String ID="string_47" HPOS="573" VPOS="412" WIDTH="77" HEIGHT="29" WC="0.96" CONTENT="från"/><SP WIDTH="21" VPOS="412" HPOS="650"/>
							<String ID="string_48" HPOS="671" VPOS="411" WIDTH="260" HEIGHT="37" WC="0.96" CONTENT="anställningen"/><SP WIDTH="19" VPOS="411" HPOS="931"/>
							<String ID="string_49" HPOS="950" VPOS="411" WIDTH="42" HEIGHT="37" WC="0.96" CONTENT="på"/><SP WIDTH="21" VPOS="411" HPOS="992"/>
							<String ID="string_50" HPOS="1013" VPOS="411" WIDTH="67" HEIGHT="29" WC="0.96" CONTENT="den"/><SP WIDTH="17" VPOS="411" HPOS="1080"/>
							<String ID="string_51" HPOS="1097" VPOS="410" WIDTH="113" HEIGHT="37" WC="0.96" CONTENT="grund"/><SP WIDTH="20" VPOS="410" HPOS="1210"/>
							<String ID="string_52" HPOS="1230" VPOS="410" WIDTH="53" HEIGHT="30" WC="0.96" CONTENT="att"/><SP WIDTH="18" VPOS="410" HPOS="1283"/>
							<String ID="string_53" HPOS="1301" VPOS="410" WIDTH="71" HEIGHT="29" WC="0.96" CONTENT="hon"/><SP WIDTH="18" VPOS="410" HPOS="1372"/>
							<String ID="string_54" HPOS="1390" VPOS="409" WIDTH="98" HEIGHT="31" WC="0.93" CONTENT="blivit"/><SP WIDTH="19" VPOS="409" HPOS="1488"/>
							<String ID="string_55" HPOS="1507" VPOS="408" WIDTH="61" HEIGHT="30" WC="0.92" CONTENT="ha-"/>
						</TextLine>
						<TextLine ID="line_5" HPOS="80" VPOS="462" WIDTH="1486" HEIGHT="40">
							<String ID="string_56" HPOS="80" VPOS="466" WIDTH="111" HEIGHT="30" WC="0.95" CONTENT="vande"/><SP WIDTH="21" VPOS="466" HPOS="191"/>
							<String ID="string_57" HPOS="212" VPOS="466" WIDTH="85" HEIGHT="30" WC="0.95" CONTENT="eller"/><SP WIDTH="22" VPOS="466" HPOS="297"/>
							<String ID="string_58" HPOS="319" VPOS="466" WIDTH="66" HEIGHT="30" WC="0.96" CONTENT="fött"/><SP WIDTH="20" VPOS="466" HPOS="385"/>
							<String ID="string_59" HPOS="405" VPOS="465" WIDTH="98" HEIGHT="31" WC="0.96" CONTENT="barn."/><SP WIDTH="21" VPOS="465" HPOS="503"/>
							<String ID="string_60" HPOS="524" VPOS="465" WIDTH="42" HEIGHT="37" WC="0.96" CONTENT="Ej"/><SP WIDTH="23" VPOS="465" HPOS="566"/>
							<String ID="string_61" HPOS="589" VPOS="465" WIDTH="110" HEIGHT="30" WC="0.96" CONTENT="heller"/><SP WIDTH="18" VPOS="465" HPOS="699"/>
							<String ID="string_62" HPOS="717" VPOS="465" WIDTH="57" HEIGHT="30" WC="0.95" CONTENT="må"/><SP WIDTH="22" VPOS="465" HPOS="774"/>
							<String ID="string_63" HPOS="796" VPOS="464" WIDTH="269" HEIGHT="38" WC="0.96" CONTENT="arbetsgivaren,"/><SP WIDTH="21" VPOS="464" HPOS="1065"/>
							<String ID="string_64" HPOS="1086" VPOS="463" WIDTH="63" HEIGHT="31" WC="0.96" CONTENT="där"/><SP WIDTH="18" VPOS="463" HPOS="1149"/>
							<String ID="string_65" HPOS="1167" VPOS="464" WIDTH="72" HEIGHT="29" WC="0.96" CONTENT="han"/><SP WIDTH="21" VPOS="464" HPOS="1239"/>
							<String ID="string_66" HPOS="1260" VPOS="464" WIDTH="65" HEIGHT="29" WC="0.95" CONTENT="har"/><SP WIDTH="19" VPOS="464" HPOS="1325"/>
							<String ID="string_67" HPOS="1344" VPOS="462" WIDTH="145" HEIGHT="38" WC="0.96" CONTENT="vetskap"/><SP WIDTH="20" VPOS="462" HPOS="1489"/>
							<String ID="string_68" HPOS="1509" VPOS="470" WIDTH="57" HEIGHT="22" WC="0.96" CONTENT="om"/>
						</TextLine>
						<TextLine ID="line_6" HPOS="79" VPOS="516" WIDTH="1490" HEIGHT="41">
							<String ID="string_69" HPOS="79" VPOS="519" WIDTH="284" HEIGHT="38" WC="0.92" CONTENT="havandeskapet"/><SP WIDTH="28" VPOS="519" HPOS="363"/>
							<String ID="string_70" HPOS="391" VPOS="520" WIDTH="83" HEIGHT="29" WC="0.93" CONTENT="eller"/><SP WIDTH="27" VPOS="520" HPOS="474"/>
							<String ID="string_71" HPOS="501" VPOS="519" WIDTH="251" HEIGHT="34" WC="0.91" CONTENT="barnsbörden,"/><SP WIDTH="30" VPOS="519" HPOS="752"/>
							<String ID="string_72" HPOS="782" VPOS="518" WIDTH="105" HEIGHT="37" WC="0.96" CONTENT="skilja"/><SP WIDTH="29" VPOS="518" HPOS="887"/>
							<String ID="string_73" HPOS="916" VPOS="518" WIDTH="259" HEIGHT="37" WC="0.95" CONTENT="arbetstagaren"/><SP WIDTH="29" VPOS="518" HPOS="1175"/>
							<String ID="string_74" HPOS="1204" VPOS="516" WIDTH="79" HEIGHT="31" WC="0.96" CONTENT="från"/><SP WIDTH="28" VPOS="516" HPOS="1283"/>
							<String ID="string_75" HPOS="1311" VPOS="516" WIDTH="258" HEIGHT="36" WC="0.95" CONTENT="anställningen"/>
						</TextLine>
						<TextLine ID="line_7" HPOS="81" VPOS="570" WIDTH="1487" HEIGHT="41">
							<String ID="string_76" HPOS="81" VPOS="573" WIDTH="43" HEIGHT="38" WC="0.96" CONTENT="på"/><SP WIDTH="21" VPOS="573" HPOS="124"/>
							<String ID="string_77" HPOS="145" VPOS="573" WIDTH="66" HEIGHT="30" WC="0.96" CONTENT="den"/><SP WIDTH="21" VPOS="573" HPOS="211"/>
							<String ID="string_78" HPOS="232" VPOS="573" WIDTH="112" HEIGHT="37" WC="0.96" CONTENT="grund"/><SP WIDTH="22" VPOS="573" HPOS="344"/>
							<String ID="string_79" HPOS="366" VPOS="575" WIDTH="51" HEIGHT="28" WC="0.96" CONTENT="att"/><SP WIDTH="20" VPOS="575" HPOS="417"/>
							<String ID="string_80" HPOS="437" VPOS="573" WIDTH="70" HEIGHT="29" WC="0.96" CONTENT="hon"/><SP WIDTH="21" VPOS="573" HPOS="507"/>
							<String ID="string_81" HPOS="528" VPOS="574" WIDTH="10" HEIGHT="29" WC="0.96" CONTENT="i"/><SP WIDTH="20" VPOS="574" HPOS="538"/>
							<String ID="string_82" HPOS="558" VPOS="572" WIDTH="168" HEIGHT="30" WC="0.95" CONTENT="samband"/><SP WIDTH="21" VPOS="572" HPOS="726"/>
							<String ID="string_83" HPOS="747" VPOS="573" WIDTH="79" HEIGHT="29" WC="0.93" CONTENT="med"/><SP WIDTH="21" VPOS="573" HPOS="826"/>
							<String ID="string_84" HPOS="847" VPOS="571" WIDTH="284" HEIGHT="37" WC="0.91" CONTENT="havandeskapet"/><SP WIDTH="19" VPOS="571" HPOS="1131"/>
							<String ID="string_85" HPOS="1150" VPOS="571" WIDTH="84" HEIGHT="30" WC="0.92" CONTENT="eller"/><SP WIDTH="18" VPOS="571" HPOS="1234"/>
							<String ID="string_86" HPOS="1252" VPOS="570" WIDTH="239" HEIGHT="30" WC="0.91" CONTENT="barnsbörden"/><SP WIDTH="20" VPOS="570" HPOS="1491"/>
							<String ID="string_87" HPOS="1511" VPOS="578" WIDTH="57" HEIGHT="21" WC="0.91" CONTENT="av-"/>
						</TextLine>
						<TextLine ID="line_8" HPOS="80" VPOS="623" WIDTH="1488" HEIGHT="41">
							<String ID="string_88" HPOS="80" VPOS="626" WIDTH="111" HEIGHT="30" WC="0.96" CONTENT="håller"/><SP WIDTH="17" VPOS="626" HPOS="191"/>
							<String ID="string_89" HPOS="208" VPOS="627" WIDTH="52" HEIGHT="37" WC="0.96" CONTENT="sig"/><SP WIDTH="17" VPOS="627" HPOS="260"/>
							<String ID="string_90" HPOS="277" VPOS="626" WIDTH="82" HEIGHT="30" WC="0.96" CONTENT="från"/><SP WIDTH="16" VPOS="626" HPOS="359"/>
							<String ID="string_91" HPOS="375" VPOS="626" WIDTH="132" HEIGHT="30" WC="0.96" CONTENT="arbetet"/><SP WIDTH="17" VPOS="626" HPOS="507"/>
							<String ID="string_92" HPOS="524" VPOS="625" WIDTH="112" HEIGHT="31" WC="0.96" CONTENT="under"/><SP WIDTH="17" VPOS="625" HPOS="636"/>
							<String ID="string_93" HPOS="653" VPOS="625" WIDTH="111" HEIGHT="37" WC="0.96" CONTENT="skälig"/><SP WIDTH="17" VPOS="625" HPOS="764"/>
							<String ID="string_94" HPOS="781" VPOS="625" WIDTH="61" HEIGHT="36" WC="0.96" CONTENT="tid,"/><SP WIDTH="16" VPOS="625" HPOS="842"/>
							<String ID="string_95" HPOS="858" VPOS="625" WIDTH="102" HEIGHT="37" WC="0.96" CONTENT="högst"/><SP WIDTH="17" VPOS="625" HPOS="960"/>
							<String ID="string_96" HPOS="977" VPOS="633" WIDTH="58" HEIGHT="21" WC="0.96" CONTENT="sex"/><SP WIDTH="17" VPOS="633" HPOS="1035"/>
							<String ID="string_97" HPOS="1052" VPOS="623" WIDTH="177" HEIGHT="31" WC="0.96" CONTENT="månader."/><SP WIDTH="17" VPOS="623" HPOS="1229"/>
							<String ID="string_98" HPOS="1246" VPOS="624" WIDTH="73" HEIGHT="29" WC="0.96" CONTENT="Har"/><SP WIDTH="15" VPOS="624" HPOS="1319"/>
							<String ID="string_99" HPOS="1334" VPOS="623" WIDTH="234" HEIGHT="37" WC="0.95" CONTENT="arbetsgivare"/>
						</TextLine>
						<TextLine ID="line_9" HPOS="81" VPOS="675" WIDTH="1489" HEIGHT="42">
							<String ID="string_100" HPOS="81" VPOS="681" WIDTH="9" HEIGHT="29" WC="0.96" CONTENT="i"/><SP WIDTH="29" VPOS="681" HPOS="90"/>
							<String ID="string_101" HPOS="119" VPOS="680" WIDTH="86" HEIGHT="30" WC="0.96" CONTENT="strid"/><SP WIDTH="26" VPOS="680" HPOS="205"/>
							<String ID="string_102" HPOS="231" VPOS="682" WIDTH="75" HEIGHT="28" WC="0.96" CONTENT="mot"/><SP WIDTH="26" VPOS="682" HPOS="306"/>
							<String ID="string_103" HPOS="332" VPOS="680" WIDTH="100" HEIGHT="37" WC="0.96" CONTENT="lagen"/><SP WIDTH="28" VPOS="680" HPOS="432"/>
							<String ID="string_104" HPOS="460" VPOS="679" WIDTH="83" HEIGHT="31" WC="0.96" CONTENT="skilt"/><SP WIDTH="27" VPOS="679" HPOS="543"/>
							<String ID="string_105" HPOS="570" VPOS="679" WIDTH="235" HEIGHT="37" WC="0.96" CONTENT="arbetstagare"/><SP WIDTH="28" VPOS="679" HPOS="805"/>
							<String ID="string_106" HPOS="833" VPOS="678" WIDTH="79" HEIGHT="30" WC="0.96" CONTENT="från"/><SP WIDTH="26" VPOS="678" HPOS="912"/>
							<String ID="string_107" HPOS="938" VPOS="677" WIDTH="268" HEIGHT="36" WC="0.96" CONTENT="anställningen,"/><SP WIDTH="25" VPOS="677" HPOS="1206"/>
							<String ID="string_108" HPOS="1231" VPOS="677" WIDTH="40" HEIGHT="30" WC="0.96" CONTENT="är"/><SP WIDTH="23" VPOS="677" HPOS="1271"/>
							<String ID="string_109" HPOS="1294" VPOS="676" WIDTH="168" HEIGHT="37" WC="0.91" CONTENT="åtgärden"/><SP WIDTH="25" VPOS="676" HPOS="1462"/>
							<String ID="string_110" HPOS="1487" VPOS="675" WIDTH="83" HEIGHT="38" WC="0.90" CONTENT="ogill"/>
						</TextLine>
						<TextLine ID="line_10" HPOS="82" VPOS="730" WIDTH="1363" HEIGHT="41">
							<String ID="string_111" HPOS="82" VPOS="736" WIDTH="91" HEIGHT="28" WC="0.95" CONTENT="samt"/><SP WIDTH="21" VPOS="736" HPOS="173"/>
							<String ID="string_112" HPOS="194" VPOS="733" WIDTH="259" HEIGHT="38" WC="0.95" CONTENT="arbetsgivaren"/><SP WIDTH="21" VPOS="733" HPOS="453"/>
							<String ID="string_113" HPOS="474" VPOS="732" WIDTH="138" HEIGHT="38" WC="0.96" CONTENT="skyldig"/><SP WIDTH="18" VPOS="732" HPOS="612"/>
							<String ID="string_114" HPOS="630" VPOS="732" WIDTH="130" HEIGHT="31" WC="0.95" CONTENT="ersätta"/><SP WIDTH="21" VPOS="732" HPOS="760"/>
							<String ID="string_115" HPOS="781" VPOS="741" WIDTH="42" HEIGHT="21" WC="0.96" CONTENT="av"/><SP WIDTH="20" VPOS="741" HPOS="823"/>
							<String ID="string_116" HPOS="843" VPOS="732" WIDTH="204" HEIGHT="30" WC="0.96" CONTENT="densamma"/><SP WIDTH="21" VPOS="732" HPOS="1047"/>
							<String ID="string_117" HPOS="1068" VPOS="731" WIDTH="237" HEIGHT="37" WC="0.96" CONTENT="uppkommen"/><SP WIDTH="21" VPOS="731" HPOS="1305"/>
							<String ID="string_118" HPOS="1326" VPOS="730" WIDTH="119" HEIGHT="30" WC="0.96" CONTENT="skada."/>
						</TextLine>
					</TextBlock>
					<TextBlock ID="block_2" HPOS="80" VPOS="783" WIDTH="1492" HEIGHT="521">
						<TextLine ID="line_11" HPOS="126" VPOS="783" WIDTH="1442" HEIGHT="40">
							<String ID="string_119" HPOS="126" VPOS="787" WIDTH="228" HEIGHT="30" WC="0.96" CONTENT="Beträffande"/><SP WIDTH="18" VPOS="787" HPOS="354"/>
							<String ID="string_120" HPOS="372" VPOS="786" WIDTH="89" HEIGHT="30" WC="0.96" CONTENT="båda"/><SP WIDTH="19" VPOS="786" HPOS="461"/>
							<String ID="string_121" HPOS="480" VPOS="787" WIDTH="100" HEIGHT="29" WC="0.96" CONTENT="dessa"/><SP WIDTH="20" VPOS="787" HPOS="580"/>
							<String ID="string_122" HPOS="600" VPOS="786" WIDTH="96" HEIGHT="37" WC="0.96" CONTENT="lagar"/><SP WIDTH="17" VPOS="786" HPOS="696"/>
							<String ID="string_123" HPOS="713" VPOS="785" WIDTH="109" HEIGHT="38" WC="0.96" CONTENT="gäller"/><SP WIDTH="17" VPOS="785" HPOS="822"/>
							<String ID="string_124" HPOS="839" VPOS="787" WIDTH="52" HEIGHT="29" WC="0.96" CONTENT="att"/><SP WIDTH="16" VPOS="787" HPOS="891"/>
							<String ID="string_125" HPOS="907" VPOS="785" WIDTH="57" HEIGHT="30" WC="0.96" CONTENT="vid"/><SP WIDTH="19" VPOS="785" HPOS="964"/>
							<String ID="string_126" HPOS="983" VPOS="784" WIDTH="215" HEIGHT="31" WC="0.96" CONTENT="bedömande"/><SP WIDTH="18" VPOS="784" HPOS="1198"/>
							<String ID="string_127" HPOS="1216" VPOS="793" WIDTH="56" HEIGHT="21" WC="0.96" CONTENT="om"/><SP WIDTH="19" VPOS="793" HPOS="1272"/>
							<String ID="string_128" HPOS="1291" VPOS="783" WIDTH="65" HEIGHT="30" WC="0.96" CONTENT="och"/><SP WIDTH="18" VPOS="783" HPOS="1356"/>
							<String ID="string_129" HPOS="1374" VPOS="783" WIDTH="10" HEIGHT="30" WC="0.95" CONTENT="i"/><SP WIDTH="18" VPOS="783" HPOS="1384"/>
							<String ID="string_130" HPOS="1402" VPOS="783" WIDTH="65" HEIGHT="30" WC="0.96" CONTENT="vad"/><SP WIDTH="18" VPOS="783" HPOS="1467"/>
							<String ID="string_131" HPOS="1485" VPOS="783" WIDTH="83" HEIGHT="30" WC="0.96" CONTENT="mån"/>
						</TextLine>
						<TextLine ID="line_12" HPOS="82" VPOS="837" WIDTH="1488" HEIGHT="41">
							<String ID="string_132" HPOS="82" VPOS="841" WIDTH="109" HEIGHT="29" WC="0.96" CONTENT="skada"/><SP WIDTH="25" VPOS="841" HPOS="191"/>
							<String ID="string_133" HPOS="216" VPOS="841" WIDTH="159" HEIGHT="37" WC="0.96" CONTENT="uppstått"/><SP WIDTH="23" VPOS="841" HPOS="375"/>
							<String ID="string_134" HPOS="398" VPOS="840" WIDTH="138" HEIGHT="37" WC="0.96" CONTENT="hänsyn"/><SP WIDTH="25" VPOS="840" HPOS="536"/>
							<String ID="string_135" HPOS="561" VPOS="840" WIDTH="87" HEIGHT="29" WC="0.96" CONTENT="skall"/><SP WIDTH="24" VPOS="840" HPOS="648"/>
							<String ID="string_136" HPOS="672" VPOS="840" WIDTH="98" HEIGHT="36" WC="0.96" CONTENT="tagas"/><SP WIDTH="24" VPOS="840" HPOS="770"/>
							<String ID="string_137" HPOS="794" VPOS="839" WIDTH="87" HEIGHT="30" WC="0.95" CONTENT="även"/><SP WIDTH="23" VPOS="839" HPOS="881"/>
							<String ID="string_138" HPOS="904" VPOS="839" WIDTH="53" HEIGHT="29" WC="0.95" CONTENT="till"/><SP WIDTH="25" VPOS="839" HPOS="957"/>
							<String ID="string_139" HPOS="982" VPOS="838" WIDTH="277" HEIGHT="37" WC="0.96" CONTENT="arbetstagarens"/><SP WIDTH="24" VPOS="838" HPOS="1259"/>
							<String ID="string_140" HPOS="1283" VPOS="837" WIDTH="147" HEIGHT="30" WC="0.96" CONTENT="intresse"/><SP WIDTH="22" VPOS="837" HPOS="1430"/>
							<String ID="string_141" HPOS="1452" VPOS="846" WIDTH="43" HEIGHT="22" WC="0.93" CONTENT="av"/><SP WIDTH="21" VPOS="846" HPOS="1495"/>
							<String ID="string_142" HPOS="1516" VPOS="846" WIDTH="54" HEIGHT="21" WC="0.93" CONTENT="ar-"/>
						</TextLine>
						<TextLine ID="line_13" HPOS="80" VPOS="890" WIDTH="1491" HEIGHT="41">
							<String ID="string_143" HPOS="80" VPOS="894" WIDTH="224" HEIGHT="30" WC="0.92" CONTENT="betsavtalets"/><SP WIDTH="28" VPOS="894" HPOS="304"/>
							<String ID="string_144" HPOS="332" VPOS="892" WIDTH="309" HEIGHT="39" WC="0.96" CONTENT="upprätthållande"/><SP WIDTH="25" VPOS="892" HPOS="641"/>
							<String ID="string_145" HPOS="666" VPOS="893" WIDTH="64" HEIGHT="29" WC="0.96" CONTENT="och"/><SP WIDTH="28" VPOS="893" HPOS="730"/>
							<String ID="string_146" HPOS="758" VPOS="892" WIDTH="119" HEIGHT="38" WC="0.96" CONTENT="övriga"/><SP WIDTH="28" VPOS="892" HPOS="877"/>
							<String ID="string_147" HPOS="905" VPOS="891" WIDTH="130" HEIGHT="31" WC="0.96" CONTENT="sådana"/><SP WIDTH="26" VPOS="891" HPOS="1035"/>
							<String ID="string_148" HPOS="1061" VPOS="890" WIDTH="298" HEIGHT="37" WC="0.96" CONTENT="omständigheter"/><SP WIDTH="26" VPOS="890" HPOS="1359"/>
							<String ID="string_149" HPOS="1385" VPOS="899" WIDTH="42" HEIGHT="21" WC="0.96" CONTENT="av"/><SP WIDTH="26" VPOS="899" HPOS="1427"/>
							<String ID="string_150" HPOS="1453" VPOS="897" WIDTH="118" HEIGHT="23" WC="0.96" CONTENT="annan"/>
						</TextLine>
						<TextLine ID="line_14" HPOS="82" VPOS="944" WIDTH="1487" HEIGHT="39">
							<String ID="string_151" HPOS="82" VPOS="948" WIDTH="46" HEIGHT="29" WC="0.96" CONTENT="än"/><SP WIDTH="21" VPOS="948" HPOS="128"/>
							<String ID="string_152" HPOS="149" VPOS="950" WIDTH="75" HEIGHT="28" WC="0.96" CONTENT="rent"/><SP WIDTH="21" VPOS="950" HPOS="224"/>
							<String ID="string_153" HPOS="245" VPOS="947" WIDTH="207" HEIGHT="30" WC="0.96" CONTENT="ekonomisk"/><SP WIDTH="20" VPOS="947" HPOS="452"/>
							<String ID="string_154" HPOS="472" VPOS="946" WIDTH="186" HEIGHT="37" WC="0.95" CONTENT="betydelse."/><SP WIDTH="20" VPOS="946" HPOS="658"/>
							<String ID="string_155" HPOS="678" VPOS="946" WIDTH="66" HEIGHT="30" WC="0.95" CONTENT="Om"/><SP WIDTH="21" VPOS="946" HPOS="744"/>
							<String ID="string_156" HPOS="765" VPOS="945" WIDTH="58" HEIGHT="31" WC="0.95" CONTENT="det"/><SP WIDTH="20" VPOS="945" HPOS="823"/>
							<String ID="string_157" HPOS="843" VPOS="946" WIDTH="78" HEIGHT="30" WC="0.96" CONTENT="med"/><SP WIDTH="21" VPOS="946" HPOS="921"/>
							<String ID="string_158" HPOS="942" VPOS="945" WIDTH="137" HEIGHT="37" WC="0.96" CONTENT="hänsyn"/><SP WIDTH="20" VPOS="945" HPOS="1079"/>
							<String ID="string_159" HPOS="1099" VPOS="945" WIDTH="52" HEIGHT="29" WC="0.96" CONTENT="till"/><SP WIDTH="21" VPOS="945" HPOS="1151"/>
							<String ID="string_160" HPOS="1172" VPOS="944" WIDTH="277" HEIGHT="37" WC="0.96" CONTENT="arbetsgivarens"/><SP WIDTH="22" VPOS="944" HPOS="1449"/>
							<String ID="string_161" HPOS="1471" VPOS="944" WIDTH="98" HEIGHT="36" WC="0.96" CONTENT="ringa"/>
						</TextLine>
						<TextLine ID="line_15" HPOS="84" VPOS="996" WIDTH="1485" HEIGHT="42">
							<String ID="string_162" HPOS="84" VPOS="1001" WIDTH="114" HEIGHT="35" WC="0.96" CONTENT="skuld,"/><SP WIDTH="22" VPOS="1001" HPOS="198"/>
							<String ID="string_163" HPOS="220" VPOS="1001" WIDTH="280" HEIGHT="37" WC="0.96" CONTENT="arbetstagarens"/><SP WIDTH="22" VPOS="1001" HPOS="500"/>
							<String ID="string_164" HPOS="522" VPOS="999" WIDTH="219" HEIGHT="31" WC="0.96" CONTENT="förhållande"/><SP WIDTH="22" VPOS="999" HPOS="741"/>
							<String ID="string_165" HPOS="763" VPOS="1000" WIDTH="8" HEIGHT="29" WC="0.96" CONTENT="i"/><SP WIDTH="24" VPOS="1000" HPOS="771"/>
							<String ID="string_166" HPOS="795" VPOS="999" WIDTH="169" HEIGHT="31" WC="0.93" CONTENT="avseende"/><SP WIDTH="21" VPOS="999" HPOS="964"/>
							<String ID="string_167" HPOS="985" VPOS="999" WIDTH="20" HEIGHT="29" WC="0.92" CONTENT="å"/><SP WIDTH="21" VPOS="999" HPOS="1005"/>
							<String ID="string_168" HPOS="1026" VPOS="999" WIDTH="146" HEIGHT="29" WC="0.92" CONTENT="tvistens"/><SP WIDTH="22" VPOS="999" HPOS="1172"/>
							<String ID="string_169" HPOS="1194" VPOS="997" WIDTH="198" HEIGHT="38" WC="0.95" CONTENT="uppkomst,"/><SP WIDTH="24" VPOS="997" HPOS="1392"/>
							<String ID="string_170" HPOS="1416" VPOS="996" WIDTH="153" HEIGHT="31" WC="0.95" CONTENT="skadans"/>
						</TextLine>
						<TextLine ID="line_16" HPOS="84" VPOS="1050" WIDTH="1486" HEIGHT="40">
							<String ID="string_171" HPOS="84" VPOS="1054" WIDTH="128" HEIGHT="30" WC="0.96" CONTENT="storlek"/><SP WIDTH="19" VPOS="1054" HPOS="212"/>
							<String ID="string_172" HPOS="231" VPOS="1054" WIDTH="84" HEIGHT="30" WC="0.95" CONTENT="eller"/><SP WIDTH="16" VPOS="1054" HPOS="315"/>
							<String ID="string_173" HPOS="331" VPOS="1053" WIDTH="344" HEIGHT="37" WC="0.96" CONTENT="omständigheterna"/><SP WIDTH="18" VPOS="1053" HPOS="675"/>
							<String ID="string_174" HPOS="693" VPOS="1053" WIDTH="9" HEIGHT="29" WC="0.96" CONTENT="i"/><SP WIDTH="20" VPOS="1053" HPOS="702"/>
							<String ID="string_175" HPOS="722" VPOS="1053" WIDTH="112" HEIGHT="36" WC="0.96" CONTENT="övrigt"/><SP WIDTH="19" VPOS="1053" HPOS="834"/>
							<String ID="string_176" HPOS="853" VPOS="1052" WIDTH="115" HEIGHT="30" WC="0.96" CONTENT="finnes"/><SP WIDTH="17" VPOS="1052" HPOS="968"/>
							<String ID="string_177" HPOS="985" VPOS="1052" WIDTH="140" HEIGHT="36" WC="0.96" CONTENT="skäligt,"/><SP WIDTH="17" VPOS="1052" HPOS="1125"/>
							<String ID="string_178" HPOS="1142" VPOS="1052" WIDTH="69" HEIGHT="30" WC="0.93" CONTENT="kan"/><SP WIDTH="20" VPOS="1052" HPOS="1211"/>
							<String ID="string_179" HPOS="1231" VPOS="1050" WIDTH="266" HEIGHT="31" WC="0.90" CONTENT="skadeståndets"/><SP WIDTH="17" VPOS="1050" HPOS="1497"/>
							<String ID="string_180" HPOS="1514" VPOS="1051" WIDTH="56" HEIGHT="29" WC="0.92" CONTENT="be-"/>
						</TextLine>
						<TextLine ID="line_17" HPOS="84" VPOS="1103" WIDTH="1486" HEIGHT="42">
							<String ID="string_181" HPOS="84" VPOS="1108" WIDTH="78" HEIGHT="37" WC="0.93" CONTENT="lopp"/><SP WIDTH="23" VPOS="1108" HPOS="162"/>
							<String ID="string_182" HPOS="185" VPOS="1107" WIDTH="195" HEIGHT="34" WC="0.92" CONTENT="nedsättas;"/><SP WIDTH="25" VPOS="1107" HPOS="380"/>
							<String ID="string_183" HPOS="405" VPOS="1106" WIDTH="207" HEIGHT="37" WC="0.96" CONTENT="fullständig"/><SP WIDTH="21" VPOS="1106" HPOS="612"/>
							<String ID="string_184" HPOS="633" VPOS="1106" WIDTH="161" HEIGHT="30" WC="0.96" CONTENT="befrielse"/><SP WIDTH="23" VPOS="1106" HPOS="794"/>
							<String ID="string_185" HPOS="817" VPOS="1106" WIDTH="81" HEIGHT="29" WC="0.93" CONTENT="från"/><SP WIDTH="22" VPOS="1106" HPOS="898"/>
							<String ID="string_186" HPOS="920" VPOS="1104" WIDTH="432" HEIGHT="38" WC="0.91" CONTENT="skadeståndsskyldighet"/><SP WIDTH="22" VPOS="1104" HPOS="1352"/>
							<String ID="string_187" HPOS="1374" VPOS="1104" WIDTH="69" HEIGHT="30" WC="0.96" CONTENT="kan"/><SP WIDTH="21" VPOS="1104" HPOS="1443"/>
							<String ID="string_188" HPOS="1464" VPOS="1103" WIDTH="106" HEIGHT="31" WC="0.96" CONTENT="också"/>
						</TextLine>
						<TextLine ID="line_18" HPOS="83" VPOS="1157" WIDTH="1487" HEIGHT="42">
							<String ID="string_189" HPOS="83" VPOS="1162" WIDTH="63" HEIGHT="37" WC="0.96" CONTENT="äga"/><SP WIDTH="20" VPOS="1162" HPOS="146"/>
							<String ID="string_190" HPOS="166" VPOS="1170" WIDTH="88" HEIGHT="21" WC="0.96" CONTENT="rum."/><SP WIDTH="20" VPOS="1170" HPOS="254"/>
							<String ID="string_191" HPOS="274" VPOS="1161" WIDTH="68" HEIGHT="30" WC="0.96" CONTENT="Mål"/><SP WIDTH="21" VPOS="1161" HPOS="342"/>
							<String ID="string_192" HPOS="363" VPOS="1169" WIDTH="74" HEIGHT="21" WC="0.96" CONTENT="som"/><SP WIDTH="17" VPOS="1169" HPOS="437"/>
							<String ID="string_193" HPOS="454" VPOS="1169" WIDTH="102" HEIGHT="21" WC="0.96" CONTENT="avser"/><SP WIDTH="18" VPOS="1169" HPOS="556"/>
							<String ID="string_194" HPOS="574" VPOS="1159" WIDTH="267" HEIGHT="38" WC="0.96" CONTENT="tillämpningen"/><SP WIDTH="19" VPOS="1159" HPOS="841"/>
							<String ID="string_195" HPOS="860" VPOS="1169" WIDTH="42" HEIGHT="20" WC="0.96" CONTENT="av"/><SP WIDTH="19" VPOS="1169" HPOS="902"/>
							<String ID="string_196" HPOS="921" VPOS="1159" WIDTH="141" HEIGHT="37" WC="0.92" CONTENT="lagarna"/><SP WIDTH="19" VPOS="1159" HPOS="1062"/>
							<String ID="string_197" HPOS="1081" VPOS="1160" WIDTH="167" HEIGHT="35" WC="0.92" CONTENT="upptages"/><SP WIDTH="16" VPOS="1160" HPOS="1248"/>
							<String ID="string_198" HPOS="1264" VPOS="1167" WIDTH="45" HEIGHT="22" WC="0.96" CONTENT="av"/><SP WIDTH="16" VPOS="1167" HPOS="1309"/>
							<String ID="string_199" HPOS="1325" VPOS="1157" WIDTH="131" HEIGHT="31" WC="0.93" CONTENT="allmän"/><SP WIDTH="18" VPOS="1157" HPOS="1456"/>
							<String ID="string_200" HPOS="1474" VPOS="1157" WIDTH="96" HEIGHT="30" WC="0.92" CONTENT="dom-"/>
						</TextLine>
						<TextLine ID="line_19" HPOS="83" VPOS="1211" WIDTH="1489" HEIGHT="39">
							<String ID="string_201" HPOS="83" VPOS="1215" WIDTH="82" HEIGHT="34" WC="0.96" CONTENT="stol;"/><SP WIDTH="26" VPOS="1215" HPOS="165"/>
							<String ID="string_202" HPOS="191" VPOS="1214" WIDTH="89" HEIGHT="31" WC="0.96" CONTENT="dock"/><SP WIDTH="24" VPOS="1214" HPOS="280"/>
							<String ID="string_203" HPOS="304" VPOS="1216" WIDTH="51" HEIGHT="28" WC="0.96" CONTENT="att"/><SP WIDTH="23" VPOS="1216" HPOS="355"/>
							<String ID="string_204" HPOS="378" VPOS="1213" WIDTH="70" HEIGHT="31" WC="0.96" CONTENT="mål"/><SP WIDTH="24" VPOS="1213" HPOS="448"/>
							<String ID="string_205" HPOS="472" VPOS="1212" WIDTH="221" HEIGHT="31" WC="0.96" CONTENT="beträffande"/><SP WIDTH="24" VPOS="1212" HPOS="693"/>
							<String ID="string_206" HPOS="717" VPOS="1213" WIDTH="247" HEIGHT="37" WC="0.96" CONTENT="arbetstagare,"/><SP WIDTH="22" VPOS="1213" HPOS="964"/>
							<String ID="string_207" HPOS="986" VPOS="1212" WIDTH="113" HEIGHT="30" WC="0.93" CONTENT="vilkas"/><SP WIDTH="22" VPOS="1212" HPOS="1099"/>
							<String ID="string_208" HPOS="1121" VPOS="1211" WIDTH="211" HEIGHT="31" WC="0.91" CONTENT="arbetsavtal"/><SP WIDTH="25" VPOS="1211" HPOS="1332"/>
							<String ID="string_209" HPOS="1357" VPOS="1211" WIDTH="150" HEIGHT="37" WC="0.96" CONTENT="regleras"/><SP WIDTH="20" VPOS="1211" HPOS="1507"/>
							<String ID="string_210" HPOS="1527" VPOS="1218" WIDTH="45" HEIGHT="23" WC="0.96" CONTENT="av"/>
						</TextLine>
						<TextLine ID="line_20" HPOS="83" VPOS="1265" WIDTH="1079" HEIGHT="39">
							<String ID="string_211" HPOS="83" VPOS="1268" WIDTH="272" HEIGHT="34" WC="0.95" CONTENT="kollektivavtal,"/><SP WIDTH="16" VPOS="1268" HPOS="355"/>
							<String ID="string_212" HPOS="371" VPOS="1268" WIDTH="88" HEIGHT="30" WC="0.93" CONTENT="skall"/><SP WIDTH="16" VPOS="1268" HPOS="459"/>
							<String ID="string_213" HPOS="475" VPOS="1266" WIDTH="277" HEIGHT="38" WC="0.90" CONTENT="anhängiggöras"/><SP WIDTH="14" VPOS="1266" HPOS="752"/>
							<String ID="string_214" HPOS="766" VPOS="1266" WIDTH="56" HEIGHT="30" WC="0.93" CONTENT="vid"/><SP WIDTH="17" VPOS="1266" HPOS="822"/>
							<String ID="string_215" HPOS="839" VPOS="1265" WIDTH="323" HEIGHT="31" WC="0.91" CONTENT="arbetsdomstolen."/>
						</TextLine>
					</TextBlock>
					<TextBlock ID="block_3" HPOS="84" VPOS="1318" WIDTH="1488" HEIGHT="147">
						<TextLine ID="line_21" HPOS="129" VPOS="1318" WIDTH="1443" HEIGHT="41">
							<String ID="string_216" HPOS="129" VPOS="1322" WIDTH="113" HEIGHT="36" WC="0.96" CONTENT="Lagen"/><SP WIDTH="21" VPOS="1322" HPOS="242"/>
							<String ID="string_217" HPOS="263" VPOS="1322" WIDTH="67" HEIGHT="30" WC="0.96" CONTENT="den"/><SP WIDTH="23" VPOS="1322" HPOS="330"/>
							<String ID="string_218" HPOS="353" VPOS="1322" WIDTH="38" HEIGHT="29" WC="0.96" CONTENT="11"/><SP WIDTH="23" VPOS="1322" HPOS="391"/>
							<String ID="string_219" HPOS="414" VPOS="1320" WIDTH="197" HEIGHT="39" WC="0.96" CONTENT="september"/><SP WIDTH="20" VPOS="1320" HPOS="611"/>
							<String ID="string_220" HPOS="631" VPOS="1321" WIDTH="83" HEIGHT="29" WC="0.96" CONTENT="1936"/><SP WIDTH="19" VPOS="1321" HPOS="714"/>
							<String ID="string_221" HPOS="733" VPOS="1329" WIDTH="57" HEIGHT="21" WC="0.92" CONTENT="om"/><SP WIDTH="20" VPOS="1329" HPOS="790"/>
							<String ID="string_222" HPOS="810" VPOS="1319" WIDTH="196" HEIGHT="39" WC="0.90" CONTENT="förenings-"/><SP WIDTH="20" VPOS="1319" HPOS="1006"/>
							<String ID="string_223" HPOS="1026" VPOS="1319" WIDTH="63" HEIGHT="31" WC="0.93" CONTENT="och"/><SP WIDTH="20" VPOS="1319" HPOS="1089"/>
							<String ID="string_224" HPOS="1109" VPOS="1318" WIDTH="318" HEIGHT="38" WC="0.91" CONTENT="förhandlingsrätt"/><SP WIDTH="21" VPOS="1318" HPOS="1427"/>
							<String ID="string_225" HPOS="1448" VPOS="1320" WIDTH="124" HEIGHT="36" WC="0.92" CONTENT="uppta-"/>
						</TextLine>
						<TextLine ID="line_22" HPOS="84" VPOS="1371" WIDTH="1487" HEIGHT="41">
							<String ID="string_226" HPOS="84" VPOS="1383" WIDTH="59" HEIGHT="29" WC="0.96" CONTENT="ger"/><SP WIDTH="17" VPOS="1383" HPOS="143"/>
							<String ID="string_227" HPOS="160" VPOS="1375" WIDTH="44" HEIGHT="31" WC="0.95" CONTENT="bl."/><SP WIDTH="15" VPOS="1375" HPOS="204"/>
							<String ID="string_228" HPOS="219" VPOS="1385" WIDTH="29" HEIGHT="21" WC="0.96" CONTENT="a."/><SP WIDTH="18" VPOS="1385" HPOS="248"/>
							<String ID="string_229" HPOS="266" VPOS="1375" WIDTH="264" HEIGHT="30" WC="0.96" CONTENT="bestämmelser"/><SP WIDTH="17" VPOS="1375" HPOS="530"/>
							<String ID="string_230" HPOS="547" VPOS="1374" WIDTH="237" HEIGHT="30" WC="0.96" CONTENT="innebärande"/><SP WIDTH="19" VPOS="1374" HPOS="784"/>
							<String ID="string_231" HPOS="803" VPOS="1373" WIDTH="126" HEIGHT="30" WC="0.96" CONTENT="förbud"/><SP WIDTH="18" VPOS="1373" HPOS="929"/>
							<String ID="string_232" HPOS="947" VPOS="1376" WIDTH="73" HEIGHT="27" WC="0.96" CONTENT="mot"/><SP WIDTH="17" VPOS="1376" HPOS="1020"/>
							<String ID="string_233" HPOS="1037" VPOS="1372" WIDTH="221" HEIGHT="30" WC="0.96" CONTENT="avskedande"/><SP WIDTH="17" VPOS="1372" HPOS="1258"/>
							<String ID="string_234" HPOS="1275" VPOS="1381" WIDTH="43" HEIGHT="21" WC="0.96" CONTENT="av"/><SP WIDTH="17" VPOS="1381" HPOS="1318"/>
							<String ID="string_235" HPOS="1335" VPOS="1371" WIDTH="236" HEIGHT="37" WC="0.96" CONTENT="arbetstagare"/>
						</TextLine>
						<TextLine ID="line_23" HPOS="84" VPOS="1427" WIDTH="628" HEIGHT="38">
							<String ID="string_236" HPOS="84" VPOS="1429" WIDTH="9" HEIGHT="29" WC="0.93" CONTENT="i"/><SP WIDTH="21" VPOS="1429" HPOS="93"/>
							<String ID="string_237" HPOS="114" VPOS="1427" WIDTH="478" HEIGHT="38" WC="0.91" CONTENT="föreningsrättskränkande"/><SP WIDTH="18" VPOS="1427" HPOS="592"/>
							<String ID="string_238" HPOS="610" VPOS="1427" WIDTH="102" HEIGHT="37" WC="0.96" CONTENT="syfte."/>
						</TextLine>
					</TextBlock>
					<TextBlock ID="block_4" HPOS="85" VPOS="1477" WIDTH="1487" HEIGHT="148">
						<TextLine ID="line_24" HPOS="128" VPOS="1477" WIDTH="1444" HEIGHT="41">
							<String ID="string_239" HPOS="128" VPOS="1481" WIDTH="383" HEIGHT="37" WC="0.91" CONTENT="Arbetarskyddslagen"/><SP WIDTH="19" VPOS="1481" HPOS="511"/>
							<String ID="string_240" HPOS="530" VPOS="1481" WIDTH="66" HEIGHT="29" WC="0.96" CONTENT="den"/><SP WIDTH="19" VPOS="1481" HPOS="596"/>
							<String ID="string_241" HPOS="615" VPOS="1481" WIDTH="19" HEIGHT="28" WC="0.96" CONTENT="3"/><SP WIDTH="17" VPOS="1481" HPOS="634"/>
							<String ID="string_242" HPOS="651" VPOS="1479" WIDTH="144" HEIGHT="38" WC="0.96" CONTENT="januari"/><SP WIDTH="19" VPOS="1479" HPOS="795"/>
							<String ID="string_243" HPOS="814" VPOS="1479" WIDTH="84" HEIGHT="29" WC="0.96" CONTENT="1949"/><SP WIDTH="18" VPOS="1479" HPOS="898"/>
							<String ID="string_244" HPOS="916" VPOS="1479" WIDTH="193" HEIGHT="30" WC="0.96" CONTENT="innehåller"/><SP WIDTH="17" VPOS="1479" HPOS="1109"/>
							<String ID="string_245" HPOS="1126" VPOS="1478" WIDTH="263" HEIGHT="31" WC="0.96" CONTENT="bestämmelser"/><SP WIDTH="16" VPOS="1478" HPOS="1389"/>
							<String ID="string_246" HPOS="1405" VPOS="1478" WIDTH="78" HEIGHT="30" WC="0.92" CONTENT="med"/><SP WIDTH="20" VPOS="1478" HPOS="1483"/>
							<String ID="string_247" HPOS="1503" VPOS="1477" WIDTH="69" HEIGHT="30" WC="0.92" CONTENT="för-"/>
						</TextLine>
						<TextLine ID="line_25" HPOS="85" VPOS="1530" WIDTH="1486" HEIGHT="40">
							<String ID="string_248" HPOS="85" VPOS="1535" WIDTH="68" HEIGHT="30" WC="0.96" CONTENT="bud"/><SP WIDTH="24" VPOS="1535" HPOS="153"/>
							<String ID="string_249" HPOS="177" VPOS="1537" WIDTH="72" HEIGHT="28" WC="0.96" CONTENT="mot"/><SP WIDTH="22" VPOS="1537" HPOS="249"/>
							<String ID="string_250" HPOS="271" VPOS="1533" WIDTH="222" HEIGHT="32" WC="0.96" CONTENT="avskedande"/><SP WIDTH="21" VPOS="1533" HPOS="493"/>
							<String ID="string_251" HPOS="514" VPOS="1543" WIDTH="42" HEIGHT="20" WC="0.96" CONTENT="av"/><SP WIDTH="22" VPOS="1543" HPOS="556"/>
							<String ID="string_252" HPOS="578" VPOS="1533" WIDTH="236" HEIGHT="37" WC="0.96" CONTENT="arbetstagare"/><SP WIDTH="21" VPOS="1533" HPOS="814"/>
							<String ID="string_253" HPOS="835" VPOS="1532" WIDTH="78" HEIGHT="30" WC="0.96" CONTENT="med"/><SP WIDTH="24" VPOS="1532" HPOS="913"/>
							<String ID="string_254" HPOS="937" VPOS="1532" WIDTH="187" HEIGHT="38" WC="0.96" CONTENT="anledning"/><SP WIDTH="20" VPOS="1532" HPOS="1124"/>
							<String ID="string_255" HPOS="1144" VPOS="1540" WIDTH="42" HEIGHT="21" WC="0.96" CONTENT="av"/><SP WIDTH="20" VPOS="1540" HPOS="1186"/>
							<String ID="string_256" HPOS="1206" VPOS="1533" WIDTH="53" HEIGHT="29" WC="0.96" CONTENT="att"/><SP WIDTH="19" VPOS="1533" HPOS="1259"/>
							<String ID="string_257" HPOS="1278" VPOS="1531" WIDTH="72" HEIGHT="31" WC="0.96" CONTENT="han"/><SP WIDTH="21" VPOS="1531" HPOS="1350"/>
							<String ID="string_258" HPOS="1371" VPOS="1533" WIDTH="128" HEIGHT="28" WC="0.96" CONTENT="utsetts"/><SP WIDTH="20" VPOS="1533" HPOS="1499"/>
							<String ID="string_259" HPOS="1519" VPOS="1530" WIDTH="52" HEIGHT="31" WC="0.96" CONTENT="till"/>
						</TextLine>
						<TextLine ID="line_26" HPOS="86" VPOS="1584" WIDTH="1403" HEIGHT="41">
							<String ID="string_260" HPOS="86" VPOS="1588" WIDTH="262" HEIGHT="37" WC="0.96" CONTENT="skyddsombud"/><SP WIDTH="21" VPOS="1588" HPOS="348"/>
							<String ID="string_261" HPOS="369" VPOS="1588" WIDTH="84" HEIGHT="30" WC="0.96" CONTENT="eller"/><SP WIDTH="19" VPOS="1588" HPOS="453"/>
							<String ID="string_262" HPOS="472" VPOS="1588" WIDTH="10" HEIGHT="29" WC="0.96" CONTENT="i"/><SP WIDTH="19" VPOS="1588" HPOS="482"/>
							<String ID="string_263" HPOS="501" VPOS="1587" WIDTH="189" HEIGHT="38" WC="0.96" CONTENT="anledning"/><SP WIDTH="19" VPOS="1587" HPOS="690"/>
							<String ID="string_264" HPOS="709" VPOS="1596" WIDTH="42" HEIGHT="20" WC="0.96" CONTENT="av"/><SP WIDTH="18" VPOS="1596" HPOS="751"/>
							<String ID="string_265" HPOS="769" VPOS="1587" WIDTH="91" HEIGHT="29" WC="0.96" CONTENT="hans"/><SP WIDTH="18" VPOS="1587" HPOS="860"/>
							<String ID="string_266" HPOS="878" VPOS="1586" WIDTH="223" HEIGHT="29" WC="0.96" CONTENT="verksamhet"/><SP WIDTH="18" VPOS="1586" HPOS="1101"/>
							<String ID="string_267" HPOS="1119" VPOS="1594" WIDTH="75" HEIGHT="21" WC="0.96" CONTENT="som"/><SP WIDTH="22" VPOS="1594" HPOS="1194"/>
							<String ID="string_268" HPOS="1216" VPOS="1584" WIDTH="273" HEIGHT="37" WC="0.95" CONTENT="skyddsombud."/>
						</TextLine>
					</TextBlock>
					<TextBlock ID="block_5" HPOS="84" VPOS="1637" WIDTH="1489" HEIGHT="148">
						<TextLine ID="line_27" HPOS="128" VPOS="1637" WIDTH="1445" HEIGHT="40">
							<String ID="string_269" HPOS="128" VPOS="1641" WIDTH="68" HEIGHT="30" WC="0.96" CONTENT="Mål"/><SP WIDTH="28" VPOS="1641" HPOS="196"/>
							<String ID="string_270" HPOS="224" VPOS="1650" WIDTH="75" HEIGHT="21" WC="0.96" CONTENT="som"/><SP WIDTH="25" VPOS="1650" HPOS="299"/>
							<String ID="string_271" HPOS="324" VPOS="1650" WIDTH="100" HEIGHT="22" WC="0.96" CONTENT="avser"/><SP WIDTH="23" VPOS="1650" HPOS="424"/>
							<String ID="string_272" HPOS="447" VPOS="1640" WIDTH="267" HEIGHT="37" WC="0.96" CONTENT="tillämpningen"/><SP WIDTH="25" VPOS="1640" HPOS="714"/>
							<String ID="string_273" HPOS="739" VPOS="1649" WIDTH="42" HEIGHT="21" WC="0.96" CONTENT="av"/><SP WIDTH="24" VPOS="1649" HPOS="781"/>
							<String ID="string_274" HPOS="805" VPOS="1638" WIDTH="309" HEIGHT="31" WC="0.96" CONTENT="bestämmelserna"/><SP WIDTH="25" VPOS="1638" HPOS="1114"/>
							<String ID="string_275" HPOS="1139" VPOS="1639" WIDTH="9" HEIGHT="29" WC="0.96" CONTENT="i"/><SP WIDTH="25" VPOS="1639" HPOS="1148"/>
							<String ID="string_276" HPOS="1173" VPOS="1638" WIDTH="42" HEIGHT="30" WC="0.96" CONTENT="de"/><SP WIDTH="24" VPOS="1638" HPOS="1215"/>
							<String ID="string_277" HPOS="1239" VPOS="1637" WIDTH="89" HEIGHT="31" WC="0.96" CONTENT="båda"/><SP WIDTH="23" VPOS="1637" HPOS="1328"/>
							<String ID="string_278" HPOS="1351" VPOS="1637" WIDTH="222" HEIGHT="31" WC="0.96" CONTENT="sistnämnda"/>
						</TextLine>
						<TextLine ID="line_28" HPOS="87" VPOS="1691" WIDTH="1486" HEIGHT="41">
							<String ID="string_279" HPOS="87" VPOS="1696" WIDTH="141" HEIGHT="36" WC="0.96" CONTENT="lagarna"/><SP WIDTH="22" VPOS="1696" HPOS="228"/>
							<String ID="string_280" HPOS="250" VPOS="1695" WIDTH="89" HEIGHT="30" WC="0.93" CONTENT="skall"/><SP WIDTH="21" VPOS="1695" HPOS="339"/>
							<String ID="string_281" HPOS="360" VPOS="1694" WIDTH="278" HEIGHT="37" WC="0.91" CONTENT="anhängiggöras"/><SP WIDTH="20" VPOS="1694" HPOS="638"/>
							<String ID="string_282" HPOS="658" VPOS="1694" WIDTH="63" HEIGHT="29" WC="0.93" CONTENT="hos"/><SP WIDTH="19" VPOS="1694" HPOS="721"/>
							<String ID="string_283" HPOS="740" VPOS="1692" WIDTH="315" HEIGHT="31" WC="0.91" CONTENT="arbetsdomstolen"/><SP WIDTH="19" VPOS="1692" HPOS="1055"/>
							<String ID="string_284" HPOS="1074" VPOS="1692" WIDTH="87" HEIGHT="30" WC="0.96" CONTENT="även"/><SP WIDTH="19" VPOS="1692" HPOS="1161"/>
							<String ID="string_285" HPOS="1180" VPOS="1691" WIDTH="44" HEIGHT="31" WC="0.96" CONTENT="då"/><SP WIDTH="20" VPOS="1691" HPOS="1224"/>
							<String ID="string_286" HPOS="1244" VPOS="1691" WIDTH="59" HEIGHT="31" WC="0.96" CONTENT="det"/><SP WIDTH="18" VPOS="1691" HPOS="1303"/>
							<String ID="string_287" HPOS="1321" VPOS="1691" WIDTH="75" HEIGHT="30" WC="0.96" CONTENT="icke"/><SP WIDTH="20" VPOS="1691" HPOS="1396"/>
							<String ID="string_288" HPOS="1416" VPOS="1692" WIDTH="39" HEIGHT="29" WC="0.96" CONTENT="är"/><SP WIDTH="19" VPOS="1692" HPOS="1455"/>
							<String ID="string_289" HPOS="1474" VPOS="1691" WIDTH="99" HEIGHT="37" WC="0.96" CONTENT="fråga"/>
						</TextLine>
						<TextLine ID="line_29" HPOS="84" VPOS="1745" WIDTH="1003" HEIGHT="40">
							<String ID="string_290" HPOS="84" VPOS="1749" WIDTH="82" HEIGHT="29" WC="0.96" CONTENT="om"/><SP WIDTH="-20" VPOS="1749" HPOS="166"/>
							<String ID="string_291" HPOS="146" VPOS="1741" WIDTH="18" HEIGHT="48" WC="0.96" CONTENT="i"/><SP WIDTH="18" VPOS="1741" HPOS="164"/>
							<String ID="string_292" HPOS="182" VPOS="1747" WIDTH="261" HEIGHT="32" WC="0.95" CONTENT="kollektivavtal"/><SP WIDTH="18" VPOS="1747" HPOS="443"/>
							<String ID="string_293" HPOS="461" VPOS="1747" WIDTH="147" HEIGHT="38" WC="0.93" CONTENT="reglerat"/><SP WIDTH="15" VPOS="1747" HPOS="608"/>
							<String ID="string_294" HPOS="623" VPOS="1745" WIDTH="464" HEIGHT="39" WC="0.90" CONTENT="anställningsförhållande."/>
						</TextLine>
					</TextBlock>
					<TextBlock ID="block_6" HPOS="86" VPOS="1797" WIDTH="1487" HEIGHT="148">
						<TextLine ID="line_30" HPOS="131" VPOS="1797" WIDTH="1442" HEIGHT="40">
							<String ID="string_295" HPOS="131" VPOS="1802" WIDTH="12" HEIGHT="29" WC="0.96" CONTENT="I"/><SP WIDTH="20" VPOS="1802" HPOS="143"/>
							<String ID="string_296" HPOS="163" VPOS="1801" WIDTH="93" HEIGHT="30" WC="0.96" CONTENT="detta"/><SP WIDTH="20" VPOS="1801" HPOS="256"/>
							<String ID="string_297" HPOS="276" VPOS="1801" WIDTH="256" HEIGHT="36" WC="0.96" CONTENT="sammanhang"/><SP WIDTH="18" VPOS="1801" HPOS="532"/>
							<String ID="string_298" HPOS="550" VPOS="1801" WIDTH="56" HEIGHT="29" WC="0.95" CONTENT="må"/><SP WIDTH="18" VPOS="1801" HPOS="606"/>
							<String ID="string_299" HPOS="624" VPOS="1800" WIDTH="104" HEIGHT="30" WC="0.91" CONTENT="också"/><SP WIDTH="19" VPOS="1800" HPOS="728"/>
							<String ID="string_300" HPOS="747" VPOS="1800" WIDTH="136" HEIGHT="30" WC="0.91" CONTENT="erinras"/><SP WIDTH="17" VPOS="1800" HPOS="883"/>
							<String ID="string_301" HPOS="900" VPOS="1808" WIDTH="57" HEIGHT="21" WC="0.93" CONTENT="om"/><SP WIDTH="19" VPOS="1808" HPOS="957"/>
							<String ID="string_302" HPOS="976" VPOS="1798" WIDTH="206" HEIGHT="37" WC="0.91" CONTENT="stadgandet"/><SP WIDTH="17" VPOS="1798" HPOS="1182"/>
							<String ID="string_303" HPOS="1199" VPOS="1799" WIDTH="9" HEIGHT="29" WC="0.92" CONTENT="i"/><SP WIDTH="20" VPOS="1799" HPOS="1208"/>
							<String ID="string_304" HPOS="1228" VPOS="1799" WIDTH="19" HEIGHT="33" WC="0.92" CONTENT="$"/><SP WIDTH="18" VPOS="1799" HPOS="1247"/>
							<String ID="string_305" HPOS="1265" VPOS="1798" WIDTH="42" HEIGHT="29" WC="0.93" CONTENT="36"/><SP WIDTH="18" VPOS="1798" HPOS="1307"/>
							<String ID="string_306" HPOS="1325" VPOS="1797" WIDTH="248" HEIGHT="37" WC="0.92" CONTENT="regeringsfor-"/>
						</TextLine>
						<TextLine ID="line_31" HPOS="86" VPOS="1850" WIDTH="1487" HEIGHT="40">
							<String ID="string_307" HPOS="86" VPOS="1863" WIDTH="79" HEIGHT="21" WC="0.96" CONTENT="men"/><SP WIDTH="18" VPOS="1863" HPOS="165"/>
							<String ID="string_308" HPOS="183" VPOS="1854" WIDTH="236" HEIGHT="30" WC="0.96" CONTENT="innebärande"/><SP WIDTH="17" VPOS="1854" HPOS="419"/>
							<String ID="string_309" HPOS="436" VPOS="1855" WIDTH="52" HEIGHT="28" WC="0.93" CONTENT="att"/><SP WIDTH="16" VPOS="1855" HPOS="488"/>
							<String ID="string_310" HPOS="504" VPOS="1853" WIDTH="345" HEIGHT="37" WC="0.91" CONTENT="befattningshavare"/><SP WIDTH="18" VPOS="1853" HPOS="849"/>
							<String ID="string_311" HPOS="867" VPOS="1861" WIDTH="73" HEIGHT="20" WC="0.96" CONTENT="som"/><SP WIDTH="18" VPOS="1861" HPOS="940"/>
							<String ID="string_312" HPOS="958" VPOS="1852" WIDTH="139" HEIGHT="29" WC="0.96" CONTENT="erhållit"/><SP WIDTH="17" VPOS="1852" HPOS="1097"/>
							<String ID="string_313" HPOS="1114" VPOS="1851" WIDTH="166" HEIGHT="30" WC="0.96" CONTENT="fullmakt"/><SP WIDTH="15" VPOS="1851" HPOS="1280"/>
							<String ID="string_314" HPOS="1295" VPOS="1851" WIDTH="44" HEIGHT="37" WC="0.96" CONTENT="på"/><SP WIDTH="18" VPOS="1851" HPOS="1339"/>
							<String ID="string_315" HPOS="1357" VPOS="1851" WIDTH="75" HEIGHT="30" WC="0.93" CONTENT="sina"/><SP WIDTH="16" VPOS="1851" HPOS="1432"/>
							<String ID="string_316" HPOS="1448" VPOS="1850" WIDTH="125" HEIGHT="30" WC="0.91" CONTENT="befatt-"/>
						</TextLine>
						<TextLine ID="line_32" HPOS="86" VPOS="1904" WIDTH="1077" HEIGHT="41">
							<String ID="string_317" HPOS="86" VPOS="1909" WIDTH="123" HEIGHT="36" WC="0.96" CONTENT="ningar"/><SP WIDTH="15" VPOS="1909" HPOS="209"/>
							<String ID="string_318" HPOS="224" VPOS="1908" WIDTH="77" HEIGHT="30" WC="0.95" CONTENT="icke"/><SP WIDTH="14" VPOS="1908" HPOS="301"/>
							<String ID="string_319" HPOS="315" VPOS="1909" WIDTH="70" HEIGHT="29" WC="0.96" CONTENT="kan"/><SP WIDTH="14" VPOS="1909" HPOS="385"/>
							<String ID="string_320" HPOS="399" VPOS="1907" WIDTH="155" HEIGHT="30" WC="0.96" CONTENT="avsättas"/><SP WIDTH="15" VPOS="1907" HPOS="554"/>
							<String ID="string_321" HPOS="569" VPOS="1908" WIDTH="107" HEIGHT="28" WC="0.96" CONTENT="annat"/><SP WIDTH="14" VPOS="1908" HPOS="676"/>
							<String ID="string_322" HPOS="690" VPOS="1906" WIDTH="44" HEIGHT="29" WC="0.96" CONTENT="än"/><SP WIDTH="15" VPOS="1906" HPOS="734"/>
							<String ID="string_323" HPOS="749" VPOS="1914" WIDTH="124" HEIGHT="29" WC="0.96" CONTENT="genom"/><SP WIDTH="16" VPOS="1914" HPOS="873"/>
							<String ID="string_324" HPOS="889" VPOS="1905" WIDTH="168" HEIGHT="30" WC="0.96" CONTENT="domstols"/><SP WIDTH="15" VPOS="1905" HPOS="1057"/>
							<String ID="string_325" HPOS="1072" VPOS="1904" WIDTH="91" HEIGHT="30" WC="0.96" CONTENT="dom."/>
						</TextLine>
					</TextBlock>
				</ComposedBlock>
				<ComposedBlock ID="cblock_2" HPOS="85" VPOS="2013" WIDTH="1492" HEIGHT="418">
					<TextBlock ID="block_7" HPOS="85" VPOS="2013" WIDTH="220" HEIGHT="38">
						<TextLine ID="line_33" HPOS="85" VPOS="2013" WIDTH="220" HEIGHT="38">
							<String ID="string_326" HPOS="85" VPOS="2013" WIDTH="220" HEIGHT="38" WC="0.81" CONTENT="Rättspraxis"/>
						</TextLine>
					</TextBlock>
					<TextBlock ID="block_8" HPOS="86" VPOS="2072" WIDTH="1491" HEIGHT="359">
						<TextLine ID="line_34" HPOS="131" VPOS="2072" WIDTH="1444" HEIGHT="40">
							<String ID="string_327" HPOS="131" VPOS="2077" WIDTH="266" HEIGHT="29" WC="0.89" CONTENT="Domstolarnas"/><SP WIDTH="20" VPOS="2077" HPOS="397"/>
							<String ID="string_328" HPOS="417" VPOS="2075" WIDTH="118" HEIGHT="37" WC="0.96" CONTENT="praxis"/><SP WIDTH="20" VPOS="2075" HPOS="535"/>
							<String ID="string_329" HPOS="555" VPOS="2075" WIDTH="10" HEIGHT="29" WC="0.93" CONTENT="i"/><SP WIDTH="23" VPOS="2075" HPOS="565"/>
							<String ID="string_330" HPOS="588" VPOS="2074" WIDTH="209" HEIGHT="30" WC="0.91" CONTENT="rättstvister"/><SP WIDTH="19" VPOS="2074" HPOS="797"/>
							<String ID="string_331" HPOS="816" VPOS="2073" WIDTH="221" HEIGHT="30" WC="0.93" CONTENT="beträffande"/><SP WIDTH="20" VPOS="2073" HPOS="1037"/>
							<String ID="string_332" HPOS="1057" VPOS="2072" WIDTH="201" HEIGHT="38" WC="0.91" CONTENT="giltigheten"/><SP WIDTH="21" VPOS="2072" HPOS="1258"/>
							<String ID="string_333" HPOS="1279" VPOS="2081" WIDTH="42" HEIGHT="21" WC="0.93" CONTENT="av"/><SP WIDTH="19" VPOS="2081" HPOS="1321"/>
							<String ID="string_334" HPOS="1340" VPOS="2072" WIDTH="235" HEIGHT="37" WC="0.91" CONTENT="uppsägning-"/>
						</TextLine>
						<TextLine ID="line_35" HPOS="86" VPOS="2124" WIDTH="1491" HEIGHT="42">
							<String ID="string_335" HPOS="86" VPOS="2139" WIDTH="40" HEIGHT="21" WC="0.96" CONTENT="ar"/><SP WIDTH="25" VPOS="2139" HPOS="126"/>
							<String ID="string_336" HPOS="151" VPOS="2130" WIDTH="65" HEIGHT="30" WC="0.96" CONTENT="har"/><SP WIDTH="25" VPOS="2130" HPOS="216"/>
							<String ID="string_337" HPOS="241" VPOS="2129" WIDTH="77" HEIGHT="30" WC="0.96" CONTENT="med"/><SP WIDTH="28" VPOS="2129" HPOS="318"/>
							<String ID="string_338" HPOS="346" VPOS="2127" WIDTH="291" HEIGHT="39" WC="0.95" CONTENT="prejudicerande"/><SP WIDTH="23" VPOS="2127" HPOS="637"/>
							<String ID="string_339" HPOS="660" VPOS="2128" WIDTH="131" HEIGHT="28" WC="0.95" CONTENT="verkan"/><SP WIDTH="29" VPOS="2128" HPOS="791"/>
							<String ID="string_340" HPOS="820" VPOS="2126" WIDTH="191" HEIGHT="36" WC="0.96" CONTENT="fastslagits"/><SP WIDTH="26" VPOS="2126" HPOS="1011"/>
							<String ID="string_341" HPOS="1037" VPOS="2126" WIDTH="9" HEIGHT="29" WC="0.93" CONTENT="i"/><SP WIDTH="26" VPOS="2126" HPOS="1046"/>
							<String ID="string_342" HPOS="1072" VPOS="2124" WIDTH="333" HEIGHT="31" WC="0.90" CONTENT="arbetsdomstolens"/><SP WIDTH="24" VPOS="2124" HPOS="1405"/>
							<String ID="string_343" HPOS="1429" VPOS="2125" WIDTH="80" HEIGHT="29" WC="0.95" CONTENT="dom"/><SP WIDTH="27" VPOS="2125" HPOS="1509"/>
							<String ID="string_344" HPOS="1536" VPOS="2125" WIDTH="41" HEIGHT="29" WC="0.95" CONTENT="år"/>
						</TextLine>
						<TextLine ID="line_36" HPOS="91" VPOS="2178" WIDTH="1484" HEIGHT="37">
							<String ID="string_345" HPOS="91" VPOS="2183" WIDTH="82" HEIGHT="29" WC="0.96" CONTENT="1932"/><SP WIDTH="23" VPOS="2183" HPOS="173"/>
							<String ID="string_346" HPOS="196" VPOS="2191" WIDTH="43" HEIGHT="21" WC="0.96" CONTENT="nr"/><SP WIDTH="24" VPOS="2191" HPOS="239"/>
							<String ID="string_347" HPOS="263" VPOS="2183" WIDTH="71" HEIGHT="29" WC="0.96" CONTENT="100."/><SP WIDTH="32" VPOS="2183" HPOS="334"/>
							<String ID="string_348" HPOS="366" VPOS="2183" WIDTH="5" HEIGHT="28" WC="0.95" CONTENT="I"/><SP WIDTH="24" VPOS="2183" HPOS="371"/>
							<String ID="string_349" HPOS="395" VPOS="2182" WIDTH="114" HEIGHT="29" WC="0.96" CONTENT="denna"/><SP WIDTH="22" VPOS="2182" HPOS="509"/>
							<String ID="string_350" HPOS="531" VPOS="2181" WIDTH="81" HEIGHT="29" WC="0.95" CONTENT="dom"/><SP WIDTH="23" VPOS="2181" HPOS="612"/>
							<String ID="string_351" HPOS="635" VPOS="2180" WIDTH="96" HEIGHT="30" WC="0.95" CONTENT="heter"/><SP WIDTH="22" VPOS="2180" HPOS="731"/>
							<String ID="string_352" HPOS="753" VPOS="2180" WIDTH="58" HEIGHT="30" WC="0.96" CONTENT="det"/><SP WIDTH="21" VPOS="2180" HPOS="811"/>
							<String ID="string_353" HPOS="832" VPOS="2180" WIDTH="45" HEIGHT="29" WC="0.87" CONTENT="bl."/><SP WIDTH="14" VPOS="2180" HPOS="877"/>
							<String ID="string_354" HPOS="891" VPOS="2188" WIDTH="46" HEIGHT="21" WC="0.87" CONTENT="a.:"/><SP WIDTH="26" VPOS="2188" HPOS="937"/>
							<String ID="string_355" HPOS="963" VPOS="2178" WIDTH="95" HEIGHT="30" WC="0.60" CONTENT="&gt;Vad"/><SP WIDTH="20" VPOS="2178" HPOS="1058"/>
							<String ID="string_356" HPOS="1078" VPOS="2178" WIDTH="110" HEIGHT="36" WC="0.95" CONTENT="angår"/><SP WIDTH="21" VPOS="2178" HPOS="1188"/>
							<String ID="string_357" HPOS="1209" VPOS="2178" WIDTH="227" HEIGHT="37" WC="0.96" CONTENT="upphörande"/><SP WIDTH="22" VPOS="2178" HPOS="1436"/>
							<String ID="string_358" HPOS="1458" VPOS="2187" WIDTH="43" HEIGHT="20" WC="0.93" CONTENT="av"/><SP WIDTH="20" VPOS="2187" HPOS="1501"/>
							<String ID="string_359" HPOS="1521" VPOS="2187" WIDTH="54" HEIGHT="20" WC="0.92" CONTENT="ar-"/>
						</TextLine>
						<TextLine ID="line_37" HPOS="89" VPOS="2230" WIDTH="1486" HEIGHT="43">
							<String ID="string_360" HPOS="89" VPOS="2235" WIDTH="178" HEIGHT="38" WC="0.90" CONTENT="betsavtal,"/><SP WIDTH="17" VPOS="2235" HPOS="267"/>
							<String ID="string_361" HPOS="284" VPOS="2244" WIDTH="74" HEIGHT="20" WC="0.96" CONTENT="som"/><SP WIDTH="19" VPOS="2244" HPOS="358"/>
							<String ID="string_362" HPOS="377" VPOS="2234" WIDTH="117" HEIGHT="29" WC="0.96" CONTENT="slutits"/><SP WIDTH="17" VPOS="2234" HPOS="494"/>
							<String ID="string_363" HPOS="511" VPOS="2234" WIDTH="57" HEIGHT="37" WC="0.96" CONTENT="för"/><SP WIDTH="15" VPOS="2234" HPOS="568"/>
							<String ID="string_364" HPOS="583" VPOS="2233" WIDTH="178" HEIGHT="30" WC="0.95" CONTENT="obestämd"/><SP WIDTH="18" VPOS="2233" HPOS="761"/>
							<String ID="string_365" HPOS="779" VPOS="2233" WIDTH="60" HEIGHT="36" WC="0.95" CONTENT="tid,"/><SP WIDTH="17" VPOS="2233" HPOS="839"/>
							<String ID="string_366" HPOS="856" VPOS="2232" WIDTH="101" HEIGHT="30" WC="0.96" CONTENT="råder"/><SP WIDTH="15" VPOS="2232" HPOS="957"/>
							<String ID="string_367" HPOS="972" VPOS="2232" WIDTH="90" HEIGHT="29" WC="0.96" CONTENT="dock"/><SP WIDTH="16" VPOS="2232" HPOS="1062"/>
							<String ID="string_368" HPOS="1078" VPOS="2231" WIDTH="74" HEIGHT="29" WC="0.96" CONTENT="icke"/><SP WIDTH="16" VPOS="2231" HPOS="1152"/>
							<String ID="string_369" HPOS="1168" VPOS="2231" WIDTH="114" HEIGHT="35" WC="0.96" CONTENT="någon"/><SP WIDTH="19" VPOS="2231" HPOS="1282"/>
							<String ID="string_370" HPOS="1301" VPOS="2231" WIDTH="124" HEIGHT="29" WC="0.96" CONTENT="tvekan"/><SP WIDTH="16" VPOS="2231" HPOS="1425"/>
							<String ID="string_371" HPOS="1441" VPOS="2230" WIDTH="134" HEIGHT="38" WC="0.96" CONTENT="därom,"/>
						</TextLine>
						<TextLine ID="line_38" HPOS="87" VPOS="2283" WIDTH="1489" HEIGHT="40">
							<String ID="string_372" HPOS="87" VPOS="2290" WIDTH="51" HEIGHT="28" WC="0.95" CONTENT="att"/><SP WIDTH="19" VPOS="2290" HPOS="138"/>
							<String ID="string_373" HPOS="157" VPOS="2288" WIDTH="11" HEIGHT="30" WC="0.95" CONTENT="i"/><SP WIDTH="16" VPOS="2288" HPOS="168"/>
							<String ID="string_374" HPOS="184" VPOS="2288" WIDTH="137" HEIGHT="35" WC="0.96" CONTENT="Sverige"/><SP WIDTH="20" VPOS="2288" HPOS="321"/>
							<String ID="string_375" HPOS="341" VPOS="2288" WIDTH="69" HEIGHT="28" WC="0.95" CONTENT="lika"/><SP WIDTH="19" VPOS="2288" HPOS="410"/>
							<String ID="string_376" HPOS="429" VPOS="2287" WIDTH="56" HEIGHT="29" WC="0.96" CONTENT="väl"/><SP WIDTH="15" VPOS="2287" HPOS="485"/>
							<String ID="string_377" HPOS="500" VPOS="2295" WIDTH="74" HEIGHT="20" WC="0.96" CONTENT="som"/><SP WIDTH="20" VPOS="2295" HPOS="574"/>
							<String ID="string_378" HPOS="594" VPOS="2286" WIDTH="12" HEIGHT="29" WC="0.96" CONTENT="i"/><SP WIDTH="15" VPOS="2286" HPOS="606"/>
							<String ID="string_379" HPOS="621" VPOS="2286" WIDTH="109" HEIGHT="29" WC="0.96" CONTENT="andra"/><SP WIDTH="19" VPOS="2286" HPOS="730"/>
							<String ID="string_380" HPOS="749" VPOS="2285" WIDTH="122" HEIGHT="29" WC="0.96" CONTENT="länder"/><SP WIDTH="15" VPOS="2285" HPOS="871"/>
							<String ID="string_381" HPOS="886" VPOS="2285" WIDTH="65" HEIGHT="29" WC="0.96" CONTENT="den"/><SP WIDTH="18" VPOS="2285" HPOS="951"/>
							<String ID="string_382" HPOS="969" VPOS="2284" WIDTH="179" HEIGHT="30" WC="0.93" CONTENT="allmänna"/><SP WIDTH="18" VPOS="2284" HPOS="1148"/>
							<String ID="string_383" HPOS="1166" VPOS="2283" WIDTH="321" HEIGHT="36" WC="0.91" CONTENT="rättsgrundsatsen"/><SP WIDTH="18" VPOS="2283" HPOS="1487"/>
							<String ID="string_384" HPOS="1505" VPOS="2283" WIDTH="71" HEIGHT="37" WC="0.92" CONTENT="gäl-"/>
						</TextLine>
						<TextLine ID="line_39" HPOS="90" VPOS="2335" WIDTH="1485" HEIGHT="43">
							<String ID="string_385" HPOS="90" VPOS="2341" WIDTH="59" HEIGHT="37" WC="0.96" CONTENT="ler,"/><SP WIDTH="23" VPOS="2341" HPOS="149"/>
							<String ID="string_386" HPOS="172" VPOS="2343" WIDTH="50" HEIGHT="27" WC="0.93" CONTENT="att"/><SP WIDTH="24" VPOS="2343" HPOS="222"/>
							<String ID="string_387" HPOS="246" VPOS="2340" WIDTH="111" HEIGHT="37" WC="0.96" CONTENT="dylikt"/><SP WIDTH="26" VPOS="2340" HPOS="357"/>
							<String ID="string_388" HPOS="383" VPOS="2339" WIDTH="93" HEIGHT="30" WC="0.96" CONTENT="avtal"/><SP WIDTH="24" VPOS="2339" HPOS="476"/>
							<String ID="string_389" HPOS="500" VPOS="2339" WIDTH="68" HEIGHT="29" WC="0.93" CONTENT="kan"/><SP WIDTH="24" VPOS="2339" HPOS="568"/>
							<String ID="string_390" HPOS="592" VPOS="2338" WIDTH="20" HEIGHT="30" WC="0.89" CONTENT="å"/><SP WIDTH="23" VPOS="2338" HPOS="612"/>
							<String ID="string_391" HPOS="635" VPOS="2339" WIDTH="93" HEIGHT="29" WC="0.94" CONTENT="ömse"/><SP WIDTH="24" VPOS="2339" HPOS="728"/>
							<String ID="string_392" HPOS="752" VPOS="2337" WIDTH="97" HEIGHT="30" WC="0.92" CONTENT="sidor"/><SP WIDTH="23" VPOS="2337" HPOS="849"/>
							<String ID="string_393" HPOS="872" VPOS="2337" WIDTH="172" HEIGHT="37" WC="0.84" CONTENT="uppsägas"/><SP WIDTH="26" VPOS="2337" HPOS="1044"/>
							<String ID="string_394" HPOS="1070" VPOS="2336" WIDTH="51" HEIGHT="30" WC="0.96" CONTENT="till"/><SP WIDTH="24" VPOS="2336" HPOS="1121"/>
							<String ID="string_395" HPOS="1145" VPOS="2335" WIDTH="226" HEIGHT="38" WC="0.95" CONTENT="upphörande"/><SP WIDTH="24" VPOS="2335" HPOS="1371"/>
							<String ID="string_396" HPOS="1395" VPOS="2336" WIDTH="89" HEIGHT="37" WC="0.96" CONTENT="efter"/><SP WIDTH="23" VPOS="2336" HPOS="1484"/>
							<String ID="string_397" HPOS="1507" VPOS="2336" WIDTH="68" HEIGHT="30" WC="0.96" CONTENT="viss"/>
						</TextLine>
						<TextLine ID="line_40" HPOS="90" VPOS="2389" WIDTH="1487" HEIGHT="42">
							<String ID="string_398" HPOS="90" VPOS="2393" WIDTH="291" HEIGHT="38" WC="0.96" CONTENT="uppsägningstid"/><SP WIDTH="18" VPOS="2393" HPOS="381"/>
							<String ID="string_399" HPOS="399" VPOS="2393" WIDTH="63" HEIGHT="28" WC="0.96" CONTENT="och"/><SP WIDTH="18" VPOS="2393" HPOS="462"/>
							<String ID="string_400" HPOS="480" VPOS="2394" WIDTH="50" HEIGHT="28" WC="0.96" CONTENT="att"/><SP WIDTH="19" VPOS="2394" HPOS="530"/>
							<String ID="string_401" HPOS="549" VPOS="2392" WIDTH="79" HEIGHT="29" WC="0.95" CONTENT="skäl"/><SP WIDTH="15" VPOS="2392" HPOS="628"/>
							<String ID="string_402" HPOS="643" VPOS="2392" WIDTH="56" HEIGHT="36" WC="0.96" CONTENT="för"/><SP WIDTH="17" VPOS="2392" HPOS="699"/>
							<String ID="string_403" HPOS="716" VPOS="2390" WIDTH="263" HEIGHT="38" WC="0.96" CONTENT="uppsägningen"/><SP WIDTH="19" VPOS="2390" HPOS="979"/>
							<String ID="string_404" HPOS="998" VPOS="2389" WIDTH="75" HEIGHT="30" WC="0.96" CONTENT="icke"/><SP WIDTH="18" VPOS="2389" HPOS="1073"/>
							<String ID="string_405" HPOS="1091" VPOS="2389" WIDTH="149" HEIGHT="30" WC="0.96" CONTENT="behöver"/><SP WIDTH="15" VPOS="2389" HPOS="1240"/>
							<String ID="string_406" HPOS="1255" VPOS="2389" WIDTH="154" HEIGHT="36" WC="0.95" CONTENT="anföras,"/><SP WIDTH="19" VPOS="2389" HPOS="1409"/>
							<String ID="string_407" HPOS="1428" VPOS="2397" WIDTH="79" HEIGHT="21" WC="0.96" CONTENT="vare"/><SP WIDTH="17" VPOS="2397" HPOS="1507"/>
							<String ID="string_408" HPOS="1524" VPOS="2389" WIDTH="53" HEIGHT="36" WC="0.95" CONTENT="sig"/>
						</TextLine>
					</TextBlock>
				</ComposedBlock>
			</PrintSpace>
		</Page>
	</Layout>
</alto>
