1884 2782
490 145 405 40 Bevillningsutskottets
918 146 219 30 betänkande
1157 155 42 20 nr
1219 146 52 31 61.
1614 143 18 30 3

129 230 66 30 den
215 231 54 29 del
290 240 41 20 av
352 230 65 30 den
437 230 328 39 beskattningsbara
786 230 299 39 förmögenheten,
1107 239 72 21 som
1201 230 188 39 överstiger
1411 228 39 31 50
1466 229 63 30 000
1550 238 79 21 men

130 280 75 30 icke
232 280 60 30 100
307 280 64 30 000
394 280 139 34 kronor,
558 281 65 29 och
646 280 65 30 den
735 280 123 40 högsta
883 281 244 33 skattesatsen,
1153 280 38 29 18
1214 279 170 40 promille,
1409 280 53 30 för
1487 281 65 29 den
1577 280 54 29 del

131 340 42 20 av
200 332 65 29 den
294 331 329 39 beskattningsbara
652 331 287 39 förmögenheten
968 340 75 20 som
1072 330 187 39 överstiger
1290 330 15 29 1
1322 330 139 30 000000
1490 331 141 29 kronor.

131 381 65 30 För
229 381 81 30 äkta
342 382 122 29 makar
494 381 173 31 beräknas
697 380 308 40 beskattningsbar
1037 381 241 39 förmögenhet
1309 382 225 39 gemensamt,
1567 381 64 29 och

131 431 375 40 skattepliktsgränsen
527 433 38 29 är
585 432 54 30 för
660 432 75 30 dem
757 431 128 30 liksom
905 432 54 29 för
978 431 265 30 ensamstående
1263 432 158 29 bestämd
1441 431 52 30 till
1512 431 41 30 50
1568 430 63 30 000

131 482 139 30 kronor.
290 482 117 39 Enligt
426 483 190 38 stadgande
636 481 10 29 i
668 482 36 30 11
728 481 15 36 8
765 482 18 29 2
804 492 105 20 mom.
930 482 88 31 skall
1036 482 95 30 vissa
1149 481 211 40 föreningar,
1381 482 165 30 samfund
1567 481 63 30 och

130 532 274 39 samfälligheter
429 533 136 39 erlägga
591 532 358 39 förmögenhetsskatt
973 533 80 29 med
1079 541 41 20 en
1145 533 64 29 och
1234 541 43 20 en
1300 533 82 29 halv
1405 532 159 40 promille
1589 541 42 21 av

129 583 66 29 den
218 583 53 29 del
295 592 41 20 av
361 583 65 30 den
449 582 328 40 beskattningsbara
801 582 298 40 förmögenheten,
1124 591 73 21 som
1220 582 189 40 överstiger
1432 582 18 30 5
1466 582 62 30 000
1552 583 78 29 kro-

129 640 73 23 nor.
221 633 68 30 För
308 632 112 39 fysisk
439 642 127 30 person
585 634 63 29 och
668 632 107 31 oskift
795 633 134 30 dödsbo
946 633 117 30 finnes
1082 633 11 29 i
1111 633 18 29 9
1151 631 14 37 $
1187 641 42 20 en
1248 633 253 34 bestämmelse,
1523 633 106 39 enligt

130 683 116 30 vilken
277 692 43 20 en
350 684 204 38 reducering
585 693 42 21 av
656 683 405 39 förmögenhetsskatten
1091 684 78 29 sker
1198 683 57 29 vid
1286 683 100 39 ringa
1416 683 81 29 eller
1527 682 106 40 ingen

130 733 164 30 inkomst.
314 733 76 30 Den
408 733 326 40 beskattningsbara
754 733 289 40 förmögenheten
1062 733 88 32 skall
1170 733 175 40 nämligen
1364 733 75 30 icke
1457 734 174 32 beräknas

128 784 106 39 högre
261 785 43 29 än
332 783 117 31 trettio
477 784 127 39 gånger
631 785 67 29 den
725 784 319 30 sammanräknade
1072 783 307 35 nettoinkomsten,
1407 783 88 32 dock
1522 783 108 31 minst

129 834 52 29 till
200 834 136 30 hälften
356 844 42 20 av
416 836 66 30 den
502 833 261 40 skattepliktiga
785 834 298 39 förmögenheten.
1101 851 44 3 —
1163 833 121 40 Någon
1303 833 183 40 möjlighet
1505 836 50 28 att
1574 843 56 21 av-

130 884 105 39 draga
261 885 117 39 erlagd
405 885 81 29 eller
511 884 124 40 påförd
663 884 357 39 förmögenhetsskatt
1046 884 57 32 vid
1128 884 360 40 inkomsttaxeringen
1514 884 117 30 finnes

129 935 85 30 icke.

176 1035 98 30 Skatt
296 1035 44 39 på
363 1034 241 40 förmögenhet
626 1034 156 30 infördes
805 1035 37 30 år
868 1034 93 30 1910.
984 1034 75 30 Den
1082 1035 115 38 uttogs
1220 1034 53 29 till
1296 1043 42 21 en
1360 1034 126 39 början
1508 1034 45 39 på
1574 1034 59 30 det

131 1087 78 33 sätt,
230 1087 50 28 att
301 1085 82 40 1/60
403 1095 41 21 av
462 1086 68 29 den
549 1085 264 40 skattepliktiga
831 1084 287 40 förmögenheten
1137 1084 213 30 inräknades
1369 1084 11 29 i
1400 1085 57 29 det
1476 1084 52 30 till
1549 1085 84 28 stat-

131 1136 46 40 lig
195 1136 171 30 inkomst-
386 1136 62 30 och
469 1136 358 39 förmögenhetsskatt
847 1136 163 29 taxerade
1031 1135 169 40 beloppet.
1221 1135 68 29 Till
1311 1137 111 37 grund
1442 1134 55 30 för
1518 1136 114 29 denna

131 1187 196 39 anordning
363 1187 55 39 låg
453 1188 273 37 resonemanget,
764 1188 51 28 att
851 1185 474 40 förmögenhetsavkastning
1350 1185 104 30 borde
1480 1185 84 30 bära
1590 1194 43 21 en

132 1238 234 34 skattebörda,
386 1247 72 21 som
478 1247 61 20 var
557 1247 42 20 en
619 1237 169 40 tredjedel
808 1238 110 29 större
937 1238 45 29 än
1002 1236 248 31 skattebördan
1269 1237 55 29 för
1344 1237 155 30 inkomst
1519 1245 42 21 av
1580 1245 53 20 ar-

130 1289 86 29 bete.
237 1289 48 29 På
308 1289 112 39 grund
440 1289 108 29 härav
568 1288 96 31 lades
683 1288 52 29 till
756 1289 67 29 den
845 1287 161 30 taxerade
1028 1287 199 29 inkomsten
1248 1296 43 20 en
1311 1287 169 39 tredjedel
1501 1295 42 22 av
1562 1286 72 30 för-

131 1339 249 39 mögenhetens
399 1339 86 30 efter
504 1339 18 30 5
548 1338 31 34 2
602 1339 198 30 beräknade
820 1338 210 39 avkastning
1049 1338 82 29 eller
1151 1337 102 30 alltså
1274 1337 82 40 1/60
1377 1347 41 21 av
1437 1337 197 39 förmögen-

131 1390 112 29 heten.

176 1441 65 29 Vid
264 1440 101 30 sidan
387 1449 41 21 av
449 1440 114 30 denna
585 1439 249 32 kombinerade
856 1439 171 29 inkomst-
1051 1439 64 30 och
1137 1438 358 39 förmögenhetsskatt
1517 1439 118 38 uttogs

132 1491 55 30 för
207 1491 83 30 åren
313 1490 216 30 1934—1938
550 1500 42 21 en
614 1490 150 31 särskild
785 1489 95 31 skatt
901 1490 19 30 å
940 1489 242 39 förmögenhet
1202 1489 108 38 enligt
1330 1488 54 30 för
1404 1488 97 39 varje
1522 1488 38 30 år
1581 1489 53 28 ut-

132 1542 144 30 färdade
295 1541 173 39 tillfälliga
488 1541 257 39 förordningar.

175 1591 45 31 Är
246 1591 84 31 1938
354 1591 154 31 omlades
534 1590 543 40 förmögenhetsbeskattningen.
1101 1590 74 29 Den
1200 1589 103 30 andel
1328 1599 41 21 av
1394 1589 241 39 förmögenhe-

132 1645 68 33 ten,
225 1652 74 21 som
323 1643 212 29 inräknades
558 1643 10 29 i
593 1643 56 29 det
672 1642 163 29 taxerade
858 1641 171 40 beloppet,
1055 1640 140 30 sänktes
1220 1640 122 30 därvid
1367 1640 79 30 från
1474 1640 82 40 1/60
1581 1639 53 30 till

133 1694 114 39 1/100.
270 1692 184 40 Samtidigt
474 1693 156 30 infördes
651 1694 228 39 permanenta
900 1691 262 31 bestämmelser
1184 1701 56 20 om
1263 1701 43 20 en
1329 1691 148 30 särskild
1500 1690 94 30 skatt
1615 1690 20 30 å

133 1745 252 39 förmögenhet.
403 1745 122 29 Denna
544 1744 103 34 skatt,
666 1753 74 20 som
759 1743 134 30 erlades
911 1752 42 20 av
970 1742 136 39 fysiska
1124 1750 176 32 personer,
1319 1741 130 30 oskifta
1466 1740 169 34 dödsbon,

133 1795 306 39 familjestiftelser
458 1795 64 29 och
542 1794 188 30 utländska
749 1794 111 38 bolag,
880 1792 119 40 utgick
1017 1792 11 29 i
1047 1793 67 29 den
1132 1792 82 29 mån
1234 1792 287 38 förmögenheten
1541 1792 95 29 över-

134 1847 73 37 steg
223 1845 40 30 20
279 1845 63 29 000
360 1846 129 28 kronor
507 1845 64 29 och
588 1844 217 30 beräknades
823 1843 87 31 efter
929 1853 42 20 en
989 1842 196 41 progressiv
1203 1842 208 29 skiktskala.
1429 1842 75 29 Den
1524 1842 110 38 lägsta

135 1897 232 28 skattesatsen
388 1912 44 3 —
453 1895 54 29 för
530 1895 280 38 förmögenheter
834 1894 129 29 mellan
986 1893 41 29 20
1043 1893 62 29 000
1128 1893 64 28 och
1215 1892 41 29 40
1271 1892 63 29 000
1357 1892 130 29 kronor
1509 1909 44 3 —
1573 1900 62 21 var

136 1947 14 28 1
176 1946 160 40 promille
360 1946 64 29 och
447 1946 66 29 den
538 1946 124 38 högsta
685 1945 234 29 skattesatsen
941 1961 45 3 —
1010 1943 55 30 för
1090 1942 279 39 förmögenheter
1395 1942 240 38 överstigande

136 1998 15 27 1
176 1996 124 39 miljon
323 1997 129 29 kronor
473 2013 44 3 -—
539 1997 18 28 6
580 1994 169 41 promille.
773 1994 126 29 Härtill
922 1994 105 29 knöts
1050 2003 42 20 en
1115 1992 299 39 reduktionsregel
1437 2002 41 20 av
1501 2001 134 21 samma

135 2049 53 28 art
206 2056 73 20 som
298 2048 67 29 den
383 2056 45 19 nu
447 2046 225 39 förefintliga.

177 2097 44 31 År
248 2097 82 29 1947
357 2097 186 39 frigjordes
568 2094 532 41 förmögenhetsbeskattningen
1125 2094 70 29 helt
1222 2093 79 30 från
1327 2092 310 30 inkomstbeskatt-

133 2147 138 40 ningen.
296 2147 413 39 Förmögenhetsskatten
733 2146 120 38 utgick
878 2145 152 30 därefter
1055 2143 106 39 enligt
1185 2154 42 19 en
1253 2143 206 35 skiktskala,
1485 2144 10 28 i
1520 2143 116 30 vilken

135 2200 66 28 den
230 2199 112 38 lägsta
371 2198 233 29 skattesatsen
664 2214 11 3 —
703 2197 55 28 för
787 2196 283 37 förmögenheter
1098 2194 127 30 mellan
1256 2194 118 29 30000
1403 2194 64 29 och
1499 2193 60 29 100
1575 2193 63 29 000

134 2249 131 29 kronor
285 2266 44 2 -—
348 2257 61 20 var
429 2248 18 28 6
467 2246 160 41 promille
648 2247 63 29 och
732 2246 67 29 den
819 2246 123 38 högsta
965 2245 232 29 skattesatsen
1217 2261 43 3 —
1281 2244 55 28 för
1357 2243 280 39 förmögenheter

136 2300 79 29 över
241 2298 63 29 300
319 2298 63 29 000
408 2298 129 29 kronor
562 2314 14 3 —
633 2297 38 28 18
697 2295 171 41 promille.
895 2295 92 29 även
1015 2295 113 29 denna
1155 2294 356 37 förmögenhetsskatt
1539 2293 99 29 redu-

135 2349 140 30 cerades
294 2348 56 30 vid
370 2348 54 38 låg
441 2348 166 29 inkomst.

183 2449 83 29 1949
292 2448 57 29 års
376 2446 303 40 skatteutredning
705 2445 156 30 uttalade
888 2445 9 29 i
925 2445 59 29 sitt
1010 2444 219 29 betänkande
1257 2443 177 39 angående
1461 2443 67 29 den
1557 2444 83 28 stat-

137 2501 66 38 liga
224 2499 135 30 direkta
381 2498 265 38 beskattningen
673 2496 100 34 (SOU
797 2496 173 30 1951:51)
996 2496 50 28 att
1065 2494 91 31 vissa
1179 2494 172 29 lättnader
1371 2494 103 30 borde
1496 2493 144 30 beredas
