1920 2798
493 152 420 38 Bevillningsutskottets
932 154 224 34 betänkande
1175 157 52 31 Nr
1250 157 52 30 22.
1589 160 17 29 1

824 487 59 40 Nr
911 488 63 41 22.

671 596 110 24 Ankom
800 597 43 24 till
862 597 162 32 riksdagens
1044 598 90 25 kansli
1154 599 55 24 den
1229 601 14 23 2
1263 607 75 17 mars
1359 601 65 24 1926
1444 601 35 24 kl.
1500 603 15 22 2
1534 609 22 16 e.
1576 609 36 17 m.

252 679 417 38 Bevillningsutskottets
693 681 232 38 betänkande,
949 684 14 30 i
985 683 191 38 anledning
1199 695 44 21 av
1266 685 131 38 Kungl.
1422 686 123 37 Maj:ts
1572 697 78 27 pro-

454 733 156 36 position
655 734 56 31 till
749 734 190 37 riksdagen
979 737 80 30 med
1093 737 135 37 förslag
1262 738 55 31 till
1350 738 208 38 förordning
1592 749 58 21 om

452 784 353 39 fastighetstaxering
839 786 41 32 år
908 788 83 30 1927
1015 798 46 21 m.
1085 798 45 22 m.
1154 791 169 30 ävensom
1346 791 13 31 i
1381 792 120 30 ämnet
1523 791 127 32 väckta

452 838 185 31 motioner.

1429 896 65 37 (2:a
1517 895 89 38 avd.)

187 982 130 31 Genom
352 984 209 35 proposition
596 984 64 31 den
695 985 19 31 7
749 985 140 36 januari
918 987 95 37 1926,
1037 998 43 20 nr
1103 988 51 36 34,
1179 989 118 31 vilken
1321 989 177 32 hänvisats
1521 991 54 31 till
1599 991 51 31 be-

144 1034 345 37 villningsutskottet,
516 1036 63 31 har
603 1036 132 37 Kungl.
761 1037 110 37 Maj:t,
896 1038 108 32 under
1027 1039 211 37 åberopande
1261 1052 46 20 av
1330 1043 249 35 propositionen
1602 1043 48 30 bi-

146 1086 71 37 lagt
241 1086 125 37 utdrag
389 1097 44 21 av
457 1088 370 37 statsrådsprotokollet
850 1092 80 29 över
954 1091 260 33 finansärenden
1238 1094 53 30 för
1313 1104 132 21 samma
1467 1094 77 37 dag,
1565 1095 84 31 före-

143 1138 104 36 slagit
271 1139 186 37 riksdagen
479 1141 51 30 att
553 1142 125 35 antaga
702 1141 112 31 nedan
837 1142 144 37 intagna
1003 1143 129 38 förslag
1156 1145 56 30 till

188 1191 76 31 dels
287 1191 201 37 förordning
512 1202 55 21 om
591 1192 339 38 fastighetstaxering
953 1195 40 30 år
1016 1195 104 36 1927;

187 1243 77 32 dels
296 1243 202 38 förordning
522 1254 55 21 om
600 1245 168 32 särskilda
792 1246 151 36 grunder
965 1247 55 31 för
1040 1248 187 37 utgörande
1251 1260 45 20 av
1321 1250 329 38 kommunalutskyl-

143 1294 59 32 der
225 1295 54 31 för
302 1296 38 30 år
364 1296 85 31 1927
472 1307 45 21 m.
542 1307 64 26 m.;

187 1348 76 31 dels
282 1347 66 32 ock
371 1348 201 38 förordning
596 1359 56 22 om
675 1350 130 32 ändrad
827 1351 127 37 lydelse
976 1362 45 21 av
1045 1353 18 30 1
1088 1354 18 38 $
1129 1354 12 30 i
1165 1353 242 38 förordningen
1430 1354 64 32 den
1515 1356 40 30 29
1571 1356 78 36 juni

144 1399 84 31 1921
264 1401 55 37 (nr
353 1401 76 38 411)
464 1402 174 36 angående
662 1402 181 33 understöd
866 1414 45 21 av
939 1404 433 39 skatteutjämningsmedel
1399 1408 36 30 åt
1457 1409 191 36 synnerligt

143 1451 243 38 skattetyngda
409 1453 310 33 landskommuner.

796 1608 214 50 Förslag

872 1690 55 31 till

464 1755 217 43 förordning
704 1765 57 24 om
785 1757 365 43 fastighetstaxering
1174 1761 41 31 år
1239 1760 94 33 1927.

186 1852 212 37 Härigenom
422 1852 176 32 förordnas
622 1863 72 21 som
717 1853 115 37 följer:

866 1942 70 38 1$

186 1999 73 31 Den
294 2000 159 36 taxering
489 2010 44 20 av
567 2000 67 31 fast
668 2001 172 36 egendom,
864 2012 72 21 som
960 2003 86 30 skall
1068 2005 66 34 äga
1158 2014 77 20 rum
1258 2004 38 30 år
1321 2004 94 36 1927,
1439 2005 88 30 skall
1551 2006 97 30 verk-

141 2052 118 30 ställas
282 2052 13 30 i
318 2051 65 31 den
406 2051 157 37 ordning,
587 2062 72 21 som
675 2053 13 30 i
704 2053 245 37 förordningen
971 2054 64 31 den
1060 2055 40 30 28
1125 2055 138 31 oktober
1286 2056 83 31 1910
1390 2067 55 20 om
1461 2058 187 35 taxerings-

143 2103 237 37 myndigheter
403 2104 62 30 och
488 2104 209 31 förfarandet
720 2105 59 31 vid
803 2106 159 36 taxering
986 2106 108 31 finnes
1116 2107 151 36 stadgad,
1292 2108 60 31 och
1375 2109 93 30 skola
1491 2109 121 31 därvid
1637 2110 12 30 i

142 2156 115 31 stället
290 2156 52 31 för
377 2156 39 31 de
440 2157 13 30 i
477 2156 243 37 förordningen
755 2158 150 31 nämnda
938 2158 65 37 dag
1038 2169 54 20 om
1121 2159 189 37 bevillning
1334 2171 42 20 av
1400 2161 66 31 fast
1488 2161 160 36 egendom

142 2210 89 29 samt
254 2219 43 20 av
321 2209 151 31 inkomst
494 2209 194 31 meddelade
705 2209 212 32 föreskrifter
933 2211 150 36 följande
1099 2212 167 31 särskilda
1283 2212 248 32 bestämmelser
1546 2214 101 31 lända

142 2261 56 31 till
221 2261 232 31 efterrättelse.

861 2342 69 37 28.

186 2408 49 30 De
269 2408 317 37 taxeringsvärden,
622 2418 72 22 som
728 2410 104 31 blivit
859 2411 107 31 åsatta
995 2411 58 31 vid
1077 2412 84 30 1922
1184 2413 55 29 års
1262 2413 173 31 allmänna
1458 2413 189 36 fastighets-

145 2460 158 35 taxering
327 2460 82 31 eller
432 2470 72 21 som
527 2461 187 31 sedermera
737 2462 103 31 blivit
856 2462 191 32 fastställda
1064 2463 12 30 i
1094 2464 114 31 stället
1224 2464 52 31 för
1292 2464 91 31 dessa
1400 2465 138 36 värden,
1555 2466 93 30 skola

143 2521 110 30 Bihang
269 2522 41 24 till
324 2522 168 30 riksdagens
509 2523 141 29 protokoll
667 2524 77 24 1926.
783 2527 14 22 7
817 2527 81 23 saml.
936 2527 16 23 9
971 2526 70 31 häft.
1078 2524 54 31 (Nr
1150 2527 123 26 22—23)
1599 2531 10 22 1
