1919 2835
511 157 284 31 Statsutskottets
818 159 178 30 utlåtande
1017 170 42 20 nr
1080 163 19 28 2
1121 162 38 29 år
1182 162 83 30 1967
1591 167 37 30 31

466 239 195 40 treårsplan
685 240 54 29 för
761 243 399 40 personalupprustning
1182 254 42 19 av
1246 245 133 39 polisen
1403 246 65 29 och
1490 248 50 28 att
1563 246 68 29 för-

467 293 74 39 slag
561 293 45 39 på
629 295 169 38 grundval
821 305 42 19 av
885 296 114 29 denna
1022 297 81 38 plan
1127 297 190 40 förelägges
1341 300 101 29 nästa
1464 300 56 29 års
1544 300 87 29 riks-

467 347 102 39 dag;>

190 453 35 33 3)
255 453 58 29 vid
330 454 159 38 punkten
509 454 41 29 22
575 454 147 34 (Lokala
740 456 388 40 polisorganisationen:
1151 459 273 36 Omkostnader)
1449 471 42 20 av
1509 462 121 30 herrar

145 506 148 40 Katjser,
320 507 176 37 Ottosson,
520 509 66 28 Per
609 509 202 37 Jacobsson,
836 511 173 37 Edström,
1033 512 221 40 Strandberg,
1278 514 170 29 Nils-Eric
1474 515 156 40 Gustafs-

145 569 73 28 son,
238 561 133 30 Harald
388 562 211 37 Pettersson,
620 563 168 38 Bohman,
809 564 158 30 Eliasson
988 567 10 28 i
1020 566 193 35 Sundborn,
1233 567 167 40 Nihlfors,
1421 568 207 40 Gustafsson

144 615 12 28 i
176 615 195 35 Skellefteå,
392 616 140 29 Nilsson
554 617 10 28 i
586 617 209 35 Tvärålund,
816 619 174 29 Mundebo
1012 620 64 29 och
1097 620 124 29 fröken
1241 622 210 39 Ljungberg,
1472 623 94 30 vilka
1585 642 45 3 —

147 668 110 29 under
279 669 253 40 förutsättning
553 680 42 19 av
615 671 98 29 bifall
735 672 51 28 till
809 673 257 29 reservationen
1088 674 18 29 2
1128 676 35 33 a)
1188 694 44 2 -—
1252 677 113 28 ansett
1387 678 49 27 att
1458 677 170 30 utskottet

143 722 11 29 i
177 723 189 39 anledning
389 732 42 20 av
453 724 218 29 motionerna
696 725 27 29 1:
739 724 61 30 402
825 725 65 29 och
914 726 44 29 II:
974 726 62 30 504
1060 727 76 29 bort
1160 728 184 30 hemställa
1368 732 50 27 att
1441 730 186 40 riksdagen

144 776 140 29 anvisar
298 777 199 39 ytterligare
513 778 110 29 medel
641 779 110 29 under
767 779 227 30 förevarande
1011 781 129 39 anslag,
1158 782 64 29 och
1238 784 49 29 att
1304 783 119 29 därför
1441 785 186 29 utskottets

143 830 162 38 yttrande
319 830 65 29 och
398 830 209 30 hemställan
622 831 76 30 bort
713 832 44 30 ha
772 832 156 40 följande
943 834 143 39 lydelse:

192 884 94 28 >Den
312 884 129 39 ökning
467 885 120 29 utöver
612 885 401 39 departementschefens
1040 887 130 41 förslag
1195 890 78 29 med
1302 889 60 30 100
1388 891 240 40 polistjänster

141 937 110 39 jämte
278 938 40 29 25
344 938 149 39 tjänster
519 938 55 30 för
598 939 316 40 biträdespersonal
941 950 74 20 som
1042 941 196 41 föreslagits
1265 945 109 28 under
1401 946 158 38 punkten
1586 947 38 29 21

143 991 137 30 medför
299 991 48 30 att
369 993 110 29 medel
499 993 63 29 bör
580 993 172 30 beräknas
773 995 86 28 även
879 995 54 29 för
952 996 111 29 ökade
1083 997 247 30 omkostnader
1351 998 54 29 för
1425 999 66 29 den
1512 1001 115 29 lokala

143 1045 383 40 polisorganisationen.
545 1046 394 42 Omkostnadsanslaget
956 1049 62 29 bör
1033 1050 119 29 därför
1169 1051 9 29 i
1196 1051 218 31 förhållande
1431 1053 52 29 till
1500 1054 124 39 Kungl.

142 1099 123 39 Maj:ts
281 1099 130 39 förslag
425 1101 203 38 uppräknas
643 1102 78 28 med
736 1101 63 30 200
813 1102 61 29 000
888 1103 51 28 kr.

190 1153 172 29 Utskottet
383 1153 212 35 hemställer,

507 1209 51 28 alt
582 1208 186 39 riksdagen
795 1209 55 30 må
876 1209 11 29 i
912 1210 188 40 anledning
1126 1221 41 20 av
1194 1212 124 39 Kungl.
1346 1214 122 39 Maj:ts
1497 1214 130 40 förslag

463 1263 88 27 samt
568 1262 220 29 motionerna
805 1263 28 29 I:
849 1263 62 29 402
928 1263 65 29 och
1011 1264 44 30 II:
1072 1264 72 35 504,
1162 1266 154 29 nämnda
1333 1268 170 29 motioner
1522 1268 102 30 såvitt

460 1324 47 20 nu
527 1316 37 28 är
582 1316 10 29 i
612 1316 107 39 fråga,
740 1316 51 29 till
808 1317 131 29 Lokala
957 1318 389 39 polisorganisationen:
1369 1320 256 32 Omkostnader

463 1369 54 29 för
562 1369 203 39 budgetåret
813 1370 148 36 1967/68
1007 1372 120 29 anvisa
1174 1375 47 27 ett
1267 1373 271 41 förslagsanslag
1585 1386 40 19 av

462 1423 38 29 51
518 1423 62 29 350
595 1423 62 29 000
677 1424 63 33 kr.,
761 1433 103 20 varav
888 1424 32 29 11
942 1425 60 30 750
1018 1425 61 29 000
1100 1426 51 29 kr.
1173 1428 50 27 att
1243 1428 172 29 avräknas
1437 1431 72 27 mot
1529 1431 97 27 auto-

462 1476 392 30 mobilskattemedlen.»

184 1582 35 34 4)
249 1583 56 29 vid
329 1583 159 39 punkten
513 1584 41 28 49
584 1584 481 40 (Kriminalvårdsstyrelsen:
1092 1587 228 40 Avlöningar)
1350 1599 42 19 av
1414 1590 121 30 herrar
1558 1592 66 28 Per

138 1636 202 36 Jacobsson,
365 1637 174 36 Edström,
563 1637 167 40 Nihlfors,
756 1638 207 40 Gustafsson
988 1640 10 29 i
1024 1640 185 31 Skellefteå
1233 1642 64 29 och
1321 1643 184 37 Mundebo,
1531 1645 93 30 vilka

140 1692 113 28 ansett
273 1693 50 27 att
343 1691 171 29 utskottet
534 1692 10 28 i
565 1692 189 39 anledning
774 1702 42 19 av
835 1693 219 30 motionerna
1075 1694 28 29 I:
1118 1694 63 30 203
1202 1696 64 28 och
1288 1696 44 29 II:
1348 1697 62 29 263
1431 1697 78 30 bort
1529 1698 94 30 hem-

140 1745 101 29 ställa
262 1747 50 28 att
332 1745 187 39 riksdagen
540 1745 10 29 i
573 1745 165 30 skrivelse
759 1746 51 29 till
833 1746 124 40 Kungl.
979 1748 106 39 Maj:t
1106 1748 200 31 hemställer
1328 1759 56 20 om
1405 1752 92 29 vissa
1519 1762 42 20 av
1582 1753 41 30 de

139 1797 161 40 åtgärder
314 1807 75 20 som
404 1806 104 31 anges
522 1799 11 28 i
548 1799 227 34 motionerna,
791 1800 64 29 och
870 1802 49 27 att
933 1801 120 29 därför

183 1851 72 30 dels
274 1852 57 29 det
347 1852 129 29 avsnilt
493 1862 42 19 av
551 1853 188 29 utskottets
756 1854 171 38 yttrande,
947 1863 75 20 som
1038 1855 44 38 på
1100 1865 25 19 s.
1146 1856 38 29 18
1201 1856 118 40 börjar
1336 1858 78 29 med
1434 1860 188 30 »Motionä-

139 1914 101 20 rerna
264 1906 148 28 önskar»
440 1905 65 29 och
528 1905 44 39 på
596 1915 25 20 s.
649 1906 38 29 19
711 1907 110 28 slutar
845 1908 78 28 med
949 1908 196 39 >tillstyrka
1168 1910 197 39 förslaget»,
1389 1912 77 30 bort
1490 1913 45 29 ha
1559 1913 63 30 föl-

137 1959 106 39 jande
258 1959 144 39 lydelse:

187 2012 195 29 »Utskottet
410 2012 95 30 delar
534 2013 277 30 motionärernas
841 2013 225 41 uppfattning
1096 2017 49 28 att
1174 2016 297 32 kriminalvården
1501 2019 123 31 fortfa-

141 2066 107 29 rande
270 2066 117 29 tillhör
409 2067 48 28 ett
478 2076 41 19 av
541 2066 82 30 våra
645 2068 89 27 mest
756 2066 180 31 eftersatta
958 2067 263 32 vårdområden.
1245 2071 101 29 Trots
1370 2073 50 28 att
1443 2072 179 31 kriminal-

141 2119 128 29 vården
293 2119 10 29 i
328 2119 135 39 Sverige
488 2120 37 29 är
550 2120 184 29 materiellt
757 2121 219 29 välutrustad
1000 2121 147 39 jämfört
1172 2124 78 29 med
1275 2125 109 29 andra
1408 2126 131 35 länder,
1566 2135 57 31 ger

141 2173 66 29 den
227 2175 47 27 ett
295 2173 118 29 alltför
433 2173 189 39 obetydligt
643 2174 145 29 resultat
809 2184 41 20 av
871 2174 201 31 samhällets
1094 2176 158 31 insatser.
1276 2177 153 32 Sålunda
1450 2179 172 32 beräknas

141 2227 160 38 omkring
325 2226 127 31 70—75
480 2228 32 33 Z
538 2237 41 19 av
602 2228 40 29 de
665 2228 292 39 anstaltsintagna
980 2228 160 31 återfalla
1162 2230 51 29 till
1235 2230 92 31 brott
1350 2232 87 30 efter
1460 2235 163 29 anstalts-

140 2281 104 29 tiden.
265 2281 52 29 En
337 2281 235 39 upprustning
592 2281 44 39 på
656 2281 92 30 olika
767 2281 167 30 områden
955 2291 101 30 synes
1078 2283 119 30 därför
1218 2285 105 39 enligt
1344 2287 187 31 utskottets
1553 2298 69 20 me-

141 2334 83 39 ning
244 2334 199 39 angelägen.

184 2388 258 30 Motionärerna
462 2388 63 30 har
545 2389 104 38 pekat
669 2389 45 39 på
734 2390 47 28 ett
802 2391 93 28 antal
917 2389 169 31 reformer
1106 2391 95 29 inom
1222 2392 307 38 kriminalvården,
1552 2396 70 40 syf-

141 2442 101 29 tande
260 2442 50 29 till
329 2441 108 31 sådan
454 2443 245 39 upprustning.

180 2497 49 28 Bl.
251 2505 28 20 a.
301 2496 64 29 har
386 2496 41 30 de
447 2496 132 40 påtalat
600 2497 144 29 behovet
765 2507 42 19 av
827 2507 42 20 en
890 2498 91 29 ökad
1002 2498 265 40 kriminologisk
1289 2501 185 41 forskning
1495 2504 55 29 för
1570 2506 50 28 att
