1892 2794
568 153 286 31 Statsutskottets
881 151 179 30 utlåtande
1088 159 42 20 nr
1155 150 51 28 390.
1615 145 18 28 15)

807 309 65 41 Nr
906 309 69 40 90.

344 413 185 31 Utlåtande
554 413 10 29 i
586 411 189 39 anledning
797 419 42 21 av
863 409 123 30 väckta
1009 407 173 30 motioner
1202 416 55 20 om
1282 406 69 29 viss
1376 403 150 39 ändring
1548 403 12 29 i
1581 409 57 22 av-

545 471 451 42 löningsbestämmelserna
1037 470 57 40 för
1136 468 99 31 civila
1281 465 356 41 befattningshavare,

543 546 76 20 som
639 536 139 39 åtnjuta
799 533 264 41 tjänstledighet
1082 531 57 41 för
1157 528 221 43 fullgörande
1398 537 42 21 av
1461 527 68 30 viss
1550 524 90 30 mili-

550 599 53 29 lär
630 596 244 42 tjänstgöring.
1396 590 73 33 (5:e
1496 587 94 33 avd.)

192 709 13 29 I
230 708 57 30 två
311 706 224 40 likalydande
561 705 183 33 motioner,
770 703 126 30 väckta
922 702 67 29 den
1014 710 66 21 ena
1106 699 97 30 inom
1230 698 111 30 första
1366 696 208 28 kammaren
1599 700 41 21 av

148 763 120 29 herrar
290 760 138 31 Arrhén
451 760 65 29 och
541 758 130 30 Osvald
698 757 46 34 (1:
762 756 78 34 176)
870 756 65 29 och
958 754 67 30 den
1047 753 111 30 andra
1181 752 96 29 inom
1300 749 111 30 andra
1433 748 209 29 kammaren

149 825 42 20 av
207 816 81 29 herr
302 814 159 39 Nihlfors
477 823 46 20 m.
539 812 39 40 fl.
603 811 63 34 (II:
682 810 96 34 271),
796 810 65 29 har
879 808 208 33 hemställts,
1106 808 51 28 att
1175 804 188 39 riksdagen
1381 802 107 30 måtte
1504 800 138 30 besluta

150 871 49 28 att
217 869 10 29 i
247 868 167 30 skrivelse
433 867 52 29 till
504 865 128 39 Kungl.
650 864 105 39 Maj:t
773 862 187 31 hemställa
979 862 51 28 att
1048 859 127 39 Kungl.
1194 857 106 39 Maj:t
1320 856 79 30 med
1419 852 223 41 tillämpning

151 923 79 29 från
245 922 68 29 den
332 922 14 29 1
366 920 79 40 juni
465 919 82 30 1940
566 918 109 30 måtte
692 917 140 38 vidtaga
851 915 110 30 sådan
978 913 149 39 ändring
1143 913 11 28 i
1169 910 236 39 kungörelsen
1423 908 67 30 den
1508 906 42 31 24
1568 905 71 38 maj

152 976 82 30 1940
263 975 59 33 (nr
345 974 82 33 470)
455 975 50 28 att
527 972 228 39 tjänsteman,
780 969 117 30 därest
920 968 67 30 den
1008 967 132 29 honom
1163 964 141 40 jämlikt
1328 963 42 30 de
1394 962 55 30 för
1473 960 171 30 försvars-

163 1028 151 31 väsendet
339 1027 159 39 gällande
520 1024 312 31 bestämmelserna
854 1019 267 32 tillkommande
1144 1017 255 31 månadslönen
1424 1012 220 39 understiger

151 1080 266 39 sammanlagda
438 1080 161 38 beloppet
623 1078 54 30 för
699 1076 129 30 månad
852 1084 42 20 av
915 1075 68 29 den
1003 1071 174 38 avlöning,
1202 1080 74 20 som
1299 1070 72 29 han
1392 1067 58 31 vid
1473 1065 171 40 tjänstgö-

151 1136 77 39 ring
253 1135 11 29 i
291 1135 69 30 den
385 1133 101 30 civila
512 1130 243 39 befattningen
783 1129 113 30 skulle
922 1128 90 29 hava
1040 1127 57 38 ägt
1125 1124 149 39 åtnjuta,
1301 1123 66 29 och
1393 1121 68 30 den
1485 1118 159 41 pension,

151 1189 115 31 vartill
284 1189 73 29 han
376 1196 76 21 som
471 1185 132 30 militär
622 1182 359 39 beställningshavare
1000 1180 72 29 kan
1088 1187 84 22 vara
1190 1175 206 39 berättigad,
1417 1174 19 30 å
1456 1174 67 29 den
1543 1171 101 30 civila

151 1241 244 39 befattningen
415 1240 107 30 måtte
542 1238 159 40 uppbära
720 1233 340 32 mellanskillnaden.

198 1322 13 30 I
232 1322 38 30 13
291 1321 15 37 8
325 1321 19 30 2
364 1329 105 21 mom.
489 1319 84 29 1939
591 1318 58 30 års
667 1316 101 30 civila
786 1312 395 40 avlöningsreglemente
1200 1308 184 40 stadgades
1401 1306 106 31 bland
1527 1304 118 31 annat,

154 1378 50 28 att
225 1375 110 30 under
357 1371 267 42 tjänstledighet
645 1370 54 29 för
720 1368 131 30 militär
872 1365 236 41 tjänstgöring
1129 1364 217 39 tjänsteman
1368 1360 113 30 skulle
1500 1357 147 30 vidkän-

155 1438 62 20 nas
242 1427 174 37 B-avdrag
441 1425 54 29 för
522 1424 62 34 tid,
613 1423 110 30 under
747 1421 119 30 vilken
891 1421 72 29 han
990 1416 189 40 fullgjorde
1206 1416 131 29 honom
1365 1413 117 30 såsom
1508 1409 139 31 beställ-

155 1481 233 39 ningshavare
403 1479 11 29 i
430 1486 171 25 reserven,
616 1477 21 29 å
651 1476 188 29 reservstat
853 1474 82 29 eller
951 1472 20 30 å
985 1470 263 39 övergångsstat
1263 1468 84 30 eller
1364 1466 116 30 såsom
1494 1463 126 31 officer
1637 1462 10 28 i

154 1536 79 37 väg-
249 1535 66 28 och
334 1529 413 41 vattenbyggnadskåren
766 1526 181 40 åliggande
967 1522 246 41 tjänstgöring.
1234 1522 12 29 I
1264 1520 154 38 enlighet
1437 1517 79 30 med
1533 1515 114 31 beslut

156 1598 42 20 av
217 1587 81 30 1940
316 1587 58 29 års
393 1585 142 38 riksdag
555 1582 211 31 förordnade
783 1580 126 38 Kungl.
929 1578 105 39 Maj:t
1051 1574 192 33 emellertid
1262 1574 11 29 i
1291 1571 209 40 kungörelse
1519 1570 69 29 den
1607 1568 41 30 241

156 1641 70 39 maj
248 1640 82 31 1940
353 1640 59 33 (nr
428 1638 80 34 470)
530 1639 51 28 att
596 1637 11 28 i
623 1635 101 30 civila
739 1631 411 40 avlöningsreglementet
1167 1627 127 31 avsedd
1311 1624 176 32 ordinarie
1502 1623 147 39 tjänste-

157 1704 91 25 man,
269 1694 119 29 vilken
409 1691 134 40 åtnjöte
564 1688 265 41 tjänstledighet
851 1687 55 29 för
927 1682 220 42 fullgörande
1168 1682 10 29 i
1200 1679 189 39 anledning
1410 1687 42 21 av
1471 1674 178 32 anbefalld

157 1747 170 31 förstärkt
348 1743 352 39 försvarsberedskap
723 1742 82 29 eller
828 1739 137 40 partiell
989 1735 236 32 mobilisering
1249 1744 41 20 av
1313 1734 131 28 honom
1467 1727 182 41 åliggande

160 1800 232 40 tjänstgöring
415 1798 115 30 såsom
550 1794 359 39 beställningshavare
933 1792 10 29 i
966 1798 171 25 reserven,
1159 1788 20 30 å
1200 1787 188 30 reservstat
1409 1784 82 29 eller
1513 1783 20 29 å
1555 1782 95 29 över-

158 1855 180 38 gångsstat
365 1853 83 28 eller
477 1851 117 29 såsom
623 1848 124 30 officer
773 1847 11 28 i
812 1847 81 37 väg-
921 1845 64 29 och
1013 1838 423 42 vattenbyggnadskåren,
1467 1835 112 31 skulle
1607 1851 43 3 —

160 1909 84 28 utan
264 1905 126 30 hinder
413 1913 42 21 av
476 1903 66 30 vad
564 1911 76 21 som
664 1901 126 29 funnes
814 1898 137 38 stadgat
972 1896 159 29 däremot
1153 1892 178 31 stridande
1352 1908 44 4 —
1419 1890 20 29 å
1461 1889 68 29 den
1550 1886 99 30 civila

159 1958 240 39 befattningen
429 1956 98 31 avstå
556 1954 162 38 samtliga
746 1953 45 39 på
820 1946 383 44 tjänstledighetstiden
1231 1943 193 40 belöpande
1455 1940 207 37 avlönings-.

161 2012 192 34 förmåner;
374 2011 89 29 dock
485 2008 85 39 ägde
591 2007 298 40 tjänstemannen,
910 2003 116 29 därest
1045 2002 68 29 den
1132 2000 131 29 honom
1283 1996 144 40 jämlikt
1446 1995 41 29 de
1508 1994 55 29 för
1584 1992 69 29 för-

160 2064 249 31 svarsväsendet
447 2061 159 40 gällande
628 2058 312 31 bestämmelserna
962 2052 264 33 tillkommande
1249 2049 255 31 månadslönen
1527 2045 126 30 under-

162 2122 90 35 stege
271 2119 68 28 den
359 2116 162 37 avlöning
542 2115 55 28 för
617 2112 138 33 månad,
776 2120 74 20 som
871 2111 71 28 han
960 2108 56 30 vid
1035 2104 235 42 tjänstgöring
1290 2104 10 28 i
1318 2104 68 29 den
1407 2101 100 30 civila
1527 2099 126 30 befalt-

162 2172 127 38 ningen
316 2170 113 29 skulle
457 2169 89 28 hava
575 2168 58 36 ägt
662 2165 150 38 åtnjuta,
840 2164 20 29 å
888 2162 115 29 denna
1031 2157 197 39 befattning
1256 2156 158 39 uppbära
1444 2151 208 32 skillnaden.

162 2224 240 38 Kungörelsen
421 2221 121 29 trädde
565 2220 8 28 i
596 2218 96 30 kraft
711 2218 65 28 den
801 2216 13 29 1
836 2215 79 39 juni
938 2213 93 30 1940.

209 2278 9 28 I
248 2276 218 29 motionerna
494 2271 217 33 framhålles,
739 2272 50 27 att
817 2266 242 40 ordalydelsen
1088 2274 42 20 av
1157 2262 233 39 kungörelsen
1419 2270 41 19 nr
1487 2257 165 37 470/1940

166 2330 95 30 ledde
294 2329 50 29 till
380 2328 68 28 den
480 2325 276 30 konsekvensen,
791 2324 51 27 att
873 2318 345 38 befattningshavare
1252 2324 74 20 som
1363 2314 8 28 i
1404 2312 175 38 egenskap
1613 2319 42 19 av

167 2381 206 32 reservbefäl
404 2379 89 30 varit
520 2377 177 30 inkallade
727 2375 49 30 till
808 2371 368 40 militärtjänstgöring
1206 2369 9 29 i
1243 2368 93 29 vissa
1367 2366 60 29 fall
1457 2365 96 37 fingo
1582 2364 73 29 vid-

164 2437 134 28 kännas
322 2443 43 20 en
392 2430 203 37 minskning
621 2437 43 21 av
686 2429 40 28 de
751 2427 204 32 inkomster,
981 2424 40 29 de
1047 2423 86 29 ägde
1159 2421 157 39 uppbära
1339 2418 55 30 vid
1422 2414 233 42 tjänstgöring

164 2490 20 29 å
210 2488 75 30 sina
312 2486 100 30 civila
441 2482 248 38 befattningar.
726 2481 42 29 Så
796 2479 90 30 hade
914 2477 176 38 nämligen
1115 2474 163 30 inträffat
1304 2472 9 29 i
1344 2472 98 37 fråga
1469 2479 58 20 om
1554 2469 102 29 stats-

167 2541 224 40 tjänstemän,
419 2538 91 29 vilka
539 2537 89 28 efter
654 2532 187 42 uppnådda
871 2532 40 29 55
940 2528 184 32 levnadsår
1152 2527 88 29 varit
1268 2524 176 31 inkallade
1473 2523 8 29 i
1511 2521 146 30 militär-
