2196 2640
701 172 252 32 Statsutskottets
982 172 166 32 Utlåtande
1171 172 62 31 N:o
1263 172 69 31 126.
1492 172 6 5 ”
1739 170 38 30 11

227 252 190 37 innehölle
445 253 71 36 och
544 253 11 35 i
585 252 134 36 sådant
747 251 177 37 afseende
945 250 137 47 anfört,
1104 250 180 36 hurusom
1303 248 141 48 nådiga
1464 247 278 47 förordningen
1762 261 59 23 om

228 304 279 49 kronoparkers
535 304 178 36 bildande
742 303 74 36 den
847 305 44 33 21
922 302 197 36 december
1150 303 96 35 1865
1277 300 180 48 stadgade
1476 298 71 50 i$$
1579 301 20 33 3
1621 299 71 35 och
1713 300 34 45 5,
1769 304 55 30 att

228 356 119 46 mark,
388 356 154 36 hvilken
583 368 92 23 vore
716 354 161 49 lämplig
917 354 58 36 till
1013 353 225 48 kronopark,
1269 352 121 36 skulle
1419 354 125 34 såsom
1574 350 118 36 sådan
1720 349 103 36 inom

227 407 162 49 tjänliga
431 412 160 44 gränser
632 406 173 48 afskiljas
847 407 83 34 från
972 405 192 36 enskildas
1193 409 104 43 ägor,
1327 408 98 31 samt
1451 408 66 41 att,
1547 402 47 36 då
1622 401 98 47 skog
1748 400 75 36 till-

227 459 153 36 delades
421 460 178 35 hemman
641 457 71 37 och
752 457 225 49 nybyggen,
1011 456 196 47 samtidigt
1241 455 87 36 med
1356 455 65 35 det
1449 459 56 31 att
1533 453 107 36 mark
1669 453 155 35 afsattes

227 510 58 36 till
319 510 228 49 kronopark,
576 509 250 36 hemmanens
855 507 259 48 skogsskiften
1144 506 122 36 skulle
1295 509 41 33 så
1364 506 209 47 förläggas,
1603 509 55 31 att
1686 504 138 36 krono-

227 561 156 49 parken,
425 560 130 37 såvida
594 559 154 48 möjligt
788 571 102 33 vore,
934 558 149 36 bildade
1125 562 55 31 ett
1209 556 377 48 sammanhängande
1614 555 80 36 helt
1721 556 104 35 inom

227 612 194 49 naturliga
453 610 307 50 begränsningar
794 610 42 36 af
859 609 229 48 vattendrag
1115 609 91 36 eller
1233 608 249 49 impediment
1510 607 70 36 och
1607 612 93 31 utan
1728 620 97 22 sam-

228 663 301 47 manblandning
570 662 84 36 med
692 661 191 37 enskildas
917 666 105 43 ägor,
1055 660 97 36 dock
1181 665 67 41 att,
1278 673 61 23 om
1368 659 237 36 annorlunda
1633 658 32 47 ej
1698 657 127 37 kunde

227 716 81 44 ske,
333 716 226 35 hemmanen
578 713 104 48 finge
700 713 104 37 inom
824 713 270 48 kronoparken
1113 711 190 37 bibehålla
1323 711 84 36 sina
1428 711 137 48 inägor
1585 710 70 36 och
1676 710 149 36 slåtter-

228 766 220 49 lägenheter
477 770 99 31 samt
602 765 121 48 nödig
751 765 99 48 skog
877 764 57 36 till
954 763 200 48 husbehof,
1175 777 87 23 men
1282 763 73 36 den
1375 762 126 48 öfriga
1520 762 160 48 skogen,
1701 761 124 37 såvidt

228 818 135 36 sådant
404 822 92 31 utan
537 817 66 36 allt
644 817 59 36 för
744 822 104 31 stora
889 816 245 48 olägenheter
1161 815 128 36 kunde
1318 815 80 46 ske,
1427 815 13 35 i
1468 814 186 36 särskilda
1683 813 142 36 skiften

228 871 125 34 såsom
385 869 144 48 utskog
561 869 198 48 förläggas
792 873 105 31 utom
925 867 287 49 kronoparkens
1240 871 171 43 gränser.
1468 865 273 48 Anledningen
1768 864 59 35 till

227 921 266 49 uppställande
536 920 41 36 af
615 920 123 36 denna
778 919 146 49 princip
967 932 61 22 om
1071 918 214 37 »oblandad
1321 917 248 47 äganderätt»
1601 915 58 37 till
1688 916 138 36 krono-

227 972 188 50 parkerna
446 985 104 34 vore,
582 971 202 37 framhålla
819 970 301 46 ämbetsverken,
1148 968 80 37 helt
1256 968 189 48 naturligt
1474 968 84 46 den,
1588 972 56 31 att
1673 981 88 22 man
1790 967 41 36 af

227 1038 48 23 en
307 1023 408 48 »sammanblandning
743 1023 86 36 med
858 1021 190 38 enskildas
1076 1026 113 43 ägor»
1208 1020 148 37 befarat
1375 1019 208 49 olägenhet
1602 1019 59 36 för
1681 1023 145 32 statens

228 1076 213 48 skogsvård
481 1076 13 36 i
535 1075 95 49 följd
672 1074 41 37 af
749 1073 200 38 försvårad
990 1073 233 48 bevakning,
1259 1071 300 49 skogsåverkan,
1589 1070 237 49 skogseldar,

227 1128 254 50 tillskapande
509 1128 41 36 af
574 1126 205 50 olämpliga
807 1127 216 47 ägofigurer
1050 1139 48 22 m.
1129 1139 47 21 m.

356 1181 74 36 Det
471 1179 127 36 kunde
639 1179 215 36 emellertid
894 1178 189 49 knappast
1123 1176 199 47 bestridas,
1367 1175 133 36 anföra
1532 1174 295 37 ämbetsverken

227 1231 143 48 vidare,
401 1237 55 31 att
480 1230 246 38 kommitténs
745 1229 364 48 kolonisationsplan
1128 1228 148 49 ganska
1296 1228 132 48 skarpt
1446 1227 110 36 bröte
1576 1226 87 37 med
1682 1225 145 50 grund-

226 1287 130 32 satsen
397 1296 61 22 om
503 1282 333 49 kronoparkernas
876 1280 211 49 integritet.
1143 1280 89 36 Men
1273 1279 116 37 sedan
1422 1277 407 49 saluafverkningen
1803 1273 28 62 i

227 1334 295 49 lappmarkerna
562 1333 128 37 blifvit
731 1334 114 36 ställd
884 1333 121 36 under
1046 1332 174 48 offentlig
1257 1331 178 46 kontroll,
1466 1330 86 36 med
1580 1330 154 48 tillagdt
1761 1329 68 36 hot

228 1399 62 23 om
331 1385 135 49 beslag
494 1388 21 33 å
543 1385 182 49 olofligen
767 1384 201 37 afverkadt
1008 1384 119 45 virke,
1171 1383 127 36 kunde
1333 1382 64 36 väl
1425 1382 75 36 den
1526 1381 208 49 viktigaste
1761 1380 66 36 be-

227 1437 269 49 tänkligheten
523 1442 80 31 mot
631 1450 47 23 en
708 1436 225 49 anordning,
963 1448 80 24 som
1064 1435 131 48 afsåge
1217 1439 55 31 att
1292 1437 38 33 åt
1350 1433 175 37 enskilda
1543 1434 159 48 upplåta
1721 1432 108 36 mark

228 1493 22 33 å
277 1489 327 50 kronoparkerna,
647 1501 113 24 anses
794 1488 115 36 hafva
937 1487 228 37 försvunnit.
1221 1486 141 36 Härtill
1389 1485 166 46 komme,
1586 1489 55 31 att
1667 1483 161 38 berörda

226 1541 209 49 grundsats
475 1541 117 37 redan
620 1541 12 36 i
660 1541 33 48 ej
726 1540 216 49 oväsentlig
969 1542 88 34 mån
1084 1538 160 37 rubbats
1272 1550 140 36 genom
1440 1536 299 49 lagstiftningen
1767 1548 61 24 om

229 1593 217 50 skogstorp.

358 1645 290 37 Bestämmelser
676 1657 62 24 om
767 1643 124 37 denna
919 1643 99 36 form
1045 1642 60 36 för
1127 1641 325 50 jordupplåtelser
1477 1643 20 34 å
1515 1639 314 50 kronoparkerna

229 1697 243 36 meddelades
513 1697 97 36 först
637 1696 13 36 i
678 1709 48 23 en
766 1695 119 48 nådig
926 1694 199 37 skrifvelse
1158 1693 59 37 till
1245 1692 331 49 domänstyrelsen
1606 1692 41 36 af
1671 1692 75 35 den
1780 1693 47 34 29

229 1749 75 49 maj
337 1750 109 35 1891.
488 1749 58 36 Då
573 1747 188 49 medgafs,
792 1752 56 32 att
876 1749 21 33 å
925 1745 261 50 kronoparker
1214 1745 13 36 i
1254 1745 258 36 Norrbottens
1531 1744 63 36 län
1614 1743 213 48 befintliga,

229 1800 56 36 till
322 1801 205 48 skogstorp
555 1800 164 49 tjänliga
747 1799 226 49 lägenheter
999 1799 116 47 finge,
1147 1797 65 36 där
1240 1796 63 51 det
1331 1797 59 36 för
1418 1795 290 50 kronoparkens
1735 1795 94 36 vård

230 1852 71 36 och
341 1852 221 49 bevakning
602 1852 138 36 funnes
780 1864 93 24 vara
909 1850 216 48 gagneligt,
1156 1849 41 36 af
1221 1847 331 49 domänstyrelsen
1579 1850 49 46 på
1654 1847 78 36 viss
1760 1846 68 47 tid,

229 1904 35 49 ej
302 1904 286 49 öfverstigande
615 1904 115 49 tjugu
758 1905 52 45 år,
839 1902 176 49 upplåtas
1042 1901 60 37 till
1130 1900 134 48 odling
1292 1900 72 37 och
1391 1899 259 50 bebyggande
1679 1901 38 34 åt
1744 1911 85 37 per-

229 1968 125 36 soner,
384 1969 80 24 som
492 1956 99 49 ägde
619 1955 78 49 god
725 1955 99 49 frejd
852 1954 71 37 och
950 1966 91 24 vore
1064 1953 89 37 fullt
1172 1952 213 37 arbetsföra
1405 1957 100 31 samt
1523 1951 13 36 i
1555 1951 119 48 öfrigt
1693 1951 136 36 funnes

229 2021 92 23 vara
363 2008 86 36 fullt
490 2007 197 50 lämpliga,
729 2007 122 36 under
893 2005 150 49 villkor,
1085 2004 116 37 bland
1244 2004 131 47 andra,
1418 2008 55 32 att
1500 2008 180 44 torparen
1707 2002 123 37 under

229 2060 121 36 första
389 2059 321 51 upplåtelsetiden
752 2058 122 37 skulle
913 2058 103 36 inom
1058 2057 65 36 det
1164 2056 155 37 område
1363 2055 41 37 af
1436 2054 283 50 kronoparken,
1748 2067 80 24 som

229 2111 129 37 blefve
386 2112 142 36 honom
557 2110 187 47 anvisadt,
773 2110 135 37 utöfva
936 2109 131 49 tillsyn
1097 2108 71 37 och
1192 2107 224 49 bevakning
1435 2112 100 32 samt
1552 2109 49 47 på
1619 2106 210 49 tillsägelse

230 2163 42 36 af
308 2163 299 37 vederbörande"
632 2162 354 49 skogstjänsteman
1027 2160 71 38 och
1137 2165 78 31 mot
1243 2159 129 48 skälig
1400 2159 217 48 ersättning
1644 2163 138 44 utgöra
1809 2160 21 33 å

232 2215 266 50 kronoparken
545 2214 249 49 erforderliga
841 2213 169 48 arbeten,
1052 2212 71 37 och
1165 2212 123 36 skulle
1331 2211 97 37 efter
1469 2211 245 37 frihetsårens
1755 2209 76 37 slut
