<?xml version="1.0" encoding="UTF-8"?>
<alto xmlns="http://www.loc.gov/standards/alto/ns-v3#" xmlns:xlink="http://www.w3.org/1999/xlink" xmlns:xsi="http://www.w3.org/2001/XMLSchema-instance" xsi:schemaLocation="http://www.loc.gov/standards/alto/ns-v3# http://www.loc.gov/alto/v3/alto-3-0.xsd">
	<Description>
		<MeasurementUnit>pixel</MeasurementUnit>
		<sourceImageInformation>
			<fileName>/tmp/tess_u200d1w2_input.PNG</fileName>
		</sourceImageInformation>
		<OCRProcessing ID="OCR_0">
			<ocrProcessingStep>
				<processingSoftware>
					<softwareName>tesseract 5.3.0</softwareName>
				</processingSoftware>
			</ocrProcessingStep>
		</OCRProcessing>
	</Description>
	<Layout>
		<Page WIDTH="2240" HEIGHT="2671" PHYSICAL_IMG_NR="0" ID="page_0">
			<PrintSpace HPOS="0" VPOS="0" WIDTH="2240" HEIGHT="2671">
				<ComposedBlock ID="cblock_0" HPOS="212" VPOS="1698" WIDTH="176" HEIGHT="141">
					<TextBlock ID="block_0" HPOS="212" VPOS="1698" WIDTH="176" HEIGHT="141">
						<TextLine ID="line_0" HPOS="216" VPOS="1698" WIDTH="169" HEIGHT="25">
							<String ID="string_0" HPOS="216" VPOS="1698" WIDTH="119" HEIGHT="25" WC="0.96" CONTENT="Revision"/><SP WIDTH="19" VPOS="1698" HPOS="335"/>
							<String ID="string_1" HPOS="354" VPOS="1705" WIDTH="31" HEIGHT="16" WC="0.94" CONTENT="av"/>
						</TextLine>
						<TextLine ID="line_1" HPOS="226" VPOS="1735" WIDTH="149" HEIGHT="24">
							<String ID="string_2" HPOS="226" VPOS="1735" WIDTH="149" HEIGHT="24" WC="0.45" CONTENT="tullrestilu-"/>
						</TextLine>
						<TextLine ID="line_2" HPOS="212" VPOS="1768" WIDTH="176" HEIGHT="34">
							<String ID="string_3" HPOS="212" VPOS="1768" WIDTH="176" HEIGHT="34" WC="0.91" CONTENT="tionslagstift-"/>
						</TextLine>
						<TextLine ID="line_3" HPOS="247" VPOS="1809" WIDTH="99" HEIGHT="30">
							<String ID="string_4" HPOS="247" VPOS="1809" WIDTH="99" HEIGHT="30" WC="0.95" CONTENT="ningen."/>
						</TextLine>
					</TextBlock>
				</ComposedBlock>
				<ComposedBlock ID="cblock_1" HPOS="417" VPOS="217" WIDTH="1340" HEIGHT="41">
					<TextBlock ID="block_1" HPOS="417" VPOS="217" WIDTH="1340" HEIGHT="41">
						<TextLine ID="line_4" HPOS="417" VPOS="217" WIDTH="1340" HEIGHT="41">
							<String ID="string_5" HPOS="417" VPOS="224" WIDTH="19" HEIGHT="22" WC="0.70" CONTENT="S"/><SP WIDTH="236" VPOS="224" HPOS="436"/>
							<String ID="string_6" HPOS="672" VPOS="220" WIDTH="102" HEIGHT="30" WC="0.94" CONTENT="Andra"/><SP WIDTH="24" VPOS="220" HPOS="774"/>
							<String ID="string_7" HPOS="798" VPOS="221" WIDTH="181" HEIGHT="29" WC="0.94" CONTENT="kammarens"/><SP WIDTH="26" VPOS="221" HPOS="979"/>
							<String ID="string_8" HPOS="1005" VPOS="218" WIDTH="133" HEIGHT="38" WC="0.95" CONTENT="tredje"/><SP WIDTH="28" VPOS="218" HPOS="1138"/>
							<String ID="string_9" HPOS="1166" VPOS="219" WIDTH="150" HEIGHT="39" WC="0.94" CONTENT="tillfälliga"/><SP WIDTH="24" VPOS="219" HPOS="1316"/>
							<String ID="string_10" HPOS="1340" VPOS="220" WIDTH="119" HEIGHT="29" WC="0.96" CONTENT="utskotts"/><SP WIDTH="23" VPOS="220" HPOS="1459"/>
							<String ID="string_11" HPOS="1482" VPOS="220" WIDTH="147" HEIGHT="30" WC="0.96" CONTENT="utlåtande"/><SP WIDTH="24" VPOS="220" HPOS="1629"/>
							<String ID="string_12" HPOS="1653" VPOS="217" WIDTH="51" HEIGHT="31" WC="0.96" CONTENT="Nr"/><SP WIDTH="25" VPOS="217" HPOS="1704"/>
							<String ID="string_13" HPOS="1729" VPOS="220" WIDTH="28" HEIGHT="28" WC="0.95" CONTENT="5."/>
						</TextLine>
					</TextBlock>
				</ComposedBlock>
				<ComposedBlock ID="cblock_2" HPOS="1795" VPOS="409" WIDTH="108" HEIGHT="41">
					<TextBlock ID="block_2" HPOS="1795" VPOS="409" WIDTH="108" HEIGHT="41">
						<TextLine ID="line_5" HPOS="1795" VPOS="409" WIDTH="108" HEIGHT="41">
							<String ID="string_14" HPOS="1795" VPOS="409" WIDTH="108" HEIGHT="41" WC="0.96" CONTENT="Bilaga."/>
						</TextLine>
					</TextBlock>
				</ComposedBlock>
				<ComposedBlock ID="cblock_3" HPOS="1335" VPOS="500" WIDTH="569" HEIGHT="33">
					<TextBlock ID="block_3" HPOS="1335" VPOS="500" WIDTH="569" HEIGHT="33">
						<TextLine ID="line_6" HPOS="1335" VPOS="500" WIDTH="569" HEIGHT="33">
							<String ID="string_15" HPOS="1335" VPOS="502" WIDTH="185" HEIGHT="31" WC="0.95" CONTENT="Stockholm"/><SP WIDTH="26" VPOS="502" HPOS="1520"/>
							<String ID="string_16" HPOS="1546" VPOS="500" WIDTH="61" HEIGHT="32" WC="0.96" CONTENT="den"/><SP WIDTH="25" VPOS="500" HPOS="1607"/>
							<String ID="string_17" HPOS="1632" VPOS="501" WIDTH="41" HEIGHT="30" WC="0.95" CONTENT="20"/><SP WIDTH="25" VPOS="501" HPOS="1673"/>
							<String ID="string_18" HPOS="1698" VPOS="511" WIDTH="85" HEIGHT="21" WC="0.95" CONTENT="mars"/><SP WIDTH="26" VPOS="511" HPOS="1783"/>
							<String ID="string_19" HPOS="1809" VPOS="500" WIDTH="95" HEIGHT="32" WC="0.94" CONTENT="1915."/>
						</TextLine>
					</TextBlock>
				</ComposedBlock>
				<ComposedBlock ID="cblock_4" HPOS="1074" VPOS="658" WIDTH="284" HEIGHT="31">
					<TextBlock ID="block_4" HPOS="1074" VPOS="658" WIDTH="284" HEIGHT="31">
						<TextLine ID="line_7" HPOS="1074" VPOS="658" WIDTH="284" HEIGHT="31">
							<String ID="string_20" HPOS="1074" VPOS="658" WIDTH="58" HEIGHT="30" WC="0.95" CONTENT="Till"/><SP WIDTH="27" VPOS="658" HPOS="1132"/>
							<String ID="string_21" HPOS="1159" VPOS="658" WIDTH="199" HEIGHT="31" WC="0.96" CONTENT="KONUNGEN."/>
						</TextLine>
					</TextBlock>
				</ComposedBlock>
				<ComposedBlock ID="cblock_5" HPOS="414" VPOS="736" WIDTH="1615" HEIGHT="1622">
					<TextBlock ID="block_5" HPOS="414" VPOS="736" WIDTH="1607" HEIGHT="361">
						<TextLine ID="line_8" HPOS="528" VPOS="736" WIDTH="1491" HEIGHT="42">
							<String ID="string_22" HPOS="528" VPOS="739" WIDTH="122" HEIGHT="30" WC="0.95" CONTENT="Genom"/><SP WIDTH="25" VPOS="739" HPOS="650"/>
							<String ID="string_23" HPOS="675" VPOS="738" WIDTH="96" HEIGHT="40" WC="0.95" CONTENT="nådig"/><SP WIDTH="24" VPOS="738" HPOS="771"/>
							<String ID="string_24" HPOS="795" VPOS="739" WIDTH="112" HEIGHT="30" WC="0.96" CONTENT="remiss"/><SP WIDTH="23" VPOS="739" HPOS="907"/>
							<String ID="string_25" HPOS="930" VPOS="739" WIDTH="60" HEIGHT="29" WC="0.93" CONTENT="har"/><SP WIDTH="24" VPOS="739" HPOS="990"/>
							<String ID="string_26" HPOS="1014" VPOS="738" WIDTH="99" HEIGHT="30" WC="0.91" CONTENT="Eders"/><SP WIDTH="23" VPOS="738" HPOS="1113"/>
							<String ID="string_27" HPOS="1136" VPOS="738" WIDTH="119" HEIGHT="39" WC="0.96" CONTENT="Kungl."/><SP WIDTH="25" VPOS="738" HPOS="1255"/>
							<String ID="string_28" HPOS="1280" VPOS="738" WIDTH="94" HEIGHT="40" WC="0.96" CONTENT="Maj:t"/><SP WIDTH="24" VPOS="738" HPOS="1374"/>
							<String ID="string_29" HPOS="1398" VPOS="738" WIDTH="41" HEIGHT="39" WC="0.96" CONTENT="på"/><SP WIDTH="15" VPOS="738" HPOS="1439"/>
							<String ID="string_30" HPOS="1454" VPOS="737" WIDTH="194" HEIGHT="30" WC="0.96" CONTENT="hemställan"/><SP WIDTH="16" VPOS="737" HPOS="1648"/>
							<String ID="string_31" HPOS="1664" VPOS="747" WIDTH="39" HEIGHT="21" WC="0.96" CONTENT="av"/><SP WIDTH="15" VPOS="747" HPOS="1703"/>
							<String ID="string_32" HPOS="1718" VPOS="736" WIDTH="185" HEIGHT="40" WC="0.96" CONTENT="riksdagens"/><SP WIDTH="16" VPOS="736" HPOS="1903"/>
							<String ID="string_33" HPOS="1919" VPOS="737" WIDTH="100" HEIGHT="30" WC="0.96" CONTENT="första"/>
						</TextLine>
						<TextLine ID="line_9" HPOS="415" VPOS="782" WIDTH="1604" HEIGHT="42">
							<String ID="string_34" HPOS="415" VPOS="785" WIDTH="181" HEIGHT="31" WC="0.90" CONTENT="kammares"/><SP WIDTH="36" VPOS="785" HPOS="596"/>
							<String ID="string_35" HPOS="632" VPOS="784" WIDTH="162" HEIGHT="40" WC="0.94" CONTENT="tillfälliga"/><SP WIDTH="34" VPOS="784" HPOS="794"/>
							<String ID="string_36" HPOS="828" VPOS="784" WIDTH="125" HEIGHT="31" WC="0.95" CONTENT="utskott"/><SP WIDTH="34" VPOS="784" HPOS="953"/>
							<String ID="string_37" HPOS="987" VPOS="794" WIDTH="38" HEIGHT="20" WC="0.95" CONTENT="nr"/><SP WIDTH="35" VPOS="794" HPOS="1025"/>
							<String ID="string_38" HPOS="1060" VPOS="784" WIDTH="18" HEIGHT="30" WC="0.92" CONTENT="2"/><SP WIDTH="30" VPOS="784" HPOS="1078"/>
							<String ID="string_39" HPOS="1108" VPOS="783" WIDTH="156" HEIGHT="31" WC="0.90" CONTENT="anbefallt"/><SP WIDTH="22" VPOS="783" HPOS="1264"/>
							<String ID="string_40" HPOS="1286" VPOS="782" WIDTH="338" HEIGHT="40" WC="0.90" CONTENT="kommerskollegium"/><SP WIDTH="25" VPOS="782" HPOS="1624"/>
							<String ID="string_41" HPOS="1649" VPOS="785" WIDTH="46" HEIGHT="28" WC="0.93" CONTENT="att"/><SP WIDTH="23" VPOS="785" HPOS="1695"/>
							<String ID="string_42" HPOS="1718" VPOS="783" WIDTH="112" HEIGHT="39" WC="0.91" CONTENT="avgiva"/><SP WIDTH="23" VPOS="783" HPOS="1830"/>
							<String ID="string_43" HPOS="1853" VPOS="782" WIDTH="166" HEIGHT="31" WC="0.96" CONTENT="utlåtande"/>
						</TextLine>
						<TextLine ID="line_10" HPOS="415" VPOS="829" WIDTH="1605" HEIGHT="40">
							<String ID="string_44" HPOS="415" VPOS="834" WIDTH="74" HEIGHT="27" WC="0.96" CONTENT="över"/><SP WIDTH="24" VPOS="834" HPOS="489"/>
							<String ID="string_45" HPOS="513" VPOS="841" WIDTH="40" HEIGHT="20" WC="0.96" CONTENT="en"/><SP WIDTH="23" VPOS="841" HPOS="553"/>
							<String ID="string_46" HPOS="576" VPOS="841" WIDTH="39" HEIGHT="19" WC="0.96" CONTENT="av"/><SP WIDTH="23" VPOS="841" HPOS="615"/>
							<String ID="string_47" HPOS="638" VPOS="831" WIDTH="72" HEIGHT="29" WC="0.96" CONTENT="herr"/><SP WIDTH="23" VPOS="831" HPOS="710"/>
							<String ID="string_48" HPOS="733" VPOS="829" WIDTH="105" HEIGHT="31" WC="0.96" CONTENT="David"/><SP WIDTH="23" VPOS="829" HPOS="838"/>
							<String ID="string_49" HPOS="861" VPOS="830" WIDTH="180" HEIGHT="39" WC="0.96" CONTENT="Bergström"/><SP WIDTH="25" VPOS="830" HPOS="1041"/>
							<String ID="string_50" HPOS="1066" VPOS="830" WIDTH="89" HEIGHT="29" WC="0.96" CONTENT="inom"/><SP WIDTH="24" VPOS="830" HPOS="1155"/>
							<String ID="string_51" HPOS="1179" VPOS="829" WIDTH="185" HEIGHT="39" WC="0.95" CONTENT="riksdagens"/><SP WIDTH="23" VPOS="829" HPOS="1364"/>
							<String ID="string_52" HPOS="1387" VPOS="829" WIDTH="100" HEIGHT="30" WC="0.96" CONTENT="första"/><SP WIDTH="24" VPOS="829" HPOS="1487"/>
							<String ID="string_53" HPOS="1511" VPOS="829" WIDTH="163" HEIGHT="29" WC="0.96" CONTENT="kammare"/><SP WIDTH="24" VPOS="829" HPOS="1674"/>
							<String ID="string_54" HPOS="1698" VPOS="829" WIDTH="96" HEIGHT="30" WC="0.96" CONTENT="väckt"/><SP WIDTH="22" VPOS="829" HPOS="1794"/>
							<String ID="string_55" HPOS="1816" VPOS="829" WIDTH="59" HEIGHT="29" WC="0.96" CONTENT="och"/><SP WIDTH="17" VPOS="829" HPOS="1875"/>
							<String ID="string_56" HPOS="1892" VPOS="838" WIDTH="38" HEIGHT="20" WC="0.95" CONTENT="av"/><SP WIDTH="17" VPOS="838" HPOS="1930"/>
							<String ID="string_57" HPOS="1947" VPOS="829" WIDTH="73" HEIGHT="29" WC="0.96" CONTENT="herr"/>
						</TextLine>
						<TextLine ID="line_11" HPOS="414" VPOS="872" WIDTH="1605" HEIGHT="42">
							<String ID="string_58" HPOS="414" VPOS="876" WIDTH="104" HEIGHT="38" WC="0.92" CONTENT="Röing"/><SP WIDTH="34" VPOS="876" HPOS="518"/>
							<String ID="string_59" HPOS="552" VPOS="876" WIDTH="11" HEIGHT="29" WC="0.96" CONTENT="i"/><SP WIDTH="34" VPOS="876" HPOS="563"/>
							<String ID="string_60" HPOS="597" VPOS="875" WIDTH="185" HEIGHT="39" WC="0.96" CONTENT="riksdagens"/><SP WIDTH="35" VPOS="875" HPOS="782"/>
							<String ID="string_61" HPOS="817" VPOS="875" WIDTH="99" HEIGHT="30" WC="0.96" CONTENT="andra"/><SP WIDTH="34" VPOS="875" HPOS="916"/>
							<String ID="string_62" HPOS="950" VPOS="875" WIDTH="165" HEIGHT="30" WC="0.93" CONTENT="kammare"/><SP WIDTH="27" VPOS="875" HPOS="1115"/>
							<String ID="string_63" HPOS="1142" VPOS="874" WIDTH="128" HEIGHT="30" WC="0.92" CONTENT="biträdd"/><SP WIDTH="27" VPOS="874" HPOS="1270"/>
							<String ID="string_64" HPOS="1297" VPOS="874" WIDTH="123" HEIGHT="30" WC="0.96" CONTENT="motion"/><SP WIDTH="28" VPOS="874" HPOS="1420"/>
							<String ID="string_65" HPOS="1448" VPOS="874" WIDTH="49" HEIGHT="38" WC="0.96" CONTENT="(nr"/><SP WIDTH="22" VPOS="874" HPOS="1497"/>
							<String ID="string_66" HPOS="1519" VPOS="883" WIDTH="81" HEIGHT="30" WC="0.96" CONTENT="resp."/><SP WIDTH="27" VPOS="883" HPOS="1600"/>
							<String ID="string_67" HPOS="1627" VPOS="873" WIDTH="40" HEIGHT="30" WC="0.96" CONTENT="63"/><SP WIDTH="26" VPOS="873" HPOS="1667"/>
							<String ID="string_68" HPOS="1693" VPOS="874" WIDTH="59" HEIGHT="30" WC="0.96" CONTENT="och"/><SP WIDTH="26" VPOS="874" HPOS="1752"/>
							<String ID="string_69" HPOS="1778" VPOS="872" WIDTH="74" HEIGHT="42" WC="0.96" CONTENT="186)"/><SP WIDTH="24" VPOS="872" HPOS="1852"/>
							<String ID="string_70" HPOS="1876" VPOS="883" WIDTH="53" HEIGHT="21" WC="0.93" CONTENT="om"/><SP WIDTH="24" VPOS="883" HPOS="1929"/>
							<String ID="string_71" HPOS="1953" VPOS="873" WIDTH="66" HEIGHT="31" WC="0.92" CONTENT="vid-"/>
						</TextLine>
						<TextLine ID="line_12" HPOS="415" VPOS="919" WIDTH="1605" HEIGHT="41">
							<String ID="string_72" HPOS="415" VPOS="921" WIDTH="136" HEIGHT="39" WC="0.96" CONTENT="tagande"/><SP WIDTH="35" VPOS="921" HPOS="551"/>
							<String ID="string_73" HPOS="586" VPOS="931" WIDTH="40" HEIGHT="21" WC="0.96" CONTENT="av"/><SP WIDTH="33" VPOS="931" HPOS="626"/>
							<String ID="string_74" HPOS="659" VPOS="920" WIDTH="230" HEIGHT="31" WC="0.95" CONTENT="förberedande"/><SP WIDTH="28" VPOS="920" HPOS="889"/>
							<String ID="string_75" HPOS="917" VPOS="920" WIDTH="145" HEIGHT="39" WC="0.96" CONTENT="åtgärder"/><SP WIDTH="21" VPOS="920" HPOS="1062"/>
							<String ID="string_76" HPOS="1083" VPOS="920" WIDTH="50" HEIGHT="30" WC="0.93" CONTENT="för"/><SP WIDTH="23" VPOS="920" HPOS="1133"/>
							<String ID="string_77" HPOS="1156" VPOS="919" WIDTH="204" HEIGHT="40" WC="0.92" CONTENT="begagnande"/><SP WIDTH="24" VPOS="919" HPOS="1360"/>
							<String ID="string_78" HPOS="1384" VPOS="930" WIDTH="39" HEIGHT="20" WC="0.96" CONTENT="av"/><SP WIDTH="24" VPOS="930" HPOS="1423"/>
							<String ID="string_79" HPOS="1447" VPOS="919" WIDTH="39" HEIGHT="30" WC="0.93" CONTENT="de"/><SP WIDTH="23" VPOS="919" HPOS="1486"/>
							<String ID="string_80" HPOS="1509" VPOS="919" WIDTH="415" HEIGHT="40" WC="0.89" CONTENT="utvecklingsmöjligheter,"/><SP WIDTH="25" VPOS="919" HPOS="1924"/>
							<String ID="string_81" HPOS="1949" VPOS="929" WIDTH="71" HEIGHT="21" WC="0.96" CONTENT="som"/>
						</TextLine>
						<TextLine ID="line_13" HPOS="415" VPOS="964" WIDTH="1604" HEIGHT="41">
							<String ID="string_82" HPOS="415" VPOS="967" WIDTH="80" HEIGHT="30" WC="0.96" CONTENT="efter"/><SP WIDTH="23" VPOS="967" HPOS="495"/>
							<String ID="string_83" HPOS="518" VPOS="966" WIDTH="225" HEIGHT="39" WC="0.96" CONTENT="världskrigets"/><SP WIDTH="23" VPOS="966" HPOS="743"/>
							<String ID="string_84" HPOS="766" VPOS="966" WIDTH="210" HEIGHT="39" WC="0.96" CONTENT="upphörande"/><SP WIDTH="24" VPOS="966" HPOS="976"/>
							<String ID="string_85" HPOS="1000" VPOS="966" WIDTH="111" HEIGHT="30" WC="0.96" CONTENT="kunna"/><SP WIDTH="23" VPOS="966" HPOS="1111"/>
							<String ID="string_86" HPOS="1134" VPOS="965" WIDTH="135" HEIGHT="40" WC="0.95" CONTENT="erbjuda"/><SP WIDTH="23" VPOS="965" HPOS="1269"/>
							<String ID="string_87" HPOS="1292" VPOS="965" WIDTH="48" HEIGHT="38" WC="0.96" CONTENT="sig"/><SP WIDTH="22" VPOS="965" HPOS="1340"/>
							<String ID="string_88" HPOS="1362" VPOS="965" WIDTH="49" HEIGHT="30" WC="0.96" CONTENT="för"/><SP WIDTH="25" VPOS="965" HPOS="1411"/>
							<String ID="string_89" HPOS="1436" VPOS="965" WIDTH="142" HEIGHT="38" WC="0.96" CONTENT="Sveriges"/><SP WIDTH="23" VPOS="965" HPOS="1578"/>
							<String ID="string_90" HPOS="1601" VPOS="964" WIDTH="128" HEIGHT="37" WC="0.96" CONTENT="handel,"/><SP WIDTH="26" VPOS="964" HPOS="1729"/>
							<String ID="string_91" HPOS="1755" VPOS="964" WIDTH="114" HEIGHT="40" WC="0.96" CONTENT="sjöfart"/><SP WIDTH="23" VPOS="964" HPOS="1869"/>
							<String ID="string_92" HPOS="1892" VPOS="965" WIDTH="60" HEIGHT="30" WC="0.93" CONTENT="och"/><SP WIDTH="23" VPOS="965" HPOS="1952"/>
							<String ID="string_93" HPOS="1975" VPOS="965" WIDTH="44" HEIGHT="29" WC="0.92" CONTENT="in-"/>
						</TextLine>
						<TextLine ID="line_14" HPOS="415" VPOS="1009" WIDTH="1606" HEIGHT="42">
							<String ID="string_94" HPOS="415" VPOS="1012" WIDTH="112" HEIGHT="30" WC="0.86" CONTENT="dustri."/><SP WIDTH="49" VPOS="1012" HPOS="527"/>
							<String ID="string_95" HPOS="576" VPOS="1012" WIDTH="63" HEIGHT="29" WC="0.91" CONTENT="Till"/><SP WIDTH="35" VPOS="1012" HPOS="639"/>
							<String ID="string_96" HPOS="674" VPOS="1011" WIDTH="155" HEIGHT="40" WC="0.91" CONTENT="åtlydnad"/><SP WIDTH="34" VPOS="1011" HPOS="829"/>
							<String ID="string_97" HPOS="863" VPOS="1011" WIDTH="99" HEIGHT="31" WC="0.96" CONTENT="härav"/><SP WIDTH="27" VPOS="1011" HPOS="962"/>
							<String ID="string_98" HPOS="989" VPOS="1011" WIDTH="49" HEIGHT="30" WC="0.96" CONTENT="får"/><SP WIDTH="28" VPOS="1011" HPOS="1038"/>
							<String ID="string_99" HPOS="1066" VPOS="1011" WIDTH="174" HEIGHT="39" WC="0.96" CONTENT="kollegium"/><SP WIDTH="24" VPOS="1011" HPOS="1240"/>
							<String ID="string_100" HPOS="1264" VPOS="1010" WIDTH="76" HEIGHT="31" WC="0.96" CONTENT="med"/><SP WIDTH="23" VPOS="1010" HPOS="1340"/>
							<String ID="string_101" HPOS="1363" VPOS="1009" WIDTH="226" HEIGHT="31" WC="0.96" CONTENT="återställande"/><SP WIDTH="24" VPOS="1009" HPOS="1589"/>
							<String ID="string_102" HPOS="1613" VPOS="1020" WIDTH="39" HEIGHT="21" WC="0.93" CONTENT="av"/><SP WIDTH="23" VPOS="1020" HPOS="1652"/>
							<String ID="string_103" HPOS="1675" VPOS="1009" WIDTH="211" HEIGHT="31" WC="0.92" CONTENT="remissakten"/><SP WIDTH="24" VPOS="1009" HPOS="1886"/>
							<String ID="string_104" HPOS="1910" VPOS="1010" WIDTH="111" HEIGHT="30" WC="0.96" CONTENT="anföra"/>
						</TextLine>
						<TextLine ID="line_15" HPOS="415" VPOS="1057" WIDTH="153" HEIGHT="40">
							<String ID="string_105" HPOS="415" VPOS="1057" WIDTH="153" HEIGHT="40" WC="0.96" CONTENT="följande."/>
						</TextLine>
					</TextBlock>
					<TextBlock ID="block_6" HPOS="415" VPOS="1100" WIDTH="1606" HEIGHT="132">
						<TextLine ID="line_16" HPOS="527" VPOS="1100" WIDTH="1494" HEIGHT="41">
							<String ID="string_106" HPOS="527" VPOS="1103" WIDTH="184" HEIGHT="38" WC="0.90" CONTENT="Kollegium"/><SP WIDTH="24" VPOS="1103" HPOS="711"/>
							<String ID="string_107" HPOS="735" VPOS="1102" WIDTH="118" HEIGHT="30" WC="0.96" CONTENT="tillåter"/><SP WIDTH="24" VPOS="1102" HPOS="853"/>
							<String ID="string_108" HPOS="877" VPOS="1102" WIDTH="46" HEIGHT="39" WC="0.96" CONTENT="sig"/><SP WIDTH="24" VPOS="1102" HPOS="923"/>
							<String ID="string_109" HPOS="947" VPOS="1102" WIDTH="50" HEIGHT="30" WC="0.96" CONTENT="till"/><SP WIDTH="24" VPOS="1102" HPOS="997"/>
							<String ID="string_110" HPOS="1021" VPOS="1112" WIDTH="39" HEIGHT="20" WC="0.96" CONTENT="en"/><SP WIDTH="25" VPOS="1112" HPOS="1060"/>
							<String ID="string_111" HPOS="1085" VPOS="1102" WIDTH="112" HEIGHT="39" WC="0.96" CONTENT="början"/><SP WIDTH="25" VPOS="1102" HPOS="1197"/>
							<String ID="string_112" HPOS="1222" VPOS="1102" WIDTH="102" HEIGHT="29" WC="0.96" CONTENT="erinra"/><SP WIDTH="23" VPOS="1102" HPOS="1324"/>
							<String ID="string_113" HPOS="1347" VPOS="1111" WIDTH="53" HEIGHT="20" WC="0.96" CONTENT="om"/><SP WIDTH="25" VPOS="1111" HPOS="1400"/>
							<String ID="string_114" HPOS="1425" VPOS="1100" WIDTH="39" HEIGHT="30" WC="0.93" CONTENT="de"/><SP WIDTH="20" VPOS="1100" HPOS="1464"/>
							<String ID="string_115" HPOS="1484" VPOS="1101" WIDTH="19" HEIGHT="29" WC="0.92" CONTENT="å"/><SP WIDTH="15" VPOS="1101" HPOS="1503"/>
							<String ID="string_116" HPOS="1518" VPOS="1101" WIDTH="83" HEIGHT="29" WC="0.91" CONTENT="bane"/><SP WIDTH="16" VPOS="1101" HPOS="1601"/>
							<String ID="string_117" HPOS="1617" VPOS="1100" WIDTH="139" HEIGHT="30" WC="0.96" CONTENT="varande"/><SP WIDTH="16" VPOS="1100" HPOS="1756"/>
							<String ID="string_118" HPOS="1772" VPOS="1100" WIDTH="145" HEIGHT="39" WC="0.96" CONTENT="åtgärder"/><SP WIDTH="14" VPOS="1100" HPOS="1917"/>
							<String ID="string_119" HPOS="1931" VPOS="1100" WIDTH="90" HEIGHT="30" WC="0.96" CONTENT="inom"/>
						</TextLine>
						<TextLine ID="line_17" HPOS="415" VPOS="1145" WIDTH="1606" HEIGHT="41">
							<String ID="string_120" HPOS="415" VPOS="1148" WIDTH="131" HEIGHT="38" WC="0.92" CONTENT="kollegii"/><SP WIDTH="23" VPOS="1148" HPOS="546"/>
							<String ID="string_121" HPOS="569" VPOS="1147" WIDTH="352" HEIGHT="39" WC="0.91" CONTENT="förvaltningsområde,"/><SP WIDTH="26" VPOS="1147" HPOS="921"/>
							<String ID="string_122" HPOS="947" VPOS="1157" WIDTH="70" HEIGHT="20" WC="0.96" CONTENT="som"/><SP WIDTH="24" VPOS="1157" HPOS="1017"/>
							<String ID="string_123" HPOS="1041" VPOS="1156" WIDTH="95" HEIGHT="30" WC="0.96" CONTENT="synas"/><SP WIDTH="24" VPOS="1156" HPOS="1136"/>
							<String ID="string_124" HPOS="1160" VPOS="1156" WIDTH="75" HEIGHT="21" WC="0.96" CONTENT="vara"/><SP WIDTH="16" VPOS="1156" HPOS="1235"/>
							<String ID="string_125" HPOS="1251" VPOS="1157" WIDTH="39" HEIGHT="20" WC="0.96" CONTENT="av"/><SP WIDTH="16" VPOS="1157" HPOS="1290"/>
							<String ID="string_126" HPOS="1306" VPOS="1146" WIDTH="222" HEIGHT="30" WC="0.96" CONTENT="beskaffenhet"/><SP WIDTH="17" VPOS="1146" HPOS="1528"/>
							<String ID="string_127" HPOS="1545" VPOS="1148" WIDTH="46" HEIGHT="28" WC="0.96" CONTENT="att"/><SP WIDTH="15" VPOS="1148" HPOS="1591"/>
							<String ID="string_128" HPOS="1606" VPOS="1145" WIDTH="112" HEIGHT="30" WC="0.96" CONTENT="kunna"/><SP WIDTH="16" VPOS="1145" HPOS="1718"/>
							<String ID="string_129" HPOS="1734" VPOS="1146" WIDTH="91" HEIGHT="39" WC="0.96" CONTENT="tjäna"/><SP WIDTH="15" VPOS="1146" HPOS="1825"/>
							<String ID="string_130" HPOS="1840" VPOS="1146" WIDTH="181" HEIGHT="29" WC="0.95" CONTENT="motionens"/>
						</TextLine>
						<TextLine ID="line_18" HPOS="416" VPOS="1192" WIDTH="402" HEIGHT="40">
							<String ID="string_131" HPOS="416" VPOS="1192" WIDTH="286" HEIGHT="40" WC="0.96" CONTENT="behjärtansvärda"/><SP WIDTH="25" VPOS="1192" HPOS="702"/>
							<String ID="string_132" HPOS="727" VPOS="1192" WIDTH="91" HEIGHT="39" WC="0.96" CONTENT="syfte."/>
						</TextLine>
					</TextBlock>
					<TextBlock ID="block_7" HPOS="415" VPOS="1234" WIDTH="1607" HEIGHT="449">
						<TextLine ID="line_19" HPOS="528" VPOS="1234" WIDTH="1493" HEIGHT="42">
							<String ID="string_133" HPOS="528" VPOS="1238" WIDTH="61" HEIGHT="29" WC="0.96" CONTENT="För"/><SP WIDTH="34" VPOS="1238" HPOS="589"/>
							<String ID="string_134" HPOS="623" VPOS="1237" WIDTH="185" HEIGHT="39" WC="0.96" CONTENT="utveckling"/><SP WIDTH="38" VPOS="1237" HPOS="808"/>
							<String ID="string_135" HPOS="846" VPOS="1247" WIDTH="39" HEIGHT="19" WC="0.96" CONTENT="av"/><SP WIDTH="35" VPOS="1247" HPOS="885"/>
							<String ID="string_136" HPOS="920" VPOS="1247" WIDTH="39" HEIGHT="19" WC="0.93" CONTENT="en"/><SP WIDTH="29" VPOS="1247" HPOS="959"/>
							<String ID="string_137" HPOS="988" VPOS="1236" WIDTH="261" HEIGHT="40" WC="0.91" CONTENT="exportindustri,"/><SP WIDTH="30" VPOS="1236" HPOS="1249"/>
							<String ID="string_138" HPOS="1279" VPOS="1245" WIDTH="69" HEIGHT="21" WC="0.96" CONTENT="som"/><SP WIDTH="24" VPOS="1245" HPOS="1348"/>
							<String ID="string_139" HPOS="1372" VPOS="1236" WIDTH="124" HEIGHT="30" WC="0.96" CONTENT="arbetar"/><SP WIDTH="23" VPOS="1236" HPOS="1496"/>
							<String ID="string_140" HPOS="1519" VPOS="1235" WIDTH="75" HEIGHT="30" WC="0.96" CONTENT="med"/><SP WIDTH="23" VPOS="1235" HPOS="1594"/>
							<String ID="string_141" HPOS="1617" VPOS="1234" WIDTH="173" HEIGHT="31" WC="0.96" CONTENT="utländska"/><SP WIDTH="22" VPOS="1234" HPOS="1790"/>
							<String ID="string_142" HPOS="1812" VPOS="1235" WIDTH="127" HEIGHT="30" WC="0.96" CONTENT="råvaror"/><SP WIDTH="23" VPOS="1235" HPOS="1939"/>
							<String ID="string_143" HPOS="1962" VPOS="1234" WIDTH="59" HEIGHT="31" WC="0.97" CONTENT="och"/>
						</TextLine>
						<TextLine ID="line_20" HPOS="417" VPOS="1280" WIDTH="1604" HEIGHT="41">
							<String ID="string_144" HPOS="417" VPOS="1283" WIDTH="226" HEIGHT="36" WC="0.96" CONTENT="halvfabrikat,"/><SP WIDTH="25" VPOS="1283" HPOS="643"/>
							<String ID="string_145" HPOS="668" VPOS="1282" WIDTH="118" HEIGHT="30" WC="0.96" CONTENT="liksom"/><SP WIDTH="24" VPOS="1282" HPOS="786"/>
							<String ID="string_146" HPOS="810" VPOS="1282" WIDTH="49" HEIGHT="30" WC="0.93" CONTENT="för"/><SP WIDTH="23" VPOS="1282" HPOS="859"/>
							<String ID="string_147" HPOS="882" VPOS="1281" WIDTH="256" HEIGHT="40" WC="0.89" CONTENT="upparbetandet"/><SP WIDTH="23" VPOS="1281" HPOS="1138"/>
							<String ID="string_148" HPOS="1161" VPOS="1291" WIDTH="39" HEIGHT="20" WC="0.96" CONTENT="av"/><SP WIDTH="24" VPOS="1291" HPOS="1200"/>
							<String ID="string_149" HPOS="1224" VPOS="1291" WIDTH="39" HEIGHT="20" WC="0.92" CONTENT="en"/><SP WIDTH="23" VPOS="1291" HPOS="1263"/>
							<String ID="string_150" HPOS="1286" VPOS="1280" WIDTH="254" HEIGHT="31" WC="0.91" CONTENT="transitohandel"/><SP WIDTH="24" VPOS="1280" HPOS="1540"/>
							<String ID="string_151" HPOS="1564" VPOS="1281" WIDTH="58" HEIGHT="29" WC="0.96" CONTENT="här"/><SP WIDTH="22" VPOS="1281" HPOS="1622"/>
							<String ID="string_152" HPOS="1644" VPOS="1280" WIDTH="12" HEIGHT="29" WC="0.96" CONTENT="i"/><SP WIDTH="23" VPOS="1280" HPOS="1656"/>
							<String ID="string_153" HPOS="1679" VPOS="1280" WIDTH="110" HEIGHT="30" WC="0.95" CONTENT="landet"/><SP WIDTH="22" VPOS="1280" HPOS="1789"/>
							<String ID="string_154" HPOS="1811" VPOS="1280" WIDTH="84" HEIGHT="29" WC="0.93" CONTENT="hava"/><SP WIDTH="15" VPOS="1280" HPOS="1895"/>
							<String ID="string_155" HPOS="1910" VPOS="1280" WIDTH="111" HEIGHT="30" WC="0.90" CONTENT="visser-"/>
						</TextLine>
						<TextLine ID="line_21" HPOS="415" VPOS="1325" WIDTH="1606" HEIGHT="41">
							<String ID="string_156" HPOS="415" VPOS="1328" WIDTH="84" HEIGHT="38" WC="0.95" CONTENT="ligen"/><SP WIDTH="39" VPOS="1328" HPOS="499"/>
							<String ID="string_157" HPOS="538" VPOS="1327" WIDTH="47" HEIGHT="30" WC="0.96" CONTENT="tid"/><SP WIDTH="35" VPOS="1327" HPOS="585"/>
							<String ID="string_158" HPOS="620" VPOS="1327" WIDTH="79" HEIGHT="30" WC="0.96" CONTENT="efter"/><SP WIDTH="35" VPOS="1327" HPOS="699"/>
							<String ID="string_159" HPOS="734" VPOS="1337" WIDTH="106" HEIGHT="20" WC="0.93" CONTENT="annan"/><SP WIDTH="24" VPOS="1337" HPOS="840"/>
							<String ID="string_160" HPOS="864" VPOS="1327" WIDTH="181" HEIGHT="39" WC="0.91" CONTENT="tillskapats"/><SP WIDTH="24" VPOS="1327" HPOS="1045"/>
							<String ID="string_161" HPOS="1069" VPOS="1326" WIDTH="159" HEIGHT="30" WC="0.96" CONTENT="lättnader"/><SP WIDTH="22" VPOS="1326" HPOS="1228"/>
							<String ID="string_162" HPOS="1250" VPOS="1326" WIDTH="12" HEIGHT="29" WC="0.96" CONTENT="i"/><SP WIDTH="22" VPOS="1326" HPOS="1262"/>
							<String ID="string_163" HPOS="1284" VPOS="1327" WIDTH="57" HEIGHT="30" WC="0.93" CONTENT="vår"/><SP WIDTH="22" VPOS="1327" HPOS="1341"/>
							<String ID="string_164" HPOS="1363" VPOS="1326" WIDTH="260" HEIGHT="38" WC="0.91" CONTENT="tullagstiftning,"/><SP WIDTH="25" VPOS="1326" HPOS="1623"/>
							<String ID="string_165" HPOS="1648" VPOS="1335" WIDTH="75" HEIGHT="20" WC="0.96" CONTENT="men"/><SP WIDTH="24" VPOS="1335" HPOS="1723"/>
							<String ID="string_166" HPOS="1747" VPOS="1325" WIDTH="92" HEIGHT="30" WC="0.96" CONTENT="dessa"/><SP WIDTH="22" VPOS="1325" HPOS="1839"/>
							<String ID="string_167" HPOS="1861" VPOS="1325" WIDTH="92" HEIGHT="36" WC="0.96" CONTENT="hava,"/><SP WIDTH="26" VPOS="1325" HPOS="1953"/>
							<String ID="string_168" HPOS="1979" VPOS="1325" WIDTH="42" HEIGHT="39" WC="0.96" CONTENT="på"/>
						</TextLine>
						<TextLine ID="line_22" HPOS="416" VPOS="1370" WIDTH="1604" HEIGHT="40">
							<String ID="string_169" HPOS="416" VPOS="1375" WIDTH="63" HEIGHT="28" WC="0.96" CONTENT="sätt"/><SP WIDTH="23" VPOS="1375" HPOS="479"/>
							<String ID="string_170" HPOS="502" VPOS="1373" WIDTH="96" HEIGHT="30" WC="0.96" CONTENT="också"/><SP WIDTH="22" VPOS="1373" HPOS="598"/>
							<String ID="string_171" HPOS="620" VPOS="1373" WIDTH="12" HEIGHT="29" WC="0.96" CONTENT="i"/><SP WIDTH="23" VPOS="1373" HPOS="632"/>
							<String ID="string_172" HPOS="655" VPOS="1373" WIDTH="164" HEIGHT="29" WC="0.93" CONTENT="motionen"/><SP WIDTH="23" VPOS="1373" HPOS="819"/>
							<String ID="string_173" HPOS="842" VPOS="1372" WIDTH="196" HEIGHT="36" WC="0.92" CONTENT="framhålles,"/><SP WIDTH="25" VPOS="1372" HPOS="1038"/>
							<String ID="string_174" HPOS="1063" VPOS="1372" WIDTH="70" HEIGHT="29" WC="0.96" CONTENT="icke"/><SP WIDTH="24" VPOS="1372" HPOS="1133"/>
							<String ID="string_175" HPOS="1157" VPOS="1374" WIDTH="87" HEIGHT="27" WC="0.95" CONTENT="ännu"/><SP WIDTH="23" VPOS="1374" HPOS="1244"/>
							<String ID="string_176" HPOS="1267" VPOS="1372" WIDTH="83" HEIGHT="30" WC="0.95" CONTENT="visat"/><SP WIDTH="24" VPOS="1372" HPOS="1350"/>
							<String ID="string_177" HPOS="1374" VPOS="1372" WIDTH="47" HEIGHT="38" WC="0.96" CONTENT="sig"/><SP WIDTH="23" VPOS="1372" HPOS="1421"/>
							<String ID="string_178" HPOS="1444" VPOS="1375" WIDTH="161" HEIGHT="26" WC="0.96" CONTENT="motsvara"/><SP WIDTH="23" VPOS="1375" HPOS="1605"/>
							<String ID="string_179" HPOS="1628" VPOS="1370" WIDTH="39" HEIGHT="30" WC="0.96" CONTENT="de"/><SP WIDTH="15" VPOS="1370" HPOS="1667"/>
							<String ID="string_180" HPOS="1682" VPOS="1370" WIDTH="250" HEIGHT="39" WC="0.96" CONTENT="förväntningar,"/><SP WIDTH="18" VPOS="1370" HPOS="1932"/>
							<String ID="string_181" HPOS="1950" VPOS="1379" WIDTH="70" HEIGHT="21" WC="0.96" CONTENT="som"/>
						</TextLine>
						<TextLine ID="line_23" HPOS="416" VPOS="1409" WIDTH="1603" HEIGHT="49">
							<String ID="string_182" HPOS="416" VPOS="1419" WIDTH="42" HEIGHT="39" WC="0.97" CONTENT="på"/><SP WIDTH="23" VPOS="1419" HPOS="458"/>
							<String ID="string_183" HPOS="481" VPOS="1418" WIDTH="47" HEIGHT="29" WC="0.96" CONTENT="sin"/><SP WIDTH="26" VPOS="1418" HPOS="528"/>
							<String ID="string_184" HPOS="554" VPOS="1417" WIDTH="47" HEIGHT="31" WC="0.96" CONTENT="tid"/><SP WIDTH="23" VPOS="1417" HPOS="601"/>
							<String ID="string_185" HPOS="624" VPOS="1417" WIDTH="126" HEIGHT="30" WC="0.96" CONTENT="knutits"/><SP WIDTH="23" VPOS="1417" HPOS="750"/>
							<String ID="string_186" HPOS="773" VPOS="1417" WIDTH="50" HEIGHT="30" WC="0.95" CONTENT="till"/><SP WIDTH="24" VPOS="1417" HPOS="823"/>
							<String ID="string_187" HPOS="847" VPOS="1416" WIDTH="175" HEIGHT="31" WC="0.95" CONTENT="desamma."/><SP WIDTH="48" VPOS="1416" HPOS="1022"/>
							<String ID="string_188" HPOS="1070" VPOS="1409" WIDTH="204" HEIGHT="38" WC="0.96" CONTENT="Åtminstone"/><SP WIDTH="24" VPOS="1409" HPOS="1274"/>
							<String ID="string_189" HPOS="1298" VPOS="1416" WIDTH="11" HEIGHT="29" WC="0.96" CONTENT="i"/><SP WIDTH="21" VPOS="1416" HPOS="1309"/>
							<String ID="string_190" HPOS="1330" VPOS="1416" WIDTH="88" HEIGHT="39" WC="0.96" CONTENT="fråga"/><SP WIDTH="16" VPOS="1416" HPOS="1418"/>
							<String ID="string_191" HPOS="1434" VPOS="1425" WIDTH="53" HEIGHT="21" WC="0.96" CONTENT="om"/><SP WIDTH="16" VPOS="1425" HPOS="1487"/>
							<String ID="string_192" HPOS="1503" VPOS="1416" WIDTH="85" HEIGHT="30" WC="0.96" CONTENT="vissa"/><SP WIDTH="16" VPOS="1416" HPOS="1588"/>
							<String ID="string_193" HPOS="1604" VPOS="1415" WIDTH="49" HEIGHT="30" WC="0.96" CONTENT="för"/><SP WIDTH="15" VPOS="1415" HPOS="1653"/>
							<String ID="string_194" HPOS="1668" VPOS="1414" WIDTH="241" HEIGHT="40" WC="0.93" CONTENT="ifrågavarande"/><SP WIDTH="16" VPOS="1414" HPOS="1909"/>
							<String ID="string_195" HPOS="1925" VPOS="1414" WIDTH="94" HEIGHT="30" WC="0.90" CONTENT="ända-"/>
						</TextLine>
						<TextLine ID="line_24" HPOS="416" VPOS="1460" WIDTH="1603" HEIGHT="41">
							<String ID="string_196" HPOS="416" VPOS="1463" WIDTH="66" HEIGHT="29" WC="0.96" CONTENT="mål"/><SP WIDTH="34" VPOS="1463" HPOS="482"/>
							<String ID="string_197" HPOS="516" VPOS="1462" WIDTH="159" HEIGHT="30" WC="0.95" CONTENT="inrättade"/><SP WIDTH="28" VPOS="1462" HPOS="675"/>
							<String ID="string_198" HPOS="703" VPOS="1463" WIDTH="129" HEIGHT="30" WC="0.96" CONTENT="institut"/><SP WIDTH="27" VPOS="1463" HPOS="832"/>
							<String ID="string_199" HPOS="859" VPOS="1472" WIDTH="95" HEIGHT="29" WC="0.95" CONTENT="synas"/><SP WIDTH="29" VPOS="1472" HPOS="954"/>
							<String ID="string_200" HPOS="983" VPOS="1462" WIDTH="170" HEIGHT="30" WC="0.96" CONTENT="orsakerna"/><SP WIDTH="23" VPOS="1462" HPOS="1153"/>
							<String ID="string_201" HPOS="1176" VPOS="1461" WIDTH="50" HEIGHT="30" WC="0.96" CONTENT="till"/><SP WIDTH="24" VPOS="1461" HPOS="1226"/>
							<String ID="string_202" HPOS="1250" VPOS="1461" WIDTH="88" HEIGHT="30" WC="0.96" CONTENT="detta"/><SP WIDTH="24" VPOS="1461" HPOS="1338"/>
							<String ID="string_203" HPOS="1362" VPOS="1460" WIDTH="260" HEIGHT="31" WC="0.96" CONTENT="sakförhållande"/><SP WIDTH="23" VPOS="1460" HPOS="1622"/>
							<String ID="string_204" HPOS="1645" VPOS="1470" WIDTH="76" HEIGHT="20" WC="0.96" CONTENT="vara"/><SP WIDTH="22" VPOS="1470" HPOS="1721"/>
							<String ID="string_205" HPOS="1743" VPOS="1460" WIDTH="154" HEIGHT="39" WC="0.96" CONTENT="tämligen"/><SP WIDTH="23" VPOS="1460" HPOS="1897"/>
							<String ID="string_206" HPOS="1920" VPOS="1460" WIDTH="99" HEIGHT="29" WC="0.96" CONTENT="klara."/>
						</TextLine>
						<TextLine ID="line_25" HPOS="417" VPOS="1505" WIDTH="1603" HEIGHT="42">
							<String ID="string_207" HPOS="417" VPOS="1509" WIDTH="16" HEIGHT="29" WC="0.73" CONTENT="I"/><SP WIDTH="34" VPOS="1509" HPOS="433"/>
							<String ID="string_208" HPOS="467" VPOS="1509" WIDTH="97" HEIGHT="38" WC="0.95" CONTENT="några"/><SP WIDTH="33" VPOS="1509" HPOS="564"/>
							<String ID="string_209" HPOS="597" VPOS="1507" WIDTH="59" HEIGHT="31" WC="0.93" CONTENT="fall"/><SP WIDTH="36" VPOS="1507" HPOS="656"/>
							<String ID="string_210" HPOS="692" VPOS="1507" WIDTH="253" HEIGHT="39" WC="0.92" CONTENT="sammanhänga"/><SP WIDTH="23" VPOS="1507" HPOS="945"/>
							<String ID="string_211" HPOS="968" VPOS="1506" WIDTH="39" HEIGHT="31" WC="0.96" CONTENT="de"/><SP WIDTH="23" VPOS="1506" HPOS="1007"/>
							<String ID="string_212" HPOS="1030" VPOS="1509" WIDTH="78" HEIGHT="28" WC="0.96" CONTENT="utan"/><SP WIDTH="25" VPOS="1509" HPOS="1108"/>
							<String ID="string_213" HPOS="1133" VPOS="1506" WIDTH="98" HEIGHT="31" WC="0.96" CONTENT="tvivel"/><SP WIDTH="28" VPOS="1506" HPOS="1231"/>
							<String ID="string_214" HPOS="1259" VPOS="1506" WIDTH="76" HEIGHT="31" WC="0.96" CONTENT="med"/><SP WIDTH="24" VPOS="1506" HPOS="1335"/>
							<String ID="string_215" HPOS="1359" VPOS="1506" WIDTH="114" HEIGHT="31" WC="0.96" CONTENT="brister"/><SP WIDTH="22" VPOS="1506" HPOS="1473"/>
							<String ID="string_216" HPOS="1495" VPOS="1507" WIDTH="11" HEIGHT="28" WC="0.96" CONTENT="i"/><SP WIDTH="24" VPOS="1507" HPOS="1506"/>
							<String ID="string_217" HPOS="1530" VPOS="1506" WIDTH="103" HEIGHT="40" WC="0.96" CONTENT="själva"/><SP WIDTH="23" VPOS="1506" HPOS="1633"/>
							<String ID="string_218" HPOS="1656" VPOS="1505" WIDTH="252" HEIGHT="39" WC="0.92" CONTENT="lagstiftningen."/><SP WIDTH="48" VPOS="1505" HPOS="1908"/>
							<String ID="string_219" HPOS="1956" VPOS="1505" WIDTH="64" HEIGHT="30" WC="0.90" CONTENT="Mo-"/>
						</TextLine>
						<TextLine ID="line_26" HPOS="416" VPOS="1550" WIDTH="1605" HEIGHT="42">
							<String ID="string_220" HPOS="416" VPOS="1554" WIDTH="109" HEIGHT="29" WC="0.96" CONTENT="tionen"/><SP WIDTH="35" VPOS="1554" HPOS="525"/>
							<String ID="string_221" HPOS="560" VPOS="1553" WIDTH="98" HEIGHT="39" WC="0.96" CONTENT="pekar"/><SP WIDTH="28" VPOS="1553" HPOS="658"/>
							<String ID="string_222" HPOS="686" VPOS="1554" WIDTH="42" HEIGHT="37" WC="0.96" CONTENT="på"/><SP WIDTH="33" VPOS="1554" HPOS="728"/>
							<String ID="string_223" HPOS="761" VPOS="1555" WIDTH="45" HEIGHT="27" WC="0.96" CONTENT="ett"/><SP WIDTH="23" VPOS="1555" HPOS="806"/>
							<String ID="string_224" HPOS="829" VPOS="1562" WIDTH="56" HEIGHT="30" WC="0.96" CONTENT="par"/><SP WIDTH="24" VPOS="1562" HPOS="885"/>
							<String ID="string_225" HPOS="909" VPOS="1552" WIDTH="119" HEIGHT="31" WC="0.96" CONTENT="sådana"/><SP WIDTH="23" VPOS="1552" HPOS="1028"/>
							<String ID="string_226" HPOS="1051" VPOS="1552" WIDTH="67" HEIGHT="36" WC="0.96" CONTENT="fall,"/><SP WIDTH="27" VPOS="1552" HPOS="1118"/>
							<String ID="string_227" HPOS="1145" VPOS="1562" WIDTH="69" HEIGHT="20" WC="0.95" CONTENT="som"/><SP WIDTH="23" VPOS="1562" HPOS="1214"/>
							<String ID="string_228" HPOS="1237" VPOS="1552" WIDTH="83" HEIGHT="30" WC="0.96" CONTENT="varit"/><SP WIDTH="22" VPOS="1552" HPOS="1320"/>
							<String ID="string_229" HPOS="1342" VPOS="1551" WIDTH="134" HEIGHT="30" WC="0.96" CONTENT="föremål"/><SP WIDTH="24" VPOS="1551" HPOS="1476"/>
							<String ID="string_230" HPOS="1500" VPOS="1551" WIDTH="50" HEIGHT="30" WC="0.97" CONTENT="för"/><SP WIDTH="23" VPOS="1551" HPOS="1550"/>
							<String ID="string_231" HPOS="1573" VPOS="1550" WIDTH="137" HEIGHT="31" WC="0.96" CONTENT="särskild"/><SP WIDTH="23" VPOS="1550" HPOS="1710"/>
							<String ID="string_232" HPOS="1733" VPOS="1551" WIDTH="288" HEIGHT="38" WC="0.96" CONTENT="uppmärksamhet"/>
						</TextLine>
						<TextLine ID="line_27" HPOS="417" VPOS="1595" WIDTH="1605" HEIGHT="42">
							<String ID="string_233" HPOS="417" VPOS="1608" WIDTH="39" HEIGHT="20" WC="0.96" CONTENT="av"/><SP WIDTH="35" VPOS="1608" HPOS="456"/>
							<String ID="string_234" HPOS="491" VPOS="1598" WIDTH="174" HEIGHT="39" WC="0.95" CONTENT="kollegium"/><SP WIDTH="37" VPOS="1598" HPOS="665"/>
							<String ID="string_235" HPOS="702" VPOS="1598" WIDTH="60" HEIGHT="30" WC="0.94" CONTENT="och"/><SP WIDTH="23" VPOS="1598" HPOS="762"/>
							<String ID="string_236" HPOS="785" VPOS="1598" WIDTH="12" HEIGHT="29" WC="0.96" CONTENT="i"/><SP WIDTH="23" VPOS="1598" HPOS="797"/>
							<String ID="string_237" HPOS="820" VPOS="1597" WIDTH="88" HEIGHT="31" WC="0.96" CONTENT="vilka"/><SP WIDTH="23" VPOS="1597" HPOS="908"/>
							<String ID="string_238" HPOS="931" VPOS="1597" WIDTH="96" HEIGHT="31" WC="0.96" CONTENT="också"/><SP WIDTH="23" VPOS="1597" HPOS="1027"/>
							<String ID="string_239" HPOS="1050" VPOS="1597" WIDTH="72" HEIGHT="30" WC="0.92" CONTENT="från"/><SP WIDTH="23" VPOS="1597" HPOS="1122"/>
							<String ID="string_240" HPOS="1145" VPOS="1597" WIDTH="129" HEIGHT="39" WC="0.92" CONTENT="kollegii"/><SP WIDTH="24" VPOS="1597" HPOS="1274"/>
							<String ID="string_241" HPOS="1298" VPOS="1596" WIDTH="70" HEIGHT="30" WC="0.96" CONTENT="sida"/><SP WIDTH="23" VPOS="1596" HPOS="1368"/>
							<String ID="string_242" HPOS="1391" VPOS="1598" WIDTH="41" HEIGHT="37" WC="0.96" CONTENT="på"/><SP WIDTH="23" VPOS="1598" HPOS="1432"/>
							<String ID="string_243" HPOS="1455" VPOS="1606" WIDTH="109" HEIGHT="20" WC="0.95" CONTENT="senare"/><SP WIDTH="23" VPOS="1606" HPOS="1564"/>
							<String ID="string_244" HPOS="1587" VPOS="1595" WIDTH="49" HEIGHT="31" WC="0.96" CONTENT="tid"/><SP WIDTH="23" VPOS="1595" HPOS="1636"/>
							<String ID="string_245" HPOS="1659" VPOS="1596" WIDTH="99" HEIGHT="40" WC="0.96" CONTENT="gjorts"/><SP WIDTH="23" VPOS="1596" HPOS="1758"/>
							<String ID="string_246" HPOS="1781" VPOS="1595" WIDTH="241" HEIGHT="39" WC="0.96" CONTENT="framställning"/>
						</TextLine>
						<TextLine ID="line_28" HPOS="417" VPOS="1643" WIDTH="320" HEIGHT="40">
							<String ID="string_247" HPOS="417" VPOS="1644" WIDTH="50" HEIGHT="29" WC="0.96" CONTENT="till"/><SP WIDTH="24" VPOS="1644" HPOS="467"/>
							<String ID="string_248" HPOS="491" VPOS="1643" WIDTH="119" HEIGHT="39" WC="0.95" CONTENT="Kungl."/><SP WIDTH="26" VPOS="1643" HPOS="610"/>
							<String ID="string_249" HPOS="636" VPOS="1643" WIDTH="101" HEIGHT="40" WC="0.94" CONTENT="Maj:t."/>
						</TextLine>
					</TextBlock>
					<TextBlock ID="block_8" HPOS="416" VPOS="1685" WIDTH="1613" HEIGHT="673">
						<TextLine ID="line_29" HPOS="528" VPOS="1685" WIDTH="1495" HEIGHT="41">
							<String ID="string_250" HPOS="528" VPOS="1689" WIDTH="61" HEIGHT="30" WC="0.96" CONTENT="Det"/><SP WIDTH="27" VPOS="1689" HPOS="589"/>
							<String ID="string_251" HPOS="616" VPOS="1688" WIDTH="100" HEIGHT="31" WC="0.96" CONTENT="första"/><SP WIDTH="23" VPOS="1688" HPOS="716"/>
							<String ID="string_252" HPOS="739" VPOS="1698" WIDTH="90" HEIGHT="21" WC="0.96" CONTENT="avser"/><SP WIDTH="22" VPOS="1698" HPOS="829"/>
							<String ID="string_253" HPOS="851" VPOS="1687" WIDTH="226" HEIGHT="39" WC="0.96" CONTENT="förordningen"/><SP WIDTH="25" VPOS="1687" HPOS="1077"/>
							<String ID="string_254" HPOS="1102" VPOS="1687" WIDTH="62" HEIGHT="30" WC="0.96" CONTENT="den"/><SP WIDTH="25" VPOS="1687" HPOS="1164"/>
							<String ID="string_255" HPOS="1189" VPOS="1686" WIDTH="40" HEIGHT="31" WC="0.96" CONTENT="13"/><SP WIDTH="25" VPOS="1686" HPOS="1229"/>
							<String ID="string_256" HPOS="1254" VPOS="1687" WIDTH="167" HEIGHT="31" WC="0.96" CONTENT="december"/><SP WIDTH="26" VPOS="1687" HPOS="1421"/>
							<String ID="string_257" HPOS="1447" VPOS="1685" WIDTH="83" HEIGHT="31" WC="0.96" CONTENT="1912"/><SP WIDTH="26" VPOS="1685" HPOS="1530"/>
							<String ID="string_258" HPOS="1556" VPOS="1686" WIDTH="162" HEIGHT="39" WC="0.93" CONTENT="angående"/><SP WIDTH="24" VPOS="1686" HPOS="1718"/>
							<String ID="string_259" HPOS="1742" VPOS="1686" WIDTH="246" HEIGHT="31" WC="0.92" CONTENT="tullrestitution"/><SP WIDTH="23" VPOS="1686" HPOS="1988"/>
							<String ID="string_260" HPOS="2011" VPOS="1686" WIDTH="12" HEIGHT="29" WC="0.96" CONTENT="i"/>
						</TextLine>
						<TextLine ID="line_30" HPOS="418" VPOS="1731" WIDTH="1606" HEIGHT="40">
							<String ID="string_261" HPOS="418" VPOS="1734" WIDTH="84" HEIGHT="30" WC="0.96" CONTENT="vissa"/><SP WIDTH="23" VPOS="1734" HPOS="502"/>
							<String ID="string_262" HPOS="525" VPOS="1734" WIDTH="58" HEIGHT="29" WC="0.95" CONTENT="fall"/><SP WIDTH="23" VPOS="1734" HPOS="583"/>
							<String ID="string_263" HPOS="606" VPOS="1733" WIDTH="56" HEIGHT="30" WC="0.96" CONTENT="vid"/><SP WIDTH="23" VPOS="1733" HPOS="662"/>
							<String ID="string_264" HPOS="685" VPOS="1733" WIDTH="133" HEIGHT="30" WC="0.96" CONTENT="utförsel"/><SP WIDTH="24" VPOS="1733" HPOS="818"/>
							<String ID="string_265" HPOS="842" VPOS="1743" WIDTH="39" HEIGHT="20" WC="0.96" CONTENT="av"/><SP WIDTH="23" VPOS="1743" HPOS="881"/>
							<String ID="string_266" HPOS="904" VPOS="1733" WIDTH="154" HEIGHT="30" WC="0.96" CONTENT="utländsk"/><SP WIDTH="23" VPOS="1733" HPOS="1058"/>
							<String ID="string_267" HPOS="1081" VPOS="1742" WIDTH="84" HEIGHT="21" WC="0.96" CONTENT="vara."/><SP WIDTH="49" VPOS="1742" HPOS="1165"/>
							<String ID="string_268" HPOS="1214" VPOS="1732" WIDTH="123" HEIGHT="30" WC="0.95" CONTENT="Genom"/><SP WIDTH="26" VPOS="1732" HPOS="1337"/>
							<String ID="string_269" HPOS="1363" VPOS="1732" WIDTH="105" HEIGHT="30" WC="0.96" CONTENT="denna"/><SP WIDTH="22" VPOS="1732" HPOS="1468"/>
							<String ID="string_270" HPOS="1490" VPOS="1731" WIDTH="186" HEIGHT="39" WC="0.93" CONTENT="förordning"/><SP WIDTH="23" VPOS="1731" HPOS="1676"/>
							<String ID="string_271" HPOS="1699" VPOS="1731" WIDTH="130" HEIGHT="30" WC="0.92" CONTENT="beredes"/><SP WIDTH="24" VPOS="1731" HPOS="1829"/>
							<String ID="string_272" HPOS="1853" VPOS="1731" WIDTH="171" HEIGHT="40" WC="0.96" CONTENT="möjlighet"/>
						</TextLine>
						<TextLine ID="line_31" HPOS="417" VPOS="1775" WIDTH="1606" HEIGHT="38">
							<String ID="string_273" HPOS="417" VPOS="1781" WIDTH="46" HEIGHT="28" WC="0.96" CONTENT="att"/><SP WIDTH="34" VPOS="1781" HPOS="463"/>
							<String ID="string_274" HPOS="497" VPOS="1778" WIDTH="121" HEIGHT="31" WC="0.93" CONTENT="erhålla"/><SP WIDTH="34" VPOS="1778" HPOS="618"/>
							<String ID="string_275" HPOS="652" VPOS="1778" WIDTH="247" HEIGHT="31" WC="0.86" CONTENT="tullrestitution"/><SP WIDTH="28" VPOS="1778" HPOS="899"/>
							<String ID="string_276" HPOS="927" VPOS="1777" WIDTH="55" HEIGHT="31" WC="0.93" CONTENT="vid"/><SP WIDTH="24" VPOS="1777" HPOS="982"/>
							<String ID="string_277" HPOS="1006" VPOS="1777" WIDTH="201" HEIGHT="31" WC="0.91" CONTENT="återutförsel"/><SP WIDTH="23" VPOS="1777" HPOS="1207"/>
							<String ID="string_278" HPOS="1230" VPOS="1788" WIDTH="40" HEIGHT="20" WC="0.96" CONTENT="av"/><SP WIDTH="22" VPOS="1788" HPOS="1270"/>
							<String ID="string_279" HPOS="1292" VPOS="1776" WIDTH="154" HEIGHT="32" WC="0.96" CONTENT="utländsk"/><SP WIDTH="23" VPOS="1776" HPOS="1446"/>
							<String ID="string_280" HPOS="1469" VPOS="1787" WIDTH="84" HEIGHT="26" WC="0.95" CONTENT="vara,"/><SP WIDTH="26" VPOS="1787" HPOS="1553"/>
							<String ID="string_281" HPOS="1579" VPOS="1786" WIDTH="69" HEIGHT="21" WC="0.96" CONTENT="som"/><SP WIDTH="24" VPOS="1786" HPOS="1648"/>
							<String ID="string_282" HPOS="1672" VPOS="1776" WIDTH="70" HEIGHT="31" WC="0.96" CONTENT="icke"/><SP WIDTH="24" VPOS="1776" HPOS="1742"/>
							<String ID="string_283" HPOS="1766" VPOS="1776" WIDTH="79" HEIGHT="31" WC="0.96" CONTENT="efter"/><SP WIDTH="23" VPOS="1776" HPOS="1845"/>
							<String ID="string_284" HPOS="1868" VPOS="1775" WIDTH="155" HEIGHT="31" WC="0.96" CONTENT="införseln"/>
						</TextLine>
						<TextLine ID="line_32" HPOS="416" VPOS="1820" WIDTH="1606" HEIGHT="42">
							<String ID="string_285" HPOS="416" VPOS="1824" WIDTH="171" HEIGHT="38" WC="0.92" CONTENT="undergått"/><SP WIDTH="38" VPOS="1824" HPOS="587"/>
							<String ID="string_286" HPOS="625" VPOS="1825" WIDTH="104" HEIGHT="37" WC="0.95" CONTENT="någon"/><SP WIDTH="40" VPOS="1825" HPOS="729"/>
							<String ID="string_287" HPOS="769" VPOS="1823" WIDTH="208" HEIGHT="38" WC="0.96" CONTENT="bearbetning"/><SP WIDTH="39" VPOS="1823" HPOS="977"/>
							<String ID="string_288" HPOS="1016" VPOS="1823" WIDTH="76" HEIGHT="30" WC="0.95" CONTENT="eller"/><SP WIDTH="38" VPOS="1823" HPOS="1092"/>
							<String ID="string_289" HPOS="1130" VPOS="1822" WIDTH="185" HEIGHT="39" WC="0.93" CONTENT="förändring"/><SP WIDTH="35" VPOS="1822" HPOS="1315"/>
							<String ID="string_290" HPOS="1350" VPOS="1822" WIDTH="351" HEIGHT="36" WC="0.88" CONTENT="(handelsrestitution)."/><SP WIDTH="60" VPOS="1822" HPOS="1701"/>
							<String ID="string_291" HPOS="1761" VPOS="1822" WIDTH="109" HEIGHT="38" WC="0.71" CONTENT="Enligt"/><SP WIDTH="34" VPOS="1822" HPOS="1870"/>
							<String ID="string_292" HPOS="1904" VPOS="1820" WIDTH="118" HEIGHT="30" WC="0.91" CONTENT="förord-"/>
						</TextLine>
						<TextLine ID="line_33" HPOS="416" VPOS="1866" WIDTH="1605" HEIGHT="41">
							<String ID="string_293" HPOS="416" VPOS="1870" WIDTH="118" HEIGHT="37" WC="0.95" CONTENT="ningen"/><SP WIDTH="34" VPOS="1870" HPOS="534"/>
							<String ID="string_294" HPOS="568" VPOS="1869" WIDTH="64" HEIGHT="29" WC="0.96" CONTENT="kan"/><SP WIDTH="36" VPOS="1869" HPOS="632"/>
							<String ID="string_295" HPOS="668" VPOS="1868" WIDTH="82" HEIGHT="30" WC="0.96" CONTENT="dock"/><SP WIDTH="35" VPOS="1868" HPOS="750"/>
							<String ID="string_296" HPOS="785" VPOS="1868" WIDTH="99" HEIGHT="30" WC="0.91" CONTENT="sådan"/><SP WIDTH="29" VPOS="1868" HPOS="884"/>
							<String ID="string_297" HPOS="913" VPOS="1868" WIDTH="252" HEIGHT="35" WC="0.91" CONTENT="tullrestitution,"/><SP WIDTH="25" VPOS="1868" HPOS="1165"/>
							<String ID="string_298" HPOS="1190" VPOS="1868" WIDTH="107" HEIGHT="30" WC="0.96" CONTENT="vilken"/><SP WIDTH="25" VPOS="1868" HPOS="1297"/>
							<String ID="string_299" HPOS="1322" VPOS="1868" WIDTH="11" HEIGHT="29" WC="0.96" CONTENT="i"/><SP WIDTH="24" VPOS="1868" HPOS="1333"/>
							<String ID="string_300" HPOS="1357" VPOS="1868" WIDTH="102" HEIGHT="37" WC="0.96" CONTENT="övrigt"/><SP WIDTH="23" VPOS="1868" HPOS="1459"/>
							<String ID="string_301" HPOS="1482" VPOS="1867" WIDTH="113" HEIGHT="29" WC="0.96" CONTENT="endast"/><SP WIDTH="23" VPOS="1867" HPOS="1595"/>
							<String ID="string_302" HPOS="1618" VPOS="1867" WIDTH="124" HEIGHT="29" WC="0.93" CONTENT="lämnas"/><SP WIDTH="24" VPOS="1867" HPOS="1742"/>
							<String ID="string_303" HPOS="1766" VPOS="1866" WIDTH="255" HEIGHT="36" WC="0.92" CONTENT="handelsidkare,"/>
						</TextLine>
						<TextLine ID="line_34" HPOS="417" VPOS="1910" WIDTH="1606" HEIGHT="42">
							<String ID="string_304" HPOS="417" VPOS="1923" WIDTH="69" HEIGHT="21" WC="0.96" CONTENT="som"/><SP WIDTH="29" VPOS="1923" HPOS="486"/>
							<String ID="string_305" HPOS="515" VPOS="1913" WIDTH="129" HEIGHT="30" WC="0.92" CONTENT="erhållit"/><SP WIDTH="27" VPOS="1913" HPOS="644"/>
							<String ID="string_306" HPOS="671" VPOS="1913" WIDTH="129" HEIGHT="30" WC="0.96" CONTENT="särskilt"/><SP WIDTH="28" VPOS="1913" HPOS="800"/>
							<String ID="string_307" HPOS="828" VPOS="1912" WIDTH="155" HEIGHT="37" WC="0.93" CONTENT="tillstånd,"/><SP WIDTH="26" VPOS="1912" HPOS="983"/>
							<String ID="string_308" HPOS="1009" VPOS="1912" WIDTH="135" HEIGHT="31" WC="0.92" CONTENT="allenast"/><SP WIDTH="23" VPOS="1912" HPOS="1144"/>
							<String ID="string_309" HPOS="1167" VPOS="1913" WIDTH="143" HEIGHT="39" WC="0.90" CONTENT="åtnjutas"/><SP WIDTH="23" VPOS="1913" HPOS="1310"/>
							<String ID="string_310" HPOS="1333" VPOS="1912" WIDTH="50" HEIGHT="30" WC="0.96" CONTENT="för"/><SP WIDTH="22" VPOS="1912" HPOS="1383"/>
							<String ID="string_311" HPOS="1405" VPOS="1912" WIDTH="85" HEIGHT="30" WC="0.96" CONTENT="vissa"/><SP WIDTH="23" VPOS="1912" HPOS="1490"/>
							<String ID="string_312" HPOS="1513" VPOS="1912" WIDTH="11" HEIGHT="29" WC="0.96" CONTENT="i"/><SP WIDTH="24" VPOS="1912" HPOS="1524"/>
							<String ID="string_313" HPOS="1548" VPOS="1911" WIDTH="145" HEIGHT="37" WC="0.95" CONTENT="särskild,"/><SP WIDTH="26" VPOS="1911" HPOS="1693"/>
							<String ID="string_314" HPOS="1719" VPOS="1910" WIDTH="54" HEIGHT="32" WC="0.96" CONTENT="vid"/><SP WIDTH="23" VPOS="1910" HPOS="1773"/>
							<String ID="string_315" HPOS="1796" VPOS="1910" WIDTH="227" HEIGHT="39" WC="0.96" CONTENT="förordningen"/>
						</TextLine>
						<TextLine ID="line_35" HPOS="416" VPOS="1956" WIDTH="1606" HEIGHT="42">
							<String ID="string_316" HPOS="416" VPOS="1959" WIDTH="96" HEIGHT="39" WC="0.91" CONTENT="fogad"/><SP WIDTH="22" VPOS="1959" HPOS="512"/>
							<String ID="string_317" HPOS="534" VPOS="1959" WIDTH="201" HEIGHT="38" WC="0.96" CONTENT="förteckning"/><SP WIDTH="23" VPOS="1959" HPOS="735"/>
							<String ID="string_318" HPOS="758" VPOS="1960" WIDTH="165" HEIGHT="38" WC="0.92" CONTENT="upptagna"/><SP WIDTH="23" VPOS="1960" HPOS="923"/>
							<String ID="string_319" HPOS="946" VPOS="1958" WIDTH="155" HEIGHT="38" WC="0.92" CONTENT="varuslag."/><SP WIDTH="49" VPOS="1958" HPOS="1101"/>
							<String ID="string_320" HPOS="1150" VPOS="1958" WIDTH="112" HEIGHT="29" WC="0.95" CONTENT="Denna"/><SP WIDTH="23" VPOS="1958" HPOS="1262"/>
							<String ID="string_321" HPOS="1285" VPOS="1957" WIDTH="200" HEIGHT="39" WC="0.96" CONTENT="förteckning"/><SP WIDTH="23" VPOS="1957" HPOS="1485"/>
							<String ID="string_322" HPOS="1508" VPOS="1957" WIDTH="117" HEIGHT="39" WC="0.96" CONTENT="bygger"/><SP WIDTH="24" VPOS="1957" HPOS="1625"/>
							<String ID="string_323" HPOS="1649" VPOS="1958" WIDTH="41" HEIGHT="38" WC="0.96" CONTENT="på"/><SP WIDTH="19" VPOS="1958" HPOS="1690"/>
							<String ID="string_324" HPOS="1709" VPOS="1956" WIDTH="148" HEIGHT="39" WC="0.90" CONTENT="gällande"/><SP WIDTH="17" VPOS="1956" HPOS="1857"/>
							<String ID="string_325" HPOS="1874" VPOS="1956" WIDTH="148" HEIGHT="36" WC="0.90" CONTENT="tulltaxa,"/>
						</TextLine>
						<TextLine ID="line_36" HPOS="416" VPOS="2001" WIDTH="1608" HEIGHT="39">
							<String ID="string_326" HPOS="416" VPOS="2014" WIDTH="76" HEIGHT="20" WC="0.95" CONTENT="men"/><SP WIDTH="34" VPOS="2014" HPOS="492"/>
							<String ID="string_327" HPOS="526" VPOS="2004" WIDTH="58" HEIGHT="29" WC="0.95" CONTENT="har"/><SP WIDTH="27" VPOS="2004" HPOS="584"/>
							<String ID="string_328" HPOS="611" VPOS="2004" WIDTH="11" HEIGHT="29" WC="0.92" CONTENT="i"/><SP WIDTH="24" VPOS="2004" HPOS="622"/>
							<String ID="string_329" HPOS="646" VPOS="2004" WIDTH="161" HEIGHT="29" WC="0.89" CONTENT="tulltaxan"/><SP WIDTH="24" VPOS="2004" HPOS="807"/>
							<String ID="string_330" HPOS="831" VPOS="2003" WIDTH="163" HEIGHT="30" WC="0.96" CONTENT="uteslutits"/><SP WIDTH="24" VPOS="2003" HPOS="994"/>
							<String ID="string_331" HPOS="1018" VPOS="2006" WIDTH="46" HEIGHT="27" WC="0.95" CONTENT="ett"/><SP WIDTH="23" VPOS="2006" HPOS="1064"/>
							<String ID="string_332" HPOS="1087" VPOS="2003" WIDTH="102" HEIGHT="30" WC="0.96" CONTENT="flertal"/><SP WIDTH="23" VPOS="2003" HPOS="1189"/>
							<String ID="string_333" HPOS="1212" VPOS="2003" WIDTH="154" HEIGHT="29" WC="0.93" CONTENT="rubriker."/><SP WIDTH="49" VPOS="2003" HPOS="1366"/>
							<String ID="string_334" HPOS="1415" VPOS="2002" WIDTH="246" HEIGHT="38" WC="0.86" CONTENT="Uteslutningen"/><SP WIDTH="23" VPOS="2002" HPOS="1661"/>
							<String ID="string_335" HPOS="1684" VPOS="2002" WIDTH="58" HEIGHT="29" WC="0.93" CONTENT="har"/><SP WIDTH="23" VPOS="2002" HPOS="1742"/>
							<String ID="string_336" HPOS="1765" VPOS="2001" WIDTH="166" HEIGHT="30" WC="0.92" CONTENT="föranletts"/><SP WIDTH="25" VPOS="2001" HPOS="1931"/>
							<String ID="string_337" HPOS="1956" VPOS="2001" WIDTH="68" HEIGHT="30" WC="0.96" CONTENT="dels"/>
						</TextLine>
						<TextLine ID="line_37" HPOS="417" VPOS="2045" WIDTH="1608" HEIGHT="42">
							<String ID="string_338" HPOS="417" VPOS="2059" WIDTH="39" HEIGHT="19" WC="0.90" CONTENT="av"/><SP WIDTH="35" VPOS="2059" HPOS="456"/>
							<String ID="string_339" HPOS="491" VPOS="2048" WIDTH="211" HEIGHT="31" WC="0.90" CONTENT="tulltekniska"/><SP WIDTH="36" VPOS="2048" HPOS="702"/>
							<String ID="string_340" HPOS="738" VPOS="2048" WIDTH="79" HEIGHT="36" WC="0.96" CONTENT="skäl,"/><SP WIDTH="36" VPOS="2048" HPOS="817"/>
							<String ID="string_341" HPOS="853" VPOS="2047" WIDTH="69" HEIGHT="31" WC="0.96" CONTENT="dels"/><SP WIDTH="35" VPOS="2047" HPOS="922"/>
							<String ID="string_342" HPOS="957" VPOS="2047" WIDTH="75" HEIGHT="31" WC="0.96" CONTENT="med"/><SP WIDTH="32" VPOS="2047" HPOS="1032"/>
							<String ID="string_343" HPOS="1064" VPOS="2048" WIDTH="125" HEIGHT="39" WC="0.96" CONTENT="hänsyn"/><SP WIDTH="29" VPOS="2048" HPOS="1189"/>
							<String ID="string_344" HPOS="1218" VPOS="2047" WIDTH="50" HEIGHT="30" WC="0.96" CONTENT="till"/><SP WIDTH="24" VPOS="2047" HPOS="1268"/>
							<String ID="string_345" HPOS="1292" VPOS="2046" WIDTH="131" HEIGHT="31" WC="0.96" CONTENT="befarad"/><SP WIDTH="23" VPOS="2046" HPOS="1423"/>
							<String ID="string_346" HPOS="1446" VPOS="2047" WIDTH="199" HEIGHT="30" WC="0.95" CONTENT="konkurrens"/><SP WIDTH="24" VPOS="2047" HPOS="1645"/>
							<String ID="string_347" HPOS="1669" VPOS="2045" WIDTH="76" HEIGHT="31" WC="0.96" CONTENT="med"/><SP WIDTH="23" VPOS="2045" HPOS="1745"/>
							<String ID="string_348" HPOS="1768" VPOS="2046" WIDTH="63" HEIGHT="30" WC="0.96" CONTENT="den"/><SP WIDTH="22" VPOS="2046" HPOS="1831"/>
							<String ID="string_349" HPOS="1853" VPOS="2046" WIDTH="172" HEIGHT="30" WC="0.96" CONTENT="inhemska"/>
						</TextLine>
						<TextLine ID="line_38" HPOS="416" VPOS="2091" WIDTH="1607" HEIGHT="41">
							<String ID="string_350" HPOS="416" VPOS="2094" WIDTH="432" HEIGHT="38" WC="0.90" CONTENT="förädlingsverksamheten."/><SP WIDTH="48" VPOS="2094" HPOS="848"/>
							<String ID="string_351" HPOS="896" VPOS="2093" WIDTH="74" HEIGHT="30" WC="0.95" CONTENT="Med"/><SP WIDTH="35" VPOS="2093" HPOS="970"/>
							<String ID="string_352" HPOS="1005" VPOS="2094" WIDTH="126" HEIGHT="38" WC="0.95" CONTENT="hänsyn"/><SP WIDTH="35" VPOS="2094" HPOS="1131"/>
							<String ID="string_353" HPOS="1166" VPOS="2093" WIDTH="51" HEIGHT="30" WC="0.96" CONTENT="till"/><SP WIDTH="35" VPOS="2093" HPOS="1217"/>
							<String ID="string_354" HPOS="1252" VPOS="2092" WIDTH="38" HEIGHT="31" WC="0.92" CONTENT="de"/><SP WIDTH="35" VPOS="2092" HPOS="1290"/>
							<String ID="string_355" HPOS="1325" VPOS="2092" WIDTH="158" HEIGHT="40" WC="0.91" CONTENT="oprövade"/><SP WIDTH="35" VPOS="2092" HPOS="1483"/>
							<String ID="string_356" HPOS="1518" VPOS="2091" WIDTH="244" HEIGHT="31" WC="0.96" CONTENT="förhållandena"/><SP WIDTH="28" VPOS="2091" HPOS="1762"/>
							<String ID="string_357" HPOS="1790" VPOS="2091" WIDTH="74" HEIGHT="30" WC="0.93" CONTENT="blev"/><SP WIDTH="27" VPOS="2091" HPOS="1864"/>
							<String ID="string_358" HPOS="1891" VPOS="2091" WIDTH="132" HEIGHT="30" WC="0.91" CONTENT="uteslut-"/>
						</TextLine>
						<TextLine ID="line_39" HPOS="417" VPOS="2135" WIDTH="1608" HEIGHT="43">
							<String ID="string_359" HPOS="417" VPOS="2140" WIDTH="118" HEIGHT="38" WC="0.96" CONTENT="ningen"/><SP WIDTH="28" VPOS="2140" HPOS="535"/>
							<String ID="string_360" HPOS="563" VPOS="2138" WIDTH="55" HEIGHT="31" WC="0.96" CONTENT="vid"/><SP WIDTH="28" VPOS="2138" HPOS="618"/>
							<String ID="string_361" HPOS="646" VPOS="2138" WIDTH="228" HEIGHT="40" WC="0.96" CONTENT="upprättandet"/><SP WIDTH="24" VPOS="2138" HPOS="874"/>
							<String ID="string_362" HPOS="898" VPOS="2149" WIDTH="38" HEIGHT="19" WC="0.96" CONTENT="av"/><SP WIDTH="24" VPOS="2149" HPOS="936"/>
							<String ID="string_363" HPOS="960" VPOS="2138" WIDTH="105" HEIGHT="30" WC="0.95" CONTENT="denna"/><SP WIDTH="23" VPOS="2138" HPOS="1065"/>
							<String ID="string_364" HPOS="1088" VPOS="2138" WIDTH="100" HEIGHT="30" WC="0.96" CONTENT="första"/><SP WIDTH="23" VPOS="2138" HPOS="1188"/>
							<String ID="string_365" HPOS="1211" VPOS="2138" WIDTH="200" HEIGHT="38" WC="0.96" CONTENT="förteckning"/><SP WIDTH="23" VPOS="2138" HPOS="1411"/>
							<String ID="string_366" HPOS="1434" VPOS="2137" WIDTH="121" HEIGHT="39" WC="0.96" CONTENT="ganska"/><SP WIDTH="22" VPOS="2137" HPOS="1555"/>
							<String ID="string_367" HPOS="1577" VPOS="2136" WIDTH="209" HEIGHT="31" WC="0.96" CONTENT="omfattande."/><SP WIDTH="48" VPOS="2136" HPOS="1786"/>
							<String ID="string_368" HPOS="1834" VPOS="2135" WIDTH="191" HEIGHT="31" WC="0.95" CONTENT="Emellertid"/>
						</TextLine>
						<TextLine ID="line_40" HPOS="417" VPOS="2180" WIDTH="1608" HEIGHT="39">
							<String ID="string_369" HPOS="417" VPOS="2185" WIDTH="58" HEIGHT="29" WC="0.95" CONTENT="har"/><SP WIDTH="35" VPOS="2185" HPOS="475"/>
							<String ID="string_370" HPOS="510" VPOS="2183" WIDTH="203" HEIGHT="31" WC="0.90" CONTENT="Stockholms"/><SP WIDTH="28" VPOS="2183" HPOS="713"/>
							<String ID="string_371" HPOS="741" VPOS="2183" WIDTH="309" HEIGHT="36" WC="0.96" CONTENT="handelskammare,"/><SP WIDTH="26" VPOS="2183" HPOS="1050"/>
							<String ID="string_372" HPOS="1076" VPOS="2184" WIDTH="104" HEIGHT="29" WC="0.96" CONTENT="såsom"/><SP WIDTH="24" VPOS="2184" HPOS="1180"/>
							<String ID="string_373" HPOS="1204" VPOS="2183" WIDTH="59" HEIGHT="30" WC="0.96" CONTENT="ock"/><SP WIDTH="23" VPOS="2183" HPOS="1263"/>
							<String ID="string_374" HPOS="1286" VPOS="2183" WIDTH="11" HEIGHT="29" WC="0.96" CONTENT="i"/><SP WIDTH="23" VPOS="2183" HPOS="1297"/>
							<String ID="string_375" HPOS="1320" VPOS="2183" WIDTH="164" HEIGHT="29" WC="0.93" CONTENT="motionen"/><SP WIDTH="29" VPOS="2183" HPOS="1484"/>
							<String ID="string_376" HPOS="1513" VPOS="2181" WIDTH="215" HEIGHT="37" WC="0.91" CONTENT="omförmäles,"/><SP WIDTH="24" VPOS="2181" HPOS="1728"/>
							<String ID="string_377" HPOS="1752" VPOS="2182" WIDTH="12" HEIGHT="29" WC="0.96" CONTENT="i"/><SP WIDTH="23" VPOS="2182" HPOS="1764"/>
							<String ID="string_378" HPOS="1787" VPOS="2181" WIDTH="152" HEIGHT="31" WC="0.96" CONTENT="skrivelse"/><SP WIDTH="24" VPOS="2181" HPOS="1939"/>
							<String ID="string_379" HPOS="1963" VPOS="2180" WIDTH="62" HEIGHT="31" WC="0.96" CONTENT="den"/>
						</TextLine>
						<TextLine ID="line_41" HPOS="419" VPOS="2226" WIDTH="1604" HEIGHT="41">
							<String ID="string_380" HPOS="419" VPOS="2229" WIDTH="41" HEIGHT="30" WC="0.95" CONTENT="13"/><SP WIDTH="24" VPOS="2229" HPOS="460"/>
							<String ID="string_381" HPOS="484" VPOS="2229" WIDTH="131" HEIGHT="30" WC="0.95" CONTENT="oktober"/><SP WIDTH="30" VPOS="2229" HPOS="615"/>
							<String ID="string_382" HPOS="645" VPOS="2228" WIDTH="86" HEIGHT="31" WC="0.93" CONTENT="1914"/><SP WIDTH="28" VPOS="2228" HPOS="731"/>
							<String ID="string_383" HPOS="759" VPOS="2228" WIDTH="166" HEIGHT="31" WC="0.90" CONTENT="hemställt"/><SP WIDTH="22" VPOS="2228" HPOS="925"/>
							<String ID="string_384" HPOS="947" VPOS="2239" WIDTH="53" HEIGHT="19" WC="0.96" CONTENT="om"/><SP WIDTH="24" VPOS="2239" HPOS="1000"/>
							<String ID="string_385" HPOS="1024" VPOS="2228" WIDTH="222" HEIGHT="39" WC="0.96" CONTENT="omarbetning"/><SP WIDTH="23" VPOS="2228" HPOS="1246"/>
							<String ID="string_386" HPOS="1269" VPOS="2238" WIDTH="40" HEIGHT="19" WC="0.96" CONTENT="av"/><SP WIDTH="22" VPOS="2238" HPOS="1309"/>
							<String ID="string_387" HPOS="1331" VPOS="2227" WIDTH="240" HEIGHT="39" WC="0.93" CONTENT="ifrågavarande"/><SP WIDTH="23" VPOS="2227" HPOS="1571"/>
							<String ID="string_388" HPOS="1594" VPOS="2227" WIDTH="288" HEIGHT="38" WC="0.91" CONTENT="varuförteckning."/><SP WIDTH="41" VPOS="2227" HPOS="1882"/>
							<String ID="string_389" HPOS="1923" VPOS="2226" WIDTH="17" HEIGHT="29" WC="0.83" CONTENT="I"/><SP WIDTH="16" VPOS="2226" HPOS="1940"/>
							<String ID="string_390" HPOS="1956" VPOS="2226" WIDTH="67" HEIGHT="30" WC="0.91" CONTENT="här-"/>
						</TextLine>
						<TextLine ID="line_42" HPOS="417" VPOS="2271" WIDTH="1607" HEIGHT="43">
							<String ID="string_391" HPOS="417" VPOS="2277" WIDTH="74" HEIGHT="28" WC="0.96" CONTENT="över"/><SP WIDTH="35" VPOS="2277" HPOS="491"/>
							<String ID="string_392" HPOS="526" VPOS="2274" WIDTH="61" HEIGHT="30" WC="0.96" CONTENT="den"/><SP WIDTH="36" VPOS="2274" HPOS="587"/>
							<String ID="string_393" HPOS="623" VPOS="2274" WIDTH="40" HEIGHT="30" WC="0.95" CONTENT="22"/><SP WIDTH="36" VPOS="2274" HPOS="663"/>
							<String ID="string_394" HPOS="699" VPOS="2274" WIDTH="127" HEIGHT="40" WC="0.95" CONTENT="januari"/><SP WIDTH="38" VPOS="2274" HPOS="826"/>
							<String ID="string_395" HPOS="864" VPOS="2274" WIDTH="84" HEIGHT="30" WC="0.95" CONTENT="1915"/><SP WIDTH="34" VPOS="2274" HPOS="948"/>
							<String ID="string_396" HPOS="982" VPOS="2274" WIDTH="127" HEIGHT="39" WC="0.95" CONTENT="avgivet"/><SP WIDTH="31" VPOS="2274" HPOS="1109"/>
							<String ID="string_397" HPOS="1140" VPOS="2273" WIDTH="214" HEIGHT="39" WC="0.96" CONTENT="underdånigt"/><SP WIDTH="26" VPOS="2273" HPOS="1354"/>
							<String ID="string_398" HPOS="1380" VPOS="2272" WIDTH="166" HEIGHT="31" WC="0.96" CONTENT="utlåtande"/><SP WIDTH="28" VPOS="2272" HPOS="1546"/>
							<String ID="string_399" HPOS="1574" VPOS="2273" WIDTH="83" HEIGHT="30" WC="0.93" CONTENT="hava"/><SP WIDTH="28" VPOS="2273" HPOS="1657"/>
							<String ID="string_400" HPOS="1685" VPOS="2271" WIDTH="339" HEIGHT="39" WC="0.91" CONTENT="kommerskollegium"/>
						</TextLine>
						<TextLine ID="line_43" HPOS="418" VPOS="2316" WIDTH="1611" HEIGHT="42">
							<String ID="string_401" HPOS="418" VPOS="2320" WIDTH="59" HEIGHT="29" WC="0.91" CONTENT="och"/><SP WIDTH="35" VPOS="2320" HPOS="477"/>
							<String ID="string_402" HPOS="512" VPOS="2319" WIDTH="346" HEIGHT="39" WC="0.82" CONTENT="generaltullstyrelsen"/><SP WIDTH="27" VPOS="2319" HPOS="858"/>
							<String ID="string_403" HPOS="885" VPOS="2319" WIDTH="179" HEIGHT="29" WC="0.93" CONTENT="framhållit"/><SP WIDTH="23" VPOS="2319" HPOS="1064"/>
							<String ID="string_404" HPOS="1087" VPOS="2318" WIDTH="256" HEIGHT="31" WC="0.93" CONTENT="önskvärdheten"/><SP WIDTH="25" VPOS="2318" HPOS="1343"/>
							<String ID="string_405" HPOS="1368" VPOS="2328" WIDTH="38" HEIGHT="20" WC="0.96" CONTENT="av"/><SP WIDTH="24" VPOS="2328" HPOS="1406"/>
							<String ID="string_406" HPOS="1430" VPOS="2320" WIDTH="48" HEIGHT="28" WC="0.96" CONTENT="att"/><SP WIDTH="22" VPOS="2320" HPOS="1478"/>
							<String ID="string_407" HPOS="1500" VPOS="2317" WIDTH="226" HEIGHT="39" WC="0.96" CONTENT="förordningen"/><SP WIDTH="24" VPOS="2317" HPOS="1726"/>
							<String ID="string_408" HPOS="1750" VPOS="2317" WIDTH="11" HEIGHT="29" WC="0.95" CONTENT="i"/><SP WIDTH="24" VPOS="2317" HPOS="1761"/>
							<String ID="string_409" HPOS="1785" VPOS="2316" WIDTH="61" HEIGHT="31" WC="0.96" CONTENT="den"/><SP WIDTH="24" VPOS="2316" HPOS="1846"/>
							<String ID="string_410" HPOS="1870" VPOS="2317" WIDTH="77" HEIGHT="29" WC="0.96" CONTENT="mån"/><SP WIDTH="24" VPOS="2317" HPOS="1947"/>
							<String ID="string_411" HPOS="1971" VPOS="2316" WIDTH="58" HEIGHT="30" WC="0.96" CONTENT="det"/>
						</TextLine>
					</TextBlock>
				</ComposedBlock>
			</PrintSpace>
		</Page>
	</Layout>
</alto>
