2184 2610
184 427 169 30 Värnpliktig,

184 469 53 15 som
251 462 101 23 tillhört

183 496 92 22 härens
291 497 61 23 eller

392 196 19 29 8
885 199 238 42 Lagutskottets
1146 203 166 32 utlåtande
1335 205 51 31 Nr
1409 208 48 28 57.

590 282 121 39 Kungl.
736 282 121 41 Maj:ts
871 283 138 42 förslag.
1419 289 171 33 Utskottets
1605 291 139 41 förslag.

1132 353 20 50 d
1181 357 58 34 34.

495 419 30 33 1.
582 416 255 51 Värnpliktig,
867 433 78 23 som
1242 446 49 4 —
1399 448 9 2 —
1473 430 65 34 två
1565 429 417 51 repetitionsövningar.

491 470 33 34 2.
583 468 15 36 I
639 483 111 23 mom.
797 474 17 33 1
859 473 137 36 nämnd
1024 475 233 48 värnpliktig
1289 490 108 23 anses
1425 478 96 36 hava
1551 480 167 48 fullgjort
1746 482 71 36 den
1845 483 11 35 i
1886 482 20 49 $
1936 486 45 33 27

166 531 127 22 marinens
317 533 52 21 fast
387 519 232 37 föreskrivna
648 522 118 36 första
794 524 269 49 tjänstgöring,
1085 540 85 22 men
1192 533 39 30 är
1250 528 152 49 skyldig
1421 536 53 29 att
1493 531 85 36 med
1594 532 235 50 vederbörlig
1848 535 135 36 ålders-

204 566 130 23 anställda

164 600 120 28 personal
296 608 70 15 m.m.

143 2095 198 24 Landstormens

143 2128 195 31 tjänstgörings-

189 2164 111 23 område.

389 571 99 36 klass
517 572 150 49 deltaga
695 573 11 36 i
734 576 368 49 repetitionsövning
1130 585 97 30 samt
1254 583 395 47 reservtruppövning.

490 623 79 36 Har
596 624 71 36 den
697 626 99 36 fasta
823 628 280 49 anställningen
1132 630 62 35 vid
1223 631 113 37 hären
1364 632 87 37 eller
1470 634 169 36 marinen
1659 636 88 36 eller
1765 637 64 35 vid
1848 638 132 37 härens

386 674 88 36 eller
513 676 188 37 marinens
741 691 127 24 reserv
909 683 161 46 uppgått
1099 681 57 37 till
1189 683 113 36 minst
1330 690 56 30 tre
1413 687 49 44 år,
1493 699 108 23 anses
1630 687 70 36 den
1728 685 252 57 värnpliktige

386 726 97 35 hava
510 727 174 49 fullgjort
712 730 48 34 all
789 730 71 36 den
888 731 12 35 i
920 731 20 48 $
957 734 43 33 27
1024 746 113 22 mom.
1162 736 16 33 1
1201 735 89 35 eller
1311 738 20 33 2
1352 736 235 38 föreskrivna
1607 739 267 50 tjänstgöring,
1896 755 83 22 men

385 783 50 42 är,
474 791 59 22 om
564 779 74 35 han
667 780 125 36 tillhör
824 782 126 48 hären,
984 783 155 49 skyldig
1180 791 55 30 att
1277 787 82 36 med
1388 789 237 48 vederbörlig
1652 791 223 37 åldersklass
1904 793 74 36 del-

384 834 90 43 taga
520 830 9 35 i
558 834 393 48 reservtruppövning.
1020 835 219 38 Detsamma
1266 839 118 47 gäller
1424 840 70 36 ock
1522 841 85 48 den,
1637 855 92 34 som,
1758 844 118 36 under
1904 845 74 36 fast

383 882 232 49 anställning
655 884 62 35 vid
745 885 114 36 hären
887 886 88 36 eller
1002 887 86 36 dess
1116 901 135 35 reserv,
1281 891 198 48 undergått
1506 893 347 50 rekrytutbildning
1881 903 96 30 samt

382 932 159 49 deltagit
581 934 12 35 i
634 940 54 31 tre
715 937 419 50 repetitionsövningar,
1164 946 176 31 ävensom
1370 943 82 48 den,
1482 944 126 37 vilken
1636 948 118 34 såsom
1785 949 191 47 värnplik-

381 984 57 48 tig
454 985 175 49 fullgjort
650 987 116 36 första
786 989 254 49 tjänstgöring
1060 992 68 35 och
1151 1005 44 23 en
1211 994 365 50 repetitionsövning
1591 1004 96 29 samt
1702 998 163 37 därefter
1880 1001 95 35 varit

382 1036 74 35 fast
485 1038 161 35 anställd
676 1039 119 36 under
822 1041 113 36 minst
962 1045 62 33 två
1053 1045 51 34 år.

481 1088 171 37 Marinen
694 1091 165 37 tilldelad
901 1095 182 47 vapenför
1124 1096 245 49 värnpliktig,
1412 1112 79 23 som
1534 1100 97 36 varit
1664 1102 158 36 anställd
1852 1106 120 34 såsom

380 1139 202 48 sjökadett,
617 1141 385 50 kustartillerikadett,
1032 1147 410 51 mariningenjörselev,
1472 1148 500 59 mariningenjörsaspirant,

379 1192 419 39 marinintendentselev
826 1196 90 36 eller
942 1198 507 51 marinintendentsaspirant
1476 1203 118 36 under
1622 1218 45 22 en
1687 1205 52 35 tid
1760 1219 46 22 av
1826 1207 146 47 sjuttio-

378 1243 73 36 fem
481 1243 118 49 dagar
627 1245 88 37 eller
742 1246 209 49 därutöver,
972 1254 90 43 äger
1081 1256 55 29 att
1157 1253 122 34 såsom
1300 1252 178 49 fullgjord
1504 1256 468 51 värnpliktstjänstgöring

376 1294 281 48 tillgodoräkna
684 1298 60 47 sig
772 1298 61 36 det
860 1301 101 35 antal
985 1301 129 48 dagar,
1135 1302 75 36 han
1229 1304 118 36 under
1366 1305 113 36 sådan
1500 1308 231 48 anställning
1750 1314 221 44 genomgått

376 1346 138 36 militär
542 1347 226 50 utbildning.

477 1398 89 37 Icke
606 1401 183 48 vapenför
830 1404 240 48 värnpliktig,
1101 1405 80 36 som
1209 1406 171 37 innehaft
1408 1409 72 36 fast
1508 1411 229 48 anställning
1764 1413 61 35 vid
1856 1414 113 36 hären

375 1449 87 36 eller
489 1451 170 36 marinen
687 1453 88 36 eller
803 1454 62 35 vid
895 1455 133 36 härens
1057 1457 89 36 eller
1176 1459 185 36 marinens
1388 1473 133 34 reserv,
1552 1467 90 42 äger
1671 1469 52 30 att
1742 1467 123 33 såsom
1889 1466 80 35 full-

373 1501 110 48 gjord
516 1503 467 52 värnpliktstjänstgöring
1011 1507 278 48 tillgodoräkna
1308 1511 60 47 sig
1395 1512 61 35 det
1485 1514 99 34 antal
1614 1514 127 49 dagar,
1772 1516 72 36 han
1873 1518 95 35 varit

374 1552 72 36 fast
474 1555 171 36 anställd.

475 1604 16 36 I
520 1606 72 36 vad
625 1609 86 33 mån
740 1607 74 36 fast
843 1609 230 49 anställning
1101 1611 63 36 vid
1194 1611 256 49 krigsmakten
1478 1615 10 35 i
1518 1616 132 48 övriga
1678 1618 63 35 fall
1771 1623 59 33 må
1859 1634 107 23 anses

372 1662 189 30 motsvara
588 1658 260 49 tjänstgöring
875 1660 11 35 i
914 1660 243 50 beväringen,
1187 1663 222 38 bestämmer
1436 1666 227 50 Konungen.

475 1710 33 34 3.
566 1708 249 51 Värnpliktig,
845 1725 80 22 som
963 1733 47 4 —
1072 1736 24 2 —
1223 1738 16 2 -
1480 1741 18 2 -
1683 1721 11 35 i
1723 1717 239 59 beväringen.

474 1761 34 34 4.
563 1761 94 46 Den,
700 1775 78 22 som
822 1764 127 48 avlagt
977 1765 183 37 medicine
1192 1766 335 40 kandidatexamen
1556 1777 97 31 samt
1681 1773 173 49 fullgjort
1883 1775 80 36 där-

370 1811 94 35 efter
492 1812 166 48 följande
686 1814 234 37 föreskrivna
948 1817 292 48 propedeutiska
1259 1819 130 37 kurser
1408 1822 65 35 och
1495 1824 318 49 grundläggande
1833 1826 130 49 tjänst-

369 1863 147 48 göring,
560 1869 174 31 ävensom
783 1866 83 47 den,
908 1881 79 22 som
1031 1870 128 47 avlagt
1190 1872 210 47 veterinär-,
1430 1874 213 37 tandläkar-
1672 1877 88 35 eller
1789 1878 174 37 farmacie

368 1913 352 51 kandidatexamen,
762 1918 129 36 tillhör
919 1919 250 50 beväringens
1199 1922 116 37 första
1343 1925 149 48 uppbåd
1521 1927 119 36 under
1658 1928 82 36 hela
1768 1929 56 35 sin
1854 1935 108 31 värn-

368 1965 179 48 pliktstid.

1112 2023 21 50 $
1163 2027 58 33 37.

469 2086 276 38 Landstormen
787 2092 60 33 må
888 2090 80 37 icke
1010 2092 99 36 föras
1147 2099 102 30 utom
1280 2101 86 42 eget
1394 2096 68 36 och
1496 2102 165 33 närmast
1689 2096 271 58 tillgränsande

365 2137 448 50 inskrivningsområden,
844 2142 94 36 dock
967 2148 54 31 att
1049 2144 55 35 till
1133 2145 254 38 landstormen
1416 2149 162 37 hörande
1606 2153 243 49 värnpliktig,
1879 2167 79 23 som

365 2189 145 36 erhållit
552 2191 56 35 sin
636 2192 218 49 utbildning
882 2194 61 36 vid
973 2196 179 47 marinen,
1182 2200 70 44 må,
1283 2203 93 31 även
1405 2206 102 30 utom
1537 2202 118 48 sagda
1683 2203 275 51 inskrivnings-

364 2241 189 47 områden,
584 2243 190 37 användas
804 2245 59 35 för
891 2245 62 37 det
981 2247 122 36 lokala
1133 2248 271 39 kustförsvaret
1432 2258 96 30 samt
1557 2260 54 29 att
1631 2255 54 35 till
1705 2256 252 37 landstormen

364 2292 161 37 hörande
571 2295 232 49 värnpliktig
844 2300 71 44 må,
958 2301 46 45 på
1037 2300 182 47 ansökan,
1257 2302 11 34 i
1297 2302 71 36 den
1397 2305 230 49 omfattning
1655 2308 67 34 och
1752 2309 10 34 i
1791 2309 166 49 enlighet
