1914 2832
558 166 275 31 Statsutskottets
854 166 176 31 utlåtande
1051 176 41 21 nr
1117 168 49 29 99.
1591 161 18 29 5

152 251 121 36 Kungl.
297 250 118 37 Maj:ts
439 250 189 38 beräkning
650 260 42 21 av
716 251 278 30 medelsbehovet
1019 251 194 30 föranleder
1238 251 29 36 ej
1293 250 137 30 erinran
1455 250 78 31 från
1557 255 48 26 ut-

107 304 142 29 skottets
273 301 85 31 sida.
386 302 169 30 Utskottet
579 302 199 30 hemställer
801 301 111 36 alltså,

459 390 51 26 att
526 387 183 35 riksdagen
726 386 56 31 må
799 386 49 30 till
868 386 72 31 Län
958 386 50 30 till
1024 386 225 30 anordnande
1267 397 41 19 av
1326 385 175 32 allmänna
1518 395 88 21 sam-

416 437 218 37 lingslokaler
663 438 53 29 för
746 436 200 36 budgetåret
978 431 137 42 1947/48
1147 437 118 30 anvisa
1294 441 46 27 ett
1368 437 238 35 investerings-

415 488 119 35 anslag
553 498 42 20 av
619 488 95 30 2500
727 489 64 29 000
811 489 138 29 kronor.

620 677 277 51 Uppskjutna
925 677 172 51 frågor.

150 783 66 40 3:0)
249 785 172 31 Utskottet
443 786 156 29 kommer
619 786 184 30 framdeles
826 789 47 29 att
896 785 122 37 avgiva
1039 786 177 31 utlåtande
1239 786 221 31 beträffande
1480 786 126 31 nedan-

106 835 152 32 nämnda
281 845 42 21 av
348 836 121 35 Kungl.
496 836 101 36 Maj:t
618 837 111 30 under
753 836 155 37 följande
932 838 150 36 punkter
1104 836 219 31 framställda
1348 837 137 36 förslag,
1509 838 97 30 näm-

106 885 88 37 ligen

150 938 156 35 punkten
329 938 35 29 4:
390 936 225 31 Lånefonden
651 938 55 30 för
741 937 358 38 bostadsförsörjning
1134 938 54 30 för
1224 938 134 30 mindre
1396 938 210 34 bemedlade,

105 987 164 31 barnrika
291 987 165 36 familjer;

150 1038 155 37 punkten
329 1038 34 30 5:
390 1038 225 31 Lånefonden
639 1040 54 29 för
718 1039 196 36 främjande
941 1049 41 21 av
1007 1040 321 36 bostadsbyggande
1354 1040 43 37 på
1425 1039 182 37 landsbyg-

105 1089 79 35 den;

150 1140 154 36 punkten
329 1141 33 29 6:
389 1139 223 31 Lånefonden
642 1141 54 30 för
723 1141 337 36 bostadsbyggande;

149 1190 155 37 punkten
328 1191 34 30 8:
389 1190 190 31 Tertiärlån
607 1191 50 30 till
683 1190 69 31 viss
777 1192 555 36 bostadsbyggnadsverksamhet;

149 1241 155 37 punkten
327 1242 34 29 9:
388 1241 208 36 Tilläggslån
619 1241 51 31 till
693 1242 67 30 viss
784 1242 557 37 bostadsbyggnadsverksamhet;

149 1292 155 37 punkten
331 1293 53 29 10:
411 1291 73 31 Lån
508 1293 49 30 till
582 1292 219 37 uppförande
829 1294 65 29 och
919 1293 206 36 förbättring
1150 1302 42 21 av
1217 1293 389 35 lantarbetarbostäder;

104 1347 90 26 samt

151 1394 153 36 punkten
331 1395 53 28 11:
411 1393 72 30 Lån
508 1395 50 29 till
582 1394 602 36 bostadsförbättringsverksamhet;

106 1445 103 30 vilket
228 1446 166 29 utskottet
415 1446 143 29 härmed
578 1444 54 30 får
654 1444 53 30 för
728 1444 184 36 riksdagen

722 1529 149 29 anmäla.

151 1629 198 30 Stockholm
368 1630 67 29 den
455 1629 19 29 6
492 1629 70 37 maj
586 1629 91 30 1947.

602 1730 47 31 På
672 1731 270 29 statsutskottets
964 1731 141 36 vägnar:

654 1831 29 30 J.
712 1831 36 29 B.
775 1831 271 30 JOHANSSON,

168 2097 60 29 Vid
250 2095 217 38 förestående
489 2095 142 30 ärendes
654 2094 280 36 slutbehandling
959 2096 92 28 inom
1075 2094 163 29 utskottet
1263 2093 91 30 hava
1377 2094 164 29 närvarit:

146 2155 75 30 från
254 2156 151 29 första
441 2155 215 29 kammaren:
682 2155 120 28 herrar
827 2153 114 30 Johan
966 2153 179 29 Bernhard
1168 2153 208 31 Johansson,
1403 2152 108 29 Oscar
1534 2152 73 29 Ols-

101 2208 70 24 son,
199 2197 206 35 Lindström,
435 2198 79 28 Karl
543 2197 205 34 Andersson,
775 2196 148 33 Andrén,
951 2195 123 30 Gustaf
1100 2195 174 34 Karlsson,
1304 2195 156 34 Heiding,
1487 2194 121 30 Gustaf

104 2240 85 30 Iwar
218 2239 188 34 Anderson,
441 2239 121 30 fröken
593 2239 205 33 Andersson,
833 2238 121 28 herrar
984 2237 206 34 Albertsson,
1226 2237 177 29 Näsström
1435 2237 65 28 och
1533 2237 75 28 Ivar

101 2283 157 31 Persson;
283 2285 88 25 samt

144 2339 77 30 från
254 2339 145 30 andra
434 2340 215 28 kammaren:
676 2339 119 29 herrar
822 2338 170 29 Svensson
1017 2337 7 29 i
1051 2337 160 32 Grönvik,
1240 2337 117 40 Ward,
1383 2336 191 34 Malmborg
1600 2336 7 29 i

101 2381 143 35 Skövde,
277 2382 205 33 Bergström,
517 2380 206 33 Rubbestad,
758 2379 223 35 Mårtensson,
1020 2378 191 34 Lindholm,
1246 2379 208 30 Akerström,
1490 2379 117 28 Holm-

100 2424 115 34 ström,
242 2424 129 35 Hoppe,
394 2423 146 29 Jansson
565 2422 6 28 i
595 2422 97 29 Kalix
715 2423 64 28 och
803 2422 109 29 Birke.

1657 245 129 24 Utskottet.
