2144 2707
407 202 18 30 6
868 201 79 34 Lag-
957 198 163 31 Utskottets
1151 197 164 31 Utlåtande
1336 197 61 29 N:o
1422 194 44 32 41.

365 282 66 32 stol
465 281 128 40 begära
632 279 179 42 öppnande
859 277 35 33 af
931 276 387 42 Vergleichsverfahren.
1382 275 112 33 Sådan
1542 274 150 33 ansökan
1744 274 102 33 skulle
1893 286 80 22 vara

365 332 118 42 åtföljd
519 331 35 33 af
585 341 51 29 en,
671 332 37 31 så
742 330 66 32 vidt
846 329 130 42 möjligt
1016 339 88 29 vore,
1139 327 196 41 fullständig
1369 326 212 42 förteckning
1615 328 44 40 på
1690 326 182 41 tillgångar
1908 327 63 32 och

365 384 144 40 skulder,
538 382 213 43 upptagande
782 382 40 32 de
847 381 109 32 kände
990 380 269 41 borgenärernes
1293 390 110 26 namn,
1431 379 98 32 stånd
1554 378 62 32 och
1639 377 210 41 boningsort,
1876 378 94 33 äfven

365 447 69 21 som
458 436 39 31 de
527 434 166 33 särskilda
716 433 245 40 fordringarnes
990 432 123 41 belopp
1139 431 62 32 och
1225 431 180 40 anledning
1424 430 73 32 med
1526 429 194 41 angifvande
1744 429 227 41 affordrings-

363 488 147 38 bevisen,
537 497 40 22 en
600 485 244 40 framställning
872 484 36 33 af
929 484 41 32 de
996 483 149 39 orsaker,
1173 483 112 32 hvilka
1311 482 88 33 hade
1428 482 102 32 vållat
1552 480 211 40 obeståndet,
1791 481 76 32 med
1890 492 80 31 upp-

365 539 60 42 gift
453 541 19 30 å
495 538 209 41 tillgängliga
739 536 202 34 bevismedel
969 536 11 31 i
1006 535 94 33 detta
1122 534 202 39 hänseende,
1354 536 85 30 samt
1462 533 183 40 förklaring
1670 532 35 33 af
1725 532 100 32 minst
1848 530 58 50 3/,,
1935 534 36 31 så

365 591 83 33 efter
471 589 255 43 personantalet
748 599 71 22 som
842 586 337 42 fordringsbeloppen
1209 585 154 40 räknadt,
1387 585 35 32 af
1448 585 40 32 de
1512 584 215 42 borgenärer,
1750 583 129 33 hvilkas
1904 587 67 29 rätt

364 643 36 32 af
424 641 224 41 förlikningen
686 640 174 39 berördes,
895 642 49 30 att
983 639 40 32 de
1058 638 49 32 till
1149 640 48 30 ett
1234 638 120 32 sådant
1383 637 192 32 förfarande
1603 636 154 33 lemnade
1786 636 58 32 sitt
1866 635 103 33 bifall.

366 694 110 33 Sedan
505 693 197 38 domstolen,
726 692 89 32 helst
842 691 101 32 bland
964 691 41 32 de
1029 691 47 31 uti
1102 690 100 32 dessa
1225 689 221 41 förklaringar
1468 688 178 33 förordade
1669 698 173 31 personer,
1869 690 102 29 utsett

364 746 55 30 två
444 744 82 31 eller
551 747 49 28 tre
623 743 272 31 förtroendemän
920 744 47 28 att
994 742 153 38 iakttaga
1171 741 66 31 alla
1260 741 287 39 fordringsegares
1576 742 83 36 rätt;
1680 739 204 40 gäldenären
1896 739 72 31 med

364 794 132 33 biträde
522 794 35 33 af
578 794 97 32 desse
704 795 172 40 upprättat
901 794 48 30 ett
972 790 210 41 fullständigt
1193 790 342 42 uppgörelseförslag,
1551 789 64 32 och
1630 789 340 32 förtroendemännen

367 846 128 41 afgifvit
517 846 156 42 yttrande
697 845 101 37 öfver,
822 845 84 30 huru
931 843 72 32 vida
1032 843 221 41 gäldenärens
1277 842 127 32 böcker
1427 853 76 21 vore
1530 841 218 40 öfversigtligt
1771 840 61 32 och
1857 840 115 41 rigtigt

364 898 109 38 förda,
516 908 51 21 om
607 897 65 32 den
714 896 34 32 af
768 896 123 31 honom
917 894 183 32 aflemnade
1124 893 130 42 uppgift
1281 895 43 40 på
1347 892 180 41 tillgångar
1551 892 62 32 och
1638 892 134 31 skulder
1801 891 170 32 öfverens-

365 948 129 34 stämde
531 948 76 32 med
641 947 83 33 hans
754 945 347 42 räkenskapsböcker,
1128 945 95 39 huru,
1247 945 10 31 i
1280 944 56 32 fall
1365 944 36 32 af
1421 944 156 38 konkurs,
1600 943 227 32 förhållandet
1849 942 122 33 mellan

365 1000 168 41 delnings-
562 999 63 32 och
648 998 290 33 skuldsummorna
968 998 143 39 ansåges
1139 996 131 32 komma
1294 999 49 29 att
1369 995 114 39 blifva,
1512 994 63 33 och
1601 1006 53 20 om
1681 993 71 33 skäl
1779 993 119 33 funnes
1922 994 49 31 till

364 1054 50 30 att
436 1054 134 37 antaga,
595 1051 56 32 det
679 1050 207 41 gäldenären
922 1059 76 21 vore
1032 1050 79 29 utan
1147 1047 95 32 skuld
1265 1047 63 31 "till
1348 1047 74 36 sitt
1452 1046 177 37 obestånd,
1665 1047 36 31 så
1736 1045 106 32 skulle
1879 1045 91 32 dom-

365 1103 110 32 stolen
510 1102 85 32 efter
628 1101 165 41 pröfning,
827 1101 84 31 huru
949 1099 77 32 vida
1059 1098 255 33 föreskrifterna
1355 1109 77 21 vore
1477 1097 177 41 fullgjorda
1681 1114 41 6 —
1749 1097 10 31 i
1788 1100 102 29 annat
1913 1096 57 32 fall

363 1154 105 32 skulle
504 1152 204 42 gäldenären
738 1154 116 39 genast
876 1149 165 33 förklaras
1064 1151 9 30 i
1099 1149 301 32 konkurstillstånd
1430 1169 37 3 -—
1491 1152 78 28 utan
1595 1148 110 40 appell
1732 1147 134 32 besluta
1890 1151 79 37 öpp-

363 1205 109 31 nande
502 1204 34 32 af
561 1202 373 42 Vergleichsverfahren
959 1201 63 32 och
1045 1202 90 31 inom
1158 1211 39 21 en
1222 1201 49 31 tid
1295 1200 34 32 af
1350 1201 99 39 högst
1472 1200 72 41 fyra
1563 1199 120 32 veckor
1696 1199 142 31 medelst
1852 1198 115 32 offent-

362 1256 46 40 lig
432 1255 201 41 kungörelse
669 1254 63 31 och
767 1252 234 33 kallelsebrefs
1034 1252 103 41 jemte
1173 1250 382 42 uppgörelseförslagets
1580 1249 208 32 afsändande
1816 1249 50 31 till
1889 1250 81 31 hvar

365 1307 63 31 och
457 1317 38 21 en
521 1306 10 31 i
554 1305 222 41 gäldenärens
805 1303 212 40 förteckning
1039 1305 167 38 upptagen
1232 1302 282 39 fordringsegare,
1538 1301 97 32 hvars
1658 1303 67 29 rätt
1752 1300 162 32 berördes
1939 1300 34 32 af

364 1357 229 41 uppgörelsen,
629 1355 240 34 sammankalla
901 1354 309 40 fordringsegarne,
1236 1352 179 40 hvarefter,
1438 1352 62 32 och
1525 1352 68 32 tills
1616 1351 207 32 förfarandet
1846 1351 123 32 förkla-

363 1408 99 32 rades
501 1407 96 33 skola
635 1407 162 41 upphöra,
827 1406 204 41 gäldenären
1059 1404 74 32 icke
1157 1404 111 32 kunde
1296 1405 11 30 i
1330 1404 146 31 konkurs
1500 1403 157 32 försättas
1683 1402 81 32 eller
1793 1403 37 31 de
1854 1402 115 40 borge-

363 1462 109 36 närer,
496 1458 110 32 hvilka
628 1458 73 32 icke
728 1458 84 40 egde
839 1457 226 37 förmånsrätt,
1088 1455 33 32 få
1145 1455 176 32 exekutiva
1349 1454 158 41 åtgärder
1519 1454 201 32 verkstälda.
1756 1453 95 32 Efter
1871 1453 57 32 det
1952 1454 19 31 å

365 1510 97 32 ofvan
496 1509 144 32 nämnda
675 1507 245 34 sammanträde
957 1506 338 32 förtroendemännen
1328 1508 104 39 yttrat
1462 1506 50 40 sig
1541 1504 93 33 öfver
1657 1504 200 41 ställningen
1886 1507 85 29 samt

364 1561 206 40 gäldenären
611 1560 102 40 aflagt
745 1557 299 43 uppteckningsed,
1080 1560 85 29 samt
1198 1557 51 39 ed,
1288 1559 50 31 att
1360 1557 65 32 han
1454 1556 84 33 efter
1562 1556 99 32 bästa
1687 1555 144 33 vetande
1855 1555 115 40 rigtigt

362 1611 162 42 uppgifvit
553 1611 183 32 orsakerna
769 1611 50 30 till
859 1610 57 31 sitt
938 1608 175 38 obestånd,
1137 1608 117 38 skulle,
1280 1608 109 32 derest
1412 1607 72 32 icke
1512 1606 145 42 uppskof
1676 1606 202 39 beslutades,
1902 1605 66 33 for-

364 1663 238 40 dringsegarne
637 1664 95 29 rösta
773 1661 92 31 öfver
898 1660 172 40 förslaget,
1092 1659 51 31 till
1166 1659 98 32 hvars
1295 1658 187 41 antagande
1507 1658 105 32 skulle
1638 1657 177 39 erfordras,
1839 1660 49 29 att
1913 1656 57 32 det

364 1714 34 31 af
419 1713 67 32 alla
509 1712 289 33 tillstädeskomne
823 1711 208 41 borgenärer
1053 1710 143 32 bifölles.
1254 1709 60 32 .Om
1339 1710 86 32 dock
1448 1710 100 31 minst
1576 1706 48 49 3/,
1651 1708 34 32 af
1705 1708 263 41 borgenärerne,

364 1764 84 32 efter
487 1765 37 30 så
557 1763 215 41 personantal
812 1773 71 21 som
905 1761 292 41 fordringsbelopp
1221 1760 154 39 räknadt,
1400 1760 116 32 bifölle
1546 1760 57 31 det
1627 1770 135 28 samma,
1787 1759 84 40 egde
1901 1759 69 40 gäl-

363 1815 149 32 denären
546 1817 68 29 rätt
650 1818 49 28 att
734 1813 113 33 fordra
884 1824 42 30 ny
963 1813 49 31 tid
1041 1815 104 29 utsatt
1167 1812 52 31 för
1242 1812 221 40 företagande
1488 1811 36 33 af
1544 1822 41 30 ny
1615 1811 216 39 omröstning,
1856 1809 112 32 dervid

364 1865 86 32 dock
475 1865 105 32 skulle
606 1865 168 32 erfordras
800 1863 267 41 enstämmighet.
1112 1863 216 40 Berättigade
1354 1865 49 29 att
1426 1863 10 30 i
1464 1862 106 32 sådan
1600 1863 207 38 omröstning
1824 1860 144 41 deltaga,

363 1916 103 32 skulle
503 1916 40 31 de
582 1926 162 31 personer
775 1926 89 27 vara,
891 1925 71 22 som
985 1914 34 31 af
1040 1914 206 40 gäldenären
1269 1914 11 31 i
1302 1913 85 32 hans
1414 1912 229 42 uppteckning
1672 1912 81 32 eller
1781 1914 48 30 ett
1851 1911 117 41 tillägg

363 1967 109 31 dertill
495 1978 79 21 voro
602 1970 181 38 upptagna,
808 1966 84 32 efter
915 1966 72 31 sina
1015 1965 60 31 der
1098 1964 157 42 uppgifna
1282 1964 303 40 fordringsbelopp,
1600 1965 37 30 så
1656 1963 76 32 vida
1747 1963 40 32 de
1802 1963 74 31 icke
1890 1966 76 36 toge

361 2019 10 30 i
400 2017 143 42 anspråk
581 2017 226 32 förmånsrätt,
859 2016 219 32 Innehafvare
1103 2015 35 33 af
1159 2016 114 31 vexlar
1298 2015 82 32 eller
1408 2015 106 31 andra
1537 2014 196 32 indossabla
1754 2024 127 30 papper
1905 2013 62 32 och

363 2069 51 38 de,
450 2079 68 21 som
556 2068 90 32 trädt
679 2069 33 30 in
740 2069 10 30 i
773 2067 231 41 ursprunglige
1028 2066 288 41 fordringsegares
1340 2068 77 36 rätt,
1437 2067 117 37 måste,
1583 2075 51 22 om
1664 2065 204 40 gäldenären
1896 2063 71 32 icke

362 2119 148 32 erkände
550 2119 75 31 dem
666 2130 71 21 som
762 2119 71 31 sina
856 2118 216 40 borgenärer,
1100 2117 186 40 framlägga
1310 2117 73 32 sina
1410 2116 179 40 fordrings-
1613 2116 82 31 eller
1718 2114 249 40 åtkomstbevis,

363 2170 64 30 och
452 2170 189 31 domstolen
666 2169 105 32 skulle
795 2171 81 29 utan
901 2168 110 41 appell
1036 2168 117 39 afgöra
1177 2168 91 31 öfver
1292 2168 96 31 deras
1413 2170 149 29 rösträtt.
1599 2167 51 31 En
1674 2166 34 31 af
1717 2166 250 40 borgenärerne

362 2220 162 40 enhälligt
563 2223 145 36 antagen
742 2219 179 40 förlikning
959 2219 104 31 skulle
1098 2218 35 33 af
1158 2218 188 33 domstolen
1373 2220 80 30 utan
1478 2218 110 41 appell
1610 2217 196 38 fastställas,
1832 2218 37 30 så
1892 2217 76 31 vida

361 2271 118 41 lagens
513 2271 211 32 föreskrifter
761 2281 77 21 vore
876 2271 175 39 iakttagna
1080 2270 82 32 eller
1187 2281 40 20 en
1257 2270 83 31 brist
1362 2270 201 30 härutinnan
1586 2268 106 32 blifvit
1712 2268 167 40 afhulpen,
1905 2268 61 31 och
