1896 2854
222 158 242 33 Sammansatt
488 156 115 36 första
623 154 73 38 lag-
719 154 65 32 och
804 151 351 40 jordbruksutskotts
1177 149 186 34 utlåtande
1387 150 52 34 Nr
1460 151 51 30 10.
1572 142 40 39 a

108 245 160 35 serligen
293 244 107 34 högre
425 242 126 36 belopp
577 244 45 28 än
648 241 57 31 750
729 241 130 30 kronor
885 240 11 30 i
919 239 200 31 allmänhet
1144 238 33 36 ej
1204 238 62 31 bör
1293 238 96 35 utgå,
1414 247 81 20 men
1520 238 55 30 att
1594 228 16 38 i

111 295 180 32 särskilda
318 295 65 30 fall
405 296 52 29 ett
484 294 125 35 belopp
635 302 46 21 av
705 292 105 36 högst
835 292 87 35 1,500
946 291 132 30 kronor
1104 292 58 28 må
1188 290 121 30 kunna
1336 289 161 36 beviljas.
1544 288 67 32 Det

112 347 182 37 förtjänar
320 347 11 29 i
358 345 236 31 förevarande
620 343 260 35 sammanhang
902 361 41 4 —
963 361 41 4 —
1027 360 41 5 —
1092 341 57 32 till
1175 341 138 36 åsyftat
1339 349 123 27 gagn.»
1557 336 1 4 |

153 469 31 33 2)
210 468 18 31 I
246 468 107 36 fråga
375 477 57 21 om
456 466 290 37 organisationen
770 465 58 36 för
847 463 282 32 handhavandet
1152 473 45 21 av
1221 460 390 39 hjälpverksamheten:

156 565 45 21 av
228 555 124 30 herrar
378 553 208 36 Björkman,
612 539 134 44 Larson
774 551 12 30 i
812 550 162 36 Lerdala,
1001 549 238 36 Gabrielsson,
1266 547 167 32 Hedlund
1461 548 12 30 i
1499 544 115 34 Öster-

112 607 107 35 sund,
249 606 194 31 Carlström
473 605 64 30 och
567 603 242 35 Christenson,
840 602 96 31 vilka
968 603 128 34 ansett,
1124 603 54 29 att
1209 600 190 31 utskottets
1428 599 186 31 utlåtande

115 660 85 30 från
219 658 63 31 och
304 657 79 31 med
404 657 110 30 orden
537 656 201 31 »Utskottet
760 655 170 35 övergår»
955 655 20 29 å
999 653 63 31 sid.
1086 654 37 30 17
1145 652 57 31 till
1225 653 63 30 och
1311 652 80 30 med
1412 651 58 31 det
1490 651 123 35 stycke

114 712 23 30 å
162 711 63 30 sid.
250 710 47 35 19,
321 719 73 21 som
419 709 115 30 slutar
558 708 80 30 med
662 707 110 30 orden
799 706 108 30 »visst
929 704 329 36 kostnadsanslag»,
1283 704 80 30 bort
1386 702 138 32 erhålla
1551 702 63 31 föl-

113 762 111 36 jande
248 761 147 36 lydelse:

161 830 200 31 »Utskottet
385 830 151 35 övergår
561 828 159 31 härefter
745 827 58 31 till
829 827 131 36 frågan
981 836 57 21 om
1063 826 292 37 organisationen
1380 824 54 31 för
1459 822 157 32 handha-

116 883 133 30 vandet
274 892 45 20 av
344 881 67 31 den
436 880 188 32 förordade
649 878 388 38 hjälpverksamheten.

157 934 184 31 Utskottet
365 933 106 35 hyser
497 932 66 30 den
588 930 284 37 uppfattningen
896 931 53 29 att
975 929 282 37 ifrågavarande
1281 927 269 37 arbetsuppgift
1576 928 39 29 är

116 997 50 20 av
188 985 249 32 beskaffenhet
458 985 55 29 att
537 984 12 30 i
571 983 97 36 regel
692 983 87 30 böra
799 992 89 20 vara
912 981 145 36 lämpad
1080 981 56 30 för
1160 979 457 37 hushållningssällskapen

116 1038 67 31 och
208 1038 101 30 deras
336 1035 358 36 förvaltningsorgan
718 1034 64 31 och
808 1043 105 21 anser
938 1034 55 30 att
1019 1032 45 31 då
1088 1033 41 30 de
1155 1032 218 36 ifrågasatta
1398 1030 219 37 åtgärderna

117 1091 66 29 äro
206 1091 54 28 att
282 1098 83 21 anse
389 1088 116 30 såsom
529 1096 43 21 en
596 1085 164 36 tillfällig
784 1084 203 36 anordning
1014 1085 58 31 det
1098 1086 40 28 är
1163 1082 156 36 önskligt
1343 1083 54 30 att
1421 1082 33 36 ej
1482 1082 55 30 för
1564 1081 54 31 de-

119 1150 137 21 samma
278 1140 223 36 igångsättes
527 1148 45 21 en
596 1146 48 27 ny
670 1138 64 30 och
758 1136 223 32 omfattande
1008 1135 256 37 organisation.
1309 1134 212 31 Emellertid
1547 1133 70 31 kan

119 1192 176 31 utskottet
320 1191 33 36 ej
381 1191 118 30 bortse
528 1190 83 30 från
639 1191 53 29 att
719 1190 46 35 på
792 1189 80 30 sina
897 1188 76 30 håll
1001 1187 252 31 förhållanden
1279 1187 123 30 kunna
1430 1185 187 36 föreligga,

118 1254 78 20 som
219 1245 86 35 göra
326 1244 54 29 att
402 1252 44 21 en
470 1242 82 30 från
575 1240 460 37 hushållningssällskapen
1058 1239 195 31 fristående
1278 1237 247 38 organisation
1548 1237 71 30 kan

120 1306 91 20 vara
227 1296 54 30 att
302 1294 152 31 förorda.
494 1293 184 31 Utskottet
698 1301 103 22 anser
821 1292 54 30 att
893 1291 212 36 spörsmålet
1125 1300 55 22 om
1199 1289 292 32 verksamhetens
1510 1288 109 31 hand-

122 1347 161 31 havande
306 1345 121 32 därför
450 1345 63 31 bör
537 1345 138 30 lämnas
699 1344 58 31 till
779 1343 134 36 Kungl.
935 1342 130 37 Maj:ts
1088 1341 276 36 bestämmande,
1389 1341 64 31 och
1477 1340 66 32 vill
1566 1342 53 28 ut-

119 1399 135 30 skottet
283 1397 116 31 uttala
428 1397 67 30 den
524 1396 221 36 förvissning
775 1396 64 34 att,
868 1404 85 21 vare
982 1395 55 36 sig
1066 1393 277 31 handhavandet
1372 1393 182 31 anförtros
1584 1393 36 29 åt

122 1448 411 37 hushållningssällskap
584 1447 86 31 eller
719 1448 37 29 åt
806 1447 119 35 någon
963 1446 56 30 för
1049 1445 204 31 ändamålet
1283 1444 146 31 särskilt
1459 1444 162 30 inrättad

123 1501 143 35 nämnd,
293 1500 133 36 Kungl.
453 1499 110 36 Maj:t
590 1499 115 30 tillser
732 1499 55 30 att
814 1497 108 37 nödig
949 1497 230 36 sakkunskap
1207 1496 96 31 inom
1330 1495 290 37 organisationen

120 1552 73 32 blir
219 1550 192 33 företrädd.

164 1603 253 32 Utformandet
441 1613 45 20 av
510 1602 41 31 de
575 1603 167 29 närmare
764 1600 278 36 bestämmelser,
1065 1599 99 31 vilka
1189 1599 180 31 erfordras
1393 1597 228 33 beträffande

123 1655 278 32 handhavandet
424 1665 46 20 av
492 1653 206 36 lånemedel,
721 1653 99 31 torde
845 1652 191 31 ankomma
1058 1652 46 36 på
1126 1651 134 36 Kungl.
1284 1651 137 36 Maj:t.»

166 1809 71 31 Vid
260 1807 193 32 utskottets
477 1806 215 32 hemställan
716 1806 113 32 under
851 1803 30 33 B

169 1905 46 21 av
235 1894 125 30 herrar
381 1893 208 37 Björkman,
610 1892 238 35 Gabrielsson,
869 1889 198 33 Carlström
1089 1890 64 31 och
1175 1888 240 37 Christenson,
1437 1898 75 23 som
1534 1888 91 32 hem-

125 1946 112 35 ställt,
254 1946 57 30 att
330 1945 209 36 yrkandena
560 1944 112 30 under
693 1942 114 37 punkt
829 1941 31 35 ce)
883 1942 12 30 i
915 1942 223 30 motionerna
1159 1941 32 30 I:
1206 1942 57 29 121
1283 1942 64 29 och
1368 1941 52 30 IT:
1435 1942 58 30 207
1513 1942 111 30 måtte

127 2008 48 20 av
197 1997 193 35 riksdagen
408 1995 129 32 avslås.

168 2117 70 32 Vid
262 2117 193 32 utskottets
479 2114 214 33 hemställan
718 2115 112 32 under
852 2113 28 33 F

170 2213 46 20 av
241 2202 124 30 herrar
393 2200 177 31 Pehrsson
597 2200 11 31 i
635 2199 208 36 Bramstorp
869 2199 64 30 och
961 2199 156 31 Svenson
1148 2197 10 32 1
1186 2196 162 37 Eskhult,
1377 2197 97 32 vilka
1501 2200 126 33 ansett,

129 2256 56 28 att
210 2251 172 33 utskottet
407 2261 74 22 som
507 2251 215 35 motivering
747 2250 56 31 till
830 2249 62 32 sitt
918 2249 307 37 avslagsyrkande
1252 2250 228 30 beträffande
1507 2250 121 30 motio-

133 2314 109 21 nerna
267 2303 30 31 I:
312 2304 57 30 260
394 2304 63 30 och
484 2302 51 31 IT:
551 2303 57 30 328
632 2300 79 32 bort
735 2300 117 32 uttala
878 2301 174 35 följande:

173 2356 138 30 »Under
335 2354 221 35 åberopande
581 2363 44 20 av
648 2353 68 30 vad
742 2352 151 31 sålunda
918 2350 223 32 förekommit
1167 2351 61 30 och
1255 2352 43 30 då
1324 2351 171 31 utskottet
1520 2352 108 29 förut-

130 2409 123 33 sätter,
272 2408 53 29 att
346 2405 416 34 kreditinrättningarna
780 2402 12 31 i
812 2401 101 32 såväl
933 2401 63 32 sitt
1017 2405 79 32 eget
1117 2403 247 30 välförstådda
1387 2403 148 30 intresse
1556 2413 71 20 som

133 2459 79 30 med
234 2459 138 34 hänsyn
397 2456 55 31 till
478 2455 215 36 tryggheten
716 2455 55 30 för
796 2455 216 34 låntagarna
1036 2453 76 31 icke
1136 2454 9 29 i
1172 2456 112 28 större
1310 2454 251 35 utsträckning
1585 2457 42 28 än
