1876 2820
571 155 259 26 Slatsutskottets
847 155 162 27 utlåtande
1030 156 46 26 Nr
1104 161 63 23 138.
1607 159 19 27 d

115 250 55 19 sen
197 238 60 31 har
280 238 116 31 därvid
422 239 113 36 utgått
559 239 88 31 ifrån
674 243 50 28 att
751 240 60 31 den
838 241 250 36 sammanlagda
1114 242 51 30 till
1197 243 234 31 statsbanorna
1457 245 164 35 utgående

120 281 320 37 fraktersättningen
463 281 87 31 skall
571 282 163 31 beräknas
756 283 86 30 efter
863 294 41 19 nu
926 282 155 37 gällande
1102 284 231 31 normaltariff
1356 286 51 29 för
1429 285 97 32 malm
1549 286 71 30 med

115 325 47 28 ett
178 322 136 39 avdrag,
330 323 195 32 varierande
540 324 121 31 mellan
679 325 40 31 20
737 325 58 30 och
811 326 40 30 40
867 327 19 29 Z
903 329 85 27 samt
1005 326 222 32 innebärande
1245 331 46 28 ett
1309 328 209 37 ungefärligt
1537 329 83 31 åter-

115 364 165 32 ställande
300 377 40 19 av
365 366 82 31 1907
471 366 54 31 års
547 366 139 31 relation
707 367 121 30 mellan
851 367 37 30 de
909 367 7 30 i
940 368 126 30 avtalet
1088 369 194 31 fastställda
1304 370 60 30 och
1386 370 38 31 de
1445 371 6 30 i
1478 371 59 31 den
1561 371 58 31 all-

115 410 119 27 männa
255 410 100 28 taxan
375 407 212 32 föreskrivna
608 408 194 32 tarifferna.
848 409 52 30 Då
920 409 115 31 härtill
1055 410 157 38 kommer,
1235 415 50 27 att
1304 415 119 28 taxans
1444 413 176 31 normalta-

116 448 64 30 riff
199 448 53 31 för
271 449 98 30 malm
388 461 44 19 nu
450 450 10 30 i
481 450 209 30 förhållande
711 450 52 31 till
785 452 36 29 år
848 452 77 30 1907
944 452 202 35 nedflyttats
1168 453 75 31 från
1264 454 101 30 tariff
1387 455 38 30 12
1447 455 52 30 till
1519 455 102 31 tariff

120 491 39 30 13
184 495 85 26 samt
291 491 53 30 till
367 491 85 36 följd
476 491 103 31 därav
603 492 28 36 ej
655 492 95 31 ökats
775 493 9 29 i
808 492 209 31 förhållande
1041 493 53 31 till
1118 494 327 33 driftkostnadernas
1470 496 152 37 stegring

121 531 98 30 sedan
251 533 93 31 1907,
375 533 37 30 så
440 533 60 30 har
529 545 75 18 man
634 534 56 30 vid
719 534 159 36 kalkylen
909 535 162 36 därjämte
1100 540 130 27 strävat
1246 541 45 26 att
1313 536 175 38 tillgodose
1506 538 118 31 kravet

120 576 51 27 att
202 574 39 36 på
274 574 106 35 grund
413 586 41 18 av
486 575 58 31 den
569 575 5 30 i
598 575 127 31 avtalet
748 576 177 31 förutsatta
950 577 274 37 trafikökningen
1246 579 142 31 beräkna
1411 580 84 31 ökad
1518 580 104 31 frakt-

123 615 120 31 rabatt.

159 655 52 32 En
227 656 85 38 följd
327 657 104 32 härav
449 663 46 33 är,
513 662 51 27 att
581 662 125 28 statens
722 659 199 38 järnvägars
939 661 88 31 vinst
1045 674 41 18 av
1105 662 221 38 malmbanan,
1344 668 82 27 även
1444 677 50 18 om
1513 664 107 32 frakt-

116 698 133 37 fyllnad
268 699 86 31 efter
372 700 143 32 nämnda
534 701 145 37 grunder
698 701 212 39 tillkommer,
930 703 72 32 icke
1022 704 65 31 blir
1110 705 36 30 så
1166 708 78 35 stor,
1266 717 68 20 som
1355 718 77 19 man
1451 707 42 37 på
1512 707 109 37 grund

115 752 41 19 av
183 741 83 32 1907
292 742 53 32 års
370 743 93 31 avtal
488 742 108 33 skulle
623 744 42 31 ha
691 744 129 33 kunnat
846 745 103 31 räkna
974 746 71 31 med
1072 747 105 31 under
1204 747 246 39 förutsättning
1476 761 41 19 av
1544 749 76 31 från

117 784 143 31 nämnda
280 785 47 31 tid
347 785 196 32 oförändrat
561 786 261 37 penningvärde.
864 787 78 32 Icke
962 788 91 31 desto
1072 789 128 31 mindre
1219 789 108 32 skulle
1347 790 60 32 den
1429 790 192 38 föreslagna

113 824 162 38 åtgärden
300 826 184 38 väsentligt
515 827 167 32 förbättra
711 829 330 38 statsjärnvägarnas
1069 830 161 34 ekonomi.
1281 832 340 39 Järnvägsstyrelsen

113 866 166 33 beräknar
300 868 178 38 nämligen,
502 872 51 29 att
576 870 61 31 den
660 870 191 38 föreslagna
877 872 272 38 fraktfyllnaden
1179 872 27 39 (i
1232 875 201 36 genomsnitt
1454 875 51 34 kr.
1532 877 87 30 1:25

113 919 59 27 per
189 908 73 39 ton)
285 909 87 33 skall
389 910 77 38 höja
483 912 223 32 nettovinsten
724 914 19 30 å
761 913 210 32 malmbanan
995 913 104 40 (efter
1117 916 129 38 avdrag
1264 928 41 20 av
1323 920 97 29 ränta
1438 918 59 31 och
1515 930 105 20 amor-

114 950 110 39 tering
242 952 19 31 å
280 952 54 32 det
350 952 11 31 i
378 952 110 32 banan
504 954 166 39 nedlagda
687 954 182 40 kapitalet)
895 956 53 31 till
965 957 11 30 i
994 958 167 31 avrundat
1176 959 49 31 tal
1247 960 67 31 10.5
1334 959 84 38 milj.
1437 960 61 38 kr.,
1516 961 105 32 under

118 993 244 39 förutsättning
378 1007 43 19 av
437 1007 38 20 en
492 997 296 37 transportmängd
805 1009 50 20 om
872 998 11 31 i
901 999 154 31 medeltal
1073 1001 18 31 8
1109 1000 84 37 milj.
1210 1004 55 28 ton
1283 1013 57 26 per
1359 1002 47 32 år.

158 1035 267 39 Järnvägsrådet
445 1037 110 33 finner
573 1039 54 31 för
646 1039 51 32 sin
718 1039 52 32 del
789 1039 345 40 järnvägsstyrelsens
1154 1043 139 38 förslag,
1314 1047 50 30 att
1384 1048 125 29 statens
1532 1045 87 38 järn-

112 1081 107 34 vägar
239 1078 102 32 måtte
360 1079 236 39 tillgodoföras
618 1093 39 20 en
677 1082 43 37 på
742 1083 135 37 angivet
899 1087 67 28 sätt
987 1084 170 33 beräknad
1179 1086 231 38 fraktfyllnad
1432 1088 54 31 för
1506 1088 114 32 malm-

115 1123 261 37 transporterna,
401 1134 82 20 vara
509 1123 214 38 synnerligen
748 1125 244 34 välmotiverat.
1040 1127 18 31 I
1083 1127 169 39 egenskap
1279 1140 41 20 av
1346 1129 275 33 affärsdrivande

112 1162 82 31 verk
212 1163 43 31 ha
276 1166 124 31 statens
419 1164 184 39 järnvägar
624 1166 11 31 i
656 1166 412 46 förvaltningshänseende
1089 1170 11 31 i
1119 1170 182 33 allmänhet
1324 1175 133 34 strängt
1478 1178 142 32 avgrän-

114 1207 68 30 sats
204 1205 77 32 från
301 1206 58 32 den
380 1207 117 38 övriga
517 1208 349 41 statsförvaltningen.
910 1211 96 32 Även
1026 1212 11 31 i
1060 1213 106 31 denna
1189 1214 167 32 särskilda
1380 1215 99 38 fråga
1500 1216 59 31 bör
1582 1228 38 19 en

113 1246 157 34 liknande
287 1249 230 38 avgränsning
536 1255 64 33 äga
619 1263 72 19 rum
709 1252 87 32 efter
813 1253 261 39 affärsmässiga
1093 1255 179 39 principer.
1314 1257 103 32 Detta
1438 1258 58 32 bör
1515 1259 106 37 enligt

114 1289 109 32 rådets
244 1291 133 37 mening
397 1291 100 38 tillgå
515 1293 46 38 så,
581 1296 51 29 att
651 1306 41 19 av
715 1297 125 30 statens
861 1297 251 38 sammanlagda
1133 1298 182 33 inkomster
1335 1300 106 38 enligt
1461 1301 158 32 malmav-

112 1331 93 39 talet,
221 1332 93 33 vilka
331 1333 184 33 inkomster
531 1334 113 33 kunna
662 1348 96 20 anses
776 1337 267 39 huvudsakligen
1060 1340 139 32 härröra
1218 1341 76 32 från
1313 1345 126 30 statens
1457 1344 163 37 ställning

113 1384 69 21 som
206 1378 101 33 ägare
330 1386 42 20 av
396 1376 223 39 malmbanan,
645 1389 37 20 en
707 1379 256 39 affärsmässigt
986 1381 179 41 beräknad,
1191 1384 30 32 d.
1245 1397 31 20 v.
1302 1398 24 20 s.
1352 1387 87 32 efter
1463 1389 157 37 gällande

111 1418 80 29 taxa
213 1417 167 37 avpassad
403 1419 188 39 ersättning
613 1420 128 33 lämnas
770 1421 53 32 för
845 1422 331 41 statsjärnvägarnas
1200 1427 319 41 malmtransporter.
1566 1432 54 32 Då

114 1457 83 33 1927
219 1459 54 32 års
294 1459 195 34 malmavtal
508 1466 109 29 avsett
637 1466 50 29 att
707 1465 203 32 omedelbart
929 1466 128 38 reglera
1079 1471 126 31 statens
1228 1471 296 34 mellanhavanden
1547 1475 73 32 med

111 1500 333 42 malmbefraktarna,
474 1515 99 27 synes
601 1517 40 20 en
668 1505 157 34 liknande
852 1508 185 34 omedelbar
1065 1511 169 40 reglering
1261 1525 42 20 av
1329 1515 292 34 mellanhavandet

112 1542 123 33 mellan
260 1547 108 30 staten
395 1546 60 32 och
482 1547 72 32 dess
582 1548 276 34 affärsdrivande
884 1551 82 32 verk
993 1556 125 30 statens
1144 1554 182 40 Järnvägar
1352 1557 161 34 likaledes
1539 1560 80 32 böra

112 1589 109 33 göras.
260 1586 109 34 Rådet
383 1588 62 32 vill
463 1589 115 32 därför
595 1591 145 40 förorda,
759 1596 51 28 att
827 1593 61 32 den
905 1605 42 21 av
962 1594 328 41 Järnvägsstyrelsen
1309 1599 191 41 föreslagna
1512 1602 107 32 frakt-

113 1626 175 39 fyllnaden
309 1630 100 32 redan
430 1631 77 32 från
529 1633 59 31 och
610 1634 73 32 med
703 1634 55 33 det
777 1647 67 26 nya
866 1636 245 35 malmavtalets
1133 1639 272 36 ikraftträdande
1427 1645 102 32 måtte
1552 1646 67 31 till-

112 1670 179 37 godoföras
310 1675 125 30 statens
452 1674 193 39 järnvägar.

155 1711 54 34 Då
229 1715 143 32 nämnda
394 1715 231 39 fraktfyllnad
645 1730 68 21 som
734 1724 115 28 nämnt
867 1726 37 27 är
926 1725 50 29 att
995 1722 156 34 betrakta
1173 1737 67 20 som
1260 1726 163 38 ingående
1444 1729 10 31 i
1475 1742 38 19 en
1534 1730 86 32 efter

112 1754 156 37 gällande
291 1759 78 30 taxa
392 1760 167 36 avpassad
580 1762 188 38 ersättning
791 1763 54 31 för
865 1764 159 33 malmens
1046 1767 231 40 utfraktande,
1300 1769 67 32 kan
1390 1771 152 39 tydligen
1567 1785 51 19 en-

112 1796 75 33 dast
207 1798 61 32 den
289 1799 208 35 återstående
517 1802 92 32 delen
629 1815 42 19 av
689 1807 126 30 statens
835 1806 90 32 vinst
944 1819 41 20 av
1006 1809 231 34 malmavtalet
1255 1812 159 33 bokföras
1437 1815 106 31 såsom
1567 1816 52 31 för

111 1838 166 39 budgeten
295 1841 187 39 disponibla
501 1845 115 33 medel.
656 1845 67 33 Det
744 1859 41 19 av
804 1848 239 35 statskontoret
1061 1852 123 32 väckta
1203 1854 59 31 och
1282 1866 42 20 av
1345 1855 180 39 riksdagen
1545 1863 73 26 när-

111 1893 90 21 mare
218 1883 190 34 utformade
427 1885 164 40 förslaget
608 1891 51 28 att
676 1890 152 32 använda
848 1903 38 19 en
904 1891 49 32 del
973 1904 41 20 av
1034 1897 126 30 statens
1180 1895 182 34 inkomster
1381 1898 106 39 enligt
1504 1900 114 31 malm-

111 1924 128 33 avtalet
255 1925 54 33 till
324 1927 193 40 minskning
533 1941 42 20 av
588 1930 69 32 viss
676 1932 186 33 statsskuld
879 1933 66 32 kan
964 1935 116 33 därför
1097 1937 106 38 enligt
1222 1939 108 32 rådets
1350 1941 134 39 mening
1502 1943 118 32 endast

111 1965 143 34 hänföra
273 1968 53 38 sig
344 1969 54 31 till
417 1969 95 34 dessa
533 1971 175 41 verkligen
729 1974 186 39 disponibla
935 1978 115 34 medel.
1092 1979 73 32 Vill
1184 1993 75 20 man
1279 1983 153 32 använda
1453 1996 38 21 en
1514 1988 105 29 större

112 2008 80 32 eller
211 2010 127 33 mindre
357 2012 52 32 del
429 2024 42 20 av
491 2013 71 33 dem
584 2015 53 32 för
656 2018 213 38 amortering,
892 2019 109 33 finner
1024 2021 92 33 rådet
1139 2023 53 32 det
1214 2024 134 38 mycket
1369 2027 174 38 naturligt,
1568 2031 50 29 att

111 2050 11 31 i
138 2050 107 39 enligt
259 2053 72 32 med
345 2053 197 41 riksdagens
558 2058 180 38 anvisning
754 2072 38 20 en
810 2061 215 39 avbetalning
1042 2075 42 20 av
1102 2066 173 32 oräntabla
1293 2067 92 32 delar
1401 2080 41 20 av
1459 2069 54 33 det
1530 2070 87 32 låne-

110 2092 141 40 kapital,
273 2106 68 21 som
365 2101 38 27 är
421 2098 137 38 nedlagt
578 2100 11 31 i
609 2103 126 30 statens
758 2101 420 44 järnvägsanläggningar,
1200 2109 12 31 i
1235 2109 106 33 första
1365 2115 141 29 rummet
1527 2112 91 33 kom-

110 2147 70 20 mer
198 2136 11 32 i
228 2136 229 35 betraktande.
480 2140 152 34 Givetvis
653 2143 109 33 skulle
783 2148 124 30 statens
927 2146 200 40 järnvägars
1151 2152 197 33 räntebörda
1370 2165 117 27 genom
1509 2168 38 20 en
1569 2157 49 31 så-

111 2177 64 48 dan
194 2179 217 41 avbetalning
429 2182 131 34 komma
581 2188 52 29 att
654 2187 181 33 successivt
855 2189 157 34 minskas.
1055 2191 148 35 Därmed
1221 2194 108 34 skulle
1351 2197 206 39 småningom
1580 2211 38 20 en

110 2231 79 28 viss,
212 2221 103 33 ehuru
335 2224 199 34 åtminstone
554 2227 54 31 till
629 2240 38 20 en
688 2229 116 38 början
823 2232 127 32 mindre
970 2233 187 38 betydande
1178 2237 150 39 stegring
1351 2250 42 21 av
1415 2240 54 32 det
1488 2241 130 39 belopp,

111 2274 69 20 som
195 2263 67 33 kan
278 2265 154 35 befinnas
451 2268 201 39 disponibelt
668 2271 53 32 för
738 2274 342 42 taxenedsättningar,
1098 2278 132 34 komma
1247 2284 50 29 att
1314 2282 144 33 inträda.
1497 2284 19 31 TI
1533 2279 86 38 brist

111 2306 43 36 på
173 2311 151 30 närmare
340 2310 144 37 angiven
502 2312 79 38 plan
600 2312 54 33 för
674 2314 60 32 den
755 2315 174 34 tilltänkta
949 2320 245 39 amorteringen
1212 2322 67 33 kan
1298 2324 94 33 rådet
1412 2325 28 38 ej
1463 2329 79 35 taga
1562 2339 55 20 an-

111 2359 65 21 nan
193 2349 130 39 hänsyn
339 2351 54 32 till
412 2352 200 42 densamma,
632 2360 41 28 än
690 2360 52 29 att
760 2358 60 32 den
839 2360 52 31 må
909 2372 94 22 anses
1021 2362 94 38 tjäna
1133 2376 69 20 som
1220 2378 38 20 en
1276 2366 342 42 säkerhetsmarginal

112 2390 53 31 för
188 2391 62 33 här
271 2393 261 38 ifrågavarande
557 2397 236 42 beräkningar,
818 2404 178 32 eventuellt
1020 2405 100 33 också
1143 2406 113 34 kunna
1284 2410 169 38 utnyttjas
1480 2411 53 32 för
1557 2413 60 31 den

111 2432 123 50 vidare
246 2435 125 37 gående
393 2439 255 47 taxesänkning,
673 2453 68 21 som
766 2444 104 38 enligt
890 2446 64 32 vad
976 2459 83 20 ovan
1080 2453 93 34 sagts
1196 2451 104 33 måste
1322 2464 96 21 anses
1441 2454 107 32 såsom
1571 2459 47 28 ett

111 2476 165 39 naturligt
298 2479 274 35 framtidskrav.»
