<?xml version="1.0" encoding="UTF-8"?>
<alto xmlns="http://www.loc.gov/standards/alto/ns-v3#" xmlns:xlink="http://www.w3.org/1999/xlink" xmlns:xsi="http://www.w3.org/2001/XMLSchema-instance" xsi:schemaLocation="http://www.loc.gov/standards/alto/ns-v3# http://www.loc.gov/alto/v3/alto-3-0.xsd">
	<Description>
		<MeasurementUnit>pixel</MeasurementUnit>
		<sourceImageInformation>
			<fileName>/tmp/tess_5r04150p_input.PNG</fileName>
		</sourceImageInformation>
		<OCRProcessing ID="OCR_0">
			<ocrProcessingStep>
				<processingSoftware>
					<softwareName>tesseract 5.3.0</softwareName>
				</processingSoftware>
			</ocrProcessingStep>
		</OCRProcessing>
	</Description>
	<Layout>
		<Page WIDTH="1898" HEIGHT="2830" PHYSICAL_IMG_NR="0" ID="page_0">
			<PrintSpace HPOS="0" VPOS="0" WIDTH="1898" HEIGHT="2830">
				<ComposedBlock ID="cblock_0" HPOS="524" VPOS="115" WIDTH="1106" HEIGHT="37">
					<TextBlock ID="block_0" HPOS="524" VPOS="115" WIDTH="1106" HEIGHT="37">
						<TextLine ID="line_0" HPOS="524" VPOS="115" WIDTH="1106" HEIGHT="37">
							<String ID="string_0" HPOS="524" VPOS="121" WIDTH="380" HEIGHT="31" WC="0.91" CONTENT="Jordbruksutskottets"/><SP WIDTH="26" VPOS="121" HPOS="904"/>
							<String ID="string_1" HPOS="930" VPOS="121" WIDTH="176" HEIGHT="31" WC="0.96" CONTENT="utlåtande"/><SP WIDTH="25" VPOS="121" HPOS="1106"/>
							<String ID="string_2" HPOS="1131" VPOS="121" WIDTH="49" HEIGHT="30" WC="0.96" CONTENT="Nr"/><SP WIDTH="21" VPOS="121" HPOS="1180"/>
							<String ID="string_3" HPOS="1201" VPOS="123" WIDTH="49" HEIGHT="29" WC="0.90" CONTENT="33."/><SP WIDTH="342" VPOS="123" HPOS="1250"/>
							<String ID="string_4" HPOS="1592" VPOS="115" WIDTH="38" HEIGHT="31" WC="0.96" CONTENT="17"/>
						</TextLine>
					</TextBlock>
				</ComposedBlock>
				<ComposedBlock ID="cblock_1" HPOS="116" VPOS="204" WIDTH="1516" HEIGHT="1343">
					<TextBlock ID="block_1" HPOS="116" VPOS="204" WIDTH="1512" HEIGHT="233">
						<TextLine ID="line_1" HPOS="117" VPOS="204" WIDTH="1509" HEIGHT="37">
							<String ID="string_5" HPOS="117" VPOS="214" WIDTH="63" HEIGHT="27" WC="0.96" CONTENT="syn"/><SP WIDTH="28" VPOS="214" HPOS="180"/>
							<String ID="string_6" HPOS="208" VPOS="205" WIDTH="48" HEIGHT="29" WC="0.96" CONTENT="till"/><SP WIDTH="25" VPOS="205" HPOS="256"/>
							<String ID="string_7" HPOS="281" VPOS="205" WIDTH="41" HEIGHT="30" WC="0.96" CONTENT="de"/><SP WIDTH="25" VPOS="205" HPOS="322"/>
							<String ID="string_8" HPOS="347" VPOS="205" WIDTH="129" HEIGHT="36" WC="0.96" CONTENT="viktiga"/><SP WIDTH="24" VPOS="205" HPOS="476"/>
							<String ID="string_9" HPOS="500" VPOS="204" WIDTH="292" HEIGHT="37" WC="0.95" CONTENT="arbetsuppgifter"/><SP WIDTH="23" VPOS="204" HPOS="792"/>
							<String ID="string_10" HPOS="815" VPOS="204" WIDTH="96" HEIGHT="30" WC="0.93" CONTENT="inom"/><SP WIDTH="24" VPOS="204" HPOS="911"/>
							<String ID="string_11" HPOS="935" VPOS="205" WIDTH="464" HEIGHT="36" WC="0.90" CONTENT="egnahemsverksamheten,"/><SP WIDTH="28" VPOS="205" HPOS="1399"/>
							<String ID="string_12" HPOS="1427" VPOS="214" WIDTH="75" HEIGHT="21" WC="0.96" CONTENT="som"/><SP WIDTH="26" VPOS="214" HPOS="1502"/>
							<String ID="string_13" HPOS="1528" VPOS="205" WIDTH="98" HEIGHT="30" WC="0.96" CONTENT="skola"/>
						</TextLine>
						<TextLine ID="line_2" HPOS="116" VPOS="253" WIDTH="1508" HEIGHT="40">
							<String ID="string_14" HPOS="116" VPOS="253" WIDTH="112" HEIGHT="37" WC="0.95" CONTENT="åligga"/><SP WIDTH="23" VPOS="253" HPOS="228"/>
							<String ID="string_15" HPOS="251" VPOS="255" WIDTH="98" HEIGHT="30" WC="0.96" CONTENT="dessa"/><SP WIDTH="22" VPOS="255" HPOS="349"/>
							<String ID="string_16" HPOS="371" VPOS="255" WIDTH="221" HEIGHT="38" WC="0.96" CONTENT="tjänstemän."/><SP WIDTH="37" VPOS="255" HPOS="592"/>
							<String ID="string_17" HPOS="629" VPOS="255" WIDTH="171" HEIGHT="30" WC="0.95" CONTENT="Utskottet"/><SP WIDTH="20" VPOS="255" HPOS="800"/>
							<String ID="string_18" HPOS="820" VPOS="255" WIDTH="153" HEIGHT="30" WC="0.96" CONTENT="biträder"/><SP WIDTH="21" VPOS="255" HPOS="973"/>
							<String ID="string_19" HPOS="994" VPOS="254" WIDTH="146" HEIGHT="31" WC="0.93" CONTENT="sålunda"/><SP WIDTH="23" VPOS="254" HPOS="1140"/>
							<String ID="string_20" HPOS="1163" VPOS="255" WIDTH="276" HEIGHT="30" WC="0.91" CONTENT="motionärernas"/><SP WIDTH="21" VPOS="255" HPOS="1439"/>
							<String ID="string_21" HPOS="1460" VPOS="255" WIDTH="164" HEIGHT="36" WC="0.96" CONTENT="yrkande,"/>
						</TextLine>
						<TextLine ID="line_3" HPOS="117" VPOS="303" WIDTH="1511" HEIGHT="38">
							<String ID="string_22" HPOS="117" VPOS="307" WIDTH="49" HEIGHT="28" WC="0.95" CONTENT="att"/><SP WIDTH="20" VPOS="307" HPOS="166"/>
							<String ID="string_23" HPOS="186" VPOS="303" WIDTH="266" HEIGHT="37" WC="0.95" CONTENT="ifrågavarande"/><SP WIDTH="21" VPOS="303" HPOS="452"/>
							<String ID="string_24" HPOS="473" VPOS="305" WIDTH="234" HEIGHT="35" WC="0.96" CONTENT="befattningar"/><SP WIDTH="22" VPOS="305" HPOS="707"/>
							<String ID="string_25" HPOS="729" VPOS="305" WIDTH="154" HEIGHT="36" WC="0.96" CONTENT="placeras"/><SP WIDTH="24" VPOS="305" HPOS="883"/>
							<String ID="string_26" HPOS="907" VPOS="305" WIDTH="11" HEIGHT="29" WC="0.96" CONTENT="i"/><SP WIDTH="24" VPOS="305" HPOS="918"/>
							<String ID="string_27" HPOS="942" VPOS="305" WIDTH="163" HEIGHT="35" WC="0.93" CONTENT="lönegrad"/><SP WIDTH="23" VPOS="305" HPOS="1105"/>
							<String ID="string_28" HPOS="1128" VPOS="305" WIDTH="28" HEIGHT="29" WC="0.93" CONTENT="A"/><SP WIDTH="23" VPOS="305" HPOS="1156"/>
							<String ID="string_29" HPOS="1179" VPOS="305" WIDTH="52" HEIGHT="29" WC="0.94" CONTENT="24."/><SP WIDTH="47" VPOS="305" HPOS="1231"/>
							<String ID="string_30" HPOS="1278" VPOS="305" WIDTH="13" HEIGHT="30" WC="0.90" CONTENT="I"/><SP WIDTH="22" VPOS="305" HPOS="1291"/>
							<String ID="string_31" HPOS="1313" VPOS="305" WIDTH="150" HEIGHT="36" WC="0.94" CONTENT="enlighet"/><SP WIDTH="21" VPOS="305" HPOS="1463"/>
							<String ID="string_32" HPOS="1484" VPOS="305" WIDTH="144" HEIGHT="30" WC="0.96" CONTENT="härmed"/>
						</TextLine>
						<TextLine ID="line_4" HPOS="117" VPOS="355" WIDTH="1510" HEIGHT="36">
							<String ID="string_33" HPOS="117" VPOS="355" WIDTH="64" HEIGHT="30" WC="0.96" CONTENT="har"/><SP WIDTH="25" VPOS="355" HPOS="181"/>
							<String ID="string_34" HPOS="206" VPOS="356" WIDTH="163" HEIGHT="30" WC="0.93" CONTENT="utskottet"/><SP WIDTH="25" VPOS="356" HPOS="369"/>
							<String ID="string_35" HPOS="394" VPOS="356" WIDTH="187" HEIGHT="29" WC="0.91" CONTENT="omräknat"/><SP WIDTH="25" VPOS="356" HPOS="581"/>
							<String ID="string_36" HPOS="606" VPOS="356" WIDTH="68" HEIGHT="30" WC="0.96" CONTENT="den"/><SP WIDTH="24" VPOS="356" HPOS="674"/>
							<String ID="string_37" HPOS="698" VPOS="356" WIDTH="195" HEIGHT="35" WC="0.93" CONTENT="föreslagna"/><SP WIDTH="27" VPOS="356" HPOS="893"/>
							<String ID="string_38" HPOS="920" VPOS="356" WIDTH="295" HEIGHT="35" WC="0.40" CONTENT="avlöningsstatien"/><SP WIDTH="24" VPOS="356" HPOS="1215"/>
							<String ID="string_39" HPOS="1239" VPOS="355" WIDTH="55" HEIGHT="30" WC="0.93" CONTENT="för"/><SP WIDTH="23" VPOS="355" HPOS="1294"/>
							<String ID="string_40" HPOS="1317" VPOS="356" WIDTH="310" HEIGHT="35" WC="0.90" CONTENT="egnahemsnämn-"/>
						</TextLine>
						<TextLine ID="line_5" HPOS="118" VPOS="407" WIDTH="117" HEIGHT="30">
							<String ID="string_41" HPOS="118" VPOS="407" WIDTH="117" HEIGHT="30" WC="0.95" CONTENT="derna."/>
						</TextLine>
					</TextBlock>
					<TextBlock ID="block_2" HPOS="117" VPOS="456" WIDTH="1513" HEIGHT="540">
						<TextLine ID="line_6" HPOS="162" VPOS="456" WIDTH="1465" HEIGHT="37">
							<String ID="string_42" HPOS="162" VPOS="457" WIDTH="79" HEIGHT="30" WC="0.96" CONTENT="Med"/><SP WIDTH="21" VPOS="457" HPOS="241"/>
							<String ID="string_43" HPOS="262" VPOS="457" WIDTH="136" HEIGHT="36" WC="0.95" CONTENT="hänsyn"/><SP WIDTH="23" VPOS="457" HPOS="398"/>
							<String ID="string_44" HPOS="421" VPOS="457" WIDTH="50" HEIGHT="30" WC="0.96" CONTENT="till"/><SP WIDTH="21" VPOS="457" HPOS="471"/>
							<String ID="string_45" HPOS="492" VPOS="457" WIDTH="41" HEIGHT="30" WC="0.96" CONTENT="de"/><SP WIDTH="24" VPOS="457" HPOS="533"/>
							<String ID="string_46" HPOS="557" VPOS="457" WIDTH="170" HEIGHT="30" WC="0.96" CONTENT="särskilda"/><SP WIDTH="21" VPOS="457" HPOS="727"/>
							<String ID="string_47" HPOS="748" VPOS="457" WIDTH="341" HEIGHT="36" WC="0.96" CONTENT="omständigheterna"/><SP WIDTH="21" VPOS="457" HPOS="1089"/>
							<String ID="string_48" HPOS="1110" VPOS="457" WIDTH="10" HEIGHT="29" WC="0.96" CONTENT="i"/><SP WIDTH="22" VPOS="457" HPOS="1120"/>
							<String ID="string_49" HPOS="1142" VPOS="456" WIDTH="100" HEIGHT="37" WC="0.96" CONTENT="fråga"/><SP WIDTH="19" VPOS="456" HPOS="1242"/>
							<String ID="string_50" HPOS="1261" VPOS="466" WIDTH="57" HEIGHT="21" WC="0.93" CONTENT="om"/><SP WIDTH="23" VPOS="466" HPOS="1318"/>
							<String ID="string_51" HPOS="1341" VPOS="456" WIDTH="286" HEIGHT="37" WC="0.91" CONTENT="byrådirektören"/>
						</TextLine>
						<TextLine ID="line_7" HPOS="120" VPOS="507" WIDTH="1507" HEIGHT="37">
							<String ID="string_52" HPOS="120" VPOS="507" WIDTH="186" HEIGHT="36" WC="0.89" CONTENT="Agerbergs"/><SP WIDTH="24" VPOS="507" HPOS="306"/>
							<String ID="string_53" HPOS="330" VPOS="507" WIDTH="163" HEIGHT="36" WC="0.96" CONTENT="ställning"/><SP WIDTH="23" VPOS="507" HPOS="493"/>
							<String ID="string_54" HPOS="516" VPOS="508" WIDTH="10" HEIGHT="29" WC="0.92" CONTENT="i"/><SP WIDTH="24" VPOS="508" HPOS="526"/>
							<String ID="string_55" HPOS="550" VPOS="508" WIDTH="354" HEIGHT="36" WC="0.92" CONTENT="egnahemsstyrelsen"/><SP WIDTH="22" VPOS="508" HPOS="904"/>
							<String ID="string_56" HPOS="926" VPOS="508" WIDTH="65" HEIGHT="29" WC="0.93" CONTENT="har"/><SP WIDTH="23" VPOS="508" HPOS="991"/>
							<String ID="string_57" HPOS="1014" VPOS="507" WIDTH="381" HEIGHT="37" WC="0.91" CONTENT="departementschefen"/><SP WIDTH="24" VPOS="507" HPOS="1395"/>
							<String ID="string_58" HPOS="1419" VPOS="507" WIDTH="118" HEIGHT="30" WC="0.93" CONTENT="biträtt"/><SP WIDTH="23" VPOS="507" HPOS="1537"/>
							<String ID="string_59" HPOS="1560" VPOS="510" WIDTH="67" HEIGHT="34" WC="0.91" CONTENT="sty-"/>
						</TextLine>
						<TextLine ID="line_8" HPOS="117" VPOS="557" WIDTH="1513" HEIGHT="38">
							<String ID="string_60" HPOS="117" VPOS="558" WIDTH="130" HEIGHT="31" WC="0.91" CONTENT="relsens"/><SP WIDTH="20" VPOS="558" HPOS="247"/>
							<String ID="string_61" HPOS="267" VPOS="558" WIDTH="139" HEIGHT="36" WC="0.96" CONTENT="förslag,"/><SP WIDTH="23" VPOS="558" HPOS="406"/>
							<String ID="string_62" HPOS="429" VPOS="561" WIDTH="50" HEIGHT="28" WC="0.93" CONTENT="att"/><SP WIDTH="21" VPOS="561" HPOS="479"/>
							<String ID="string_63" HPOS="500" VPOS="558" WIDTH="171" HEIGHT="37" WC="0.89" CONTENT="Agerberg"/><SP WIDTH="22" VPOS="558" HPOS="671"/>
							<String ID="string_64" HPOS="693" VPOS="559" WIDTH="64" HEIGHT="29" WC="0.96" CONTENT="bör"/><SP WIDTH="19" VPOS="559" HPOS="757"/>
							<String ID="string_65" HPOS="776" VPOS="559" WIDTH="144" HEIGHT="30" WC="0.96" CONTENT="beredas"/><SP WIDTH="22" VPOS="559" HPOS="920"/>
							<String ID="string_66" HPOS="942" VPOS="557" WIDTH="181" HEIGHT="37" WC="0.95" CONTENT="möjlighet"/><SP WIDTH="20" VPOS="557" HPOS="1123"/>
							<String ID="string_67" HPOS="1143" VPOS="561" WIDTH="51" HEIGHT="27" WC="0.95" CONTENT="att"/><SP WIDTH="20" VPOS="561" HPOS="1194"/>
							<String ID="string_68" HPOS="1214" VPOS="558" WIDTH="120" HEIGHT="30" WC="0.96" CONTENT="kunna"/><SP WIDTH="20" VPOS="558" HPOS="1334"/>
							<String ID="string_69" HPOS="1354" VPOS="557" WIDTH="133" HEIGHT="31" WC="0.92" CONTENT="erhålla"/><SP WIDTH="20" VPOS="557" HPOS="1487"/>
							<String ID="string_70" HPOS="1507" VPOS="557" WIDTH="123" HEIGHT="31" WC="0.92" CONTENT="befatt-"/>
						</TextLine>
						<TextLine ID="line_9" HPOS="118" VPOS="607" WIDTH="1509" HEIGHT="37">
							<String ID="string_71" HPOS="118" VPOS="608" WIDTH="82" HEIGHT="36" WC="0.96" CONTENT="ning"/><SP WIDTH="21" VPOS="608" HPOS="200"/>
							<String ID="string_72" HPOS="221" VPOS="607" WIDTH="114" HEIGHT="31" WC="0.93" CONTENT="såsom"/><SP WIDTH="20" VPOS="607" HPOS="335"/>
							<String ID="string_73" HPOS="355" VPOS="608" WIDTH="343" HEIGHT="36" WC="0.92" CONTENT="egnahemsdirektör"/><SP WIDTH="19" VPOS="608" HPOS="698"/>
							<String ID="string_74" HPOS="717" VPOS="609" WIDTH="79" HEIGHT="29" WC="0.96" CONTENT="med"/><SP WIDTH="20" VPOS="609" HPOS="796"/>
							<String ID="string_75" HPOS="816" VPOS="607" WIDTH="244" HEIGHT="31" WC="0.96" CONTENT="bibehållande"/><SP WIDTH="19" VPOS="607" HPOS="1060"/>
							<String ID="string_76" HPOS="1079" VPOS="618" WIDTH="42" HEIGHT="20" WC="0.96" CONTENT="av"/><SP WIDTH="20" VPOS="618" HPOS="1121"/>
							<String ID="string_77" HPOS="1141" VPOS="608" WIDTH="54" HEIGHT="30" WC="0.95" CONTENT="sin"/><SP WIDTH="20" VPOS="608" HPOS="1195"/>
							<String ID="string_78" HPOS="1215" VPOS="608" WIDTH="174" HEIGHT="36" WC="0.95" CONTENT="placering"/><SP WIDTH="19" VPOS="608" HPOS="1389"/>
							<String ID="string_79" HPOS="1408" VPOS="608" WIDTH="11" HEIGHT="30" WC="0.96" CONTENT="i"/><SP WIDTH="22" VPOS="608" HPOS="1419"/>
							<String ID="string_80" HPOS="1441" VPOS="609" WIDTH="76" HEIGHT="29" WC="0.93" CONTENT="29:e"/><SP WIDTH="18" VPOS="609" HPOS="1517"/>
							<String ID="string_81" HPOS="1535" VPOS="609" WIDTH="92" HEIGHT="30" WC="0.92" CONTENT="löne-"/>
						</TextLine>
						<TextLine ID="line_10" HPOS="118" VPOS="658" WIDTH="1509" HEIGHT="37">
							<String ID="string_82" HPOS="118" VPOS="658" WIDTH="148" HEIGHT="30" WC="0.96" CONTENT="klassen."/><SP WIDTH="43" VPOS="658" HPOS="266"/>
							<String ID="string_83" HPOS="309" VPOS="659" WIDTH="14" HEIGHT="29" WC="0.96" CONTENT="I"/><SP WIDTH="29" VPOS="659" HPOS="323"/>
							<String ID="string_84" HPOS="352" VPOS="658" WIDTH="218" HEIGHT="31" WC="0.96" CONTENT="motionerna"/><SP WIDTH="29" VPOS="658" HPOS="570"/>
							<String ID="string_85" HPOS="599" VPOS="659" WIDTH="27" HEIGHT="29" WC="0.53" CONTENT="I:"/><SP WIDTH="19" VPOS="659" HPOS="626"/>
							<String ID="string_86" HPOS="645" VPOS="659" WIDTH="61" HEIGHT="29" WC="0.53" CONTENT="165"/><SP WIDTH="29" VPOS="659" HPOS="706"/>
							<String ID="string_87" HPOS="735" VPOS="659" WIDTH="64" HEIGHT="29" WC="0.96" CONTENT="och"/><SP WIDTH="29" VPOS="659" HPOS="799"/>
							<String ID="string_88" HPOS="828" VPOS="659" WIDTH="44" HEIGHT="29" WC="0.85" CONTENT="II:"/><SP WIDTH="18" VPOS="659" HPOS="872"/>
							<String ID="string_89" HPOS="890" VPOS="659" WIDTH="72" HEIGHT="35" WC="0.85" CONTENT="243,"/><SP WIDTH="31" VPOS="659" HPOS="962"/>
							<String ID="string_90" HPOS="993" VPOS="658" WIDTH="232" HEIGHT="37" WC="0.96" CONTENT="likalydande,"/><SP WIDTH="29" VPOS="658" HPOS="1225"/>
							<String ID="string_91" HPOS="1254" VPOS="659" WIDTH="63" HEIGHT="29" WC="0.96" CONTENT="har"/><SP WIDTH="27" VPOS="659" HPOS="1317"/>
							<String ID="string_92" HPOS="1344" VPOS="658" WIDTH="205" HEIGHT="36" WC="0.95" CONTENT="föreslagits,"/><SP WIDTH="29" VPOS="658" HPOS="1549"/>
							<String ID="string_93" HPOS="1578" VPOS="661" WIDTH="49" HEIGHT="28" WC="0.96" CONTENT="att"/>
						</TextLine>
						<TextLine ID="line_11" HPOS="117" VPOS="708" WIDTH="1510" HEIGHT="37">
							<String ID="string_94" HPOS="117" VPOS="708" WIDTH="172" HEIGHT="36" WC="0.90" CONTENT="Agerberg"/><SP WIDTH="24" VPOS="708" HPOS="289"/>
							<String ID="string_95" HPOS="313" VPOS="708" WIDTH="11" HEIGHT="29" WC="0.96" CONTENT="i"/><SP WIDTH="22" VPOS="708" HPOS="324"/>
							<String ID="string_96" HPOS="346" VPOS="708" WIDTH="149" HEIGHT="31" WC="0.96" CONTENT="berörda"/><SP WIDTH="24" VPOS="708" HPOS="495"/>
							<String ID="string_97" HPOS="519" VPOS="708" WIDTH="61" HEIGHT="30" WC="0.96" CONTENT="fall"/><SP WIDTH="26" VPOS="708" HPOS="580"/>
							<String ID="string_98" HPOS="606" VPOS="709" WIDTH="63" HEIGHT="29" WC="0.96" CONTENT="bör"/><SP WIDTH="26" VPOS="709" HPOS="669"/>
							<String ID="string_99" HPOS="695" VPOS="708" WIDTH="37" HEIGHT="31" WC="0.96" CONTENT="få"/><SP WIDTH="22" VPOS="708" HPOS="732"/>
							<String ID="string_100" HPOS="754" VPOS="708" WIDTH="174" HEIGHT="31" WC="0.96" CONTENT="bibehålla"/><SP WIDTH="27" VPOS="708" HPOS="928"/>
							<String ID="string_101" HPOS="955" VPOS="709" WIDTH="87" HEIGHT="29" WC="0.96" CONTENT="även"/><SP WIDTH="23" VPOS="709" HPOS="1042"/>
							<String ID="string_102" HPOS="1065" VPOS="708" WIDTH="53" HEIGHT="30" WC="0.95" CONTENT="sin"/><SP WIDTH="25" VPOS="708" HPOS="1118"/>
							<String ID="string_103" HPOS="1143" VPOS="708" WIDTH="202" HEIGHT="31" WC="0.93" CONTENT="nuvarande"/><SP WIDTH="25" VPOS="708" HPOS="1345"/>
							<String ID="string_104" HPOS="1370" VPOS="709" WIDTH="257" HEIGHT="36" WC="0.91" CONTENT="lönegradspla-"/>
						</TextLine>
						<TextLine ID="line_12" HPOS="118" VPOS="757" WIDTH="1510" HEIGHT="38">
							<String ID="string_105" HPOS="118" VPOS="757" WIDTH="116" HEIGHT="37" WC="0.92" CONTENT="cering"/><SP WIDTH="20" VPOS="757" HPOS="234"/>
							<String ID="string_106" HPOS="254" VPOS="758" WIDTH="11" HEIGHT="29" WC="0.93" CONTENT="i"/><SP WIDTH="22" VPOS="758" HPOS="265"/>
							<String ID="string_107" HPOS="287" VPOS="758" WIDTH="27" HEIGHT="30" WC="0.89" CONTENT="A"/><SP WIDTH="21" VPOS="758" HPOS="314"/>
							<String ID="string_108" HPOS="335" VPOS="759" WIDTH="51" HEIGHT="29" WC="0.92" CONTENT="26."/><SP WIDTH="36" VPOS="759" HPOS="386"/>
							<String ID="string_109" HPOS="422" VPOS="758" WIDTH="93" HEIGHT="30" WC="0.91" CONTENT="Enär"/><SP WIDTH="20" VPOS="758" HPOS="515"/>
							<String ID="string_110" HPOS="535" VPOS="758" WIDTH="166" HEIGHT="30" WC="0.96" CONTENT="utskottet"/><SP WIDTH="20" VPOS="758" HPOS="701"/>
							<String ID="string_111" HPOS="721" VPOS="761" WIDTH="111" HEIGHT="27" WC="0.95" CONTENT="ansett"/><SP WIDTH="23" VPOS="761" HPOS="832"/>
							<String ID="string_112" HPOS="855" VPOS="759" WIDTH="56" HEIGHT="29" WC="0.96" CONTENT="det"/><SP WIDTH="21" VPOS="759" HPOS="911"/>
							<String ID="string_113" HPOS="932" VPOS="760" WIDTH="95" HEIGHT="29" WC="0.96" CONTENT="möta"/><SP WIDTH="21" VPOS="760" HPOS="1027"/>
							<String ID="string_114" HPOS="1048" VPOS="758" WIDTH="217" HEIGHT="37" WC="0.96" CONTENT="principiella"/><SP WIDTH="20" VPOS="758" HPOS="1265"/>
							<String ID="string_115" HPOS="1285" VPOS="758" WIDTH="273" HEIGHT="37" WC="0.96" CONTENT="betänkligheter"/><SP WIDTH="21" VPOS="758" HPOS="1558"/>
							<String ID="string_116" HPOS="1579" VPOS="761" WIDTH="49" HEIGHT="28" WC="0.96" CONTENT="att"/>
						</TextLine>
						<TextLine ID="line_13" HPOS="118" VPOS="807" WIDTH="1508" HEIGHT="40">
							<String ID="string_117" HPOS="118" VPOS="808" WIDTH="118" HEIGHT="35" WC="0.96" CONTENT="öppna"/><SP WIDTH="21" VPOS="808" HPOS="236"/>
							<String ID="string_118" HPOS="257" VPOS="807" WIDTH="180" HEIGHT="39" WC="0.95" CONTENT="möjlighet"/><SP WIDTH="22" VPOS="807" HPOS="437"/>
							<String ID="string_119" HPOS="459" VPOS="808" WIDTH="55" HEIGHT="30" WC="0.96" CONTENT="för"/><SP WIDTH="22" VPOS="808" HPOS="514"/>
							<String ID="string_120" HPOS="536" VPOS="818" WIDTH="43" HEIGHT="20" WC="0.96" CONTENT="en"/><SP WIDTH="21" VPOS="818" HPOS="579"/>
							<String ID="string_121" HPOS="600" VPOS="808" WIDTH="211" HEIGHT="39" WC="0.96" CONTENT="tjänsteman"/><SP WIDTH="21" VPOS="808" HPOS="811"/>
							<String ID="string_122" HPOS="832" VPOS="811" WIDTH="50" HEIGHT="28" WC="0.96" CONTENT="att"/><SP WIDTH="22" VPOS="811" HPOS="882"/>
							<String ID="string_123" HPOS="904" VPOS="808" WIDTH="132" HEIGHT="31" WC="0.96" CONTENT="erhålla"/><SP WIDTH="22" VPOS="808" HPOS="1036"/>
							<String ID="string_124" HPOS="1058" VPOS="809" WIDTH="93" HEIGHT="36" WC="0.96" CONTENT="lägre"/><SP WIDTH="23" VPOS="809" HPOS="1151"/>
							<String ID="string_125" HPOS="1174" VPOS="808" WIDTH="193" HEIGHT="37" WC="0.96" CONTENT="befattning"/><SP WIDTH="24" VPOS="808" HPOS="1367"/>
							<String ID="string_126" HPOS="1391" VPOS="812" WIDTH="86" HEIGHT="27" WC="0.96" CONTENT="utan"/><SP WIDTH="24" VPOS="812" HPOS="1477"/>
							<String ID="string_127" HPOS="1501" VPOS="812" WIDTH="49" HEIGHT="28" WC="0.93" CONTENT="att"/><SP WIDTH="20" VPOS="812" HPOS="1550"/>
							<String ID="string_128" HPOS="1570" VPOS="809" WIDTH="56" HEIGHT="30" WC="0.91" CONTENT="be-"/>
						</TextLine>
						<TextLine ID="line_14" HPOS="118" VPOS="857" WIDTH="1509" HEIGHT="38">
							<String ID="string_129" HPOS="118" VPOS="858" WIDTH="92" HEIGHT="30" WC="0.93" CONTENT="höva"/><SP WIDTH="24" VPOS="858" HPOS="210"/>
							<String ID="string_130" HPOS="234" VPOS="858" WIDTH="213" HEIGHT="31" WC="0.96" CONTENT="underkasta"/><SP WIDTH="29" VPOS="858" HPOS="447"/>
							<String ID="string_131" HPOS="476" VPOS="858" WIDTH="51" HEIGHT="37" WC="0.96" CONTENT="sig"/><SP WIDTH="26" VPOS="858" HPOS="527"/>
							<String ID="string_132" HPOS="553" VPOS="859" WIDTH="144" HEIGHT="30" WC="0.96" CONTENT="därmed"/><SP WIDTH="25" VPOS="859" HPOS="697"/>
							<String ID="string_133" HPOS="722" VPOS="859" WIDTH="146" HEIGHT="30" WC="0.96" CONTENT="förenad"/><SP WIDTH="28" VPOS="859" HPOS="868"/>
							<String ID="string_134" HPOS="896" VPOS="860" WIDTH="114" HEIGHT="29" WC="0.93" CONTENT="sämre"/><SP WIDTH="26" VPOS="860" HPOS="1010"/>
							<String ID="string_135" HPOS="1036" VPOS="859" WIDTH="252" HEIGHT="36" WC="0.91" CONTENT="löneställning,"/><SP WIDTH="27" VPOS="859" HPOS="1288"/>
							<String ID="string_136" HPOS="1315" VPOS="860" WIDTH="64" HEIGHT="29" WC="0.96" CONTENT="har"/><SP WIDTH="25" VPOS="860" HPOS="1379"/>
							<String ID="string_137" HPOS="1404" VPOS="859" WIDTH="166" HEIGHT="30" WC="0.96" CONTENT="utskottet"/><SP WIDTH="26" VPOS="859" HPOS="1570"/>
							<String ID="string_138" HPOS="1596" VPOS="857" WIDTH="31" HEIGHT="38" WC="0.96" CONTENT="ej"/>
						</TextLine>
						<TextLine ID="line_15" HPOS="117" VPOS="908" WIDTH="1511" HEIGHT="38">
							<String ID="string_139" HPOS="117" VPOS="908" WIDTH="137" HEIGHT="31" WC="0.96" CONTENT="kunnat"/><SP WIDTH="25" VPOS="908" HPOS="254"/>
							<String ID="string_140" HPOS="279" VPOS="909" WIDTH="171" HEIGHT="37" WC="0.95" CONTENT="tillstyrka"/><SP WIDTH="25" VPOS="909" HPOS="450"/>
							<String ID="string_141" HPOS="475" VPOS="908" WIDTH="124" HEIGHT="31" WC="0.96" CONTENT="sådant"/><SP WIDTH="25" VPOS="908" HPOS="599"/>
							<String ID="string_142" HPOS="624" VPOS="910" WIDTH="140" HEIGHT="36" WC="0.96" CONTENT="förslag,"/><SP WIDTH="24" VPOS="910" HPOS="764"/>
							<String ID="string_143" HPOS="788" VPOS="909" WIDTH="75" HEIGHT="31" WC="0.96" CONTENT="icke"/><SP WIDTH="24" VPOS="909" HPOS="863"/>
							<String ID="string_144" HPOS="887" VPOS="919" WIDTH="60" HEIGHT="21" WC="0.96" CONTENT="ens"/><SP WIDTH="26" VPOS="919" HPOS="947"/>
							<String ID="string_145" HPOS="973" VPOS="909" WIDTH="11" HEIGHT="30" WC="0.96" CONTENT="i"/><SP WIDTH="27" VPOS="909" HPOS="984"/>
							<String ID="string_146" HPOS="1011" VPOS="910" WIDTH="67" HEIGHT="30" WC="0.96" CONTENT="den"/><SP WIDTH="24" VPOS="910" HPOS="1078"/>
							<String ID="string_147" HPOS="1102" VPOS="909" WIDTH="228" HEIGHT="31" WC="0.96" CONTENT="modifierade"/><SP WIDTH="24" VPOS="909" HPOS="1330"/>
							<String ID="string_148" HPOS="1354" VPOS="910" WIDTH="94" HEIGHT="30" WC="0.95" CONTENT="form"/><SP WIDTH="26" VPOS="910" HPOS="1448"/>
							<String ID="string_149" HPOS="1474" VPOS="919" WIDTH="74" HEIGHT="21" WC="0.93" CONTENT="som"/><SP WIDTH="24" VPOS="919" HPOS="1548"/>
							<String ID="string_150" HPOS="1572" VPOS="910" WIDTH="56" HEIGHT="30" WC="0.91" CONTENT="de-"/>
						</TextLine>
						<TextLine ID="line_16" HPOS="119" VPOS="959" WIDTH="558" HEIGHT="37">
							<String ID="string_151" HPOS="119" VPOS="960" WIDTH="339" HEIGHT="35" WC="0.91" CONTENT="partementschefen"/><SP WIDTH="29" VPOS="960" HPOS="458"/>
							<String ID="string_152" HPOS="487" VPOS="959" WIDTH="190" HEIGHT="37" WC="0.96" CONTENT="ifrågasatt."/>
						</TextLine>
					</TextBlock>
					<TextBlock ID="block_3" HPOS="119" VPOS="1010" WIDTH="1513" HEIGHT="537">
						<TextLine ID="line_17" HPOS="163" VPOS="1010" WIDTH="1465" HEIGHT="37">
							<String ID="string_153" HPOS="163" VPOS="1010" WIDTH="215" HEIGHT="31" WC="0.95" CONTENT="Inrättandet"/><SP WIDTH="18" VPOS="1010" HPOS="378"/>
							<String ID="string_154" HPOS="396" VPOS="1019" WIDTH="43" HEIGHT="21" WC="0.93" CONTENT="av"/><SP WIDTH="18" VPOS="1019" HPOS="439"/>
							<String ID="string_155" HPOS="457" VPOS="1010" WIDTH="608" HEIGHT="36" WC="0.87" CONTENT="egnahemskonsulentbefattningar"/><SP WIDTH="19" VPOS="1010" HPOS="1065"/>
							<String ID="string_156" HPOS="1084" VPOS="1010" WIDTH="10" HEIGHT="30" WC="0.96" CONTENT="i"/><SP WIDTH="18" VPOS="1010" HPOS="1094"/>
							<String ID="string_157" HPOS="1112" VPOS="1011" WIDTH="165" HEIGHT="36" WC="0.92" CONTENT="lönegrad"/><SP WIDTH="19" VPOS="1011" HPOS="1277"/>
							<String ID="string_158" HPOS="1296" VPOS="1010" WIDTH="27" HEIGHT="30" WC="0.92" CONTENT="A"/><SP WIDTH="18" VPOS="1010" HPOS="1323"/>
							<String ID="string_159" HPOS="1341" VPOS="1011" WIDTH="39" HEIGHT="30" WC="0.96" CONTENT="21"/><SP WIDTH="21" VPOS="1011" HPOS="1380"/>
							<String ID="string_160" HPOS="1401" VPOS="1011" WIDTH="64" HEIGHT="29" WC="0.94" CONTENT="hos"/><SP WIDTH="21" VPOS="1011" HPOS="1465"/>
							<String ID="string_161" HPOS="1486" VPOS="1011" WIDTH="42" HEIGHT="30" WC="0.93" CONTENT="de"/><SP WIDTH="20" VPOS="1011" HPOS="1528"/>
							<String ID="string_162" HPOS="1548" VPOS="1013" WIDTH="80" HEIGHT="28" WC="0.92" CONTENT="stat-"/>
						</TextLine>
						<TextLine ID="line_18" HPOS="121" VPOS="1059" WIDTH="1508" HEIGHT="37">
							<String ID="string_163" HPOS="121" VPOS="1059" WIDTH="66" HEIGHT="36" WC="0.93" CONTENT="liga"/><SP WIDTH="24" VPOS="1059" HPOS="187"/>
							<String ID="string_164" HPOS="211" VPOS="1060" WIDTH="406" HEIGHT="35" WC="0.91" CONTENT="egnahemsnämnderna"/><SP WIDTH="26" VPOS="1060" HPOS="617"/>
							<String ID="string_165" HPOS="643" VPOS="1061" WIDTH="65" HEIGHT="29" WC="0.93" CONTENT="har"/><SP WIDTH="27" VPOS="1061" HPOS="708"/>
							<String ID="string_166" HPOS="735" VPOS="1060" WIDTH="381" HEIGHT="36" WC="0.90" CONTENT="departementschefen"/><SP WIDTH="23" VPOS="1060" HPOS="1116"/>
							<String ID="string_167" HPOS="1139" VPOS="1064" WIDTH="112" HEIGHT="27" WC="0.96" CONTENT="ansett"/><SP WIDTH="23" VPOS="1064" HPOS="1251"/>
							<String ID="string_168" HPOS="1274" VPOS="1061" WIDTH="120" HEIGHT="30" WC="0.96" CONTENT="kunna"/><SP WIDTH="26" VPOS="1061" HPOS="1394"/>
							<String ID="string_169" HPOS="1420" VPOS="1060" WIDTH="209" HEIGHT="31" WC="0.96" CONTENT="åtminstone"/>
						</TextLine>
						<TextLine ID="line_19" HPOS="120" VPOS="1108" WIDTH="1508" HEIGHT="39">
							<String ID="string_170" HPOS="120" VPOS="1108" WIDTH="188" HEIGHT="31" WC="0.95" CONTENT="tillsvidare"/><SP WIDTH="20" VPOS="1108" HPOS="308"/>
							<String ID="string_171" HPOS="328" VPOS="1109" WIDTH="188" HEIGHT="36" WC="0.96" CONTENT="begränsas"/><SP WIDTH="24" VPOS="1109" HPOS="516"/>
							<String ID="string_172" HPOS="540" VPOS="1110" WIDTH="51" HEIGHT="30" WC="0.96" CONTENT="till"/><SP WIDTH="21" VPOS="1110" HPOS="591"/>
							<String ID="string_173" HPOS="612" VPOS="1119" WIDTH="44" HEIGHT="21" WC="0.96" CONTENT="en"/><SP WIDTH="21" VPOS="1119" HPOS="656"/>
							<String ID="string_174" HPOS="677" VPOS="1110" WIDTH="96" HEIGHT="36" WC="0.96" CONTENT="dylik"/><SP WIDTH="24" VPOS="1110" HPOS="773"/>
							<String ID="string_175" HPOS="797" VPOS="1110" WIDTH="195" HEIGHT="37" WC="0.96" CONTENT="befattning"/><SP WIDTH="22" VPOS="1110" HPOS="992"/>
							<String ID="string_176" HPOS="1014" VPOS="1110" WIDTH="55" HEIGHT="30" WC="0.93" CONTENT="för"/><SP WIDTH="22" VPOS="1110" HPOS="1069"/>
							<String ID="string_177" HPOS="1091" VPOS="1111" WIDTH="161" HEIGHT="30" WC="0.92" CONTENT="vartdera"/><SP WIDTH="21" VPOS="1111" HPOS="1252"/>
							<String ID="string_178" HPOS="1273" VPOS="1120" WIDTH="42" HEIGHT="21" WC="0.96" CONTENT="av"/><SP WIDTH="22" VPOS="1120" HPOS="1315"/>
							<String ID="string_179" HPOS="1337" VPOS="1111" WIDTH="41" HEIGHT="30" WC="0.95" CONTENT="de"/><SP WIDTH="23" VPOS="1111" HPOS="1378"/>
							<String ID="string_180" HPOS="1401" VPOS="1110" WIDTH="79" HEIGHT="37" WC="0.93" CONTENT="fyra"/><SP WIDTH="21" VPOS="1110" HPOS="1480"/>
							<String ID="string_181" HPOS="1501" VPOS="1110" WIDTH="127" HEIGHT="31" WC="0.92" CONTENT="nordli-"/>
						</TextLine>
						<TextLine ID="line_20" HPOS="119" VPOS="1159" WIDTH="1509" HEIGHT="38">
							<String ID="string_182" HPOS="119" VPOS="1161" WIDTH="95" HEIGHT="33" WC="0.92" CONTENT="gaste"/><SP WIDTH="24" VPOS="1161" HPOS="214"/>
							<String ID="string_183" HPOS="238" VPOS="1159" WIDTH="112" HEIGHT="30" WC="0.93" CONTENT="länen."/><SP WIDTH="39" VPOS="1159" HPOS="350"/>
							<String ID="string_184" HPOS="389" VPOS="1159" WIDTH="202" HEIGHT="31" WC="0.92" CONTENT="Motionsvis"/><SP WIDTH="27" VPOS="1159" HPOS="591"/>
							<String ID="string_185" HPOS="618" VPOS="1161" WIDTH="65" HEIGHT="29" WC="0.93" CONTENT="har"/><SP WIDTH="26" VPOS="1161" HPOS="683"/>
							<String ID="string_186" HPOS="709" VPOS="1159" WIDTH="165" HEIGHT="37" WC="0.92" CONTENT="påyrkats"/><SP WIDTH="28" VPOS="1159" HPOS="874"/>
							<String ID="string_187" HPOS="902" VPOS="1160" WIDTH="170" HEIGHT="37" WC="0.96" CONTENT="utökning"/><SP WIDTH="25" VPOS="1160" HPOS="1072"/>
							<String ID="string_188" HPOS="1097" VPOS="1170" WIDTH="42" HEIGHT="21" WC="0.96" CONTENT="av"/><SP WIDTH="25" VPOS="1170" HPOS="1139"/>
							<String ID="string_189" HPOS="1164" VPOS="1161" WIDTH="129" HEIGHT="30" WC="0.93" CONTENT="antalet"/><SP WIDTH="25" VPOS="1161" HPOS="1293"/>
							<String ID="string_190" HPOS="1318" VPOS="1160" WIDTH="310" HEIGHT="31" WC="0.91" CONTENT="konsulentbefatt-"/>
						</TextLine>
						<TextLine ID="line_21" HPOS="120" VPOS="1208" WIDTH="1509" HEIGHT="38">
							<String ID="string_191" HPOS="120" VPOS="1208" WIDTH="137" HEIGHT="37" WC="0.96" CONTENT="ningar;"/><SP WIDTH="25" VPOS="1208" HPOS="257"/>
							<String ID="string_192" HPOS="282" VPOS="1208" WIDTH="146" HEIGHT="32" WC="0.94" CONTENT="sålunda"/><SP WIDTH="24" VPOS="1208" HPOS="428"/>
							<String ID="string_193" HPOS="452" VPOS="1209" WIDTH="144" HEIGHT="31" WC="0.94" CONTENT="föreslås"/><SP WIDTH="23" VPOS="1209" HPOS="596"/>
							<String ID="string_194" HPOS="619" VPOS="1210" WIDTH="11" HEIGHT="30" WC="0.96" CONTENT="i"/><SP WIDTH="24" VPOS="1210" HPOS="630"/>
							<String ID="string_195" HPOS="654" VPOS="1210" WIDTH="42" HEIGHT="30" WC="0.96" CONTENT="de"/><SP WIDTH="25" VPOS="1210" HPOS="696"/>
							<String ID="string_196" HPOS="721" VPOS="1210" WIDTH="223" HEIGHT="36" WC="0.96" CONTENT="likalydande"/><SP WIDTH="22" VPOS="1210" HPOS="944"/>
							<String ID="string_197" HPOS="966" VPOS="1211" WIDTH="219" HEIGHT="30" WC="0.96" CONTENT="motionerna"/><SP WIDTH="23" VPOS="1211" HPOS="1185"/>
							<String ID="string_198" HPOS="1208" VPOS="1211" WIDTH="27" HEIGHT="30" WC="0.79" CONTENT="I:"/><SP WIDTH="18" VPOS="1211" HPOS="1235"/>
							<String ID="string_199" HPOS="1253" VPOS="1212" WIDTH="60" HEIGHT="29" WC="0.79" CONTENT="186"/><SP WIDTH="26" VPOS="1212" HPOS="1313"/>
							<String ID="string_200" HPOS="1339" VPOS="1212" WIDTH="66" HEIGHT="29" WC="0.96" CONTENT="och"/><SP WIDTH="27" VPOS="1212" HPOS="1405"/>
							<String ID="string_201" HPOS="1432" VPOS="1211" WIDTH="45" HEIGHT="30" WC="0.82" CONTENT="II:"/><SP WIDTH="15" VPOS="1211" HPOS="1477"/>
							<String ID="string_202" HPOS="1492" VPOS="1212" WIDTH="63" HEIGHT="29" WC="0.82" CONTENT="246"/><SP WIDTH="23" VPOS="1212" HPOS="1555"/>
							<String ID="string_203" HPOS="1578" VPOS="1211" WIDTH="51" HEIGHT="30" WC="0.92" CONTENT="in-"/>
						</TextLine>
						<TextLine ID="line_22" HPOS="120" VPOS="1259" WIDTH="1508" HEIGHT="40">
							<String ID="string_204" HPOS="120" VPOS="1259" WIDTH="160" HEIGHT="30" WC="0.92" CONTENT="rättande"/><SP WIDTH="20" VPOS="1259" HPOS="280"/>
							<String ID="string_205" HPOS="300" VPOS="1268" WIDTH="42" HEIGHT="21" WC="0.95" CONTENT="av"/><SP WIDTH="22" VPOS="1268" HPOS="342"/>
							<String ID="string_206" HPOS="364" VPOS="1262" WIDTH="50" HEIGHT="27" WC="0.96" CONTENT="tre"/><SP WIDTH="21" VPOS="1262" HPOS="414"/>
							<String ID="string_207" HPOS="435" VPOS="1260" WIDTH="81" HEIGHT="29" WC="0.96" CONTENT="eller"/><SP WIDTH="22" VPOS="1260" HPOS="516"/>
							<String ID="string_208" HPOS="538" VPOS="1259" WIDTH="209" HEIGHT="31" WC="0.96" CONTENT="åtminstone"/><SP WIDTH="22" VPOS="1259" HPOS="747"/>
							<String ID="string_209" HPOS="769" VPOS="1260" WIDTH="56" HEIGHT="31" WC="0.96" CONTENT="två"/><SP WIDTH="21" VPOS="1260" HPOS="825"/>
							<String ID="string_210" HPOS="846" VPOS="1261" WIDTH="10" HEIGHT="29" WC="0.96" CONTENT="i"/><SP WIDTH="26" VPOS="1261" HPOS="856"/>
							<String ID="string_211" HPOS="882" VPOS="1261" WIDTH="225" HEIGHT="30" WC="0.96" CONTENT="Norrbottens"/><SP WIDTH="22" VPOS="1261" HPOS="1107"/>
							<String ID="string_212" HPOS="1129" VPOS="1261" WIDTH="60" HEIGHT="30" WC="0.96" CONTENT="län"/><SP WIDTH="20" VPOS="1261" HPOS="1189"/>
							<String ID="string_213" HPOS="1209" VPOS="1262" WIDTH="66" HEIGHT="29" WC="0.96" CONTENT="och"/><SP WIDTH="22" VPOS="1262" HPOS="1275"/>
							<String ID="string_214" HPOS="1297" VPOS="1261" WIDTH="10" HEIGHT="30" WC="0.96" CONTENT="i"/><SP WIDTH="22" VPOS="1261" HPOS="1307"/>
							<String ID="string_215" HPOS="1329" VPOS="1261" WIDTH="42" HEIGHT="30" WC="0.96" CONTENT="de"/><SP WIDTH="22" VPOS="1261" HPOS="1371"/>
							<String ID="string_216" HPOS="1393" VPOS="1261" WIDTH="131" HEIGHT="38" WC="0.93" CONTENT="jämväl"/><SP WIDTH="19" VPOS="1261" HPOS="1524"/>
							<String ID="string_217" HPOS="1543" VPOS="1261" WIDTH="85" HEIGHT="30" WC="0.92" CONTENT="lika-"/>
						</TextLine>
						<TextLine ID="line_23" HPOS="119" VPOS="1309" WIDTH="1509" HEIGHT="36">
							<String ID="string_218" HPOS="119" VPOS="1309" WIDTH="151" HEIGHT="36" WC="0.96" CONTENT="lydande"/><SP WIDTH="22" VPOS="1309" HPOS="270"/>
							<String ID="string_219" HPOS="292" VPOS="1310" WIDTH="218" HEIGHT="31" WC="0.96" CONTENT="motionerna"/><SP WIDTH="21" VPOS="1310" HPOS="510"/>
							<String ID="string_220" HPOS="531" VPOS="1311" WIDTH="27" HEIGHT="30" WC="0.89" CONTENT="I:"/><SP WIDTH="17" VPOS="1311" HPOS="558"/>
							<String ID="string_221" HPOS="575" VPOS="1312" WIDTH="61" HEIGHT="29" WC="0.89" CONTENT="188"/><SP WIDTH="23" VPOS="1312" HPOS="636"/>
							<String ID="string_222" HPOS="659" VPOS="1311" WIDTH="65" HEIGHT="30" WC="0.96" CONTENT="och"/><SP WIDTH="22" VPOS="1311" HPOS="724"/>
							<String ID="string_223" HPOS="746" VPOS="1311" WIDTH="43" HEIGHT="30" WC="0.95" CONTENT="II:"/><SP WIDTH="16" VPOS="1311" HPOS="789"/>
							<String ID="string_224" HPOS="805" VPOS="1312" WIDTH="63" HEIGHT="29" WC="0.96" CONTENT="244"/><SP WIDTH="21" VPOS="1312" HPOS="868"/>
							<String ID="string_225" HPOS="889" VPOS="1312" WIDTH="197" HEIGHT="30" WC="0.96" CONTENT="inrättande"/><SP WIDTH="21" VPOS="1312" HPOS="1086"/>
							<String ID="string_226" HPOS="1107" VPOS="1322" WIDTH="42" HEIGHT="21" WC="0.96" CONTENT="av"/><SP WIDTH="22" VPOS="1322" HPOS="1149"/>
							<String ID="string_227" HPOS="1171" VPOS="1311" WIDTH="58" HEIGHT="31" WC="0.96" CONTENT="två"/><SP WIDTH="21" VPOS="1311" HPOS="1229"/>
							<String ID="string_228" HPOS="1250" VPOS="1312" WIDTH="11" HEIGHT="30" WC="0.96" CONTENT="i"/><SP WIDTH="21" VPOS="1312" HPOS="1261"/>
							<String ID="string_229" HPOS="1282" VPOS="1311" WIDTH="257" HEIGHT="31" WC="0.96" CONTENT="Västerbottens"/><SP WIDTH="21" VPOS="1311" HPOS="1539"/>
							<String ID="string_230" HPOS="1560" VPOS="1313" WIDTH="68" HEIGHT="29" WC="0.96" CONTENT="län."/>
						</TextLine>
						<TextLine ID="line_24" HPOS="120" VPOS="1355" WIDTH="1509" HEIGHT="43">
							<String ID="string_231" HPOS="120" VPOS="1355" WIDTH="95" HEIGHT="35" WC="0.96" CONTENT="Även"/><SP WIDTH="26" VPOS="1355" HPOS="215"/>
							<String ID="string_232" HPOS="241" VPOS="1369" WIDTH="57" HEIGHT="21" WC="0.96" CONTENT="om"/><SP WIDTH="27" VPOS="1369" HPOS="298"/>
							<String ID="string_233" HPOS="325" VPOS="1361" WIDTH="112" HEIGHT="29" WC="0.95" CONTENT="under"/><SP WIDTH="25" VPOS="1361" HPOS="437"/>
							<String ID="string_234" HPOS="462" VPOS="1361" WIDTH="158" HEIGHT="30" WC="0.96" CONTENT="normala"/><SP WIDTH="25" VPOS="1361" HPOS="620"/>
							<String ID="string_235" HPOS="645" VPOS="1361" WIDTH="244" HEIGHT="31" WC="0.95" CONTENT="förhållanden"/><SP WIDTH="27" VPOS="1361" HPOS="889"/>
							<String ID="string_236" HPOS="916" VPOS="1365" WIDTH="47" HEIGHT="27" WC="0.96" CONTENT="ett"/><SP WIDTH="26" VPOS="1365" HPOS="963"/>
							<String ID="string_237" HPOS="989" VPOS="1362" WIDTH="81" HEIGHT="30" WC="0.96" CONTENT="ökat"/><SP WIDTH="25" VPOS="1362" HPOS="1070"/>
							<String ID="string_238" HPOS="1095" VPOS="1363" WIDTH="96" HEIGHT="29" WC="0.93" CONTENT="antal"/><SP WIDTH="28" VPOS="1363" HPOS="1191"/>
							<String ID="string_239" HPOS="1219" VPOS="1362" WIDTH="410" HEIGHT="36" WC="0.89" CONTENT="egnahemskonsulenter"/>
						</TextLine>
						<TextLine ID="line_25" HPOS="121" VPOS="1410" WIDTH="1511" HEIGHT="39">
							<String ID="string_240" HPOS="121" VPOS="1410" WIDTH="97" HEIGHT="30" WC="0.96" CONTENT="torde"/><SP WIDTH="21" VPOS="1410" HPOS="218"/>
							<String ID="string_241" HPOS="239" VPOS="1410" WIDTH="174" HEIGHT="30" WC="0.96" CONTENT="erfordras"/><SP WIDTH="21" VPOS="1410" HPOS="413"/>
							<String ID="string_242" HPOS="434" VPOS="1411" WIDTH="11" HEIGHT="29" WC="0.87" CONTENT="1"/><SP WIDTH="23" VPOS="1411" HPOS="445"/>
							<String ID="string_243" HPOS="468" VPOS="1411" WIDTH="90" HEIGHT="30" WC="0.96" CONTENT="vissa"/><SP WIDTH="21" VPOS="1411" HPOS="558"/>
							<String ID="string_244" HPOS="579" VPOS="1412" WIDTH="67" HEIGHT="35" WC="0.95" CONTENT="län,"/><SP WIDTH="26" VPOS="1412" HPOS="646"/>
							<String ID="string_245" HPOS="672" VPOS="1411" WIDTH="115" HEIGHT="30" WC="0.96" CONTENT="finner"/><SP WIDTH="21" VPOS="1411" HPOS="787"/>
							<String ID="string_246" HPOS="808" VPOS="1412" WIDTH="167" HEIGHT="30" WC="0.96" CONTENT="utskottet"/><SP WIDTH="21" VPOS="1412" HPOS="975"/>
							<String ID="string_247" HPOS="996" VPOS="1412" WIDTH="56" HEIGHT="30" WC="0.96" CONTENT="det"/><SP WIDTH="21" VPOS="1412" HPOS="1052"/>
							<String ID="string_248" HPOS="1073" VPOS="1412" WIDTH="192" HEIGHT="31" WC="0.96" CONTENT="emellertid"/><SP WIDTH="22" VPOS="1412" HPOS="1265"/>
							<String ID="string_249" HPOS="1287" VPOS="1412" WIDTH="74" HEIGHT="31" WC="0.93" CONTENT="icke"/><SP WIDTH="23" VPOS="1412" HPOS="1361"/>
							<String ID="string_250" HPOS="1384" VPOS="1411" WIDTH="177" HEIGHT="38" WC="0.91" CONTENT="tillrådligt"/><SP WIDTH="21" VPOS="1411" HPOS="1561"/>
							<String ID="string_251" HPOS="1582" VPOS="1415" WIDTH="50" HEIGHT="28" WC="0.96" CONTENT="att"/>
						</TextLine>
						<TextLine ID="line_26" HPOS="120" VPOS="1460" WIDTH="1510" HEIGHT="39">
							<String ID="string_252" HPOS="120" VPOS="1460" WIDTH="9" HEIGHT="29" WC="0.96" CONTENT="i"/><SP WIDTH="22" VPOS="1460" HPOS="129"/>
							<String ID="string_253" HPOS="151" VPOS="1461" WIDTH="202" HEIGHT="30" WC="0.96" CONTENT="nuvarande"/><SP WIDTH="22" VPOS="1461" HPOS="353"/>
							<String ID="string_254" HPOS="375" VPOS="1461" WIDTH="153" HEIGHT="30" WC="0.96" CONTENT="ovisshet"/><SP WIDTH="22" VPOS="1461" HPOS="528"/>
							<String ID="string_255" HPOS="550" VPOS="1471" WIDTH="57" HEIGHT="20" WC="0.96" CONTENT="om"/><SP WIDTH="23" VPOS="1471" HPOS="607"/>
							<String ID="string_256" HPOS="630" VPOS="1462" WIDTH="67" HEIGHT="30" WC="0.96" CONTENT="den"/><SP WIDTH="21" VPOS="1462" HPOS="697"/>
							<String ID="string_257" HPOS="718" VPOS="1463" WIDTH="174" HEIGHT="29" WC="0.96" CONTENT="närmaste"/><SP WIDTH="20" VPOS="1463" HPOS="892"/>
							<String ID="string_258" HPOS="912" VPOS="1462" WIDTH="243" HEIGHT="36" WC="0.96" CONTENT="utvecklingen"/><SP WIDTH="23" VPOS="1462" HPOS="1155"/>
							<String ID="string_259" HPOS="1178" VPOS="1461" WIDTH="127" HEIGHT="32" WC="0.96" CONTENT="föreslå"/><SP WIDTH="20" VPOS="1461" HPOS="1305"/>
							<String ID="string_260" HPOS="1325" VPOS="1461" WIDTH="111" HEIGHT="32" WC="0.93" CONTENT="sådan"/><SP WIDTH="20" VPOS="1461" HPOS="1436"/>
							<String ID="string_261" HPOS="1456" VPOS="1463" WIDTH="174" HEIGHT="36" WC="0.91" CONTENT="personal-"/>
						</TextLine>
						<TextLine ID="line_27" HPOS="119" VPOS="1511" WIDTH="141" HEIGHT="36">
							<String ID="string_262" HPOS="119" VPOS="1511" WIDTH="141" HEIGHT="36" WC="0.96" CONTENT="ökning."/>
						</TextLine>
					</TextBlock>
				</ComposedBlock>
				<ComposedBlock ID="cblock_2" HPOS="117" VPOS="1607" WIDTH="1517" HEIGHT="160">
					<TextBlock ID="block_4" HPOS="117" VPOS="1607" WIDTH="1517" HEIGHT="160">
						<TextLine ID="line_28" HPOS="117" VPOS="1607" WIDTH="1517" HEIGHT="55">
							<String ID="string_263" HPOS="117" VPOS="1616" WIDTH="63" HEIGHT="34" WC="0.55" CONTENT="II."/><SP WIDTH="48" VPOS="1616" HPOS="180"/>
							<String ID="string_264" HPOS="228" VPOS="1607" WIDTH="294" HEIGHT="54" WC="0.85" CONTENT="Överflyttning"/><SP WIDTH="33" VPOS="1607" HPOS="522"/>
							<String ID="string_265" HPOS="555" VPOS="1629" WIDTH="49" HEIGHT="23" WC="0.93" CONTENT="av"/><SP WIDTH="36" VPOS="1629" HPOS="604"/>
							<String ID="string_266" HPOS="640" VPOS="1618" WIDTH="534" HEIGHT="44" WC="0.90" CONTENT="hushållningssällskapens"/><SP WIDTH="35" VPOS="1618" HPOS="1174"/>
							<String ID="string_267" HPOS="1209" VPOS="1618" WIDTH="425" HEIGHT="44" WC="0.92" CONTENT="egnahemslånestock"/>
						</TextLine>
						<TextLine ID="line_29" HPOS="214" VPOS="1669" WIDTH="1327" HEIGHT="46">
							<String ID="string_268" HPOS="214" VPOS="1669" WIDTH="51" HEIGHT="44" WC="0.96" CONTENT="på"/><SP WIDTH="23" VPOS="1669" HPOS="265"/>
							<String ID="string_269" HPOS="288" VPOS="1672" WIDTH="141" HEIGHT="32" WC="0.93" CONTENT="staten."/><SP WIDTH="48" VPOS="1672" HPOS="429"/>
							<String ID="string_270" HPOS="477" VPOS="1670" WIDTH="257" HEIGHT="45" WC="0.91" CONTENT="Sällskapens"/><SP WIDTH="24" VPOS="1670" HPOS="734"/>
							<String ID="string_271" HPOS="758" VPOS="1672" WIDTH="243" HEIGHT="33" WC="0.91" CONTENT="riskfonder."/><SP WIDTH="46" VPOS="1672" HPOS="1001"/>
							<String ID="string_272" HPOS="1047" VPOS="1672" WIDTH="279" HEIGHT="43" WC="0.96" CONTENT="Ersättningar"/><SP WIDTH="23" VPOS="1672" HPOS="1326"/>
							<String ID="string_273" HPOS="1349" VPOS="1672" WIDTH="61" HEIGHT="33" WC="0.96" CONTENT="till"/><SP WIDTH="24" VPOS="1672" HPOS="1410"/>
							<String ID="string_274" HPOS="1434" VPOS="1672" WIDTH="107" HEIGHT="33" WC="0.96" CONTENT="vissa"/>
						</TextLine>
						<TextLine ID="line_30" HPOS="714" VPOS="1725" WIDTH="330" HEIGHT="42">
							<String ID="string_275" HPOS="714" VPOS="1725" WIDTH="177" HEIGHT="42" WC="0.93" CONTENT="sällskap"/><SP WIDTH="26" VPOS="1725" HPOS="891"/>
							<String ID="string_276" HPOS="917" VPOS="1736" WIDTH="51" HEIGHT="22" WC="0.91" CONTENT="m."/><SP WIDTH="26" VPOS="1736" HPOS="968"/>
							<String ID="string_277" HPOS="994" VPOS="1736" WIDTH="50" HEIGHT="22" WC="0.90" CONTENT="m."/>
						</TextLine>
					</TextBlock>
				</ComposedBlock>
				<ComposedBlock ID="cblock_3" HPOS="123" VPOS="1805" WIDTH="1514" HEIGHT="692">
					<TextBlock ID="block_5" HPOS="123" VPOS="1805" WIDTH="1512" HEIGHT="87">
						<TextLine ID="line_31" HPOS="168" VPOS="1805" WIDTH="1467" HEIGHT="39">
							<String ID="string_278" HPOS="168" VPOS="1805" WIDTH="225" HEIGHT="31" WC="0.93" CONTENT="Beträffande"/><SP WIDTH="26" VPOS="1805" HPOS="393"/>
							<String ID="string_279" HPOS="419" VPOS="1807" WIDTH="373" HEIGHT="36" WC="0.91" CONTENT="egnahemsstyrelsens"/><SP WIDTH="25" VPOS="1807" HPOS="792"/>
							<String ID="string_280" HPOS="817" VPOS="1807" WIDTH="186" HEIGHT="36" WC="0.96" CONTENT="utredning"/><SP WIDTH="26" VPOS="1807" HPOS="1003"/>
							<String ID="string_281" HPOS="1029" VPOS="1808" WIDTH="65" HEIGHT="29" WC="0.96" CONTENT="och"/><SP WIDTH="25" VPOS="1808" HPOS="1094"/>
							<String ID="string_282" HPOS="1119" VPOS="1807" WIDTH="131" HEIGHT="37" WC="0.96" CONTENT="förslag"/><SP WIDTH="23" VPOS="1807" HPOS="1250"/>
							<String ID="string_283" HPOS="1273" VPOS="1807" WIDTH="163" HEIGHT="31" WC="0.96" CONTENT="hänvisas"/><SP WIDTH="26" VPOS="1807" HPOS="1436"/>
							<String ID="string_284" HPOS="1462" VPOS="1807" WIDTH="50" HEIGHT="31" WC="0.93" CONTENT="till"/><SP WIDTH="27" VPOS="1807" HPOS="1512"/>
							<String ID="string_285" HPOS="1539" VPOS="1807" WIDTH="96" HEIGHT="30" WC="0.92" CONTENT="redo-"/>
						</TextLine>
						<TextLine ID="line_32" HPOS="123" VPOS="1856" WIDTH="698" HEIGHT="36">
							<String ID="string_286" HPOS="123" VPOS="1856" WIDTH="132" HEIGHT="35" WC="0.91" CONTENT="görelse"/><SP WIDTH="22" VPOS="1856" HPOS="255"/>
							<String ID="string_287" HPOS="277" VPOS="1856" WIDTH="10" HEIGHT="29" WC="0.93" CONTENT="1"/><SP WIDTH="23" VPOS="1856" HPOS="287"/>
							<String ID="string_288" HPOS="310" VPOS="1857" WIDTH="262" HEIGHT="35" WC="0.96" CONTENT="propositionen"/><SP WIDTH="23" VPOS="1857" HPOS="572"/>
							<String ID="string_289" HPOS="595" VPOS="1857" WIDTH="62" HEIGHT="30" WC="0.93" CONTENT="sid."/><SP WIDTH="25" VPOS="1857" HPOS="657"/>
							<String ID="string_290" HPOS="682" VPOS="1857" WIDTH="139" HEIGHT="30" WC="0.35" CONTENT="33—50."/>
						</TextLine>
					</TextBlock>
					<TextBlock ID="block_6" HPOS="168" VPOS="1905" WIDTH="633" HEIGHT="39">
						<TextLine ID="line_33" HPOS="168" VPOS="1905" WIDTH="633" HEIGHT="39">
							<String ID="string_291" HPOS="168" VPOS="1905" WIDTH="407" HEIGHT="39" WC="0.89" CONTENT="Departementschefens"/><SP WIDTH="20" VPOS="1905" HPOS="575"/>
							<String ID="string_292" HPOS="595" VPOS="1907" WIDTH="206" HEIGHT="31" WC="0.95" CONTENT="anförande:"/>
						</TextLine>
					</TextBlock>
					<TextBlock ID="block_7" HPOS="124" VPOS="1956" WIDTH="1510" HEIGHT="291">
						<TextLine ID="line_34" HPOS="168" VPOS="1956" WIDTH="1465" HEIGHT="38">
							<String ID="string_293" HPOS="168" VPOS="1956" WIDTH="75" HEIGHT="30" WC="0.96" CONTENT="Den"/><SP WIDTH="21" VPOS="1956" HPOS="243"/>
							<String ID="string_294" HPOS="264" VPOS="1957" WIDTH="247" HEIGHT="36" WC="0.95" CONTENT="överflyttning"/><SP WIDTH="24" VPOS="1957" HPOS="511"/>
							<String ID="string_295" HPOS="535" VPOS="1967" WIDTH="41" HEIGHT="20" WC="0.93" CONTENT="av"/><SP WIDTH="23" VPOS="1967" HPOS="576"/>
							<String ID="string_296" HPOS="599" VPOS="1956" WIDTH="246" HEIGHT="37" WC="0.91" CONTENT="egnahemslån"/><SP WIDTH="22" VPOS="1956" HPOS="845"/>
							<String ID="string_297" HPOS="867" VPOS="1956" WIDTH="80" HEIGHT="31" WC="0.93" CONTENT="från"/><SP WIDTH="25" VPOS="1956" HPOS="947"/>
							<String ID="string_298" HPOS="972" VPOS="1956" WIDTH="442" HEIGHT="38" WC="0.92" CONTENT="hushållningssällskapen"/><SP WIDTH="25" VPOS="1956" HPOS="1414"/>
							<String ID="string_299" HPOS="1439" VPOS="1958" WIDTH="49" HEIGHT="30" WC="0.96" CONTENT="till"/><SP WIDTH="25" VPOS="1958" HPOS="1488"/>
							<String ID="string_300" HPOS="1513" VPOS="1961" WIDTH="120" HEIGHT="33" WC="0.96" CONTENT="staten,"/>
						</TextLine>
						<TextLine ID="line_35" HPOS="124" VPOS="2004" WIDTH="1510" HEIGHT="40">
							<String ID="string_301" HPOS="124" VPOS="2016" WIDTH="76" HEIGHT="20" WC="0.93" CONTENT="som"/><SP WIDTH="30" VPOS="2016" HPOS="200"/>
							<String ID="string_302" HPOS="230" VPOS="2005" WIDTH="145" HEIGHT="38" WC="0.91" CONTENT="åsyftats"/><SP WIDTH="31" VPOS="2005" HPOS="375"/>
							<String ID="string_303" HPOS="406" VPOS="2007" WIDTH="99" HEIGHT="30" WC="0.96" CONTENT="skola"/><SP WIDTH="31" VPOS="2007" HPOS="505"/>
							<String ID="string_304" HPOS="536" VPOS="2009" WIDTH="63" HEIGHT="34" WC="0.96" CONTENT="äga"/><SP WIDTH="29" VPOS="2009" HPOS="599"/>
							<String ID="string_305" HPOS="628" VPOS="2017" WIDTH="78" HEIGHT="21" WC="0.96" CONTENT="rum"/><SP WIDTH="30" VPOS="2017" HPOS="706"/>
							<String ID="string_306" HPOS="736" VPOS="2008" WIDTH="78" HEIGHT="30" WC="0.96" CONTENT="med"/><SP WIDTH="32" VPOS="2008" HPOS="814"/>
							<String ID="string_307" HPOS="846" VPOS="2007" WIDTH="173" HEIGHT="37" WC="0.96" CONTENT="ingången"/><SP WIDTH="30" VPOS="2007" HPOS="1019"/>
							<String ID="string_308" HPOS="1049" VPOS="2017" WIDTH="41" HEIGHT="21" WC="0.96" CONTENT="av"/><SP WIDTH="29" VPOS="2017" HPOS="1090"/>
							<String ID="string_309" HPOS="1119" VPOS="2007" WIDTH="202" HEIGHT="37" WC="0.93" CONTENT="budgetåret"/><SP WIDTH="35" VPOS="2007" HPOS="1321"/>
							<String ID="string_310" HPOS="1356" VPOS="2004" WIDTH="151" HEIGHT="40" WC="0.92" CONTENT="1940/41,"/><SP WIDTH="31" VPOS="2004" HPOS="1507"/>
							<String ID="string_311" HPOS="1538" VPOS="2009" WIDTH="96" HEIGHT="30" WC="0.96" CONTENT="torde"/>
						</TextLine>
						<TextLine ID="line_36" HPOS="124" VPOS="2057" WIDTH="1509" HEIGHT="38">
							<String ID="string_312" HPOS="124" VPOS="2057" WIDTH="84" HEIGHT="30" WC="0.96" CONTENT="böra"/><SP WIDTH="24" VPOS="2057" HPOS="208"/>
							<String ID="string_313" HPOS="232" VPOS="2058" WIDTH="219" HEIGHT="35" WC="0.95" CONTENT="genomföras"/><SP WIDTH="24" VPOS="2058" HPOS="451"/>
							<String ID="string_314" HPOS="475" VPOS="2058" WIDTH="9" HEIGHT="29" WC="0.95" CONTENT="i"/><SP WIDTH="23" VPOS="2058" HPOS="484"/>
							<String ID="string_315" HPOS="507" VPOS="2059" WIDTH="232" HEIGHT="35" WC="0.95" CONTENT="huvudsaklig"/><SP WIDTH="22" VPOS="2059" HPOS="739"/>
							<String ID="string_316" HPOS="761" VPOS="2059" WIDTH="341" HEIGHT="30" WC="0.95" CONTENT="överensstämmelse"/><SP WIDTH="22" VPOS="2059" HPOS="1102"/>
							<String ID="string_317" HPOS="1124" VPOS="2059" WIDTH="80" HEIGHT="30" WC="0.97" CONTENT="med"/><SP WIDTH="26" VPOS="2059" HPOS="1204"/>
							<String ID="string_318" HPOS="1230" VPOS="2060" WIDTH="40" HEIGHT="29" WC="0.96" CONTENT="de"/><SP WIDTH="24" VPOS="2060" HPOS="1270"/>
							<String ID="string_319" HPOS="1294" VPOS="2059" WIDTH="160" HEIGHT="36" WC="0.96" CONTENT="grunder,"/><SP WIDTH="25" VPOS="2059" HPOS="1454"/>
							<String ID="string_320" HPOS="1479" VPOS="2069" WIDTH="73" HEIGHT="20" WC="0.93" CONTENT="som"/><SP WIDTH="23" VPOS="2069" HPOS="1552"/>
							<String ID="string_321" HPOS="1575" VPOS="2069" WIDTH="58" HEIGHT="21" WC="0.93" CONTENT="an-"/>
						</TextLine>
						<TextLine ID="line_37" HPOS="125" VPOS="2108" WIDTH="1509" HEIGHT="38">
							<String ID="string_322" HPOS="125" VPOS="2108" WIDTH="100" HEIGHT="35" WC="0.82" CONTENT="givits"/><SP WIDTH="29" VPOS="2108" HPOS="225"/>
							<String ID="string_323" HPOS="254" VPOS="2118" WIDTH="41" HEIGHT="20" WC="0.93" CONTENT="av"/><SP WIDTH="29" VPOS="2118" HPOS="295"/>
							<String ID="string_324" HPOS="324" VPOS="2109" WIDTH="365" HEIGHT="36" WC="0.91" CONTENT="egnahemsstyrelsen."/><SP WIDTH="42" VPOS="2109" HPOS="689"/>
							<String ID="string_325" HPOS="731" VPOS="2110" WIDTH="12" HEIGHT="29" WC="0.96" CONTENT="I"/><SP WIDTH="30" VPOS="2110" HPOS="743"/>
							<String ID="string_326" HPOS="773" VPOS="2110" WIDTH="66" HEIGHT="29" WC="0.96" CONTENT="den"/><SP WIDTH="26" VPOS="2110" HPOS="839"/>
							<String ID="string_327" HPOS="865" VPOS="2108" WIDTH="83" HEIGHT="31" WC="0.96" CONTENT="mån"/><SP WIDTH="28" VPOS="2108" HPOS="948"/>
							<String ID="string_328" HPOS="976" VPOS="2109" WIDTH="75" HEIGHT="30" WC="0.96" CONTENT="icke"/><SP WIDTH="30" VPOS="2109" HPOS="1051"/>
							<String ID="string_329" HPOS="1081" VPOS="2110" WIDTH="123" HEIGHT="36" WC="0.87" CONTENT="Kungl."/><SP WIDTH="28" VPOS="2110" HPOS="1204"/>
							<String ID="string_330" HPOS="1232" VPOS="2109" WIDTH="100" HEIGHT="36" WC="0.96" CONTENT="Maj:t"/><SP WIDTH="27" VPOS="2109" HPOS="1332"/>
							<String ID="string_331" HPOS="1359" VPOS="2110" WIDTH="176" HEIGHT="30" WC="0.93" CONTENT="meddelar"/><SP WIDTH="30" VPOS="2110" HPOS="1535"/>
							<String ID="string_332" HPOS="1565" VPOS="2111" WIDTH="69" HEIGHT="30" WC="0.93" CONTENT="sär-"/>
						</TextLine>
						<TextLine ID="line_38" HPOS="125" VPOS="2158" WIDTH="1509" HEIGHT="38">
							<String ID="string_333" HPOS="125" VPOS="2158" WIDTH="114" HEIGHT="31" WC="0.96" CONTENT="skilda"/><SP WIDTH="21" VPOS="2158" HPOS="239"/>
							<String ID="string_334" HPOS="260" VPOS="2158" WIDTH="215" HEIGHT="31" WC="0.96" CONTENT="föreskrifter"/><SP WIDTH="21" VPOS="2158" HPOS="475"/>
							<String ID="string_335" HPOS="496" VPOS="2160" WIDTH="9" HEIGHT="29" WC="0.95" CONTENT="i"/><SP WIDTH="22" VPOS="2160" HPOS="505"/>
							<String ID="string_336" HPOS="527" VPOS="2160" WIDTH="126" HEIGHT="35" WC="0.96" CONTENT="ämnet,"/><SP WIDTH="23" VPOS="2160" HPOS="653"/>
							<String ID="string_337" HPOS="676" VPOS="2160" WIDTH="61" HEIGHT="29" WC="0.96" CONTENT="bör"/><SP WIDTH="20" VPOS="2160" HPOS="737"/>
							<String ID="string_338" HPOS="757" VPOS="2161" WIDTH="55" HEIGHT="28" WC="0.93" CONTENT="det"/><SP WIDTH="23" VPOS="2161" HPOS="812"/>
							<String ID="string_339" HPOS="835" VPOS="2161" WIDTH="190" HEIGHT="29" WC="0.91" CONTENT="ankomma"/><SP WIDTH="21" VPOS="2161" HPOS="1025"/>
							<String ID="string_340" HPOS="1046" VPOS="2159" WIDTH="44" HEIGHT="37" WC="0.96" CONTENT="på"/><SP WIDTH="23" VPOS="2159" HPOS="1090"/>
							<String ID="string_341" HPOS="1113" VPOS="2161" WIDTH="167" HEIGHT="35" WC="0.96" CONTENT="styrelsen"/><SP WIDTH="23" VPOS="2161" HPOS="1280"/>
							<String ID="string_342" HPOS="1303" VPOS="2163" WIDTH="58" HEIGHT="33" WC="0.96" CONTENT="att,"/><SP WIDTH="23" VPOS="2163" HPOS="1361"/>
							<String ID="string_343" HPOS="1384" VPOS="2161" WIDTH="107" HEIGHT="29" WC="0.96" CONTENT="delvis"/><SP WIDTH="23" VPOS="2161" HPOS="1491"/>
							<String ID="string_344" HPOS="1514" VPOS="2161" WIDTH="9" HEIGHT="29" WC="0.92" CONTENT="i"/><SP WIDTH="23" VPOS="2161" HPOS="1523"/>
							<String ID="string_345" HPOS="1546" VPOS="2170" WIDTH="88" HEIGHT="21" WC="0.91" CONTENT="sam-"/>
						</TextLine>
						<TextLine ID="line_39" HPOS="125" VPOS="2208" WIDTH="1339" HEIGHT="39">
							<String ID="string_346" HPOS="125" VPOS="2208" WIDTH="63" HEIGHT="31" WC="0.96" CONTENT="råd"/><SP WIDTH="18" VPOS="2208" HPOS="188"/>
							<String ID="string_347" HPOS="206" VPOS="2210" WIDTH="79" HEIGHT="29" WC="0.96" CONTENT="med"/><SP WIDTH="19" VPOS="2210" HPOS="285"/>
							<String ID="string_348" HPOS="304" VPOS="2210" WIDTH="256" HEIGHT="35" WC="0.93" CONTENT="statskontoret,"/><SP WIDTH="21" VPOS="2210" HPOS="560"/>
							<String ID="string_349" HPOS="581" VPOS="2210" WIDTH="152" HEIGHT="36" WC="0.91" CONTENT="iakttaga"/><SP WIDTH="20" VPOS="2210" HPOS="733"/>
							<String ID="string_350" HPOS="753" VPOS="2213" WIDTH="127" HEIGHT="27" WC="0.96" CONTENT="statens"/><SP WIDTH="21" VPOS="2213" HPOS="880"/>
							<String ID="string_351" HPOS="901" VPOS="2212" WIDTH="68" HEIGHT="28" WC="0.96" CONTENT="rätt"/><SP WIDTH="22" VPOS="2212" HPOS="969"/>
							<String ID="string_352" HPOS="991" VPOS="2210" WIDTH="57" HEIGHT="30" WC="0.93" CONTENT="vid"/><SP WIDTH="19" VPOS="2210" HPOS="1048"/>
							<String ID="string_353" HPOS="1067" VPOS="2209" WIDTH="121" HEIGHT="31" WC="0.89" CONTENT="lånens"/><SP WIDTH="19" VPOS="2209" HPOS="1188"/>
							<String ID="string_354" HPOS="1207" VPOS="2211" WIDTH="257" HEIGHT="36" WC="0.96" CONTENT="överflyttning."/>
						</TextLine>
					</TextBlock>
					<TextBlock ID="block_8" HPOS="126" VPOS="2258" WIDTH="1511" HEIGHT="239">
						<TextLine ID="line_40" HPOS="169" VPOS="2258" WIDTH="1467" HEIGHT="38">
							<String ID="string_355" HPOS="169" VPOS="2258" WIDTH="57" HEIGHT="30" WC="0.92" CONTENT="Att"/><SP WIDTH="21" VPOS="2258" HPOS="226"/>
							<String ID="string_356" HPOS="247" VPOS="2261" WIDTH="110" HEIGHT="28" WC="0.95" CONTENT="staten"/><SP WIDTH="24" VPOS="2261" HPOS="357"/>
							<String ID="string_357" HPOS="381" VPOS="2263" WIDTH="126" HEIGHT="27" WC="0.96" CONTENT="avsetts"/><SP WIDTH="24" VPOS="2263" HPOS="507"/>
							<String ID="string_358" HPOS="531" VPOS="2259" WIDTH="97" HEIGHT="31" WC="0.96" CONTENT="skola"/><SP WIDTH="24" VPOS="2259" HPOS="628"/>
							<String ID="string_359" HPOS="652" VPOS="2261" WIDTH="160" HEIGHT="34" WC="0.93" CONTENT="övertaga"/><SP WIDTH="24" VPOS="2261" HPOS="812"/>
							<String ID="string_360" HPOS="836" VPOS="2260" WIDTH="292" HEIGHT="36" WC="0.91" CONTENT="egnahemslånen"/><SP WIDTH="25" VPOS="2260" HPOS="1128"/>
							<String ID="string_361" HPOS="1153" VPOS="2262" WIDTH="66" HEIGHT="28" WC="0.97" CONTENT="och"/><SP WIDTH="24" VPOS="2262" HPOS="1219"/>
							<String ID="string_362" HPOS="1243" VPOS="2261" WIDTH="41" HEIGHT="30" WC="0.96" CONTENT="de"/><SP WIDTH="22" VPOS="2261" HPOS="1284"/>
							<String ID="string_363" HPOS="1306" VPOS="2261" WIDTH="144" HEIGHT="30" WC="0.96" CONTENT="därmed"/><SP WIDTH="22" VPOS="2261" HPOS="1450"/>
							<String ID="string_364" HPOS="1472" VPOS="2262" WIDTH="164" HEIGHT="30" WC="0.96" CONTENT="förenade"/>
						</TextLine>
						<TextLine ID="line_41" HPOS="126" VPOS="2309" WIDTH="1508" HEIGHT="38">
							<String ID="string_365" HPOS="126" VPOS="2309" WIDTH="167" HEIGHT="35" WC="0.96" CONTENT="riskerna,"/><SP WIDTH="28" VPOS="2309" HPOS="293"/>
							<String ID="string_366" HPOS="321" VPOS="2310" WIDTH="64" HEIGHT="29" WC="0.96" CONTENT="har"/><SP WIDTH="29" VPOS="2310" HPOS="385"/>
							<String ID="string_367" HPOS="414" VPOS="2310" WIDTH="163" HEIGHT="30" WC="0.95" CONTENT="föranlett"/><SP WIDTH="27" VPOS="2310" HPOS="577"/>
							<String ID="string_368" HPOS="604" VPOS="2313" WIDTH="46" HEIGHT="27" WC="0.93" CONTENT="ett"/><SP WIDTH="27" VPOS="2313" HPOS="650"/>
							<String ID="string_369" HPOS="677" VPOS="2311" WIDTH="246" HEIGHT="35" WC="0.70" CONTENT="övervigande,"/><SP WIDTH="28" VPOS="2311" HPOS="923"/>
							<String ID="string_370" HPOS="951" VPOS="2320" WIDTH="58" HEIGHT="20" WC="0.95" CONTENT="om"/><SP WIDTH="30" VPOS="2320" HPOS="1009"/>
							<String ID="string_371" HPOS="1039" VPOS="2311" WIDTH="75" HEIGHT="29" WC="0.95" CONTENT="icke"/><SP WIDTH="28" VPOS="2311" HPOS="1114"/>
							<String ID="string_372" HPOS="1142" VPOS="2312" WIDTH="87" HEIGHT="28" WC="0.96" CONTENT="även"/><SP WIDTH="27" VPOS="2312" HPOS="1229"/>
							<String ID="string_373" HPOS="1256" VPOS="2311" WIDTH="40" HEIGHT="30" WC="0.93" CONTENT="de"/><SP WIDTH="27" VPOS="2311" HPOS="1296"/>
							<String ID="string_374" HPOS="1323" VPOS="2311" WIDTH="209" HEIGHT="36" WC="0.92" CONTENT="riskfonder,"/><SP WIDTH="29" VPOS="2311" HPOS="1532"/>
							<String ID="string_375" HPOS="1561" VPOS="2321" WIDTH="73" HEIGHT="21" WC="0.96" CONTENT="som"/>
						</TextLine>
						<TextLine ID="line_42" HPOS="127" VPOS="2357" WIDTH="1509" HEIGHT="39">
							<String ID="string_376" HPOS="127" VPOS="2357" WIDTH="441" HEIGHT="38" WC="0.92" CONTENT="hushållningssällskapen"/><SP WIDTH="24" VPOS="2357" HPOS="568"/>
							<String ID="string_377" HPOS="592" VPOS="2360" WIDTH="124" HEIGHT="30" WC="0.96" CONTENT="samlat"/><SP WIDTH="25" VPOS="2360" HPOS="716"/>
							<String ID="string_378" HPOS="741" VPOS="2361" WIDTH="53" HEIGHT="29" WC="0.96" CONTENT="för"/><SP WIDTH="28" VPOS="2361" HPOS="794"/>
							<String ID="string_379" HPOS="822" VPOS="2360" WIDTH="170" HEIGHT="30" WC="0.96" CONTENT="täckande"/><SP WIDTH="26" VPOS="2360" HPOS="992"/>
							<String ID="string_380" HPOS="1018" VPOS="2371" WIDTH="41" HEIGHT="20" WC="0.96" CONTENT="av"/><SP WIDTH="26" VPOS="2371" HPOS="1059"/>
							<String ID="string_381" HPOS="1085" VPOS="2361" WIDTH="162" HEIGHT="30" WC="0.93" CONTENT="förluster"/><SP WIDTH="25" VPOS="2361" HPOS="1247"/>
							<String ID="string_382" HPOS="1272" VPOS="2360" WIDTH="20" HEIGHT="31" WC="0.92" CONTENT="å"/><SP WIDTH="23" VPOS="2360" HPOS="1292"/>
							<String ID="string_383" HPOS="1315" VPOS="2360" WIDTH="321" HEIGHT="36" WC="0.90" CONTENT="egnahemslånerö-"/>
						</TextLine>
						<TextLine ID="line_43" HPOS="126" VPOS="2408" WIDTH="1511" HEIGHT="39">
							<String ID="string_384" HPOS="126" VPOS="2410" WIDTH="121" HEIGHT="35" WC="0.95" CONTENT="relsen,"/><SP WIDTH="27" VPOS="2410" HPOS="247"/>
							<String ID="string_385" HPOS="274" VPOS="2408" WIDTH="208" HEIGHT="32" WC="0.94" CONTENT="åtminstone"/><SP WIDTH="27" VPOS="2408" HPOS="482"/>
							<String ID="string_386" HPOS="509" VPOS="2410" WIDTH="10" HEIGHT="29" WC="0.96" CONTENT="i"/><SP WIDTH="27" VPOS="2410" HPOS="519"/>
							<String ID="string_387" HPOS="546" VPOS="2410" WIDTH="65" HEIGHT="30" WC="0.96" CONTENT="viss"/><SP WIDTH="27" VPOS="2410" HPOS="611"/>
							<String ID="string_388" HPOS="638" VPOS="2411" WIDTH="238" HEIGHT="34" WC="0.95" CONTENT="utsträckning"/><SP WIDTH="25" VPOS="2411" HPOS="876"/>
							<String ID="string_389" HPOS="901" VPOS="2411" WIDTH="83" HEIGHT="30" WC="0.96" CONTENT="böra"/><SP WIDTH="26" VPOS="2411" HPOS="984"/>
							<String ID="string_390" HPOS="1010" VPOS="2410" WIDTH="169" HEIGHT="30" WC="0.96" CONTENT="överlåtas"/><SP WIDTH="28" VPOS="2410" HPOS="1179"/>
							<String ID="string_391" HPOS="1207" VPOS="2410" WIDTH="45" HEIGHT="37" WC="0.95" CONTENT="på"/><SP WIDTH="27" VPOS="2410" HPOS="1252"/>
							<String ID="string_392" HPOS="1279" VPOS="2414" WIDTH="119" HEIGHT="27" WC="0.94" CONTENT="staten."/><SP WIDTH="40" VPOS="2414" HPOS="1398"/>
							<String ID="string_393" HPOS="1438" VPOS="2412" WIDTH="199" HEIGHT="30" WC="0.96" CONTENT="Emellertid"/>
						</TextLine>
						<TextLine ID="line_44" HPOS="132" VPOS="2461" WIDTH="1503" HEIGHT="36">
							<String ID="string_394" HPOS="132" VPOS="2461" WIDTH="44" HEIGHT="30" WC="0.96" CONTENT="ha"/><SP WIDTH="20" VPOS="2461" HPOS="176"/>
							<String ID="string_395" HPOS="196" VPOS="2461" WIDTH="74" HEIGHT="30" WC="0.96" CONTENT="skäl"/><SP WIDTH="20" VPOS="2461" HPOS="270"/>
							<String ID="string_396" HPOS="290" VPOS="2464" WIDTH="127" HEIGHT="27" WC="0.96" CONTENT="ansetts"/><SP WIDTH="22" VPOS="2464" HPOS="417"/>
							<String ID="string_397" HPOS="439" VPOS="2461" WIDTH="71" HEIGHT="30" WC="0.95" CONTENT="tala"/><SP WIDTH="20" VPOS="2461" HPOS="510"/>
							<String ID="string_398" HPOS="530" VPOS="2461" WIDTH="54" HEIGHT="30" WC="0.96" CONTENT="för"/><SP WIDTH="20" VPOS="2461" HPOS="584"/>
							<String ID="string_399" HPOS="604" VPOS="2464" WIDTH="48" HEIGHT="28" WC="0.96" CONTENT="att"/><SP WIDTH="20" VPOS="2464" HPOS="652"/>
							<String ID="string_400" HPOS="672" VPOS="2461" WIDTH="41" HEIGHT="30" WC="0.93" CONTENT="de"/><SP WIDTH="21" VPOS="2461" HPOS="713"/>
							<String ID="string_401" HPOS="734" VPOS="2471" WIDTH="24" HEIGHT="21" WC="0.90" CONTENT="s."/><SP WIDTH="21" VPOS="2471" HPOS="758"/>
							<String ID="string_402" HPOS="779" VPOS="2462" WIDTH="31" HEIGHT="29" WC="0.92" CONTENT="k."/><SP WIDTH="22" VPOS="2462" HPOS="810"/>
							<String ID="string_403" HPOS="832" VPOS="2462" WIDTH="94" HEIGHT="30" WC="0.93" CONTENT="äldre"/><SP WIDTH="21" VPOS="2462" HPOS="926"/>
							<String ID="string_404" HPOS="947" VPOS="2462" WIDTH="255" HEIGHT="35" WC="0.91" CONTENT="riskfonderna,"/><SP WIDTH="25" VPOS="2462" HPOS="1202"/>
							<String ID="string_405" HPOS="1227" VPOS="2462" WIDTH="90" HEIGHT="30" WC="0.96" CONTENT="vilka"/><SP WIDTH="21" VPOS="2462" HPOS="1317"/>
							<String ID="string_406" HPOS="1338" VPOS="2463" WIDTH="200" HEIGHT="30" WC="0.96" CONTENT="tillkommit"/><SP WIDTH="23" VPOS="2463" HPOS="1538"/>
							<String ID="string_407" HPOS="1561" VPOS="2463" WIDTH="74" HEIGHT="30" WC="0.96" CONTENT="före"/>
						</TextLine>
					</TextBlock>
				</ComposedBlock>
				<ComposedBlock ID="cblock_4" HPOS="175" VPOS="2525" WIDTH="1430" HEIGHT="32">
					<TextBlock ID="block_9" HPOS="175" VPOS="2525" WIDTH="1430" HEIGHT="32">
						<TextLine ID="line_45" HPOS="175" VPOS="2525" WIDTH="1430" HEIGHT="32">
							<String ID="string_408" HPOS="175" VPOS="2526" WIDTH="110" HEIGHT="30" WC="0.56" CONTENT="Bihang"/><SP WIDTH="11" VPOS="2526" HPOS="285"/>
							<String ID="string_409" HPOS="296" VPOS="2525" WIDTH="41" HEIGHT="25" WC="0.96" CONTENT="till"/><SP WIDTH="11" VPOS="2525" HPOS="337"/>
							<String ID="string_410" HPOS="348" VPOS="2526" WIDTH="169" HEIGHT="31" WC="0.96" CONTENT="riksdagens"/><SP WIDTH="11" VPOS="2526" HPOS="517"/>
							<String ID="string_411" HPOS="528" VPOS="2526" WIDTH="146" HEIGHT="31" WC="0.95" CONTENT="protokoll"/><SP WIDTH="13" VPOS="2526" HPOS="674"/>
							<String ID="string_412" HPOS="687" VPOS="2526" WIDTH="74" HEIGHT="25" WC="0.95" CONTENT="1940."/><SP WIDTH="24" VPOS="2526" HPOS="761"/>
							<String ID="string_413" HPOS="785" VPOS="2527" WIDTH="30" HEIGHT="24" WC="0.95" CONTENT="10"/><SP WIDTH="11" VPOS="2527" HPOS="815"/>
							<String ID="string_414" HPOS="826" VPOS="2526" WIDTH="80" HEIGHT="25" WC="0.94" CONTENT="saml."/><SP WIDTH="31" VPOS="2526" HPOS="906"/>
							<String ID="string_415" HPOS="937" VPOS="2526" WIDTH="39" HEIGHT="23" WC="0.94" CONTENT="Nr"/><SP WIDTH="18" VPOS="2526" HPOS="976"/>
							<String ID="string_416" HPOS="994" VPOS="2526" WIDTH="38" HEIGHT="23" WC="0.75" CONTENT="33."/><SP WIDTH="559" VPOS="2526" HPOS="1032"/>
							<String ID="string_417" HPOS="1591" VPOS="2526" WIDTH="14" HEIGHT="24" WC="0.95" CONTENT="2"/>
						</TextLine>
					</TextBlock>
				</ComposedBlock>
			</PrintSpace>
		</Page>
	</Layout>
</alto>
