1906 2828
496 147 381 31 Jordbruksutskottets
902 145 176 31 utlåtande
1103 145 49 30 Nr
1177 147 49 29 33.
1599 138 21 30 5

163 231 31 40 7)
225 232 106 30 1:190
358 242 43 20 av
426 232 81 30 herr
534 231 269 30 Mannerskantz
830 241 45 20 m.
903 231 37 37 fl.
969 230 225 36 likalydande
1219 230 79 30 med
1326 228 44 30 II:
1386 229 62 29 247
1477 238 41 21 av
1547 228 80 30 herr

116 282 105 31 Nolin
238 293 44 21 m.
301 283 49 37 fl.,
368 283 73 30 vari
459 283 202 35 hemställts,
680 286 49 27 att
745 283 185 35 riksdagen
949 281 105 31 måtte
1070 281 145 35 besluta,

162 342 29 21 a.
209 337 49 26 att
275 334 78 30 med
369 334 210 29 inrättandet
593 342 43 21 av
652 333 136 36 statliga
804 332 360 37 egnahemsnämnder
1184 331 86 31 skall
1288 331 68 29 tills
1373 330 117 30 vidare
1508 328 111 36 anstå;

161 385 33 29 b.
220 387 48 27 att
302 383 10 30 i
345 384 151 36 enlighet
530 384 143 29 därmed
709 384 153 35 anslaget
898 383 51 29 till
974 382 419 36 egnahemsnämnderna:
1419 379 202 37 avlöningar

119 435 141 35 735,000
276 435 129 29 kronor
421 437 89 27 samt
531 434 247 30 omkostnader
798 434 141 34 275,000
962 433 128 30 kronor
1112 432 76 30 icke
1210 432 96 29 skola
1323 431 150 35 anvisas;

161 495 28 20 c.
216 488 49 27 att
283 485 78 30 fullt
379 484 245 37 egnahemslån
643 484 20 30 å
682 484 94 30 äldre
795 484 200 37 fastigheter
1012 483 31 37 ej
1065 482 106 31 måtte
1190 482 35 30 få
1240 481 144 37 beviljas
1404 482 9 29 i
1433 481 116 30 vidare
1569 484 51 27 ut-

117 536 200 36 sträckning
334 537 44 29 än
396 545 75 21 som
488 537 39 29 är
544 535 135 36 möjligt
696 536 80 29 med
792 535 204 30 nuvarande
1013 533 260 31 bestämmelser
1291 536 90 27 samt

163 586 32 30 d.
221 589 49 27 att
304 587 153 35 anslaget
492 586 49 30 till
575 585 467 37 arrendeegnahemsfonden
1066 584 106 31 måtte
1196 585 186 35 begränsas
1406 583 50 30 till
1483 583 139 35 500,000

116 637 144 36 kronor;

162 687 31 40 8)
225 688 27 29 I:
270 688 58 29 191
354 697 42 21 av
419 688 82 30 herr
523 687 188 31 Carlström
735 696 44 22 m.
804 686 37 38 fl.
866 687 225 36 likalydande
1115 686 80 30 med
1221 685 43 30 II:
1280 685 63 30 245
1370 695 42 20 av
1437 685 80 29 herr
1540 684 86 30 Löv-

116 748 84 27 gren
219 749 45 20 m.
285 738 49 38 fl.,
356 739 73 30 vari
449 739 202 34 hemställts,

162 793 49 27 att
238 790 185 36 riksdagen
451 790 56 30 för
532 790 225 30 undvikande
784 799 43 21 av
853 789 168 31 rättstvist
1046 790 83 29 eller
1153 789 184 30 eventuellt
1364 798 42 21 en
1432 799 42 20 ur
1499 791 127 28 statens

117 841 179 36 synpunkt
325 841 136 30 mindre
490 841 174 30 önskvärd
696 840 198 37 utveckling
925 850 43 21 av
998 840 467 36 egnahemsorganisationen
1497 840 10 30 i
1536 839 91 31 vissa

117 892 59 30 län
205 892 79 30 ville
311 891 56 31 för
398 891 95 37 varje
522 891 408 37 hushållningssällskap,
962 901 75 21 som
1065 892 81 35 äger
1175 901 45 26 ny
1250 891 170 36 riskfond,
1449 890 71 31 låta
1549 891 77 30 när-

116 953 99 20 mare
231 943 122 31 utreda
373 943 67 30 vad
460 952 74 21 som
554 943 104 35 enligt
678 943 159 36 gällande
855 942 414 37 egnahemsförfattnings
1290 943 42 29 36
1353 942 18 37 $
1394 942 172 36 verkligen
1589 943 39 29 är

118 1003 46 27 ny
184 993 161 31 riskfond
367 997 89 27 samt
477 994 143 35 besluta,
642 997 49 27 att
712 994 121 29 endast
854 993 51 30 hit
925 993 198 36 hänförliga
1144 993 210 35 fondmedel,
1377 993 31 30 d.
1433 1002 29 22 v.
1485 1002 24 21 s.
1532 993 95 29 över-

117 1045 138 29 skotten
276 1044 44 36 på
340 1045 42 29 de
402 1045 136 35 statliga
558 1044 409 37 förvaltningsbidragen,
988 1044 96 30 skola
1105 1054 42 20 av
1167 1045 148 29 berörda
1335 1044 152 36 sällskap
1508 1044 10 29 i
1538 1053 88 21 sam-

118 1095 96 31 band
245 1095 79 30 med
355 1094 199 31 utestående
588 1094 265 37 egnahemslåns
886 1094 201 31 överlåtelse
1118 1094 46 36 på
1195 1097 110 28 staten
1336 1094 206 31 inlevereras
1574 1094 51 30 till

118 1146 204 30 statsverket
337 1146 84 30 eller
438 1146 206 36 alternativt,

162 1199 49 27 att
231 1196 185 36 riksdagen
433 1215 44 3 —
493 1206 56 20 om
567 1200 72 27 mot
657 1196 187 30 förmodan
862 1197 117 35 kungl.
1000 1196 231 36 kungörelsen
1249 1206 41 20 av
1309 1196 67 30 den
1396 1197 19 29 8
1435 1195 74 36 juni
1532 1196 94 34 1928,

117 1257 43 20 nr
179 1247 74 35 217,
275 1247 111 30 skulle
407 1247 160 30 befinnas
588 1247 76 30 icke
686 1247 64 36 äga
770 1247 112 30 direkt
903 1246 220 37 tillämpning
1145 1247 83 29 eller
1247 1249 106 28 annat
1372 1246 125 30 hinder
1518 1247 110 29 möter

118 1297 56 30 för
195 1297 114 36 slutlig
330 1298 205 35 uppgörelse
555 1297 45 37 på
620 1298 115 30 denna
757 1298 112 36 grund
888 1316 45 3 —
952 1297 79 30 ville
1048 1298 135 30 besluta
1204 1300 48 27 att
1272 1297 205 36 uppgörelse
1499 1297 129 30 mellan

118 1350 111 28 staten
250 1349 65 29 och
339 1347 442 37 hushållningssällskapen
803 1348 11 30 i
835 1348 100 36 fråga
958 1358 57 20 om
1037 1348 41 30 de
1098 1358 70 26 nya
1189 1348 246 30 riskfonderna
1458 1348 87 29 skall
1568 1348 61 29 ske

119 1398 46 37 på
183 1399 42 30 de
245 1399 159 36 grunder,
424 1409 57 20 om
500 1399 92 31 vilka
609 1402 165 33 parterna
790 1400 122 30 kunna
930 1408 95 26 enas;

163 1448 32 40 9)
229 1450 79 29 II:6
334 1459 42 20 av
401 1451 81 29 herr
507 1450 144 29 Ericson
677 1450 10 29 i
712 1450 181 34 Boxholm,
921 1450 74 29 vari
1021 1450 204 34 hemställts,
1253 1452 49 27 att
1328 1449 184 36 riksdagen
1538 1448 89 31 före-

118 1503 97 33 tager
236 1499 108 31 sådan
365 1500 147 35 ändring
533 1500 10 29 i
565 1500 99 36 lagen
686 1509 57 20 om
763 1500 456 36 egnahemsverksamheten
1240 1502 48 28 att
1309 1499 55 30 för
1384 1500 243 35 bostadsegna-

118 1551 81 29 hem
217 1550 98 36 höjes
333 1550 265 30 maximivärdet
619 1560 75 20 som
713 1550 125 30 villkor
855 1550 57 30 för
929 1549 249 37 egnahemslån
1195 1549 80 31 från
1296 1551 116 34 12,000
1433 1550 129 30 kronor
1578 1549 51 31 till

122 1601 119 35 15,000
262 1602 142 34 kronor;

167 1650 50 40 10)
246 1651 43 30 II:
305 1652 63 30 226
388 1661 43 21 av
452 1652 81 30 herr
552 1651 174 38 Närlinge,
749 1651 73 31 vari
844 1652 192 30 hemställts
1059 1661 57 20 om
1138 1651 109 30 sådan
1270 1651 147 36 ändring
1440 1661 41 20 av
1505 1651 122 36 Kungl.

120 1702 119 36 Maj:ts
258 1702 215 36 proposition
491 1712 42 20 nr
555 1703 70 34 130,
646 1705 48 28 att
713 1703 121 29 endast
852 1703 66 29 den
937 1703 54 29 del
1010 1712 41 20 av
1071 1702 459 36 hushållningssällskapens
1550 1711 24 21 s.
1594 1702 33 30 k.

120 1762 66 27 nya
218 1752 197 31 riskfonder
443 1753 55 30 för
525 1753 544 37 egnahemslåneverksamheten,
1098 1762 75 21 som
1201 1752 156 36 uppstått
1385 1762 42 21 av
1455 1753 175 29 överskott

121 1803 20 30 å
170 1803 214 36 sällskapens
416 1804 135 35 statliga
579 1804 364 36 förvaltningsbidrag,
973 1803 106 37 jämte
1108 1804 111 35 skälig
1248 1804 98 29 ränta
1378 1803 94 36 därå,
1502 1803 88 30 skall
1618 1803 11 29 i

120 1854 171 30 samband
313 1855 79 29 med
416 1854 266 36 ifrågavarande
705 1854 224 30 lånerörelses
956 1854 229 36 övertagande
1210 1864 41 20 av
1275 1857 110 27 staten
1412 1854 217 29 överlämnas

121 1905 50 29 till
200 1905 66 29 den
294 1905 136 34 statliga
457 1905 467 35 egnahemsverksamheten;

168 1954 51 38 11)
247 1954 43 30 II:
307 1955 62 29 228
389 1964 42 20 av
451 1955 80 29 herr
548 1955 162 29 Ericsson
730 1955 10 29 i
762 1954 142 36 Sörsjön
924 1964 45 21 m.
992 1954 48 37 fl.,
1060 1955 73 29 vari
1153 1955 202 34 hemställts,
1378 1958 49 26 att
1447 1954 182 36 riksdagen

121 2005 107 30 måtte
253 2005 133 30 besluta
411 2005 207 35 bemyndiga
646 2006 122 34 Kungl.
796 2004 102 36 Maj:t
926 2008 49 27 att
1002 2014 41 21 av
1072 2004 165 31 anvisade
1263 2005 110 29 medel
1402 2005 49 30 till
1479 2005 150 30 arbetar-

121 2055 531 31 småbrukslåneverksamheten
676 2056 56 29 för
756 2055 202 36 budgetåret
984 2051 139 34 1940/41
1150 2056 185 35 disponera
1360 2065 42 20 en
1427 2065 136 20 summa
1588 2065 42 20 av

122 2106 120 35 50,000
272 2107 129 29 kronor
432 2106 56 30 för
520 2107 265 30 utanordnande
817 2116 41 20 av
889 2106 122 36 bidrag
1044 2106 50 30 till
1127 2105 503 36 arbetarsmåbrukslåntagare

121 2157 79 29 med
224 2157 164 29 barnrika
411 2156 152 36 familjer
587 2157 9 29 i
621 2157 149 35 enlighet
794 2157 78 29 med
896 2157 201 34 riksdagens
1119 2157 112 29 beslut
1253 2156 38 30 år
1315 2157 97 35 1939;

169 2207 51 38 12)
247 2207 42 29 II:
305 2208 63 29 229
390 2217 42 20 av
452 2208 78 28 herr
550 2208 163 28 Ericsson
734 2207 9 29 i
765 2207 141 35 Sörsjön
926 2217 44 20 m.
993 2207 49 36 fl.,
1062 2207 72 29 vari
1154 2207 202 35 hemställts,
1377 2210 48 26 att
1447 2207 183 35 riksdagen

122 2257 107 29 måtte
255 2257 133 30 besluta
413 2257 207 35 bemyndiga
648 2258 122 33 Kungl.
799 2257 101 35 Maj:t
926 2260 49 27 att
1003 2267 40 19 av
1071 2257 165 30 anvisade
1265 2257 110 29 medel
1402 2257 49 29 till
1480 2257 150 30 arbetar-

122 2307 530 30 småbrukslåneverksamheten
679 2307 55 29 för
757 2307 202 34 budgetåret
985 2303 138 33 1940/41
1151 2307 184 35 disponera
1361 2317 42 19 en
1428 2316 135 20 summa
1588 2315 42 21 av

123 2358 119 35 25,000
271 2358 128 28 kronor
426 2358 55 28 för
507 2358 265 29 utanordnande
801 2367 42 19 av
869 2357 259 34 odlingsbidrag
1155 2357 50 29 till
1233 2356 397 30 arbetarsmåbrukslån-

122 2412 118 33 tagare
265 2407 102 35 enligt
393 2417 133 20 samma
552 2408 151 34 grunder
726 2417 74 19 som
824 2407 89 36 gälla
937 2407 56 29 för
1015 2408 109 28 andra
1150 2407 209 29 innehavare
1385 2417 40 20 av
1450 2407 179 29 ofullstän-

122 2459 79 35 diga
224 2458 183 36 jordbruk;
