1876 2846
485 160 121 30 Första
632 160 240 37 lagutskottets
898 161 175 32 utlåtande
1098 162 49 31 Nr
1171 163 49 30 59.
1575 159 37 29 13

98 243 284 37 socialstyrelsen,
403 253 58 21 om
480 244 66 30 den
566 244 115 31 finner
700 245 171 31 särskilda
894 246 74 30 skäl
990 246 114 31 därtill
1125 246 174 37 föreligga,
1319 247 89 30 skall
1430 248 63 35 äga
1514 248 94 30 över-

98 294 118 31 lämna
240 294 84 30 visst
347 295 126 30 ärende
498 295 50 30 till
573 295 122 37 Kungl.
722 295 119 37 Maj:ts
867 297 204 36 avgörande.
1118 297 13 30 I
1156 298 137 35 ärende,
1318 298 73 29 vari
1415 298 193 30 nämndens

99 345 159 36 yttrande
282 344 200 36 inhämtats,
509 346 88 30 skall
625 346 275 37 underställning
926 347 97 30 alltid
1048 347 69 33 ske,
1145 348 113 30 därest
1284 348 178 31 nämnden
1486 348 38 30 så
1550 357 58 21 an-

97 404 64 22 ser.
206 396 74 29 Vad
305 395 73 31 åter
400 396 106 36 angår
529 397 65 30 den
618 396 196 37 föreslagna
839 397 250 37 befogenheten
1112 397 53 31 för
1188 398 123 37 Kungl.
1335 398 102 37 Maj:t
1459 401 49 28 att
1531 398 78 31 från

97 446 274 37 socialstyrelsen
394 447 161 36 övertaga
577 448 211 35 avgörandet
809 448 11 30 i
844 448 90 30 vissa
959 449 150 30 ärenden
1131 450 98 29 torde
1254 450 203 30 densamma
1480 450 128 36 näppe-

99 496 89 37 ligen
213 496 52 31 stå
289 496 11 31 i
323 498 66 35 god
415 498 340 31 överensstämmelse
781 500 79 29 med
885 500 66 29 den
976 498 248 38 självständiga
1251 500 172 37 ställning,
1450 510 74 21 som
1550 510 57 21 an-

97 550 81 27 setts
198 547 84 30 böra
302 547 195 31 tillkomma
517 551 46 28 ett
583 549 145 30 centralt
748 549 228 36 ämbetsverk,
998 551 67 29 och
1087 550 176 31 dessutom
1284 551 118 30 kunna
1423 551 76 37 giva
1522 561 85 27 upp-

98 598 67 30 hov
187 597 51 31 till
260 597 91 32 vissa
374 599 404 36 kompetenskonflikter.
803 600 200 36 Syftemålet
1025 601 80 30 med
1127 600 265 38 ifrågavarande
1414 602 194 37 anordning

97 649 96 30 torde
211 649 65 30 ock
295 649 119 31 kunna
433 649 122 31 vinnas
574 658 124 28 genom
718 651 407 37 underställningsrätten
1142 653 66 29 och
1227 653 67 30 den
1312 652 172 37 funktion,
1506 662 74 21 som
1598 653 10 30 i

98 699 169 31 samband
285 700 144 30 därmed
447 700 63 31 bör
527 701 195 30 tillkomma
739 702 187 36 nämnden,
945 705 89 27 samt
1049 711 125 28 genom
1194 702 183 31 införande
1395 713 41 21 av
1454 704 153 30 besvärs-

97 750 68 29 rätt
180 749 12 31 i
210 750 90 31 vissa
318 750 70 30 fall.
407 750 141 31 Liksom
568 752 42 29 de
630 751 218 37 sakkunniga
867 761 100 22 anser
985 752 58 37 jag
1061 753 198 36 visserligen
1277 756 48 28 att
1343 763 42 21 en
1404 754 130 30 allmän
1552 755 55 30 be-

95 801 167 30 svärsrätt
281 802 81 29 över
384 801 291 37 socialstyrelsens
697 802 111 30 beslut
830 802 75 31 icke
925 803 62 30 bör
1007 802 266 38 ifrågakomma,
1295 805 91 30 detta
1408 804 74 31 icke
1503 805 106 30 minst

97 852 79 30 med
196 852 137 36 hänsyn
353 852 114 30 därtill
486 855 48 28 att
553 862 42 21 en
616 852 93 37 dylik
730 853 195 37 anordning
945 854 109 30 skulle
1072 854 91 31 bliva
1184 855 116 31 alltför
1317 855 219 37 betungande
1555 856 53 31 för

100 901 121 36 Kungl.
244 901 111 37 Maj:t.
400 902 164 31 Däremot
584 903 97 30 torde
703 904 117 29 starka
842 904 76 30 skäl
939 905 68 29 tala
1028 905 55 30 för
1105 908 49 27 att
1175 904 180 38 möjlighet
1376 906 91 36 gives
1490 907 55 29 för
1567 916 41 20 en

97 952 181 37 utlänning
296 956 48 27 att
361 953 11 30 i
388 954 216 30 tveksamma
624 954 60 30 fall
703 954 119 31 anföra
843 955 122 30 besvär
982 956 62 30 hos
1062 956 122 36 Kungl.
1204 956 102 37 Maj:t
1323 956 10 31 i
1352 957 161 36 ärenden,
1534 966 74 21 som

98 1001 89 37 angå
200 1003 88 29 hans
303 1002 114 31 inresa
431 1003 50 30 till
494 1003 88 31 riket
596 1004 81 30 eller
692 1004 135 31 vistelse
841 1005 189 31 härstädes.
1046 1006 64 30 Det
1126 1007 38 29 är
1178 1005 199 38 visserligen
1391 1010 86 33 sant,
1494 1010 48 28 att
1555 1016 53 28 ge-

97 1063 81 20 nom
195 1054 393 37 utlänningsärendenas
606 1055 307 32 sammanförande
929 1057 62 30 hos
1010 1056 273 37 socialstyrelsen
1299 1058 66 30 och
1381 1057 226 37 socialstyrel-

98 1113 76 21 sens
202 1105 205 36 därigenom
433 1115 117 21 vunna
578 1105 197 31 erfarenhet
802 1115 58 22 om
889 1107 376 36 utlänningsklientelet
1295 1111 90 27 samt
1414 1109 193 30 nämndens

97 1155 211 31 medverkan
328 1156 58 30 vid
407 1156 190 30 ärendenas
621 1156 196 37 avgörande
839 1158 117 30 starka
975 1158 172 36 garantier
1169 1159 127 36 skapas
1318 1158 55 31 för
1393 1162 49 27 att
1463 1159 67 31 alla
1551 1159 56 30 be-

97 1205 120 37 höriga
237 1206 170 30 intressen
428 1206 153 31 beaktas.
604 1206 80 31 Men
704 1216 82 22 man
807 1207 57 30 må
887 1208 98 37 dock,
1008 1208 44 31 då
1072 1208 56 31 det
1148 1208 107 37 gäller
1276 1212 49 27 att
1347 1212 78 34 taga
1447 1209 161 37 ställning

96 1256 52 30 till
165 1257 90 30 detta
274 1256 181 37 spörsmål,
473 1257 76 31 icke
566 1257 217 37 förglömma,
802 1261 48 28 att
867 1259 55 30 det
940 1258 148 37 mången
1104 1258 89 38 gång
1210 1260 70 30 kan
1297 1259 54 31 för
1367 1270 43 21 en
1427 1261 180 36 utlänning

97 1316 82 21 vara
211 1316 42 21 en
287 1307 12 31 i
334 1308 89 30 hans
457 1308 45 30 liv
536 1309 66 29 och
637 1307 450 39 försörjningsmöjligheter
1124 1309 100 37 djupt
1247 1310 205 37 ingripande
1477 1311 129 37 åtgärd,

99 1358 63 29 när
193 1357 70 30 han
292 1352 11 51 =
323 1356 181 38 förbjudes
541 1361 49 27 att
630 1359 104 30 vistas
771 1359 66 30 här
873 1360 11 29 i
923 1360 116 30 landet
1066 1360 91 36 eller,
1184 1360 102 31 såvitt
1312 1361 107 37 angår
1448 1362 162 37 politiska

98 1407 200 37 flyktingar,
325 1411 49 27 att
400 1409 202 30 överhuvud
628 1412 90 34 taget
744 1409 181 31 inkomma
951 1410 10 30 i
989 1411 98 30 riket.
1137 1411 201 31 Emellertid
1364 1422 101 27 synes
1494 1414 115 29 anled-

95 1458 83 37 ning
213 1459 77 30 icke
323 1459 167 37 föreligga
527 1463 49 27 att
612 1460 10 30 i
657 1460 95 37 varje
776 1460 72 36 fall,
876 1461 44 30 då
944 1461 111 31 beslut
1079 1461 118 31 fattats
1222 1472 75 21 som
1322 1463 145 32 innebär
1491 1467 50 27 att
1565 1474 43 20 en

95 1510 183 36 utlänning
299 1510 88 30 skall
407 1510 117 30 lämna
544 1511 126 36 landet,
692 1511 160 36 medgiva
874 1512 181 36 klagorätt.
1097 1512 15 30 I
1131 1513 42 30 de
1193 1514 87 30 allra
1298 1513 102 31 flesta
1420 1514 107 31 fallen
1548 1517 61 29 äro

96 1560 174 36 nämligen
289 1561 120 36 dylika
426 1561 112 30 beslut
555 1570 44 21 av
616 1561 67 30 den
702 1561 246 31 beskaffenhet
966 1565 49 28 att
1033 1561 115 38 någon
1167 1564 127 30 tvekan
1312 1564 178 37 angående
1510 1566 99 31 deras

95 1611 162 36 riktighet
282 1611 82 30 eller
387 1610 333 38 ändamålsenlighet
743 1612 76 31 icke
844 1613 194 36 föreligger;
1063 1614 66 30 och
1154 1614 10 30 i
1187 1614 119 37 dylika
1328 1614 63 32 fall
1415 1616 97 31 torde
1537 1617 71 31 kla-

96 1662 166 34 gorätten,
300 1660 115 31 såsom
450 1661 149 37 mången
634 1661 88 37 gång
757 1662 121 31 hittills
915 1663 97 36 skett,
1050 1664 121 30 endast
1195 1665 142 31 komma
1362 1669 48 27 att
1435 1666 97 37 tjäna
1556 1667 51 30 så-

98 1721 75 20 som
188 1714 47 28 ett
253 1712 114 30 medel
384 1715 49 27 att
450 1712 191 37 uppskjuta
659 1713 303 36 verkställigheten
981 1724 42 20 av
1041 1714 156 31 beslutet.
1216 1715 124 31 Rätten
1358 1719 50 28 att
1426 1717 103 36 klaga
1546 1718 64 29 hos

100 1762 121 36 Kungl.
241 1761 101 37 Maj:t
360 1772 100 27 synes
478 1762 70 37 mig
566 1763 120 30 därför
704 1772 75 21 som
797 1764 90 36 regel
906 1765 119 30 kunna
1044 1765 185 36 begränsas
1249 1765 52 31 till
1321 1766 132 31 sådana
1472 1767 71 35 fall,
1563 1767 45 31 då

97 1812 94 31 olika
204 1812 263 37 uppfattningar
483 1822 58 21 om
557 1813 146 31 beslutet
720 1814 148 30 kommit
888 1814 51 31 till
955 1816 146 36 uttryck.
1132 1816 194 36 Föreligger
1344 1816 64 31 full
1426 1819 181 29 samstäm-

97 1863 128 37 mighet
248 1864 127 30 mellan
402 1864 273 37 socialstyrelsen
698 1866 65 29 och
786 1866 195 30 nämndens
1006 1866 159 36 samtliga
1188 1867 189 31 ledamöter
1401 1877 100 27 synes
1526 1877 82 21 man

98 1914 109 29 sakna
230 1913 187 36 anledning
440 1917 134 33 antaga,
599 1918 48 26 att
669 1916 210 29 besvärsrätt
902 1916 110 30 skulle
1034 1925 82 21 vara
1140 1917 211 36 erforderlig.
1389 1918 78 30 Med
1491 1919 115 30 anled-

96 1965 81 36 ning
200 1974 41 20 av
262 1965 67 30 vad
351 1965 57 37 jag
430 1964 144 31 sålunda
599 1965 114 30 anfört
737 1965 54 30 får
812 1965 58 37 jag
895 1966 150 36 förorda,
1068 1969 48 28 att
1140 1967 181 37 utlänning
1344 1968 172 36 medgives
1539 1971 67 28 rätt

97 2017 50 27 att
173 2015 62 29 hos
263 2014 123 36 Kungl.
415 2014 100 37 Maj:t
540 2015 124 30 anföra
690 2016 122 29 besvär
839 2017 80 29 över
947 2016 41 30 de
1014 2017 111 30 beslut
1151 2026 42 20 av
1220 2017 283 38 socialstyrelsen,
1532 2029 74 20 som

98 2064 168 30 innefatta
289 2064 235 31 förordnande
545 2074 58 21 om
625 2066 85 29 hans
733 2066 234 35 avlägsnande
987 2076 41 20 ur
1049 2067 97 35 riket,
1165 2068 62 29 där
1249 2068 110 30 tillika
1381 2069 225 37 socialstyrel-

98 2125 76 20 sens
200 2115 110 30 beslut
336 2115 140 30 avviker
500 2115 78 31 från
603 2116 66 30 den
693 2116 139 37 mening
857 2126 75 21 som
955 2118 140 30 uttalats
1119 2127 41 21 av
1185 2119 176 30 nämnden
1387 2119 80 30 eller
1493 2119 113 36 någon

96 2165 78 30 dess
198 2166 161 30 ledamot.
397 2166 178 36 Därjämte
599 2167 61 29 bör
684 2167 126 35 klagan
835 2177 82 21 vara
942 2168 190 35 medgiven,
1157 2169 63 29 där
1245 2168 43 37 på
1308 2170 112 34 grund
1444 2179 41 20 av
1510 2171 96 29 ären-

96 2216 74 30 dets
191 2217 219 35 synnerligen
430 2216 221 30 brådskande
673 2220 101 27 natur
797 2219 192 29 nämndens
1012 2219 159 35 yttrande
1193 2219 75 30 icke
1288 2219 199 31 inhämtats.
1534 2221 12 29 I
1567 2221 42 29 de

98 2266 71 35 fall,
190 2266 46 30 då
255 2268 216 34 klagorätten
489 2266 146 31 sålunda
656 2268 184 35 medgives,
860 2269 63 29 bör
945 2269 188 29 emellertid
1154 2269 116 30 denna
1291 2270 75 29 icke
1387 2271 122 29 endast
1530 2280 79 20 avse

97 2317 145 29 beslutet
264 2327 57 19 om
342 2317 244 35 utlänningens
606 2318 234 34 avlägsnande
862 2328 41 19 ur
924 2318 86 29 riket
1030 2321 83 26 utan
1134 2320 87 28 även
1243 2319 8 29 i
1272 2320 171 29 samband
1465 2321 143 29 därmed

98 2368 102 29 fattat
220 2367 112 30 beslut
352 2377 57 20 om
430 2368 116 34 avslag
566 2366 20 30 å
606 2368 156 29 ansökan
783 2377 57 19 om
863 2367 339 36 uppehållstillstånd
1223 2369 82 30 eller
1326 2369 272 31 arbetstillstånd

143 2419 51 29 En
210 2427 117 20 annan
342 2417 96 35 fråga
455 2417 96 30 varåt
568 2418 41 29 de
625 2417 219 35 sakkunniga
861 2419 103 33 ägnat
980 2418 147 30 särskild
1145 2420 311 35 uppmärksamhet
1475 2421 47 34 är,
1540 2421 66 29 hur

95 2467 444 36 gränskontrollen
575 2468 88 28 skall
689 2468 118 29 kunna
833 2468 127 29 ordnas
988 2467 43 37 på
1056 2471 45 27 ett
1126 2468 159 30 effektivt
1310 2470 76 29 sätt.
1416 2470 62 29 Det
1504 2470 103 35 ligger
