2188 2602
179 276 107 27 Motion
305 276 46 26 vid

165 313 67 25 1917
246 312 46 26 års
305 311 67 27 riks-

237 347 60 33 dag.

384 196 19 30 2
588 196 118 31 Andra
730 195 204 33 kammarens
958 194 131 38 tredje
1114 193 166 41 tillfälliga
1305 193 132 31 utskotts
1459 193 166 31 utlåtande
1650 192 51 31 Nr
1724 194 55 31 12.

491 278 72 35 Vid
613 280 92 33 1917
750 280 57 31 års
851 275 148 47 riksdag
1041 275 144 35 väcktes
1228 287 43 22 av
1300 275 125 35 herrar
1454 275 126 35 Sterne
1608 275 65 34 och
1702 274 157 35 Waldén
1888 274 95 34 inom

383 332 112 35 andra
537 331 210 35 kammaren
789 341 45 23 en
864 329 132 34 motion
1026 329 82 34 med
1136 328 12 34 i
1176 327 192 36 huvudsak
1397 341 135 22 samma
1560 328 163 46 yrkande
1752 339 74 23 som
1857 327 12 34 i
1899 327 90 34 före-

384 385 158 35 varande
572 383 143 35 motion.

491 437 183 34 Motionen
715 437 216 35 hänvisades
972 435 56 35 till
1071 435 111 35 andra
1224 435 228 35 kammarens
1480 435 116 47 tredje
1624 434 181 47 tillfälliga
1834 434 153 43 utskott,

384 503 74 23 som
487 491 12 33 i
529 490 142 46 avgivet
698 490 187 35 utlåtande
914 489 67 46 (Nr
1010 488 34 46 9)
1074 488 158 47 yttrade:

496 559 14 15 »
519 543 183 35 Utskottet
742 543 118 35 finner
902 542 214 46 uppenbart,
1160 545 52 32 att
1253 541 428 45 sockertillverkningens
1722 541 265 36 handhavande

384 598 66 34 och
491 597 141 35 landets
674 596 187 35 förseende
904 596 80 34 med
1013 595 80 34 dess
1122 594 267 47 oundgängliga
1417 594 114 35 behov
1561 606 44 23 av
1634 593 123 35 socker
1787 597 45 43 på
1861 594 128 35 sådant

385 655 82 40 sätt,
511 655 52 30 att
605 650 180 35 allmänna
827 648 350 37 samhällsintressen
1220 650 44 44 på
1305 648 102 35 bästa
1449 651 70 31 sätt
1546 647 217 46 tillgodoses,
1794 653 61 28 äro
1885 660 104 31 ange-

385 704 219 46 lägenheter,
648 715 72 22 som
764 705 114 33 måste
922 715 82 22 vara
1046 701 148 35 föremål
1237 701 55 35 för
1335 701 297 35 statsmakternas
1666 700 208 47 synnerliga
1903 713 86 33 upp-

386 757 255 35 märksamhet.
698 757 222 35 Allbekanta
949 755 249 35 förhållanden
1231 755 135 35 sådana
1399 766 73 23 som
1506 753 351 36 sockerindustriens
1887 766 105 33 egen-

386 811 90 45 skap
505 823 44 22 av
578 810 98 35 såväl
703 810 239 47 tullskyddad
970 821 73 23 som
1075 808 225 46 accispliktig
1328 808 140 45 näring,
1499 808 81 34 dess
1609 807 244 45 förtrustning
1886 812 102 30 även-

386 876 75 23 som
500 863 81 35 dess
619 863 194 35 konflikter
842 863 82 34 med
953 863 69 34 den
1051 864 19 32 å
1099 861 56 35 sin
1184 861 77 35 sida
1290 861 123 35 starka
1441 861 64 34 och
1535 860 311 46 välorganiserade
1875 859 114 41 makt,

387 930 74 22 som
503 917 208 34 betodlarne
752 916 12 34 i
807 919 85 32 våra
930 916 103 34 södra
1062 915 185 46 provinser
1275 918 117 42 utgör,
1422 915 45 33 ha
1496 914 61 35 vid
1585 906 207 53 upprepade
1820 913 169 35 tillfällen

387 970 90 46 givit
505 969 197 46 anledning
728 970 56 35 till
813 973 53 32 att
894 970 111 34 härav
1034 968 210 34 föranledda
1273 968 120 46 frågor
1421 967 92 35 varit
1542 967 149 34 föremål
1719 966 55 34 för
1798 967 194 34 statsmak-

387 1028 120 31 ternas
535 1023 231 46 behandling.
826 1022 154 35 Särskilt
1007 1034 126 34 genom
1164 1021 69 35 den
1262 1021 215 43 kännedom,
1508 1032 74 23 som
1611 1020 208 46 härigenom
1841 1020 148 35 vunnits

387 1089 56 23 om
477 1076 328 36 sockerindustrien
837 1076 198 35 berörande
1063 1075 262 43 förhållanden,
1355 1075 46 34 ha
1429 1073 250 46 otvivelaktigt
1705 1073 132 35 tankar
1866 1072 124 36 väckts

387 1143 56 22 om
487 1130 289 35 önskvärdheten
819 1142 44 23 av
906 1133 52 31 att
999 1128 255 46 statsåtgärder
1296 1128 101 35 skola
1439 1127 174 46 vidtagas,
1652 1126 206 46 varigenom
1894 1127 97 34 såväl

388 1183 225 47 upprivande
659 1183 130 35 strider
834 1182 224 36 beträffande
1099 1181 347 35 sockerindustriens
1488 1180 173 46 ställning
1698 1180 53 34 för
1794 1179 196 36 framtiden

389 1237 118 35 skulle
545 1237 124 34 kunna
702 1236 181 35 undvikas
912 1237 86 34 eller
1027 1235 215 43 förmildras,
1273 1247 76 22 som
1379 1234 246 45 samhälleliga
1653 1233 178 35 intressen
1860 1232 132 36 beträf-

389 1290 109 35 fande
527 1290 118 34 denna
673 1290 131 46 näring
832 1295 91 30 även
951 1289 12 34 i
992 1289 112 34 andra
1133 1288 202 35 avseenden
1363 1288 116 34 bättre
1508 1293 46 28 än
1578 1287 130 35 hittills
1728 1287 119 34 skulle
1867 1286 124 34 kunna

388 1343 216 47 tillgodoses.
662 1343 50 34 På
754 1343 79 35 sina
875 1343 74 34 håll
990 1343 65 34 har
1089 1354 84 22 man
1202 1341 44 34 då
1275 1341 12 34 i
1316 1341 115 35 likhet
1459 1341 82 34 med
1570 1340 263 35 motionärerna
1863 1344 128 35 ansett,

390 1401 52 31 att
484 1397 69 34 den
596 1397 136 45 åtgärd,
776 1409 75 22 som
894 1396 110 34 borde
1032 1395 50 34 bli
1111 1394 148 35 föremål
1289 1394 55 34 för
1373 1394 154 34 särskild
1557 1393 189 46 prövning,
1776 1405 85 22 vore
1891 1397 104 30 stats-

390 1449 303 46 monopolisering
720 1462 43 22 av
792 1450 82 34 hela
903 1447 340 36 sockerindustrien.

516 1503 165 34 Jtskottet
722 1503 122 34 ställer
887 1502 55 45 sig
983 1501 120 35 därför
1131 1500 197 45 ingalunda
1358 1500 193 34 avvisande
1578 1499 57 35 till
1663 1503 50 31 ett
1742 1499 249 46 övervägande

391 1556 151 34 rörande
584 1556 44 34 de
669 1555 95 34 olika
801 1560 123 40 vägar,
954 1556 44 44 på
1026 1553 114 36 vilket
1168 1553 60 34 det
1256 1553 73 34 kan
1358 1552 239 43 säkerställas,
1628 1556 52 31 att
1708 1552 43 34 de
1779 1552 213 44 samhälliga

390 1609 200 36 intressena
631 1608 97 35 bliva
770 1607 84 35 fullt
895 1606 259 47 tillgodosedda
1182 1605 60 35 vid
1272 1605 428 46 sockertillverkningens
1728 1605 265 35 handhavande

390 1663 12 34 i
444 1665 80 33 vårt
565 1662 97 42 land,
705 1674 82 22 men
829 1661 117 34 finner
988 1661 69 34 den
1099 1672 44 23 av
1176 1659 263 35 motionärerna
1468 1658 183 48 påyrkade
1680 1658 178 35 särskilda
1887 1658 106 34 fram-

391 1715 219 46 ställningen
652 1714 56 35 till
749 1715 136 45 Kungl.
922 1714 104 48 Maj:t
1054 1714 123 33 härom
1207 1725 43 22 av
1280 1712 272 34 förhållandena
1579 1712 81 34 icke
1688 1712 180 46 påkallad.
1927 1710 67 36 Ge-

390 1781 82 23 nom
517 1769 113 34 andra
671 1768 230 34 kammarens
943 1768 118 34 beslut
1102 1766 69 35 den
1216 1768 45 32 21
1300 1778 94 22 mars
1423 1765 12 34 i
1463 1767 38 32 år
1529 1766 66 34 har
1623 1765 181 46 nämligen
1835 1765 159 34 kamma-

391 1835 75 31 ren,
510 1822 82 34 med
634 1821 101 35 bifall
777 1821 56 35 till
876 1833 44 22 en
963 1832 43 23 av
1048 1820 84 34 herr
1173 1819 239 35 Palmstierna
1448 1818 104 35 väckt
1581 1818 144 44 motion,
1756 1818 158 35 beslutat
1942 1822 52 31 att

390 1876 65 34 hos
484 1875 135 46 Kungl.
650 1875 105 47 Maj:t
782 1874 144 46 begära,
957 1877 52 32 att
1037 1874 43 34 de
1109 1885 27 22 s.
1168 1872 35 34 k.
1233 1872 327 46 trustsakkunniga
1589 1872 182 34 lämnades
1796 1872 12 34 i
1828 1872 166 45 uppdrag

391 1933 53 31 att
492 1928 214 35 »verkställa
747 1927 197 46 utredning
984 1927 65 35 och
1091 1926 199 46 framlägga
1332 1925 134 46 förslag
1505 1925 57 35 till
1605 1925 43 35 de
1686 1925 179 46 åtgärder,
1896 1924 97 35 vilka

391 1982 161 35 befinnas
595 1981 232 46 erforderliga
870 1981 55 34 för
967 1984 52 32 att
1059 1980 13 34 i
1101 1980 43 34 de
1173 1979 74 43 fall,
1278 1979 45 34 då
1352 1978 137 46 viktiga
1517 1978 351 35 samhällsintressen
1896 1978 97 34 berö-

392 2048 69 31 ras,
491 2038 182 43 gentemot
701 2034 305 46 monopolföretag
1034 2033 206 35 samhällets
1269 2032 91 35 krav
1390 2034 56 32 må
1474 2032 125 34 kunna
1627 2032 195 34 bevakas».
1864 2032 129 34 Denna

393 2088 268 46 framställning
697 2100 64 23 var
798 2087 188 35 föranledd
1016 2087 120 43 därav,
1168 2089 52 32 att
1248 2086 44 34 de
1321 2087 39 32 år
1392 2087 96 33 1911
1519 2085 152 35 tillsatta
1698 2084 298 36 trustsakkunni-

392 2154 63 34 gas
497 2142 167 46 uppdrag
705 2162 50 4 —
798 2141 12 34 i
852 2140 91 36 strid
985 2140 81 35 med
1108 2139 69 35 vad
1211 2141 44 44 på
1284 2141 130 43 många
1441 2139 74 34 håll
1543 2138 66 35 och
1638 2143 90 29 även
1755 2138 12 34 i
1797 2137 195 45 riksdagen

393 2194 201 47 uppfattats
623 2215 50 4 —
702 2194 127 35 endast
857 2193 222 36 omfattande
1108 2205 45 23 en
1180 2191 172 37 teoretisk
1380 2191 283 46 undersökning,
1694 2191 153 34 rörande
1876 2203 117 22 mono-

394 2248 215 47 polföretags
652 2247 207 44 förekomst,
904 2247 191 35 arbetssätt
1136 2246 65 34 och
1242 2245 199 47 inflytande
1483 2247 44 44 på
1556 2244 289 47 prisbildningen
1874 2244 12 34 i
1915 2246 79 32 vårt
