1890 2826
516 192 394 32 Jordbruksutskottets
940 191 186 31 utlåtande
1154 191 52 31 Nr
1236 191 25 30 I.
1532 188 40 30 59

157 279 84 37 75:0)
266 277 250 42 Befrämjande
541 286 41 23 av
607 276 189 40 linodling.
834 276 117 31 Under
976 276 110 36 punkt
1110 277 40 30 74
1175 276 62 30 har
1261 276 130 35 Kungl.
1417 276 100 36 Maj:t
1533 275 84 31 före-

110 331 105 35 slagit
249 331 180 35 riksdagen
464 332 51 29 att
542 330 55 30 till
620 329 162 36 åtgärder
805 328 107 31 under
937 329 83 29 1928
1045 328 54 30 för
1123 328 233 36 befrämjande
1378 339 44 19 av
1447 327 170 36 linodling

109 383 122 30 anvisa
248 383 51 30 för
316 382 200 36 budgetåret
534 381 214 31 1928—1929
765 382 47 29 ett
828 382 96 28 extra
943 380 348 36 reservationsanslag
1308 390 42 20 av
1368 381 94 35 8,000
1479 381 136 30 kronor.

155 434 217 31 Beträffande
395 434 111 31 denna
531 433 260 35 framställning
816 432 63 30 har
903 431 185 36 riksdagen
1112 432 105 30 redan
1241 432 102 30 fattat
1359 432 120 35 beslut,
1497 442 119 20 varom

112 486 163 30 utskottet
298 486 200 35 härigenom
523 485 92 30 velat

553 562 126 31 erinra.

156 674 84 37 76:0)
263 673 178 40 Lindring
464 681 41 24 av
528 672 345 32 fraktkostnaderna
897 671 57 32 för
977 671 85 31 kalk
1087 681 44 21 m.
1156 681 44 21 m.
1247 672 78 30 Med
1348 672 201 36 tillstyrkan
1572 682 44 20 av

109 726 101 31 bifall
245 727 54 30 till
334 726 131 36 Kungl.
501 725 117 37 Maj:ts
651 724 108 31 under
794 724 111 36 punkt
929 725 40 30 75
994 724 120 36 gjorda
1138 724 259 35 framställning
1420 724 198 31 hemställer

108 779 175 35 utskottet,

553 856 52 30 att
640 855 183 36 riksdagen
857 855 58 29 må
949 854 125 31 liksom
1110 854 53 31 för
1193 854 234 31 innevarande
1450 855 168 36 budgetår

507 907 54 31 till
586 907 157 36 lindring
763 917 46 20 av
825 906 327 31 fraktkostnaderna
1170 906 58 31 vid
1244 908 173 35 transport
1432 908 21 29 å
1467 907 151 36 järnväg

507 969 45 20 av
574 958 94 36 kalk,
693 957 259 37 kalkstensmjöl
976 957 62 31 och
1058 958 132 35 märgel
1207 958 52 31 för
1275 958 215 37 jordbrukets
1506 959 110 31 behov

506 1011 123 30 anvisa
652 1011 54 30 för
720 1010 201 36 budgetåret
939 1010 215 31 1928—1929
1172 1012 48 29 ett
1235 1012 96 29 extra
1348 1011 268 36 förslagsanslag

507 1073 44 20 av
576 1063 139 36 600,000
740 1063 136 30 kronor.

151 1184 85 37 77:0)
261 1181 172 43 Ogräsens
457 1182 256 40 bekämpande.
749 1183 119 31 Under
891 1183 113 36 punkt
1028 1183 40 31 76
1093 1183 66 31 har
1174 1183 131 37 Kungl.
1322 1183 99 37 Maj:t
1437 1183 180 37 föreslagit

106 1236 183 36 riksdagen
312 1237 52 30 att
387 1236 53 30 för
462 1235 236 36 bekämpande
721 1245 43 21 av
789 1237 99 35 ogräs
911 1235 124 31 anvisa
1050 1235 55 31 för
1119 1235 201 37 budgetåret
1336 1236 215 31 1928—1929
1568 1237 48 30 ett

105 1289 98 30 extra
228 1288 349 35 reservationsanslag
600 1297 43 20 av
668 1288 95 36 4,000
788 1288 136 31 kronor.

150 1340 218 31 Beträffande
391 1340 111 31 denna
526 1339 259 37 framställning
809 1340 65 30 har
896 1339 184 36 riksdagen
1104 1339 104 31 redan
1232 1340 103 31 fattat
1357 1340 120 35 beslut,
1495 1349 120 21 varom

105 1392 165 31 utskottet
293 1392 203 36 härigenom
520 1391 92 31 velat

514 1479 123 30 erinra.

149 1610 84 37 78:0)
257 1608 323 32 Berberisbuskens
603 1607 204 32 utrotande.
853 1608 122 36 Enligt
998 1608 165 31 anmälan
1179 1608 12 30 i
1207 1608 112 36 punkt
1341 1608 40 31 77
1398 1609 69 30 kan
1480 1609 125 31 medels

104 1663 144 31 behovet
277 1662 55 31 till
354 1661 218 32 bestridande
607 1661 106 31 under
737 1661 84 31 1928
845 1671 44 20 av
912 1660 229 31 kostnaderna
1164 1660 53 31 för
1241 1660 299 32 berberisbuskens
1563 1662 54 30 ut-

104 1714 142 32 rotande
261 1715 117 30 täckas
394 1724 44 21 av
456 1713 206 31 reservation
678 1714 21 30 å
715 1713 148 36 tidigare
878 1712 55 31 för
948 1712 197 31 ändamålet
1167 1712 163 31 anvisade
1346 1713 131 37 anslag,
1498 1713 115 31 vadan

104 1766 316 36 medelsanvisning
454 1766 54 30 för
543 1765 199 36 budgetåret
777 1765 215 31 1928—1929
1027 1764 73 31 icke
1123 1764 181 32 erfordras.
1350 1765 101 31 Detta
1474 1765 64 31 har
1560 1767 52 29 ut-

102 1820 127 31 skottet
252 1819 200 36 härigenom
476 1819 92 30 velat
592 1818 52 30 för
668 1817 182 36 riksdagen

549 1913 213 32 omförmäla.

147 2046 85 38 79:0)
264 2042 312 34 Lantbruksmöte.
624 2043 17 31 I
676 2043 153 36 enlighet
864 2042 76 31 med
976 2042 131 37 Kungl.
1144 2043 117 36 Maj:ts
1295 2043 108 31 under
1433 2044 111 35 punkt
1569 2043 40 31 78

104 2097 122 37 gjorda
249 2097 257 35 framställning
530 2095 199 32 hemställer
752 2095 173 35 utskottet,

546 2192 51 29 att
621 2190 183 37 riksdagen
827 2191 57 30 må
907 2191 124 30 liksom
1055 2191 54 31 för
1126 2191 233 31 innevarande
1375 2191 167 36 budgetår
1557 2191 53 31 för

504 2243 201 37 budgetåret
739 2243 216 31 1928—1929
991 2244 111 30 såsom
1137 2244 96 30 extra
1263 2244 347 36 reservationsanslag

506 2296 123 31 anvisa

547 2349 76 30 dels
646 2350 112 29 såsom
781 2348 123 36 bidrag
926 2348 56 31 till
1004 2348 219 32 bestridande
1246 2359 45 21 av
1311 2348 230 32 kostnaderna
1556 2349 55 30 för

502 2401 148 31 allmänt
672 2401 140 31 svenskt
834 2400 276 32 lantbruksmöte
1132 2401 96 36 7,500
1251 2401 136 36 kronor,

546 2453 75 31 dels
656 2453 66 31 ock
744 2453 56 31 till
832 2453 277 37 prisbelöningar
1143 2453 57 31 vid
1234 2453 121 32 sådant
1378 2455 89 30 möte
1491 2454 117 36 17,500

503 2506 126 30 kronor
651 2506 85 30 eller
758 2505 146 36 tillhopa
928 2505 118 36 25,000
1070 2506 136 31 kronor.

1643 283 187 30 Befrämjande

1644 326 29 15 av
1693 318 139 30 linodling.

1647 679 134 30 ILindring
1800 686 31 16 av

1653 714 178 28 fraktkostna-

1636 748 80 24 derna
1729 749 42 30 för
1782 747 61 24 kalk

1696 791 87 65 [75.1

1675 1181 128 31 Ogräsens

1647 1217 182 30 bekämpande.

1692 1251 82 39 [76.]

1670 1608 132 24 Berberis-

1653 1644 110 23 buskens
1780 1646 40 22 ut-

1680 1679 115 23 rotande.

1700 1716 74 42 [77.]

1651 2051 161 24 Lantbruks-

1697 2089 74 21 möte.

1695 2124 74 42 [78.]
