1874 2822
45 246 68 23 Fast
131 247 112 29 försöks-

33 281 70 30 gård
120 282 41 29 för
168 280 75 31 jord-

92 316 98 24 bruket.

111 350 59 39 [9.]

55 803 159 23 Internat:o-

55 838 70 23 nella
145 838 65 23 lant-

56 873 157 23 bruksinsti-

37 909 69 22 tutet
125 908 11 22 i
155 909 71 23 Rom.

94 942 81 39 [10.]

63 1499 138 25 Utskottet.

44 1951 162 24 Internatio-

48 1986 69 23 nella
137 1987 68 29 frys-

42 2021 138 24 institutet
198 2021 11 23 i

82 2056 89 24 Parrs.

88 2091 82 38 [11.]

307 162 19 30 6
635 165 393 35 Jordbruksutskottets
1057 167 186 31 utlåtande
1271 168 54 32 Nr
1352 168 28 31 1.

307 240 62 38 9:0)
394 239 86 32 Fast
502 238 234 42 försöksgård
758 239 59 33 för
834 240 229 42 jordbruket.
1108 243 119 32 Under
1248 245 113 36 punkt
1384 246 18 30 9
1427 246 64 31 har
1515 247 132 38 Kungl.
1671 248 100 37 Maj:t

262 291 176 37 föreslagit
473 292 183 37 riksdagen
690 294 60 35 att,
781 293 10 31 i
814 294 151 31 avbidan
1000 296 43 35 på
1077 295 64 32 den
1174 298 210 34 proposition
1408 298 11 31 i
1442 300 127 36 ämnet,
1605 310 73 21 som
1701 301 70 32 kan

261 344 108 31 varda
403 344 185 36 riksdagen
622 345 164 37 förelagd,
821 346 56 31 till
900 346 198 33 inrättande
1120 348 59 31 vid
1203 349 121 31 Lanna
1347 350 238 37 Borregården
1609 353 12 30 i
1640 348 130 47 Saleby

260 395 122 32 socken
415 406 45 21 av
495 396 212 37 Skaraborgs
743 398 57 30 län
834 409 46 20 av
913 408 42 21 en
980 399 68 31 fast
1071 400 219 37 försöksgård
1314 401 55 32 för
1392 402 204 37 jordbruket
1620 405 150 32 beräkna

260 446 54 32 för
336 447 201 37 budgetåret
561 449 215 31 1928—1929
800 451 48 30 ett
871 450 120 37 belopp
1015 462 45 20 av
1085 452 116 35 50,000
1224 453 137 31 kronor.

302 498 88 33 Över
424 500 114 31 denna
569 501 262 38 framställning
866 503 155 31 kommer
1054 504 165 32 utskottet
1253 506 51 31 att
1338 506 181 32 framdeles
1553 509 109 31 under
1685 509 84 32 riks-

258 551 110 37 dagen
390 553 131 35 avgiva
544 553 186 36 utlåtande,
756 554 109 31 vilket
886 555 167 32 utskottet
1076 555 202 38 härigenom
1302 558 93 31 velat
1418 559 54 31 för
1495 560 186 37 riksdagen

701 633 148 31 anmäla.

300 795 85 38 10:0)
420 794 301 33 Internationella
755 796 386 33 lantbruksinstitutet
1173 798 4 31 i
1200 797 100 33 Rom.
1346 800 117 32 Under
1497 802 113 35 punkt
1638 803 40 30 10
1701 803 65 31 har

256 846 132 37 Kungl.
424 847 101 37 Maj:t
559 848 177 36 föreslagit
771 849 182 36 riksdagen
987 851 52 29 att
1072 850 55 31 till
1162 850 217 33 bestridande
1413 863 45 21 av
1493 854 191 31 kostnaden
1711 855 55 31 för

255 898 160 37 Sveriges
449 899 203 37 deltagande
675 901 12 30 i
710 901 279 31 internationella
1024 902 356 33 lantbruksinstitutet
1411 906 4 30 i
1438 905 88 31 Rom
1561 907 123 31 anvisa
1711 907 54 32 för

254 950 201 37 budgetåret
479 952 215 31 1928—1929
718 954 48 29 ett
790 955 97 29 extra
911 955 351 37 reservationsanslag
1286 967 45 20 av
1355 957 116 35 11,000
1496 958 136 32 kronor.

298 1003 66 31 För
399 1004 216 31 bestridande
649 1015 45 20 av
728 1005 188 32 kostnaden
950 1006 51 30 för
1037 1006 159 37 Sveriges
1220 1007 203 38 deltagande
1447 1009 11 31 i
1482 1010 282 33 internationella

253 1055 358 32 lantbruksinstitutet
643 1057 3 30 i
669 1057 86 31 Rom
779 1058 90 30 hava
889 1068 44 20 av
950 1058 186 37 riksdagen
1152 1060 164 31 anvisade
1332 1061 108 31 medel
1457 1063 84 30 stått
1558 1062 55 31 till
1631 1063 131 37 Kungl.

252 1107 118 37 Maj:ts
404 1108 204 37 förfogande
642 1109 79 31 från
754 1110 61 30 och
849 1110 76 31 med
959 1112 39 29 år
1033 1112 94 30 1907.
1172 1112 409 38 Lantbruksakademien,
1615 1125 72 21 som
1710 1116 54 31 för

251 1159 161 37 Sveriges
434 1160 54 31 del
511 1161 159 31 handhar
693 1162 40 30 de
756 1162 133 31 direkta
912 1162 273 32 förbindelserna
1205 1165 77 30 med
1298 1165 181 37 institutet,
1497 1167 63 30 har
1576 1169 120 35 ansett,
1713 1169 50 31 att

251 1212 191 36 utgifterna
470 1212 54 31 för
554 1213 83 31 1929
661 1214 84 31 böra
768 1214 167 31 beräknas
959 1215 56 31 till
1041 1216 92 34 9,000
1158 1217 125 30 kronor
1306 1218 110 30 såsom
1439 1218 123 37 bidrag
1586 1220 57 30 till
1666 1220 97 31 insti-

251 1264 89 31 tutet
374 1266 91 29 samt
500 1266 96 35 2,000
631 1266 127 31 kronor
781 1267 52 30 för
857 1267 220 31 akademiens
1101 1268 190 32 kostnader.
1338 1270 51 30 Då
1412 1271 115 35 någon
1550 1272 210 32 reservation

250 1316 22 30 å
294 1316 155 37 anslaget
472 1317 64 31 den
561 1319 17 29 1
604 1318 67 36 juli
696 1319 83 30 1928
804 1319 74 31 icke
901 1320 93 31 torde
1019 1330 84 20 vara
1125 1322 53 29 att
1201 1321 173 37 förvänta,
1399 1323 63 30 har
1478 1323 149 37 tillhopa
1643 1325 117 36 11,000

250 1368 128 32 kronor
400 1371 127 30 ansetts
551 1370 83 31 böra
657 1372 52 30 stå
732 1372 56 30 till
813 1372 207 36 förfogande.

293 1491 319 37 Framställningen
636 1493 193 31 föranleder
852 1494 72 30 icke
947 1496 113 34 någon
1084 1495 181 31 utskottets
1281 1496 149 32 erinran.
1477 1496 176 33 Utskottet
1668 1498 92 31 hem-

250 1543 118 31 ställer
391 1544 129 37 därför,

693 1624 52 30 att
779 1624 182 36 riksdagen
996 1625 57 30 må
1087 1625 55 30 till
1177 1625 216 32 bestridande
1425 1637 43 20 av
1492 1628 189 31 kostnaden
1705 1616 53 44 för

651 1675 159 36 Sveriges
834 1676 204 36 deltagande
1061 1677 13 30 i
1097 1677 282 32 internationella
1401 1679 357 33 lantbruksinstitutet

649 1727 12 30 i
678 1727 88 31 Rom
782 1728 120 30 anvisa
919 1728 53 30 för
988 1729 201 36 budgetåret
1207 1730 214 31 1928—1929
1438 1733 47 29 ett
1498 1733 99 29 extra
1610 1742 148 22 reserva-

650 1779 211 37 tionsanslag
885 1791 44 20 av
953 1781 118 35 11,000
1095 1782 136 30 kronor.

293 1942 84 36 11:0)
402 1940 304 34 Internationella
729 1942 269 41 frysinstitutet
1022 1944 13 31 i
1059 1944 114 32 Paris.
1219 1946 122 37 Enligt
1363 1947 164 31 anmälan
1551 1948 12 30 i
1587 1948 112 36 punkt
1714 1949 40 31 11

248 1993 65 31 har
337 1995 41 35 på
401 1994 113 36 grund
538 2005 45 20 av
608 1995 200 37 behållning
832 1997 20 30 å
875 1997 147 36 tidigare
1043 1997 54 31 för
1113 1998 197 31 ändamålet
1325 2000 163 30 anvisade
1504 2000 122 37 anslag
1643 2002 112 35 någon

247 2046 330 37 anslagsanvisning
601 2047 54 31 för
679 2048 202 36 budgetåret
904 2050 215 30 1928—1929
1137 2050 56 30 till
1210 2050 280 32 internationella
1507 2052 248 36 frysinstitutet

247 2098 12 30 i
283 2098 100 31 Paris
417 2099 75 30 icke
526 2101 129 29 ansetts
689 2101 212 36 erforderlig,
931 2101 110 31 vilket
1064 2102 164 31 utskottet
1251 2103 200 36 härigenom
1476 2104 95 31 velat
1594 2105 53 30 för
1670 2105 85 34 riks-

247 2150 111 36 dagen

693 2231 213 31 omförmäla.
