1874 2822
45 244 159 30 Ersättning
214 243 44 24 till

58 279 191 29 domänfonden

58 314 41 29 för
117 314 94 29 tillsyn
229 314 16 22 å

87 348 135 24 enskildas

51 383 200 31 skyddsskogar.

98 418 77 39 [111

79 1864 135 24 Utskottet.

318 157 41 31 98
645 156 395 34 Jordbruksutskottets
1068 156 188 32 utlåtande
1284 156 53 32 Nr
1364 155 30 32 1.

320 234 107 38 113:o)
473 233 212 40 Ersättning
709 232 63 33 till
796 232 264 33 domänfonden
1081 232 59 33 för
1163 232 158 41 utgifter
1342 232 60 33 för
1417 233 128 42 tillsyn
1562 232 21 35 å
1599 234 187 36 enskildas

276 286 275 40 skyddsskogar.
595 285 118 32 Under
736 286 112 35 punkt
871 287 62 29 111
958 286 62 30 har
1043 285 133 36 Kungl.
1201 285 102 37 Maj:t
1326 286 178 36 föreslagit
1527 287 184 35 riksdagen
1734 290 51 31 att

277 340 55 31 till
366 339 192 36 ersättning
592 338 55 31 till
681 340 128 29 statens
842 338 180 31 domäners
1055 338 81 31 fond
1171 338 54 31 för
1248 347 122 28 genom
1393 339 261 37 dyrtidstillägg
1677 339 108 33 ökade

275 391 145 37 utgifter
453 391 55 31 för
542 391 122 36 tillsyn
692 391 20 31 å
735 390 173 31 enskildas
930 390 254 37 skyddsskogar
1206 391 123 31 anvisa
1352 391 55 31 för
1430 391 200 37 budgetåret
1654 392 131 31 1928—

275 444 84 31 1929
383 445 48 29 ett
453 445 97 30 extra
573 443 269 36 förslagsanslag
865 453 43 20 av
932 443 118 35 16,700
1072 443 137 31 kronor.

316 496 152 32 Jämlikt
491 496 19 31 1
533 496 19 38 $
574 495 12 31 i
611 496 101 35 lagen
734 494 176 37 angående
933 494 254 38 skyddsskogar
1210 495 66 31 den
1299 497 41 30 24
1364 496 67 36 juli
1448 496 84 32 1903
1549 498 55 36 (nr
1621 496 53 38 79)
1690 496 93 32 skall

272 548 177 37 utsyning,
484 558 73 21 som
590 547 63 31 där
686 547 230 36 omförmäles,
944 547 204 32 verkställas
1171 549 44 35 på
1239 549 128 30 statens
1391 548 186 32 bekostnad
1600 559 46 21 av
1669 548 115 38 skogs-

271 602 127 30 statens
420 600 221 37 tjänstemän.

314 653 67 31 För
414 654 52 30 att
500 653 122 31 bereda
657 652 252 31 domänfonden
941 652 193 37 ersättning
1167 653 53 31 för
1243 653 144 37 utgifter
1411 653 53 31 för
1486 654 297 36 skogsstatsperso-

270 706 121 30 nalens
421 704 268 37 ifrågavarande
716 704 141 31 arbeten
879 706 21 29 å
923 704 172 31 enskildas
1118 704 252 37 skyddsskogar
1393 705 90 31 hava
1506 706 141 36 jämlikt
1671 706 111 32 beslut

269 768 46 20 av
350 758 84 30 1923
468 759 57 29 års
558 757 138 36 riksdag
731 758 47 36 (se
800 756 55 31 IX
879 757 44 31 H.
947 757 38 31 T.
1009 757 84 31 1923
1117 766 31 27 p.
1173 758 77 36 140)
1274 757 12 30 i
1309 758 184 31 riksstaten
1516 758 78 31 från
1616 758 64 31 och
1702 758 79 32 med

269 809 202 36 budgetåret
506 809 214 31 1923—1924
755 810 155 35 uppförts
943 810 61 30 två
1038 809 169 31 särskilda
1231 810 279 37 förslagsanslag,
1534 812 48 30 ett
1604 810 177 33 ordinarie

269 862 53 32 för
353 862 207 36 avlöningar
584 862 62 31 och
669 863 49 29 ett
741 863 99 29 extra
863 861 55 31 för
939 861 271 37 dyrtidstillägg,
1234 862 167 31 avseende
1423 863 143 36 utgifter
1589 862 110 32 under
1722 863 59 31 det

270 914 210 36 kalenderår,
504 923 79 22 vars
610 923 117 22 senare
751 914 91 31 hälft
864 914 101 36 ingår
987 914 13 30 i
1024 913 56 31 det
1102 913 178 37 budgetår,
1304 914 118 31 varför
1444 915 155 36 anslaget
1621 915 160 36 uppförts

266 967 13 30 i
307 967 179 36 budgeten.
526 966 52 31 Då
601 976 43 21 av
664 966 212 37 avlöningen
892 966 56 31 till
963 966 389 37 skogsstatspersonalen
1375 967 12 30 i
1403 966 40 32 de
1460 967 103 36 revir,
1579 977 120 21 varom
1715 968 65 31 här

268 1021 39 29 är
341 1019 111 36 fråga,
487 1019 109 36 enligt
618 1029 45 21 av
686 1018 294 37 domänstyrelsen
1004 1018 187 31 verkställd
1216 1019 190 37 beräkning
1430 1019 41 31 35
1495 1021 139 34 procent
1657 1020 122 36 belöpa

267 1072 21 30 å
311 1071 114 31 arbete
447 1071 79 31 med
549 1071 307 37 skyddsskogarna,
880 1071 64 30 har
967 1070 293 37 domänstyrelsen
1283 1073 60 34 ägt
1365 1073 52 30 att
1440 1072 79 31 från
1535 1072 54 31 det
1604 1072 176 31 ordinarie

267 1124 152 36 anslaget
452 1123 227 37 tillgodogöra
711 1124 53 35 sig
796 1123 65 31 vad
884 1132 73 22 som
980 1124 100 35 åtgår
1103 1123 70 31 dels
1196 1123 57 31 till
1276 1124 150 31 arvoden
1448 1125 37 30 åt
1507 1124 170 32 särskilda
1699 1125 78 31 med

267 1176 216 31 uteslutande
518 1176 220 31 verksamhet
760 1177 21 30 å
804 1175 297 37 skyddsskogarna
1135 1176 192 36 sysselsatta
1361 1177 197 31 assistenter
1589 1177 62 31 och
1675 1177 102 36 övrig

266 1230 97 30 extra
377 1229 167 36 personal,
561 1228 70 32 dels
646 1229 62 30 ock
727 1228 55 31 till
799 1228 165 31 täckande
979 1239 45 20 av
1041 1228 40 31 35
1098 1230 138 34 procent
1251 1239 45 20 av
1309 1229 309 37 domänstyrelsens
1632 1230 146 36 utgifter

266 1281 55 30 för
355 1281 166 36 avlöning
544 1291 45 21 av
613 1281 385 36 skogsstatspersonalen
1022 1281 12 30 i
1057 1281 232 36 Frostvikens,
1313 1279 80 38 Åre,
1417 1282 156 35 Hallens,
1597 1281 94 32 Hede
1714 1282 62 31 och

266 1333 130 31 Rätans
430 1334 93 30 revir
556 1343 43 21 av
627 1333 200 32 Jämtlands
850 1333 58 30 län
932 1334 87 29 samt
1043 1333 286 31 Västerdalarnas
1353 1334 91 30 revir
1467 1344 43 20 av
1534 1334 245 36 Kopparbergs

266 1385 69 32 län.
382 1386 92 30 Från
509 1385 56 32 det
591 1387 98 29 extra
711 1385 156 36 anslaget
890 1385 64 31 har
975 1385 294 36 domänstyrelsen
1292 1387 58 35 ägt
1373 1387 119 35 uttaga
1516 1386 71 31 dels
1609 1386 68 31 vad
1701 1396 75 21 som

266 1438 163 31 utbetalts
453 1438 12 30 i
489 1438 257 36 dyrtidstillägg
770 1438 55 30 till
848 1437 474 37 skyddsskogsassistenterna
1345 1438 62 31 och
1423 1438 151 32 nämnda
1590 1440 98 29 extra
1704 1449 71 26 per-

266 1491 97 30 sonal
397 1490 71 31 dels
502 1491 62 30 ock
599 1490 40 31 35
673 1491 141 35 procent
846 1500 45 20 av
926 1489 268 37 dyrtidstillägg,
1219 1500 72 21 som
1315 1490 162 31 utbetalts
1500 1491 54 30 till
1577 1490 199 37 skogsstats-

265 1543 201 36 personalen
489 1543 13 30 i
525 1543 225 31 förenämnda
778 1543 101 30 revir.
924 1542 187 36 Anslagen,
1136 1542 98 31 vilka
1258 1543 53 31 för
1334 1543 200 36 budgetåret
1557 1543 217 31 1923—1924

266 1595 182 36 uppfördes
482 1595 87 36 med,
593 1595 172 31 ordinarie
788 1594 304 37 förslagsanslaget
1116 1595 118 35 112,00
1259 1595 124 31 kronor
1407 1596 61 30 och
1493 1597 97 30 extra
1613 1596 162 36 förslags-

265 1647 156 36 anslaget
453 1647 117 36 26,000
595 1648 132 34 kronor,
750 1649 60 29 äro
833 1648 13 29 i
869 1647 184 30 riksstaten
1077 1647 54 30 för
1153 1647 233 32 innevarande
1409 1648 166 36 budgetår
1598 1650 174 35 upptagna

266 1699 55 31 till
345 1700 191 35 respektive
560 1700 138 36 152,700
723 1700 127 30 kronor
872 1699 62 30 och
959 1699 118 36 20,000
1101 1699 135 31 kronor.

311 1752 389 37 (Statsrådsprotokollet
723 1752 64 31 sid.
812 1752 195 37 257—258).

312 1856 117 32 Under
452 1856 212 36 hänvisning
687 1857 56 30 till
767 1856 67 31 vad
858 1856 162 31 utskottet
1044 1856 106 31 under
1173 1857 112 35 punkt
1308 1857 61 31 107
1394 1857 116 31 anfört
1526 1857 54 31 får
1595 1858 177 36 utskottet,

267 1918 72 21 som
362 1909 74 30 icke
458 1908 65 31 har
546 1910 104 35 något
672 1910 52 29 att
746 1909 115 30 erinra
884 1909 70 30 mot
975 1908 131 37 Kungl.
1124 1908 118 37 Maj:ts
1258 1909 224 31 förevarande
1499 1910 272 37 framställning,

266 1961 192 35 hemställa,

708 2023 52 30 att
787 2022 180 36 riksdagen
990 2023 57 29 må
1070 2022 55 30 till
1148 2023 191 36 ersättning
1362 2023 56 30 till
1441 2024 126 30 statens
1590 2023 181 31 domäners

664 2074 82 31 fond
771 2074 54 31 för
848 2083 121 27 genom
993 2074 258 37 dyrtidstillägg
1274 2075 105 31 ökade
1402 2076 144 35 utgifter
1569 2075 53 31 för
1646 2075 123 37 tillsyn

664 2128 21 29 å
718 2126 172 31 enskildas
923 2126 252 36 skyddsskogar
1197 2127 122 30 anvisa
1343 2128 51 30 för
1417 2127 199 36 budgetåret
1640 2128 128 31 1928—

665 2180 84 30 1929
773 2180 48 30 ett
844 2180 97 30 extra
965 2179 265 37 förslagsanslag
1254 2190 43 20 av
1321 2180 116 35 16,700
1461 2180 136 31 kronor.
