2211 2670
430 186 20 28 4
882 183 267 33 Statsutskoltets
1179 183 176 34 Utlåtande
1378 185 61 32 N:o
1462 187 48 30 92.

387 271 129 50 Något
544 276 122 32 större
694 271 139 49 bidrag
860 270 57 37 till
945 272 190 37 täckande
1164 272 42 37 af
1230 272 211 50 utgifterna
1462 273 58 37 för
1539 273 260 50 kongressens
1820 274 179 38 hållande

386 322 57 38 lär
470 322 84 37 icke
582 322 121 38 heller
732 323 42 37 af
800 322 399 51 medlemsafgifterna
1226 324 130 37 kunna
1376 325 207 46 beräknas;
1605 325 116 38 dessa
1738 325 135 51 inflyta
1891 331 107 33 näm-

386 373 118 51 ligen,
546 373 122 51 enligt
707 374 103 38 hvad
837 375 60 37 för
923 374 81 51 mig
1032 375 229 50 uppgifvits,
1289 375 58 37 till
1376 376 73 37 den
1474 376 194 39 allmänna
1696 377 303 50 organisations-

386 424 229 39 kommittén
655 426 71 37 och
762 426 130 38 kunna
921 426 83 38 icke
1034 427 87 36 med
1149 427 181 38 säkerhet
1359 428 190 37 beräknas
1579 433 54 32 att
1660 429 154 37 komma
1842 430 74 37 den
1944 430 54 37 1o-

387 476 88 38 kala
502 477 213 48 kommitté,
745 491 82 24 som
853 478 192 37 anordnar
1072 478 298 50 ifrågavarande
1398 480 204 49 kongress,
1629 480 59 37 till
1706 480 114 50 godo.
1859 481 138 37 Därtill

388 529 172 36 kommer
600 528 127 47 äfven,
770 534 55 32 att
865 529 114 37 dessa
1020 529 212 38 inkomster
1270 530 84 38 icke
1382 531 142 48 kunna,
1554 536 69 33 när
1651 532 112 49 fråga
1792 538 40 32 är
1860 546 59 23 om
1950 546 46 24 en

387 579 287 39 internationell
707 580 191 50 kongress
926 580 11 37 i
966 594 45 24 en
1042 581 86 37 stad
1150 582 90 43 med
1269 581 245 39 Stockholms
1540 583 165 38 afskilda
1733 583 101 50 läge,
1864 584 135 37 beräk-

387 645 68 23 nas
483 635 131 46 uppgå
642 632 58 36 till
728 635 118 47 något
874 632 242 49 betydligare
1146 632 151 50 belopp.
1341 634 16 36 I
1382 634 133 48 hvarje
1539 634 67 37 fall
1631 635 195 38 erfordras
1847 636 151 37 således

388 683 113 36 äfven
542 683 88 36 med
664 683 288 37 inberäknande
981 683 42 37 af
1044 683 65 37 det
1137 683 173 50 begärda
1339 685 278 49 statsanslaget
1644 691 55 31 ett
1725 686 85 37 icke
1839 687 160 49 obetyd-

386 732 72 50 ligt
485 732 166 38 tillskott
680 733 84 37 från
793 733 168 37 enskildt
989 733 89 38 håll.

520 785 74 36 Det
634 784 87 47 mål,
762 785 241 49 kongressen
1036 785 84 53 har
1140 791 76 31 satt
1244 785 61 50 sig
1333 786 92 47 före,
1455 791 41 32 är
1523 792 93 32 utan
1643 787 136 37 tvifvel
1807 788 113 37 värdt
1948 788 50 37 all

386 841 263 44 uppmuntran
673 836 85 36 från
786 842 148 31 statens
963 836 92 37 sida.
1098 837 127 36 Afven
1255 851 60 23 om
1344 837 83 37 icke
1452 838 65 36 det
1536 838 143 47 arbete,
1699 838 298 49 ifrågavarande

386 887 234 49 kongresser
647 887 133 46 utfört,
809 887 107 37 alltid
941 892 161 33 omsatts
1126 887 11 36 i
1162 888 200 49 praktiska
1385 889 172 46 resultat,
1583 889 59 37 får
1665 889 98 37 dock
1786 890 212 49 ingalunda

385 938 273 38 underkännas
696 938 74 37 den
799 944 104 31 stora
931 939 212 49 betydelse,
1172 953 82 23 som
1282 939 127 50 ligger
1436 939 12 36 i
1477 940 241 37 sträfvandet
1746 946 56 32 att
1830 944 42 34 så
1900 945 97 34 små-

386 990 158 49 ningom
573 989 115 38 vinna
717 990 74 36 den
820 990 192 37 allmänna
1041 990 206 49 meningen
1276 991 59 36 för
1364 990 122 37 freds-
1514 992 71 36 och
1606 991 389 49 skiljedomstankens

385 1041 327 50 förverkligande,
753 1041 11 35 i
797 1041 73 37 den
900 1044 86 34 mån
1015 1041 105 37 detta
1148 1041 95 38 låter
1272 1042 60 49 sig
1359 1047 106 44 göra.
1521 1043 17 36 I
1567 1043 74 36 den
1670 1044 218 49 framgång,
1913 1057 83 24 som

385 1091 183 38 särskildt
597 1092 348 47 skiljedomssaken
969 1092 122 37 under
1115 1106 137 24 senare
1276 1093 55 37 tid
1356 1093 136 37 vunnit
1515 1094 71 37 och
1611 1094 250 50 hvarigenom
1882 1095 115 37 äfven

386 1143 210 49 anledning
623 1143 59 37 till
710 1143 258 49 krigsutbrott
996 1143 73 37 kan
1101 1148 115 44 sägas
1245 1144 115 37 hafva
1389 1144 201 48 minskats,
1618 1145 109 37 torde
1753 1146 113 37 äfven
1890 1146 107 50 ligga

386 1198 53 32 ett
468 1194 105 36 bevis
602 1197 49 46 på
679 1198 56 32 att
759 1194 64 37 det
851 1193 194 49 nedlagda
1070 1194 149 37 arbetet
1247 1195 83 37 icke
1357 1195 99 36 varit
1484 1196 235 48 förgäfves.»

518 1279 133 36 Ehuru
693 1279 188 37 utskottet
921 1279 84 36 icke
1041 1279 148 37 kunnat
1215 1279 57 37 till
1301 1280 74 37 alla
1403 1280 108 37 delar
1538 1280 204 38 instämma
1770 1282 12 36 i
1809 1282 102 36 hvad
1940 1282 57 37 till

385 1329 86 37 stöd
513 1330 59 36 för
611 1329 297 49 ifrågavarande
950 1330 288 48 framställning
1267 1332 159 46 anförts,
1456 1332 68 36 har
1552 1332 188 37 utskottet
1767 1332 117 38 likväl
1912 1333 84 37 icke

387 1380 103 37 velat
523 1385 184 33 motsätta
748 1381 60 49 sig
847 1380 238 50 beviljandet
1127 1382 41 36 af
1205 1381 65 37 det
1310 1382 173 49 begärda
1524 1382 200 50 beloppet;
1758 1383 71 38 och
1853 1384 58 37 får
1937 1390 59 31 ut-

384 1432 144 36 skottet
557 1432 112 37 alltså
696 1432 216 47 hemställa,

839 1505 55 31 att
934 1499 225 50 Riksdagen
1197 1504 60 33 må
1285 1504 20 33 å
1335 1507 108 31 extra
1471 1506 77 32 stat
1575 1503 60 36 för
1659 1505 40 34 år
1730 1504 95 36 1909
1855 1503 142 49 bevilja

787 1556 54 31 ett
882 1550 139 49 anslag
1064 1552 42 35 af
1146 1553 134 44 10,000
1324 1552 141 37 kronor
1504 1552 58 37 till
1587 1553 74 36 den
1685 1554 311 36 internationella

786 1601 314 50 fredskongress,
1142 1616 83 23 som
1267 1602 173 38 kommer
1481 1608 56 32 att
1575 1617 146 24 samma
1763 1608 40 33 år
1830 1604 162 38 hållas
1970 1597 24 60 i

787 1652 234 38 Stockholm.

518 1719 220 38 Stockholm
769 1720 73 36 den
873 1722 17 34 1
922 1720 76 49 maj
1029 1722 105 35 1908.

896 1788 53 37 På
979 1788 310 37 statsutskottets
1317 1793 165 43 vägnar:

1026 1856 40 36 P.
1098 1855 249 38 PEHRSON.

1016 1989 357 33 Reservation:

516 2050 41 36 af
582 2050 88 37 herr
705 2053 36 34 J.
780 2053 37 34 T.
848 2052 160 35 Larsson
1036 2056 80 31 mot
1143 2051 207 37 utskottets
1379 2051 242 50 motivering.

514 2152 99 36 Herr
641 2154 41 35 P.
708 2154 162 43 Paulson,
912 2154 48 35 D.
992 2154 149 36 Persson
1186 2153 71 37 och
1285 2155 41 35 A.
1363 2155 168 37 Wiklund
1561 2154 116 37 hafva
1705 2154 135 50 begärt
1863 2155 38 37 få
1929 2169 66 23 an-

380 2202 195 48 tecknadt,
618 2208 55 32 att
702 2203 47 36 de
777 2203 85 37 icke
903 2202 165 50 deltagit
1100 2203 11 36 i
1150 2204 244 38 förestående
1433 2205 163 37 ärendes
1626 2205 237 50 behandling
1890 2206 103 37 inom

379 2253 200 37 utskottet.

782 2322 185 35 Stockholm,
992 2322 35 29 K.
1051 2322 31 29 B.
1106 2322 152 30 Boströms
1274 2323 200 38 Boktryckeri,
1494 2325 90 28 1908.
