1840 2780
221 138 44 29 24
633 139 109 28 Andra
764 140 217 35 lagutskottets
1005 142 162 28 utlåtande
1188 151 40 18 nr
1250 143 47 27 35.

220 216 80 29 dem
325 225 74 21 som
422 217 57 30 vid
503 218 283 39 yrkesskadorna
811 221 88 29 skall
922 222 91 39 gälla
1036 223 111 29 under
1172 224 344 39 samordningstiden
1539 226 133 30 införes
1695 227 13 29 i

219 269 612 43 militärersättningsförordningen.
863 274 13 29 I
897 274 93 30 detta
1011 276 168 30 avseende
1200 276 149 30 föreslår
1368 278 58 39 jag
1446 279 113 34 alltså,
1580 281 51 28 att
1651 280 55 30 för

218 322 330 32 militärskadornas
572 326 54 29 del
650 326 115 29 såsom
788 326 124 31 hittills
935 328 175 40 enhetliga
1131 329 263 31 bestämmelser
1417 331 89 30 skall
1530 333 91 39 gälla
1643 342 64 21 un-

218 375 62 30 der
305 376 78 30 hela
408 378 319 39 ersättningstiden.

275 429 52 29 Då
353 430 40 29 de
420 430 155 30 aktuella
602 432 238 40 ändringarna
866 433 12 29 i
904 434 659 41 militärersättningsbestämmelserna
1590 439 76 31 icke
1692 440 14 28 i

218 483 196 30 nämnvärd
439 484 85 39 grad
548 485 98 29 torde
670 485 153 40 påverka
849 488 277 30 medelsbehovet
1151 489 54 30 för
1229 490 206 39 budgetåret
1462 492 153 35 1954/55,
1640 494 64 29 har

216 535 61 40 jag
301 536 116 29 såsom
438 537 157 40 framgår
617 547 42 20 av
681 538 92 31 årets
798 541 409 40 statsverksproposition
1237 543 75 34 (bil.
1338 544 28 34 6,
1391 544 62 30 sid.
1479 545 81 35 209)
1589 549 117 28 ansett

216 588 141 40 hänsyn
384 590 52 29 till
465 591 237 40 ändringarna
730 592 76 31 icke
835 594 132 30 behöva
995 597 99 37 tagas
1122 596 57 29 vid
1207 596 240 41 beräkningen
1476 608 42 20 av
1546 600 159 40 anslaget

220 642 56 30 för
300 643 268 40 ifrågavarande
593 646 194 30 ändamål.»

275 749 227 31 Beträffande
537 751 68 30 den
628 752 10 29 i
662 753 264 39 propositionen
958 754 145 41 intagna
1138 757 383 41 specialmotiveringen
1558 760 58 29 må
1640 761 67 29 här

218 801 174 40 återgivas
416 803 169 41 följande.

920 915 72 39 28.

272 979 14 29 I
307 980 115 30 denna
440 982 167 39 paragraf
627 983 115 30 finnes
765 993 47 20 nu
834 994 44 20 en
897 985 254 37 bestämmelse,
1173 987 108 41 enligt
1302 988 117 31 vilken
1441 985 263 49 militärtjänst-

218 1033 124 40 göring
370 1034 88 29 skall
486 1044 103 21 anses
618 1036 45 29 ha
689 1037 91 30 varit
809 1038 56 30 för
891 1038 139 31 handen
1060 1041 86 29 även
1175 1041 113 30 under
1317 1042 78 30 färd
1424 1042 54 30 till
1506 1043 85 30 eller
1620 1044 82 30 från

214 1086 291 41 tjänstgöringen,
528 1097 58 21 om
607 1089 123 31 färden
753 1090 184 32 föranletts
959 1101 42 21 av
1022 1093 66 30 och
1109 1093 83 31 stått
1219 1094 6 29 i
1249 1096 235 30 >»omedelbart
1507 1097 191 31 samband>

214 1139 169 40 antingen
410 1142 77 29 med
516 1142 281 41 tjänstgöringen
825 1145 82 30 eller
934 1146 79 30 med
1041 1147 210 39 permission
1280 1149 83 30 eller
1391 1158 118 21 annan
1538 1147 164 48 ledighet.

268 1193 55 29 En
358 1195 250 40 motsvarighet
642 1196 52 30 till
729 1197 117 31 denna
879 1198 244 32 bestämmelse
1158 1201 116 31 finnes
1310 1202 12 29 i
1358 1203 345 39 olycksfallsförsäk-

216 1246 200 41 ringslagen
448 1248 33 34 (1
514 1249 49 40 8),
592 1250 63 30 där
682 1250 58 30 det
769 1252 140 39 stadgas
937 1255 51 27 att
1016 1254 185 39 olycksfall
1228 1255 59 30 vid
1316 1256 79 30 färd
1423 1257 53 29 till
1505 1258 85 30 eller
1618 1258 80 30 från

213 1300 234 31 arbetsstället
471 1302 91 30 skall
586 1312 100 21 anses
710 1304 119 30 såsom
852 1306 184 39 olycksfall
1060 1307 12 29 i
1096 1308 142 35 arbetet,
1263 1309 65 30 där
1352 1310 123 30 färden
1500 1311 200 31 föranledes

215 1362 43 21 av
283 1354 67 30 och
376 1355 71 29 står
472 1355 11 30 i
511 1357 214 30 omedelbart
752 1359 170 30 samband
949 1361 80 29 med
1057 1361 387 42 arbetsanställningen.
1484 1364 119 41 Enligt
1631 1366 71 30 för-

214 1406 111 40 slaget
346 1408 52 29 till
418 1408 55 40 lag
494 1418 58 20 om
573 1410 429 43 yrkesskadeförsäkring!
1027 1414 89 30 skall
1138 1415 122 30 kravet
1283 1416 45 40 på
1351 1418 235 30 >omedelbart
1610 1428 93 21 sam-

212 1459 116 31 band>
354 1461 139 40 utbytas
516 1464 75 28 mot
614 1465 49 28 ett
685 1464 88 30 krav
795 1465 46 40 på
866 1467 106 29 >nära
995 1467 202 31 samband>.
1233 1468 202 41 Ändringen
1459 1480 101 21 avser
1585 1473 51 29 att
1659 1481 42 31 ge

209 1513 42 30 de
282 1514 228 40 tillämpande
542 1517 291 39 myndigheterna
863 1527 44 21 en
935 1519 106 40 något
1072 1521 109 30 större
1213 1521 108 31 frihet
1351 1523 57 30 vid
1439 1520 257 49 bedömningen

218 1566 117 41 (prop.
368 1567 156 31 1954:60
556 1578 26 21 s.
615 1569 93 35 112).
750 1570 53 31 Då
834 1572 57 29 det
919 1572 77 30 icke
1028 1582 103 31 synes
1161 1575 186 31 motiverat
1377 1578 50 28 att
1457 1578 243 40 upprätthålla

213 1620 183 39 strängare
432 1621 87 31 krav
544 1622 12 30 i
583 1622 98 40 fråga
718 1632 58 22 om
814 1624 117 31 färder
958 1626 52 30 till
1038 1627 82 30 eller
1147 1628 80 30 från
1255 1629 370 43 militärtjänstgöring
1652 1633 46 29 än

211 1672 54 30 till
285 1673 84 30 eller
388 1674 80 30 från
488 1675 218 31 arbetsställe
726 1677 12 29 i
758 1677 242 42 lagförslagets
1021 1681 152 40 mening,
1194 1682 65 30 har
1281 1692 44 20 en
1346 1685 246 30 motsvarande
1614 1686 87 30 änd-

210 1726 80 39 ring
312 1727 110 39 gjorts
443 1728 12 29 i
478 1729 612 44 militärersättningsförordningen.
1125 1735 13 29 I
1161 1735 268 40 ifrågavarande
1453 1737 247 42 författnings-

209 1787 82 22 rum
312 1780 236 31 förekommer
569 1791 47 21 nu
637 1784 178 39 uttrycket
837 1786 234 30 >omedelbart
1092 1788 190 31 samband»
1307 1791 87 29 även
1414 1790 45 40 på
1479 1793 50 28 ett
1550 1792 149 40 tidigare

211 1832 112 35 ställe,
351 1834 176 40 nämligen
554 1835 11 30 i
593 1835 99 40 fråga
718 1846 59 21 om
804 1839 164 39 uppehåll
995 1840 98 30 inom
1122 1841 355 42 tjänstgöringsorten
1505 1845 84 30 eller
1617 1846 81 30 dess

210 1885 212 41 omgivning.
459 1887 52 30 Då
548 1888 199 32 skillnaden
770 1890 11 30 i
806 1891 175 40 betydelse
1017 1894 131 30 mellan
1184 1895 41 30 de
1262 1895 91 31 båda
1379 1898 187 39 uttrycken
1593 1908 104 30 synes

208 1938 103 40 ringa
331 1939 65 30 och
416 1940 41 30 de
477 1941 123 30 därför
620 1942 31 40 ej
674 1943 63 30 bör
757 1943 220 33 förekomma
997 1946 170 40 jämsides
1188 1948 65 30 har
1276 1950 176 39 uttrycket
1476 1952 108 30 »nära
1605 1961 92 21 sam-

207 1991 116 31 band>
360 1995 132 29 ansetts
527 1994 85 31 böra
647 1996 135 31 införas
818 1998 88 29 även
939 1999 45 40 på
1019 2000 59 30 det
1102 2000 146 41 tidigare
1274 2003 116 30 stället
1413 2004 11 29 i
1450 2004 247 41 författnings-

206 2047 166 29 rummet.

911 2167 19 30 3
956 2172 27 36 8.

260 2221 14 30 I
300 2222 17 29 7
342 2227 16 35 &
381 2224 224 40 lagförslaget
628 2226 63 29 har
714 2227 129 31 införts
868 2238 42 21 en
933 2229 244 33 bestämmelse
1201 2233 109 40 enligt
1333 2234 117 30 vilken
1474 2236 218 30 orsakssam-

205 2274 94 31 band
329 2277 127 29 mellan
484 2278 20 30 å
532 2288 66 20 ena
626 2279 100 30 sidan
753 2282 185 38 olycksfall
966 2301 44 4 —
1037 2285 84 29 eller
1149 2285 110 30 sådan
1287 2287 170 30 inverkan
1486 2298 76 21 som
1591 2299 100 21 avses

203 2328 12 29 i
240 2328 19 30 6
285 2333 16 35 &
327 2330 111 30 första
463 2332 136 38 stycket
623 2333 37 33 b)
690 2334 84 30 eller
798 2335 36 33 c)
865 2336 223 41 lagförslaget
1113 2356 43 4 —
1180 2340 66 29 och
1271 2340 21 30 å
1318 2341 109 29 andra
1453 2341 101 31 sidan
1581 2344 110 29 skada

202 2382 92 29 skall
317 2392 101 21 anses
440 2384 169 41 föreligga
630 2386 119 31 såvida
770 2388 77 30 icke
869 2390 239 40 övervägande
1131 2392 75 30 skäl
1229 2394 72 29 tala
1323 2394 167 31 däremot.

253 2471 11 15 1
285 2471 12 24 I
317 2472 49 24 det
385 2473 133 31 följande
537 2475 140 24 benämnt
697 2476 199 31 lagförslaget.
