1866 2778
247 166 21 31 6
613 165 410 40 Bevillningsutskottets
1050 165 221 30 betänkande
1296 174 44 20 nr
1362 163 50 33 44,

252 249 111 40 avgift
382 250 124 29 alstrat
527 259 43 20 en
589 249 254 39 lättförklarlig
862 249 188 30 irritation.
1070 249 94 30 Från
1187 248 154 31 Schweiz
1360 249 66 29 och
1445 248 153 30 Holland
1617 248 154 39 förelåge

253 300 316 39 framställningar,
598 301 50 29 att
675 299 300 31 handelsresande
1002 299 82 30 från
1111 299 103 30 dessa
1240 299 124 30 länder
1393 298 110 30 måtte
1530 298 132 30 befrias
1690 299 81 30 från

252 350 246 39 skyldigheten
519 351 51 29 att
591 350 139 39 erlägga
749 349 363 40 bevillningsavgifter
1134 349 11 29 i
1168 349 148 39 Sverige.

301 401 176 31 Utskottet
497 401 97 30 delar
614 401 68 29 den
703 410 42 21 av
765 400 390 40 departementschefen
1176 400 156 30 uttalade
1353 399 199 40 meningen,
1575 401 50 28 att
1646 401 49 28 ett
1716 409 57 20 av-

252 450 191 30 skaffande
463 460 42 20 av
524 450 371 40 bevillningsavgiften
913 450 11 29 i
944 459 48 21 nu
1011 449 149 31 berörda
1178 450 202 29 hänseende
1399 458 82 22 vore
1501 451 52 28 att
1572 449 100 30 hälsa
1692 449 80 30 med

252 500 309 30 tillfredsställelse
579 509 42 21 ur
639 501 229 39 synpunkten
886 510 42 20 av
946 501 49 29 ett
1011 499 202 40 främjande
1231 510 43 20 av
1291 500 58 31 det
1366 499 287 31 internationella
1669 508 103 22 varu-

252 550 138 39 utbytet
414 551 65 30 och
500 553 49 27 ett
572 550 232 40 borttagande
827 560 42 21 av
895 550 150 39 onödiga
1067 550 126 30 hinder
1214 550 56 30 för
1292 550 69 30 den
1383 549 281 40 mellanfolkliga
1685 550 87 30 han-

255 602 93 29 deln.
386 601 219 30 Motionären
632 602 64 29 har
724 601 175 30 förklarat
926 601 51 40 sig
1003 610 84 21 vara
1114 611 42 20 av
1183 610 135 21 samma
1347 601 230 39 uppfattning
1604 610 81 20 men
1713 609 60 21 an-

254 653 78 32 sett,
359 653 52 28 att
436 653 49 28 ett
511 651 236 40 upphävande
774 660 43 21 av
844 650 377 40 avgiftsskyldigheten
1249 651 108 29 borde
1384 651 62 31 ske
1472 650 160 40 etappvis
1659 651 113 29 under

254 701 257 40 förutsättning
536 702 46 30 bl.
611 711 30 20 a.
673 703 51 28 att
752 701 152 30 svenska
932 701 298 30 handelsresande
1258 701 12 29 i
1299 701 161 29 utlandet
1488 701 283 29 tillförsäkrades

253 751 249 30 motsvarande
521 751 118 30 frihet.
660 751 180 30 Utskottet
861 751 117 30 finner
999 751 56 30 för
1076 751 54 30 sin
1151 751 65 36 del,
1237 752 52 29 att
1309 751 59 31 det
1395 751 4 29 i
1419 751 181 29 motionen
1621 751 152 39 angivna

253 801 240 31 förhållandet
521 804 51 27 att
600 803 73 28 mot
701 801 363 40 bevillningsavgifter
1093 801 171 31 svarande
1293 801 150 39 avgifter
1471 803 140 37 uttagas
1639 801 12 29 i
1678 801 95 30 vissa

252 852 225 29 främmande
501 852 122 30 länder
644 852 77 30 icke
743 852 64 30 bör
828 852 128 29 hindra
981 853 51 28 att
1054 861 84 20 man
1159 851 80 30 från
1261 851 129 30 svensk
1412 851 77 30 sida
1510 851 185 30 avskaffar
1716 851 57 29 be-

253 901 376 40 villningsavgifterna.
654 902 180 30 Utskottet
858 902 195 39 tillstyrker
1078 902 222 30 fördenskull
1326 901 411 40 propositionsförslaget
1762 901 11 29 i

252 952 118 30 denna
388 952 55 30 del
461 954 92 28 samt
571 952 183 39 avstyrker
772 952 102 30 bifall
891 952 53 30 till
963 952 68 30 den
1051 951 230 31 förevarande
1300 952 192 30 motionen.

298 1001 128 40 Övriga
447 1002 12 30 i
480 1002 266 40 propositionen
767 1002 221 30 behandlade
1010 1002 119 39 frågor
1151 1002 45 30 ha
1219 1002 77 30 icke
1323 1002 84 39 givit
1430 1002 193 39 anledning
1645 1002 55 30 till
1722 1011 52 21 er-

253 1052 106 30 inran
383 1053 83 29 eller
488 1052 53 30 till
566 1053 145 30 särskilt
733 1053 165 38 yttrande
921 1053 81 29 från
1025 1053 190 29 utskottets
1240 1052 87 30 sida.

299 1152 119 30 Under
437 1152 221 40 åberopande
677 1162 43 21 av
739 1153 67 30 vad
826 1153 150 30 sålunda
996 1152 137 31 anförts
1153 1153 56 31 får
1230 1152 174 30 utskottet
1423 1153 198 33 hemställa,

612 1204 51 28 att
686 1203 191 39 riksdagen
899 1203 109 30 måtte
1032 1203 80 29 med
1134 1203 101 29 bifall
1258 1203 54 29 till
1336 1203 127 39 Kungl.
1488 1202 126 40 Maj:ts
1639 1203 136 29 föreva-

567 1252 110 30 rande
702 1253 221 39 proposition
948 1262 42 20 nr
1016 1252 64 30 214
1104 1255 91 28 samt
1220 1253 81 30 med
1326 1253 121 39 avslag
1472 1254 20 30 å
1517 1252 181 30 motionen
1725 1253 47 29 II:

568 1303 64 30 650
657 1312 42 21 av
719 1303 83 29 herr
825 1302 228 30 Christenson
1074 1303 11 29 i
1107 1303 129 30 Malmö
1257 1305 130 37 antaga
1407 1303 58 30 det
1486 1303 59 30 vid
1565 1303 210 40 propositio-

568 1362 69 21 nen
654 1353 127 39 fogade
798 1353 169 39 förslaget
983 1353 55 29 till
1055 1352 208 40 förordning
1279 1362 58 21 om
1355 1353 151 39 ändring
1522 1354 11 29 i
1551 1353 224 39 förordning-

568 1412 43 20 en
631 1403 68 29 den
716 1402 40 30 23
776 1403 146 29 oktober
942 1402 79 30 1908
1043 1402 58 34 (nr
1121 1402 74 35 128)
1218 1403 177 37 angående
1414 1403 361 38 bevillningsavgifter

568 1453 56 30 för
642 1452 174 31 särskilda
833 1452 177 30 förmåner
1028 1452 65 30 och
1110 1453 210 37 rättigheter.

302 1520 204 30 Stockholm
529 1520 68 30 den
618 1519 19 30 8
656 1520 72 39 maj
753 1519 95 31 1952.

691 1603 49 30 På
759 1602 404 40 bevillningsutskottets
1186 1604 148 38 vägnar:

783 1686 119 30 FILIP
925 1686 316 31 KRISTENSSON.

894 1819 244 30 Närvarande:

301 1878 82 30 från
420 1878 167 30 första
628 1878 225 30 kammaren:
892 1878 124 30 herrar
1056 1878 155 39 Sjödahl,
1239 1879 173 34 Heiuman,
1451 1879 171 34 Franzon,
1649 1879 127 30 Gustaf

255 1920 177 34 Elofsson,
453 1920 184 35 Velander,
657 1920 98 34 Falk,
776 1920 184 40 Ramberg,
981 1920 199 34 Niklasson,
1202 1921 119 39 Spetz”
1344 1921 65 30 och
1430 1921 232 39 Magnusson;
1684 1922 91 30 samt

300 1979 83 31 från
445 1979 123 30 andra
598 1979 225 29 kammaren:
844 1979 123 30 herrar
987 1978 227 31 Kristensson
1233 1979 12 29 i
1264 1979 107 40 Osby,
1391 1979 210 39 Björklund,
1621 1980 155 30 Jonsson

255 2021 11 29 i
288 2021 214 40 Skedsbygd,
523 2020 147 40 Orgård,
694 2020 165 34 Strandh,
882 2020 226 37 Kärrlander,
1128 2020 173 31 Wiklund
1321 2021 12 29 i
1354 2020 168 40 Öjebyn",
1547 2021 229 30 Christenson

255 2063 12 29 i
287 2063 142 36 Malmö,
450 2063 221 30 Henriksson
691 2063 65 30 och
780 2062 143 30 Nilsson
943 2063 11 29 i
976 2062 156 30 Svalöv”.

305 2131 10 10 "
336 2130 64 26 Icke
418 2131 132 24 närvarit
568 2130 49 25 vid
634 2130 148 31 justering
800 2138 36 16 av
853 2129 208 25 betänkandet.

887 2282 264 34 Reservation

304 2377 43 21 av
365 2368 80 30 herr
463 2368 227 30 Christenson
709 2368 11 29 i
738 2368 142 29 Malmö.

490 2521 106 22 527494.
637 2517 179 25 Stockholm.
834 2518 81 24 Isaac
931 2517 114 25 Marcus
1062 2517 188 31 Boktryckeri
1269 2517 183 31 Aktiebolag.
1469 2518 78 24 19352.
