2200 2687
652 177 367 34 Konstuutionsutskottets
1043 181 153 33 Utlåtande
1219 184 59 30 N:o
1301 184 52 32 21.
1743 190 17 31 7

208 251 101 50 köpa
351 252 102 38 vissa
481 267 111 24 varor
619 256 92 37 eller
739 257 133 50 dylikt.
926 259 78 50 Jag
1033 261 95 36 skall
1156 261 69 38 här
1252 263 124 37 nedan
1405 265 126 37 lämna
1560 268 173 50 exempel
1762 273 48 46 på

207 303 193 39 bådadera
428 306 203 39 formerna.

338 357 18 37 I
383 359 145 37 Arbetet
567 360 61 37 för
665 364 48 34 22
745 362 80 49 jan.
867 365 97 36 1906
993 365 99 38 läses
1120 367 121 49 under
1268 368 183 38 rubriken
1479 370 330 41 ”Skoarbetarekon-

204 409 125 48 flikten
356 412 16 35 i
406 411 224 52 Vänersborg
658 416 61 36 och
746 415 182 51 Lundby:

336 462 55 37 På
431 465 127 47 grund
599 466 41 35 af
665 471 55 31 att
747 467 180 38 herrarne
956 469 180 38 Carlsson
1165 471 105 37 ställt
1298 473 61 48 sig
1388 474 151 37 absolut
1567 476 241 39 oförstående

206 518 81 32 mot
329 519 55 32 att
424 518 49 46 på
516 517 153 49 rimliga
711 519 139 38 villkor
878 522 110 36 träffa
1016 522 389 40 öfverenskommelse
1433 539 62 24 om
1524 528 219 50 afveckling
1771 530 42 36 af

206 565 111 38 dessa
354 567 148 49 strider,
532 570 193 38 meddelas
753 572 169 49 härmed,
952 579 55 32 att
1036 575 110 38 dessa
1174 576 140 37 strider
1340 577 104 38 föras
1473 580 70 36 och
1570 580 153 37 komma
1752 587 55 32 att

205 618 102 38 föras
336 619 76 37 tills
441 621 176 50 antaglig
644 625 232 48 uppgörelse
905 626 76 37 kan
1009 628 142 37 träffas.
1209 628 206 51 Samtidigt
1438 632 190 37 meddelas
1649 638 54 32 att
1722 630 83 57 boj-

203 670 136 38 kotten
367 677 81 32 mot
476 673 111 37 dessa
615 674 188 40 fabrikers
832 678 89 37 skor
949 682 76 34 står
1053 680 95 37 kvar
1168 682 70 36 och
1257 682 172 38 kommer
1450 689 55 32 att
1525 684 59 38 för
1603 686 202 37 framtiden

202 722 194 51 betydligt
425 725 170 51 skärpas.

668 789 74 37 För
772 790 61 37 Sv.
865 790 472 42 Skoarbetareförbundet:

900 861 206 50 Styrelsen.

332 993 79 37 Två
440 995 117 49 dagar
586 1011 132 24 senare
749 998 60 50 (23
836 999 95 50 jan.)
960 1001 99 37 läses
1087 1002 10 36 i
1128 1016 144 24 samma
1299 1004 164 51 tidning:

927 1089 163 38 Svedala.

330 1151 75 37 Till
434 1152 176 50 Svedala,
639 1155 188 50 Holmeja,
855 1157 199 50 Börringe,
1075 1159 236 51 Mariebergs
1332 1162 68 36 och
1422 1162 205 51 Skabersjö
1648 1166 151 49 organi-

200 1202 131 37 serade
362 1204 187 38 arbetare!

327 1256 103 36 Enär
458 1257 242 39 handlanden
729 1260 48 36 H.
807 1260 154 37 Nilsson
989 1262 79 36 inte
1097 1263 68 36 vill
1193 1265 172 49 upphöra
1385 1266 86 36 med
1492 1267 251 50 försäljandet
1762 1270 42 36 af

199 1306 47 36 de
274 1307 223 49 bojkottade
526 1309 285 52 Vänersborgs-
840 1313 70 36 och
938 1313 316 50 Lundbyskorna,
1285 1319 40 34 så
1344 1317 67 37 har
1431 1317 160 39 Svedala
1610 1320 188 38 arbetare-

197 1358 184 38 kommun
409 1360 165 39 beslutat
603 1368 56 32 att
686 1364 206 38 iscensätta
921 1378 47 24 en
988 1366 157 38 effektiv
1165 1367 249 52 bojkottning
1434 1370 40 37 af
1491 1371 50 37 all
1560 1372 44 36 hr
1623 1373 175 37 Nilssons

198 1411 151 49 handel,
379 1413 70 36 och
478 1428 211 36 uppmanas
718 1417 72 36 alla
819 1417 174 38 arbetare
1013 1424 54 31 att
1087 1420 173 49 upphöra
1279 1422 86 36 med
1385 1422 140 38 handel
1544 1424 69 37 hos
1632 1425 164 49 Nilsson,

196 1463 78 37 tills
316 1465 76 36 han
435 1466 104 37 inser
581 1468 64 36 det
686 1473 123 33 orätta
850 1470 54 36 uti
947 1470 250 51 försäljandet
1233 1473 42 37 af
1299 1474 399 51 strejkbrytarealster
1726 1479 71 36 och

196 1515 123 38 lofvar
348 1522 55 32 att
430 1519 174 49 upphöra
632 1521 164 37 därmed.

327 1586 162 38 Svedala
518 1589 72 36 den
621 1591 44 35 17
697 1591 77 37 dec.
809 1593 107 35 1905.

801 1661 392 50 Kommunstyrelsen.

326 1786 17 36 I
371 1788 62 49 Ny
461 1790 54 35 tid
542 1789 60 36 för
633 1791 46 35 14
708 1790 79 37 dec.
822 1793 96 35 1906
948 1792 97 37 läses
1074 1793 183 49 följande:

907 1880 171 37 Blockad.

326 1943 88 37 Som
435 1949 141 44 ägaren
597 1946 41 36 af
653 1947 292 49 nybyggnaden
965 1952 20 33 å
1004 1949 184 38 Erikshill
1207 1950 12 37 i
1238 1952 118 37 Borås
1375 1955 45 34 A.
1438 1954 196 50 Eriksson,
1652 1947 139 58 Örelid,

193 1996 33 47 ej
271 1996 102 36 velat
401 1996 206 49 godkänna
635 1999 71 36 och
734 2000 258 38 underteckna
1019 2002 283 39 träarbetarnes
1329 2005 180 50 prislista,
1538 2012 92 32 utan
1659 2010 134 36 endast

194 2048 194 37 använder
430 2050 291 48 oorganiserade
764 2052 172 38 arbetare
981 2053 216 52 (landtbor),
1241 2059 41 33 så
1309 2057 137 38 varder
1473 2059 157 38 härmed
1660 2062 131 36 ofvan-

193 2100 166 37 nämnda
378 2101 186 50 byggnad
585 2103 202 38 blockerad
807 2105 84 36 från
911 2106 49 36 all
981 2107 231 37 arbetskraft
1232 2109 70 36 och
1324 2123 137 24 varnas
1482 2112 71 37 alla
1569 2112 222 50 byggnads-

193 2152 172 38 arbetare
408 2158 55 32 att
505 2155 32 48 ej
578 2155 66 37 där
672 2161 141 45 antaga
841 2161 121 46 något
990 2159 128 37 arbete
1146 2160 130 37 förrän
1305 2163 237 38 annorlunda
1569 2166 220 38 meddelats.

564 2225 77 37 För
670 2225 63 38 Sv.
764 2227 272 40 Träarb.-förb.
1067 2230 74 37 afd.
1174 2232 44 34 71
1248 2231 13 36 i
1288 2231 132 38 Borås:

886 2288 206 50 Styrelsen.
