2202 2682
603 192 5 3 -
620 179 402 34 Konstitutionsutskottets
1051 180 168 33 Utlåtande
1241 181 62 33 N:o
1326 182 51 31 21.
1733 184 19 31 5

197 258 173 38 arbetare
400 272 60 24 om
488 259 195 37 förlåtelse
712 260 58 37 för
799 259 103 38 detta
929 261 87 36 mitt
1044 260 297 51 handlingssätt,
1370 266 99 32 samt
1496 261 123 38 lofvar
1642 262 73 50 jag
1736 268 58 32 att

196 311 226 37 hädanefter
449 311 54 37 bli
531 325 48 23 en
607 311 77 50 god
711 313 159 36 kamrat.

1284 367 93 36 Karl
1406 367 42 36 E.
1478 366 184 38 Franzén.

328 468 57 36 Då
413 469 92 36 Karl
533 470 43 35 E.
606 470 173 35 Franzén
807 470 63 36 vid
896 475 107 31 extra
1024 476 100 31 möte
1145 471 84 36 med
1250 470 62 37 Sv.
1335 472 105 48 grof-
1461 472 71 36 och
1552 472 245 37 fabriksarb.-

198 519 119 38 förb:s
345 520 73 36 afd.
449 535 58 23 n:r
539 523 69 35 185
638 521 12 36 i
679 520 245 38 Oskarström
952 523 217 49 måndagen
1197 523 73 37 den
1303 525 44 35 16
1372 523 73 50 juli
1477 525 96 36 1906
1603 524 193 50 offentligt

198 572 59 36 för
298 572 247 51 afdelningen
575 574 134 37 erkänt
738 574 66 36 sitt
832 574 102 37 brott
964 579 78 32 mot
1076 575 326 37 arbetareklassen
1432 576 70 37 och
1530 577 104 48 gjort
1662 577 134 37 veder-

198 624 126 50 börlig
365 625 119 37 afbön
526 631 98 32 samt
651 626 12 36 i
691 626 118 49 öfrigt
849 626 122 37 lofvat
1010 627 175 50 uppfylla
1227 628 44 36 de
1301 628 219 50 fordringar
1549 628 247 50 afdelningen

197 678 197 48 uppställt,
437 691 213 37 uppmanas
692 678 178 49 samtliga
912 679 189 37 kamrater
1142 680 70 36 och
1241 681 269 48 organiserade
1540 681 173 49 arbetare
1742 686 55 32 att

197 729 225 39 hädanefter
450 731 175 37 betrakta
652 730 142 38 honom
823 744 81 24 som
933 731 160 38 kamrat.

328 800 246 38 Oskarström
603 801 75 37 den
710 803 44 35 16
779 801 73 49 juli
883 803 108 36 1906.

274 870 77 37 För
380 870 61 37 Sv.
472 871 106 50 grof-
608 871 70 37 och
708 871 377 37 fabriksarb.-förb.:s
1115 871 73 37 afd.
1219 885 58 23 n:r
1308 873 71 36 185
1409 872 12 36 i
1451 871 256 38 Oskarström:

895 941 205 50 Styrelsen.

331 1045 68 51 Sju
428 1049 41 34 år
497 1047 49 36 ha
575 1045 162 38 förflutit
765 1046 140 37 mellan
934 1045 161 38 "brottet
1124 1046 69 36 och
1223 1045 182 38 afbönen!
1452 1046 75 37 Det
1555 1051 41 31 är
1629 1047 166 49 möjligt,

201 1102 55 32 att
296 1111 166 24 mannen
503 1102 130 46 någon
669 1098 61 36 del
759 1098 43 36 af
826 1098 243 36 mellantiden
1097 1098 100 36 varit
1224 1098 145 47 fredad,
1398 1110 88 24 men
1515 1098 96 36 dock
1639 1099 158 37 hvilken

199 1150 62 36 väl
302 1151 248 48 organiserad
593 1150 221 49 förföljelse,
853 1150 153 37 hvilken
1035 1150 176 37 verksam
1239 1150 407 50 frihetsförtryckande
1676 1152 119 48 makt,

199 1214 81 24 som
308 1202 183 50 slutligen
518 1203 250 49 frampressat
796 1202 184 37 afbönen!

327 1254 140 49 Någon
495 1258 105 46 gång
628 1259 113 44 säges
768 1254 263 49 uttryckligen
1059 1255 111 47 ifrån,
1201 1259 55 32 att
1285 1254 63 36 det
1376 1259 40 31 är
1435 1255 111 48 fråga
1566 1268 62 23 om
1648 1255 150 38 direkta

198 1306 261 37 trakasserier.
515 1306 185 50 Följande
743 1306 137 37 ”afbön”
924 1311 41 32 är
999 1307 157 36 hämtad
1182 1320 45 23 ur
1254 1308 147 36 Arbetet
1429 1306 59 37 för
1517 1308 20 35 6
1563 1320 106 24 mars
1686 1309 109 35 1906.

929 1412 135 44 Afbön.

331 1480 77 49 Jag
436 1481 58 36 får
520 1480 157 37 härmed
707 1480 150 37 anhålla
886 1494 60 23 om
965 1481 134 36 ursäkt
1119 1481 59 36 för
1197 1481 64 37 det
1279 1481 287 49 handlingssätt
1581 1481 70 50 jag
1665 1482 133 48 begått

201 1537 101 32 emot
330 1533 324 48 organisationen,
680 1533 71 37 och
769 1533 124 37 lofvar
908 1533 71 49 jag
999 1538 55 32 att
1072 1533 225 37 hädanefter
1316 1534 166 48 fullgöra
1501 1534 103 37 mina
1624 1534 173 49 skyldig-

200 1584 109 37 heter
337 1585 70 37 och
434 1585 140 49 plikter
601 1585 58 36 till
687 1585 328 49 fackföreningen,
1045 1586 70 36 och
1144 1586 140 36 önskar
1307 1586 71 50 jag
1406 1590 55 32 att
1480 1586 53 37 bli
1554 1586 141 37 ansedd
1715 1600 82 23 som

200 1635 149 51 fullgod
376 1637 173 36 medlem.

331 1706 264 50 Helsingborg
623 1707 11 36 i
664 1720 98 23 mars
794 1709 108 35 1906.

1373 1777 87 37 Chr.
1492 1777 175 50 Sjöberg.

331 1880 16 36 I
376 1880 208 49 anledning
625 1881 42 36 af
705 1886 54 31 att
800 1881 290 38 ofvanbemälde
1134 1881 164 50 Sjöberg
1340 1881 176 51 fullgjort
1544 1882 68 37 sitt
1640 1882 157 38 mellan-

202 1932 192 37 hafvande
422 1933 59 36 till
509 1933 310 48 organisationen
849 1934 70 36 och
947 1934 12 36 i
989 1934 120 48 öfrigt
1136 1934 122 37 lofvat
1285 1934 169 49 fullgöra
1473 1934 46 37 de
1540 1935 260 50 förpliktelser

202 1997 80 24 som
311 1984 313 49 organisationen
651 1985 195 49 påbjuder,
876 1986 91 49 vilja
995 1986 38 36 vi
1061 1989 49 46 på
1138 1986 105 37 detta
1271 1990 76 33 sätt
1374 1986 172 39 meddela
1566 1987 63 37 det
1647 1987 58 37 till
1725 1987 74 38 alla

202 2036 270 50 organiserade
502 2037 182 48 arbetare,
717 2040 49 47 på
795 2038 63 36 det
886 2038 119 49 ingen
1032 2041 61 34 må
1111 2038 254 51 trakassera(!)
1384 2039 152 49 honom,
1558 2040 70 37 och
1647 2039 152 37 komma

201 2089 48 35 vi
269 2093 56 32 att
353 2102 90 24 anse
472 2089 140 37 honom
641 2103 79 24 som
749 2090 150 49 fullgod
928 2091 174 36 medlem.

331 2158 264 51 Helsingborg
623 2159 74 37 den
727 2160 20 35 5
777 2173 102 23 mars
910 2161 107 36 1906.

647 2220 35 45 Å
709 2228 453 51 fosfatfackföreningens
1191 2234 160 45 vägnar:

896 2298 206 50 Styrelsen.
