2207 2688
431 182 41 32 14
836 174 369 33 Konstitutionsutskottets
1227 171 153 32 Utlåtande
1403 170 59 31 N:o
1485 169 52 33 21.

928 257 57 35 17.
1042 251 402 49 Skofabriksarbetare!

514 331 57 37 Då
600 330 64 38 det
692 334 41 32 är
761 326 178 51 omöjligt
966 326 60 37 för
1055 338 61 24 oss
1145 328 56 33 att
1228 323 38 37 få
1293 327 88 33 veta
1408 333 167 25 namnen
1602 322 50 48 på
1670 318 74 38 alla
1763 318 46 38 de
1827 319 154 37 heders-

384 390 89 33 män
514 397 82 25 som
639 381 242 51 sysselsättas
909 380 12 36 i
949 377 165 50 Lundby
1155 375 208 49 skofabrik,
1406 373 179 39 ombedes
1625 375 92 35 våra
1758 371 171 51 kolleger
1970 371 13 37 i

386 436 201 49 Göteborg
616 440 56 32 att
700 448 60 24 om
788 436 118 46 något
933 436 88 45 nytt
1048 443 117 24 namn
1192 428 72 38 blir
1289 427 119 37 kändt
1427 440 82 24 som
1529 426 84 37 icke
1634 428 93 34 stått
1745 425 13 36 i
1777 429 206 46 rapporten

385 491 12 37 i
437 490 64 49 Ny
543 488 73 38 Tid
657 492 55 33 att
746 489 222 47 rapportera
1000 484 105 37 detta
1133 481 58 38 till
1218 481 45 37 hr
1291 480 134 37 Albert
1453 479 205 45 "Thorsson,
1689 477 87 38 Carl
1805 476 177 39 Gustafs-

387 547 120 47 gatan
535 543 61 36 46.

886 607 164 50 Lundby
1079 603 403 40 skofabriksarbetare.

1288 674 70 51 (Ur
1384 675 61 45 Ny
1475 674 68 36 Tid
1572 674 19 35 7
1621 685 101 24 mars
1753 670 125 50 1906.)

934 794 57 35 18.
1049 788 389 41 Skrädderiarbetare!

518 866 89 38 Som
650 864 251 38 medlemmen
942 863 114 48 4,604
1097 861 127 38 Johan
1264 858 232 50 Hasselgren
1538 857 70 37 och
1636 858 112 47 6,083
1778 855 143 38 Gustaf
1947 854 36 37 5.

390 920 138 38 Olsson
567 918 120 38 brutit
727 922 80 32 mot
841 914 300 50 kamratskapet,
1172 912 195 49 ombedjas
1394 911 224 48 kollegerna
1644 909 129 37 landet
1800 907 117 38 rundt
1944 920 40 24 se

389 987 78 37 upp
495 972 87 38 med
609 970 167 39 nämnda
804 967 372 40 skrädderiarbetare
1204 965 71 38 och
1301 963 171 38 meddela
1493 964 60 48 sig
1572 962 85 38 med
1677 959 309 40 Boråsafdelnin-

390 1039 76 37 gen
494 1039 61 23 om
584 1024 46 37 de
658 1023 123 38 skulle
809 1022 102 50 dyka
937 1034 79 37 upp
1044 1018 268 51 någonstädes.

519 1095 121 37 Borås
668 1094 13 36 i
709 1105 100 25 mars
840 1092 109 36 1906.

667 1163 76 37 För
773 1161 63 39 Sv.
867 1157 599 41 skrädderiarbetareförbundets
1495 1156 214 48 afdelning:

1084 1227 206 50 Styrelsen.

1266 1296 67 51 (Ur
1360 1298 62 46 Ny
1453 1298 69 35 Tid
1552 1298 47 35 22
1628 1307 100 24 mars
1759 1292 125 50 1906.)

1009 1414 57 35 19.
1122 1410 251 39 Hedersmän!

522 1486 75 38 Vid
638 1484 199 52 pågående
879 1483 164 38 konflikt
1070 1482 103 38 inom
1201 1480 195 38 reseffekt-
1425 1479 72 38 och
1524 1475 466 41 sadelmakeribranschen

393 1539 198 38 härstädes
632 1537 175 38 utmärka
847 1536 62 49 sig
949 1535 167 50 följande
1154 1534 172 49 kolleger
1359 1532 87 38 med
1475 1532 59 37 sin
1561 1531 96 38 brist
1684 1533 49 47 på
1760 1528 229 39 solidaritet:

394 1592 60 49 (11
485 1605 116 24 namn
629 1590 71 38 och
730 1588 198 50 adresser).

523 1661 200 48 Göteborg
750 1660 11 36 i
790 1672 86 36 aug.
910 1659 109 36 1906.

592 1730 74 38 För
693 1728 180 39 reseffekt
897 1728 71 37 och
997 1725 474 39 sadelmakeriarbetarnes
1499 1723 288 48 fackförening:

1086 1796 207 50 Styrelsen.

1307 1864 68 50 (Ur
1402 1865 61 46 Ny
1495 1865 69 36 Tid
1592 1864 22 36 8
1645 1876 85 36 aug.
1764 1859 124 50 1906.)

919 1973 58 36 20.
1032 1970 223 45 Hedersfolk
1283 1971 13 35 i
1322 1969 152 37 Kinna!

523 2043 134 38 Under
676 2042 199 51 pågående
890 2041 162 37 konflikt
1080 2043 8 34 å
1102 2039 275 50 Häggådalens
1391 2036 276 39 linneväfverii
1678 2036 128 37 Kinna
1820 2033 174 38 utmärka

396 2097 61 49 sig
493 2095 169 51 följande
690 2094 173 50 kolleger
889 2094 88 37 med
1003 2092 96 38 brist
1126 2095 49 47 på
1203 2091 227 38 solidaritet:
1462 2090 62 49 (28
1553 2103 115 23 namn
1697 2088 70 37 och
1796 2085 195 50 adresser).

785 2163 62 38 Sv.
879 2162 246 39 Textilarb.-f.
1156 2162 74 37 afd.
1260 2175 60 23 n:r
1349 2161 47 37 65
1425 2160 13 37 i
1465 2159 140 38 Kinna.

1088 2232 207 50 Styrelsen.

1280 2301 68 50 (Ur
1376 2302 60 46 Ny
1468 2301 71 36 Tid
1569 2300 45 36 15
1645 2311 86 36 aug.
1765 2295 126 52 1906.)
