2194 2727
438 245 40 31 40
888 236 260 44 Lag-Utskottets
1177 233 173 35 Utlåtande
1375 232 62 33 N:o
1460 232 50 31 19.

395 330 51 33 att
474 325 77 37 med
579 319 357 54 nyttjanderättsaftal
965 317 161 37 förenadt
1153 316 134 42 förbud,
1305 318 51 33 att
1370 314 192 36 detsamma
1581 310 44 50 på
1644 323 110 24 annor
1774 322 80 24 man
1875 309 112 37 öfver-

394 380 83 46 låta,
507 377 111 37 skulle
645 376 170 37 innefatta
843 371 123 37 hinder
1002 370 54 36 för
1083 369 67 37 den
1178 368 38 37 af
1239 367 181 38 Utskottet
1458 365 206 48 ifrågasatta
1705 363 172 37 särskilda
1917 362 70 36 för-

397 432 153 48 säljning
577 430 108 47 deraf,
713 429 56 36 må
798 424 165 48 slutligen
991 422 143 47 erinras,
1176 424 51 33 att
1267 420 308 49 nyttjanderätten,
1604 417 102 36 äfven
1735 429 54 23 om
1818 415 66 36 den
1912 415 78 36 icke

397 486 71 35 kan
496 484 53 36 till
576 483 102 36 hvem
706 494 73 24 som
806 477 89 36 helst
923 476 154 49 afyttras,
1107 475 89 35 dock
1223 474 53 36 för
1300 472 253 37 innehafvaren
1588 470 104 37 oftast
1727 469 65 35 har
1820 467 171 49 betydligt

397 538 116 46 värde,
541 536 38 37 så
607 539 51 33 att
685 535 8 35 i
727 534 63 36 allt
818 530 61 36 fall
908 529 219 37 konkurrens
1155 527 148 36 emellan
1338 526 129 36 honom
1508 524 63 36 och
1601 524 152 46 köparen
1781 522 61 35 bör
1870 521 121 35 kunna

397 590 185 50 påräknas.

530 799 122 36 Under
680 795 220 48 åberopande
929 795 11 34 i
969 793 107 47 öfrigt
1104 792 38 36 af
1175 792 41 35 de
1255 791 118 46 motiv,
1415 801 73 24 som
1528 788 112 35 finnas
1668 783 237 49 föreliggande
1933 782 60 36 nå-

400 853 83 47 diga
509 851 215 50 proposition
752 847 174 48 bifogade,
954 846 53 36 får
1035 844 190 46 Utskottet,
1260 855 73 25 som
1361 846 71 32 mot
1460 842 201 35 densamma
1688 839 76 35 icke
1792 836 114 36 funnit
1934 848 61 23 an-

400 905 144 47 ledning
571 904 53 36 till
653 904 111 35 andra
792 899 286 46 anmärkningar,
1107 901 45 31 än
1181 908 73 24 som
1282 895 115 36 blifvit
1425 894 64 35 här
1508 893 105 35 ofvan
1633 890 239 46 omförmälda,
1892 888 103 36 vörd-

402 961 89 33 samt
518 956 201 37 hemställa:

855 1006 68 47 1:0)
952 1008 50 32 att
1042 1002 164 47 förslaget
1246 1000 53 36 till
1341 998 205 47 förordning
1587 996 181 48 angående
1809 993 128 49 lagfart
1977 992 21 36 åä

799 1058 84 47 fång
912 1057 52 36 till
992 1055 67 36 fast
1086 1054 167 48 egendom
1283 1052 107 36 måtte
1417 1052 38 35 af
1479 1049 204 48 Riksdagen
1711 1047 159 46 bifallas;

855 1112 67 46 2:0)
951 1113 49 32 att
1039 1106 204 48 Riksdagen
1283 1105 83 35 ville
1407 1104 188 47 godkänna
1635 1100 166 48 förslaget
1842 1097 53 37 till
1930 1097 68 37 för-

803 1164 148 45 ordning
980 1159 179 48 angående
1187 1157 188 37 förändrad
1404 1156 131 48 lydelse
1564 1154 37 35 af
1631 1156 39 33 11
1696 1153 84 47 Cap.
1808 1152 47 46 2$
1873 1150 126 36 Jorda-

804 1216 142 46 balken;

857 1270 70 45 3:0)
955 1270 50 32 att
1033 1266 165 46 förslaget
1225 1265 53 35 till
1308 1263 202 46 förordning
1551 1260 181 48 angående
1773 1255 229 51 upphörande

803 1320 38 36 af
866 1317 373 48 hembudsskyldighet
1266 1317 108 35 måtte
1403 1315 107 35 vinna
1537 1312 222 46 Riksdagens
1788 1309 111 47 bifall;

855 1374 69 46 4:0)
952 1374 49 33 att
1028 1369 204 48 Riksdagen
1259 1369 81 35 ville
1369 1371 130 42 antaga
1526 1364 168 47 förslaget
1721 1362 55 36 till
1797 1360 206 44 förordning

804 1424 181 48 angående
1021 1422 150 46 ändring
1213 1421 38 35 af
1288 1419 164 49 gällande
1494 1417 216 47 stadganden
1740 1427 53 23 om
1824 1413 132 47 lagfart
1983 1411 20 35 å

804 1478 67 35 fast
897 1480 98 45 pant;

859 1530 68 46 5:0)
956 1532 49 31 att
1033 1528 215 46 Riksdagen,
1281 1526 78 36 med
1400 1522 224 38 förklarande
1664 1525 51 32 att
1755 1519 167 46 förslaget
1949 1517 51 37 till

805 1581 203 47 förordning
1036 1579 181 48 angående
1250 1577 204 47 inteckning
1481 1576 12 35 i
1520 1576 67 35 fast
1628 1573 168 48 egendom
1827 1572 76 35 icke
1934 1571 67 34 kan

806 1633 224 36 oförändradt
1057 1632 215 47 godkännas,
1314 1630 106 35 måtte
1447 1628 53 36 för
1527 1628 54 35 sin
1608 1626 53 35 del
1692 1625 134 34 besluta
1854 1621 150 49 följande

696 1796 235 40 Förordning
956 1793 184 43 angående
1164 1792 213 41 inteckning
1400 1792 13 31 i
1436 1791 76 32 fast
1534 1788 186 42 egendom.

537 1897 81 36 Med
661 1895 247 50 upphäfvande
937 1893 38 37 af
1007 1895 19 34 9
1058 1892 83 48 Cap.
1173 1894 19 34 2
1222 1891 64 37 och
1317 1893 17 33 7
1367 1889 44 50 $$
1439 1887 256 46 Jordabalken;
1726 1888 16 33 7
1767 1884 85 48 Cap.
1882 1883 120 36 Rätte-

416 1949 253 49 gångsbalken,
697 1948 126 36 sådant
851 1948 57 35 det
935 1946 96 48 lyder
1059 1946 9 35 i
1097 1944 249 47 förordningen
1376 1944 67 34 den
1474 1943 43 34 13
1547 1939 74 36 Juli
1653 1940 111 44 1818;
1807 1935 197 37 förordnin-

411 2015 67 35 gen
507 2002 44 48 på
578 2001 92 36 hvad
699 2004 68 32 sätt
795 2000 77 35 med
901 1998 127 36 städsel
1060 1997 62 35 och
1152 1997 77 47 lego
1258 1996 37 35 af
1328 1994 79 48 jord
1436 1993 45 49 på
1508 1992 120 36 landet
1655 1990 166 36 förhållas
1848 1989 62 34 bör
1938 1987 66 35 den

417 2057 40 34 13
487 2053 87 36 Juni
605 2055 113 44 1800;
747 2051 250 47 förordningen
1026 2049 181 48 angående
1234 2046 207 47 inteckning
1469 2044 38 37 af
1533 2044 29 47 ej
1602 2042 135 36 mindre
1765 2039 241 47 lifstidsstädja

411 2110 46 32 än
485 2107 66 35 ock
579 2105 47 35 all
660 2116 118 24 annan
818 2102 206 46 afhandling
1066 2113 54 23 om
1161 2099 253 49 nyttjanderätt
1454 2097 54 35 till
1550 2096 67 35 fast
1643 2094 169 47 egendom
1841 2092 21 35 å
1888 2091 118 35 landet

411 2159 68 35 den
514 2160 19 34 9
576 2157 200 36 November
822 2157 117 45 1844;
970 2156 33 43 2,
1033 2155 33 44 3,
1094 2155 23 33 4
1145 2152 65 36 och
1240 2153 18 34 6
1290 2150 45 49 $$
1364 2151 10 34 i
1402 2148 250 46 förordningen
1693 2144 180 48 angående
1913 2143 92 35 vissa

413 2210 208 36 förändrade
650 2207 217 37 föreskrifter
894 2208 10 34 i
934 2206 161 36 afseende
1123 2204 45 48 på
1194 2203 129 48 lagfart
1351 2202 64 36 och
1442 2196 478 53 nyttjanderättsinteckning
1939 2194 64 36 den

417 2265 42 33 19
489 2262 72 47 Maj
596 2263 112 43 1845;
738 2259 251 47 förordningen
1018 2255 181 49 angående
1228 2254 204 47 inteckning
1473 2252 39 36 af
1549 2251 84 36 aftal
1669 2263 56 23 om
1752 2247 254 50 nyttjanderätt

413 2314 49 35 till
494 2312 164 48 fastighet
685 2312 11 35 i
725 2311 77 36 stad
831 2312 67 35 den
932 2312 44 34 21
1011 2309 192 36 December
1248 2309 113 44 1857;
1403 2309 90 32 samt
1534 2302 249 47 förordningen
1824 2298 181 48 angående

413 2370 104 31 sättet
544 2365 54 36 för
625 2364 206 46 inteckning
871 2362 37 36 af
945 2360 252 50 nyttjanderätt
1237 2359 53 35 till
1331 2359 67 35 fast
1438 2356 167 47 egendom
1634 2354 66 36 den
1733 2355 42 34 13
1806 2351 200 48 September

421 2420 108 44 1864;
558 2417 115 34 tillika
697 2416 76 35 med
803 2415 69 35 alla
899 2414 41 34 de
968 2412 230 45 stadganden,
1240 2422 72 24 som
1355 2409 109 36 ändra
1496 2407 154 36 nämnda
1677 2406 137 46 lagrum
1844 2403 62 35 och
1937 2402 68 35 för-
