2202 2704
431 179 37 31 16
871 184 265 43 Lay-Utskottets
1165 187 174 34 Utlatande
1362 189 63 34 N:o
1448 193 49 30 19.

384 260 70 36 och
497 260 172 52 befintlig
711 264 144 37 sakrätt
894 265 85 39 icke
1023 266 103 38 desto
1169 269 154 43 mindre,
1367 271 55 36 till
1455 272 92 50 följd
1581 274 41 36 af
1648 275 167 52 tillfällig
1843 279 68 36 och
1942 280 39 36 af

384 313 364 40 rättsinnehafvaren
789 317 210 39 oförvållad
1043 321 282 51 omständighet,
1369 324 42 37 af
1447 325 116 50 tredje
1607 341 132 36 person
1775 330 71 37 den
1881 333 97 36 förre

386 366 246 50 frånhändas;
660 368 74 37 kan
763 374 22 33 t.
815 383 54 25 ex.
898 370 83 50 den,
1010 386 77 23 som
1117 373 11 36 i
1158 375 86 50 laga
1272 375 93 37 form
1395 379 203 37 förvärfvat
1622 381 278 49 egendomsrätt
1920 385 56 37 till

382 432 46 22 eu
465 419 191 50 egendom,
695 421 154 38 hvilken
880 423 74 36 han
984 425 251 51 tilläfventyrs
1265 428 115 37 redan
1408 429 153 50 betalat,
1590 446 84 23 men
1705 447 77 23 som
1811 436 42 36 af
1877 437 99 49 sjuk-

382 470 84 36 dom
509 472 90 37 eller
634 481 116 30 annat
790 475 90 37 ofall
923 476 32 49 ej
997 477 135 38 hinner
1160 479 55 37 till
1245 480 116 48 tinget
1388 495 142 24 samma
1559 484 83 51 dag,
1672 500 76 22 som
1778 501 46 23 en
1852 503 123 23 annan

381 523 70 37 och
493 538 128 24 senare
662 526 139 50 köpare
842 530 40 36 af
919 530 241 49 egendomen,
1202 533 43 35 af
1283 533 119 38 denne
1436 534 172 40 beröfvas
1651 538 57 37 sin
1751 545 84 45 rätt;
1864 544 41 35 så
1933 548 40 32 är

382 576 115 36 redan
541 577 112 38 häraf
688 580 69 36 och
787 582 10 35 i
826 582 208 38 allmänhet
1062 583 109 50 klart,
1200 592 54 29 att
1281 586 109 37 dessa
1417 588 218 53 lagförslag,
1663 591 12 36 i
1704 594 185 37 anseende
1917 596 56 36 till

381 628 109 38 deras
518 630 192 50 praktiska
738 632 190 51 betydelse
957 636 67 36 och
1056 637 244 52 användning
1327 639 231 48 betraktade,
1588 644 108 50 långt
1712 644 94 38 ifrån
1829 653 52 30 att
1900 649 72 35 för-

379 682 85 35 läna
505 687 116 33 större
662 685 175 38 säkerhet
882 690 38 34 åt
953 690 239 47 sakrätlterna,
1221 692 58 36 för
1308 692 108 38 dessa
1444 699 157 33 tvärtom
1632 697 213 50 principielt
1874 701 99 36 med-

377 734 82 35 föra
488 741 52 28 ett
568 736 169 36 tillstånd
766 740 40 34 af
829 740 205 36 osäkerhet.

508 785 110 38 Detta
647 787 166 39 tillstånd
842 790 42 37 af
907 792 206 48 osäkerhet,
1143 807 77 23 som
1249 807 136 37 genom
1414 796 46 37 de
1488 797 210 52 framlagda
1719 801 252 52 lagförslagen

378 837 154 37 beredes
575 841 241 50 sakrätterna,
844 844 223 38 framträder
1091 847 114 35 också
1233 847 68 36 och
1331 848 144 50 vinner,
1504 851 11 35 i
1545 851 45 36 de
1618 853 246 50 stadganden,
1894 857 78 49 lag-

379 889 189 51 förslagen
598 892 192 38 innehålla
817 895 57 37 för
903 899 41 34 så
974 897 149 37 kallade
1151 898 233 39 kollionsfall
1412 902 140 37 mellan
1572 905 186 37 särskilda
1778 907 194 49 sakrätter,

376 941 59 36 sin
465 942 241 50 bekräftelse,
735 946 133 38 endast
894 952 48 46 på
970 956 52 29 ett
1050 963 100 23 mera
1180 951 190 51 åskådligt
1397 958 80 33 sätt.
1534 955 18 36 I
1580 956 44 37 de
1653 958 211 51 framlagda
1891 962 78 49 lag-

377 994 186 50 förslagen
592 1001 41 32 är
660 997 11 36 i
701 997 129 51 hvarje
859 1001 75 44 fall,
962 1001 65 37 der
1056 1008 135 32 tvänne
1221 1004 220 51 rättigheter
1469 1007 95 37 eller
1591 1012 256 49 rättsanspråk
1866 1012 11 36 1
1898 1014 72 37 för-

373 1045 177 39 hållande
590 1048 58 37 till
686 1063 144 25 samma
857 1053 97 37 fasta
983 1055 181 49 egendom
1192 1056 129 37 kunna
1349 1060 184 48 uppträda
1563 1068 76 30 mot
1666 1062 225 51 hvarandra,
1920 1073 51 29 ett

372 1099 136 36 sådant
548 1100 66 36 fall
654 1102 225 39 betecknadt
918 1106 71 36 och
1023 1107 234 37 behandladt
1285 1113 122 33 såsom
1438 1125 44 23 en
1512 1114 281 51 rättskollision,
1822 1118 147 37 oafsedt

372 1150 189 38 huruvida
590 1153 45 36 de
664 1154 99 37 båda
793 1157 270 50 rättigheterna
1087 1160 88 37 eller
1203 1162 213 49 anspråken
1447 1165 190 50 verkligen
1669 1167 57 37 till
1754 1168 214 39 hvarandra

372 1205 58 34 stå
457 1203 11 35 1
498 1203 62 37 det
587 1205 246 51 förhållande,
862 1216 54 29 att
944 1210 70 36 den
1044 1224 80 34 ena,
1154 1213 119 36 delvis
1302 1215 92 35 eller
1422 1216 88 47 helt,
1539 1218 224 50 omöjliggör
1796 1223 169 35 utöfvan-

370 1254 63 36 det
474 1257 39 35 af
550 1257 70 36 den
651 1258 126 38 andra.
833 1260 110 37 Detta
972 1262 68 37 har
1068 1264 167 48 medfört,
1265 1270 53 32 att
1345 1268 123 36 såsom
1497 1270 311 38 rättskollisioner
1842 1273 125 38 blifvit

370 1308 197 48 uppstälda
607 1310 111 36 äfven
761 1313 142 36 sådana
945 1314 79 50 fall,
1054 1315 65 37 der
1147 1316 221 39 kollisionen
1399 1320 91 36 eller
1518 1321 245 51 stridigheten
1793 1325 11 36 i
1834 1327 131 47 sjelfva

370 1360 125 36 verket
525 1360 93 37 blott
645 1367 41 31 är
715 1363 174 38 skenbar.
945 1366 56 37 Då
1029 1381 60 28 nu,
1118 1368 138 50 vidare,
1277 1370 64 36 vid
1363 1371 210 38 decisionen
1594 1374 12 35 i
1626 1376 338 46 rättskollissioner,

369 1414 47 45 på
457 1425 142 23 samma
641 1414 74 50 dag
756 1417 42 36 af
821 1421 135 33 tvänne
985 1419 85 36 sökt
1097 1420 138 50 lagfart
1259 1422 90 36 eller
1376 1423 218 53 inteckning
1622 1433 153 45 antages
1804 1430 69 36 och
1904 1431 60 36 be-

369 1463 141 37 traktas
548 1467 120 35 såsom
698 1469 177 50 samtidig
903 1470 91 37 eller
1022 1475 45 46 på
1095 1486 45 23 en
1162 1474 100 50 gång
1290 1475 100 49 sökt;
1419 1477 39 36 så
1484 1477 76 37 blir
1589 1479 217 50 härigenom
1835 1482 128 50 hvarje

366 1515 12 35 i
408 1516 253 52 lagförslagen
690 1520 214 38 innehållen
934 1522 162 38 decision
1126 1526 135 36 mellan
1292 1532 138 33 tvänne
1459 1531 46 47 på
1535 1544 143 23 samma
1700 1532 74 50 dag
1792 1536 172 48 lagfarna

365 1567 92 36 eller
484 1568 233 51 intecknade,
746 1572 260 39 kolliderande
1036 1577 181 37 sakrätter
1244 1578 13 36 i
1285 1579 132 49 sjelfva
1446 1582 130 36 verket
1602 1583 164 51 liktydig
1794 1587 84 35 med
1912 1594 52 29 ctt

367 1619 220 50 stadgande,
615 1629 54 29 att
698 1623 171 52 befintlig
896 1626 69 37 och
994 1628 166 50 lagligen
1189 1629 212 52 betryggad
1429 1633 153 47 sakrätt,
1613 1635 59 37 till
1688 1636 92 49 följd
1796 1640 39 34 af
1847 1639 114 49 tredje

366 1685 106 22 mans
513 1674 215 49 åtgörande,
770 1677 94 37 dock
906 1680 148 48 upphör
1095 1687 55 30 att
1177 1695 89 23 vara
1294 1685 185 48 gällande,
1508 1687 70 36 och
1607 1687 101 37 detta
1735 1689 112 37 äfven
1875 1691 12 35 i
1916 1692 44 35 de

366 1723 63 36 fall
472 1724 64 37 der
578 1726 43 36 de
650 1727 98 37 båda
775 1730 271 49 rättigheterna
1075 1733 194 50 verkligen
1297 1736 120 37 kunna
1447 1738 80 36 med
1560 1739 214 38 hvarandra
1803 1744 55 34 stå
1885 1743 75 36 till-

365 1787 197 38 sammans,
605 1778 53 36 låt
700 1793 89 23 vara
830 1782 84 36 med
943 1785 123 48 någon
1096 1785 201 51 olägenhet
1325 1788 91 36 eller
1444 1789 278 52 inskränkning
1749 1793 12 35 i
1790 1794 70 36 den
1890 1809 68 22 ena

362 1827 91 36 eller
481 1828 71 37 den
581 1830 129 38 andra.
766 1832 88 37 Men
883 1837 49 46 på
960 1849 141 23 samma
1129 1840 101 48 gång
1260 1852 78 24 som
1367 1840 163 50 dermed,
1546 1843 118 50 enligt
1683 1844 45 37 de
1748 1845 210 52 framlagda

362 1878 264 52 lagförslagen,
669 1884 224 38 åtminstone
936 1889 120 35 såsom
1089 1889 139 38 allmän
1257 1891 248 52 bestämning,
1533 1894 178 51 giltighet
1738 1904 77 30 mot
1842 1899 115 49 tredje

360 1943 132 36 person
535 1933 31 49 ej
611 1935 83 36 med
737 1937 143 37 sakrätt
921 1944 40 31 är
989 1940 136 49 gifven,
1155 1942 90 37 eller
1273 1943 12 36 i
1314 1944 187 37 särskilda
1529 1947 234 50 stadganden
1791 1955 40 31 är
1860 1951 95 37 före-

360 1983 167 50 skrifvet,
568 1992 55 30 att
655 1987 31 49 ej
716 1987 96 37 blott
839 1990 185 51 befintlig,
1054 1999 88 30 utan
1171 1993 177 51 derjemte
1378 1996 256 52 "betryggad"
1664 2001 152 48 sakrätt,
1845 2003 110 48 ändå,

359 2035 117 36 under
515 2037 105 50 gifva
662 2040 275 51 förhållanden,
985 2044 132 36 endast
1158 2049 190 35 eventnelt
1384 2050 119 48 gäller
1533 2057 75 30 mot
1636 2053 116 49 tredje
1782 2067 96 35 man,
1907 2058 48 46 på

358 2099 143 25 samma
541 2092 102 48 gång
672 2092 221 38 framträder
921 2096 70 35 ock
1019 2096 109 36 deraf
1151 2100 120 35 såsom
1301 2100 101 49 följd,
1432 2108 54 30 att
1513 2103 12 35 i
1555 2103 128 50 hvarje
1712 2106 134 36 sådant
1873 2107 80 48 fall,

358 2139 91 37 eller
477 2140 12 36 i
518 2141 69 37 och
617 2144 84 36 med
730 2144 135 38 sådant
892 2147 217 50 stadgande,
1139 2149 71 37 den
1230 2151 189 51 rättighet,
1440 2167 78 23 som
1538 2156 220 49 upphäfves,
1788 2157 11 36 i
1820 2158 134 50 sjelfva

357 2192 132 36 verket
529 2193 58 37 till
629 2195 56 36 sin
727 2203 111 30 natur
877 2199 68 37 och
981 2200 193 50 betydelse
1204 2205 120 35 såsom
1354 2218 45 23 en
1428 2207 142 36 sakrätt
1598 2209 223 49 försvinner,
1851 2211 99 47 eller,

356 2245 81 34 från
480 2246 171 48 praktisk
680 2250 194 48 synpunkt
901 2251 69 37 och
998 2251 12 37 i
1039 2253 170 49 praktisk
1240 2257 253 51 användning,
1523 2259 62 37 det
1612 2260 107 50 följer
1747 2268 64 43 att,
1840 2264 109 36 äfven

357 2296 65 36 der
450 2298 143 36 sakrätt
621 2299 11 36 i
662 2300 85 49 laga
777 2303 91 35 form
897 2303 126 38 blifvit
1050 2307 214 37 förvärfvad
1295 2309 69 36 och
1393 2313 47 47 på
1469 2315 72 32 sätt
1569 2312 111 50 lagen
1696 2313 251 51 föreskrifver,

355 2361 132 35 genom
512 2350 137 49 lagfart
668 2353 91 35 eller
780 2354 218 50 inteckning
1025 2357 222 50 betryggad,
1279 2361 176 36 säkerhet
1477 2364 56 35 för
1554 2364 83 36 dess
1658 2365 155 37 bestånd
1836 2369 114 48 enligt
