1908 2834
316 135 40 31 10
698 139 290 34 Statsutskettets
1012 143 186 32 utlåtande
1223 145 51 31 Nr
1299 145 49 31 77.

272 212 124 33 Ehuru
421 216 231 37 synnerligen
677 217 235 39 otillräckligt
936 221 165 32 material
1125 222 57 31 till
1208 223 190 37 belysande
1424 235 44 20 av
1496 226 273 33 förhållandena

270 257 89 31 stått
380 257 192 37 kollegium
596 260 57 31 till
678 261 98 37 buds,
798 262 123 32 kunna
944 264 87 31 dock
1052 264 96 32 vissa
1174 266 55 31 för
1250 266 194 37 kollegium
1467 269 113 31 under
1601 270 97 32 hand
1720 271 49 30 fö-

271 300 146 32 retedda
437 303 184 35 uppgifter
640 306 105 34 sägas
764 305 93 31 hava
876 306 182 33 bekräftat
1075 309 44 31 de
1139 309 180 38 farhågor,
1339 321 75 20 som
1434 312 152 31 sålunda
1608 323 45 21 av
1672 314 96 31 olika

270 343 77 32 skäl
375 344 139 32 kunnat
542 346 118 36 hysas.
709 347 159 33 Sålunda
896 350 83 36 giva
1005 351 102 32 dessa
1137 352 183 37 uppgifter
1347 355 79 31 stöd
1455 355 55 31 för
1537 352 231 45 antagandet,

270 388 53 30 att
347 388 214 32 åtminstone
584 390 12 30 i
622 390 75 32 viss
721 391 217 38 omfattning
964 395 471 37 nettobokföringsvärdena
1461 399 55 30 för
1543 399 65 31 här
1634 399 134 37 ifråga-

269 431 158 31 varande
450 432 154 36 tonnage
628 433 100 37 ligga
751 435 124 32 alltför
899 436 95 38 högt,
1018 438 187 37 samtidigt
1227 449 74 21 som
1325 440 308 34 driftsresultaten
1656 443 112 32 under

268 473 42 31 de
342 476 140 30 senaste
511 476 87 31 åren
630 476 78 32 icke
738 479 173 36 medgivit
941 489 61 23 ens
1032 481 290 34 tillnärmelsevis
1354 483 221 38 tillräckliga
1605 487 162 31 avskriv-

269 516 139 38 ningar,
427 521 46 28 än
490 519 139 31 mindre
648 520 188 38 utdelning
854 524 46 35 på
918 522 195 33 investerat
1131 525 147 36 kapital.
1320 525 101 33 Även
1440 528 203 37 företagens
1662 530 105 31 likvi-

266 559 90 33 ditet
381 562 100 31 torde
502 562 94 31 hava
619 564 194 36 undergått
834 568 176 31 avsevärd
1034 564 227 45 försämring.

307 603 67 31 Det
402 606 74 29 står
506 606 55 30 för
589 606 194 37 kollegium
812 609 125 32 vidare
965 610 106 37 klart,
1099 610 54 32 att
1182 613 470 39 trampfartygsföretagens
1671 618 95 30 -:mot-

266 646 226 33 ståndskraft
515 649 12 30 i
554 651 50 29 ett
631 650 156 37 krisläge
814 662 75 21 som
914 654 60 31 det
998 655 210 31 nuvarande
1235 657 286 37 genomsnittligt
1546 660 70 30 sett
1641 662 41 29 är
1706 663 60 28 vä-

266 689 148 37 sentligt
438 694 115 29 sämre
578 695 48 28 än
650 693 203 37 företagens
878 696 96 31 inom
997 696 275 38 linjesjöfarten.
1316 700 126 31 Denna
1465 702 301 32 motståndskraft

266 732 65 31 har
353 734 155 36 givetvis
529 736 64 31 ock
616 736 77 31 icke
716 737 137 32 kunnat
875 740 121 36 undgå
1019 742 54 30 att
1095 744 215 34 ogynnsamt
1334 744 176 36 påverkas
1533 756 46 20 av
1602 747 69 30 den
1693 748 72 30 sär-

265 775 85 32 skilt
373 777 91 31 efter
487 778 118 37 kriget
630 781 11 29 i
668 780 91 32 ökad
782 783 90 34 grad
896 782 271 34 framträdande
1193 786 192 32 tendensen
1411 788 58 31 till
1491 788 195 36 sjöfartens
1712 791 52 30 ut-

265 820 166 37 veckling
457 824 11 29 i
494 822 163 37 riktning
683 825 72 30 mot
783 825 228 36 linjefartens
1037 828 217 37 utvidgning
1282 832 44 34 på
1356 831 66 31 den
1450 832 218 36 irreguljära
1697 834 66 36 sjö-

265 862 137 33 fartens
426 864 85 31 eller
535 866 260 36 trampfartens
819 868 203 34 bekostnad.

304 906 82 31 Men
410 907 98 32 detta
533 908 226 34 förhållande
785 912 56 30 får
868 912 115 32 såsom
1007 914 193 37 kollegium
1225 918 44 34 på
1294 917 55 31 sin
1374 918 52 31 tid
1452 919 11 29 i
1487 919 62 30 sitt
1577 920 186 32 utlåtande

264 951 151 30 rörande
434 951 207 33 inrättande
663 964 44 20 av
728 964 42 21 en
789 955 410 38 skeppshypotekskassa
1222 960 178 37 framhöll,
1419 961 76 31 icke
1516 963 113 31 under
1648 964 114 36 några

263 994 302 36 omständigheter
587 997 172 36 medföra,
781 1000 53 29 att
856 999 292 36 tillgodoseendet
1171 1013 44 20 av
1238 1004 257 35 trampfartens
1519 1006 166 35 speciella
1709 1007 53 31 be-

262 1035 67 32 hov
352 1036 212 33 eftersättes.
607 1039 253 37 Trampfarten
882 1042 65 31 har
968 1043 181 37 nämligen
1170 1045 158 36 alltjämt
1348 1047 55 31 sin
1425 1050 95 29 stora
1542 1049 147 37 uppgift
1709 1051 52 30 att

263 1079 89 35 fylla
380 1090 74 21 som
480 1081 238 37 komplement
745 1084 55 31 till
824 1085 220 38 linjefarten,
1069 1089 148 30 särskilt
1241 1091 78 30 med
1344 1091 142 36 hänsyn
1513 1092 57 30 till
1595 1093 167 31 intresset

262 1133 44 20 av
343 1125 53 29 att
433 1126 65 29 vår
533 1125 269 33 utrikeshandel
829 1129 11 29 i
867 1129 130 31 största
1022 1131 149 36 möjliga
1197 1133 251 37 utsträckning
1473 1137 58 29 må
1556 1136 122 32 kunna
1706 1137 57 31 till

261 1166 193 32 stärkande
475 1179 45 20 av
540 1170 66 29 vår
629 1170 330 37 betalningsbalans
979 1174 217 37 ombesörjas
1218 1178 44 34 på
1283 1178 151 30 svenska
1456 1178 111 32 kölar.
1608 1180 67 32 Det
1699 1180 62 31 bör

261 1208 221 34 härutinnan
501 1212 157 37 beaktas,
679 1215 54 29 att
752 1224 42 21 en
813 1216 74 30 stor
905 1216 57 31 del
981 1226 44 22 av
1046 1219 65 29 vår
1133 1221 133 34 export,
1289 1221 146 30 särskilt
1456 1223 176 36 trävaror,
1652 1223 108 31 malm

260 1253 63 30 och
345 1255 88 35 sten,
452 1256 111 30 måste
584 1256 117 31 anlita
721 1257 244 38 trampfartyg
985 1259 55 31 för
1060 1261 56 30 sin
1139 1262 181 36 transport
1343 1264 127 31 liksom
1495 1265 101 31 fallet
1619 1269 40 28 är
1681 1268 78 30 med

260 1305 43 21 en
320 1298 74 30 stor
413 1298 57 31 del
489 1308 44 21 av
553 1301 66 29 vår
638 1299 141 38 import,
799 1302 115 30 såsom
933 1303 137 32 stenkol
1089 1315 44 20 m.
1156 1315 44 21 m.

298 1339 68 32 Det
388 1342 112 30 måste
520 1342 11 30 i
551 1343 102 30 detta
674 1344 260 37 sammanhang
956 1346 235 38 konstateras,
1213 1350 53 29 att
1288 1351 241 35 trampfarten
1550 1352 131 33 hittills
1703 1364 56 21 en-

257 1382 82 32 dast
358 1384 12 30 i
390 1383 263 37 jämförelsevis
673 1387 137 31 mindre
831 1388 218 38 omfattning
1069 1390 149 32 kommit
1238 1393 10 29 i
1269 1391 214 38 åtnjutande
1503 1405 45 21 av
1570 1397 188 31 statsmak-

260 1427 120 31 ternas
402 1429 88 30 stöd.
571 1448 40 3 —
747 1450 40 3 —

296 1469 103 32 Trots
417 1471 43 31 de
481 1482 47 21 nu
551 1473 220 31 framhållna
792 1475 250 33 förhållanden
1063 1478 72 30 kan
1155 1478 193 37 kollegium
1368 1481 113 31 likväl
1501 1482 77 31 icke
1599 1493 48 21 nu
1670 1485 87 30 utan

258 1512 123 32 vidare
407 1514 184 37 tillstyrka
617 1517 177 32 särskilda
819 1519 169 35 åtgärder
1015 1520 11 30 i
1054 1521 210 38 anslutning
1292 1523 56 31 till
1375 1525 285 33 motionärernas
1688 1528 69 30 för-

257 1556 87 37 slag.
393 1557 67 31 Det
487 1559 162 36 resultat,
677 1561 124 30 vartill
829 1561 145 37 kollegii
1002 1563 217 33 bedömande
1249 1576 44 20 av
1321 1567 67 30 den
1419 1568 236 33 förevarande
1686 1571 71 31 frå-

258 1607 69 27 gan
349 1600 151 32 sålunda
522 1602 74 37 lett,
617 1603 131 31 hänför
768 1604 54 37 sig
842 1605 57 31 till
920 1607 60 30 två
1000 1607 118 32 skilda
1137 1609 86 31 skäl.

296 1642 205 37 Kollegium
522 1645 65 31 vill
609 1646 221 32 härutinnan
851 1648 57 31 till
926 1659 44 21 en
990 1650 127 36 början
1138 1652 202 38 framhålla,
1361 1656 55 29 att
1434 1655 58 31 det
1512 1657 75 30 står
1611 1657 54 31 för
1684 1658 71 31 kol-

257 1685 132 37 legium
410 1687 105 37 klart,
536 1690 54 29 att
611 1699 44 21 en
676 1691 38 30 så
736 1691 221 32 omfattande
981 1694 63 30 och
1066 1693 214 37 ingripande
1304 1699 92 28 samt
1418 1698 11 29 i
1451 1699 226 33 förhållande
1699 1700 56 32 till

256 1728 164 38 Sveriges
443 1730 130 33 hittills
597 1732 105 32 förda
725 1733 277 38 sjöfartspolitik
1025 1747 48 26 ny
1099 1738 93 31 form
1217 1749 43 20 av
1284 1741 210 36 stödåtgärd
1518 1752 74 22 som
1616 1744 67 31 den
1706 1745 49 30 fö-

256 1771 165 38 reslagna
445 1774 75 31 icke
543 1775 197 37 lämpligen
765 1777 61 31 bör
849 1778 133 32 anlitas
1007 1781 87 30 utan
1120 1791 42 20 en
1188 1783 195 36 väsentligt
1408 1794 97 22 mera
1525 1785 229 38 djupgående

255 1816 267 37 undersökning
550 1829 42 20 ur
620 1820 257 32 räntabilitets-
905 1822 63 31 och
996 1824 113 31 andra
1137 1826 222 35 synpunkter
1387 1838 45 20 av
1457 1828 296 39 sjöfartsnäring-

254 1868 60 22 ens
341 1859 250 33 förhållanden
618 1865 47 28 än
691 1872 72 21 som
788 1863 138 32 kunnat
953 1876 45 20 av
1022 1866 194 37 kollegium
1244 1870 213 32 verkställas
1485 1874 45 34 på
1557 1873 67 31 den
1650 1874 103 31 korta

254 1902 51 32 tid
326 1904 65 30 och
413 1905 78 30 med
511 1905 42 30 de
576 1906 123 35 medel,
723 1916 73 22 som
819 1908 88 31 stått
930 1909 193 36 kollegium
1146 1911 54 31 till
1226 1913 96 31 buds.
1365 1914 50 31 De
1438 1917 315 36 omständigheter,

253 1955 74 21 som
346 1947 12 30 i
378 1947 224 31 motionerna
624 1948 136 32 berörts
783 1951 63 30 och
868 1961 74 21 som
965 1953 10 29 i
999 1953 118 36 övrigt
1138 1965 46 20 av
1205 1955 192 37 kollegium
1420 1960 166 30 närmare
1610 1960 142 37 belysts,

252 1998 107 26 synas
381 1990 194 36 kollegium
598 1992 198 32 emellertid
816 2003 90 22 vara
928 2005 44 21 av
995 1996 69 31 den
1087 1997 194 37 allvarliga
1303 1999 182 39 karaktär,
1508 2004 55 29 att
1586 2013 43 21 en
1650 2004 102 36 dylik

252 2032 276 38 undersökning,
554 2045 75 21 som
654 2045 105 27 synes
784 2036 194 37 kollegium
1002 2039 85 31 böra
1111 2041 181 33 anförtros
1316 2044 37 30 åt
1376 2044 148 32 särskilt
1550 2046 201 33 tillkallade

251 2074 237 39 sakkunniga,
512 2080 40 28 är
575 2078 232 37 synnerligen
830 2080 169 36 påkallad
1023 2084 64 30 och
1113 2084 62 31 bör
1199 2086 75 30 med
1302 2087 57 30 det
1384 2090 162 30 snaraste
1569 2089 182 38 igångsät-

251 2120 63 30 tas.
356 2119 155 32 Särskilt
533 2121 114 31 skulle
670 2122 117 31 denna
810 2124 266 39 undersökning
1100 2137 90 21 vara
1214 2130 117 34 ägnad
1356 2131 54 29 att
1433 2132 228 38 ådagalägga
1681 2135 69 31 den

251 2162 229 38 omfattning,
520 2165 80 30 vari
639 2166 227 32 ekonomiska
904 2169 222 36 svårigheter
1157 2171 95 31 inom
1281 2173 175 35 sjöfarten
1485 2185 48 21 nu
1563 2176 187 38 föreligga,

250 2206 63 31 och
343 2207 11 29 i
386 2208 211 37 anslutning
628 2209 126 31 härtill
783 2211 94 30 hava
907 2212 56 30 till
992 2215 180 30 närmaste
1200 2216 168 35 syftemål
1398 2219 54 29 att
1482 2219 229 38 ådagalägga
1739 2222 11 29 i

250 2250 69 31 vad
347 2252 84 29 mån
460 2251 110 31 behov
598 2263 45 20 av
672 2253 177 32 särskilda
876 2256 250 36 stödåtgärder
1154 2258 82 31 från
1266 2260 134 31 statens
1429 2261 77 32 sida
1537 2263 55 31 för
1621 2264 128 36 sjöfar-

249 2294 59 29 ten
347 2294 114 31 under
498 2295 68 31 den
606 2297 210 31 nuvarande
856 2298 183 32 allmänna
1070 2300 121 32 krisen
1221 2302 193 37 föreligger
1444 2308 90 28 samt
1567 2307 42 30 de
1638 2308 110 36 lämp-

249 2335 127 36 ligaste
402 2338 179 30 formerna
605 2340 55 29 för
683 2340 192 31 eventuellt
899 2341 186 38 behövliga
1109 2344 124 36 dylika
1258 2346 178 36 åtgärder.
1480 2349 53 30 En
1558 2351 190 31 undersök-

249 2379 86 36 ning
360 2390 46 20 av
430 2381 68 30 den
525 2381 184 38 karaktär,
735 2393 122 21 varom
884 2384 65 32 här
977 2388 40 28 är
1046 2386 114 37 fråga,
1187 2388 113 31 skulle
1329 2392 90 29 även
1447 2392 186 33 såtillvida
1659 2405 88 21 vara

248 2431 44 22 av
316 2423 269 32 framträdande
609 2426 120 36 värde,
750 2437 71 20 som
841 2428 59 31 det
924 2429 59 31 vid
1005 2429 233 33 bedömandet
1261 2443 43 19 av
1327 2432 94 32 olika
1445 2437 173 33 spörsmål
1642 2438 11 30 i
1675 2438 72 36 lag-
