2228 2614
458 194 119 31 Första
601 196 200 31 kammarens
818 197 137 37 första
980 199 172 42 tillfälliga
1176 202 135 31 utskotts
1335 203 169 32 utlåtande
1528 205 51 30 Nr
1603 209 51 28 16.
1836 209 16 29 7

254 271 62 31 och
341 273 162 32 enskilda.
530 273 77 33 Men
633 275 178 43 härvidlag
835 277 101 42 hyser
959 279 69 41 jag,
1053 282 43 39 på
1120 282 111 39 grund
1257 293 42 21 av
1325 284 232 31 erfarenheten
1584 295 41 22 av
1643 286 56 31 det
1715 287 138 32 intresse

254 325 72 22 som
362 319 43 39 på
430 318 64 31 alla
521 318 67 32 håll
614 320 103 32 visats
742 321 315 35 Nationalmuseum
1083 325 107 32 under
1217 326 76 32 dess
1318 338 46 20 nu
1390 329 175 40 pågående
1589 330 262 41 omdaningstid,

252 359 41 32 de
318 367 168 27 varmaste
510 364 276 42 förhoppningar.

385 406 146 32 Därnäst
557 407 174 33 bestämda
754 414 48 27 att
827 411 135 32 komma
989 413 8 30 i
1023 414 96 39 fråga
1143 425 72 21 som
1241 416 193 40 ytterligare
1449 416 331 44 depositionsplatser
1793 425 57 27 äro

251 448 40 32 de
317 450 187 40 kategorier
527 462 43 22 av
595 456 124 28 statens
745 454 196 42 byggnader
966 457 60 31 och
1052 458 238 38 institutioner,
1317 471 70 20 som
1407 461 103 31 redan
1530 462 87 31 förut
1636 463 10 30 i
1663 459 186 50 deposition

251 493 61 31 fått
349 498 151 36 mottaga
536 497 141 32 föremål
713 508 40 21 ur
788 503 125 28 statens
950 502 184 41 samlingar
1160 522 26 2 —
1226 505 110 29 såsom
1373 505 258 32 universitetens
1656 508 191 40 samlingar,

249 537 214 32 ämbetsverk
482 539 11 31 i
511 539 193 33 Stockholm
730 543 60 30 och
817 545 43 39 på
873 544 204 40 landsorten,
1095 546 268 40 legationshotell
1381 548 10 30 i
1410 549 178 31 utländska
1606 547 241 50 huvudstäder,

250 580 358 44 hovrättsbyggnader,
634 585 233 41 länsresidens,
885 588 11 31 i
914 589 89 31 vissa
1028 589 175 32 bestämda
1228 591 58 32 fall
1311 591 145 32 militära
1474 593 249 33 etablissement
1740 606 42 21 m.
1802 608 44 21 m.

382 627 135 31 Antalet
555 638 43 22 av
634 629 40 31 de
711 630 253 41 konstföremål,
991 644 72 21 som
1089 636 23 31 f.
1138 645 32 21 n.
1209 636 110 31 finnas
1345 637 241 32 undanställda
1610 641 43 39 på
1678 639 168 32 National-

250 671 106 31 musei
393 671 82 32 vind
512 672 63 31 och
611 684 71 21 som
720 676 84 31 efter
834 676 110 33 behov
981 678 114 32 kunna
1133 679 138 32 komma
1309 681 108 41 ifråga
1454 683 53 30 för
1542 679 303 50 depositionsverk-

249 715 140 37 samhet,
428 720 36 27 är
500 717 90 32 cirka
627 720 64 30 800
726 720 148 41 stycken,
912 732 77 21 men
1021 723 120 32 därvid
1179 729 37 26 är
1251 728 48 28 att
1325 726 127 38 märka,
1478 729 48 29 att
1550 738 42 22 av
1617 728 97 32 dessa
1737 729 9 31 i
1765 730 80 32 allra

246 759 103 31 första
375 760 91 32 hand
493 764 47 29 ett
564 764 94 31 urval
695 764 83 32 skall
814 770 97 36 göras
949 768 51 30 för
1024 771 48 28 att
1096 769 218 41 komplettera
1331 771 40 31 de
1388 770 280 34 konsthistoriska
1686 774 100 31 serier
1800 785 43 21 av

245 802 253 41 konstföremål,
525 816 71 22 som
630 808 93 31 alltid
757 809 79 32 böra
861 811 108 32 finnas
995 812 208 41 tillgängliga
1230 815 51 30 för
1306 815 150 31 forskare
1480 817 91 30 inom
1590 822 130 28 museet
1737 819 105 31 eller
1826 798 20 59 i

244 847 77 31 dess
339 849 128 37 närhet,
487 855 86 27 även
591 862 54 20 om
664 852 40 32 de
722 853 73 32 icke
813 859 56 27 äro
886 857 211 40 exponerade
1114 858 9 30 i
1142 858 40 31 de
1195 859 53 30 för
1260 858 228 33 allmänheten
1503 853 135 48 avsedda
1656 853 184 48 lokalerna.

377 893 51 30 En
455 894 9 30 i
490 894 101 42 detalj
629 896 173 34 utarbetad
840 899 78 41 plan
944 901 53 30 för
1021 901 233 42 fördelningen
1278 914 43 20 av
1345 904 41 31 de
1411 904 192 40 konstverk,
1629 917 83 28 som,
1739 908 101 31 sedan

243 934 91 33 detta
370 938 125 41 nödiga
531 940 96 32 urval
663 942 95 38 skett,
796 944 132 39 återstå,
963 945 84 31 skall
1072 951 169 36 uppgöras
1266 949 37 30 så
1327 952 92 28 snart
1443 948 64 32 den
1533 960 66 31 nye
1623 950 218 34 intendenten

242 980 108 32 under
386 993 41 21 en
464 982 49 32 till
550 994 188 23 sommaren
778 987 161 41 planerad
963 990 282 40 inspektionsresa
1271 992 185 32 undersökt
1482 994 271 33 önskvärdheten
1778 998 62 30 och

242 1025 220 41 möjligheten
500 1038 43 22 av
579 1029 225 42 depositioner
839 1034 43 40 på
919 1033 41 32 de
993 1034 49 32 till
1067 1038 46 28 ett
1137 1035 100 32 30-tal
1262 1037 202 41 uppgående
1490 1038 132 42 platser,
1648 1041 77 31 från
1750 1041 91 32 vilka

242 1070 231 42 ansökningar
497 1073 104 32 redan
626 1075 101 31 sedan
752 1076 99 42 länge
876 1078 173 42 föreligga.

376 1115 80 33 Som
491 1118 59 41 jag
586 1119 62 32 och
685 1121 116 41 övriga
837 1122 222 34 medlemmar
1095 1135 42 22 av
1162 1125 268 33 Nationalmusei
1456 1128 128 31 nämnd
1610 1130 44 40 på
1678 1129 56 33 det
1758 1130 81 32 allra

240 1157 166 43 livligaste
442 1161 154 43 behjärta
629 1165 272 33 önskvärdheten
926 1178 43 21 av
993 1172 47 28 att
1064 1169 41 32 de
1129 1170 192 39 konstverk,
1347 1182 73 21 som
1446 1172 187 33 sedermera
1659 1175 180 32 eventuellt

241 1202 110 34 finnas
375 1205 202 42 disponibla,
603 1210 57 30 må
683 1210 116 32 kunna
823 1215 98 37 göras
946 1212 208 43 tillgängliga
1178 1216 53 31 för
1254 1215 116 32 vidare
1394 1216 128 32 kretsar
1546 1228 43 22 av
1614 1220 122 31 svensk
1755 1221 82 40 pub-

239 1247 56 40 lik,
321 1249 62 32 har
408 1252 173 31 nämnden
611 1254 101 31 redan
738 1256 72 31 före
835 1260 232 37 mottagandet
1092 1269 42 22 av
1159 1260 124 40 nådiga
1308 1261 161 31 remissen
1496 1262 186 33 diskuterat
1707 1264 128 43 möjlig-

238 1292 137 33 heterna
413 1305 42 23 av
491 1300 48 28 att
575 1297 64 32 öka
674 1300 124 31 antalet
833 1310 43 23 av
912 1301 41 33 de
981 1302 187 41 kategorier
1205 1304 197 42 byggnader
1427 1306 62 32 och
1514 1306 236 42 institutioner,
1775 1309 61 32 där

239 1336 226 42 depositioner
489 1341 114 33 kunde
627 1343 257 41 ifrågakomma,
910 1346 10 31 i
942 1347 141 32 främsta
1108 1354 146 27 rummet
1278 1350 78 31 med
1380 1351 101 32 tanke
1507 1353 43 39 på
1574 1352 165 40 skolorna,
1765 1364 69 22 var-

237 1381 90 32 ifrån
363 1386 47 29 ett
446 1386 91 30 antal
569 1387 229 41 ansökningar
822 1400 55 21 om
902 1390 56 32 lån
984 1402 41 21 av
1049 1392 183 33 konstverk
1257 1394 101 32 också
1382 1395 109 31 under
1515 1395 41 31 de
1581 1396 80 31 sista
1685 1399 78 30 åren
1788 1399 45 30 in-

237 1425 153 34 kommit.
438 1428 180 33 Nämnden
655 1432 123 32 enades
812 1433 43 31 då
879 1444 55 21 om
960 1438 48 28 att
1032 1436 96 32 dessa
1152 1437 230 41 ansökningar
1405 1441 117 39 tyvärr
1547 1442 106 31 måste
1677 1441 157 33 besvaras

236 1470 154 33 nekande
424 1473 71 32 dels
525 1475 140 33 emedan
690 1477 126 33 antalet
840 1478 112 33 skolor
977 1490 78 22 vore
1080 1482 36 30 så
1141 1485 82 28 stort
1247 1483 11 31 i
1283 1482 212 34 förhållande
1520 1484 49 31 till
1594 1485 41 32 de
1659 1481 174 51 depositio-

235 1525 68 29 ner,
330 1526 72 22 som
428 1518 114 32 kunde
566 1519 258 42 ifrågakomma,
849 1523 64 32 och
937 1527 48 28 att
1009 1526 139 32 rättvisa
1172 1531 139 37 gränser
1335 1528 61 32 bär
1421 1529 168 41 svårligen
1613 1530 66 32 läte
1695 1532 51 40 sig
1762 1531 71 33 dra-

232 1569 70 30 gas,
338 1560 71 33 dels
446 1563 77 32 med
560 1566 100 31 tanke
688 1567 43 40 på
756 1567 215 42 svårigheten
997 1573 48 29 att
1068 1571 10 31 i
1104 1571 156 32 skolorna
1286 1572 122 32 bereda
1433 1577 126 29 statens
1583 1575 182 33 konstverk
1790 1587 40 21 en

231 1604 142 34 effektiv
409 1607 154 40 kontroll,
600 1609 154 43 lämpligt
790 1612 108 41 skydd
936 1614 62 31 och
1027 1615 82 32 vård
1134 1616 103 32 bland
1263 1618 70 31 ofta
1364 1618 238 43 »klåfingriga»
1631 1619 200 34 barnskaror

232 1653 86 28 samt
338 1651 10 30 i
367 1652 206 41 byggnader,
599 1665 72 21 som
697 1656 72 32 icke
793 1657 94 32 alltid
912 1657 124 34 bereda
1060 1663 46 29 ett
1131 1661 227 43 förstklassigt
1382 1663 110 41 skydd
1517 1667 70 28 mot
1603 1664 138 39 eldfara,
1760 1666 69 32 dels

232 1693 156 43 slutligen
417 1697 77 32 med
520 1699 101 31 tanke
646 1702 43 39 på
713 1704 48 28 att
785 1701 56 32 det
865 1702 104 33 redan
994 1705 89 31 finns
1107 1715 42 22 en
1175 1706 142 32 särskild
1342 1708 167 40 förening,
1535 1708 171 42 nämligen
1735 1711 94 31 »För-

229 1739 146 41 eningen
401 1741 154 33 Konsten
574 1744 10 30 i
601 1744 149 40 skolan»,
776 1746 112 32 vilken
914 1748 105 32 sedan
1044 1750 42 31 20
1110 1751 38 30 år
1171 1750 139 33 tillbaka
1334 1753 44 40 på
1402 1755 46 29 ett
1476 1754 214 41 synnerligen
1715 1755 113 32 erkän-

232 1788 162 29 nansvärt
419 1790 66 28 sätt
509 1791 102 37 ägnat
635 1789 51 39 sig
710 1791 33 30 åt
767 1791 175 34 skolornas
967 1794 184 41 prydande.

362 1829 96 33 Efter
485 1834 231 41 mottagandet
740 1845 43 23 av
807 1836 125 41 nådiga
956 1839 163 32 remissen
1144 1839 61 32 har
1226 1840 58 42 jag
1301 1851 122 31 genom
1441 1842 220 33 inhämtande
1678 1854 43 23 av
1738 1845 89 32 vissa

230 1872 183 34 statistiska
449 1877 173 41 uppgifter
649 1879 64 31 fålt
737 1881 190 33 nämndens
952 1884 156 32 omdöme
1132 1885 193 40 ytterligare
1350 1886 159 41 bestyrkt.
1558 1888 136 32 Antalet
1718 1889 110 33 skolor

231 1935 42 4 --
298 1917 71 33 däri
394 1920 187 33 inräknade
606 1923 70 32 dels
700 1926 125 31 statens
850 1926 103 42 högre
978 1927 170 34 allmänna
1172 1930 162 37 läroverk,
1360 1931 264 42 folkhögskolor,
1658 1934 81 31 folk-
1765 1935 62 31 och

229 1963 375 43 småskoleseminarier,
630 1968 220 34 kommunala
874 1971 247 41 mellanskolor,
1148 1974 103 42 högre
1272 1976 185 32 folkskolor
1474 1977 62 32 och
1553 1978 185 32 folkskolor
1755 1979 70 32 dels

226 2016 43 23 av
294 2011 107 29 staten
426 2010 229 34 understödda
680 2024 87 30 goss-
793 2015 63 32 och
880 2017 197 40 samskolor,
1105 2019 152 32 enskilda
1281 2021 248 38 mellanskolor,
1554 2022 103 41 högre
1674 2023 151 33 flicksko-

225 2050 59 39 lor,
310 2054 155 32 tekniska
490 2055 120 41 skolor,
636 2057 90 41 lägre
750 2060 155 33 tekniska
928 2062 213 40 yrkesskolor
1164 2068 88 28 samt
1276 2067 105 30 andra
1400 2066 194 33 fackskolor
1613 2087 36 4 —
1669 2068 155 42 utgjorde

225 2097 37 30 år
288 2097 82 32 1917
397 2099 10 31 i
433 2103 78 28 runt
535 2101 45 31 tal
607 2103 118 38 14,000
749 2104 149 41 stycken,
924 2105 104 33 bland
1052 2108 91 32 vilka
1167 2108 56 33 det
1247 2110 144 32 sålunda
1415 2115 36 27 är
1467 2111 159 33 uteslutet
1642 2116 48 29 att
1708 2115 116 29 kunna

222 2141 239 35 åstadkomma
484 2155 42 21 en
552 2147 117 32 rättvis
693 2148 193 43 fördelning
909 2161 43 22 av
977 2155 145 29 museets
1143 2153 190 42 disponibla
1351 2155 244 33 konstbestånd
1612 2157 120 33 sådant
1749 2168 72 22 som

223 2185 56 32 det
303 2187 76 31 med
405 2190 199 33 nuvarande
628 2192 241 43 inköpsanslag
894 2196 159 40 gestaltar
1077 2198 59 40 sig.

356 2232 76 32 Vad
459 2233 214 44 Föreningen
697 2237 153 34 Konsten
875 2240 11 31 i
911 2240 118 33 skolan
1055 2241 158 34 beträffar
1238 2243 61 32 har
1320 2244 66 32 den
1403 2245 108 33 under
1527 2246 51 32 sin
1596 2247 148 41 20-åriga
1770 2247 49 32 till

222 2284 81 23 varo
320 2277 127 32 utdelat
464 2281 42 29 20
524 2280 138 41 stycken
680 2282 327 42 origivalkonstverk
1023 2287 53 32 för
1088 2287 11 32 i
1113 2291 78 28 runt
1207 2288 45 32 tal
1270 2290 121 38 23,000
1419 2290 133 39 kronor,
1570 2295 47 28 ett
1633 2294 82 30 stort
1730 2292 91 33 antal

222 2322 279 39 reproduktioner
536 2326 54 31 för
627 2327 118 38 12,000
780 2328 133 41 kronor,
946 2341 42 22 en
1012 2331 213 43 konstnärlig
1248 2334 224 42 färglitografi
1495 2346 43 23 av
1563 2335 75 33 Carl
1662 2337 155 40 Larsson,
