1894 2844
455 164 416 39 Bevillningsutskottets
893 163 224 34 betänkande
1136 163 53 33 Nr
1214 163 53 31 37.
1531 162 40 31 11

152 294 296 44 Skattskyldigs
477 293 102 45 plikt
603 296 56 31 att
682 293 136 33 lämna
842 292 247 34 medverkan
1112 291 61 35 till
1197 291 165 43 ledning
1384 290 64 34 för
1472 297 98 37 egen

762 353 197 43 taxering.

152 442 19 31 I
195 452 49 23 nu
270 441 236 32 förevarande
532 440 199 33 hänseende
754 441 67 31 har
845 441 12 31 i
881 440 267 38 propositionen
1172 439 12 31 i
1210 439 115 31 första
1350 437 95 33 hand
1470 436 145 33 föresla-

109 494 73 37 gits
213 495 71 31 den
318 494 210 37 ändringen,
562 494 54 31 att
649 493 229 32 beträffande
915 492 73 32 alla
1023 491 267 37 skattskyldiga
1326 490 92 32 skall
1452 490 161 32 deklara-

114 545 235 37 tionsplikten
369 546 122 31 kunna
512 545 243 37 framtvingas
777 553 126 28 genom
923 543 256 38 föreläggande
1202 553 47 21 av
1269 543 73 31 vite
1366 542 51 36 (39
1438 541 18 36 $
1477 543 17 29 1
1514 550 104 22 mom.

112 598 41 30 49
183 596 18 39 $
231 599 19 31 1
281 596 131 37 mom.).
462 596 187 38 Därjämte
682 597 67 31 har
780 596 216 37 föreslagits,
1027 597 54 30 att
1110 593 402 38 deklarationsskyldig,
1541 602 77 22 som

109 649 202 32 underlåtit
336 651 54 30 att
413 649 96 31 inom
536 649 224 31 föreskriven
785 648 54 32 tid
860 648 170 31 avlämna
1052 647 236 36 deklaration,
1310 647 69 36 må,
1402 646 119 32 därest
1544 645 72 31 han

110 700 124 33 tillika
256 701 139 32 lämnat
415 701 134 37 oriktig
573 700 220 38 upplysning
816 700 152 31 rörande
991 709 109 22 namn
1121 699 86 32 eller
1229 698 115 32 andra
1366 697 251 33 förhållanden

114 753 58 31 till
194 753 78 37 den,
296 764 78 22 som
396 756 42 29 är
462 752 144 38 skyldig
630 754 54 30 att
707 752 162 32 meddela
891 751 222 38 upplysning
1137 751 58 31 tll
1219 750 399 37 taxeringsmyndighet

113 806 59 31 till
196 804 148 38 ledning
372 806 57 31 för
454 805 68 31 den
549 803 285 38 skattskyldiges
859 803 178 37 taxering,
1067 803 145 32 ådömas
1237 803 102 31 böter
1368 801 71 37 (141
1464 802 19 36 $
1510 804 18 29 I
1553 801 65 32 och

112 857 22 31 2
152 857 131 37 mom.).

155 908 127 39 Enligt
304 921 49 20 nu
376 909 165 38 gällande
561 908 268 32 bestämmelser
851 910 41 30 är
916 917 113 22 envar
1050 906 144 38 skyldig
1221 907 54 31 att
1299 906 92 31 efter
1413 905 205 36 anmaning,

112 962 15 32 i
148 961 69 32 den
240 961 220 37 omfattning
484 971 75 22 som
582 961 12 31 i
617 960 243 37 anmaningen
884 959 170 38 angivits,
1075 958 163 32 meddela
1261 959 58 30 för
1341 967 88 28 egen
1452 957 166 37 taxering

109 1013 244 38 erforderliga
374 1013 186 37 uppgifter
583 1014 126 30 utöver
730 1012 89 36 dem,
843 1022 74 22 som
939 1010 205 33 föranledas
1167 1021 46 21 av
1237 1010 380 32 deklarationsformu-

112 1064 102 33 läret.
256 1065 127 32 Denna
406 1063 449 39 upplysningsskyldighet
877 1064 66 31 har
965 1062 206 38 föreslagits
1192 1061 101 33 skola
1316 1061 96 38 gälla
1434 1064 91 29 även
1547 1061 70 31 för-

115 1116 204 38 hållanden,
343 1127 76 22 som
441 1127 83 21 avse
550 1116 54 32 tid
628 1116 77 32 före
728 1115 332 37 beskattningsåret
1083 1115 65 30 och
1171 1114 102 31 vilka
1295 1114 123 31 kunna
1445 1114 95 31 hava
1564 1113 56 31 be-

113 1169 137 37 tydelse
270 1170 58 31 för
347 1168 187 32 åsättande
552 1178 46 22 av
618 1168 166 37 taxering
803 1167 87 31 eller
908 1166 261 37 eftertaxering
1191 1165 52 37 (54
1263 1164 45 38 $).

155 1219 126 39 Enligt
305 1220 39 33 93
370 1220 18 38 $
412 1219 447 38 taxeringsförordningen
883 1218 93 32 skall
1003 1218 347 36 landskamreraren,
1375 1227 57 22 om
1455 1218 71 31 han
1552 1217 67 31 fin-

115 1284 64 21 ner
197 1273 195 37 anledning
411 1273 57 31 till
484 1273 146 31 erinran
646 1273 75 31 mot
739 1272 74 32 viss
830 1272 177 36 taxering,
1024 1271 67 31 där
1106 1271 42 31 så
1164 1270 73 31 kan
1254 1270 62 31 ske
1333 1270 65 31 och
1416 1270 107 37 fråga
1541 1269 77 31 icke

110 1328 44 29 är
177 1326 154 31 allenast
355 1336 56 21 om
434 1325 185 37 uppenbar
643 1324 217 36 felräkning,
885 1322 260 37 misskrivning
1170 1322 86 31 eller
1279 1323 113 30 annat
1416 1321 201 37 uppenbart

115 1376 233 37 förbiseende,
370 1377 121 31 lämna
509 1376 69 31 den
600 1375 264 37 skattskyldige
884 1374 147 32 tillfälle
1051 1375 54 31 att
1124 1375 101 36 yttra
1244 1374 67 36 sig.
1352 1373 127 37 Någon
1499 1372 119 32 direkt

112 1429 262 37 motsvarighet
395 1429 57 32 till
470 1429 119 32 denna
609 1428 246 32 bestämmelse
876 1427 118 31 finnes
1016 1426 77 32 icke
1112 1426 154 36 stadgad
1287 1426 12 30 i
1320 1426 107 36 fråga
1445 1435 57 21 om
1520 1427 96 29 taxe-

116 1480 248 38 ringsnämnd.
420 1480 170 31 Däremot
629 1479 218 31 föreskrives
885 1479 12 31 i
935 1477 40 32 90
1002 1476 18 38 $
1048 1479 18 29 2
1090 1487 115 26 mom.,
1232 1478 55 30 att
1313 1486 57 22 om
1394 1476 226 31 deklaration

113 1532 79 33 icke
216 1534 108 32 blivit
347 1532 91 37 följd
460 1532 63 32 vid
545 1532 222 37 taxeringen,
791 1531 93 32 skall
905 1529 385 38 taxeringsnämndens
1310 1529 217 31 ordförande
1548 1528 71 32 till-

112 1586 115 32 sända
249 1586 69 32 den
341 1583 263 38 skattskyldige
626 1583 262 32 underrättelse
914 1592 57 21 om
993 1581 209 32 avvikelsen
1223 1581 65 32 och
1312 1591 57 21 om
1391 1581 124 31 skälen
1538 1580 81 32 där-

116 1638 66 32 för.

155 1689 19 31 I
200 1689 211 37 anslutning
442 1688 127 32 härtill
597 1687 90 32 hade
714 1687 42 31 de
784 1686 229 37 sakkunniga
1040 1685 213 36 framhållit,
1279 1684 110 32 bland
1417 1686 121 34 annat,
1565 1685 55 30 att

114 1742 62 32 det
198 1743 122 35 syntes
346 1752 90 21 vara
462 1740 236 37 obestridligt,
724 1741 54 30 att
804 1738 320 33 underlåtenheten
1150 1739 54 30 att
1230 1737 121 32 lämna
1376 1737 242 37 skattskyldig

115 1793 148 31 tillfälle
283 1794 55 31 att
361 1794 99 35 yttra
478 1792 66 37 sig,
563 1792 112 31 innan
695 1789 183 32 avvikelse
900 1791 83 30 från
1002 1800 46 20 av
1068 1790 130 30 honom
1218 1789 158 36 avgiven
1394 1788 225 31 deklaration

121 1847 152 38 gjordes,
294 1847 184 37 uppväckt
499 1857 43 21 en
565 1848 73 30 rätt
662 1847 39 31 så
722 1845 162 37 naturlig
906 1844 115 37 ovilja
1040 1843 109 32 bland
1169 1843 43 32 de
1237 1842 276 38 skattskyldiga.
1555 1842 68 30 Det

118 1909 85 24 vore
228 1899 201 32 emellertid
452 1898 211 38 uppenbart,
687 1899 55 30 att
766 1896 263 36 skattskyldigs
1052 1895 157 31 hörande
1236 1895 77 31 icke
1337 1894 118 31 kunde
1480 1893 144 38 påford-

120 1961 59 24 ras
200 1952 11 31 i
233 1952 104 36 varje
360 1951 74 36 fall,
454 1950 47 31 då
521 1948 366 37 taxeringsnämnden
908 1948 133 36 ansåge
1066 1946 77 32 skäl
1165 1946 179 37 föreligga
1365 1946 55 30 för
1442 1945 181 31 avvikelse

118 2003 85 31 från
245 2014 47 20 av
340 2003 129 31 honom
492 2001 157 37 avgiven
670 1999 236 32 deklaration.
954 1998 124 32 Gällde
1102 1998 59 31 det
1183 1997 218 37 exempelvis
1426 1996 196 37 tolknings-

117 2055 88 31 eller
225 2052 401 39 värderingsspörsmål,
643 2052 63 32 vid
720 2051 119 32 vilkas
855 2050 220 33 bedömande
1092 2048 367 38 taxeringsnämnden
1477 2048 145 32 måhän-

117 2107 48 31 da
187 2107 126 32 endast
336 2106 111 36 följde
468 2106 98 30 inom
585 2104 98 32 länet
703 2103 153 31 allmänt
876 2101 210 38 tillämpade
1107 2111 152 26 normer,
1281 2102 120 36 syntes
1425 2102 51 30 ett
1495 2100 129 33 sådant

120 2158 276 37 förfaringssätt
439 2158 179 36 knappast
652 2166 90 21 vara
765 2153 242 37 erforderligt.
1054 2153 50 31 De
1132 2152 229 37 sakkunniga
1385 2152 90 32 hade
1498 2152 126 31 därför

120 2209 191 37 föreslagit
352 2208 191 32 införande
583 2218 46 21 av
648 2209 52 30 ett
719 2208 83 35 nytt
833 2207 6 31 2
862 2215 103 22 mom.
986 2204 57 32 till
1063 2205 39 31 79
1124 2203 17 38 $
1164 2204 79 31 med
1266 2203 206 38 stadgande,
1493 2205 55 29 att
1568 2212 56 22 om

120 2260 385 37 taxeringsnämndens
527 2258 214 32 ordförande
764 2258 133 36 ansåge
920 2256 243 37 skattskyldig
1185 2256 88 31 böra
1295 2257 89 29 utan
1407 2255 173 32 avseende
1604 2255 21 30 å

120 2312 12 32 i
160 2312 227 32 deklaration
414 2311 145 31 lämnad
586 2310 147 36 uppgift
760 2310 137 30 åsättas
925 2308 166 36 taxering
1120 2307 93 31 efter
1243 2306 382 37 taxeringsnämndens

118 2364 274 38 uppskattning,
412 2363 114 31 skulle
548 2363 82 35 han,
649 2362 66 31 där
736 2363 40 29 så
798 2361 60 30 ske
880 2359 129 37 kunde,
1032 2359 120 31 lämna
1176 2359 67 31 den
1267 2358 262 36 skattskyldige
1552 2358 69 30 till-

122 2417 87 32 fälle
234 2418 54 30 att
310 2416 100 35 yttra
432 2414 64 36 sig.

163 2469 50 31 De
232 2466 247 36 sakkunnigas
501 2464 134 37 förslag
657 2464 11 30 i
691 2462 235 33 förevarande
946 2460 173 33 avseende
1138 2460 66 32 har
1224 2460 76 31 icke
1324 2460 185 37 upptagits
1528 2460 10 31 i
1558 2459 69 32 den
