1916 2852
317 181 20 29 4
494 182 115 32 Andre
634 184 202 34 kammarens
861 186 112 33 femte
997 186 168 44 tillfälliga
1188 190 135 32 utskotts
1347 192 163 32 utlåtande
1534 194 52 31 Nr
1610 199 30 27 6.

913 261 290 47 Reservation

317 344 63 34 har
391 346 156 33 anmälts
561 357 41 22 av
617 349 121 32 herrar
756 350 125 33 Olsson
895 353 11 29 i
924 352 83 37 Hov,
1024 355 203 39 Alströmer,
1243 358 199 32 Johansson
1458 360 12 29 i
1488 362 96 39 Väby
1602 363 65 30 och
1684 361 115 34 Lund-

315 409 94 30 gren,
429 401 93 31 vilka
541 404 124 34 ansett,
686 406 49 29 att
754 405 190 32 utskottets
961 408 182 32 utlåtande
1162 410 80 30 bort
1259 412 91 31 hava
1368 413 157 40 följande
1542 414 149 40 lydelse:

360 453 119 31 ”Inom
500 455 170 32 utskottet
690 457 88 30 hava
797 459 230 41 meningarna
1046 462 89 30 varit
1156 472 80 21 ense
1256 472 55 21 om
1330 466 60 30 det
1410 467 212 40 berättigade
1644 469 11 29 i
1675 470 122 31 motio-

316 516 86 21 nens
421 508 103 38 syfte.
546 509 121 31 Denna
689 519 98 21 avser
808 514 48 28 ett
877 513 317 38 missförhållande,
1219 525 72 21 som
1314 519 107 29 redan
1444 520 82 40 tagit
1550 521 50 40 sig
1621 523 142 39 uttryck
1785 524 10 29 i

315 561 236 30 ovanberörda
571 563 329 40 riksdagsskrivelse
923 575 40 21 av
984 567 37 30 år
1045 568 94 30 1921.
1181 569 120 31 Denna
1324 571 164 32 skrivelse
1507 574 65 30 har
1593 574 203 42 visserligen

313 613 44 40 på
376 613 125 41 Kungl.
522 615 123 40 Maj:ts
663 616 280 33 föranstaltande
963 620 159 40 delgivits
1142 622 41 30 de
1204 623 194 31 statistiska
1419 625 275 37 ämbetsverken,
1715 638 79 21 men

313 666 105 39 något
439 667 147 32 resultat
612 669 106 30 därav
742 670 54 30 för
820 671 234 32 allmänheten
1080 674 65 30 har
1170 676 93 29 ännu
1288 676 75 30 icke
1391 677 181 41 försports.
1619 681 175 31 Utskottet

312 720 70 30 kan
416 720 109 31 förstå
557 722 40 30 de
631 723 275 40 betänkligheter
937 728 73 28 mot
1043 736 42 20 en
1120 728 150 30 särskild
1302 731 187 39 utredning
1519 732 12 29 i
1568 734 118 35 saken,
1721 744 72 21 som

313 773 35 29 få
375 775 145 39 antagas
550 775 88 30 hava
671 776 164 31 föranlett
867 778 124 40 Kungl.
1023 780 125 40 Maj:ts
1177 781 125 36 beslut,
1334 792 81 21 men
1445 783 46 31 då
1519 785 128 40 frågan
1668 796 55 21 om
1742 789 52 29 in-

313 827 258 40 skränkningar
588 828 12 29 i
620 829 67 30 den
707 829 166 32 officiella
894 832 197 31 statistiken
1112 843 47 20 nu
1181 835 37 28 är
1238 835 110 30 under
1368 837 212 41 behandling
1599 848 44 21 av
1664 841 129 30 statens

310 880 400 40 bepsaringskommitté,
736 892 101 30 synes
861 886 47 28 ett
932 885 158 41 lämpligt
1113 887 136 30 tillfälle
1272 889 150 39 erbjuda
1447 890 50 40 sig
1520 893 49 28 att
1595 891 91 40 ånyo
1708 902 85 32 upp-

311 935 78 38 taga
416 933 56 31 det
499 943 41 21 av
566 935 186 41 riksdagen
780 937 194 31 framförda
1002 940 227 31 önskemålet.
1280 942 422 41 Besparingskommittén
1729 947 63 30 har

310 987 50 30 att
383 986 173 31 behandla
579 988 40 31 de
645 989 194 31 statistiska
863 992 283 31 ämbetsverkens
1171 994 235 40 organisation
1431 997 63 29 och
1519 997 273 33 arbetsmetoder

310 1039 78 30 med
422 1040 138 39 hänsyn
596 1041 52 30 till
677 1043 131 29 statens
832 1051 88 31 egna
947 1046 218 39 synpunkter
1202 1056 55 21 om
1284 1048 145 40 möjliga
1455 1049 236 41 besparingar.
1741 1053 50 29 Då

311 1101 133 22 samma
468 1094 181 30 kommitté
674 1095 9 28 i
708 1095 109 40 övrigt
841 1097 63 28 har
928 1097 37 29 så
988 1098 126 40 många
1138 1099 63 29 och
1226 1100 175 32 krävande
1424 1103 178 40 uppgifter
1628 1105 52 39 sig
1705 1105 86 31 före-

310 1146 111 39 lagda,
443 1147 69 29 kan
535 1147 56 30 det
612 1148 138 30 befaras
770 1150 51 29 att
844 1149 40 30 de
907 1151 228 39 synpunkter,
1159 1161 73 21 som
1257 1153 164 32 föranlett
1445 1157 237 31 ovanberörda
1705 1158 86 31 riks-

310 1199 252 39 dagsskrivelse
585 1201 64 29 och
672 1202 124 29 vunnit
816 1203 141 38 uttryck
976 1204 13 28 i
1011 1204 188 35 motionen,
1223 1206 74 30 icke
1320 1208 86 29 utan
1427 1209 152 30 särskild
1604 1210 187 31 framställ-

309 1253 85 39 ning
425 1253 91 30 bliva
547 1254 213 40 tillbörligen
792 1255 168 31 beaktade
994 1257 56 29 vid
1085 1257 227 32 kommitténs
1346 1260 126 31 arbete.
1517 1262 47 30 Ur
1588 1262 102 31 dessa
1714 1273 77 30 syn-

309 1305 151 40 punkter
484 1306 95 31 torde
603 1316 42 21 en
671 1308 150 30 särskild
846 1308 259 42 framställning
1127 1311 11 29 i
1165 1312 105 29 saken
1295 1322 82 21 vara
1400 1313 54 30 väl
1477 1315 204 31 motiverad.

353 1359 175 30 Utskottet
546 1360 211 34 hemställer,

662 1443 49 28 att
734 1442 108 30 andra
865 1442 204 31 kammaren
1091 1443 108 31 måtte
1223 1445 51 30 för
1299 1446 54 30 sin
1376 1447 55 30 del
1453 1447 145 36 besluta,
1623 1449 57 30 det
1704 1450 86 30 riks-

613 1494 114 39 dagen
747 1494 77 31 ville
844 1495 11 29 i
876 1495 164 31 skrivelse
1060 1496 53 30 till
1133 1497 125 40 Kungl.
1279 1499 105 39 Maj:t
1405 1500 149 36 anhålla,
1576 1503 51 29 att
1647 1502 57 30 vid
1725 1503 64 30 den

615 1547 96 30 inom
750 1549 130 29 statens
917 1549 389 40 besparingskommitté
1342 1552 176 40 pågående
1557 1555 232 40 utredningen

617 1600 177 40 angående
821 1602 299 40 inskränkningar
1149 1604 10 28 i
1189 1604 55 29 det
1275 1605 193 30 statistiska
1498 1607 132 31 arbetet
1659 1607 129 40 jämväl

617 1653 106 30 måtte
755 1656 97 38 tagas
884 1655 8 29 i
926 1656 247 39 övervägande,
1205 1657 173 31 huruvida
1411 1659 62 29 och
1505 1660 10 28 i
1548 1660 65 30 vad
1636 1660 82 30 mån
1739 1662 51 29 in-

618 1707 258 40 skränkningar
900 1708 105 30 måtte
1030 1709 121 30 kunna
1177 1710 59 29 ske
1259 1711 9 28 i
1295 1710 96 41 fråga
1416 1721 50 20 om
1496 1712 227 32 infordrande
1749 1724 40 20 av

617 1760 194 30 statistiska
832 1761 176 39 uppgifter
1032 1762 77 29 från
1133 1762 226 32 kommunala
1381 1765 241 40 myndigheter
1646 1767 64 29 och
1733 1777 57 20 en-

618 1813 144 29 skilda.”
