1918 2822
319 146 116 29 Första
456 146 195 28 kammarens
669 150 121 25 andra
804 144 167 35 tillfälliga
991 144 137 28 utskotts
1150 142 161 30 utlåtande
1336 142 48 29 Nr
1412 146 26 26 9.
1617 140 18 30 5

342 233 36 24 År
681 232 106 23 Diverse
805 230 179 25 omkostnader
1240 222 93 35 Övriga
1350 226 175 25 omkostnader

327 282 65 26 1919
428 302 39 5 oo
530 301 71 6 oso
630 300 105 6 soc
784 275 109 41 600,600
1329 275 108 31 452,500

326 324 67 26 1920
428 345 5 5 .
464 344 36 6 oo
529 343 206 6 ss.
659 320 78 40 ccs
783 321 110 32 512,600
1328 317 109 32 528,100

327 367 64 26 1921
445 363 157 40 oso...
630 363 106 40 ...c.
785 364 109 31 423,500
1329 359 108 33 548,400

327 409 66 26 1922
445 429 90 5 oss
564 428 71 5 sov
664 427 73 5 ov
786 402 108 40 402,200
1330 401 107 32 401,300

328 451 66 26 1923
429 471 5 5 .
470 447 65 39 oo...
567 470 69 5 ss.
657 447 80 39 oscc
785 443 112 41 450,000
1330 444 107 31 397,000

327 493 66 26 1924
430 513 4 5 .
471 489 13 39 .
497 511 240 7 ....ssocc.
785 489 110 32 452,400
1330 486 108 31 435,400

328 534 65 27 1925
429 555 5 5 .
464 555 3 5 .
496 554 106 6 oss.
630 530 106 40 cscc.
785 527 110 41 574,800
1329 527 108 32 387,600

698 585 45 24 Kr.
761 581 135 33 3,416,100
1305 578 133 33 3,150,900

176 664 237 32 Tillsammans
437 662 114 38 uppgå
574 661 100 33 alltså
698 660 38 32 de
759 660 80 38 fyra
863 662 154 35 posterna
1040 658 236 38 reparationer,
1299 656 184 39 underhåll,
1508 656 127 32 diverse

132 705 234 33 omkostnader
387 705 60 31 och
468 704 116 38 övriga
605 702 233 33 omkostnader
858 701 54 32 till
933 706 76 27 över
1031 698 90 41 10"/;
1143 700 152 37 miljoner
1316 699 129 38 kronor,
1468 698 79 32 eller
1569 695 65 41 17/;

131 748 116 38 miljon
264 759 40 27 pr
321 747 47 32 år.
387 746 55 33 Då
459 747 12 32 i
487 746 105 32 denna
610 756 128 21 summa
757 744 74 32 icke
848 743 80 38 ingå
945 743 145 38 utgifter
1108 743 108 31 såsom
1233 742 101 37 löner,
1352 741 111 38 hyror,
1482 740 73 38 lyse
1574 739 60 32 och

134 789 139 39 bränsle,
292 789 128 39 porslin
441 788 60 32 och
520 787 85 39 glas,
626 790 90 29 tvätt
736 789 87 30 samt
844 785 210 39 personalens
1076 784 157 39 kosthåll,
1254 783 68 32 kan
1343 795 76 20 man
1439 782 73 32 icke
1532 785 103 29 annat

133 837 43 27 än
195 832 111 38 häpna
327 836 77 27 över
426 841 168 21 summans
616 828 134 40 storlek,
771 840 39 21 en
831 828 181 38 förvåning
1032 838 67 21 som
1122 826 90 32 delas
1236 831 81 27 även
1338 837 42 20 av
1403 825 231 32 fackmannen.

132 874 67 32 Det
222 878 38 27 är
283 873 85 32 dock
390 872 74 33 icke
489 873 105 38 några
618 872 298 38 lyxrestauranger
941 869 55 33 det
1018 869 61 32 här
1104 869 108 38 gäller
1237 872 50 28 att
1313 868 94 32 driva
1433 867 60 32 och
1517 866 117 34 under-

132 916 103 39 hålla,
260 916 60 32 och
345 915 60 39 jag
427 915 67 31 kan
520 914 117 32 endast
660 913 227 37 understryka
913 912 78 32 mitt
1015 910 156 39 yttrande
1198 911 13 31 i
1235 910 163 32 motionen
1424 908 212 33 beträffande

133 958 169 38 snygghet
319 957 61 32 och
396 956 140 33 trevnad
554 957 12 31 i
586 954 371 39 restauranglokalerna
976 957 81 28 utan
1077 953 186 32 överdrivet
1285 956 88 28 stora
1394 950 241 33 omkostnader.

177 999 319 38 Avskrivningarna
517 998 19 32 å
556 997 202 32 inventarier
779 996 160 33 förefalla
960 999 49 29 att
1027 1007 81 20 vara
1129 994 143 39 skäliga,
1296 994 30 32 d.
1346 1006 32 20 v.
1397 1005 24 21 s.
1443 993 38 32 de
1501 992 133 39 synliga

133 1041 315 39 avskrivningarna.
495 1040 64 32 Att
584 1039 155 39 osynliga
764 1039 125 32 sådana
917 1037 211 33 förekommit
1152 1037 153 38 framgår
1329 1035 100 33 bland
1453 1038 102 29 annat
1578 1034 58 32 vid

132 1088 47 28 ett
197 1084 147 32 studium
364 1096 42 20 av
426 1082 253 33 årsberättelsen
699 1082 54 32 för
773 1082 96 32 1925.
911 1080 102 32 Detta
1031 1080 38 32 år
1086 1084 38 28 är
1142 1091 150 21 summan
1311 1091 41 20 av
1370 1076 263 35 inventariekon-

132 1130 68 29 tots
217 1126 166 39 utgående
404 1125 117 32 balans
542 1125 75 38 plus
638 1124 260 38 avskrivningar
917 1123 126 32 mindre
1064 1127 41 27 än
1127 1122 74 32 dess
1223 1121 160 39 ingående
1403 1119 233 38 balanssiffra,

133 1172 86 29 trots
245 1172 49 29 att
318 1168 189 38 betydande
531 1167 313 38 nyanskaffningar
868 1177 42 20 av
936 1165 201 32 inventarier
1163 1167 58 35 ägt
1248 1175 72 20 rum
1344 1163 12 31 i
1381 1162 158 33 samband
1562 1161 75 32 med

132 1212 195 33 inredandet
342 1223 42 21 av
399 1223 68 26 nya
482 1210 138 33 lokaler.
658 1211 99 31 Huru
774 1213 90 29 stora
880 1214 57 27 äro
954 1209 38 32 de
1008 1208 155 38 osynliga
1179 1207 301 38 avskrivningarna
1497 1206 60 32 och
1572 1216 61 21 var

133 1266 12 19 1
165 1253 151 38 bolagets
336 1253 196 38 utgiftsstat
552 1252 186 32 återfinnas
759 1250 57 33 de?

179 1295 207 39 Byggnader
408 1294 159 32 bokföras
588 1294 12 31 i
621 1293 51 33 kr.
697 1293 118 38 70,000
838 1292 12 31 i
873 1292 84 32 1925
982 1292 54 33 års
1060 1291 145 32 bokslut.
1251 1290 74 32 Här
1348 1294 56 27 äro
1428 1288 208 33 avskrivnin-

134 1349 105 27 garna
264 1337 222 32 tillsammans
511 1336 50 32 kr.
588 1336 140 37 105,000
753 1338 130 29 oavsett
910 1346 38 20 en
973 1334 205 32 tillsamman
1204 1332 74 32 med
1304 1331 331 33 inventarieavskriv-

135 1380 121 38 ningar
275 1380 37 31 år
332 1379 84 32 1920
434 1381 171 36 upptagen
625 1381 76 35 post
721 1377 60 32 och
801 1376 128 33 således
948 1387 69 21 mer
1036 1380 42 27 än
1098 1374 239 39 betryggande.

179 1421 318 38 Avskrivningarna
521 1421 19 31 å
561 1420 110 32 aktier
690 1419 115 39 uppgå
826 1419 54 31 till
903 1417 222 39 sammanlagt
1147 1421 151 28 närmare
1319 1416 50 31 kr.
1393 1416 148 37 350,000,
1563 1426 74 21 men

136 1468 82 28 även
235 1463 181 39 härvidlag
431 1463 105 32 måste
554 1474 77 20 man
648 1461 106 32 räkna
770 1461 73 32 med
860 1460 97 33 dolda
975 1459 268 38 avskrivningar.
1284 1457 46 33 Så
1347 1457 121 35 ökades
1488 1457 149 38 bolagets

135 1506 143 32 innehav
297 1517 43 20 av
359 1505 110 32 aktier
487 1505 12 31 i
518 1504 253 38 Fenixpalatset
791 1503 78 31 från
892 1503 93 37 1,577
1006 1505 40 30 st.
1066 1502 38 31 år
1125 1502 83 31 1921
1228 1501 55 32 till
1304 1501 94 36 2.927
1420 1503 40 29 st.
1482 1500 36 31 år
1542 1499 93 36 1922,

135 1559 73 21 men
229 1547 210 33 aktievärdet
458 1547 134 32 sänktes
614 1546 54 32 det
689 1545 117 33 oaktat
827 1544 208 33 sistnämnda
1054 1544 37 32 år
1110 1544 74 31 med
1203 1555 54 20 c:a
1275 1542 52 34 kr.
1348 1543 116 37 15,000
1483 1545 81 28 utan
1586 1544 50 29 att

132 1592 110 38 någon
260 1591 220 39 avskrivning
496 1591 19 31 å
532 1590 208 33 aktiekontot
758 1589 67 32 kan
843 1588 188 39 upptäckas
1048 1589 12 31 i
1079 1588 82 31 1922
1181 1588 55 31 års
1254 1586 144 38 bokslut,
1417 1586 59 32 och
1494 1597 73 20 man
1586 1584 47 33 ef-

133 1633 145 37 terlyser
294 1637 82 28 även
391 1632 95 32 dessa
503 1631 276 38 avskrivningars
797 1630 172 39 placering
986 1629 60 32 och
1062 1628 134 34 storlek.

181 1675 158 32 Förutom
360 1678 52 29 att
430 1686 76 20 man
526 1674 126 38 nödgas
672 1673 110 32 starkt
800 1673 205 38 ifrågasätta
1026 1672 54 31 det
1098 1671 209 38 berättigade
1324 1670 11 32 i
1355 1670 37 32 de
1412 1671 225 36 engagement,

135 1717 193 38 varigenom
351 1716 96 32 dessa
470 1716 279 37 nedskrivningar
775 1712 194 41 (förluster)
997 1713 162 38 tillblivit,
1184 1713 66 31 kan
1273 1724 75 20 man
1371 1711 172 38 samtidigt
1565 1710 74 32 icke

136 1758 177 33 underlåta
334 1761 51 29 att
405 1761 182 35 protestera
606 1761 69 28 mot
696 1757 37 33 de
754 1755 354 39 bokföringsmetoder,
1134 1766 68 21 som
1224 1754 186 38 tillämpats
1432 1765 42 20 av
1495 1752 143 39 bolaget,

135 1800 107 33 vilket
259 1800 36 38 ju
314 1803 146 29 sorterar
477 1800 103 32 under
597 1803 47 29 ett
663 1798 216 39 halvstatligt
901 1798 141 38 företag.

181 1842 144 39 Bolaget
342 1841 88 33 hade
448 1841 149 38 följande
616 1841 118 33 fonder
752 1841 60 32 den
832 1838 65 42 ”/,,
918 1841 99 31 1925:

335 1901 386 42 Skatteregleringsfond
761 1927 5 5 .
803 1927 6 4 .
845 1926 5 6 .
887 1926 6 5 .
930 1926 4 5 .
972 1926 4 5 .
1013 1926 5 5 .
1058 1900 47 30 kr.
1130 1900 135 31 200.000

334 1944 247 32 Pensionsfond
636 1970 5 5 +.
678 1969 89 5 ...
847 1968 89 6 ....
973 1968 46 5 ..
1074 1952 11 15 >>
1130 1941 135 37 300,000

334 1987 208 32 Reservfond
596 2012 131 5 -....
933 2011 47 5 +.
1016 2011 5 4 +
1075 1994 11 15 >
1107 1984 159 43 -200,000
1278 1991 164 41 700.000

334 2045 271 43 Aktiekapitalet
627 2050 37 26 är
686 2044 62 31 Kr.
771 2043 178 40 2,000,000.

181 2132 58 29 Av
260 2130 84 31 1925
365 2130 55 32 års
439 2128 197 33 vinstmedel
657 2127 176 33 anvisades
854 2126 55 33 till
930 2138 39 20 en
988 2125 217 33 Personalens
1227 2124 253 39 pensionskassa
1507 2121 132 41 (under-

139 2170 211 39 stödskassa)
378 2170 52 33 kr.
452 2171 128 37 50.000.
624 2169 68 33 Det
713 2174 38 27 är
773 2170 73 32 icke
870 2169 93 32 svårt
984 2171 50 29 att
1057 2167 92 39 spela
1170 2167 176 38 välgörare
1371 2171 59 27 när
1455 2168 106 30 staten
1586 2165 56 31 får

138 2213 110 32 betala
266 2213 154 32 fiolerna.

560 2270 185 39 Göteborgs
767 2270 204 33 Restaurant
993 2269 216 38 Aktiebolag.

184 2338 49 33 Ur
255 2339 90 32 detta
367 2338 120 39 bolags
508 2337 251 33 årsberättelser
781 2337 67 32 kan
871 2336 74 33 icke
968 2336 37 32 så
1028 2335 144 34 särdeles
1196 2334 135 40 mycket
1353 2334 177 33 inhämtas.

185 2380 167 39 Samtliga
373 2380 183 32 inkomster
576 2391 43 21 av
638 2379 146 33 rörelsen
805 2383 57 28 äro
884 2378 249 33 sammanförda
1152 2378 13 32 i
1185 2389 39 21 en
1245 2380 75 36 post
1342 2376 298 38 »avdelningarnas

140 2423 133 39 konto»,
290 2422 106 33 vilket
415 2422 199 39 omöjliggör
632 2434 39 20 en
690 2426 152 28 närmare
861 2420 208 40 granskning
1087 2432 42 20 av
1147 2419 196 33 hithörande
1363 2419 118 33 siffror
1507 2416 53 41 (se
1579 2417 62 32 bif.

139 2464 234 34 årsberättelse
395 2465 55 32 för
471 2465 84 32 1923
575 2464 101 39 jämte
697 2463 173 33 uttalande
892 2464 11 31 i
926 2462 41 35 G.
988 2462 44 33 H.
1053 2462 38 33 T.
1113 2463 61 32 den
1195 2459 51 42 ??/,
1268 2460 117 40 1924).
