1916 2826
305 163 116 28 Första
442 163 196 28 kammarens
657 167 119 25 andra
793 163 167 34 tillfälliga
981 162 137 29 utskotts
1140 162 161 29 uttåtande
1326 161 48 29 Nr
1402 166 26 25 9.
1587 160 39 31 15

122 249 57 33 der
196 249 77 31 åren
292 248 229 38 1909—1912,
539 252 78 28 enär
634 248 12 31 i
664 247 61 33 den
743 247 202 38 utveckling,
964 259 66 20 som
1049 247 104 31 under
1172 247 94 31 dessa
1286 247 35 31 år
1341 246 82 38 ägde
1442 258 81 26 rum,
1545 257 76 26 nyc-

122 291 76 32 keln
223 290 109 38 ligger
355 290 55 32 till
436 290 53 32 det
513 301 156 27 program
693 290 54 31 för
771 290 172 37 lösningen
971 301 40 20 av
1040 289 105 32 denna
1171 289 108 37 fråga,
1307 300 67 20 som
1399 288 223 37 aktiebolaget

123 332 368 38 Stockholmssystemet
512 332 56 31 vid
591 332 59 31 sitt
670 332 108 32 första
799 331 250 32 framträdande
1071 330 164 32 framlade
1256 330 59 32 och
1337 341 67 20 som
1425 329 109 37 sedan,
1557 330 64 30 vis-

122 375 141 38 serligen
283 375 73 31 med
376 374 178 38 växlingar
572 374 12 31 i
603 374 101 38 fråga
724 385 50 20 om
795 373 192 38 detaljerna,
1008 373 94 38 följts
1123 373 53 31 till
1199 372 188 32 nuvarande
1408 371 169 38 tidpunkt.

166 417 66 33 Det
262 417 224 38 nyssnämnda
516 415 464 39 stadsfullmäktigebeslutet,
1011 427 67 20 som
1108 418 90 28 utom
1229 415 53 32 det
1314 426 82 20 ovan
1427 413 196 32 omnämnda

121 459 187 32 uttalandet
333 464 83 26 även
441 458 145 32 innehöll
610 459 91 30 vissa
726 458 360 37 principförklaringar
1111 457 12 31 i
1149 457 100 37 fråga
1277 468 48 20 om
1352 455 270 37 utminuterings-

121 500 186 32 kontrollen
327 512 43 19 m.
393 512 54 26 m.,
468 512 66 26 gav
555 500 217 37 anledningen
793 500 54 31 till
869 499 223 38 aktiebolaget
1115 498 382 37 Stockholmssystemets
1521 497 100 31 fram-

120 542 172 32 trädande.
333 542 18 31 I
367 542 150 38 bolagets
535 553 155 27 program
710 542 75 31 från
804 541 85 38 april
908 541 118 32 månad
1046 541 83 31 1913
1148 551 136 27 angavs,
1304 542 48 29 att
1370 539 131 38 bolaget
1521 538 100 37 självt

121 584 139 32 ämnade
281 584 179 32 handhava
483 584 60 33 den
566 583 238 39 utskänkning,
829 595 67 20 som
920 595 76 21 vore
1019 582 122 32 avsedd
1165 582 52 32 för
1241 581 284 38 kroppsarbetare,
1550 591 71 28 men

122 630 50 29 att
192 627 342 38 restaurangrörelsen
554 627 12 31 i
585 627 110 38 övrigt
718 626 108 33 skulle
847 629 116 29 utövas
986 637 41 21 av
1047 629 47 29 ett
1115 624 136 33 särskilt
1271 624 107 38 bolag,
1402 622 219 38 aktiebolaget

123 668 207 33 Stockholms
357 669 319 38 folkrestauranger.
724 668 279 39 Utskänkningen
1030 667 106 33 skulle
1163 666 279 33 omhänderhavas
1468 677 40 20 av
1534 664 87 32 bola-

121 715 73 34 gets
211 712 162 37 personal,
391 724 39 20 en
447 714 19 29 å
482 712 56 31 två
556 712 53 31 för
626 711 92 38 varje
736 711 106 38 ställe,
862 723 72 19 men
953 711 52 31 för
1023 710 199 38 rättigheten
1241 712 48 29 att
1308 709 85 31 inom
1413 712 207 33 restaurang-

121 753 149 38 bolagets
298 753 126 32 lokaler
450 754 136 31 bedriva
614 753 271 38 utskänkningen
912 765 41 19 av
978 752 162 32 brännvin
1167 752 59 31 och
1254 750 234 38 maltdrycker,
1515 749 106 32 skulle

122 795 260 38 systembolaget
403 795 72 33 icke
497 795 109 32 betala
624 796 87 36 hyra
731 795 79 32 eller
831 795 186 38 ersättning
1036 794 12 31 i
1067 795 109 36 någon
1199 793 96 32 form.
1340 791 113 32 Såsom
1476 790 147 33 fördelar

121 849 41 20 av
183 837 105 32 denna
307 838 185 37 anordning
510 837 174 32 framhölls
702 837 101 32 bland
823 840 111 35 annat,
954 840 50 28 att
1024 836 257 38 systembolaget
1300 833 164 33 befriades
1487 833 75 31 från
1583 844 39 20 en

121 879 309 38 verksamhetsgren
454 891 41 20 av
519 883 67 28 stor
613 879 213 39 omfattning,
852 891 77 26 som,
958 879 108 31 därest
1092 878 60 31 den
1178 877 106 32 skulle
1310 876 109 32 drivas
1445 874 176 37 rationellt,

122 921 157 32 fordrade
300 921 141 38 mycken
464 922 132 37 speciell
618 921 104 32 insikt
746 922 58 31 och
829 921 135 38 ständig
985 920 206 32 vaksamhet.
1238 919 200 37 Härigenom
1462 916 83 32 hade
1568 916 53 31 bo-

121 963 269 38 lagsledningens
418 964 172 38 möjlighet
618 967 48 28 alt
693 963 90 38 fylla
809 964 51 31 sin
888 962 167 39 egentliga
1080 962 58 32 och
1167 961 82 32 enda
1276 960 137 38 uppgift
1441 958 182 37 väsentligt

122 1005 107 32 ökats.
275 1005 288 33 Omkostnaderna
584 1006 100 32 borde
708 1018 116 26 genom
850 1006 60 32 den
936 1005 204 38 ifrågasatta
1164 1003 224 37 anordningen
1411 1001 112 31 kunna
1546 999 75 32 ned-

120 1046 136 39 bringas
279 1047 98 38 högst
398 1048 182 38 väsentligt
608 1046 69 41 (till
700 1048 152 38 omkring
875 1049 40 32 10
936 1050 19 29 å
976 1048 41 31 20
1039 1045 53 40 z).
1133 1046 119 37 Enligt
1273 1046 220 36 programmet
1516 1041 106 33 skulle

119 1089 99 32 halva
244 1090 126 32 antalet
397 1091 324 39 spritrestauranger
745 1091 196 39 nedläggas,
967 1090 59 32 och
1052 1088 333 39 restaurangbolaget
1412 1087 20 31 å
1456 1089 47 29 ett
1529 1083 92 34 antal

121 1133 232 31 motsvarande
381 1133 38 32 de
448 1133 180 38 nedlagdas
655 1134 136 31 bedriva
819 1133 114 32 enbart
960 1129 389 40 matserveringsrörelse.

163 1174 19 31 I
199 1175 207 32 sistnämnda
423 1176 182 31 avseenden
623 1176 120 32 liksom
762 1176 101 31 också
880 1177 11 30 i
909 1175 104 32 andra
1030 1174 110 32 kunde
1158 1171 347 39 restaurangbolagets
1526 1168 94 33 verk-

119 1216 129 32 samhet
263 1216 74 32 icke
355 1217 264 38 programenligt
638 1217 181 38 fullföljas.
855 1218 120 31 Första
994 1216 300 32 verksamhetsåret
1316 1213 75 37 gick
1411 1216 210 33 restaurang-

119 1258 133 38 bolaget
270 1259 73 31 med
361 1259 134 32 förlust.
538 1260 128 31 Härtill
684 1260 138 37 bidrogo
843 1260 37 31 de
898 1258 285 38 krisverkningar,
1205 1269 68 20 som
1294 1257 53 31 det
1364 1267 80 26 nyss
1462 1254 158 32 utbrutna

118 1300 228 39 världskriget
363 1301 181 38 medförde,
562 1313 73 20 men
655 1306 81 27 även
757 1302 61 32 den
837 1300 294 38 omständigheten,
1151 1303 50 28 att
1220 1299 37 32 de
1277 1297 200 33 alkoholfria
1497 1300 124 28 restau-

121 1353 164 27 rangerna
307 1342 116 32 visade
444 1343 54 38 sig
518 1355 82 20 vara
623 1343 208 32 ekonomiskt
850 1343 126 32 mindre
997 1342 127 38 bäriga.
1170 1341 52 31 En
1245 1346 150 26 närmare
1417 1337 205 39 redogörelse

120 1384 55 31 för
193 1384 426 39 folkrestaurangbolagets
637 1384 196 39 utveckling
852 1384 109 33 finnes
980 1384 12 31 i
1013 1384 60 32 den
1093 1385 37 31 år
1151 1384 84 32 1925
1254 1382 139 38 utgivna
1415 1380 206 33 tioårshisto-

120 1426 94 32 riken
236 1425 232 33 »Stockholms
489 1427 167 31 allmänna
678 1426 412 39 restaurangaktiebolag»
1112 1425 60 32 och
1192 1425 158 32 hänvisas
1369 1423 54 33 till
1446 1423 102 38 sagda
1569 1433 53 21 ar-

120 1467 74 33 bete
217 1468 216 33 beträffande
459 1468 38 32 de
522 1469 169 32 särskilda
714 1468 168 33 stadierna
905 1469 12 31 i
940 1468 247 38 utvecklingen.
1234 1467 73 31 Här
1330 1467 53 30 må
1408 1465 141 32 allenast
1574 1476 47 20 er-

120 1510 102 39 inras,
245 1514 49 28 att
318 1510 225 39 aktiebolaget
570 1510 208 33 Stockholms
801 1510 308 38 folkrestauranger
1129 1511 12 31 i
1165 1509 100 32 slutet
1289 1521 41 19 av
1352 1509 37 31 år
1413 1508 82 31 1915
1518 1507 105 32 måste

120 1553 98 31 träda
239 1553 11 31 i
272 1552 212 40 likvidation,
506 1553 60 32 och
585 1556 50 29 att
657 1553 73 32 dess
753 1553 120 32 rörelse
895 1555 151 36 övertogs
1067 1564 42 20 av
1131 1555 46 29 ett
1199 1551 154 38 nybildat
1376 1550 108 38 bolag,
1508 1547 113 35 Stock-

120 1594 106 32 holms
248 1595 169 32 allmänna
440 1595 402 39 restaurangaktiebolag.
883 1594 68 33 Det
969 1606 67 27 nya
1058 1594 143 38 bolaget,
1225 1606 76 19 vars
1326 1592 221 38 aktiekapital
1568 1602 54 20 ur-

120 1637 219 38 sprungligen
357 1637 150 39 uppgick
524 1638 54 31 till
597 1638 139 37 114,150
754 1637 131 38 kronor,
903 1636 251 33 konsoliderade
1173 1636 51 32 sin
1245 1636 161 37 ställning
1423 1635 103 32 under
1544 1635 78 31 åren

122 1681 230 31 1916—1917.

166 1721 113 33 Under
304 1722 77 31 åren
409 1722 216 32 1914—1917
652 1721 85 33 hade
765 1721 386 38 Stockholmssystemets
1179 1732 155 26 program
1359 1719 11 31 i
1395 1719 158 32 avseende
1579 1719 43 38 på

121 1764 62 31 den
204 1776 84 26 egna
309 1764 290 38 utskänkningens
621 1764 166 31 ordnande
810 1764 44 37 på
879 1763 109 38 grund
1010 1775 41 20 av
1072 1774 80 27 nyss
1176 1763 145 37 angivna
1344 1761 279 38 omständigheter

120 1806 74 32 icke
215 1806 128 32 kunnat
365 1806 182 38 fullföljas,
569 1809 81 28 utan
672 1805 135 38 bolaget
826 1805 84 32 hade
933 1805 54 32 för
1007 1817 80 26 egen
1111 1805 51 31 del
1184 1805 138 31 fortsatt
1344 1808 49 27 att
1415 1803 132 32 bedriva
1572 1806 50 28 ut-

122 1847 332 39 skänkningsrörelse
477 1848 11 32 i
513 1847 158 33 samband
694 1848 73 32 med
789 1847 383 38 maltserveringsrörelse
1195 1847 44 37 på
1263 1850 47 28 ett
1335 1849 102 29 större
1459 1845 92 32 antal
1575 1857 46 20 re-

122 1893 198 36 stauranger
336 1909 46 4 —
400 1891 39 31 17
460 1890 138 38 stycken
616 1891 39 30 år
676 1891 95 37 1914,
793 1891 40 31 13
853 1889 139 39 stycken
1011 1890 37 31 år
1068 1890 94 35 1915,
1185 1890 40 30 13
1246 1888 137 38 stycken
1402 1889 37 30 år
1459 1888 83 31 1916
1562 1886 61 32 och

122 1933 40 30 15
182 1932 138 38 stycken
340 1933 38 30 år
396 1933 96 31 1917.
528 1931 48 32 På
594 1932 116 31 hösten
732 1933 83 30 1917
835 1935 145 35 upptogs
999 1931 192 37 emellertid,
1214 1931 99 32 sedan
1335 1929 287 38 restaurangbola-

121 1977 57 35 get
198 1973 254 38 konsoliderats,
475 1974 123 38 frågan
619 1985 50 20 om
691 1973 255 32 överlämnande
968 1985 40 19 av
1030 1973 46 31 all
1097 1972 380 38 matserveringsrörelse
1499 1971 54 32 till
1577 1983 46 19 re-

121 2015 308 39 staurangbolaget.
473 2015 19 32 I
513 2028 38 19 en
572 2015 161 32 skrivelse
753 2015 55 32 till
831 2014 386 38 Stockholmssystemets
1244 2014 139 38 styrelse
1403 2013 219 33 motiverades

121 2058 162 38 åtgärden
305 2070 42 19 av
367 2057 277 39 systembolagets
664 2057 248 33 verkställande
934 2057 156 32 direktör.
1129 2056 72 33 Där
1221 2056 184 37 framhölls,
1426 2059 50 28 att
1498 2059 124 28 restau-

122 2100 219 38 rangbolaget
365 2100 74 32 med
463 2100 152 32 växande
637 2100 182 38 framgång
842 2100 65 31 löst
930 2099 180 38 uppgiften
1135 2102 50 29 att
1209 2099 44 37 på
1277 2102 47 28 ett
1348 2098 205 32 ekonomiskt
1577 2097 46 32 lö-

122 2143 106 31 nande
254 2145 67 30 sätt
344 2142 178 32 handhava
546 2141 322 39 restaurangrörelse
891 2141 268 38 huvudsakligen
1185 2141 53 31 för
1268 2140 276 34 arbetarklassen,
1572 2152 51 19 om

122 2189 42 27 än
191 2184 150 39 bolagets
368 2184 227 33 erfarenheter
621 2184 77 31 från
728 2184 38 32 de
794 2187 244 35 restauranger,
1067 2183 60 32 där
1155 2181 370 39 Stockholmssystemet
1551 2182 72 33 icke

121 2226 182 33 utskänkte
324 2238 78 20 vare
423 2226 54 39 sig
497 2226 164 32 brännvin
682 2225 81 32 eller
783 2225 42 39 öl,
847 2225 120 32 dittills
989 2225 30 38 ej
1039 2225 90 32 varit
1149 2225 276 38 uppmuntrande.
1467 2225 85 31 Tills
1575 2225 47 30 vi-

122 2269 78 31 dare
219 2268 84 32 hade
324 2268 134 38 bolaget
479 2267 83 32 dock
583 2267 29 38 ej
636 2271 109 28 ansett
765 2267 53 38 sig
837 2267 79 32 böra
935 2267 103 38 vidga
1057 2267 51 32 sin
1130 2267 134 34 rörelse:
1286 2279 37 19 en
1345 2267 168 37 försiktig,
1536 2270 86 35 steg-

121 2310 52 32 vis
193 2310 140 33 skeende
352 2310 195 38 utveckling
564 2310 85 32 hade
666 2310 89 31 varit
773 2309 201 38 nödvändig,
996 2309 59 32 och
1075 2314 81 27 även
1177 2309 38 32 de
1235 2308 126 39 oroliga
1381 2309 242 34 förhållanden,

122 2364 68 21 som
208 2353 101 32 rådde
325 2353 44 38 på
385 2352 350 36 livsmedelsområdet,
752 2351 85 32 hade
855 2351 147 39 bidragit
1020 2351 52 32 till
1091 2363 39 20 en
1149 2351 209 33 avvaktande
1376 2351 161 37 hållning.
1556 2350 67 33 Vid

123 2395 55 32 det
205 2395 189 32 dåvarande
421 2394 131 38 förelåg
577 2394 182 31 emellertid
786 2393 175 38 möjlighet
987 2393 53 32 för
1072 2393 54 32 det
1155 2393 87 32 fulla
1270 2393 286 38 förverkligandet
1583 2406 40 19 av

123 2436 390 39 Stockholmssystemets
538 2436 240 37 ursprungliga
804 2447 155 26 program
986 2435 11 31 i
1026 2435 106 32 denna
1159 2435 61 32 del.
1271 2435 66 32 För
1364 2436 258 38 systembolaget

122 2479 109 32 skulle
251 2479 54 32 det
325 2478 235 39 otvivelaktigt
582 2478 47 31 bli
649 2478 52 32 till
722 2480 83 29 stort
825 2489 89 27 gagn
936 2480 50 29 att
1006 2477 72 32 icke
1100 2477 115 38 längre
1236 2477 124 32 behöva
1383 2478 106 32 direkt
1512 2478 109 38 syssla
