1916 2822
308 147 115 28 Första
444 147 196 27 kammarens
659 149 120 25 andra
794 143 168 35 tillfälliga
982 142 138 28 utskotts
1141 139 162 30 utlåtande
1328 138 47 29 Nr
1404 142 26 25 9.
1610 136 17 30 9

122 235 78 32 dare
219 233 190 34 nödsakade
427 236 52 29 att
496 231 184 34 verkställa
700 231 73 32 sina
789 229 101 38 inköp
911 229 77 32 från
1009 229 94 32 dessa
1124 226 116 38 bolags
1260 224 125 38 förråd,
1405 223 59 32 där
1483 233 142 21 varorna

123 276 141 39 inköpas
283 277 12 31 i
312 275 100 39 parti,
430 275 103 38 något
552 285 68 21 som
640 271 215 34 beträffande
871 270 75 32 kött
964 269 59 33 och
1042 268 192 33 fläskvaror
1252 267 61 32 har
1333 266 70 33 sina
1425 264 116 33 risker.

166 320 84 32 Före
272 317 357 39 restaurangbolagens
651 315 164 33 tillkomst
836 312 262 34 kontrollerades
1118 312 61 32 och
1201 309 184 34 bestämdes
1406 307 219 39 matpriserna

121 375 43 19 av
184 361 286 39 systembolagens
492 359 145 38 ledning,
659 370 74 20 men
754 368 136 21 numera
910 357 62 31 har
993 356 106 33 denna
1119 352 316 33 bestämmanderätt
1456 348 169 40 praktiskt

124 407 94 35 taget
239 403 154 38 övergått
411 401 55 32 till
488 399 349 39 restaurangbolagen,
860 397 106 32 vilket
988 396 78 32 haft
1086 395 55 32 till
1163 394 85 38 följd
1271 396 50 29 att
1342 391 220 39 matpriserna
1584 401 45 21 nu

123 452 57 27 äro
198 447 107 79 va
317 450 41 27 än
376 445 38 32 de
430 443 146 33 behövde
593 455 82 20 vara
696 441 187 40 (överstiga
901 439 302 38 förkrigspriserna
1220 437 73 32 med
1311 437 12 30 i
1341 434 199 39 genomsnitt
1558 445 68 19 mer

123 493 43 28 än
187 489 62 31 100
267 489 54 32 2).

167 530 66 33 Det
251 529 124 33 sociala
393 527 196 33 framhålles
612 527 54 32 för
685 525 112 39 övrigt
815 526 38 31 så
871 524 72 33 ofta
963 536 41 20 av
1024 520 323 40 Kontrollstyrelsen
1368 523 49 29 att
1435 519 53 32 det
1508 520 119 29 nästan

123 574 122 32 verkar
262 571 242 40 påträngande.

168 615 73 32 Den
265 626 69 21 som
359 619 60 32 gör
443 625 38 19 en
506 611 252 37 rundvandring
780 609 101 34 bland
907 610 18 31 3
950 608 47 32 kl.
1019 610 278 33 restaurangerna
1321 605 12 31 i
1358 603 189 33 Stockholm
1571 601 57 31 vid

127 657 147 32 12-tiden
296 657 44 37 på
363 656 106 37 dagen
491 654 65 31 blir
579 654 45 37 på
644 653 73 32 sina
739 652 120 32 ställen
880 650 106 32 vittne
1007 649 53 32 till
1083 649 62 31 den
1168 648 80 37 föga
1270 645 233 39 uppbyggliga
1525 655 101 26 synen

125 711 43 20 av
192 698 238 37 köbildningar
453 696 138 32 utanför
614 698 281 33 restaurangerna
917 692 74 33 med
1014 696 39 33 ty
1078 690 185 37 åtföljande
1289 689 214 36 »huggsexa»
1527 686 101 31 1nom-

127 740 74 32 hus.
241 739 66 32 Det
327 737 123 33 sociala
468 738 12 31 i
499 737 105 32 denna
622 735 186 37 anordning
827 738 38 27 är
885 733 91 32 svårt
996 735 50 28 att
1065 731 97 38 fatta,
1182 730 60 32 och
1262 730 88 31 detta
1371 728 105 39 gäller
1494 726 136 33 säkerli-

128 794 63 27 gen
210 781 72 33 icke
300 781 102 31 minst
420 780 54 32 för
491 779 177 32 arbetarna
687 777 119 38 själva.

173 824 192 34 Stockholm
388 823 63 32 har
475 823 38 32 27
540 822 170 38 egentliga
732 823 236 34 restauranger
992 830 41 21 av
1056 815 262 40 ifrågavarande
1342 817 97 35 typer
1463 816 68 28 mot
1555 813 39 31 20
1619 811 11 31 1

128 867 179 38 Göteborg.

172 909 159 38 Tidigare
350 908 61 32 har
430 908 12 31 i
463 907 104 32 denna
590 905 160 32 skrivelse
769 904 136 32 citerats
925 905 46 30 ett
990 901 174 33 uttalande
1182 912 42 20 av
1244 900 45 31 K.
1310 893 319 46 Kontrollstyrelse

129 952 127 38 gående
280 954 39 28 ut
343 951 43 37 på
411 953 52 28 att
488 948 268 38 systembolagen
780 946 88 31 hava
894 948 103 29 större
1021 944 183 31 inkomster
1230 942 77 31 från
1332 944 73 28 vart
1432 940 58 31 och
1516 942 48 28 ett
1589 950 43 19 av

128 992 342 38 restaurangbolagen
493 996 40 26 än
554 990 38 31 de
614 1000 69 21 som
704 988 356 38 privatrestauratörer
1086 985 6 31 i
1112 983 232 33 motsvarande
1365 983 74 36 läge
1459 981 84 31 hade
1563 980 67 32 till-

128 1035 70 32 fört
218 1033 279 39 systembolagen.
540 1031 197 33 Uttalandet
759 1029 93 33 torde
874 1040 81 20 vara
976 1026 199 38 obehövligt,
1198 1029 39 35 ty
1258 1037 51 20 om
1331 1023 225 33 förhållandet
1575 1034 55 19 va-

131 1078 45 30 rit
191 1077 53 31 det
261 1078 170 35 motsatta,
449 1074 105 31 måste
570 1084 75 20 man
664 1072 194 36 förutsätta,
878 1072 50 29 att
947 1067 339 38 restaurangbolagen
1306 1065 99 32 redan
1422 1064 144 38 upphört
1584 1067 51 28 att

130 1120 113 31 finnas
260 1118 65 32 till.

174 1161 56 32 Av
250 1160 94 33 ålder
365 1160 62 31 har
446 1159 60 32 den
526 1170 84 26 egna
629 1154 272 39 utskänkningen
921 1153 89 33 varit
1029 1166 39 20 en
1089 1152 232 38 »guldgruva»
1344 1150 54 32 för
1417 1153 117 34 system
1544 1144 87 47 bola-

130 1216 74 27 gen,
220 1204 60 32 och
297 1203 116 32 därför
427 1206 39 27 är
480 1199 218 33 huvudsaken
714 1197 180 38 härvidlag
909 1197 70 38 den,
996 1208 51 20 om
1065 1193 338 39 restaurangbolagen
1420 1192 211 33 tillförsäkra

131 1244 269 40 systembolagen
436 1243 72 32 lika
541 1246 69 29 stor
645 1241 92 32 vinst
772 1252 69 20 som
868 1239 95 32 dessa
986 1238 84 32 hade
1094 1248 116 27 genom
1235 1237 62 31 den
1321 1234 236 33 förutvarande
1582 1239 50 25 ut-

131 1287 351 37 skänkningsformen.

178 1329 68 32 Vid
267 1329 89 32 tiden
378 1328 55 32 för
453 1324 348 39 restaurangbolagets
821 1323 12 31 i
855 1321 168 38 Göteborg
1043 1319 316 39 monopolställning
1380 1317 186 33 inlämnade
1588 1320 49 28 tre

135 1384 41 20 av
197 1371 151 37 bolagets
369 1381 85 26 egna
477 1368 228 33 föreståndare
726 1368 20 30 å
766 1366 92 31 klass
878 1364 59 32 III
959 1367 234 33 restauranger
1214 1374 38 20 en
1274 1361 158 32 skrivelse
1453 1360 54 32 till
1531 1359 43 32 A.
1596 1359 40 31 B.

135 1414 361 37 Göteborgssystemet,
520 1411 105 37 enligt
649 1409 113 32 vilken
788 1407 135 37 bolaget
944 1405 109 32 kunde
1077 1405 151 37 påräkna
1253 1408 103 30 större
1381 1402 179 32 inkomster
1586 1413 49 19 om

137 1457 37 32 de
192 1467 85 26 egna
296 1454 256 32 föreståndarna
572 1453 94 36 fingo
685 1450 139 32 kvarstå
842 1450 12 31 i
875 1450 71 31 sina
966 1447 231 37 befattningar
1218 1451 41 26 än
1279 1457 51 20 om
1352 1443 285 37 restaurangbola-

138 1501 55 37 get
210 1501 154 34 övertoge
380 1496 76 32 hela
474 1494 153 33 rörelsen.
644 1493 176 37 Därjämte
836 1490 116 39 ingick
968 1502 38 20 en
1024 1501 42 20 av
1086 1488 255 33 föreståndarna
1359 1487 53 31 för
1430 1498 39 20 en
1488 1486 37 31 II
1545 1485 93 32 klass

137 1544 198 33 restaurang
350 1538 53 33 till
422 1538 44 32 K.
484 1535 324 38 Kontrollstyrelsen
827 1533 73 32 med
917 1544 38 20 en
972 1531 157 33 anhållan
1147 1534 51 29 att
1217 1531 37 31 få
1273 1530 157 31 fortsätta
1449 1529 50 31 sin
1519 1527 119 32 rörelse

135 1581 113 35 'Trekt
266 1582 103 32 under
390 1579 270 40 systembolaget,
681 1578 193 37 varigenom
897 1575 198 32 detsammas
1116 1573 146 32 inkomst
1284 1572 126 37 årligen
1431 1571 93 31 bleve
1546 1569 93 33 cirka

141 1626 116 34 40,000
275 1624 52 32 kr.
349 1627 104 28 större
472 1627 42 26 än
534 1622 60 31 den
611 1620 110 31 kunde
740 1618 152 38 påräkna
911 1628 116 27 genom
1047 1620 49 28 att
1116 1615 150 32 överlåta
1286 1614 142 32 rörelsen
1449 1613 44 36 på
1514 1615 124 28 restau-

137 1666 230 38 rangbolaget.
411 1664 75 32 Men
511 1663 175 38 ingenting
706 1661 141 38 hjälpte.
870 1680 45 4 —
939 1658 74 32 Med
1034 1658 114 32 vilken
1171 1661 68 27 rätt
1261 1655 193 33 medverkar
1480 1655 43 32 K.
1549 1655 88 30 Kon-

137 1708 246 39 trollstyrelsen
402 1706 55 32 till
476 1709 49 30 att
544 1704 154 33 avhända
718 1702 202 33 statsverket
938 1699 200 33 inkomster?

182 1751 55 32 Då
256 1762 76 20 man
352 1750 61 31 har
432 1749 53 38 sig
503 1747 132 38 bekant,
655 1749 50 29 att
726 1744 201 39 exempelvis
949 1741 331 39 restaurangbolaget
1300 1741 12 31 i
1333 1739 215 37 Norrköping
1567 1737 73 32 icke

139 1794 148 37 åtnjuter
311 1792 121 38 bidrag
455 1792 12 31 i
493 1791 109 38 någon
629 1789 86 32 form
741 1791 86 29 samt
853 1787 165 32 dessutom
1043 1785 128 32 betalar
1196 1783 316 38 ordningsmännens
1540 1776 100 47 löner.

139 1836 118 33 medan
285 1835 39 32 de
353 1832 251 39 sammanlagda
634 1831 212 32 förmånerna
874 1829 54 32 för
954 1826 340 39 restaurangbolagen
1322 1826 12 31 i
1363 1823 189 34 Stockholm
1582 1822 59 32 och

141 1878 179 37 Göteborg,
344 1888 51 20 om
415 1887 77 20 man
514 1874 192 33 inkluderar
726 1871 224 33 kostnaderna
972 1870 53 32 för
1047 1869 310 38 ordningsmännen,
1378 1867 115 37 uppgå
1514 1865 54 32 till
1588 1876 52 20 c:a

142 1921 174 37 2,.000,000
339 1919 51 32 kr.
414 1930 40 26 pr
478 1918 47 38 år,
548 1917 115 31 oaktat
687 1915 97 32 dessa
807 1914 117 37 bolags
947 1912 214 37 omsättning,
1187 1914 75 28 vart
1288 1910 59 31 och
1370 1912 46 29 ett
1440 1909 53 31 för
1517 1908 63 37 sig,
1606 1912 37 26 är

140 1963 122 37 många
287 1962 128 37 gånger
439 1963 104 28 större
568 1963 39 27 än
636 1955 395 39 Norrköpingsbolagets,
1060 1954 37 33 så
1122 1953 131 32 bevisar
1277 1952 99 37 detta,
1403 1954 51 28 att
1479 1950 37 33 de
1543 1950 98 31 först-

141 2004 143 32 nämnda
306 2003 140 38 bolagen
468 2001 73 32 icke
563 2001 87 31 hava
672 1996 378 39 existensberättigande
1073 1998 13 31 i
1110 1996 49 31 sin
1183 1994 190 32 nuvarande
1396 1993 95 31 form.
1538 1991 104 38 Orga-

142 2046 185 32 nisationen
346 2050 37 26 är
402 2045 53 31 för
472 2043 135 38 dyrbar.
647 2041 130 33 Enbart
793 2040 54 32 till
865 2039 151 38 styrelse,
1035 2037 184 33 direktörer
1237 2036 59 32 och
1315 2035 158 32 revisorer
1492 2034 80 37 åtgå
1590 2045 54 19 av-

142 2088 141 33 sevärda
300 2087 130 38 belopp,
446 2085 94 32 vilka
558 2096 116 27 genom
694 2083 135 33 enklare
848 2083 124 31 former
987 2080 55 32 till
1061 2082 123 30 största
1203 2078 91 33 delen
1312 2077 109 32 kunde
1439 2076 205 37 inbesparas.

186 2130 69 32 Till
280 2130 60 31 sist
366 2127 197 33 framhåller
588 2124 333 39 Kontrollstyrelsen,
946 2126 50 28 att
1021 2122 71 38 den,
1118 2122 104 31 ehuru
1246 2120 71 32 icke
1342 2118 155 38 formellt,
1525 2116 83 33 dock
1632 2117 13 31 i

142 2171 181 40 praktiken
341 2171 62 32 har
422 2170 89 32 varit
529 2170 12 32 i
559 2168 139 33 tillfälle
716 2171 102 28 utöva
837 2178 39 20 en
896 2165 71 32 lika
987 2163 162 40 ingående
1169 2162 185 39 graskning
1373 2173 40 20 av
1434 2164 210 33 restaurang-

142 2215 159 38 bolagens
319 2212 214 33 verksamhet
551 2223 68 21 som
641 2223 41 20 av
703 2208 296 40 systembolagens.

188 2257 76 32 Med
280 2255 182 38 anledning
475 2255 105 31 härav
596 2252 190 39 uppställas
804 2250 153 38 följande
970 2249 130 38 frågor:

190 2298 35 40 1)
256 2299 73 31 Har
351 2295 324 39 Kontrollstyrelsen
695 2295 44 37 på
761 2294 50 32 sin
833 2293 50 32 tid
904 2292 127 32 lämnat
1051 2289 154 34 tillstånd
1227 2289 35 32 åt
1285 2286 327 39 restaurangbolaget
1634 2288 12 32 i

146 2340 192 34 Stockholm
357 2343 50 28 att
423 2339 123 37 inköpa
566 2338 44 32 A.
631 2337 39 32 B.
690 2333 274 40 Fenixpalatset?

186 2384 37 38 2)
253 2384 73 32 Har
350 2380 324 39 Kontrollstyrelsen
697 2380 127 31 lämnat
848 2377 154 33 tillstånd
1027 2377 35 31 åt
1087 2374 330 39 restaurangbolaget
1440 2373 11 31 i
1476 2371 168 37 Göteborg

145 2428 50 30 att
215 2424 124 38 inköpa
358 2424 13 32 i
390 2423 165 32 motionen
575 2421 192 33 omnämnda
793 2417 219 40 fastigheter?

191 2465 36 41 3)
257 2467 99 32 Huru
377 2465 62 32 vill
461 2462 323 39 Kontrollstyrelsen
806 2460 161 39 förklara,
991 2462 49 30 att
1063 2456 337 40 restaurangbolagen
1423 2455 12 32 i
1457 2453 191 34 Stockholm
