1848 2816
450 174 121 29 Första
592 173 239 36 lagutskottets
852 174 179 30 memorial
1056 182 40 21 nr
1118 173 49 29 352.
1543 166 15 29 I

730 411 60 40 Nr
817 410 66 42 352.

464 517 125 27 Ankom
612 517 47 27 till
681 517 177 35 riksdagens
880 517 99 27 kansli
1001 517 60 27 den
1085 517 36 27 19
1145 517 67 34 juni
1236 516 79 28 1946
1339 516 41 27 kl.
1406 516 34 26 11
1465 516 54 27 fm.

280 618 180 30 Memorial
482 619 79 30 med
583 619 250 36 föranledande
856 629 42 20 av
921 620 204 29 kamrarnas
1148 619 199 36 skiljaktiga
1372 618 110 32 beslut
1507 617 54 30 be-

503 669 174 38 träffande
697 669 110 38 första
830 670 237 36 lagutskottets
1089 669 174 31 utlåtande
1287 679 40 20 nr
1348 670 41 30 36
1413 670 10 29 i
1446 667 116 32 anled-

501 721 83 35 ning
602 730 42 20 av
665 720 71 30 dels
756 720 122 36 Kungl.
897 721 118 36 Maj:ts
1035 720 213 36 proposition
1268 720 78 29 med
1364 719 130 38 förslag
1512 718 51 31 till

503 770 54 37 lag
583 780 56 21 om
668 770 182 37 införande
877 781 41 20 av
945 780 68 27 nya
1039 770 332 37 rättegångsbalken,
1398 770 71 31 dels
1498 769 64 31 ock

503 831 41 21 en
569 822 11 29 i
605 822 116 29 ämnet
747 822 102 30 väckt
872 822 140 30 motion.

111 920 129 31 Genom
262 921 224 36 proposition,
508 931 42 20 nr
573 922 74 34 262,
670 922 66 29 har
760 921 123 36 Kungl.
906 921 100 36 Maj:t
1029 921 175 36 föreslagit
1229 922 185 36 riksdagen
1433 923 50 29 att
1503 930 59 21 an-

66 974 77 32 taga
167 974 45 27 ett
236 971 58 30 vid
316 971 258 36 propositionen
597 971 95 36 fogat
716 971 129 36 förslag
868 972 49 30 till
939 973 54 35 lag
1018 981 56 20 om
1099 971 183 31 införande
1307 982 42 20 av
1372 981 68 27 nya
1463 973 100 29 rätte-

66 1019 243 37 gångsbalken.

108 1072 12 29 I
145 1072 133 36 avgivet
302 1071 185 37 utlåtande,
512 1082 42 20 nr
577 1073 51 35 36,
651 1074 81 28 över
753 1073 259 36 propositionen
1034 1073 165 30 ävensom
1222 1082 43 21 en
1288 1072 11 30 i
1322 1073 117 29 ämnet
1462 1072 102 30 väckt

63 1122 131 30 motion
213 1123 65 29 har
299 1123 164 30 utskottet
483 1123 184 35 hemställt,
689 1125 48 28 att
760 1123 185 36 riksdagen
964 1122 114 36 måtte,
1101 1125 78 29 med
1200 1124 117 36 avslag
1336 1122 20 31 å
1376 1122 186 35 motionen,

62 1172 120 30 bifalla
205 1172 267 37 propositionen.

109 1224 12 28 I
142 1232 41 22 en
205 1223 57 30 vid
284 1222 190 32 utlåtandet
497 1223 103 37 fogad
622 1224 210 30 reservation
852 1224 64 31 har
935 1224 201 37 hemställts,
1158 1228 49 26 att
1232 1225 35 28 11
1292 1224 18 37 3
1333 1224 10 29 i
1365 1224 55 30 det
1440 1232 124 28 genom

63 1274 258 35 propositionen
341 1273 194 37 framlagda
553 1273 220 37 lagförslaget
790 1273 105 31 måtte
913 1273 81 37 utgå
1012 1275 65 29 och
1096 1277 49 27 att
1164 1275 106 31 därav
1290 1274 182 30 föranledd
1492 1284 71 20 om-

65 1324 198 37 numrering
281 1334 43 20 av
340 1325 42 29 de
399 1324 156 36 följande
573 1324 249 36 paragraferna
839 1325 10 29 i
868 1325 163 36 förslaget
1046 1324 105 31 måtte
1168 1325 65 36 äga
1250 1335 87 20 rum.

111 1374 113 36 Enligt
247 1375 164 30 utskottet
435 1375 300 30 tillhandakomna
760 1375 315 37 protokollsutdrag
1096 1376 46 30 ha
1165 1375 59 31 vid
1244 1375 256 36 behandlingen
1524 1385 42 21 av

66 1426 180 29 utskottets
274 1424 265 37 ifrågavarande
567 1424 176 31 utlåtande
769 1426 190 30 kamrarna
987 1424 170 32 såtillvida
1185 1429 140 27 stannat
1352 1426 12 30 i
1391 1426 94 29 olika
1509 1425 57 30 be-

67 1476 75 35 slut,
165 1479 49 26 att
235 1475 109 30 första
367 1476 204 30 kammaren
593 1475 126 30 bifallit
742 1476 181 30 utskottets
945 1476 209 29 hemställan
1174 1476 111 30 under
1306 1476 58 30 det
1386 1478 48 28 att
1458 1475 110 30 andra

70 1526 203 30 kammaren
295 1525 125 31 bifallit
439 1535 137 21 samma
599 1526 208 30 hemställan
828 1527 79 29 med
930 1527 65 29 den
1017 1525 147 37 ändring
1187 1525 88 37 däri,
1295 1535 75 21 som
1391 1525 145 37 angivits
1559 1525 10 29 i

68 1576 263 31 reservationen.

115 1658 62 31 Det
196 1659 265 36 ifrågavarande
479 1660 205 36 lagrummet
702 1670 101 26 synes
821 1661 74 30 icke
915 1664 81 26 utan
1016 1660 117 30 vidare
1151 1661 119 30 kunna
1288 1659 80 37 utgå
1385 1670 42 21 ur
1444 1660 124 36 lagför-

70 1710 114 35 slaget.
207 1710 12 29 I
239 1710 170 30 särskilda
427 1710 246 36 författningar
691 1711 65 29 har
775 1711 213 30 föreskrivits
1010 1714 47 27 att
1078 1711 202 35 stadgandet
1299 1711 10 29 i
1334 1712 36 28 17
1390 1711 79 35 kap.
1494 1711 34 28 11
1551 1710 18 36 $

69 1759 95 30 äldre
186 1759 323 37 rättegångsbalken
531 1761 87 29 skall
643 1761 88 35 gälla
755 1771 57 20 om
836 1760 171 36 åtskilliga
1032 1770 163 26 personer
1219 1770 73 21 som
1319 1762 102 29 utöva
1444 1760 125 31 offent-

70 1809 59 36 ligt
146 1809 293 38 tjänsteuppdrag,
461 1810 114 31 såsom
593 1810 226 36 fångvaktare
838 1812 64 29 och
922 1810 208 36 fångförare,
1151 1811 228 36 kronolotsar,
1399 1810 169 37 tulltjäns-

72 1860 124 35 temän,
219 1870 163 26 personer
402 1871 73 20 som
497 1862 45 29 ha
564 1865 47 26 att
634 1865 77 31 taga
732 1861 193 36 befattning
947 1863 79 29 med
1049 1861 115 35 tillsyn
1185 1860 19 30 å
1226 1862 97 34 lagen
1344 1870 55 20 om
1421 1861 149 29 arbetar-

75 1909 121 35 skydd,
216 1909 304 36 skogshärbärges-
541 1910 64 29 och
627 1910 482 36 flottledshärbärgeslagarna
1132 1914 88 26 samt
1241 1911 95 35 lagar
1353 1911 65 29 och
1437 1910 134 31 författ-

72 1960 122 35 ningar
215 1959 178 37 angående
413 1960 74 36 jakt
510 1961 65 29 och
597 1960 97 30 fiske.
720 1960 107 31 Dessa
851 1960 216 31 föreskrifter
1088 1961 45 29 ha
1157 1960 10 30 i
1189 1961 89 29 vissa
1304 1961 60 29 fall
1387 1961 184 29 utformats

72 2009 114 30 såsom
208 2010 249 36 hänvisningar
478 2010 49 30 till
553 2012 37 28 17
613 2011 79 35 kap.
718 2012 35 28 11
781 2013 18 35 $
823 2011 94 31 äldre
939 2009 331 38 rättegångsbalken,
1293 2010 11 30 i
1326 2011 108 30 andra
1458 2010 114 30 såsom

73 2060 247 35 självständiga
340 2061 222 35 stadganden.
585 2060 228 30 Föreskrifter
835 2071 41 19 av
897 2060 214 30 sistnämnda
1132 2060 244 30 beskaffenhet
1397 2061 110 31 skulle
1529 2059 44 37 på

73 2111 108 34 grund
203 2120 43 20 av
264 2111 201 35 stadgandet
487 2111 9 29 i
517 2111 19 29 4
557 2112 18 35 8
596 2111 109 29 andra
725 2111 132 35 stycket
875 2111 11 29 i
905 2120 47 20 nu
973 2110 227 30 förevarande
1220 2111 187 35 lagförslag
1425 2111 147 29 förbliva

73 2161 158 34 gällande
257 2161 89 29 även
373 2161 85 29 efter
486 2161 288 29 ikraftträdandet
803 2170 42 20 av
874 2170 67 26 nya
970 2159 331 36 rättegångsbalken.
1332 2161 79 29 Med
1437 2161 135 36 hänsyn

73 2211 116 29 härtill
210 2211 71 34 bör,
303 2220 56 20 om
378 2212 55 29 det
454 2211 7 28 i
487 2212 34 27 11
547 2211 17 35 8
586 2210 193 34 föreslagna
799 2210 203 35 stadgandet
1021 2209 106 36 utgår,
1151 2210 9 29 i
1181 2210 108 29 stället
1311 2210 9 29 i
1342 2211 113 30 denna
1474 2220 98 26 para-

73 2261 77 35 graf
173 2264 168 32 upptagas
364 2271 42 20 en
430 2261 239 29 bestämmelse
692 2270 42 19 av
760 2259 161 36 innehåll,
947 2263 48 26 att
1017 2261 67 29 vad
1107 2260 9 29 i
1139 2260 96 30 äldre
1256 2261 55 33 lag
1334 2261 82 29 eller
1438 2261 134 29 författ-

74 2310 81 35 ning
177 2312 38 28 är
238 2310 135 35 stadgat
394 2319 56 20 om
473 2309 194 30 vittnesmål
690 2319 42 19 av
757 2309 64 29 den
846 2318 73 20 som
942 2309 196 29 förordnats
1161 2312 48 26 att
1234 2309 143 30 förrätta
1401 2310 173 35 offentligt

76 2360 253 36 tjänsteärende
352 2360 88 28 skall
464 2360 155 34 upphöra
643 2362 44 27 att
713 2359 99 34 gälla.
841 2358 113 29 Härav
979 2358 100 35 följer
1103 2362 46 27 att
1174 2369 41 19 av
1238 2359 109 29 andra
1371 2360 203 29 kammaren

76 2411 160 29 förutsatt
256 2409 259 35 omnumrering
536 2419 41 20 av
597 2409 40 28 de
657 2408 155 34 följande
832 2408 243 35 paragraferna
1100 2408 74 29 icke
1195 2409 149 29 behöver
1363 2409 140 30 komma
1526 2409 48 30 till

76 2460 108 31 stånd.

120 2525 109 30 Bihang
241 2525 41 24 till
294 2524 166 31 riksdagens
473 2523 144 31 protokoll
632 2522 100 25 1946.9
750 2522 74 23 saml.
847 2522 12 23 1
878 2522 55 23 avd.
955 2522 37 23 Nr
1010 2522 38 23 52.
1530 2522 11 23 1
