<?xml version="1.0" encoding="UTF-8"?>
<alto xmlns="http://www.loc.gov/standards/alto/ns-v3#" xmlns:xlink="http://www.w3.org/1999/xlink" xmlns:xsi="http://www.w3.org/2001/XMLSchema-instance" xsi:schemaLocation="http://www.loc.gov/standards/alto/ns-v3# http://www.loc.gov/alto/v3/alto-3-0.xsd">
	<Description>
		<MeasurementUnit>pixel</MeasurementUnit>
		<sourceImageInformation>
			<fileName>/tmp/tess_csip5smm_input.PNG</fileName>
		</sourceImageInformation>
		<OCRProcessing ID="OCR_0">
			<ocrProcessingStep>
				<processingSoftware>
					<softwareName>tesseract 5.3.0</softwareName>
				</processingSoftware>
			</ocrProcessingStep>
		</OCRProcessing>
	</Description>
	<Layout>
		<Page WIDTH="1898" HEIGHT="2808" PHYSICAL_IMG_NR="0" ID="page_0">
			<PrintSpace HPOS="0" VPOS="0" WIDTH="1898" HEIGHT="2808">
				<ComposedBlock ID="cblock_0" HPOS="536" VPOS="129" WIDTH="1071" HEIGHT="49">
					<TextBlock ID="block_0" HPOS="536" VPOS="129" WIDTH="1071" HEIGHT="49">
						<TextLine ID="line_0" HPOS="536" VPOS="129" WIDTH="1071" HEIGHT="49">
							<String ID="string_0" HPOS="536" VPOS="146" WIDTH="103" HEIGHT="31" WC="0.93" CONTENT="Första"/><SP WIDTH="24" VPOS="146" HPOS="639"/>
							<String ID="string_1" HPOS="663" VPOS="144" WIDTH="200" HEIGHT="34" WC="0.91" CONTENT="lagutskottets"/><SP WIDTH="22" VPOS="144" HPOS="863"/>
							<String ID="string_2" HPOS="885" VPOS="140" WIDTH="152" HEIGHT="31" WC="0.95" CONTENT="utlåtande"/><SP WIDTH="22" VPOS="140" HPOS="1037"/>
							<String ID="string_3" HPOS="1059" VPOS="140" WIDTH="44" HEIGHT="28" WC="0.95" CONTENT="Nr"/><SP WIDTH="22" VPOS="140" HPOS="1103"/>
							<String ID="string_4" HPOS="1125" VPOS="140" WIDTH="50" HEIGHT="28" WC="0.95" CONTENT="25."/><SP WIDTH="413" VPOS="140" HPOS="1175"/>
							<String ID="string_5" HPOS="1588" VPOS="129" WIDTH="19" HEIGHT="32" WC="0.96" CONTENT="3"/>
						</TextLine>
					</TextBlock>
				</ComposedBlock>
				<ComposedBlock ID="cblock_1" HPOS="104" VPOS="214" WIDTH="1518" HEIGHT="1676">
					<TextBlock ID="block_1" HPOS="104" VPOS="214" WIDTH="1509" HEIGHT="512">
						<TextLine ID="line_1" HPOS="145" VPOS="214" WIDTH="1467" HEIGHT="49">
							<String ID="string_6" HPOS="145" VPOS="231" WIDTH="17" HEIGHT="32" WC="0.96" CONTENT="I"/><SP WIDTH="23" VPOS="231" HPOS="162"/>
							<String ID="string_7" HPOS="185" VPOS="229" WIDTH="111" HEIGHT="33" WC="0.96" CONTENT="likhet"/><SP WIDTH="22" VPOS="229" HPOS="296"/>
							<String ID="string_8" HPOS="318" VPOS="227" WIDTH="75" HEIGHT="32" WC="0.96" CONTENT="med"/><SP WIDTH="23" VPOS="227" HPOS="393"/>
							<String ID="string_9" HPOS="416" VPOS="226" WIDTH="66" HEIGHT="32" WC="0.96" CONTENT="vad"/><SP WIDTH="23" VPOS="226" HPOS="482"/>
							<String ID="string_10" HPOS="505" VPOS="226" WIDTH="169" HEIGHT="32" WC="0.96" CONTENT="utskottet"/><SP WIDTH="22" VPOS="226" HPOS="674"/>
							<String ID="string_11" HPOS="696" VPOS="226" WIDTH="37" HEIGHT="30" WC="0.95" CONTENT="år"/><SP WIDTH="25" VPOS="226" HPOS="733"/>
							<String ID="string_12" HPOS="758" VPOS="225" WIDTH="79" HEIGHT="30" WC="0.96" CONTENT="1921"/><SP WIDTH="25" VPOS="225" HPOS="837"/>
							<String ID="string_13" HPOS="862" VPOS="222" WIDTH="163" HEIGHT="38" WC="0.96" CONTENT="uttalade,"/><SP WIDTH="24" VPOS="222" HPOS="1025"/>
							<String ID="string_14" HPOS="1049" VPOS="220" WIDTH="107" HEIGHT="31" WC="0.96" CONTENT="finner"/><SP WIDTH="23" VPOS="220" HPOS="1156"/>
							<String ID="string_15" HPOS="1179" VPOS="218" WIDTH="171" HEIGHT="32" WC="0.96" CONTENT="utskottet"/><SP WIDTH="15" VPOS="218" HPOS="1350"/>
							<String ID="string_16" HPOS="1365" VPOS="214" WIDTH="171" HEIGHT="37" WC="0.96" CONTENT="önskvärt,"/><SP WIDTH="25" VPOS="214" HPOS="1536"/>
							<String ID="string_17" HPOS="1561" VPOS="216" WIDTH="51" HEIGHT="28" WC="0.96" CONTENT="att"/>
						</TextLine>
						<TextLine ID="line_2" HPOS="104" VPOS="264" WIDTH="1507" HEIGHT="59">
							<String ID="string_18" HPOS="104" VPOS="282" WIDTH="119" HEIGHT="41" WC="0.96" CONTENT="frågan"/><SP WIDTH="23" VPOS="282" HPOS="223"/>
							<String ID="string_19" HPOS="246" VPOS="291" WIDTH="52" HEIGHT="20" WC="0.92" CONTENT="om"/><SP WIDTH="23" VPOS="291" HPOS="298"/>
							<String ID="string_20" HPOS="321" VPOS="276" WIDTH="339" HEIGHT="41" WC="0.91" CONTENT="fosterfördrivnings"/><SP WIDTH="24" VPOS="276" HPOS="660"/>
							<String ID="string_21" HPOS="684" VPOS="273" WIDTH="221" HEIGHT="33" WC="0.91" CONTENT="straffbarhet"/><SP WIDTH="23" VPOS="273" HPOS="905"/>
							<String ID="string_22" HPOS="928" VPOS="275" WIDTH="11" HEIGHT="28" WC="0.96" CONTENT="i"/><SP WIDTH="23" VPOS="275" HPOS="939"/>
							<String ID="string_23" HPOS="962" VPOS="271" WIDTH="77" HEIGHT="32" WC="0.96" CONTENT="hela"/><SP WIDTH="23" VPOS="271" HPOS="1039"/>
							<String ID="string_24" HPOS="1062" VPOS="271" WIDTH="74" HEIGHT="30" WC="0.96" CONTENT="dess"/><SP WIDTH="23" VPOS="271" HPOS="1136"/>
							<String ID="string_25" HPOS="1159" VPOS="269" WIDTH="82" HEIGHT="31" WC="0.93" CONTENT="vidd"/><SP WIDTH="17" VPOS="269" HPOS="1241"/>
							<String ID="string_26" HPOS="1258" VPOS="269" WIDTH="166" HEIGHT="40" WC="0.91" CONTENT="upptages"/><SP WIDTH="15" VPOS="269" HPOS="1424"/>
							<String ID="string_27" HPOS="1439" VPOS="264" WIDTH="58" HEIGHT="31" WC="0.93" CONTENT="till"/><SP WIDTH="16" VPOS="264" HPOS="1497"/>
							<String ID="string_28" HPOS="1513" VPOS="269" WIDTH="98" HEIGHT="37" WC="0.93" CONTENT="pröv-"/>
						</TextLine>
						<TextLine ID="line_3" HPOS="104" VPOS="315" WIDTH="1507" HEIGHT="58">
							<String ID="string_29" HPOS="104" VPOS="332" WIDTH="90" HEIGHT="41" WC="0.95" CONTENT="ning."/><SP WIDTH="46" VPOS="332" HPOS="194"/>
							<String ID="string_30" HPOS="240" VPOS="329" WIDTH="123" HEIGHT="42" WC="0.96" CONTENT="Enligt"/><SP WIDTH="33" VPOS="329" HPOS="363"/>
							<String ID="string_31" HPOS="396" VPOS="328" WIDTH="188" HEIGHT="32" WC="0.96" CONTENT="utskottets"/><SP WIDTH="35" VPOS="328" HPOS="584"/>
							<String ID="string_32" HPOS="619" VPOS="325" WIDTH="138" HEIGHT="41" WC="0.96" CONTENT="mening"/><SP WIDTH="34" VPOS="325" HPOS="757"/>
							<String ID="string_33" HPOS="791" VPOS="329" WIDTH="37" HEIGHT="27" WC="0.96" CONTENT="är"/><SP WIDTH="34" VPOS="329" HPOS="828"/>
							<String ID="string_34" HPOS="862" VPOS="324" WIDTH="58" HEIGHT="31" WC="0.96" CONTENT="det"/><SP WIDTH="33" VPOS="324" HPOS="920"/>
							<String ID="string_35" HPOS="953" VPOS="333" WIDTH="42" HEIGHT="20" WC="0.96" CONTENT="av"/><SP WIDTH="32" VPOS="333" HPOS="995"/>
							<String ID="string_36" HPOS="1027" VPOS="320" WIDTH="87" HEIGHT="37" WC="0.96" CONTENT="vikt,"/><SP WIDTH="25" VPOS="320" HPOS="1114"/>
							<String ID="string_37" HPOS="1139" VPOS="322" WIDTH="51" HEIGHT="29" WC="0.96" CONTENT="att"/><SP WIDTH="22" VPOS="322" HPOS="1190"/>
							<String ID="string_38" HPOS="1212" VPOS="319" WIDTH="97" HEIGHT="31" WC="0.96" CONTENT="detta"/><SP WIDTH="22" VPOS="319" HPOS="1309"/>
							<String ID="string_39" HPOS="1331" VPOS="315" WIDTH="162" HEIGHT="44" WC="0.96" CONTENT="spörsmål"/><SP WIDTH="22" VPOS="315" HPOS="1493"/>
							<String ID="string_40" HPOS="1515" VPOS="319" WIDTH="96" HEIGHT="36" WC="0.96" CONTENT="göres"/>
						</TextLine>
						<TextLine ID="line_4" HPOS="104" VPOS="364" WIDTH="1507" HEIGHT="55">
							<String ID="string_41" HPOS="104" VPOS="382" WIDTH="54" HEIGHT="33" WC="0.96" CONTENT="till"/><SP WIDTH="24" VPOS="382" HPOS="158"/>
							<String ID="string_42" HPOS="182" VPOS="380" WIDTH="140" HEIGHT="34" WC="0.96" CONTENT="föremål"/><SP WIDTH="24" VPOS="380" HPOS="322"/>
							<String ID="string_43" HPOS="346" VPOS="381" WIDTH="53" HEIGHT="31" WC="0.96" CONTENT="för"/><SP WIDTH="23" VPOS="381" HPOS="399"/>
							<String ID="string_44" HPOS="422" VPOS="390" WIDTH="40" HEIGHT="21" WC="0.96" CONTENT="en"/><SP WIDTH="24" VPOS="390" HPOS="462"/>
							<String ID="string_45" HPOS="486" VPOS="377" WIDTH="164" HEIGHT="42" WC="0.96" CONTENT="ingående"/><SP WIDTH="23" VPOS="377" HPOS="650"/>
							<String ID="string_46" HPOS="673" VPOS="375" WIDTH="62" HEIGHT="33" WC="0.96" CONTENT="och"/><SP WIDTH="28" VPOS="375" HPOS="735"/>
							<String ID="string_47" HPOS="763" VPOS="374" WIDTH="141" HEIGHT="41" WC="0.96" CONTENT="allsidig"/><SP WIDTH="22" VPOS="374" HPOS="904"/>
							<String ID="string_48" HPOS="926" VPOS="371" WIDTH="192" HEIGHT="41" WC="0.95" CONTENT="utredning."/><SP WIDTH="46" VPOS="371" HPOS="1118"/>
							<String ID="string_49" HPOS="1164" VPOS="367" WIDTH="219" HEIGHT="34" WC="0.95" CONTENT="Beträffande"/><SP WIDTH="23" VPOS="367" HPOS="1383"/>
							<String ID="string_50" HPOS="1406" VPOS="364" WIDTH="205" HEIGHT="44" WC="0.95" CONTENT="tidpunkten"/>
						</TextLine>
						<TextLine ID="line_5" HPOS="105" VPOS="415" WIDTH="1507" HEIGHT="58">
							<String ID="string_51" HPOS="105" VPOS="435" WIDTH="51" HEIGHT="31" WC="0.96" CONTENT="för"/><SP WIDTH="22" VPOS="435" HPOS="156"/>
							<String ID="string_52" HPOS="178" VPOS="432" WIDTH="243" HEIGHT="41" WC="0.96" CONTENT="utredningens"/><SP WIDTH="23" VPOS="432" HPOS="421"/>
							<String ID="string_53" HPOS="444" VPOS="426" WIDTH="221" HEIGHT="46" WC="0.96" CONTENT="upptagande"/><SP WIDTH="23" VPOS="426" HPOS="665"/>
							<String ID="string_54" HPOS="688" VPOS="427" WIDTH="69" HEIGHT="31" WC="0.96" CONTENT="kan"/><SP WIDTH="22" VPOS="427" HPOS="757"/>
							<String ID="string_55" HPOS="779" VPOS="425" WIDTH="174" HEIGHT="32" WC="0.96" CONTENT="utskottet"/><SP WIDTH="23" VPOS="425" HPOS="953"/>
							<String ID="string_56" HPOS="976" VPOS="422" WIDTH="75" HEIGHT="32" WC="0.96" CONTENT="med"/><SP WIDTH="23" VPOS="422" HPOS="1051"/>
							<String ID="string_57" HPOS="1074" VPOS="422" WIDTH="131" HEIGHT="41" WC="0.95" CONTENT="hänsyn"/><SP WIDTH="23" VPOS="422" HPOS="1205"/>
							<String ID="string_58" HPOS="1228" VPOS="418" WIDTH="59" HEIGHT="32" WC="0.96" CONTENT="till"/><SP WIDTH="23" VPOS="418" HPOS="1287"/>
							<String ID="string_59" HPOS="1310" VPOS="418" WIDTH="57" HEIGHT="32" WC="0.93" CONTENT="det"/><SP WIDTH="22" VPOS="418" HPOS="1367"/>
							<String ID="string_60" HPOS="1389" VPOS="417" WIDTH="113" HEIGHT="32" WC="0.90" CONTENT="ovissa"/><SP WIDTH="22" VPOS="417" HPOS="1502"/>
							<String ID="string_61" HPOS="1524" VPOS="415" WIDTH="88" HEIGHT="41" WC="0.95" CONTENT="läge,"/>
						</TextLine>
						<TextLine ID="line_6" HPOS="105" VPOS="467" WIDTH="1506" HEIGHT="53">
							<String ID="string_62" HPOS="105" VPOS="485" WIDTH="74" HEIGHT="31" WC="0.96" CONTENT="vari"/><SP WIDTH="31" VPOS="485" HPOS="179"/>
							<String ID="string_63" HPOS="210" VPOS="483" WIDTH="192" HEIGHT="32" WC="0.96" CONTENT="revisionen"/><SP WIDTH="34" VPOS="483" HPOS="402"/>
							<String ID="string_64" HPOS="436" VPOS="491" WIDTH="42" HEIGHT="21" WC="0.96" CONTENT="av"/><SP WIDTH="35" VPOS="491" HPOS="478"/>
							<String ID="string_65" HPOS="513" VPOS="481" WIDTH="38" HEIGHT="30" WC="0.96" CONTENT="14"/><SP WIDTH="33" VPOS="481" HPOS="551"/>
							<String ID="string_66" HPOS="584" VPOS="477" WIDTH="149" HEIGHT="43" WC="0.96" CONTENT="kapitlet"/><SP WIDTH="25" VPOS="477" HPOS="733"/>
							<String ID="string_67" HPOS="758" VPOS="475" WIDTH="197" HEIGHT="41" WC="0.96" CONTENT="strafflagen"/><SP WIDTH="34" VPOS="475" HPOS="955"/>
							<String ID="string_68" HPOS="989" VPOS="478" WIDTH="91" HEIGHT="27" WC="0.96" CONTENT="ännu"/><SP WIDTH="32" VPOS="478" HPOS="1080"/>
							<String ID="string_69" HPOS="1112" VPOS="471" WIDTH="149" HEIGHT="32" WC="0.95" CONTENT="befinner"/><SP WIDTH="32" VPOS="471" HPOS="1261"/>
							<String ID="string_70" HPOS="1293" VPOS="469" WIDTH="63" HEIGHT="41" WC="0.96" CONTENT="sig,"/><SP WIDTH="23" VPOS="469" HPOS="1356"/>
							<String ID="string_71" HPOS="1379" VPOS="467" WIDTH="56" HEIGHT="33" WC="0.96" CONTENT="och"/><SP WIDTH="26" VPOS="467" HPOS="1435"/>
							<String ID="string_72" HPOS="1461" VPOS="467" WIDTH="43" HEIGHT="32" WC="0.93" CONTENT="då"/><SP WIDTH="23" VPOS="467" HPOS="1504"/>
							<String ID="string_73" HPOS="1527" VPOS="467" WIDTH="84" HEIGHT="30" WC="0.93" CONTENT="före-"/>
						</TextLine>
						<TextLine ID="line_7" HPOS="105" VPOS="516" WIDTH="1508" HEIGHT="57">
							<String ID="string_74" HPOS="105" VPOS="534" WIDTH="149" HEIGHT="32" WC="0.96" CONTENT="varande"/><SP WIDTH="16" VPOS="534" HPOS="254"/>
							<String ID="string_75" HPOS="270" VPOS="533" WIDTH="100" HEIGHT="40" WC="0.96" CONTENT="fråga"/><SP WIDTH="14" VPOS="533" HPOS="370"/>
							<String ID="string_76" HPOS="384" VPOS="531" WIDTH="76" HEIGHT="32" WC="0.96" CONTENT="icke"/><SP WIDTH="22" VPOS="531" HPOS="460"/>
							<String ID="string_77" HPOS="482" VPOS="535" WIDTH="80" HEIGHT="36" WC="0.96" CONTENT="äger"/><SP WIDTH="23" VPOS="535" HPOS="562"/>
							<String ID="string_78" HPOS="585" VPOS="529" WIDTH="38" HEIGHT="31" WC="0.96" CONTENT="så"/><SP WIDTH="16" VPOS="529" HPOS="623"/>
							<String ID="string_79" HPOS="639" VPOS="533" WIDTH="83" HEIGHT="26" WC="0.96" CONTENT="nära"/><SP WIDTH="15" VPOS="533" HPOS="722"/>
							<String ID="string_80" HPOS="737" VPOS="526" WIDTH="165" HEIGHT="32" WC="0.96" CONTENT="samband"/><SP WIDTH="15" VPOS="526" HPOS="902"/>
							<String ID="string_81" HPOS="917" VPOS="524" WIDTH="73" HEIGHT="31" WC="0.96" CONTENT="med"/><SP WIDTH="16" VPOS="524" HPOS="990"/>
							<String ID="string_82" HPOS="1006" VPOS="521" WIDTH="148" HEIGHT="33" WC="0.96" CONTENT="nämnda"/><SP WIDTH="15" VPOS="521" HPOS="1154"/>
							<String ID="string_83" HPOS="1169" VPOS="520" WIDTH="129" HEIGHT="43" WC="0.94" CONTENT="kapitel"/><SP WIDTH="13" VPOS="520" HPOS="1298"/>
							<String ID="string_84" HPOS="1311" VPOS="520" WIDTH="11" HEIGHT="30" WC="0.94" CONTENT="i"/><SP WIDTH="16" VPOS="520" HPOS="1322"/>
							<String ID="string_85" HPOS="1338" VPOS="519" WIDTH="118" HEIGHT="40" WC="0.96" CONTENT="övrigt,"/><SP WIDTH="17" VPOS="519" HPOS="1456"/>
							<String ID="string_86" HPOS="1473" VPOS="519" WIDTH="52" HEIGHT="29" WC="0.96" CONTENT="att"/><SP WIDTH="15" VPOS="519" HPOS="1525"/>
							<String ID="string_87" HPOS="1540" VPOS="516" WIDTH="73" HEIGHT="32" WC="0.96" CONTENT="icke"/>
						</TextLine>
						<TextLine ID="line_8" HPOS="106" VPOS="569" WIDTH="1507" HEIGHT="51">
							<String ID="string_88" HPOS="106" VPOS="596" WIDTH="41" HEIGHT="21" WC="0.95" CONTENT="en"/><SP WIDTH="33" VPOS="596" HPOS="147"/>
							<String ID="string_89" HPOS="180" VPOS="583" WIDTH="186" HEIGHT="32" WC="0.96" CONTENT="fristående"/><SP WIDTH="33" VPOS="583" HPOS="366"/>
							<String ID="string_90" HPOS="399" VPOS="579" WIDTH="210" HEIGHT="41" WC="0.96" CONTENT="behandling"/><SP WIDTH="33" VPOS="579" HPOS="609"/>
							<String ID="string_91" HPOS="642" VPOS="588" WIDTH="43" HEIGHT="21" WC="0.96" CONTENT="av"/><SP WIDTH="34" VPOS="588" HPOS="685"/>
							<String ID="string_92" HPOS="719" VPOS="578" WIDTH="121" HEIGHT="39" WC="0.96" CONTENT="frågan"/><SP WIDTH="34" VPOS="578" HPOS="840"/>
							<String ID="string_93" HPOS="874" VPOS="575" WIDTH="69" HEIGHT="31" WC="0.96" CONTENT="kan"/><SP WIDTH="32" VPOS="575" HPOS="943"/>
							<String ID="string_94" HPOS="975" VPOS="579" WIDTH="64" HEIGHT="35" WC="0.96" CONTENT="äga"/><SP WIDTH="32" VPOS="579" HPOS="1039"/>
							<String ID="string_95" HPOS="1071" VPOS="584" WIDTH="85" HEIGHT="26" WC="0.96" CONTENT="rum,"/><SP WIDTH="36" VPOS="584" HPOS="1156"/>
							<String ID="string_96" HPOS="1192" VPOS="571" WIDTH="28" HEIGHT="42" WC="0.96" CONTENT="ej"/><SP WIDTH="35" VPOS="571" HPOS="1220"/>
							<String ID="string_97" HPOS="1255" VPOS="581" WIDTH="46" HEIGHT="21" WC="0.96" CONTENT="nu"/><SP WIDTH="27" VPOS="581" HPOS="1301"/>
							<String ID="string_98" HPOS="1328" VPOS="569" WIDTH="134" HEIGHT="32" WC="0.96" CONTENT="förorda"/><SP WIDTH="21" VPOS="569" HPOS="1462"/>
							<String ID="string_99" HPOS="1483" VPOS="570" WIDTH="51" HEIGHT="29" WC="0.93" CONTENT="ett"/><SP WIDTH="22" VPOS="570" HPOS="1534"/>
							<String ID="string_100" HPOS="1556" VPOS="578" WIDTH="57" HEIGHT="20" WC="0.91" CONTENT="av-"/>
						</TextLine>
						<TextLine ID="line_9" HPOS="106" VPOS="617" WIDTH="1507" HEIGHT="50">
							<String ID="string_101" HPOS="106" VPOS="634" WIDTH="171" HEIGHT="33" WC="0.96" CONTENT="vaktande"/><SP WIDTH="34" VPOS="634" HPOS="277"/>
							<String ID="string_102" HPOS="311" VPOS="643" WIDTH="43" HEIGHT="21" WC="0.96" CONTENT="av"/><SP WIDTH="33" VPOS="643" HPOS="354"/>
							<String ID="string_103" HPOS="387" VPOS="632" WIDTH="109" HEIGHT="31" WC="0.96" CONTENT="denna"/><SP WIDTH="33" VPOS="632" HPOS="496"/>
							<String ID="string_104" HPOS="529" VPOS="631" WIDTH="148" HEIGHT="30" WC="0.96" CONTENT="revision"/><SP WIDTH="32" VPOS="631" HPOS="677"/>
							<String ID="string_105" HPOS="709" VPOS="629" WIDTH="85" HEIGHT="30" WC="0.96" CONTENT="utan"/><SP WIDTH="38" VPOS="629" HPOS="794"/>
							<String ID="string_106" HPOS="832" VPOS="625" WIDTH="153" HEIGHT="37" WC="0.96" CONTENT="föreslår,"/><SP WIDTH="33" VPOS="625" HPOS="985"/>
							<String ID="string_107" HPOS="1018" VPOS="625" WIDTH="52" HEIGHT="30" WC="0.96" CONTENT="att"/><SP WIDTH="34" VPOS="625" HPOS="1070"/>
							<String ID="string_108" HPOS="1104" VPOS="621" WIDTH="227" HEIGHT="41" WC="0.93" CONTENT="utredningen"/><SP WIDTH="37" VPOS="621" HPOS="1331"/>
							<String ID="string_109" HPOS="1368" VPOS="619" WIDTH="170" HEIGHT="40" WC="0.92" CONTENT="företages"/><SP WIDTH="38" VPOS="619" HPOS="1538"/>
							<String ID="string_110" HPOS="1576" VPOS="617" WIDTH="37" HEIGHT="31" WC="0.96" CONTENT="så"/>
						</TextLine>
						<TextLine ID="line_10" HPOS="107" VPOS="676" WIDTH="849" HEIGHT="50">
							<String ID="string_111" HPOS="107" VPOS="684" WIDTH="203" HEIGHT="42" WC="0.96" CONTENT="skyndsamt"/><SP WIDTH="22" VPOS="684" HPOS="310"/>
							<String ID="string_112" HPOS="332" VPOS="693" WIDTH="71" HEIGHT="21" WC="0.96" CONTENT="som"/><SP WIDTH="24" VPOS="693" HPOS="403"/>
							<String ID="string_113" HPOS="427" VPOS="679" WIDTH="336" HEIGHT="41" WC="0.93" CONTENT="omständigheterna"/><SP WIDTH="27" VPOS="679" HPOS="763"/>
							<String ID="string_114" HPOS="790" VPOS="676" WIDTH="166" HEIGHT="41" WC="0.91" CONTENT="medgiva."/>
						</TextLine>
					</TextBlock>
					<TextBlock ID="block_2" HPOS="107" VPOS="720" WIDTH="1514" HEIGHT="858">
						<TextLine ID="line_11" HPOS="148" VPOS="720" WIDTH="1466" HEIGHT="52">
							<String ID="string_115" HPOS="148" VPOS="734" WIDTH="67" HEIGHT="32" WC="0.96" CONTENT="Vid"/><SP WIDTH="23" VPOS="734" HPOS="215"/>
							<String ID="string_116" HPOS="238" VPOS="731" WIDTH="295" HEIGHT="41" WC="0.95" CONTENT="undersökningen"/><SP WIDTH="22" VPOS="731" HPOS="533"/>
							<String ID="string_117" HPOS="555" VPOS="729" WIDTH="97" HEIGHT="32" WC="0.96" CONTENT="torde"/><SP WIDTH="22" VPOS="729" HPOS="652"/>
							<String ID="string_118" HPOS="674" VPOS="728" WIDTH="82" HEIGHT="31" WC="0.96" CONTENT="böra"/><SP WIDTH="23" VPOS="728" HPOS="756"/>
							<String ID="string_119" HPOS="779" VPOS="725" WIDTH="318" HEIGHT="43" WC="0.96" CONTENT="uppmärksammas"/><SP WIDTH="25" VPOS="725" HPOS="1097"/>
							<String ID="string_120" HPOS="1122" VPOS="723" WIDTH="38" HEIGHT="31" WC="0.96" CONTENT="de"/><SP WIDTH="23" VPOS="723" HPOS="1160"/>
							<String ID="string_121" HPOS="1183" VPOS="720" WIDTH="223" HEIGHT="44" WC="0.96" CONTENT="synpunkter,"/><SP WIDTH="24" VPOS="720" HPOS="1406"/>
							<String ID="string_122" HPOS="1430" VPOS="731" WIDTH="69" HEIGHT="21" WC="0.93" CONTENT="som"/><SP WIDTH="14" VPOS="731" HPOS="1499"/>
							<String ID="string_123" HPOS="1513" VPOS="720" WIDTH="101" HEIGHT="31" WC="0.91" CONTENT="fram-"/>
						</TextLine>
						<TextLine ID="line_12" HPOS="107" VPOS="769" WIDTH="1508" HEIGHT="47">
							<String ID="string_124" HPOS="107" VPOS="784" WIDTH="121" HEIGHT="32" WC="0.96" CONTENT="hållits"/><SP WIDTH="35" VPOS="784" HPOS="228"/>
							<String ID="string_125" HPOS="263" VPOS="794" WIDTH="41" HEIGHT="20" WC="0.96" CONTENT="av"/><SP WIDTH="33" VPOS="794" HPOS="304"/>
							<String ID="string_126" HPOS="337" VPOS="782" WIDTH="41" HEIGHT="31" WC="0.96" CONTENT="de"/><SP WIDTH="32" VPOS="782" HPOS="378"/>
							<String ID="string_127" HPOS="410" VPOS="781" WIDTH="93" HEIGHT="31" WC="0.93" CONTENT="förut"/><SP WIDTH="30" VPOS="781" HPOS="503"/>
							<String ID="string_128" HPOS="533" VPOS="777" WIDTH="227" HEIGHT="34" WC="0.90" CONTENT="omförmälda"/><SP WIDTH="33" VPOS="777" HPOS="760"/>
							<String ID="string_129" HPOS="793" VPOS="775" WIDTH="225" HEIGHT="40" WC="0.96" CONTENT="sakkunniga."/><SP WIDTH="45" VPOS="775" HPOS="1018"/>
							<String ID="string_130" HPOS="1063" VPOS="773" WIDTH="137" HEIGHT="32" WC="0.96" CONTENT="Främst"/><SP WIDTH="32" VPOS="773" HPOS="1200"/>
							<String ID="string_131" HPOS="1232" VPOS="782" WIDTH="101" HEIGHT="31" WC="0.96" CONTENT="synes"/><SP WIDTH="33" VPOS="782" HPOS="1333"/>
							<String ID="string_132" HPOS="1366" VPOS="770" WIDTH="80" HEIGHT="32" WC="0.95" CONTENT="böra"/><SP WIDTH="21" VPOS="770" HPOS="1446"/>
							<String ID="string_133" HPOS="1467" VPOS="769" WIDTH="148" HEIGHT="37" WC="0.96" CONTENT="utredas,"/>
						</TextLine>
						<TextLine ID="line_13" HPOS="108" VPOS="819" WIDTH="1509" HEIGHT="47">
							<String ID="string_134" HPOS="108" VPOS="834" WIDTH="171" HEIGHT="32" WC="0.96" CONTENT="huruvida"/><SP WIDTH="32" VPOS="834" HPOS="279"/>
							<String ID="string_135" HPOS="311" VPOS="832" WIDTH="58" HEIGHT="32" WC="0.93" CONTENT="det"/><SP WIDTH="33" VPOS="832" HPOS="369"/>
							<String ID="string_136" HPOS="402" VPOS="830" WIDTH="153" HEIGHT="33" WC="0.91" CONTENT="straffria"/><SP WIDTH="32" VPOS="830" HPOS="555"/>
							<String ID="string_137" HPOS="587" VPOS="827" WIDTH="152" HEIGHT="33" WC="0.96" CONTENT="området"/><SP WIDTH="33" VPOS="827" HPOS="739"/>
							<String ID="string_138" HPOS="772" VPOS="826" WIDTH="53" HEIGHT="32" WC="0.93" CONTENT="för"/><SP WIDTH="26" VPOS="826" HPOS="825"/>
							<String ID="string_139" HPOS="851" VPOS="824" WIDTH="321" HEIGHT="40" WC="0.92" CONTENT="fosterfördrivning"/><SP WIDTH="22" VPOS="824" HPOS="1172"/>
							<String ID="string_140" HPOS="1194" VPOS="833" WIDTH="119" HEIGHT="30" WC="0.96" CONTENT="genom"/><SP WIDTH="24" VPOS="833" HPOS="1313"/>
							<String ID="string_141" HPOS="1337" VPOS="822" WIDTH="49" HEIGHT="31" WC="0.96" CONTENT="ett"/><SP WIDTH="22" VPOS="822" HPOS="1386"/>
							<String ID="string_142" HPOS="1408" VPOS="819" WIDTH="82" HEIGHT="33" WC="0.96" CONTENT="eller"/><SP WIDTH="22" VPOS="819" HPOS="1490"/>
							<String ID="string_143" HPOS="1512" VPOS="822" WIDTH="105" HEIGHT="29" WC="0.96" CONTENT="annat"/>
						</TextLine>
						<TextLine ID="line_14" HPOS="109" VPOS="871" WIDTH="1508" HEIGHT="57">
							<String ID="string_144" HPOS="109" VPOS="884" WIDTH="210" HEIGHT="44" WC="0.96" CONTENT="uttryckligt"/><SP WIDTH="24" VPOS="884" HPOS="319"/>
							<String ID="string_145" HPOS="343" VPOS="880" WIDTH="189" HEIGHT="44" WC="0.96" CONTENT="stadgande"/><SP WIDTH="22" VPOS="880" HPOS="532"/>
							<String ID="string_146" HPOS="554" VPOS="880" WIDTH="88" HEIGHT="32" WC="0.96" CONTENT="låter"/><SP WIDTH="24" VPOS="880" HPOS="642"/>
							<String ID="string_147" HPOS="666" VPOS="878" WIDTH="51" HEIGHT="42" WC="0.96" CONTENT="sig"/><SP WIDTH="25" VPOS="878" HPOS="717"/>
							<String ID="string_148" HPOS="742" VPOS="882" WIDTH="154" HEIGHT="27" WC="0.96" CONTENT="närmare"/><SP WIDTH="25" VPOS="882" HPOS="896"/>
							<String ID="string_149" HPOS="921" VPOS="876" WIDTH="200" HEIGHT="31" WC="0.95" CONTENT="bestämmas"/><SP WIDTH="24" VPOS="876" HPOS="1121"/>
							<String ID="string_150" HPOS="1145" VPOS="873" WIDTH="82" HEIGHT="32" WC="0.96" CONTENT="eller"/><SP WIDTH="22" VPOS="873" HPOS="1227"/>
							<String ID="string_151" HPOS="1249" VPOS="884" WIDTH="53" HEIGHT="21" WC="0.96" CONTENT="om"/><SP WIDTH="24" VPOS="884" HPOS="1302"/>
							<String ID="string_152" HPOS="1326" VPOS="882" WIDTH="75" HEIGHT="21" WC="0.96" CONTENT="man"/><SP WIDTH="18" VPOS="882" HPOS="1401"/>
							<String ID="string_153" HPOS="1419" VPOS="871" WIDTH="59" HEIGHT="32" WC="0.96" CONTENT="bör"/><SP WIDTH="15" VPOS="871" HPOS="1478"/>
							<String ID="string_154" HPOS="1493" VPOS="873" WIDTH="124" HEIGHT="29" WC="0.96" CONTENT="stanna"/>
						</TextLine>
						<TextLine ID="line_15" HPOS="109" VPOS="923" WIDTH="1507" HEIGHT="53">
							<String ID="string_155" HPOS="109" VPOS="937" WIDTH="59" HEIGHT="31" WC="0.96" CONTENT="vid"/><SP WIDTH="13" VPOS="937" HPOS="168"/>
							<String ID="string_156" HPOS="181" VPOS="938" WIDTH="50" HEIGHT="30" WC="0.96" CONTENT="ett"/><SP WIDTH="13" VPOS="938" HPOS="231"/>
							<String ID="string_157" HPOS="244" VPOS="933" WIDTH="164" HEIGHT="43" WC="0.96" CONTENT="generellt"/><SP WIDTH="16" VPOS="933" HPOS="408"/>
							<String ID="string_158" HPOS="424" VPOS="930" WIDTH="197" HEIGHT="44" WC="0.96" CONTENT="stadgande,"/><SP WIDTH="14" VPOS="930" HPOS="621"/>
							<String ID="string_159" HPOS="635" VPOS="933" WIDTH="52" HEIGHT="28" WC="0.96" CONTENT="att"/><SP WIDTH="15" VPOS="933" HPOS="687"/>
							<String ID="string_160" HPOS="702" VPOS="927" WIDTH="186" HEIGHT="33" WC="0.96" CONTENT="domstolen"/><SP WIDTH="17" VPOS="927" HPOS="888"/>
							<String ID="string_161" HPOS="905" VPOS="927" WIDTH="63" HEIGHT="37" WC="0.96" CONTENT="må,"/><SP WIDTH="17" VPOS="927" HPOS="968"/>
							<String ID="string_162" HPOS="985" VPOS="926" WIDTH="61" HEIGHT="31" WC="0.96" CONTENT="där"/><SP WIDTH="15" VPOS="926" HPOS="1046"/>
							<String ID="string_163" HPOS="1061" VPOS="923" WIDTH="330" HEIGHT="42" WC="0.96" CONTENT="omständigheterna"/><SP WIDTH="16" VPOS="923" HPOS="1391"/>
							<String ID="string_164" HPOS="1407" VPOS="928" WIDTH="56" HEIGHT="26" WC="0.92" CONTENT="äro"/><SP WIDTH="12" VPOS="928" HPOS="1463"/>
							<String ID="string_165" HPOS="1475" VPOS="932" WIDTH="141" HEIGHT="32" WC="0.92" CONTENT="synner-"/>
						</TextLine>
						<TextLine ID="line_16" HPOS="109" VPOS="972" WIDTH="1508" HEIGHT="56">
							<String ID="string_166" HPOS="109" VPOS="987" WIDTH="91" HEIGHT="41" WC="0.92" CONTENT="ligen"/><SP WIDTH="33" VPOS="987" HPOS="200"/>
							<String ID="string_167" HPOS="233" VPOS="984" WIDTH="199" HEIGHT="37" WC="0.92" CONTENT="mildrande,"/><SP WIDTH="34" VPOS="984" HPOS="432"/>
							<String ID="string_168" HPOS="466" VPOS="983" WIDTH="114" HEIGHT="31" WC="0.96" CONTENT="kunna"/><SP WIDTH="22" VPOS="983" HPOS="580"/>
							<String ID="string_169" HPOS="602" VPOS="980" WIDTH="68" HEIGHT="32" WC="0.96" CONTENT="fria"/><SP WIDTH="23" VPOS="980" HPOS="670"/>
							<String ID="string_170" HPOS="693" VPOS="980" WIDTH="75" HEIGHT="31" WC="0.96" CONTENT="från"/><SP WIDTH="31" VPOS="980" HPOS="768"/>
							<String ID="string_171" HPOS="799" VPOS="977" WIDTH="108" HEIGHT="33" WC="0.96" CONTENT="straff."/><SP WIDTH="45" VPOS="977" HPOS="907"/>
							<String ID="string_172" HPOS="952" VPOS="976" WIDTH="111" HEIGHT="32" WC="0.96" CONTENT="Bland"/><SP WIDTH="26" VPOS="976" HPOS="1063"/>
							<String ID="string_173" HPOS="1089" VPOS="975" WIDTH="40" HEIGHT="31" WC="0.96" CONTENT="de"/><SP WIDTH="26" VPOS="975" HPOS="1129"/>
							<String ID="string_174" HPOS="1155" VPOS="974" WIDTH="74" HEIGHT="39" WC="0.96" CONTENT="fall,"/><SP WIDTH="28" VPOS="974" HPOS="1229"/>
							<String ID="string_175" HPOS="1257" VPOS="974" WIDTH="61" HEIGHT="31" WC="0.96" CONTENT="där"/><SP WIDTH="23" VPOS="974" HPOS="1318"/>
							<String ID="string_176" HPOS="1341" VPOS="972" WIDTH="211" HEIGHT="43" WC="0.96" CONTENT="avbrytande"/><SP WIDTH="23" VPOS="972" HPOS="1552"/>
							<String ID="string_177" HPOS="1575" VPOS="982" WIDTH="42" HEIGHT="21" WC="0.96" CONTENT="av"/>
						</TextLine>
						<TextLine ID="line_17" HPOS="112" VPOS="1023" WIDTH="1506" HEIGHT="53">
							<String ID="string_178" HPOS="112" VPOS="1034" WIDTH="240" HEIGHT="42" WC="0.91" CONTENT="havandeskap"/><SP WIDTH="24" VPOS="1034" HPOS="352"/>
							<String ID="string_179" HPOS="376" VPOS="1032" WIDTH="158" HEIGHT="42" WC="0.96" CONTENT="skäligen"/><SP WIDTH="23" VPOS="1032" HPOS="534"/>
							<String ID="string_180" HPOS="557" VPOS="1041" WIDTH="99" HEIGHT="32" WC="0.96" CONTENT="synes"/><SP WIDTH="22" VPOS="1041" HPOS="656"/>
							<String ID="string_181" HPOS="678" VPOS="1029" WIDTH="118" HEIGHT="32" WC="0.96" CONTENT="kunna"/><SP WIDTH="23" VPOS="1029" HPOS="796"/>
							<String ID="string_182" HPOS="819" VPOS="1029" WIDTH="131" HEIGHT="30" WC="0.93" CONTENT="lämnas"/><SP WIDTH="23" VPOS="1029" HPOS="950"/>
							<String ID="string_183" HPOS="973" VPOS="1026" WIDTH="179" HEIGHT="37" WC="0.91" CONTENT="straffritt,"/><SP WIDTH="17" VPOS="1026" HPOS="1152"/>
							<String ID="string_184" HPOS="1169" VPOS="1025" WIDTH="54" HEIGHT="30" WC="0.93" CONTENT="må"/><SP WIDTH="14" VPOS="1025" HPOS="1223"/>
							<String ID="string_185" HPOS="1237" VPOS="1043" WIDTH="41" HEIGHT="4" WC="0.93" CONTENT="—"/><SP WIDTH="16" VPOS="1043" HPOS="1278"/>
							<String ID="string_186" HPOS="1294" VPOS="1024" WIDTH="143" HEIGHT="30" WC="0.96" CONTENT="förutom"/><SP WIDTH="16" VPOS="1024" HPOS="1437"/>
							<String ID="string_187" HPOS="1453" VPOS="1023" WIDTH="62" HEIGHT="31" WC="0.96" CONTENT="här"/><SP WIDTH="15" VPOS="1023" HPOS="1515"/>
							<String ID="string_188" HPOS="1530" VPOS="1033" WIDTH="88" HEIGHT="20" WC="0.96" CONTENT="ovan"/>
						</TextLine>
						<TextLine ID="line_18" HPOS="110" VPOS="1071" WIDTH="1508" HEIGHT="53">
							<String ID="string_189" HPOS="110" VPOS="1085" WIDTH="231" HEIGHT="38" WC="0.91" CONTENT="omförmälda,"/><SP WIDTH="36" VPOS="1085" HPOS="341"/>
							<String ID="string_190" HPOS="377" VPOS="1085" WIDTH="52" HEIGHT="30" WC="0.96" CONTENT="att"/><SP WIDTH="32" VPOS="1085" HPOS="429"/>
							<String ID="string_191" HPOS="461" VPOS="1082" WIDTH="97" HEIGHT="42" WC="0.96" CONTENT="dylik"/><SP WIDTH="25" VPOS="1082" HPOS="558"/>
							<String ID="string_192" HPOS="583" VPOS="1080" WIDTH="123" HEIGHT="42" WC="0.93" CONTENT="åtgärd"/><SP WIDTH="23" VPOS="1080" HPOS="706"/>
							<String ID="string_193" HPOS="729" VPOS="1079" WIDTH="149" HEIGHT="32" WC="0.92" CONTENT="befinnes"/><SP WIDTH="22" VPOS="1079" HPOS="878"/>
							<String ID="string_194" HPOS="900" VPOS="1076" WIDTH="194" HEIGHT="41" WC="0.96" CONTENT="nödvändig"/><SP WIDTH="22" VPOS="1076" HPOS="1094"/>
							<String ID="string_195" HPOS="1116" VPOS="1076" WIDTH="53" HEIGHT="31" WC="0.95" CONTENT="för"/><SP WIDTH="23" VPOS="1076" HPOS="1169"/>
							<String ID="string_196" HPOS="1192" VPOS="1077" WIDTH="51" HEIGHT="29" WC="0.95" CONTENT="att"/><SP WIDTH="22" VPOS="1077" HPOS="1243"/>
							<String ID="string_197" HPOS="1265" VPOS="1073" WIDTH="105" HEIGHT="32" WC="0.96" CONTENT="rädda"/><SP WIDTH="22" VPOS="1073" HPOS="1370"/>
							<String ID="string_198" HPOS="1392" VPOS="1073" WIDTH="153" HEIGHT="31" WC="0.96" CONTENT="moderns"/><SP WIDTH="23" VPOS="1073" HPOS="1545"/>
							<String ID="string_199" HPOS="1568" VPOS="1071" WIDTH="50" HEIGHT="32" WC="0.96" CONTENT="liv"/>
						</TextLine>
						<TextLine ID="line_19" HPOS="111" VPOS="1122" WIDTH="1508" HEIGHT="52">
							<String ID="string_200" HPOS="111" VPOS="1138" WIDTH="83" HEIGHT="31" WC="0.95" CONTENT="eller"/><SP WIDTH="22" VPOS="1138" HPOS="194"/>
							<String ID="string_201" HPOS="216" VPOS="1137" WIDTH="53" HEIGHT="30" WC="0.96" CONTENT="för"/><SP WIDTH="23" VPOS="1137" HPOS="269"/>
							<String ID="string_202" HPOS="292" VPOS="1137" WIDTH="53" HEIGHT="29" WC="0.96" CONTENT="att"/><SP WIDTH="22" VPOS="1137" HPOS="345"/>
							<String ID="string_203" HPOS="367" VPOS="1132" WIDTH="192" HEIGHT="42" WC="0.96" CONTENT="undanröja"/><SP WIDTH="23" VPOS="1132" HPOS="559"/>
							<String ID="string_204" HPOS="582" VPOS="1142" WIDTH="40" HEIGHT="21" WC="0.96" CONTENT="en"/><SP WIDTH="24" VPOS="1142" HPOS="622"/>
							<String ID="string_205" HPOS="646" VPOS="1129" WIDTH="178" HEIGHT="42" WC="0.96" CONTENT="allvarligt"/><SP WIDTH="24" VPOS="1129" HPOS="824"/>
							<String ID="string_206" HPOS="848" VPOS="1127" WIDTH="147" HEIGHT="33" WC="0.95" CONTENT="hotande"/><SP WIDTH="16" VPOS="1127" HPOS="995"/>
							<String ID="string_207" HPOS="1011" VPOS="1127" WIDTH="75" HEIGHT="31" WC="0.95" CONTENT="fara"/><SP WIDTH="15" VPOS="1127" HPOS="1086"/>
							<String ID="string_208" HPOS="1101" VPOS="1126" WIDTH="51" HEIGHT="31" WC="0.97" CONTENT="för"/><SP WIDTH="16" VPOS="1126" HPOS="1152"/>
							<String ID="string_209" HPOS="1168" VPOS="1125" WIDTH="126" HEIGHT="32" WC="0.96" CONTENT="hennes"/><SP WIDTH="17" VPOS="1125" HPOS="1294"/>
							<String ID="string_210" HPOS="1311" VPOS="1124" WIDTH="95" HEIGHT="31" WC="0.93" CONTENT="hälsa"/><SP WIDTH="15" VPOS="1124" HPOS="1406"/>
							<String ID="string_211" HPOS="1421" VPOS="1142" WIDTH="40" HEIGHT="4" WC="0.92" CONTENT="—"/><SP WIDTH="17" VPOS="1142" HPOS="1461"/>
							<String ID="string_212" HPOS="1478" VPOS="1122" WIDTH="141" HEIGHT="32" WC="0.96" CONTENT="särskilt"/>
						</TextLine>
						<TextLine ID="line_20" HPOS="112" VPOS="1173" WIDTH="1506" HEIGHT="50">
							<String ID="string_213" HPOS="112" VPOS="1186" WIDTH="211" HEIGHT="37" WC="0.95" CONTENT="framhållas,"/><SP WIDTH="25" VPOS="1186" HPOS="323"/>
							<String ID="string_214" HPOS="348" VPOS="1187" WIDTH="54" HEIGHT="30" WC="0.96" CONTENT="att"/><SP WIDTH="22" VPOS="1187" HPOS="402"/>
							<String ID="string_215" HPOS="424" VPOS="1184" WIDTH="122" HEIGHT="32" WC="0.96" CONTENT="fostret"/><SP WIDTH="23" VPOS="1184" HPOS="546"/>
							<String ID="string_216" HPOS="569" VPOS="1181" WIDTH="113" HEIGHT="32" WC="0.96" CONTENT="avlats"/><SP WIDTH="24" VPOS="1181" HPOS="682"/>
							<String ID="string_217" HPOS="706" VPOS="1181" WIDTH="11" HEIGHT="31" WC="0.96" CONTENT="i"/><SP WIDTH="20" VPOS="1181" HPOS="717"/>
							<String ID="string_218" HPOS="737" VPOS="1179" WIDTH="164" HEIGHT="33" WC="0.96" CONTENT="våldtäkt"/><SP WIDTH="15" VPOS="1179" HPOS="901"/>
							<String ID="string_219" HPOS="916" VPOS="1178" WIDTH="83" HEIGHT="32" WC="0.96" CONTENT="eller"/><SP WIDTH="16" VPOS="1178" HPOS="999"/>
							<String ID="string_220" HPOS="1015" VPOS="1179" WIDTH="53" HEIGHT="29" WC="0.96" CONTENT="att"/><SP WIDTH="15" VPOS="1179" HPOS="1068"/>
							<String ID="string_221" HPOS="1083" VPOS="1177" WIDTH="123" HEIGHT="31" WC="0.96" CONTENT="fostret"/><SP WIDTH="16" VPOS="1177" HPOS="1206"/>
							<String ID="string_222" HPOS="1222" VPOS="1176" WIDTH="42" HEIGHT="42" WC="0.96" CONTENT="på"/><SP WIDTH="15" VPOS="1176" HPOS="1264"/>
							<String ID="string_223" HPOS="1279" VPOS="1175" WIDTH="109" HEIGHT="42" WC="0.96" CONTENT="grund"/><SP WIDTH="17" VPOS="1175" HPOS="1388"/>
							<String ID="string_224" HPOS="1405" VPOS="1185" WIDTH="42" HEIGHT="21" WC="0.95" CONTENT="av"/><SP WIDTH="16" VPOS="1185" HPOS="1447"/>
							<String ID="string_225" HPOS="1463" VPOS="1173" WIDTH="155" HEIGHT="32" WC="0.96" CONTENT="moderns"/>
						</TextLine>
						<TextLine ID="line_21" HPOS="113" VPOS="1225" WIDTH="1506" HEIGHT="52">
							<String ID="string_226" HPOS="113" VPOS="1239" WIDTH="83" HEIGHT="31" WC="0.96" CONTENT="eller"/><SP WIDTH="33" VPOS="1239" HPOS="196"/>
							<String ID="string_227" HPOS="229" VPOS="1238" WIDTH="139" HEIGHT="31" WC="0.96" CONTENT="faderns"/><SP WIDTH="35" VPOS="1238" HPOS="368"/>
							<String ID="string_228" HPOS="403" VPOS="1234" WIDTH="152" HEIGHT="43" WC="0.93" CONTENT="sjukliga"/><SP WIDTH="27" VPOS="1234" HPOS="555"/>
							<String ID="string_229" HPOS="582" VPOS="1229" WIDTH="347" HEIGHT="35" WC="0.92" CONTENT="sinnesbeskaffenhet"/><SP WIDTH="22" VPOS="1229" HPOS="929"/>
							<String ID="string_230" HPOS="951" VPOS="1228" WIDTH="79" HEIGHT="32" WC="0.96" CONTENT="eller"/><SP WIDTH="24" VPOS="1228" HPOS="1030"/>
							<String ID="string_231" HPOS="1054" VPOS="1238" WIDTH="43" HEIGHT="21" WC="0.96" CONTENT="av"/><SP WIDTH="23" VPOS="1238" HPOS="1097"/>
							<String ID="string_232" HPOS="1120" VPOS="1237" WIDTH="111" HEIGHT="22" WC="0.96" CONTENT="annan"/><SP WIDTH="27" VPOS="1237" HPOS="1231"/>
							<String ID="string_233" HPOS="1258" VPOS="1225" WIDTH="99" HEIGHT="33" WC="0.96" CONTENT="orsak"/><SP WIDTH="27" VPOS="1225" HPOS="1357"/>
							<String ID="string_234" HPOS="1384" VPOS="1226" WIDTH="66" HEIGHT="30" WC="0.92" CONTENT="kan"/><SP WIDTH="27" VPOS="1226" HPOS="1450"/>
							<String ID="string_235" HPOS="1477" VPOS="1227" WIDTH="142" HEIGHT="39" WC="0.90" CONTENT="antagas"/>
						</TextLine>
						<TextLine ID="line_22" HPOS="112" VPOS="1276" WIDTH="1506" HEIGHT="44">
							<String ID="string_236" HPOS="112" VPOS="1299" WIDTH="83" HEIGHT="21" WC="0.96" CONTENT="vara"/><SP WIDTH="24" VPOS="1299" HPOS="195"/>
							<String ID="string_237" HPOS="219" VPOS="1288" WIDTH="166" HEIGHT="31" WC="0.96" CONTENT="abnormt."/><SP WIDTH="26" VPOS="1288" HPOS="385"/>
							<String ID="string_238" HPOS="411" VPOS="1284" WIDTH="63" HEIGHT="33" WC="0.95" CONTENT="Om"/><SP WIDTH="23" VPOS="1284" HPOS="474"/>
							<String ID="string_239" HPOS="497" VPOS="1283" WIDTH="59" HEIGHT="32" WC="0.95" CONTENT="och"/><SP WIDTH="23" VPOS="1283" HPOS="556"/>
							<String ID="string_240" HPOS="579" VPOS="1283" WIDTH="13" HEIGHT="31" WC="0.96" CONTENT="i"/><SP WIDTH="21" VPOS="1283" HPOS="592"/>
							<String ID="string_241" HPOS="613" VPOS="1282" WIDTH="117" HEIGHT="32" WC="0.96" CONTENT="vilken"/><SP WIDTH="24" VPOS="1282" HPOS="730"/>
							<String ID="string_242" HPOS="754" VPOS="1279" WIDTH="240" HEIGHT="41" WC="0.93" CONTENT="utsträckning"/><SP WIDTH="23" VPOS="1279" HPOS="994"/>
							<String ID="string_243" HPOS="1017" VPOS="1276" WIDTH="330" HEIGHT="41" WC="0.90" CONTENT="fosterfördrivning,"/><SP WIDTH="17" VPOS="1276" HPOS="1347"/>
							<String ID="string_244" HPOS="1364" VPOS="1287" WIDTH="69" HEIGHT="20" WC="0.93" CONTENT="som"/><SP WIDTH="16" VPOS="1287" HPOS="1433"/>
							<String ID="string_245" HPOS="1449" VPOS="1276" WIDTH="169" HEIGHT="40" WC="0.91" CONTENT="företages"/>
						</TextLine>
						<TextLine ID="line_23" HPOS="113" VPOS="1325" WIDTH="1507" HEIGHT="54">
							<String ID="string_246" HPOS="113" VPOS="1339" WIDTH="108" HEIGHT="31" WC="0.96" CONTENT="under"/><SP WIDTH="23" VPOS="1339" HPOS="221"/>
							<String ID="string_247" HPOS="244" VPOS="1336" WIDTH="139" HEIGHT="43" WC="0.96" CONTENT="trycket"/><SP WIDTH="16" VPOS="1336" HPOS="383"/>
							<String ID="string_248" HPOS="399" VPOS="1346" WIDTH="44" HEIGHT="21" WC="0.96" CONTENT="av"/><SP WIDTH="16" VPOS="1346" HPOS="443"/>
							<String ID="string_249" HPOS="459" VPOS="1337" WIDTH="49" HEIGHT="29" WC="0.96" CONTENT="ett"/><SP WIDTH="16" VPOS="1337" HPOS="508"/>
							<String ID="string_250" HPOS="524" VPOS="1335" WIDTH="96" HEIGHT="30" WC="0.96" CONTENT="svårt"/><SP WIDTH="16" VPOS="1335" HPOS="620"/>
							<String ID="string_251" HPOS="636" VPOS="1331" WIDTH="119" HEIGHT="33" WC="0.96" CONTENT="socialt"/><SP WIDTH="16" VPOS="1331" HPOS="755"/>
							<String ID="string_252" HPOS="771" VPOS="1330" WIDTH="83" HEIGHT="32" WC="0.96" CONTENT="eller"/><SP WIDTH="16" VPOS="1330" HPOS="854"/>
							<String ID="string_253" HPOS="870" VPOS="1328" WIDTH="212" HEIGHT="33" WC="0.96" CONTENT="ekonomiskt"/><SP WIDTH="15" VPOS="1328" HPOS="1082"/>
							<String ID="string_254" HPOS="1097" VPOS="1328" WIDTH="152" HEIGHT="40" WC="0.96" CONTENT="nödläge,"/><SP WIDTH="18" VPOS="1328" HPOS="1249"/>
							<String ID="string_255" HPOS="1267" VPOS="1328" WIDTH="53" HEIGHT="30" WC="0.95" CONTENT="må"/><SP WIDTH="16" VPOS="1328" HPOS="1320"/>
							<String ID="string_256" HPOS="1336" VPOS="1327" WIDTH="126" HEIGHT="30" WC="0.96" CONTENT="lämnas"/><SP WIDTH="17" VPOS="1327" HPOS="1462"/>
							<String ID="string_257" HPOS="1479" VPOS="1325" WIDTH="141" HEIGHT="38" WC="0.91" CONTENT="straffri,"/>
						</TextLine>
						<TextLine ID="line_24" HPOS="114" VPOS="1376" WIDTH="1506" HEIGHT="54">
							<String ID="string_258" HPOS="114" VPOS="1393" WIDTH="37" HEIGHT="27" WC="0.95" CONTENT="är"/><SP WIDTH="32" VPOS="1393" HPOS="151"/>
							<String ID="string_259" HPOS="183" VPOS="1386" WIDTH="273" HEIGHT="44" WC="0.96" CONTENT="uppenbarligen"/><SP WIDTH="33" VPOS="1386" HPOS="456"/>
							<String ID="string_260" HPOS="489" VPOS="1396" WIDTH="40" HEIGHT="21" WC="0.97" CONTENT="en"/><SP WIDTH="28" VPOS="1396" HPOS="529"/>
							<String ID="string_261" HPOS="557" VPOS="1383" WIDTH="138" HEIGHT="43" WC="0.96" CONTENT="mycket"/><SP WIDTH="26" VPOS="1383" HPOS="695"/>
							<String ID="string_262" HPOS="721" VPOS="1380" WIDTH="146" HEIGHT="42" WC="0.96" CONTENT="ömtålig"/><SP WIDTH="23" VPOS="1380" HPOS="867"/>
							<String ID="string_263" HPOS="890" VPOS="1380" WIDTH="107" HEIGHT="41" WC="0.96" CONTENT="fråga,"/><SP WIDTH="23" VPOS="1380" HPOS="997"/>
							<String ID="string_264" HPOS="1020" VPOS="1379" WIDTH="60" HEIGHT="32" WC="0.96" CONTENT="och"/><SP WIDTH="23" VPOS="1379" HPOS="1080"/>
							<String ID="string_265" HPOS="1103" VPOS="1378" WIDTH="168" HEIGHT="31" WC="0.93" CONTENT="utskottet"/><SP WIDTH="21" VPOS="1378" HPOS="1271"/>
							<String ID="string_266" HPOS="1292" VPOS="1377" WIDTH="130" HEIGHT="31" WC="0.92" CONTENT="tilltror"/><SP WIDTH="24" VPOS="1377" HPOS="1422"/>
							<String ID="string_267" HPOS="1446" VPOS="1376" WIDTH="51" HEIGHT="41" WC="0.96" CONTENT="sig"/><SP WIDTH="23" VPOS="1376" HPOS="1497"/>
							<String ID="string_268" HPOS="1520" VPOS="1376" WIDTH="28" HEIGHT="41" WC="0.96" CONTENT="ej"/><SP WIDTH="26" VPOS="1376" HPOS="1548"/>
							<String ID="string_269" HPOS="1574" VPOS="1387" WIDTH="46" HEIGHT="19" WC="0.95" CONTENT="nu"/>
						</TextLine>
						<TextLine ID="line_25" HPOS="114" VPOS="1427" WIDTH="1505" HEIGHT="53">
							<String ID="string_270" HPOS="114" VPOS="1441" WIDTH="53" HEIGHT="30" WC="0.96" CONTENT="att"/><SP WIDTH="22" VPOS="1441" HPOS="167"/>
							<String ID="string_271" HPOS="189" VPOS="1444" WIDTH="81" HEIGHT="36" WC="0.96" CONTENT="göra"/><SP WIDTH="22" VPOS="1444" HPOS="270"/>
							<String ID="string_272" HPOS="292" VPOS="1438" WIDTH="106" HEIGHT="41" WC="0.96" CONTENT="något"/><SP WIDTH="23" VPOS="1438" HPOS="398"/>
							<String ID="string_273" HPOS="421" VPOS="1441" WIDTH="154" HEIGHT="27" WC="0.96" CONTENT="närmare"/><SP WIDTH="20" VPOS="1441" HPOS="575"/>
							<String ID="string_274" HPOS="595" VPOS="1431" WIDTH="179" HEIGHT="34" WC="0.93" CONTENT="uttalande"/><SP WIDTH="17" VPOS="1431" HPOS="774"/>
							<String ID="string_275" HPOS="791" VPOS="1430" WIDTH="216" HEIGHT="32" WC="0.89" CONTENT="härutinnan."/><SP WIDTH="26" VPOS="1430" HPOS="1007"/>
							<String ID="string_276" HPOS="1033" VPOS="1428" WIDTH="174" HEIGHT="42" WC="0.96" CONTENT="Slutligen"/><SP WIDTH="16" VPOS="1428" HPOS="1207"/>
							<String ID="string_277" HPOS="1223" VPOS="1427" WIDTH="63" HEIGHT="33" WC="0.96" CONTENT="vill"/><SP WIDTH="16" VPOS="1427" HPOS="1286"/>
							<String ID="string_278" HPOS="1302" VPOS="1427" WIDTH="170" HEIGHT="31" WC="0.95" CONTENT="utskottet"/><SP WIDTH="16" VPOS="1427" HPOS="1472"/>
							<String ID="string_279" HPOS="1488" VPOS="1427" WIDTH="131" HEIGHT="35" WC="0.96" CONTENT="betona,"/>
						</TextLine>
						<TextLine ID="line_26" HPOS="115" VPOS="1477" WIDTH="1506" HEIGHT="46">
							<String ID="string_280" HPOS="115" VPOS="1492" WIDTH="51" HEIGHT="29" WC="0.96" CONTENT="att"/><SP WIDTH="33" VPOS="1492" HPOS="166"/>
							<String ID="string_281" HPOS="199" VPOS="1490" WIDTH="108" HEIGHT="31" WC="0.96" CONTENT="såsom"/><SP WIDTH="34" VPOS="1490" HPOS="307"/>
							<String ID="string_282" HPOS="341" VPOS="1499" WIDTH="40" HEIGHT="20" WC="0.96" CONTENT="en"/><SP WIDTH="35" VPOS="1499" HPOS="381"/>
							<String ID="string_283" HPOS="416" VPOS="1486" WIDTH="103" HEIGHT="32" WC="0.93" CONTENT="bland"/><SP WIDTH="33" VPOS="1486" HPOS="519"/>
							<String ID="string_284" HPOS="552" VPOS="1483" WIDTH="337" HEIGHT="40" WC="0.91" CONTENT="förutsättningarna"/><SP WIDTH="22" VPOS="1483" HPOS="889"/>
							<String ID="string_285" HPOS="911" VPOS="1481" WIDTH="51" HEIGHT="31" WC="0.96" CONTENT="för"/><SP WIDTH="33" VPOS="1481" HPOS="962"/>
							<String ID="string_286" HPOS="995" VPOS="1482" WIDTH="52" HEIGHT="29" WC="0.93" CONTENT="att"/><SP WIDTH="23" VPOS="1482" HPOS="1047"/>
							<String ID="string_287" HPOS="1070" VPOS="1478" WIDTH="323" HEIGHT="41" WC="0.90" CONTENT="fosterfördrivning"/><SP WIDTH="24" VPOS="1478" HPOS="1393"/>
							<String ID="string_288" HPOS="1417" VPOS="1478" WIDTH="51" HEIGHT="31" WC="0.96" CONTENT="må"/><SP WIDTH="22" VPOS="1478" HPOS="1468"/>
							<String ID="string_289" HPOS="1490" VPOS="1477" WIDTH="131" HEIGHT="31" WC="0.96" CONTENT="lämnas"/>
						</TextLine>
						<TextLine ID="line_27" HPOS="117" VPOS="1527" WIDTH="1414" HEIGHT="51">
							<String ID="string_290" HPOS="117" VPOS="1539" WIDTH="128" HEIGHT="32" WC="0.92" CONTENT="straffri"/><SP WIDTH="23" VPOS="1539" HPOS="245"/>
							<String ID="string_291" HPOS="268" VPOS="1538" WIDTH="58" HEIGHT="32" WC="0.96" CONTENT="bör"/><SP WIDTH="22" VPOS="1538" HPOS="326"/>
							<String ID="string_292" HPOS="348" VPOS="1537" WIDTH="13" HEIGHT="32" WC="0.96" CONTENT="i"/><SP WIDTH="22" VPOS="1537" HPOS="361"/>
							<String ID="string_293" HPOS="383" VPOS="1537" WIDTH="91" HEIGHT="41" WC="0.96" CONTENT="regel"/><SP WIDTH="23" VPOS="1537" HPOS="474"/>
							<String ID="string_294" HPOS="497" VPOS="1535" WIDTH="103" HEIGHT="41" WC="0.96" CONTENT="gälla,"/><SP WIDTH="24" VPOS="1535" HPOS="600"/>
							<String ID="string_295" HPOS="624" VPOS="1536" WIDTH="54" HEIGHT="29" WC="0.96" CONTENT="att"/><SP WIDTH="23" VPOS="1536" HPOS="678"/>
							<String ID="string_296" HPOS="701" VPOS="1533" WIDTH="181" HEIGHT="41" WC="0.96" CONTENT="ingreppet"/><SP WIDTH="22" VPOS="1533" HPOS="882"/>
							<String ID="string_297" HPOS="904" VPOS="1530" WIDTH="78" HEIGHT="32" WC="0.96" CONTENT="sker"/><SP WIDTH="23" VPOS="1530" HPOS="982"/>
							<String ID="string_298" HPOS="1005" VPOS="1531" WIDTH="11" HEIGHT="30" WC="0.96" CONTENT="i"/><SP WIDTH="24" VPOS="1531" HPOS="1016"/>
							<String ID="string_299" HPOS="1040" VPOS="1530" WIDTH="117" HEIGHT="41" WC="0.96" CONTENT="början"/><SP WIDTH="24" VPOS="1530" HPOS="1157"/>
							<String ID="string_300" HPOS="1181" VPOS="1540" WIDTH="43" HEIGHT="20" WC="0.93" CONTENT="av"/><SP WIDTH="23" VPOS="1540" HPOS="1224"/>
							<String ID="string_301" HPOS="1247" VPOS="1527" WIDTH="284" HEIGHT="43" WC="0.92" CONTENT="havandeskapet."/>
						</TextLine>
					</TextBlock>
					<TextBlock ID="block_3" HPOS="156" VPOS="1587" WIDTH="1133" HEIGHT="52">
						<TextLine ID="line_28" HPOS="156" VPOS="1587" WIDTH="1133" HEIGHT="52">
							<String ID="string_302" HPOS="156" VPOS="1598" WIDTH="48" HEIGHT="31" WC="0.96" CONTENT="På"/><SP WIDTH="23" VPOS="1598" HPOS="204"/>
							<String ID="string_303" HPOS="227" VPOS="1596" WIDTH="112" HEIGHT="43" WC="0.96" CONTENT="grund"/><SP WIDTH="24" VPOS="1596" HPOS="339"/>
							<String ID="string_304" HPOS="363" VPOS="1607" WIDTH="42" HEIGHT="20" WC="0.96" CONTENT="av"/><SP WIDTH="22" VPOS="1607" HPOS="405"/>
							<String ID="string_305" HPOS="427" VPOS="1595" WIDTH="67" HEIGHT="31" WC="0.96" CONTENT="vad"/><SP WIDTH="23" VPOS="1595" HPOS="494"/>
							<String ID="string_306" HPOS="517" VPOS="1591" WIDTH="143" HEIGHT="34" WC="0.96" CONTENT="sålunda"/><SP WIDTH="22" VPOS="1591" HPOS="660"/>
							<String ID="string_307" HPOS="682" VPOS="1591" WIDTH="130" HEIGHT="32" WC="0.96" CONTENT="anförts"/><SP WIDTH="24" VPOS="1591" HPOS="812"/>
							<String ID="string_308" HPOS="836" VPOS="1590" WIDTH="54" HEIGHT="31" WC="0.96" CONTENT="får"/><SP WIDTH="22" VPOS="1590" HPOS="890"/>
							<String ID="string_309" HPOS="912" VPOS="1588" WIDTH="166" HEIGHT="32" WC="0.93" CONTENT="utskottet"/><SP WIDTH="21" VPOS="1588" HPOS="1078"/>
							<String ID="string_310" HPOS="1099" VPOS="1587" WIDTH="190" HEIGHT="37" WC="0.92" CONTENT="hemställa,"/>
						</TextLine>
					</TextBlock>
					<TextBlock ID="block_4" HPOS="345" VPOS="1636" WIDTH="1277" HEIGHT="254">
						<TextLine ID="line_29" HPOS="384" VPOS="1636" WIDTH="1236" HEIGHT="50">
							<String ID="string_311" HPOS="384" VPOS="1648" WIDTH="52" HEIGHT="29" WC="0.96" CONTENT="att"/><SP WIDTH="23" VPOS="1648" HPOS="436"/>
							<String ID="string_312" HPOS="459" VPOS="1644" WIDTH="192" HEIGHT="42" WC="0.96" CONTENT="riksdagen,"/><SP WIDTH="23" VPOS="1644" HPOS="651"/>
							<String ID="string_313" HPOS="674" VPOS="1642" WIDTH="12" HEIGHT="32" WC="0.96" CONTENT="i"/><SP WIDTH="23" VPOS="1642" HPOS="686"/>
							<String ID="string_314" HPOS="709" VPOS="1641" WIDTH="185" HEIGHT="40" WC="0.96" CONTENT="anledning"/><SP WIDTH="24" VPOS="1641" HPOS="894"/>
							<String ID="string_315" HPOS="918" VPOS="1650" WIDTH="42" HEIGHT="21" WC="0.96" CONTENT="av"/><SP WIDTH="22" VPOS="1650" HPOS="960"/>
							<String ID="string_316" HPOS="982" VPOS="1637" WIDTH="223" HEIGHT="33" WC="0.96" CONTENT="förevarande"/><SP WIDTH="23" VPOS="1637" HPOS="1205"/>
							<String ID="string_317" HPOS="1228" VPOS="1637" WIDTH="134" HEIGHT="38" WC="0.96" CONTENT="motion,"/><SP WIDTH="24" VPOS="1637" HPOS="1362"/>
							<String ID="string_318" HPOS="1386" VPOS="1638" WIDTH="106" HEIGHT="30" WC="0.94" CONTENT="måtte"/><SP WIDTH="16" VPOS="1638" HPOS="1492"/>
							<String ID="string_319" HPOS="1508" VPOS="1637" WIDTH="12" HEIGHT="30" WC="0.93" CONTENT="i"/><SP WIDTH="17" VPOS="1637" HPOS="1520"/>
							<String ID="string_320" HPOS="1537" VPOS="1636" WIDTH="83" HEIGHT="32" WC="0.92" CONTENT="skri-"/>
						</TextLine>
						<TextLine ID="line_30" HPOS="350" VPOS="1686" WIDTH="1271" HEIGHT="50">
							<String ID="string_321" HPOS="350" VPOS="1696" WIDTH="91" HEIGHT="32" WC="0.92" CONTENT="velse"/><SP WIDTH="23" VPOS="1696" HPOS="441"/>
							<String ID="string_322" HPOS="464" VPOS="1695" WIDTH="55" HEIGHT="32" WC="0.96" CONTENT="till"/><SP WIDTH="24" VPOS="1695" HPOS="519"/>
							<String ID="string_323" HPOS="543" VPOS="1694" WIDTH="128" HEIGHT="42" WC="0.94" CONTENT="Kungl."/><SP WIDTH="25" VPOS="1694" HPOS="671"/>
							<String ID="string_324" HPOS="696" VPOS="1691" WIDTH="99" HEIGHT="43" WC="0.96" CONTENT="Maj:t"/><SP WIDTH="22" VPOS="1691" HPOS="795"/>
							<String ID="string_325" HPOS="817" VPOS="1690" WIDTH="147" HEIGHT="38" WC="0.96" CONTENT="anhålla,"/><SP WIDTH="25" VPOS="1690" HPOS="964"/>
							<String ID="string_326" HPOS="989" VPOS="1691" WIDTH="54" HEIGHT="30" WC="0.96" CONTENT="att"/><SP WIDTH="22" VPOS="1691" HPOS="1043"/>
							<String ID="string_327" HPOS="1065" VPOS="1687" WIDTH="130" HEIGHT="42" WC="0.95" CONTENT="Kungl."/><SP WIDTH="25" VPOS="1687" HPOS="1195"/>
							<String ID="string_328" HPOS="1220" VPOS="1687" WIDTH="98" HEIGHT="42" WC="0.96" CONTENT="Maj:t"/><SP WIDTH="22" VPOS="1687" HPOS="1318"/>
							<String ID="string_329" HPOS="1340" VPOS="1687" WIDTH="81" HEIGHT="32" WC="0.96" CONTENT="ville"/><SP WIDTH="17" VPOS="1687" HPOS="1421"/>
							<String ID="string_330" HPOS="1438" VPOS="1687" WIDTH="72" HEIGHT="32" WC="0.93" CONTENT="låta"/><SP WIDTH="15" VPOS="1687" HPOS="1510"/>
							<String ID="string_331" HPOS="1525" VPOS="1686" WIDTH="96" HEIGHT="32" WC="0.92" CONTENT="verk-"/>
						</TextLine>
						<TextLine ID="line_31" HPOS="350" VPOS="1738" WIDTH="1272" HEIGHT="47">
							<String ID="string_332" HPOS="350" VPOS="1746" WIDTH="105" HEIGHT="33" WC="0.96" CONTENT="ställa"/><SP WIDTH="33" VPOS="1746" HPOS="455"/>
							<String ID="string_333" HPOS="488" VPOS="1745" WIDTH="191" HEIGHT="40" WC="0.96" CONTENT="utredning,"/><SP WIDTH="35" VPOS="1745" HPOS="679"/>
							<String ID="string_334" HPOS="714" VPOS="1740" WIDTH="172" HEIGHT="34" WC="0.96" CONTENT="huruvida"/><SP WIDTH="33" VPOS="1740" HPOS="886"/>
							<String ID="string_335" HPOS="919" VPOS="1739" WIDTH="60" HEIGHT="32" WC="0.96" CONTENT="och"/><SP WIDTH="34" VPOS="1739" HPOS="979"/>
							<String ID="string_336" HPOS="1013" VPOS="1738" WIDTH="105" HEIGHT="32" WC="0.94" CONTENT="under"/><SP WIDTH="23" VPOS="1738" HPOS="1118"/>
							<String ID="string_337" HPOS="1141" VPOS="1739" WIDTH="94" HEIGHT="31" WC="0.95" CONTENT="vilka"/><SP WIDTH="22" VPOS="1739" HPOS="1235"/>
							<String ID="string_338" HPOS="1257" VPOS="1738" WIDTH="286" HEIGHT="41" WC="0.93" CONTENT="förutsättningar"/><SP WIDTH="23" VPOS="1738" HPOS="1543"/>
							<String ID="string_339" HPOS="1566" VPOS="1748" WIDTH="56" HEIGHT="20" WC="0.86" CONTENT="av-"/>
						</TextLine>
						<TextLine ID="line_32" HPOS="349" VPOS="1788" WIDTH="1273" HEIGHT="51">
							<String ID="string_340" HPOS="349" VPOS="1796" WIDTH="172" HEIGHT="43" WC="0.96" CONTENT="brytande"/><SP WIDTH="34" VPOS="1796" HPOS="521"/>
							<String ID="string_341" HPOS="555" VPOS="1806" WIDTH="43" HEIGHT="21" WC="0.93" CONTENT="av"/><SP WIDTH="34" VPOS="1806" HPOS="598"/>
							<String ID="string_342" HPOS="632" VPOS="1792" WIDTH="242" HEIGHT="41" WC="0.91" CONTENT="havandeskap"/><SP WIDTH="34" VPOS="1792" HPOS="874"/>
							<String ID="string_343" HPOS="908" VPOS="1791" WIDTH="54" HEIGHT="30" WC="0.96" CONTENT="må"/><SP WIDTH="33" VPOS="1791" HPOS="962"/>
							<String ID="string_344" HPOS="995" VPOS="1790" WIDTH="131" HEIGHT="31" WC="0.93" CONTENT="lämnas"/><SP WIDTH="35" VPOS="1790" HPOS="1126"/>
							<String ID="string_345" HPOS="1161" VPOS="1789" WIDTH="171" HEIGHT="37" WC="0.91" CONTENT="straffritt,"/><SP WIDTH="24" VPOS="1789" HPOS="1332"/>
							<String ID="string_346" HPOS="1356" VPOS="1790" WIDTH="86" HEIGHT="30" WC="0.96" CONTENT="samt"/><SP WIDTH="22" VPOS="1790" HPOS="1442"/>
							<String ID="string_347" HPOS="1464" VPOS="1789" WIDTH="51" HEIGHT="30" WC="0.93" CONTENT="för"/><SP WIDTH="22" VPOS="1789" HPOS="1515"/>
							<String ID="string_348" HPOS="1537" VPOS="1788" WIDTH="85" HEIGHT="31" WC="0.90" CONTENT="riks-"/>
						</TextLine>
						<TextLine ID="line_33" HPOS="345" VPOS="1838" WIDTH="1276" HEIGHT="52">
							<String ID="string_349" HPOS="345" VPOS="1849" WIDTH="112" HEIGHT="41" WC="0.96" CONTENT="dagen"/><SP WIDTH="34" VPOS="1849" HPOS="457"/>
							<String ID="string_350" HPOS="491" VPOS="1845" WIDTH="193" HEIGHT="41" WC="0.95" CONTENT="framlägga"/><SP WIDTH="30" VPOS="1845" HPOS="684"/>
							<String ID="string_351" HPOS="714" VPOS="1843" WIDTH="57" HEIGHT="32" WC="0.96" CONTENT="det"/><SP WIDTH="24" VPOS="1843" HPOS="771"/>
							<String ID="string_352" HPOS="795" VPOS="1841" WIDTH="138" HEIGHT="42" WC="0.96" CONTENT="förslag,"/><SP WIDTH="24" VPOS="1841" HPOS="933"/>
							<String ID="string_353" HPOS="957" VPOS="1839" WIDTH="120" HEIGHT="33" WC="0.96" CONTENT="vartill"/><SP WIDTH="24" VPOS="1839" HPOS="1077"/>
							<String ID="string_354" HPOS="1101" VPOS="1840" WIDTH="228" HEIGHT="41" WC="0.96" CONTENT="utredningen"/><SP WIDTH="22" VPOS="1840" HPOS="1329"/>
							<String ID="string_355" HPOS="1351" VPOS="1839" WIDTH="64" HEIGHT="31" WC="0.95" CONTENT="kan"/><SP WIDTH="25" VPOS="1839" HPOS="1415"/>
							<String ID="string_356" HPOS="1440" VPOS="1838" WIDTH="181" HEIGHT="33" WC="0.96" CONTENT="föranleda."/>
						</TextLine>
					</TextBlock>
				</ComposedBlock>
				<ComposedBlock ID="cblock_2" HPOS="159" VPOS="1904" WIDTH="575" HEIGHT="38">
					<TextBlock ID="block_5" HPOS="159" VPOS="1904" WIDTH="575" HEIGHT="38">
						<TextLine ID="line_34" HPOS="159" VPOS="1904" WIDTH="575" HEIGHT="38">
							<String ID="string_357" HPOS="159" VPOS="1908" WIDTH="197" HEIGHT="34" WC="0.95" CONTENT="Stockholm"/><SP WIDTH="25" VPOS="1908" HPOS="356"/>
							<String ID="string_358" HPOS="381" VPOS="1907" WIDTH="62" HEIGHT="31" WC="0.96" CONTENT="den"/><SP WIDTH="24" VPOS="1907" HPOS="443"/>
							<String ID="string_359" HPOS="467" VPOS="1907" WIDTH="39" HEIGHT="31" WC="0.95" CONTENT="28"/><SP WIDTH="24" VPOS="1907" HPOS="506"/>
							<String ID="string_360" HPOS="530" VPOS="1915" WIDTH="89" HEIGHT="21" WC="0.96" CONTENT="mars"/><SP WIDTH="24" VPOS="1915" HPOS="619"/>
							<String ID="string_361" HPOS="643" VPOS="1904" WIDTH="91" HEIGHT="31" WC="0.96" CONTENT="1927."/>
						</TextLine>
					</TextBlock>
				</ComposedBlock>
				<ComposedBlock ID="cblock_3" HPOS="564" VPOS="1969" WIDTH="611" HEIGHT="92">
					<TextBlock ID="block_6" HPOS="564" VPOS="1969" WIDTH="611" HEIGHT="92">
						<TextLine ID="line_35" HPOS="564" VPOS="1969" WIDTH="611" HEIGHT="42">
							<String ID="string_362" HPOS="564" VPOS="1973" WIDTH="48" HEIGHT="31" WC="0.96" CONTENT="På"/><SP WIDTH="23" VPOS="1973" HPOS="612"/>
							<String ID="string_363" HPOS="635" VPOS="1971" WIDTH="107" HEIGHT="32" WC="0.93" CONTENT="första"/><SP WIDTH="22" VPOS="1971" HPOS="742"/>
							<String ID="string_364" HPOS="764" VPOS="1969" WIDTH="246" HEIGHT="42" WC="0.92" CONTENT="lagutskottets"/><SP WIDTH="23" VPOS="1969" HPOS="1010"/>
							<String ID="string_365" HPOS="1033" VPOS="1972" WIDTH="142" HEIGHT="37" WC="0.96" CONTENT="vägnar:"/>
						</TextLine>
						<TextLine ID="line_36" HPOS="706" VPOS="2017" WIDTH="315" HEIGHT="44">
							<String ID="string_366" HPOS="706" VPOS="2030" WIDTH="43" HEIGHT="31" WC="0.92" CONTENT="A."/><SP WIDTH="23" VPOS="2030" HPOS="749"/>
							<String ID="string_367" HPOS="772" VPOS="2017" WIDTH="249" HEIGHT="42" WC="0.96" CONTENT="ÅKERMAN."/>
						</TextLine>
					</TextBlock>
				</ComposedBlock>
				<ComposedBlock ID="cblock_4" HPOS="199" VPOS="2179" WIDTH="778" HEIGHT="36">
					<TextBlock ID="block_7" HPOS="199" VPOS="2179" WIDTH="778" HEIGHT="36">
						<TextLine ID="line_37" HPOS="199" VPOS="2179" WIDTH="778" HEIGHT="36">
							<String ID="string_368" HPOS="199" VPOS="2185" WIDTH="60" HEIGHT="30" WC="0.96" CONTENT="Vid"/><SP WIDTH="24" VPOS="2185" HPOS="259"/>
							<String ID="string_369" HPOS="283" VPOS="2186" WIDTH="82" HEIGHT="28" WC="0.92" CONTENT="detta"/><SP WIDTH="23" VPOS="2186" HPOS="365"/>
							<String ID="string_370" HPOS="388" VPOS="2183" WIDTH="123" HEIGHT="30" WC="0.91" CONTENT="ärendes"/><SP WIDTH="22" VPOS="2183" HPOS="511"/>
							<String ID="string_371" HPOS="533" VPOS="2181" WIDTH="181" HEIGHT="33" WC="0.96" CONTENT="behandling"/><SP WIDTH="22" VPOS="2181" HPOS="714"/>
							<String ID="string_372" HPOS="736" VPOS="2179" WIDTH="75" HEIGHT="29" WC="0.90" CONTENT="hava"/><SP WIDTH="23" VPOS="2179" HPOS="811"/>
							<String ID="string_373" HPOS="834" VPOS="2179" WIDTH="143" HEIGHT="28" WC="0.90" CONTENT="närvarit:"/>
						</TextLine>
					</TextBlock>
				</ComposedBlock>
				<ComposedBlock ID="cblock_5" HPOS="117" VPOS="2224" WIDTH="1506" HEIGHT="89">
					<TextBlock ID="block_8" HPOS="117" VPOS="2224" WIDTH="1506" HEIGHT="89">
						<TextLine ID="line_38" HPOS="158" VPOS="2224" WIDTH="1465" HEIGHT="42">
							<String ID="string_374" HPOS="158" VPOS="2237" WIDTH="67" HEIGHT="29" WC="0.96" CONTENT="från"/><SP WIDTH="19" VPOS="2237" HPOS="225"/>
							<String ID="string_375" HPOS="244" VPOS="2237" WIDTH="93" HEIGHT="28" WC="0.96" CONTENT="första"/><SP WIDTH="15" VPOS="2237" HPOS="337"/>
							<String ID="string_376" HPOS="352" VPOS="2236" WIDTH="185" HEIGHT="28" WC="0.96" CONTENT="kammaren:"/><SP WIDTH="16" VPOS="2236" HPOS="537"/>
							<String ID="string_377" HPOS="553" VPOS="2233" WIDTH="100" HEIGHT="28" WC="0.94" CONTENT="herrar"/><SP WIDTH="15" VPOS="2233" HPOS="653"/>
							<String ID="string_378" HPOS="668" VPOS="2229" WIDTH="159" HEIGHT="36" WC="0.93" CONTENT="Åkerman,"/><SP WIDTH="17" VPOS="2229" HPOS="827"/>
							<String ID="string_379" HPOS="844" VPOS="2229" WIDTH="219" HEIGHT="34" WC="0.91" CONTENT="Hederstierna,"/><SP WIDTH="16" VPOS="2229" HPOS="1063"/>
							<String ID="string_380" HPOS="1079" VPOS="2228" WIDTH="90" HEIGHT="29" WC="0.96" CONTENT="Jacob"/><SP WIDTH="16" VPOS="2228" HPOS="1169"/>
							<String ID="string_381" HPOS="1185" VPOS="2225" WIDTH="158" HEIGHT="38" WC="0.73" CONTENT="Larsson&quot;,"/><SP WIDTH="16" VPOS="2225" HPOS="1343"/>
							<String ID="string_382" HPOS="1359" VPOS="2227" WIDTH="88" HEIGHT="28" WC="0.96" CONTENT="Ernst"/><SP WIDTH="17" VPOS="2227" HPOS="1447"/>
							<String ID="string_383" HPOS="1464" VPOS="2224" WIDTH="159" HEIGHT="37" WC="0.92" CONTENT="Svenson”,"/>
						</TextLine>
						<TextLine ID="line_39" HPOS="117" VPOS="2271" WIDTH="998" HEIGHT="42">
							<String ID="string_384" HPOS="117" VPOS="2279" WIDTH="74" HEIGHT="29" WC="0.96" CONTENT="Erik"/><SP WIDTH="21" VPOS="2279" HPOS="191"/>
							<String ID="string_385" HPOS="212" VPOS="2275" WIDTH="186" HEIGHT="38" WC="0.83" CONTENT="Anderson”,"/><SP WIDTH="25" VPOS="2275" HPOS="398"/>
							<String ID="string_386" HPOS="423" VPOS="2278" WIDTH="32" HEIGHT="27" WC="0.92" CONTENT="P."/><SP WIDTH="24" VPOS="2278" HPOS="455"/>
							<String ID="string_387" HPOS="479" VPOS="2277" WIDTH="33" HEIGHT="27" WC="0.91" CONTENT="E."/><SP WIDTH="25" VPOS="2277" HPOS="512"/>
							<String ID="string_388" HPOS="537" VPOS="2277" WIDTH="35" HEIGHT="27" WC="0.90" CONTENT="A."/><SP WIDTH="23" VPOS="2277" HPOS="572"/>
							<String ID="string_389" HPOS="595" VPOS="2275" WIDTH="137" HEIGHT="33" WC="0.96" CONTENT="Jonsson,"/><SP WIDTH="24" VPOS="2275" HPOS="732"/>
							<String ID="string_390" HPOS="756" VPOS="2272" WIDTH="105" HEIGHT="29" WC="0.93" CONTENT="Petrén"/><SP WIDTH="23" VPOS="2272" HPOS="861"/>
							<String ID="string_391" HPOS="884" VPOS="2271" WIDTH="55" HEIGHT="29" WC="0.93" CONTENT="och"/><SP WIDTH="24" VPOS="2271" HPOS="939"/>
							<String ID="string_392" HPOS="963" VPOS="2271" WIDTH="32" HEIGHT="28" WC="0.91" CONTENT="G."/><SP WIDTH="24" VPOS="2271" HPOS="995"/>
							<String ID="string_393" HPOS="1019" VPOS="2271" WIDTH="96" HEIGHT="32" WC="0.96" CONTENT="Dahl;"/>
						</TextLine>
					</TextBlock>
				</ComposedBlock>
				<ComposedBlock ID="cblock_6" HPOS="117" VPOS="2320" WIDTH="1509" HEIGHT="86">
					<TextBlock ID="block_9" HPOS="117" VPOS="2320" WIDTH="1509" HEIGHT="86">
						<TextLine ID="line_40" HPOS="159" VPOS="2320" WIDTH="1467" HEIGHT="38">
							<String ID="string_394" HPOS="159" VPOS="2330" WIDTH="66" HEIGHT="28" WC="0.96" CONTENT="från"/><SP WIDTH="24" VPOS="2330" HPOS="225"/>
							<String ID="string_395" HPOS="249" VPOS="2330" WIDTH="91" HEIGHT="28" WC="0.96" CONTENT="andra"/><SP WIDTH="23" VPOS="2330" HPOS="340"/>
							<String ID="string_396" HPOS="363" VPOS="2328" WIDTH="185" HEIGHT="28" WC="0.96" CONTENT="kammaren:"/><SP WIDTH="23" VPOS="2328" HPOS="548"/>
							<String ID="string_397" HPOS="571" VPOS="2325" WIDTH="100" HEIGHT="28" WC="0.96" CONTENT="herrar"/><SP WIDTH="25" VPOS="2325" HPOS="671"/>
							<String ID="string_398" HPOS="696" VPOS="2324" WIDTH="64" HEIGHT="30" WC="0.85" CONTENT="Leo,"/><SP WIDTH="13" VPOS="2324" HPOS="760"/>
							<String ID="string_399" HPOS="773" VPOS="2323" WIDTH="128" HEIGHT="28" WC="0.85" CONTENT="Jansson"/><SP WIDTH="23" VPOS="2323" HPOS="901"/>
							<String ID="string_400" HPOS="924" VPOS="2323" WIDTH="10" HEIGHT="26" WC="0.91" CONTENT="i"/><SP WIDTH="26" VPOS="2323" HPOS="934"/>
							<String ID="string_401" HPOS="960" VPOS="2322" WIDTH="183" HEIGHT="34" WC="0.91" CONTENT="Edsbäcken,"/><SP WIDTH="18" VPOS="2322" HPOS="1143"/>
							<String ID="string_402" HPOS="1161" VPOS="2321" WIDTH="117" HEIGHT="28" WC="0.96" CONTENT="Nilsson"/><SP WIDTH="17" VPOS="2321" HPOS="1278"/>
							<String ID="string_403" HPOS="1295" VPOS="2322" WIDTH="10" HEIGHT="26" WC="0.96" CONTENT="i"/><SP WIDTH="16" VPOS="2322" HPOS="1305"/>
							<String ID="string_404" HPOS="1321" VPOS="2321" WIDTH="122" HEIGHT="34" WC="0.95" CONTENT="Antnäs,"/><SP WIDTH="16" VPOS="2321" HPOS="1443"/>
							<String ID="string_405" HPOS="1459" VPOS="2320" WIDTH="167" HEIGHT="29" WC="0.96" CONTENT="Johansson"/>
						</TextLine>
						<TextLine ID="line_41" HPOS="117" VPOS="2359" WIDTH="1507" HEIGHT="47">
							<String ID="string_406" HPOS="117" VPOS="2373" WIDTH="9" HEIGHT="28" WC="0.93" CONTENT="i"/><SP WIDTH="17" VPOS="2373" HPOS="126"/>
							<String ID="string_407" HPOS="143" VPOS="2369" WIDTH="152" HEIGHT="37" WC="0.82" CONTENT="Brånalt&quot;,"/><SP WIDTH="16" VPOS="2369" HPOS="295"/>
							<String ID="string_408" HPOS="311" VPOS="2370" WIDTH="121" HEIGHT="29" WC="0.96" CONTENT="Carlson"/><SP WIDTH="15" VPOS="2370" HPOS="432"/>
							<String ID="string_409" HPOS="447" VPOS="2371" WIDTH="10" HEIGHT="27" WC="0.96" CONTENT="i"/><SP WIDTH="16" VPOS="2371" HPOS="457"/>
							<String ID="string_410" HPOS="473" VPOS="2368" WIDTH="132" HEIGHT="30" WC="0.96" CONTENT="Mölndal"/><SP WIDTH="16" VPOS="2368" HPOS="605"/>
							<String ID="string_411" HPOS="621" VPOS="2367" WIDTH="55" HEIGHT="28" WC="0.96" CONTENT="och"/><SP WIDTH="13" VPOS="2367" HPOS="676"/>
							<String ID="string_412" HPOS="689" VPOS="2366" WIDTH="136" HEIGHT="34" WC="0.96" CONTENT="Sjögren,"/><SP WIDTH="13" VPOS="2366" HPOS="825"/>
							<String ID="string_413" HPOS="838" VPOS="2365" WIDTH="48" HEIGHT="28" WC="0.96" CONTENT="fru"/><SP WIDTH="15" VPOS="2365" HPOS="886"/>
							<String ID="string_414" HPOS="901" VPOS="2362" WIDTH="123" HEIGHT="31" WC="0.96" CONTENT="Östlund"/><SP WIDTH="12" VPOS="2362" HPOS="1024"/>
							<String ID="string_415" HPOS="1036" VPOS="2368" WIDTH="76" HEIGHT="24" WC="0.96" CONTENT="samt"/><SP WIDTH="16" VPOS="2368" HPOS="1112"/>
							<String ID="string_416" HPOS="1128" VPOS="2364" WIDTH="67" HEIGHT="28" WC="0.96" CONTENT="herr"/><SP WIDTH="14" VPOS="2364" HPOS="1195"/>
							<String ID="string_417" HPOS="1209" VPOS="2363" WIDTH="186" HEIGHT="29" WC="0.96" CONTENT="Christenson"/><SP WIDTH="12" VPOS="2363" HPOS="1395"/>
							<String ID="string_418" HPOS="1407" VPOS="2364" WIDTH="10" HEIGHT="27" WC="0.96" CONTENT="i"/><SP WIDTH="12" VPOS="2364" HPOS="1417"/>
							<String ID="string_419" HPOS="1429" VPOS="2359" WIDTH="195" HEIGHT="37" WC="0.84" CONTENT="Södertälje”."/>
						</TextLine>
					</TextBlock>
				</ComposedBlock>
				<ComposedBlock ID="cblock_7" HPOS="160" VPOS="2447" WIDTH="630" HEIGHT="37">
					<TextBlock ID="block_10" HPOS="160" VPOS="2447" WIDTH="630" HEIGHT="37">
						<TextLine ID="line_42" HPOS="160" VPOS="2447" WIDTH="630" HEIGHT="37">
							<String ID="string_420" HPOS="160" VPOS="2453" WIDTH="13" HEIGHT="14" WC="0.96" CONTENT="+"/><SP WIDTH="20" VPOS="2453" HPOS="173"/>
							<String ID="string_421" HPOS="193" VPOS="2453" WIDTH="31" HEIGHT="31" WC="0.96" CONTENT="Ej"/><SP WIDTH="21" VPOS="2453" HPOS="224"/>
							<String ID="string_422" HPOS="245" VPOS="2450" WIDTH="157" HEIGHT="26" WC="0.96" CONTENT="närvarande"/><SP WIDTH="19" VPOS="2450" HPOS="402"/>
							<String ID="string_423" HPOS="421" VPOS="2450" WIDTH="44" HEIGHT="25" WC="0.93" CONTENT="vid"/><SP WIDTH="17" VPOS="2450" HPOS="465"/>
							<String ID="string_424" HPOS="482" VPOS="2448" WIDTH="158" HEIGHT="26" WC="0.84" CONTENT="utlåtandets"/><SP WIDTH="15" VPOS="2448" HPOS="640"/>
							<String ID="string_425" HPOS="655" VPOS="2447" WIDTH="135" HEIGHT="32" WC="0.96" CONTENT="justering."/>
						</TextLine>
					</TextBlock>
				</ComposedBlock>
				<ComposedBlock ID="cblock_8" HPOS="1649" VPOS="210" WIDTH="148" HEIGHT="29">
					<TextBlock ID="block_11" HPOS="1649" VPOS="210" WIDTH="148" HEIGHT="29">
						<TextLine ID="line_43" HPOS="1649" VPOS="210" WIDTH="148" HEIGHT="29">
							<String ID="string_426" HPOS="1649" VPOS="210" WIDTH="148" HEIGHT="29" WC="0.96" CONTENT="Utskottet."/>
						</TextLine>
					</TextBlock>
				</ComposedBlock>
			</PrintSpace>
		</Page>
	</Layout>
</alto>
