2232 2610
433 178 20 31 4
825 177 361 41 Bevillningsutskottets
1209 176 194 32 betänkande
1426 176 53 32 Nr
1502 178 52 31 27.

389 254 180 41 bevillning
592 255 50 32 för
664 254 144 33 inkomst
831 265 70 22 som
924 254 194 41 taxeringen
1141 254 51 32 till
1216 254 158 33 inkomst-
1399 254 62 32 och
1485 254 348 41 förmögenhetsskatt.
1877 255 54 32 Av
1947 266 43 21 nu

391 298 143 41 angivna
567 299 141 39 grunder
741 299 103 31 finner
868 299 59 41 jag
951 298 55 33 det
1029 297 167 41 rådligast,
1222 300 51 31 att
1296 298 202 41 avgörandet
1522 309 41 21 av
1586 298 118 41 frågan
1728 310 52 22 om
1802 299 189 42 förhöjning

391 352 41 21 av
456 342 39 32 de
518 341 176 33 skattefria
717 342 164 41 avdragen
904 342 201 32 beträffande
1138 341 392 43 bevillningstaxeringen
1554 342 36 32 år
1616 343 83 31 1922
1724 344 192 41 uppskjutes
1941 343 50 33 till

390 396 126 22 samma
540 386 53 32 års
617 385 164 42 riksdag.»

204 463 133 25 [Corotter
522 464 57 37 Då
618 464 185 37 utskottet
842 463 83 38 icke
958 465 68 37 har
1053 468 117 47 något
1199 470 55 31 att
1282 464 124 39 erinra
1434 470 80 32 mot
1542 464 72 38 vad
1643 464 160 37 sålunda
1831 465 184 53 anförts,

392 518 57 36 får
476 516 187 38 utskottet
690 516 210 48 hemställa,

922 625 54 31 att
1003 619 205 51 riksdagen
1236 624 124 44 måtte,
1390 620 84 37 med
1495 620 105 37 bifall
1621 621 56 36 till
1701 621 139 49 Kungl.
1862 620 128 50 Maj:ts

793 672 246 37 förevarande
1066 673 235 49 proposition
1329 686 44 22 nr
1400 673 85 47 180,
1519 677 138 44 antaga
1677 686 97 22 ovan
1795 673 198 47 återgivna

793 723 145 49 förslag
967 724 56 36 till
1051 724 222 49 förordning
1301 724 84 36 med
1414 724 183 36 särskilda
1626 723 283 37 bestämmelser
1928 736 62 23 om

793 776 146 48 avdrag
979 775 63 36 vid
1086 777 96 35 1922
1226 778 58 34 års
1313 776 177 48 taxering
1518 775 57 37 till
1603 775 186 37 inkomst-
1818 775 70 37 och
1917 774 74 37 för-

793 827 338 49 mögenhetsskatt.

523 930 217 38 Stockholm
770 931 71 37 den
871 933 47 34 28
948 930 96 50 april
1073 932 108 35 1921.

835 1035 54 36 På
916 1034 437 49 bevillningsutskottets
1382 1041 160 43 vägnar:

1032 1138 122 37 ERIK
1183 1129 169 47 RÖING.

598 2348 237 33 STOCKHOLM,
858 2347 108 26 ISAAC
986 2346 157 28 MARCUS'
1163 2344 529 31 BOKTRYCKERI-AKTIEBOLAG,
1720 2345 74 26 1921.
