1896 2772
253 96 19 29 6
530 99 405 42 Bevillningsutskottets
953 106 218 33 betänkande
1189 119 44 21 nr
1251 112 42 29 52
1309 112 41 30 år
1368 114 85 30 1966

251 173 89 31 efter
361 177 158 30 ansökan
540 178 111 32 befria
672 181 68 30 den
761 183 254 43 skattskyldige
1037 187 79 30 från
1137 191 51 28 att
1209 190 72 31 helt
1302 192 82 30 eller
1405 193 110 31 delvis
1537 195 100 39 gälda
1658 197 81 29 rän-

251 228 45 28 ta.
326 228 273 34 Räntebefrielse
628 233 71 30 kan
726 235 90 30 efter
845 238 158 30 ansökan
1032 240 105 31 också
1166 243 177 31 meddelas
1373 247 220 30 samtaxerad
1623 245 113 48 make,

252 288 75 21 som
348 281 136 39 påförts
505 284 112 35 ränta,
638 287 117 30 vilken
779 288 70 31 inte
873 290 112 31 skulle
1007 292 46 30 ha
1075 294 112 38 utgått
1211 296 84 30 eller
1318 297 111 30 skulle
1452 299 46 30 ha
1522 301 112 38 utgått
1657 303 81 30 med

250 332 94 39 lägre
359 334 124 41 belopp
499 346 57 20 om
573 339 338 42 ränteberäkningen
928 344 110 39 gjorts
1057 351 215 33 gemensamt
1290 350 55 30 för
1361 350 90 32 båda
1468 353 180 31 makarna.
1667 356 70 29 An-

250 386 109 30 sökan
384 396 56 21 om
463 389 160 32 befrielse
646 393 92 30 skall
762 395 46 29 ha
831 395 186 32 inkommit
1042 399 51 30 till
1118 400 249 41 länsstyrelsen
1393 404 74 31 före
1494 406 173 40 utgången
1694 419 43 20 av

250 438 73 31 året
342 440 78 30 näst
440 442 88 30 efter
547 445 262 40 taxeringsåret.

246 551 153 37 Frågans
419 555 145 36 tidigare
584 554 209 47 behandling

290 633 13 29 I
326 635 219 32 motionerna
569 638 28 30 1:
615 639 62 31 370
700 642 65 29 och
789 642 46 30 II:
851 642 64 31 424
938 645 56 30 vid
1020 646 84 31 1963
1126 647 57 31 års
1208 648 143 42 riksdag
1374 651 169 42 föreslogs
1568 654 86 30 bl.a.
1679 658 52 28 att

244 685 66 31 den
336 688 115 31 lokala
477 690 366 43 skattemyndigheten
869 706 41 20 ex
935 698 120 31 officio
1082 700 111 31 skulle
1220 702 125 31 beakta
1371 706 51 28 att
1447 706 103 30 make
1576 707 71 30 inte
1673 709 57 29 de-

243 737 173 33 biterades
437 742 113 35 ränta,
573 744 62 30 där
657 746 498 45 räntebetalningsskyldighet
1178 754 71 30 inte
1272 755 194 41 föreligger,
1489 767 59 21 om
1570 769 81 20 man
1676 762 53 28 tar

241 792 139 40 hänsyn
397 794 52 30 till
467 797 188 31 makarnas
674 802 264 40 sammanlagda
956 804 372 34 skatteförhållanden.

285 846 386 42 Bevillningsutskottet
690 853 148 31 anförde
858 855 10 29 i
890 856 59 30 sitt
969 866 44 20 av
1031 858 187 41 riksdagen
1238 862 185 39 godkända
1444 864 220 32 betänkande
1685 876 42 20 nr

241 898 51 34 93,
314 901 51 28 att
386 901 93 30 vissa
500 902 164 32 tekniska
686 906 213 40 svårigheter
921 909 55 29 för
998 920 42 20 en
1063 912 122 30 makar
1207 914 148 30 emellan
1378 918 212 30 samordnad
1612 919 115 30 ränte-

240 951 162 41 påföring
421 954 10 29 i
449 955 93 30 vissa
562 956 62 30 fall
643 957 185 42 föreligger
847 962 78 29 med
944 965 202 30 nuvarande
1167 966 428 42 uppbördsorganisation.
1617 972 108 30 Dessa

239 1004 213 41 svårigheter
478 1008 119 31 kunde
624 1011 167 40 möjligen
817 1014 199 31 elimineras
1044 1024 123 32 genom
1194 1028 42 20 en
1264 1022 298 38 omorganisation
1589 1034 42 20 av
1657 1026 67 29 den

238 1057 115 31 lokala
376 1059 365 43 skattemyndigheten
762 1065 89 31 bl.a.
874 1067 51 29 till
947 1068 90 40 följd
1058 1079 42 20 av
1121 1070 185 33 införande
1328 1083 42 20 av
1391 1077 215 29 automatisk
1628 1078 96 30 data-

237 1110 211 43 behandling
473 1114 97 30 inom
595 1115 297 43 folkbokförings-
918 1121 64 29 och
1008 1122 355 39 uppbördsväsendet,
1390 1136 120 22 varom
1536 1129 187 41 riksdagen

237 1163 104 31 fattat
366 1166 263 40 principbeslut.
656 1169 13 29 I
695 1170 95 31 detta
816 1172 74 39 läge
916 1174 108 40 ansåg
1050 1176 179 35 utskottet,
1257 1181 50 28 att
1334 1188 81 21 man
1441 1181 107 30 borde
1574 1184 148 30 avvakta

236 1218 182 31 resultatet
437 1229 43 20 av
498 1229 43 21 en
561 1221 109 30 sådan
689 1225 308 38 omorganisation.

279 1270 136 41 Frågan
433 1281 58 21 om
509 1274 101 30 ränta
628 1275 20 29 å
665 1275 233 33 kvarstående
917 1279 94 31 skatt
1030 1280 54 30 för
1102 1282 83 30 äkta
1203 1284 124 29 makar
1346 1287 374 37 uppmärksammades

234 1323 87 30 även
338 1325 10 29 i
367 1325 219 32 motionerna
604 1327 28 30 1:
651 1328 38 31 16
707 1329 65 30 och
790 1330 45 30 II:
854 1331 39 29 19
910 1332 57 29 vid
986 1332 84 31 1964
1087 1333 57 31 års
1162 1334 152 40 riksdag.
1333 1338 218 32 Motionerna
1569 1340 151 31 behand-

234 1376 95 31 lades
360 1377 11 29 i
401 1378 399 42 bevillningsutskottets
831 1383 246 33 betänkanden
1109 1396 41 20 nr
1182 1388 51 34 61,
1265 1390 74 29 vari
1370 1392 171 31 utskottet
1574 1394 145 30 anförde

233 1429 168 40 följande.

277 1492 176 31 Utskottet
485 1494 95 30 delar
613 1496 278 32 motionärernas
924 1500 226 41 uppfattning
1182 1505 51 27 att
1265 1503 145 31 berörda
1444 1507 172 38 spörsmål
1648 1508 70 30 för-

232 1536 118 39 tjänar
366 1539 314 37 uppmärksamhet
696 1541 80 29 från
794 1544 291 31 statsmakternas
1103 1546 84 30 sida.
1206 1547 99 30 Inom
1322 1544 396 51 finansdepartementet

230 1580 66 29 har
319 1582 198 38 upprättats
543 1593 41 20 en
610 1587 234 36 promemoria
868 1588 178 39 angående
1072 1589 341 43 förutsättningarna
1438 1594 55 30 för
1518 1598 49 28 ett
1590 1596 127 31 iaktta-

230 1626 111 37 gande
360 1635 41 20 ex
418 1627 121 30 officio
558 1638 42 20 av
618 1629 267 39 ifrågavarande
903 1632 242 33 bestämmelse
1163 1636 11 29 i
1194 1637 442 42 uppbördsförordningen,
1655 1642 62 29 vil-

229 1669 69 30 ken
323 1673 233 36 promemoria
583 1673 54 29 för
662 1674 218 32 närvarande
906 1677 39 28 är
970 1677 147 31 föremål
1143 1679 54 30 för
1223 1682 349 42 remissbehandling.
1599 1686 117 29 Under

230 1713 132 31 sådana
389 1714 244 33 förhållanden
659 1718 117 31 finner
802 1720 171 30 utskottet
999 1722 51 40 sig
1074 1722 72 31 inte
1172 1724 45 30 ha
1244 1726 188 41 anledning
1458 1728 176 40 tillstyrka
1659 1730 57 29 be-

228 1759 105 30 rörda
359 1761 374 39 utredningsyrkande.

274 1820 199 40 Riksdagen
490 1822 162 32 lämnade
671 1824 10 29 i
699 1825 152 39 enlighet
868 1826 146 31 härmed
1031 1829 219 31 motionerna
1268 1833 85 28 utan
1372 1828 132 49 åtgärd.

271 1892 13 29 I
304 1893 246 30 ovannämnda
568 1897 233 36 promemoria
826 1897 196 34 (Fi-stencil
1044 1899 98 31 1964:
1159 1901 36 34 8)
1219 1902 65 30 har
1304 1903 182 41 framlagts
1505 1906 206 31 alternativa

227 1943 131 41 förslag
377 1945 52 30 till
449 1946 154 31 ändrade
623 1948 263 32 bestämmelser
906 1960 57 20 om
983 1952 295 43 ränteberäkning
1298 1955 55 30 för
1373 1957 82 30 äkta
1476 1959 133 30 makar.
1630 1960 82 29 För-

227 1997 108 40 slaget
351 1998 64 30 har
431 1999 125 30 hittills
573 2000 71 30 inte
661 2001 166 31 föranlett
844 2003 113 40 någon
974 2004 132 40 åtgärd.

224 2110 217 31 Motionerna

269 2191 13 28 I
300 2191 219 32 motionerna
538 2194 30 29 I:
584 2195 62 29 532
665 2196 66 29 och
747 2196 49 29 II:
811 2197 64 30 648
894 2197 139 32 anföres
1052 2199 43 30 bl.
1116 2210 28 20 a.
1164 2200 63 31 Det
1246 2201 70 31 kan
1333 2203 172 38 knappast
1524 2215 99 20 anses
1642 2206 67 30 till-

223 2244 280 37 fredsställande,
527 2249 51 28 att
602 2248 235 41 skattskyldig
859 2251 176 31 nödsakas
1059 2254 133 30 ansöka
1216 2264 56 20 om
1296 2256 161 33 befrielse
1481 2258 80 30 från
1585 2262 49 28 att
1658 2270 50 20 er-

222 2298 99 39 lägga
337 2307 43 21 en
395 2299 102 30 ränta
513 2309 75 21 som
604 2302 78 29 med
699 2302 55 29 för
769 2303 83 40 högt
868 2303 123 41 belopp
1008 2305 97 31 blivit
1121 2307 125 39 påförd
1262 2309 140 35 honom,
1420 2311 121 30 därför
1557 2314 49 28 att
1622 2313 86 30 hän-

223 2358 64 28 syn
307 2351 69 30 inte
395 2352 102 37 tagits
517 2353 53 30 till
590 2354 108 30 andra
716 2355 145 30 makens
880 2358 164 37 taxering.
1065 2358 51 30 Då
1136 2360 11 29 i
1166 2361 109 30 andra
1295 2361 61 30 fall
1376 2364 331 39 taxeringsmyndig-

220 2404 104 30 heten
352 2405 110 31 måste
489 2408 36 28 ta
553 2407 165 40 ställning
746 2409 52 29 till
827 2410 188 31 makarnas
1043 2420 259 31 gemensamma
1330 2416 164 35 inkomst,
1524 2418 61 30 bör
1612 2419 94 31 detta
