2162 2610
643 236 122 29 Första
790 233 227 40 lagutskottets
1041 231 177 31 memorial
1245 230 48 31 Nr
1317 231 52 29 42.
1795 229 8 27 |

931 539 61 38 Nr
1019 539 62 37 42.

855 701 109 24 Ankom
984 699 45 25 till
1050 699 162 30 riksdagens
1233 698 90 24 kansli
1344 697 52 37 den
1416 695 16 26 4
1451 697 60 31 juni
1534 695 65 26 1921
1624 697 36 24 kl.
1683 697 28 25 11
1737 697 17 23 f.
1774 703 35 17 m.

428 843 189 35 Memorial
645 841 176 44 angående
849 840 191 42 beviljande
1059 838 66 44 för
1152 838 240 35 innevarande
1419 837 60 34 års
1498 836 145 44 riksdag
1661 847 44 23 av
1725 836 85 34 visst

641 913 116 44 belopp
798 911 53 35 till
878 911 155 34 särskild
1059 909 194 43 ersättning
1281 909 36 34 åt
1344 909 235 34 sekreteraren
1609 908 60 34 hos
1689 906 120 43 första

641 984 224 44 lagutskottet.

323 1112 128 35 Första
494 1108 264 48 lagutskottets
801 1106 228 37 sekreterare
1072 1107 67 34 har
1180 1106 120 35 under
1332 1105 71 35 den
1432 1105 134 35 honom
1596 1103 56 36 för
1679 1103 128 60 tjänst-

216 1164 135 48 göring
377 1164 67 36 hos
473 1163 183 36 utskottet
683 1160 184 49 beviljade
895 1160 168 47 ledighet
1095 1160 82 35 från
1201 1160 94 35 hans
1334 1157 433 37 assessorsförordnande
1796 1156 12 35 i

217 1219 95 36 Svea
354 1219 147 35 hovrätt
541 1216 70 35 fått
648 1217 105 34 avstå
793 1214 135 36 honom
971 1213 108 48 eljest
1111 1212 284 36 tillkommande
1425 1211 384 46 avlöningsförmåner

215 1271 58 37 till
316 1274 53 33 ett
396 1269 246 47 sammanlagt
669 1267 135 48 belopp
833 1279 46 24 av
911 1269 112 42 1,843
1055 1267 137 35 kronor
1223 1268 48 33 90
1301 1271 71 30 öre.
1431 1264 193 37 Utskottet
1651 1265 69 34 har
1748 1276 61 22 an-

217 1328 74 33 sett
319 1324 149 47 skäligt,
498 1326 54 33 att
580 1321 225 48 gottgörelse
834 1296 154 61 beredes
1018 1319 257 37 sekreteraren
1303 1320 56 35 för
1392 1318 142 36 hälften
1563 1330 45 23 av
1638 1318 73 36 vad
1735 1317 75 35 han

217 1378 156 36 sålunda
390 1377 138 36 ”mistat
555 1375 91 36 eller
674 1375 84 35 med
789 1376 71 33 921
892 1374 138 35 kronor
1060 1376 47 32 95
1138 1378 73 30 öre.

323 1431 19 35 I
371 1430 89 49 följd
488 1430 115 36 härav
631 1428 56 36 får
715 1427 182 36 utskottet
925 1427 206 43 hemställa,

750 1537 52 33 att
844 1537 53 33 ett
938 1533 135 48 belopp
1116 1546 46 24 av
1207 1535 71 33 921
1324 1532 137 36 kronor
1498 1534 47 33 95
1577 1536 61 30 öre
1670 1533 57 33 må
1755 1529 56 44 för

596 1605 4 5 :
641 1588 254 36 innevarande
925 1590 39 32 år
993 1587 148 36 anvisas
1170 1589 55 33 att
1254 1598 45 25 av
1334 1586 114 35 första
1475 1584 248 48 lagutskottet
1752 1596 60 23 an-

643 1643 140 35 vändas
825 1642 56 35 för
921 1640 212 37 beredande
1176 1652 45 24 av
1265 1639 239 36 omförmälda
1538 1638 207 45 ersättning
1776 1640 36 32 åt

642 1695 256 36 sekreteraren
926 1695 67 35 hos
1022 1694 194 36 utskottet.

324 1804 19 35 I
385 1804 178 35 händelse
605 1814 46 26 av
679 1802 104 36 bifall
811 1802 58 36 till
897 1802 73 36 vad
998 1801 184 36 utskottet
1210 1800 157 36 sålunda
1395 1800 199 43 hemställt,
1625 1799 106 35 torde
1759 1800 54 33 ut-

219 1858 140 36 skottet
400 1857 36 36 få
466 1856 57 48 sig
557 1857 211 47 uppdraget
796 1859 53 33 att
878 1856 125 35 därom
1034 1854 170 36 meddela
1232 1853 235 47 fullmäktige
1496 1853 11 35 i
1535 1828 278 108 riksgäldskon-

218 1911 174 36 kontoret
418 1910 284 36 underrättelse.

326 2016 212 38 Stockholm
569 2017 72 36 den
671 2020 23 32 4
721 2016 83 49 juni
836 2019 112 33 1921.

678 2125 52 36 På
758 2125 114 35 första
900 2123 265 47 lagutskottets
1195 2127 154 42 vägnar:

844 2231 46 36 A.
921 2220 271 46 ÅKERMAN.

264 2393 136 40 Bihang
423 2393 51 31 till
496 2393 205 39 riksdagens
720 2392 163 40 protokoll
902 2393 95 30 1921.
1035 2394 19 28 9
1077 2391 97 31 saml.
1214 2391 17 29 1
1249 2390 73 31 avd.
1364 2390 42 29 33
1422 2389 81 38 häft.
1543 2388 64 38 (Nr
1631 2388 67 36 42.)
1753 2387 14 30 1
