2228 2689
422 142 19 31 4
818 144 341 33 Jordbruksutskottets
1182 144 161 33 utlåtande
1367 145 51 32 Nr
1441 146 51 33 88.

1006 386 339 41 Reservationer:

508 504 45 24 av
593 492 44 35 4.
667 492 99 44 Pers,
811 505 79 24 som
929 496 134 44 ansett,
1101 496 56 33 att
1195 492 46 37 då
1277 491 62 38 det
1376 493 68 39 bör
1480 506 90 24 vara
1609 507 45 23 av
1692 498 96 32 stort
1816 494 154 37 allmänt

377 543 160 37 intresse
582 548 53 32 att
672 544 37 36 få
746 544 165 37 samlade
948 544 71 38 och
1054 545 84 37 från
1174 545 148 50 trycket
1359 546 159 49 utgivna
1554 559 103 24 mera
1684 546 286 51 betydelsefulla

377 595 224 51 aktstycken
631 597 195 49 angående
855 598 44 36 de
928 597 160 38 svenska
1117 598 249 37 domänernas
1396 598 165 48 historia,
1582 599 185 37 utskottet
1787 599 84 38 bort
1896 600 74 37 till-

377 649 131 50 styrka
536 663 46 23 en
612 649 181 38 skrivelse
822 650 55 37 till
906 650 140 50 Kungl.
1076 651 107 49 Maj:t
1211 651 11 36 i
1252 651 211 38 motionens
1492 652 110 50 syfte,

507 759 97 31 samt
637 767 45 24 av
720 755 39 36 G.
790 756 44 35 4.
864 756 46 35 E.
945 757 197 36 Kronlund
1174 756 66 36 och
1274 757 35 36 S.
1339 757 167 44 Linders,
1536 757 102 37 vilka
1666 763 132 43 ansett,
1828 762 55 32 att
1911 764 58 31 ut-

378 807 162 37 skottets
568 807 174 50 yttrande
772 808 69 36 och
870 808 144 49 förslag
1042 808 84 37 bort
1155 809 97 36 hava
1281 809 165 50 följande
1473 809 157 51 lydelse:

507 859 193 37 Utskottet
729 873 108 24 anser
864 861 11 35 i
903 860 119 37 likhet
1050 861 83 36 med
1162 862 246 45 motionären,
1438 867 54 31 att
1520 867 54 31 ett
1602 862 269 50 hopsamlande
1900 863 69 37 och

377 912 327 37 sammanförande
742 927 46 22 av
826 914 176 48 samtliga
1037 913 206 38 dokument
1270 914 69 37 och
1369 914 115 37 andra
1513 914 202 51 belysande
1743 915 227 50 handlingar

376 965 159 37 rörande
569 964 44 38 de
647 966 161 36 svenska
849 966 344 37 statsdomänernas
1235 967 156 36 historia
1432 967 119 37 under
1591 968 121 37 skilda
1746 968 98 38 tider
1873 975 97 31 samt

378 1018 210 36 desammas
618 1018 208 48 utgivande
853 1019 83 36 från
965 1019 148 49 trycket
1141 1019 119 37 skulle
1288 1033 90 23 vara
1407 1033 47 23 av
1483 1026 95 31 stort
1605 1021 160 37 intresse
1785 1022 70 36 och
1874 1026 96 32 även

376 1071 128 36 kunna
531 1070 97 37 hava
648 1071 169 49 praktisk
836 1071 204 50 betydelse.
1070 1072 65 36 Ett
1155 1072 120 50 dylikt
1294 1072 198 38 historiskt
1512 1073 125 38 arbete
1657 1073 96 38 dock
1772 1073 198 38 inskränkt

377 1123 56 37 till
461 1136 46 23 en
535 1123 148 37 kortare
711 1123 52 37 tid
792 1124 68 37 har
887 1129 94 32 även
1008 1124 209 38 utarbetats
1246 1138 46 24 av
1321 1138 46 24 en
1395 1126 230 49 tjänsteman
1653 1126 70 37 hos
1752 1126 217 50 domänsty-

377 1175 124 37 relsen
530 1175 69 36 och
627 1175 119 38 finnes
774 1176 146 49 intaget
947 1177 12 36 i
988 1177 85 36 dess
1101 1177 82 36 från
1212 1178 147 49 trycket
1386 1178 180 37 utkomna
1584 1179 202 37 berättelse
1806 1179 58 36 för
1883 1182 86 34 åren

381 1229 262 36 1883—1887.

506 1280 216 37 Emellertid
764 1281 117 36 håller
921 1282 185 36 utskottet
1146 1283 79 35 före
1267 1287 54 31 att
1350 1283 123 36 därest
1502 1288 53 31 ett
1583 1283 121 48 dylikt
1733 1283 237 50 fortlöpande

378 1332 125 37 arbete
532 1332 119 37 skulle
679 1332 169 37 befinnas
869 1333 207 49 behövligt,
1097 1334 264 37 utarbetandet
1381 1335 115 36 därav
1516 1335 182 50 möjligen
1716 1336 106 37 torde
1842 1336 128 37 kunna

375 1385 66 36 ske
482 1398 138 35 genom
664 1385 345 50 domänstyrelsens
1051 1386 87 37 eller
1179 1391 114 32 annat
1335 1392 143 32 statens
1521 1388 258 36 ämbetsverks
1819 1388 151 49 försorg

376 1443 96 31 samt
500 1437 121 47 själva
650 1437 144 37 arbetet
821 1438 144 36 utföras
995 1452 46 23 av
1070 1439 297 37 ämbetsverkets
1397 1440 231 49 tjänstemän
1655 1445 92 31 utan
1777 1445 52 32 att
1849 1446 121 32 staten

375 1490 58 36 för
465 1489 208 37 detsamma
707 1490 96 36 skall
830 1490 145 49 nödgas
1003 1490 211 38 vidkännas
1242 1494 118 46 några
1389 1492 145 36 direkta
1561 1492 167 49 utgifter.
1787 1492 70 37 Om
1886 1493 83 36 där-

375 1548 101 31 emot
512 1547 54 31 ett
602 1542 137 48 arbete,
778 1542 133 37 sådant
948 1556 78 23 som
1058 1556 45 23 av
1131 1543 231 38 motionären
1391 1544 231 49 ifrågasatts,
1653 1544 120 37 skulle
1801 1545 80 37 visa
1910 1546 60 50 sig

374 1594 93 37 böra
508 1594 143 36 utföras
679 1594 13 35 i
721 1607 124 24 annan
887 1595 173 49 ordning,
1090 1596 106 37 torde
1223 1596 256 37 kostnaderna
1507 1596 58 37 för
1594 1597 208 37 detsamma
1830 1603 139 44 näppe-

374 1647 103 48 ligen
514 1645 129 38 kunna
680 1647 207 48 begränsas
916 1648 56 36 till
1000 1647 62 37 det
1091 1661 45 23 av
1165 1649 236 35 motionären
1429 1649 196 49 uppgivna
1653 1649 177 50 beloppet
1858 1651 70 35 och
1957 1651 12 36 i

375 1699 71 36 alla
487 1698 200 38 händelser
727 1699 81 36 icke
850 1713 50 23 nu
938 1699 130 37 kunna
1095 1700 245 37 överblickas.
1396 1701 44 49 Ej
1471 1700 118 38 heller
1617 1701 106 37 torde
1750 1702 218 50 Riksdagen

374 1765 51 23 nu
466 1751 91 36 böra
597 1757 91 31 utan
730 1754 127 46 någon
899 1765 79 23 som
1020 1752 98 37 helst
1160 1753 207 49 utredning
1394 1753 88 37 eller
1508 1754 90 49 plan
1627 1754 58 36 för
1714 1754 163 37 arbetets
1907 1755 61 36 be-

375 1803 182 36 drivande
599 1809 138 43 antaga
777 1803 255 38 motionärens
1076 1805 154 49 förslag.
1285 1805 87 37 Men
1414 1811 89 31 enär
1540 1806 183 37 utskottet
1753 1806 123 37 funnit
1905 1807 62 36 det

375 1855 216 50 föreslagna
618 1855 147 38 arbetet
794 1856 250 49 erforderligt,
1075 1857 56 36 får
1158 1857 185 38 utskottet
1371 1857 207 50 hemställa,

901 1966 54 32 att
987 1962 230 49 Riksdagen,
1247 1963 12 35 i
1288 1962 207 50 anledning
1531 1976 46 23 av
1609 1963 86 37 herr
1722 1963 245 50 Lindhagens

771 2014 287 48 ifrågavarande
1077 2014 154 48 motion,
1257 2017 115 34 måtte
1392 2015 11 36 i
1423 2015 181 37 skrivelse
1624 2016 55 36 till
1697 2016 142 49 Kungl.
1861 2016 105 50 Maj:t

771 2066 139 49 begära
942 2066 205 50 utredning
1180 2067 68 37 och
1282 2067 143 50 förslag
1452 2068 12 36 i
1493 2068 99 50 syfte
1626 2074 53 31 att
1705 2068 85 37 från
1819 2069 147 49 trycket

771 2119 131 48 utgiva
943 2119 386 37 huvuddokumenten
1370 2120 70 36 och
1476 2120 113 36 andra
1617 2120 205 50 belysande
1850 2121 115 36 hand-

772 2171 125 49 lingar
926 2176 89 31 över
1042 2171 181 37 historien
1252 2185 60 23 om
1341 2172 45 36 de
1415 2172 160 37 svenska
1595 2172 370 38 kronodomänernas

772 2223 97 37 öden
899 2223 119 37 under
1046 2223 122 37 skilda
1196 2224 105 37 tider.
