1858 2782
418 175 123 29 Första
561 173 246 40 lagutskottets
828 172 178 31 utlåtande
1025 181 43 20 nr
1087 172 42 29 22
1148 172 39 30 år
1207 171 83 30 1958
1590 169 19 29 5

104 259 106 30 bland
236 259 228 29 medlemmar
489 266 41 20 av
556 257 121 29 sekten
705 256 169 31 »Jehovas
899 256 167 33 vittnen»,
1093 255 93 29 vilka
1213 254 161 39 samtliga
1401 254 95 29 torde
1522 262 83 21 vara

103 310 355 40 värnpliktsvägrare.
477 308 160 29 Rörande
656 308 101 29 dessa
776 307 144 29 anförde
939 307 40 29 de
999 306 238 39 sakkunniga:

147 369 65 29 Det
231 368 64 29 har
313 368 111 29 berett
443 366 259 31 vederbörande
723 365 243 40 myndigheter
986 365 40 29 de
1048 366 128 28 största
1198 364 214 39 svårigheter
1432 365 50 28 att
1502 363 103 29 bedö-

103 420 58 20 ma
178 412 41 28 de
237 410 159 30 enskilda
414 410 176 29 vittnenas
610 408 377 39 samvetsövertygelse.
1007 409 49 28 De
1076 409 193 38 prästmän,
1290 416 75 20 som
1384 406 76 30 haft
1479 408 50 28 att
1549 407 56 38 äg-

104 463 44 21 na
171 453 170 40 prövning
364 453 36 30 åt
423 453 41 29 de
488 451 433 40 samvetsbetänkligheter
945 460 75 20 som
1044 450 152 30 anmälts
1221 459 42 20 av
1285 450 150 30 Jehovas
1459 449 145 33 vittnen,

104 496 90 30 hava
218 496 149 30 kommit
390 496 53 29 till
466 496 65 29 vitt
555 495 115 29 skilda
693 495 158 29 resultat.
876 494 257 29 Prästmannen
1158 492 64 30 har
1247 492 37 30 så
1309 494 73 37 gott
1407 501 73 20 som
1506 491 98 30 alltid

102 542 117 28 ansett
240 539 50 40 sig
309 539 122 30 kunna
451 538 213 34 konstatera,
686 539 50 28 att
756 536 259 31 vederbörande
1035 536 91 29 varit
1147 535 173 30 fanatiskt
1340 534 187 40 övertygad
1548 543 57 20 om

104 583 212 39 riktigheten
333 591 43 21 av
392 581 55 30 sin
463 584 54 27 tro
534 590 80 21 men
631 581 67 29 har
714 581 127 29 nästan
858 580 71 29 lika
946 579 75 30 ofta
1038 580 115 28 ansett
1171 579 51 38 sig
1239 580 153 37 tvungen
1411 580 49 27 att
1478 577 128 39 ifråga-

106 627 102 33 sätta,
232 634 56 21 om
312 625 116 30 denna
451 626 53 28 tro
527 623 178 39 verkligen
729 632 80 20 vore
834 624 50 28 att
908 631 83 21 anse
1016 630 75 21 som
1116 630 43 21 en
1183 621 44 40 på
1253 622 168 28 samvetet
1446 620 159 39 grundad

104 668 223 40 övertygelse.

150 737 68 29 För
239 738 50 28 att
310 736 11 29 i
343 735 115 40 någon
480 734 82 30 mån
584 735 120 39 belysa
727 734 122 30 skälen
870 734 52 30 till
946 733 101 30 dessa
1069 733 185 29 omdömen
1279 731 161 31 lämnade
1464 731 41 30 de
1529 730 77 30 sak-

104 787 157 40 kunniga
278 786 158 40 följande
453 786 214 29 kortfattade
686 785 216 39 redogörelse
920 785 55 29 för
992 784 170 30 rörelsen:

148 846 46 31 År
215 846 83 30 1884
317 845 158 31 bildades
494 846 11 29 i
526 845 165 30 Amerika
711 845 78 29 med
809 846 120 38 pastor
949 843 142 31 Charles
1111 844 38 28 T.
1171 843 123 29 Russel
1316 850 75 21 som
1412 841 194 30 förnämste

104 889 272 39 initiativtagare
400 898 43 20 en
467 887 250 40 organisation,
742 896 79 20 vars
847 895 107 21 namn
979 885 164 39 slutligen
1168 885 173 30 fixerades
1367 884 52 29 till
1444 883 162 31 Vakttor-

104 933 76 29 nets
195 931 109 31 Bibel-
319 931 65 30 och
399 930 315 39 Traktatsällskap,
731 930 78 29 med
825 929 139 40 uppgift
978 931 51 28 att
1045 928 44 40 på
1104 928 95 29 olika
1215 927 105 40 språk
1337 927 117 40 sprida
1470 926 135 30 bibelns

105 974 190 39 sanningar
311 982 125 31 genom
452 973 181 34 traktater,
650 972 198 30 tidskrifter
864 981 45 20 m.
926 980 45 21 m.
989 971 113 30 Sedan
1119 971 124 29 Russel
1263 970 83 30 1916
1363 969 131 34 avlidit,
1511 970 96 29 över-

104 1019 76 37 togs
203 1016 186 39 ledningen
409 1025 44 20 av
474 1016 168 29 domaren
663 1016 30 31 J.
716 1015 36 30 F.
775 1014 215 31 Rutherford
1017 1014 85 33 (död
1127 1013 116 33 1942).
1266 1012 92 30 Från
1381 1012 63 29 och
1466 1011 79 30 med
1566 1011 41 29 år

106 1060 81 30 1931
205 1059 90 30 hava
311 1058 204 40 riktningen
530 1058 65 30 och
613 1058 78 29 dess
709 1057 201 39 anhängare
928 1057 109 29 kallat
1055 1056 51 39 sig
1122 1056 150 30 Jehovas
1290 1055 145 29 vittnen.
1456 1054 150 30 Sällska-

103 1104 59 38 pet
183 1111 102 30 synes
305 1101 139 39 förfoga
464 1103 81 28 över
565 1100 192 30 avsevärda
776 1099 269 41 penningmedel
1067 1099 65 29 och
1152 1098 161 30 bedriver
1333 1107 43 20 en
1398 1097 209 29 målmedve-

103 1147 60 28 ten
179 1145 64 30 och
261 1144 163 39 skickligt
441 1143 152 40 upplagd
611 1143 226 40 propaganda
853 1143 11 29 i
882 1152 42 20 en
941 1141 182 40 mångfald
1140 1141 132 30 länder.
1290 1141 133 29 Enbart
1439 1140 11 29 i
1469 1139 137 39 Sverige

104 1188 91 29 hava
219 1187 141 40 utgivits
385 1188 80 29 över
489 1186 122 30 femtio
635 1186 138 39 tryckta
798 1185 153 34 skrifter,
977 1194 76 20 som
1077 1193 42 21 av
1142 1184 157 29 vittnena
1325 1183 107 39 säljas
1457 1182 115 30 direkt
1595 1182 11 30 i

104 1231 174 29 hemmen.

149 1274 166 30 Rörelsen
341 1272 206 40 spekulerar
571 1272 12 29 i
609 1272 57 29 det
691 1271 65 30 vitt
781 1271 171 30 utbredda
976 1270 166 30 intresset
1166 1269 56 30 för
1247 1269 41 31 de
1313 1270 149 38 yttersta
1486 1268 121 39 tingen

105 1316 65 30 och
193 1316 101 30 söker
314 1315 79 30 med
415 1324 44 21 en
479 1314 299 40 bokstavsmässig
799 1312 299 40 tolkningsmetod
1122 1312 141 40 »sprida
1284 1311 136 30 bibelns
1443 1310 164 39 sanning-

106 1368 57 20 ar»
182 1359 64 29 och
261 1360 105 28 värva
384 1358 200 37 anhängare
602 1357 55 29 för
674 1357 54 29 sin
744 1357 83 29 lära.
845 1356 117 39 Enligt
979 1356 114 29 denna
1110 1355 74 29 lära
1201 1356 38 28 är
1256 1354 202 39 religionen,
1477 1353 37 29 så
1532 1362 75 20 som

104 1401 68 31 den
190 1400 85 40 tagit
294 1400 51 40 sig
362 1400 141 39 uttryck
520 1400 11 29 i
549 1400 119 39 övriga
687 1399 177 34 samfund,
887 1407 62 21 »en
968 1397 186 40 djävulens
1174 1406 114 27 snara,
1309 1405 75 21 som
1403 1396 131 29 brukas
1554 1395 52 30 till

105 1447 51 27 att
173 1445 150 37 bedraga
340 1444 65 29 och
423 1443 120 38 snärja
561 1442 207 30 människor
785 1442 64 29 och
866 1441 114 29 vända
998 1441 79 29 dem
1095 1440 77 29 bort
1190 1439 80 30 från
1288 1439 108 30 Gud>.
1415 1439 133 29 Endast
1566 1438 43 29 de

106 1486 216 34 människor,
348 1495 75 20 som
447 1485 72 29 helt
542 1485 65 29 och
631 1484 108 29 hållet
763 1484 95 29 ställt
883 1483 51 39 sig
957 1483 52 29 till
1034 1482 76 30 Gud
1134 1482 150 30 Jehovas
1309 1481 207 39 förfogande
1541 1479 65 30 och

105 1530 130 29 utvalts
251 1538 41 20 av
307 1529 130 29 honom
454 1536 74 22 som
542 1527 89 30 hans
645 1527 146 34 vittnen,
808 1528 60 28 äro
885 1534 110 21 sanna
1011 1525 136 29 kristna
1164 1524 63 30 och
1244 1524 195 29 förfäktare
1454 1532 43 20 av
1512 1523 95 30 Guds

105 1571 337 36 världsherradöme,
465 1570 206 29 teokratien.
695 1570 66 29 Om
782 1568 324 39 vederhäftigheten
1130 1576 42 20 av
1194 1568 100 29 deras
1318 1566 228 30 förkunnelse
1569 1573 40 31 ge

105 1614 158 39 följande
283 1613 228 40 läropunkter
530 1612 227 39 upplysning:
780 1611 108 30 Kristi
907 1611 111 29 andra
1037 1610 247 30 tillkommelse
1305 1609 128 30 skedde
1452 1608 39 30 år
1513 1608 94 34 1914,

108 1656 45 31 då
174 1656 179 40 samtidigt
373 1656 163 30 världens
558 1656 88 29 ände
669 1655 98 36 kom;
791 1654 39 30 år
853 1654 83 30 1918
958 1654 82 29 kom
1063 1652 139 30 Kristus
1224 1653 52 29 till
1298 1652 150 30 Jehovas
1470 1651 140 39 tempel,

105 1701 65 28 och
189 1701 178 37 samtidigt
385 1699 144 39 började
547 1698 138 34 domen,
703 1697 112 30 ehuru
833 1698 41 29 de
892 1696 150 38 invigda,
1061 1696 32 29 d.
1112 1705 30 19 v.
1162 1706 24 19 s.
1206 1695 167 33 vittnena,
1392 1695 75 29 icke
1486 1694 121 29 förrän

107 1743 39 29 år
165 1742 82 31 1922
264 1742 168 34 förstodo,
450 1743 49 27 att
517 1742 132 28 Herren
666 1750 61 19 var
744 1740 10 29 i
772 1740 158 39 templet;
949 1739 174 30 alltsedan
1140 1738 38 29 år
1199 1738 81 30 1922
1298 1738 65 28 har
1381 1738 132 28 Herren
1531 1745 80 20 oav-

106 1785 112 39 låtligt
235 1785 116 29 kastat
368 1785 71 38 ljus
455 1786 81 27 över
553 1784 227 38 profetiorna,
798 1783 107 29 vilket
923 1782 129 29 skänkt
1069 1782 89 28 hans
1175 1781 134 28 vittnen
1328 1789 43 20 en
1388 1780 137 29 klarare
1544 1788 64 30 syn

106 1828 65 29 och
190 1829 109 28 större
317 1827 110 30 insikt
446 1827 10 28 i
475 1827 93 29 Guds
587 1826 61 29 ord
667 1827 45 28 än
730 1826 67 29 alla
816 1825 120 29 andra.

153 1870 136 38 Frågan
310 1879 57 20 om
387 1869 176 29 vittnenas
585 1867 206 39 inställning
812 1867 52 29 till
886 1867 123 38 kriget,
1032 1865 379 39 krigstjänstgöringen
1433 1864 65 29 och
1521 1873 91 20 sam-

107 1913 108 30 hället
237 1914 80 28 över
338 1912 120 29 huvud
480 1912 211 28 bestämmes
713 1911 72 28 helt
807 1910 64 29 och
892 1909 108 29 hållet
1021 1918 43 20 av
1085 1909 67 28 den
1174 1907 279 39 kardinalpunkt
1475 1907 11 29 i
1508 1907 101 28 deras

107 1956 216 37 lärosystem,
345 1963 74 20 som
440 1954 76 29 med
538 1954 94 28 kraft
652 1953 142 34 hävdar,
816 1954 49 27 att
884 1952 78 29 hela
982 1952 67 29 den
1070 1950 203 30 nuvarande
1293 1949 315 37 världsordningen

110 1999 38 29 är
168 1998 10 29 i
201 1999 117 28 satans
338 1996 80 30 våld
441 1997 63 28 och
526 1998 50 27 att
597 1996 57 29 det
675 1995 55 29 för
751 1995 66 29 den
838 1993 158 31 enskilde
1018 1993 107 39 gäller
1146 1995 50 27 att
1219 1992 107 39 skilja
1348 1992 51 39 sig
1419 1991 82 30 från
1520 1991 90 30 värl-

109 2042 67 28 den
191 2040 63 29 och
271 2040 49 38 fly
336 2040 51 29 till
404 2039 205 29 teokratien.
627 2038 168 38 Följande
813 2037 166 29 officiella
997 2036 180 29 uttalande
1196 2036 8 28 i
1222 2036 266 36 huvudorganet
1505 2034 105 30 Vakt-

108 2085 114 27 tornet
245 2082 111 34 (1940,
376 2091 40 19 nr
437 2083 25 32 1,
481 2082 62 28 sid.
561 2082 17 29 5
597 2081 64 29 och
679 2090 41 19 nr
740 2081 48 35 16,
808 2080 62 29 sid.
889 2080 79 32 245)
993 2079 117 29 ställer
1129 2079 56 29 det
1203 2078 158 29 enskilda
1380 2078 124 28 vittnet
1523 2079 86 26 utan

110 2126 96 37 varje
224 2126 54 28 val
298 2125 10 28 i
326 2124 340 39 värnpliktsfrågan:
691 2124 92 27 »Den
804 2132 64 19 ena
888 2122 184 28 nationens
1093 2121 76 37 krig
1190 2123 68 26 mot
1281 2130 42 19 en
1344 2129 116 20 annan
1482 2128 41 20 av
1542 2119 70 38 jor-

108 2168 85 29 dens
211 2167 159 29 nationer
388 2168 38 28 är
444 2167 69 28 inte
532 2166 64 29 den
616 2166 106 38 kamp
741 2175 73 18 som
834 2165 106 28 Kristi
959 2165 82 28 Jesu
1061 2163 216 38 efterföljare
1297 2163 44 28 ha
1360 2165 48 26 att
1428 2163 181 37 utkämpa.

111 2212 64 27 Om
198 2211 114 28 denna
332 2209 162 29 världens
518 2209 158 28 nationer
697 2208 110 28 önska
830 2207 118 33 strida,
971 2207 37 28 så
1030 2208 37 27 är
1088 2206 94 30 detta
1206 2206 64 28 helt
1296 2205 63 29 och
1382 2204 104 29 hållet
1510 2205 100 27 deras

112 2253 72 33 sak,
204 2253 63 27 och
288 2252 64 28 den
377 2261 71 18 som
471 2251 62 28 har
554 2251 98 28 slutil
674 2250 150 28 förbund
845 2258 55 20 om
923 2250 49 27 att
992 2258 83 19 vara
1098 2250 116 35 trogen
1238 2250 71 26 mot
1330 2247 85 32 Gud,
1436 2247 65 28 den
1523 2246 88 29 Alls-

113 2295 161 36 mäktige,
297 2294 62 28 och
381 2294 88 27 hans
494 2294 140 35 konung
656 2293 63 27 och
743 2292 73 28 rike
837 2292 64 28 har
923 2291 69 28 inte
1015 2291 54 28 det
1094 2290 151 37 ringaste
1269 2290 76 28 med
1369 2289 56 28 det
1447 2291 49 26 att
1520 2289 91 37 göra.

111 2338 72 28 Den
211 2336 132 29 kristne
369 2336 54 28 får
450 2336 69 29 inte
546 2335 96 36 lägga
669 2334 51 37 sig
744 2334 9 28 i
780 2335 40 28 de
845 2334 93 27 olika
965 2333 186 28 ländernas
1180 2332 182 36 uttagning
1389 2340 40 19 av
1455 2331 72 28 folk
1555 2331 55 28 för

111 2378 270 37 krigsändamål.
409 2379 100 28 Detta
538 2379 36 27 är
602 2378 112 27 denna
742 2377 161 28 världens
932 2375 177 28 nationers
1137 2375 72 29 sak.
1238 2375 72 27 Den
1341 2374 130 28 kristne
1498 2373 111 28 måste

110 2431 81 19 vara
215 2422 67 27 helt
307 2421 63 28 och
395 2420 104 28 hållet
526 2420 133 28 neutral
685 2419 61 27 och
772 2420 93 27 detta
890 2420 81 26 utan
997 2418 136 37 hänsyn
1161 2417 48 29 till
1236 2417 183 27 födelseort
1445 2416 82 28 eller
1552 2425 58 18 na-

116 2464 180 28 tionalitet.
320 2464 62 28 Det
406 2464 37 27 är
465 2462 95 37 varje
585 2462 151 28 kristens
760 2461 134 28 förmån
920 2463 49 26 all
992 2461 79 36 göra
1096 2459 52 29 sin
1172 2467 82 29 egen
1279 2458 166 38 ställning
1467 2458 63 29 och
1555 2458 59 29 sitt

114 2510 72 35 eget
213 2506 218 29 förhållande
458 2505 47 28 till
533 2506 129 27 Herren
691 2505 87 27 klart
807 2503 197 35 förståeliga
1030 2503 61 27 och
1119 2511 37 27 ge
1183 2502 47 29 till
1259 2502 125 30 känna,
1410 2503 48 27 alt
1483 2501 67 28 han
1577 2502 37 27 är
