1898 2818
316 154 103 27 Andra
443 154 199 27 kammarens
663 150 104 39 femte
789 153 155 35 tillfälliga
967 152 134 28 utskotts
1124 152 160 28 utlåtande
1308 152 43 27 Nr
1374 153 27 26 6.
1567 153 36 28 11

109 234 198 40 betydelsen
328 244 42 21 av
390 237 49 28 att
458 235 131 29 barnen
611 234 36 30 få
669 233 134 40 åtnjuta
823 232 324 39 skolundervisning
1168 232 45 40 på
1233 233 57 30 sitt
1310 232 209 31 modersmål
1539 233 66 29 och

109 280 89 31 helst
218 279 45 31 då
284 279 10 31 i
314 279 209 31 hemlandet.

152 324 250 30 Anordnandet
437 333 43 20 av
517 332 42 21 en
595 322 399 39 kortvågsradiostation,
1032 322 128 30 avsedd
1196 325 47 27 att
1268 321 170 31 förmedla
1462 322 143 38 nyheter

110 378 45 21 m.
184 378 46 21 m.
258 367 51 31 till
337 371 226 27 transoceana
589 367 131 35 länder,
750 368 38 29 är
816 368 87 29 även
930 370 46 27 ett
1002 366 157 39 uppslag,
1189 375 73 21 som
1291 365 105 39 enligt
1423 365 183 31 institutets

109 412 142 39 mening
272 415 134 28 snarast
426 413 62 30 bör
509 412 237 38 förverkligas.

154 456 173 32 Institutet
348 457 55 30 för
426 457 123 30 svensk
573 456 247 39 utlandstjänst
844 455 206 31 finansieras
1073 455 55 30 för
1149 455 217 31 närvarande
1390 455 71 30 dels
1484 463 123 30 genom

111 501 216 40 statsbidrag,
350 501 72 31 dels
442 509 124 31 genom
587 500 91 31 vissa
700 500 134 40 privata
854 501 131 38 bidrag,
1007 510 79 20 men
1107 499 45 31 då
1174 500 98 30 dessa
1292 509 120 21 senare
1433 499 75 31 icke
1528 500 80 29 med

109 546 116 39 någon
249 546 128 31 visshet
400 547 62 29 äro
485 549 48 27 att
556 545 157 40 påräkna
738 545 54 31 för
815 544 196 36 framtiden,
1037 554 80 21 vore
1141 545 56 30 det
1222 554 42 21 av
1287 548 69 27 stor
1381 544 72 30 vikt
1478 544 55 30 för
1557 544 48 30 in-

110 590 140 37 stitutet,
271 600 67 27 om,
364 590 5 31 i
388 591 170 30 samband
577 591 80 29 med
676 590 42 30 de
738 599 42 21 av
799 589 217 31 motionären
1036 589 202 38 ifrågasatta
1257 588 215 39 åtgärderna,
1495 589 112 30 ökade

110 636 112 30 medel
247 636 116 30 kunde
387 635 117 30 ställas
528 634 50 31 till
600 633 185 32 institutets
811 634 215 38 förfogande,
1051 633 200 39 varigenom
1274 632 167 31 institutet
1466 633 11 30 i
1500 634 107 29 större

111 679 239 40 utsträckning
369 681 45 29 än
433 679 120 30 hittills
573 680 116 29 kunde
709 679 104 30 verka
832 678 55 31 för
906 678 275 31 förbindelserna
1201 679 80 29 över
1301 678 123 30 haven.

156 724 201 30 Stockholm
381 724 66 30 den
475 725 37 28 14
536 733 91 21 mars
655 724 92 29 1938.

518 812 171 30 Institutet
709 812 54 31 för
784 812 129 30 Svensk
935 812 265 38 Utlandstjänst:

661 883 35 31 C.
723 882 331 31 LAGERCRANTZ.

1262 958 10 41 |
1295 962 95 31 Knut
1414 963 147 30 Ekman.

1381 1230 119 39 Bilaga
1521 1230 40 30 D.

247 1331 65 31 Till
332 1330 213 39 Riksdagens
566 1330 110 30 andra
697 1330 198 30 kammares
916 1329 170 39 tillfälliga
1108 1330 140 30 utskott.

155 1420 132 31 Genom
309 1419 202 39 riksdagens
534 1420 108 29 andra
664 1419 197 30 kammares
884 1419 105 29 femte
1010 1417 173 39 tillfälliga
1205 1418 147 30 utskotts
1374 1418 235 29 hänvändelse

111 1466 64 29 har
201 1465 154 30 Svenska
381 1464 192 38 Sällskapet
597 1463 11 30 i
634 1463 85 38 Riga
743 1463 125 30 beretts
893 1462 135 31 tillfälle
1055 1466 47 26 att
1127 1466 90 35 yttra
1243 1462 50 38 sig
1320 1461 178 39 angående
1521 1462 86 30 riks-

111 1510 169 38 dagsman
305 1508 38 31 E.
370 1508 192 39 Nylanders
586 1507 132 30 motion
743 1507 10 30 i
778 1507 109 30 andra
912 1508 204 29 kammaren
1142 1506 177 39 angående
1343 1506 184 38 utredning
1551 1515 59 21 om

110 1553 373 31 utlandssvenskarnas
512 1551 199 40 rättigheter
739 1552 66 30 och
835 1551 240 39 skyldigheter.
1129 1551 121 30 Denna
1278 1551 132 30 motion
1439 1550 170 39 förtjänar

111 1597 143 40 givetvis
282 1597 152 30 Svenska
464 1597 208 38 Sällskapets
699 1595 167 39 livligaste
892 1595 151 36 intresse,
1072 1596 65 29 och
1165 1595 78 30 ville
1270 1594 119 31 därför
1418 1595 192 38 Sällskapet

110 1651 126 30 genom
261 1642 52 30 sin
339 1642 141 38 styrelse
504 1642 107 29 uttala
637 1640 52 31 sin
715 1640 295 30 tillfredsställelse
1035 1641 79 29 med
1140 1640 65 29 och
1232 1639 198 39 anslutning
1457 1639 50 30 till
1532 1639 41 30 de
1599 1638 10 30 i

111 1686 177 31 motionen
314 1687 154 30 uttalade
492 1684 312 41 principfrågorna.
854 1685 118 30 Redan
1009 1693 123 30 genom
1159 1684 53 31 sin
1238 1692 216 30 mangranna
1481 1684 127 30 anslut-

110 1731 84 40 ning
218 1731 51 31 till
293 1731 153 30 Svenska
471 1731 191 39 Sällskapet
686 1731 46 30 ha
754 1731 212 29 svenskarna
988 1730 180 30 härstädes
1194 1729 130 30 bevisat
1347 1728 56 31 sitt
1425 1728 184 31 bestående

112 1775 143 31 intresse
275 1776 55 30 för
349 1776 229 29 svenskheten
598 1776 66 29 och
685 1775 234 35 fosterlandet,
940 1775 65 30 och
1026 1774 120 30 därför
1167 1775 38 29 är
1225 1774 56 30 det
1301 1774 95 29 desto
1417 1774 106 30 större
1544 1772 64 31 till-

112 1820 244 31 fredsställelse
379 1819 56 31 för
459 1820 87 35 dem,
572 1822 48 27 att
643 1829 83 20 man
749 1839 44 3 —
816 1828 74 21 som
914 1818 242 39 riksdagsman
1181 1818 191 38 Nylanders
1399 1817 130 31 motion
1552 1818 56 29 be-

114 1864 89 31 visar
228 1885 45 3 —
299 1866 87 29 även
411 1864 10 30 i
447 1864 199 30 hemlandet
673 1863 64 30 fått
764 1865 133 36 ögonen
922 1864 116 37 öppna
1064 1863 54 30 för
1145 1863 100 30 deras
1271 1863 115 29 arbete
1411 1862 198 30 utomlands

112 1910 65 29 och
197 1912 48 27 att
265 1918 82 21 man
365 1909 140 29 hemma
524 1908 31 38 ej
575 1907 58 31 vill
653 1908 99 30 ställa
774 1908 77 29 dem
870 1907 141 30 utanför
1030 1908 42 28 de
1091 1906 187 35 förmåner,
1300 1916 73 20 som
1393 1916 42 20 en
1455 1907 153 29 hemma-

111 1952 158 31 vistande
296 1954 123 28 svensk
447 1953 226 38 medborgare
699 1951 150 39 åtnjuter
875 1961 80 20 men
982 1960 74 20 som
1083 1951 311 29 utlandssvensken
1420 1951 109 29 under
1556 1950 53 29 sin

112 1997 220 30 verksamhet
356 1997 10 29 i
388 1997 155 30 utlandet
566 1996 108 30 måste
697 1996 151 35 försaka,
871 1998 84 27 trots
977 1996 56 29 det
1055 1998 48 27 att
1126 1996 87 29 även
1236 1995 69 29 han
1328 1995 10 29 i
1360 1995 41 29 de
1426 1995 98 29 flesta
1547 1994 63 30 fall

112 2041 94 31 utför
229 2044 46 27 ett
297 2041 54 30 för
375 2041 136 38 Sverige
534 2041 181 38 gagnande
737 2040 124 30 arbete.
887 2040 63 30 Det
972 2039 105 39 ligger
1100 2038 216 39 naturligtvis
1340 2038 94 39 varje
1457 2039 151 30 utlands-

113 2087 124 30 svensk
263 2095 57 21 om
345 2086 129 38 hjärtat
499 2089 47 26 att
571 2086 77 37 giva
675 2084 74 31 sina
773 2085 86 29 barn
885 2094 41 20 en
952 2085 123 29 svensk
1100 2083 217 39 uppfostran,
1343 2084 65 29 och
1433 2083 44 30 då
1501 2083 108 30 måste

112 2130 217 38 naturligtvis
354 2130 148 30 framför
526 2130 59 30 allt
608 2130 41 29 de
675 2129 217 35 strävanden,
917 2138 74 20 som
1015 2128 41 38 gå
1079 2132 37 26 ut
1138 2128 45 38 på
1207 2131 48 27 att
1278 2128 9 30 i
1311 2127 193 38 möjligaste
1527 2127 81 30 mån

111 2175 197 29 underlätta
331 2174 54 30 för
407 2174 289 30 utlandssvenska
719 2174 86 29 barn
829 2176 49 27 att
900 2172 130 31 erhålla
1054 2171 247 38 undervisning
1326 2173 65 29 och
1415 2171 194 38 utbildning

113 2219 10 29 i
145 2219 208 34 hemlandet,
379 2219 112 29 mötas
514 2219 77 29 med
615 2218 225 29 tacksamhet.
864 2217 124 30 Vidare
1011 2218 38 28 är
1071 2217 57 29 det
1151 2226 42 20 en
1215 2216 127 30 livssak
1366 2216 54 29 för
1442 2216 94 38 varje
1558 2218 50 27 ut-

114 2263 226 29 landssvensk
366 2265 48 27 att
438 2263 64 36 äga
529 2261 172 31 vissheten
725 2271 57 20 om
808 2264 48 27 att
882 2261 109 30 under
1016 2261 67 29 alla
1110 2260 244 30 förhållanden
1380 2261 119 28 kunna
1524 2259 85 30 åter-

115 2307 112 30 vända
248 2306 80 30 hem
349 2306 65 29 och
435 2306 54 30 för
510 2304 49 39 sig
580 2306 65 29 och
666 2304 51 31 sin
739 2304 113 39 familj
872 2304 98 30 finna
991 2314 42 20 en
1053 2304 155 30 utkomst
1229 2303 10 30 i
1261 2304 145 37 Sverige,
1429 2304 90 29 detta
1540 2305 69 28 sär-

112 2351 82 30 skilt
220 2360 57 25 nu,
302 2351 64 29 när
390 2349 266 30 förhållandena
682 2349 9 30 i
717 2348 164 34 utlandet,
907 2347 45 39 på
978 2348 110 38 grund
1115 2357 42 20 av
1182 2348 56 29 det
1264 2348 97 37 tryck
1388 2348 41 29 de
1453 2347 155 30 nationa-

112 2395 134 30 listiska
269 2394 230 30 strävandena
523 2393 9 29 i
555 2393 155 30 utlandet
733 2392 196 36 framkalla,
952 2393 60 29 äro
1035 2391 139 30 svårare
1196 2393 44 29 än
1264 2391 153 38 tidigare.

157 2440 75 29 Vad
257 2448 48 21 nu
331 2437 42 30 de
400 2436 169 31 särskilda
596 2437 196 38 punkterna
818 2435 179 36 beträffar,
1026 2445 74 20 som
1128 2435 175 31 motionen
1332 2434 211 37 framhåller,
1572 2434 38 31 så

114 2492 101 29 synes
232 2492 56 20 oss
306 2491 81 21 vara
405 2481 207 39 lämpligast,
630 2483 49 27 att
695 2481 66 29 den
779 2480 9 29 i
806 2480 112 39 punkt
932 2481 13 28 I
960 2479 64 30 och
1047 2480 8 29 2
1067 2479 215 31 omnämnda
1294 2479 262 38 registreringen
1568 2488 42 20 av
