1918 2840
305 206 18 28 2
468 204 116 29 Andra
618 203 200 29 kammarens
845 199 144 41 fjärde
1022 199 163 38 tWlljälliga
1208 198 131 29 utskotis
1373 197 163 29 utlåtande
1569 197 52 29 Nr
1655 196 28 30 9.

305 298 128 30 mindre
457 296 307 31 tillfredsställande
789 298 37 27 är
851 295 28 39 ej
908 296 102 37 ägnat
1035 295 54 28 att
1112 292 151 37 förvåna,
1291 292 61 29 och
1379 290 173 31 önskemål
1576 299 55 21 om
1657 290 140 37 ändring

304 351 204 30 härutinnan
529 351 91 29 hava
641 349 99 31 också
760 349 12 29 i
795 349 87 30 olika
903 347 244 37 sammanhang
1167 344 240 32 framkommit.
1430 345 80 29 Man
1531 344 62 29 har
1614 343 184 30 emellertid

306 405 177 37 anledning
503 404 169 37 förvänta,
696 405 53 28 att
770 412 47 20 nu
838 402 141 30 berörda
1001 400 164 39 spörsmål
1186 399 84 30 skall
1292 401 101 35 ägnas
1416 398 301 37 uppmärksamhet
1739 397 58 29 vid

306 459 64 29 den
390 457 180 38 utredning
589 457 141 29 rörande
752 456 376 38 statstjänstemännens
1148 453 154 37 rättsliga
1323 451 167 38 ställning,
1513 459 72 21 som
1606 450 103 38 enligt
1729 450 69 30 vad

306 511 262 39 socialstyrelsen
585 510 183 30 framhållit
785 510 85 29 skall
885 508 198 31 verkställas
1101 516 43 21 av
1162 508 40 28 de
1217 507 52 29 för
1285 505 180 37 utredning
1480 505 143 29 rörande
1639 504 157 29 förhand-

303 565 229 38 lingsordning
569 564 52 29 för
652 564 293 38 statstjänstemän
976 562 65 30 den
1073 563 40 28 10
1145 561 66 37 maj
1244 560 84 29 1935
1360 559 185 29 tillkallade
1577 557 218 38 sakkunniga.

304 620 68 29 Det
388 619 94 29 torde
497 618 89 38 ligga
600 618 12 29 i
628 619 108 36 öppen
753 617 74 37 dag,
845 618 53 28 att
912 616 11 29 i
939 615 166 30 samband
1121 614 137 29 därmed
1273 612 208 37 vederbörlig
1496 611 302 38 uppmärksamhet

305 672 108 30 måste
430 674 101 35 ägnas
549 672 128 38 jämväl
694 670 196 38 spörsmålet
908 678 54 21 om
979 668 188 38 tryggande
1184 676 43 21 av
1244 666 229 30 arbetsfreden
1489 665 12 29 i
1517 665 96 38 fråga
1630 673 54 21 om
1702 664 94 29 verk-

306 727 276 36 samhetsgrenar,
603 733 71 21 som
692 724 83 38 fylla
793 723 130 38 viktiga
941 721 228 38 samhälleliga
1186 720 204 30 funktioner.

349 780 113 29 Under
478 779 211 37 åberopande
706 786 43 21 av
766 778 57 29 det
839 777 140 30 anförda
993 776 53 29 får
1061 775 169 30 utskottet
1245 773 188 37 hemställa,

647 887 53 28 att
710 884 220 30 förevarande
941 883 130 30 motion
1081 882 73 30 icke
1166 881 107 30 måtte
1285 880 51 30 till
1346 879 112 38 någon
1469 879 106 30 andra
1586 878 212 30 kammarens

605 938 119 38 åtgärd
749 937 182 31 föranleda.

306 1046 195 31 Stockholm
524 1046 66 30 den
612 1046 40 30 15
676 1045 66 39 maj
768 1046 94 29 1936.

841 1150 49 31 På
911 1150 187 31 utskottets
1121 1150 138 36 vägnar:

906 1258 36 29 T.
968 1256 39 31 G.
1032 1263 33 24 v.
1091 1255 126 31 SETH.

353 1477 187 24 Närvarande:
561 1477 92 23 herrar
673 1482 48 17 von
741 1475 70 29 Seth,
833 1474 146 30 Landgren,
1001 1474 156 23 Andersson
1176 1473 8 23 i
1205 1472 153 30 Södergård
1377 1471 52 24 och
1447 1470 120 24 Jonsson
1587 1471 9 22 i
1617 1470 119 29 Haverö,
1755 1469 44 23 fru

305 1514 138 30 Nordgren
472 1514 74 22 samt
574 1513 92 22 herrar
693 1512 140 24 Petersson
862 1511 8 22 i
899 1510 175 30 Storgården,
1099 1508 147 24 Gustavson
1266 1508 9 23 i
1294 1507 138 29 Västerås,
1453 1506 136 30 Näslund,
1610 1505 119 24 Elmroth
1749 1504 51 24 och

307 1550 94 23 Olsson
421 1550 8 23 i
450 1549 254 29 Kullenbergstorp.
