2130 2657
664 220 288 35 Banko-Utskottets
978 223 160 34 Utlåtande
1160 226 65 32 N:o
1249 228 49 31 16.
1745 237 35 29 11

944 324 70 34 8:0.

677 409 56 31 att
764 406 181 37 rubriken
976 411 20 32 å
1023 408 396 51 bankoreglementets
1447 413 194 51 afdelning
1668 418 21 34 4
1718 420 60 33 må

576 453 151 38 komma
754 461 56 31 att
837 457 88 48 lyda
952 459 175 37 sålunda:

332 535 228 38 Nuvarande
589 539 186 47 lydelsen:

223 600 71 38 Om
336 605 229 48 styrelserna
606 607 62 36 vid
711 607 225 52 afdelnings-

171 652 188 38 kontoren
387 656 11 35 i
419 654 206 52 Göteborg,
645 658 150 47 Malmö,
820 660 118 38 Luleå

171 704 70 36 och
270 704 119 50 Visby
417 708 70 35 och
517 708 108 37 deras
654 711 234 48 åligganden.

1057 612 70 38 Om
1169 616 232 47 styrelserna
1442 618 62 37 vid
1547 619 228 52 afdelnings-

1006 664 187 37 kontoren
1215 667 11 34 i
1248 665 207 52 Göteborg,
1475 669 149 48 Malmö,
1644 672 129 46 Luleå,

1006 714 118 50 Visby
1153 718 61 35 och
1243 709 211 47 Östersund.

936 818 70 34 9:0.

669 903 55 31 att
761 896 18 48 $
817 884 44 52 59
896 914 111 24 mom.
1043 906 15 33 1
1090 904 11 35 i
1130 904 375 51 bankoreglementet
1533 913 59 33 må
1620 911 152 38 komma

568 953 56 31 att
652 949 88 47 lyda
768 951 178 37 sålunda:

326 1030 230 38 Nuvarande
585 1034 187 48 lydelsen:

214 1097 111 36 Mom.
357 1102 32 33 1.
444 1098 194 50 Styrelsen
673 1102 105 37 öfver
806 1104 126 37 hvart-

163 1147 91 37 dera
282 1148 395 51 afdelningskontoret
705 1153 11 36 i
737 1152 195 52 Göteborg

163 1199 69 35 och
274 1200 137 37 Malmö
448 1207 156 43 utgöres
641 1203 40 37 af
713 1204 81 50 fyra
827 1206 101 36 leda-

162 1257 122 29 möter
312 1252 69 35 och
403 1251 107 38 öfver
530 1254 202 37 hvartdera
752 1256 40 36 af
812 1257 116 36 afdel-

160 1302 302 47 ningskontoren
488 1305 11 34 i
519 1304 117 37 Luleå
657 1307 69 35 och
754 1307 116 50 Visby
892 1309 39 36 af

160 1358 57 30 tre
258 1353 221 46 ledamöter,
521 1356 127 36 hvilka
689 1358 84 45 alla,
807 1360 118 47 jemte

158 1404 133 47 nödigt
318 1406 102 35 antal
448 1408 258 47 suppleanter,
732 1408 58 37 för
810 1416 55 31 ett
885 1415 40 32 år

157 1455 11 34 i
197 1455 147 45 sender,
374 1456 96 37 efter
498 1458 225 37 kalenderår
751 1462 172 44 räknadt,

157 1511 102 31 utses
288 1506 40 37 af
342 1507 267 51 Fullmäktige,
630 1511 86 36 med
740 1513 185 48 rättighet

156 1556 59 36 för
233 1557 256 50 Fullmäktige
510 1566 55 31 att
586 1561 256 47 derförinnan,
864 1577 60 23 om

156 1608 71 36 och
256 1616 68 28 när
352 1610 47 36 de
428 1611 127 36 dertill
583 1612 100 36 finna
707 1614 216 49 anledning,

155 1660 192 48 entlediga
389 1674 45 23 en
476 1662 93 36 eller
604 1664 90 35 flere
732 1665 91 36 eller
851 1667 72 36 alla

153 1710 213 37 ledamöter
406 1712 10 36 i
459 1713 111 37 dessa
611 1716 196 48 styrelser:
851 1718 69 36 och

153 1761 144 37 skola
284 1757 24 62 i
336 1763 71 35 den
449 1765 92 35 eller
579 1765 45 36 de
662 1767 259 48 entledigades

151 1813 110 36 ställe
291 1827 122 23 annan
442 1816 91 35 eller
561 1817 117 36 andra
711 1818 210 37 ledamöter

150 1869 133 42 genast
310 1865 168 48 inväljas.

200 1914 120 46 Afgår
357 1917 107 47 eljest
500 1918 168 37 ledamot
696 1920 121 36 under
845 1921 74 36 den

150 1965 68 45 tid,
247 1966 59 35 för
335 1967 154 37 hvilken
519 1969 71 35 han
620 1977 40 28 är
688 1971 98 45 vald,
816 1978 102 30 utses

149 2029 50 35 ny
227 2017 168 37 ledamot
423 2025 55 30 att
515 2020 151 49 deltaga
694 2021 11 35 i
733 2023 185 47 styrelsen

149 2067 122 36 under
291 2068 72 36 den
383 2070 68 44 tid,
472 2083 79 23 som
572 2070 57 37 för
645 2072 71 35 den
732 2073 184 48 afgångne

149 2118 216 37 ledamoten
395 2124 186 34 återstått.
638 2123 72 35 Vid
732 2123 46 36 de
799 2125 117 49 årliga

146 2169 110 36 valen
293 2171 71 36 kan
402 2171 184 49 afgående
623 2173 168 38 ledamot
820 2179 96 33 åter-

144 2220 131 49 väljas.

1051 1106 194 49 Styrelsen
1280 1109 106 37 öfver
1420 1112 204 37 hvartdera
1653 1115 116 37 afdel-

1000 1158 291 48 ningskontoret
1306 1161 11 35 i
1334 1160 194 53 Göteborg
1543 1165 71 35 och
1629 1164 137 39 Malmö

998 1216 156 41 utgöres
1183 1210 40 36 af
1239 1211 82 50 fyra
1340 1213 210 38 ledamöter
1570 1217 70 35 och
1661 1217 106 38 öfver

997 1260 203 37 hvartdera
1241 1262 40 36 af
1312 1264 403 50 afdelningskontoren
1753 1271 9 34 i

996 1310 128 47 Luleå,
1162 1311 119 52 Visby
1319 1316 60 35 och
1412 1308 202 46 Östersund
1641 1319 39 36 af
1705 1325 57 32 tre

995 1363 208 37 ledamöter
1219 1370 70 31 etc.
1307 1362 261 49 (oförändradt
1584 1369 76 37 lika
1677 1372 85 36 med

994 1414 216 37 nuvarande
1240 1416 198 47 lydelsen).
