1919 2826
491 180 113 31 Första
617 180 219 38 lagutskottets
850 181 160 32 utlåtande
1024 193 37 20 nr
1073 183 40 31 31
1130 183 36 31 år
1201 182 65 32 1970
1604 192 17 27 5

134 263 113 26 centen
271 269 38 21 av
334 261 148 30 anmälda
504 262 86 30 brott
613 263 34 29 är
670 263 130 30 allmänt
821 263 86 30 känd
929 264 62 31 och
1013 274 91 29 synes
1126 266 75 30 med
1222 265 62 31 den
1305 266 181 39 tilltagande
1507 266 115 31 brotts-

134 312 137 40 ligheten
292 314 44 30 bli
358 319 43 26 ett
423 314 122 32 alltmer
567 316 152 40 allvarligt
739 317 154 39 problem.
915 318 64 30 För
1000 323 44 26 att
1063 317 69 32 lösa
1153 319 85 31 detta
1258 319 110 38 måste,
1390 320 97 31 slutar
1506 321 115 31 motio-

133 369 144 36 närerna,
300 368 60 31 alla
377 368 199 41 möjligheter
594 372 115 38 prövas
729 376 44 25 att
792 372 120 31 avlasta
929 373 123 38 polisen
1070 373 122 31 mindre
1210 373 223 33 kvalificerade
1451 375 169 40 uppgifter,

135 430 70 21 som
226 422 171 40 lämpligen
417 423 64 30 kan
501 424 120 31 utföras
643 434 38 21 av
703 425 98 31 andra
822 426 257 40 samhällsorgan.

730 591 295 38 Remissyttranden

181 675 159 32 Utskottet
364 677 58 31 har
445 678 155 31 inhämtat
623 681 166 37 yttranden
811 682 78 30 över
910 683 200 32 motionerna
1132 684 72 32 från
1226 686 309 38 rikspolisstyrelsen,
1560 689 62 36 sjö-

136 729 196 37 fartsverket,
350 732 348 39 generaltullstyrelsen,
718 735 301 37 överbefälhavaren
1038 738 61 31 och
1117 735 269 46 fiskeristyrelsen.

179 782 317 42 Rikspolisstyrelsen
528 787 160 39 avstyrker
718 788 89 31 bifall
836 790 45 30 till
911 791 200 31 motionerna
1141 793 116 30 medan
1287 790 337 48 generaltullstyrelsen

133 837 115 30 uttalar
277 838 46 39 sig
351 838 11 30 i
390 838 216 41 tillstyrkande
634 841 145 41 riktning.
808 843 274 41 Fiskeristyrelsen
1110 846 167 40 tillstyrker
1304 848 200 31 motionerna
1531 848 92 31 såvitt

132 890 97 39 gäller
250 891 237 41 fisketillsynen.
510 894 241 39 Sjöfartsverket
773 906 91 21 anser
884 897 111 40 frågan
1014 899 80 31 böra
1113 901 127 30 utredas
1261 903 154 30 närmare.
1437 901 185 32 Överbefäl-

133 944 139 32 havaren
292 946 168 39 tillstyrker
480 952 44 26 att
543 949 246 39 tullpersonalen
808 961 52 29 ges
880 951 120 32 sådana
1018 953 224 40 befogenheter
1261 959 44 27 att
1326 956 203 40 »ingripande
1549 957 74 40 (gri-

133 998 104 39 pande
260 1000 61 29 och
343 999 239 40 kvarhållande)
604 1003 64 30 kan
690 1003 86 32 ske».

181 1080 348 39 Generaltullstyrelsen
556 1084 182 31 framhåller
766 1086 79 31 efter
873 1096 39 21 en
938 1087 200 40 redogörelse
1165 1090 51 30 för
1243 1090 262 40 tullpersonalens
1532 1092 91 31 befo-

134 1133 149 39 genheter
308 1135 52 30 vid
388 1136 85 31 olika
499 1137 388 42 övervakningsuppgifter
913 1146 43 25 att
981 1151 44 21 nu
1050 1142 144 39 gällande
1218 1144 238 31 bestämmelser
1480 1146 140 37 innebär,

134 1191 45 27 att
203 1188 474 42 kustbevakningstjänstemans
702 1192 144 41 åtgärder
867 1194 53 31 vid
943 1196 163 40 uppdagat
1129 1197 85 31 brott
1236 1203 68 26 mot
1327 1198 39 31 de
1389 1199 231 41 författningar,

133 1251 71 21 vars
226 1242 193 33 efterlevnad
440 1244 65 31 han
525 1245 332 42 författningsmässigt
878 1248 97 40 ålagts
997 1254 44 26 att
1060 1250 80 31 tillse
1159 1270 46 4 —
1224 1252 61 31 och
1304 1252 51 31 för
1375 1252 105 32 vilken
1498 1255 123 39 uppgift

134 1295 62 31 han
218 1297 80 30 även
318 1297 123 32 erhållit
460 1298 185 42 erforderlig
663 1301 176 40 utbildning
856 1321 46 4 —
907 1291 18 56 i
949 1303 79 31 flera
1046 1304 56 30 fall
1121 1305 99 30 skulle
1239 1310 112 27 stanna
1367 1306 52 32 vid
1438 1308 111 31 enbart
1567 1318 54 21 an-

133 1350 106 30 mälan
263 1351 44 30 till
329 1352 276 41 polismyndighet,
630 1360 81 25 samt
734 1360 44 26 att
799 1356 147 40 påkallad
969 1358 176 40 utredning,
1168 1360 175 31 eventuella
1366 1360 255 41 tvångsåtgärder

136 1409 58 26 etc.
215 1405 100 31 skulle
335 1406 89 31 anstå
443 1407 61 32 tills
523 1408 159 39 polisman
699 1409 121 32 kunnat
838 1410 131 31 komma
987 1412 162 31 tillstädes.
1170 1413 65 31 Vid
1254 1414 105 30 behov
1378 1424 38 21 av
1436 1415 185 39 ingripande

134 1457 9 30 i
163 1459 105 38 Öppen
287 1458 48 40 sjö
355 1461 34 29 är
408 1469 40 21 en
467 1460 89 31 strikt
574 1461 198 41 tillämpning
790 1473 39 21 av
846 1474 39 20 en
903 1464 99 31 sådan
1019 1466 83 30 rutin
1118 1466 156 39 praktiskt
1292 1468 246 39 ogenomförbar
1555 1470 66 30 dels

131 1521 114 30 p.g.a.
271 1512 112 32 härvid
406 1514 261 39 uppkommande
690 1518 313 39 transportproblem,
1027 1519 66 31 dels
1115 1520 75 31 med
1208 1521 123 39 hänsyn
1351 1522 46 30 till
1417 1522 62 31 den
1500 1533 122 30 uppen-

132 1565 78 30 bara
228 1566 105 31 risken
351 1567 50 30 för
420 1572 44 26 att
481 1569 95 39 enligt
592 1569 234 41 lagstiftningen
844 1572 138 31 avsedda
998 1574 175 38 repressiva
1190 1574 144 39 åtgärder
1349 1576 100 30 skulle
1465 1577 65 30 helt
1547 1577 74 31 eller

132 1618 98 31 delvis
252 1620 224 40 omöjliggöras
497 1622 45 30 till
562 1622 79 40 följd
662 1633 39 21 av
722 1624 61 30 den
802 1624 200 33 misstänktes
1021 1626 197 40 möjligheter
1237 1632 45 27 att
1299 1629 100 30 under
1418 1630 203 31 mellantiden

133 1673 148 39 avlägsna
304 1675 47 38 sig
372 1674 71 31 från
464 1676 133 38 platsen.
621 1677 59 31 Att
701 1678 292 40 kustbevakningen
1014 1681 53 30 vid
1088 1681 214 41 övervakning
1322 1683 10 30 i
1351 1684 108 39 öppen
1480 1684 47 39 sjö
1549 1694 72 21 men

132 1726 97 31 också
252 1727 10 30 i
285 1727 207 39 havsbandet,
517 1729 42 40 på
581 1734 80 35 yttre
684 1730 118 39 fjärdar
824 1732 75 31 eller
920 1733 89 39 eljest
1030 1734 87 30 inom
1140 1735 77 39 glest
1239 1736 169 31 befolkade
1431 1737 191 32 kusttrakter

132 1779 10 30 i
166 1779 89 40 fråga
280 1790 54 21 om
359 1781 84 31 vissa
467 1783 390 42 övervakningsuppgifter
880 1786 57 30 har
961 1788 61 29 rätt
1046 1792 44 26 att
1111 1788 136 40 tillgripa
1271 1791 79 29 även
1373 1790 127 39 mycket
1522 1787 100 49 långt-

132 1833 119 40 gående
276 1834 258 41 tvångsåtgärder
557 1838 116 30 medan
695 1838 136 31 berörda
854 1839 189 40 tjänstemän
1066 1842 10 30 i
1099 1842 99 30 andra
1218 1842 56 31 fall
1296 1843 98 31 skulle
1415 1844 125 32 behöva
1562 1846 59 30 till-

132 1887 84 31 kalla
239 1889 81 39 polis
345 1890 51 30 för
420 1891 446 41 övervakningsuppgifternas
887 1894 133 32 lösande
1043 1896 34 30 är
1100 1896 95 39 enligt
1217 1897 166 39 styrelsens
1404 1899 127 39 mening
1552 1900 69 30 icke

132 1941 146 40 förenligt
299 1944 74 30 med
395 1948 43 27 ett
459 1945 158 30 rationellt
637 1946 198 40 utnyttjande
856 1957 39 21 av
916 1948 179 40 disponibla
1113 1950 380 41 övervakningsresurser.

178 1996 63 30 För
258 2001 44 25 att
318 1997 188 40 möjliggöra
523 2008 39 21 en
578 2000 144 30 rationell
738 2000 193 32 medverkan
946 2002 72 31 från
1033 2003 307 41 kustbevakningens
1356 2006 69 30 sida
1439 2007 79 30 även
1534 2007 86 30 inom

133 2049 39 31 de
194 2050 140 31 sektorer
356 2061 38 20 av
414 2051 314 42 sjöövervakningen,
750 2055 57 30 där
826 2055 267 40 befogenheterna
1113 2059 34 29 är
1166 2058 216 41 ofullständigt
1400 2061 144 38 angivna,
1564 2061 58 30 har

134 2104 52 30 det
204 2104 94 40 enligt
315 2105 151 39 styrelsen
483 2107 107 30 hittills
607 2108 81 30 varit
703 2109 194 40 nödvändigt
914 2114 44 26 att
974 2110 9 31 i
998 2111 166 39 praktiken
1180 2112 11 31 i
1206 2112 62 31 viss
1285 2113 215 41 utsträckning
1515 2114 106 31 bortse

133 2157 71 30 från
225 2158 39 30 de
286 2159 146 31 formella
453 2160 154 32 bristerna
626 2162 10 30 i
657 2162 62 30 vad
739 2172 90 21 avser
848 2163 276 40 befogenheterna.

179 2212 63 30 För
262 2217 45 26 att
327 2212 211 41 åvägabringa
558 2219 44 26 att
620 2215 456 42 kustbevakningspersonalen
1092 2223 137 27 utrustas
1248 2222 74 29 med
1341 2221 39 31 de
1397 2217 225 49 befogenheter

133 2274 70 21 som
226 2265 93 32 krävs
343 2266 51 30 för
417 2271 44 26 att
482 2268 433 41 övervakningsuppgifterna
938 2271 79 31 skall
1039 2272 108 31 kunna
1166 2273 150 40 fullgöras
1338 2274 42 40 på
1401 2279 44 26 ett
1465 2275 157 32 rationellt

134 2321 62 29 sätt
213 2320 133 31 föreslår
364 2321 150 39 styrelsen
532 2322 150 39 följande.

178 2392 66 30 Vid
270 2393 160 31 utövande
458 2403 38 21 av
523 2394 381 41 skyddsområdestillsyn,
929 2396 82 39 jakt-
1037 2398 61 30 och
1123 2399 196 39 fisketillsyn,
1346 2400 104 40 tillsyn
1474 2401 46 30 till
1545 2402 78 39 följd

134 2445 39 21 av
197 2436 93 40 lagen
314 2446 54 21 om
392 2437 327 33 kontinentalsockeln
743 2441 61 30 och
828 2440 104 40 tillsyn
954 2443 75 30 över
1053 2443 235 32 efterlevnaden
1311 2454 39 21 av
1372 2445 253 41 naturvårdslag-

134 2481 183 40 stiftningen
339 2482 59 30 bör
419 2482 51 31 för
491 2483 458 41 kustbevakningstjänsteman
970 2487 9 30 i
1000 2487 185 40 tillämpliga
1205 2489 87 30 delar
1312 2490 82 38 gälla
1418 2491 140 37 10—12,
1585 2492 38 30 14

134 2526 89 31 —16
247 2532 81 25 samt
356 2527 48 37 18,
434 2528 38 31 19
495 2529 60 30 och
579 2529 38 30 21
647 2529 37 37 $$
709 2530 313 38 polisinstruktionen
1044 2532 205 38 (1965:686).
