1868 2782
465 169 313 30 Bankoutskottets
799 168 179 30 utlåtande
997 177 43 19 nr
1059 168 40 28 24
1119 167 39 30 år
1178 166 84 30 1958
1601 165 15 30 1

798 369 58 39 Nr
883 369 50 40 24

337 473 184 30 Utlåtande
545 473 11 29 i
576 472 189 39 anledning
786 481 42 20 av
850 471 127 39 Kungl.
999 471 124 38 Maj:ts
1146 469 217 40 proposition
1386 469 80 29 med
1487 468 132 39 förslag

554 523 52 30 till
624 522 207 40 förordning
852 531 55 20 om
929 521 136 30 ändrad
1086 520 128 40 lydelse
1235 529 42 20 av
1298 520 19 29 8
1338 519 64 30 och
1427 519 39 29 16
1487 518 43 37 $$
1549 518 70 39 för-

558 573 193 40 ordningen
768 573 66 29 den
852 573 19 29 6
887 572 81 40 juni
985 572 85 30 1929
1089 572 61 34 (nr
1167 571 79 34 129)
1267 570 179 40 angående
1463 569 155 32 Svenska

556 623 447 40 skeppshypotekskassan.

160 727 13 29 I
198 736 43 20 en
263 727 68 29 den
355 727 16 29 7
398 735 94 20 mars
519 725 83 30 1958
626 725 217 39 dagtecknad
867 723 229 40 proposition,
1121 732 41 20 nr
1186 721 52 35 99,
1264 731 75 20 som
1363 721 181 30 hänvisats
1569 719 52 30 till

115 777 308 30 bankoutskottets
449 776 252 30 förberedande
727 775 272 39 handläggning,
1025 774 64 29 har
1114 773 125 39 Kungl.
1265 772 115 39 Maj:t,
1408 771 111 30 under
1544 770 78 30 åbe-

118 828 152 40 ropande
295 837 42 20 av
360 827 263 40 propositionen
645 826 138 39 bilagda
808 826 125 38 utdrag
958 834 42 21 av
1025 822 382 41 statsrådsprotokollet
1432 823 80 29 över
1536 822 85 29 han-

115 879 229 30 delsärenden
368 878 55 30 för
448 887 135 21 samma
607 878 77 38 dag,
709 876 179 39 föreslagit
912 876 189 38 riksdagen
1124 876 127 37 antaga
1275 874 57 29 vid
1357 873 263 39 propositionen

115 929 96 40 fogat
230 929 130 39 förslag
379 929 53 29 till
452 928 207 39 förordning
679 936 58 21 om
757 927 133 29 ändrad
911 926 130 39 lydelse
1061 935 41 20 av
1122 925 19 30 8
1161 925 65 29 och
1248 925 38 29 16
1309 924 36 36 $$
1367 923 252 39 förordningen

114 980 68 29 den
204 980 18 29 6
244 979 78 40 juni
346 978 84 31 1929
457 979 59 33 (nr
540 978 77 35 129)
645 977 178 40 angående
847 977 154 29 Svenska
1025 975 444 40 skeppshypotekskassan.

161 1049 13 29 I
192 1046 263 41 propositionen
473 1045 148 31 föreslås
638 1044 233 40 upphävande
890 1053 42 20 av
948 1043 271 30 bestämmelsen
1237 1044 50 28 att
1305 1042 156 30 Svenska
1479 1041 144 39 skepps-

117 1097 304 40 hypotekskassan
439 1097 58 29 vid
515 1095 217 41 prövningen
753 1103 42 22 av
813 1094 320 38 låneansökningar
1150 1093 12 29 i
1181 1092 191 30 allmänhet
1392 1091 90 30 skall
1502 1091 118 30 lämna

119 1148 174 30 företräde
313 1147 35 30 åt
368 1146 117 40 fartyg
505 1155 74 21 som
600 1147 38 28 är
657 1146 104 39 byggt
780 1145 12 29 i
812 1144 147 39 Sverige.
980 1143 183 39 Härjämte
1184 1142 210 39 framlägges
1415 1142 131 38 förslag
1566 1150 57 20 om

119 1198 126 40 vidgad
266 1197 208 40 befogenhet
496 1196 55 31 för
573 1197 130 29 kassan
725 1197 51 29 att
797 1195 109 30 kräva
928 1193 335 40 försäkringsskydd
1284 1193 58 29 vid
1364 1192 170 40 utlåning.

160 1265 153 31 Berörda
331 1264 189 40 lagförslag
539 1265 38 29 är
595 1273 42 20 av
656 1262 157 40 följande
832 1262 130 40 lydelse

794 1408 146 44 Förslag

847 1471 53 30 till

145 1546 207 44 förordning
377 1557 61 22 om
464 1544 134 34 ändrad
622 1543 129 44 lydelse
773 1554 44 22 av
839 1543 22 33 8
883 1542 68 34 och
973 1541 44 33 16
1040 1540 48 44 88
1108 1540 252 44 förordningen
1381 1540 68 34 den
1470 1539 22 33 6
1512 1539 82 44 juni

303 1605 89 34 1929
416 1603 63 44 (nr
501 1602 84 44 129)
609 1602 182 44 angående
813 1601 157 33 Svenska
993 1599 432 44 skeppshypotekskassan

168 1702 154 31 Härmed
339 1701 199 34 förordnas,
554 1702 50 28 att
622 1700 19 30 8
658 1700 65 29 och
743 1699 38 30 16
801 1698 37 38 $$
858 1698 253 39 förordningen
1128 1698 67 30 den
1214 1697 18 30 6
1248 1696 79 40 juni
1341 1696 90 40 1929
1449 1696 178 39 angående

123 1745 155 29 Svenska
300 1742 450 41 skeppshypotekskassan!
773 1741 98 30 skola
893 1740 133 31 erhålla
1047 1739 133 31 ändrad
1201 1739 130 39 lydelse
1353 1738 45 38 på
1420 1739 68 30 sätt
1510 1738 114 30 nedan

122 1787 152 40 angives.

303 1860 227 36 (Nuvarande
550 1859 147 41 lydelse)
1080 1856 225 39 (Föreslagen
1325 1855 147 40 lydelse)

840 1907 68 37 88.

168 1962 136 30 Kassan
339 1962 81 38 äger
453 1959 129 40 bevilja
616 1959 59 30 lån
708 1958 147 30 allenast
942 1957 137 29 Kassan
1114 1957 80 38 äger
1227 1954 128 40 bevilja
1389 1955 59 29 lån
1482 1955 147 29 allenast

124 2006 73 28 mot
221 2003 162 30 säkerhet
406 2012 42 20 av
470 2001 204 39 inteckning
695 2001 12 29 i
730 2001 126 38 fartyg,
898 2000 73 28 mot
996 1998 162 30 säkerhet
1180 2006 42 21 av
1244 1997 203 39 inteckning
1469 1996 11 30 i
1503 1996 127 40 fartyg,

124 2055 75 21 som
224 2047 38 28 är
285 2044 265 32 maskindrivet.
898 2049 75 21 som
998 2041 38 29 är
1059 2039 263 32 maskindrivet.

172 2087 65 31 Vid
263 2087 173 40 prövning
463 2095 43 20 av
533 2084 240 39 ansökningar
799 2092 56 20 om

125 2130 57 30 lån
207 2129 92 30 skall
321 2129 11 29 i
356 2128 193 30 allmänhet
572 2127 176 39 företräde
773 2125 84 30 läm-

124 2180 64 21 nas
207 2172 35 29 åt
259 2171 127 39 fartyg,
404 2179 76 21 som
500 2170 39 29 är
558 2169 103 39 byggt
680 2167 11 30 i
707 2166 149 40 Sverige.

832 2241 15 36 8
871 2241 49 29 16.

172 2296 163 38 Fartyget
369 2293 89 30 skall
491 2302 83 20 vara
607 2293 10 28 i
652 2292 53 29 sin
738 2291 117 29 helhet
945 2290 163 38 Fartyget
1141 2288 89 30 skall
1263 2297 82 20 vara
1380 2288 9 29 i
1424 2288 53 29 sin
1510 2288 117 29 helhet

124 2336 291 30 kaskoförsäkrat
436 2336 73 28 mot
527 2334 94 29 såväl
640 2332 216 30 totalförlust
896 2331 287 29 kaskoförsäkrat
1204 2332 72 27 mot
1297 2329 95 29 såväl
1415 2329 214 29 totalförlust

126 2388 75 20 som
228 2377 137 40 partiell
394 2377 110 29 skada
532 2376 65 29 och
624 2375 150 29 kostnad
804 2374 51 28 till
898 2382 75 19 som
1002 2372 136 39 partiell
1169 2372 109 29 skada
1306 2371 64 29 och
1402 2371 148 29 kostnad
1583 2371 48 28 till

156 2440 7 13 1
184 2440 106 21 Senaste
310 2438 98 28 lydelse
428 2443 35 17 av
487 2435 26 23 16
529 2436 21 27 8,
569 2442 27 17 ve
618 2433 69 25 1944:
700 2435 55 21 209.

156 2487 8 25 1
211 2486 110 29 Bihang
335 2485 46 23 till
393 2484 168 30 riksdagens
574 2483 147 31 protokoll
736 2483 99 24 1958.8
848 2481 84 24 saml.
951 2485 37 22 Nr
1008 2483 31 24 24
