1918 2828
103 2245 136 33 Itskottet.

273 140 18 28 2
734 139 247 27 Statsutskottets
1004 139 159 27 utlåtande
1184 139 43 27 Nr
1247 140 48 26 43.

295 215 29 29 9.
362 215 218 40 Förbättring
605 225 42 21 av
670 215 407 32 bostadsförhållandena
1101 217 58 30 vid
1183 217 154 30 Svenska
1362 216 67 30 Hö-

361 276 123 31 garnas
504 269 157 39 fyrplats,
683 270 216 30 Stockholms
920 273 86 36 yttre
1026 269 167 40 skärgård
1221 294 205 6 ..........
1456 271 128 29 kronor
1632 271 41 30 23
1687 271 73 29 900.

275 324 48 29 10.
362 324 219 39 Förbättring
603 334 42 20 av
667 324 407 32 bostadsförhållandena
1097 326 57 29 vid
1178 325 148 31 Gökalvs
1349 326 79 30 lots-

360 374 98 39 plats,
481 375 288 38 Blekingekuslen.
793 399 5 5 :
820 399 5 5 «
843 370 26 48 s.:
888 399 49 5 «se
953 399 49 5 sås
1019 399 50 5 mss
1085 399 29 5 sd
1157 399 46 5 ser
1253 399 37 5 ER
1349 399 74 6 rr
1513 387 12 14 »
1631 377 39 28 27
1687 376 73 29 000.

275 430 48 29 11.
362 430 218 39 Förbättring
615 440 42 21 av
690 431 406 31 bostadsförhållandena
1131 432 58 31 vid
1224 432 101 31 Hållö
1360 432 68 39 fyr-

359 481 98 39 plats,
482 481 243 31 Bohuskusten
748 506 674 7 ..ossseeeeeseerereerere
1240 477 31 49 rr
1282 477 35 49 rr
1328 477 32 49 rr
1371 477 53 49 rea
1513 495 11 14 »
1630 485 41 28 22
1686 484 73 29 000.

274 537 48 28 12.
359 536 240 31 Anskaffande
621 547 42 21 av
684 538 183 39 tjänstebåt
889 538 54 31 för
963 539 225 30 Stockvikens
1210 539 155 39 lotsplats
1394 562 28 6 ..
1512 549 12 15 »
1633 539 39 29 13
1686 538 73 30 000.

1288 611 143 30 Summa
1454 591 129 50 kronor
1608 611 63 30 392
1687 611 72 29 700.

317 704 12 29 I
356 703 169 31 samband
549 705 80 29 med
655 704 120 38 Kungl.
803 705 117 38 Maj:ts
946 704 227 31 förevarande
1199 705 128 39 förslag
1351 706 64 30 har
1440 707 164 29 utskottet
1630 707 50 29 till
1704 706 54 29 be-

271 758 167 40 handling
461 759 153 31 förehaft

315 813 72 30 dels
411 813 55 30 två
490 814 223 38 likalydande
735 814 179 36 motioner,
939 816 122 29 väckta
1085 815 67 30 den
1176 825 73 26 ena,
1274 825 40 20 nr
1337 817 52 34 67,
1414 816 95 30 inom
1532 815 109 31 första
1664 816 95 29 kam-

272 874 119 21 maren
413 875 42 20 av
478 866 78 30 herr
579 866 37 30 A.
641 866 147 39 Heiding
811 876 45 21 m.
880 867 37 30 fl.
942 868 64 29 och
1029 868 66 29 den
1119 868 109 30 andra
1251 877 40 21 nr
1315 869 74 35 205,
1413 868 96 30 inom
1531 868 109 30 andra
1664 869 95 28 kam-

271 929 120 21 maren
410 930 41 20 av
468 921 79 30 herr
564 921 38 31 E.
622 922 149 29 Jonsson
791 922 9 29 i
819 921 226 39 Mörbylånga
1063 931 45 20 m.
1129 921 47 36 fl.,
1196 922 71 30 vari
1286 922 202 35 hemställts,
1508 925 49 26 att
1575 922 185 38 riksdagen

271 972 106 32 måtte
398 974 9 29 i
428 974 162 30 skrivelse
609 974 51 30 till
680 975 120 38 Kungl.
822 975 99 39 Maj:t
941 975 139 30 anhålla
1100 985 58 20 om
1178 976 182 39 utredning
1380 976 64 30 och
1464 976 130 39 förslag
1613 976 147 30 rörande

271 1025 120 38 anslag
414 1034 42 21 av
480 1026 198 30 statsmedel
702 1026 49 30 till
775 1025 237 40 fyrbelysning
1036 1028 9 29 i
1070 1026 226 38 segelrännan
1321 1027 146 30 emellan
1492 1027 268 38 Färjestaden—

272 1079 153 37 Kalmar;

315 1133 71 30 dels
410 1133 56 31 två
489 1134 223 39 likalydande
735 1135 178 35 motioner,
937 1136 122 29 väckta
1083 1136 66 29 den
1174 1145 73 26 ena,
1274 1145 40 21 nr
1337 1137 51 34 68,
1413 1136 94 30 inom
1531 1136 109 30 första
1663 1137 96 29 kam-

270 1194 119 20 maren
407 1195 41 20 av
465 1186 78 29 herr
562 1185 35 30 G.
617 1186 112 31 Sanne
746 1196 44 20 m.
809 1186 36 30 fl.
864 1187 65 29 och
947 1187 65 30 den
1030 1187 119 35 andra,
1168 1196 40 20 nr
1226 1188 73 35 201,
1317 1187 95 29 inom
1429 1187 109 30 andra
1555 1188 204 29 kammaren

271 1249 39 21 av
334 1241 79 29 herr
435 1241 36 30 F.
495 1241 162 30 Hansson
682 1241 10 29 i
715 1242 100 29 Hönö
838 1251 45 20 m.
906 1241 47 36 flL.,
977 1242 71 30 vari
1071 1243 203 35 hemställts,
1298 1245 49 27 att
1369 1242 184 40 riksdagen
1575 1243 107 30 måtte
1704 1243 55 29 be-

271 1294 98 35 sluta,
385 1297 50 27 att
450 1304 39 20 en
507 1293 184 40 agafyrbåt
707 1295 86 29 skall
810 1294 185 39 anbringas
1011 1295 57 30 vid
1085 1295 233 31 Grisbådarna
1323 1289 16 49 i
1361 1296 111 30 stället
1488 1296 54 30 för
1559 1295 201 31 nuvarande

270 1345 65 38 lys-
361 1346 64 29 och
451 1345 133 39 ljudboj
610 1347 65 29 och
702 1346 111 30 denna
838 1345 174 39 förflyttas
1038 1347 51 29 till
1113 1347 68 30 viss
1206 1347 88 39 plats
1320 1347 58 30 vid
1404 1347 355 35 Paternosterskären,

271 1403 88 27 samt
383 1400 119 30 härför
526 1400 127 39 bevilja
678 1400 221 39 erforderliga
924 1401 120 36 medel,
1071 1401 200 39 förslagsvis
1296 1403 42 29 50
1351 1403 64 30 000
1439 1403 141 35 kronor;

315 1453 71 30 dels
410 1463 41 20 en
476 1454 93 30 inom
593 1454 108 30 första
726 1455 203 29 kammaren
952 1464 41 20 av
1015 1455 119 29 herrar
1162 1456 34 29 G.
1222 1455 179 39 Ehrnberg
1424 1456 65 30 och
1512 1456 39 32 N.
1577 1456 182 39 Swartling

271 1507 101 30 väckt
395 1507 140 35 motion,
560 1517 41 20 nr
627 1509 71 34 141,
723 1508 70 29 vari
816 1507 202 36 hemställts,
1043 1510 49 27 att
1115 1507 184 40 riksdagen
1322 1508 79 31 ville
1424 1509 57 30 vid
1503 1509 256 38 behandlingen

270 1569 42 21 av
333 1560 153 38 anslaget
507 1561 109 30 under
637 1561 115 30 tionde
772 1561 228 36 huvudtiteln,
1021 1562 111 38 punkt
1154 1562 38 29 D.
1217 1562 128 38 Sjöfart
1367 1563 65 29 och
1452 1563 137 36 handel,
1611 1564 29 29 4.
1664 1563 94 30 Lots-

271 1614 129 29 verket:
426 1614 348 30 Säkerhetsanstalter
799 1615 54 29 för
877 1614 176 38 sjöfarten,
1078 1615 126 38 bevilja
1230 1618 45 27 ett
1300 1616 119 39 anslag
1443 1615 20 31 å
1488 1617 41 30 80
1543 1617 64 30 000
1631 1617 128 30 kronor

270 1670 49 27 att
358 1668 9 29 i
408 1667 149 39 enlighet
597 1668 81 30 med
718 1669 256 38 lotsstyrelsens
1014 1669 133 38 förslag
1187 1668 82 39 utgå
1309 1669 52 30 till
1400 1670 299 39 mistsignalering
1740 1670 20 30 Åå

271 1721 111 35 Hanö,
406 1721 79 29 eller
508 1724 58 32 att,
591 1721 115 30 därest
728 1721 184 39 riksdagen
935 1722 29 38 ej
989 1721 57 30 vill
1070 1722 118 29 lämna
1212 1722 55 30 sitt
1290 1722 99 30 bifall
1412 1723 126 36 härtill,
1563 1723 10 30 i
1597 1723 163 30 skrivelse

270 1774 50 30 till
343 1774 122 39 Kungl.
489 1775 99 38 Maj:t
611 1774 139 30 anhålla
772 1785 57 20 om
853 1775 128 38 förslag
1003 1778 135 27 snarast
1159 1775 133 39 möjligt
1315 1776 51 30 till
1388 1777 152 29 nämnda
1563 1776 122 40 åtgärd
1706 1776 54 31 för

269 1827 152 39 höjande
442 1838 41 20 av
508 1828 217 38 sjöfarandes
749 1829 157 30 säkerhet
930 1829 9 29 i
963 1829 247 35 Hanöbukten;

314 1881 72 30 dels
413 1883 64 29 ock
504 1892 41 20 en
572 1882 97 30 inom
696 1883 107 29 andra
830 1883 203 30 kammaren
1059 1892 42 20 av
1127 1883 79 30 herr
1232 1883 37 30 E.
1298 1883 164 39 Hällgren
1488 1884 101 29 väckt
1616 1884 142 35 motion,

270 1942 40 20 nr
330 1934 75 35 433,
427 1934 72 29 vari
519 1934 204 36 hemställts,
744 1937 49 27 att
813 1934 183 39 riksdagen
1017 1935 10 30 i
1049 1934 163 30 skrivelse
1233 1934 50 29 till
1306 1933 122 39 Kungl.
1451 1934 100 39 Maj:t
1572 1933 106 31 måtte
1700 1943 58 21 an-

270 1986 92 31 hålla
394 1998 56 20 om
480 1988 259 39 undersökning
768 1989 147 30 rörande
944 1989 280 39 fyrpersonalens
1253 1988 396 39 bostadsförhållanden,
1681 1989 79 30 med

270 2041 89 38 syfte
378 2045 48 27 att
446 2042 125 30 bereda
591 2043 153 29 nämnda
763 2042 341 39 befattningshavare
1124 2053 42 20 en
1186 2044 110 29 bättre
1315 2044 319 30 bostadsstandard.

315 2095 12 29 I
350 2094 98 39 fråga
469 2105 56 20 om
546 2096 42 29 de
610 2096 85 35 skäl,
718 2105 73 21 som
812 2095 255 31 motionärerna
1089 2096 116 30 anfört
1226 2096 51 30 till
1298 2098 77 29 stöd
1396 2096 53 30 för
1471 2097 75 30 sina
1568 2096 190 39 yrkanden,

271 2147 52 31 får
343 2149 164 30 utskottet
525 2149 147 30 hänvisa
690 2149 50 30 till
759 2149 215 31 motionerna
994 2150 26 29 I:
1036 2151 51 34 67,
1109 2151 27 29 I:
1151 2151 51 35 68,
1223 2150 27 29 I:
1269 2151 57 29 141
1347 2151 65 29 och
1431 2151 44 29 II:
1491 2151 73 30 433.

314 2246 49 30 Av
390 2245 373 41 statsrådsprotokollet
789 2247 163 39 framgår,
981 2251 48 41 att
1055 2247 124 39 frågan
1206 2258 57 20 om
1289 2247 207 40 förbättring
1523 2258 41 21 av
1592 2248 167 39 fyrbelys-

271 2300 126 39 ningen
424 2301 9 29 i
461 2301 250 30 Kalmarsunds
738 2301 196 39 djupränna
961 2303 37 28 är
1023 2301 147 31 föremål
1197 2302 54 30 för
1278 2302 123 39 Kungl.
1429 2303 117 38 Maj:ts
1572 2303 187 39 uppmärk-

271 2353 143 36 samhet,
437 2354 107 30 ehuru
566 2354 113 30 medel
700 2354 75 30 icke
795 2355 186 30 beräknats
1002 2354 54 31 för
1078 2354 199 30 ändamålet
1299 2354 54 30 för
1375 2356 99 29 nästa
1495 2354 178 39 budgetår.
1708 2353 52 31 Då

269 2408 165 29 utskottet
455 2407 99 39 utgår
575 2407 81 31 från
678 2411 49 27 att
754 2408 3 30 i
778 2409 171 29 samband
968 2409 79 30 med
1069 2409 114 30 denna
1205 2409 265 38 angelägenhets
1492 2409 179 30 ordnande
1694 2409 65 29 den

271 2460 9 29 i
306 2459 215 31 motionerna
548 2461 82 30 1:67
658 2461 64 29 och
749 2461 43 29 II:
808 2462 62 29 205
897 2461 145 30 berörda
1068 2460 124 40 frågan
1218 2471 57 20 om
1302 2461 193 31 förbättrad
1521 2461 238 39 fyrbelysning
