1888 2804
517 133 415 29 Konstitutionsutskottets
953 132 159 29 memorial
1132 132 48 28 Nr
1200 135 47 26 19.
1596 130 39 30 35

128 219 151 32 boställe.
325 218 125 33 Genom
471 219 138 32 berörda
630 219 109 32 beslut
761 218 210 32 fastställdes
994 230 38 20 en
1055 230 41 20 av
1118 218 266 37 skogsstyrelsen
1406 218 160 32 utfärdad
1588 230 44 19 re-

130 261 153 38 solution,
312 261 194 38 varigenom
534 260 228 38 förordnades,
792 260 99 32 bland
920 264 110 34 annat,
1060 263 50 28 att
1138 259 415 38 skogshushållningsplan
1582 259 51 31 för

129 303 156 33 bostället
309 303 109 32 skulle
441 315 42 19 av
507 303 243 31 vederbörande
777 302 303 38 skogstjänsteman
1106 302 11 30 i
1141 302 117 37 vanlig
1282 301 141 37 ordning
1445 304 188 34 upprättas.

129 345 128 33 Tillika
279 345 194 32 förklarade
495 345 53 38 sig
571 345 127 38 Kungl.
721 344 101 38 Maj:t
844 344 73 32 icke
941 344 94 32 finna
1058 343 74 32 skäl
1153 347 50 28 att
1225 344 90 31 fästa
1338 343 158 32 avseende
1517 342 56 32 vid
1595 354 38 20 en

129 399 42 20 av
193 387 274 38 pastoratsborna
488 388 12 31 i
522 387 101 32 målet
644 387 96 38 gjord
764 386 168 39 anhållan,
955 389 49 29 att
1027 386 128 38 Kungl.
1178 385 100 39 Maj:t
1302 385 106 32 skulle
1429 388 81 35 taga
1531 384 104 32 under

129 430 242 39 övervägande,
388 442 50 20 om
455 430 59 32 och
531 430 43 38 på
589 430 65 31 vad
670 429 125 32 villkor
810 428 272 39 pastoratsborna
1099 428 111 32 kunde
1225 428 129 32 tillåtas
1372 428 172 37 disponera
1558 432 76 26 över

128 473 204 32 hemmanets
354 472 94 38 skog.
492 473 18 30 TI
530 472 136 33 ärendet
687 472 84 31 hade
791 472 158 37 yttrande
970 471 146 38 avgivits
1139 483 41 19 av
1200 469 344 38 kammarkollegium,
1567 480 66 20 som

130 514 200 39 framhållit,
354 518 50 28 att
429 515 54 31 det
505 514 73 32 icke
601 514 107 32 visats
732 514 80 32 eller
836 525 56 20 ens
916 513 185 38 uppgivits,
1127 516 50 28 att
1201 512 104 37 Bergs
1329 511 227 38 pastoratsbor
1578 510 55 31 vid

130 557 204 31 hemmanets
359 556 206 38 upplåtande
590 556 54 32 till
668 555 390 32 komministersboställe
1084 554 194 32 förbehållit
1305 554 51 37 sig
1381 557 49 28 att
1457 552 177 32 framdeles

131 598 108 38 själva
264 599 37 32 få
325 599 174 37 disponera
523 598 148 38 däröver,
697 602 85 28 samt
805 601 50 28 att
879 597 185 32 hemmanet
1087 596 117 32 därför
1227 599 112 34 syntes
1361 595 78 32 böra
1463 594 171 32 betraktas

131 641 108 32 såsom
269 644 47 29 ett
344 641 141 38 vanligt,
515 641 35 31 åt
578 640 325 32 ecklesiastikstaten
933 639 161 38 anslaget,
1122 638 105 32 under
1255 638 122 31 allmän
1404 637 143 31 kontroll
1576 636 58 32 och

129 682 120 38 tillsyn
270 683 95 32 ställt
385 683 150 31 boställe.

176 723 109 33 Sedan
310 724 317 38 hushållningsplan
651 729 193 33 upprättats
870 725 54 32 för
949 725 172 33 boställets
1147 726 84 38 skog
1253 727 225 32 underställde
1505 728 129 31 domän-

131 767 166 36 styrelsen
320 767 123 38 frågan
469 779 50 20 om
544 767 239 38 dispositionen
808 779 41 20 av
875 767 346 39 skogsavkastningen
1247 769 127 38 Kungl.
1398 769 117 37 Maj:ts
1541 774 93 32 pröv-

130 809 92 38 ning.
272 809 59 32 Uti
357 809 169 32 infordrat
552 809 224 39 underdånigt
803 810 174 32 utlåtande
1003 810 135 38 yttrade
1164 810 344 39 kammarkollegium,
1535 811 100 32 bland

130 854 112 36 annat,
263 851 160 38 följande.
465 851 274 39 Prästerskapets
760 852 343 39 löneregleringsfond
1124 853 59 32 och
1203 853 38 32 de
1261 853 232 32 ecklesiastika
1515 853 120 32 bostäl-

130 893 92 32 lenas
242 893 186 39 skogsfond
447 894 85 38 ägde
552 894 104 39 enligt
675 894 138 39 kollegii
832 894 222 39 uppfattning
1073 895 73 32 icke
1167 899 67 28 rätt
1253 896 54 31 till
1325 896 108 37 någon
1454 896 50 32 del
1524 908 40 19 av
1583 895 52 32 bo-

132 936 130 32 ställets
291 936 318 39 skogsavkastning.
658 936 160 32 Däremot
847 941 113 34 syntes
989 937 53 32 det
1068 937 113 32 kunna
1208 938 233 37 ifrågasättas,
1470 938 164 31 huruvida

130 977 72 32 icke
224 978 76 32 hela
323 978 155 32 behållna
501 978 244 38 avkastningen
767 991 42 19 av
831 978 173 32 boställets
1029 979 83 38 skog
1135 979 100 32 borde
1257 979 184 32 tillkomma
1464 980 170 31 kommini-

132 1023 90 28 stern
245 1021 12 31 i
281 1020 124 38 Rätan,
431 1021 34 31 åt
490 1020 113 32 vilken
626 1020 156 32 bostället
807 1020 98 32 blivit
929 1020 127 39 inköpt,
1081 1021 60 32 och
1166 1033 67 19 som
1259 1021 105 31 under
1386 1033 37 20 en
1448 1021 79 38 lång
1551 1021 84 37 följd

131 1073 41 20 av
197 1062 38 31 år
258 1061 154 33 innehaft
437 1062 60 32 och
523 1062 212 32 fortfarande
758 1062 162 32 innehade
945 1062 193 33 detsamma.
1184 1063 55 31 Då
1262 1063 181 32 emellertid
1468 1075 38 19 en
1532 1063 103 31 sådan

131 1103 132 32 förmån
286 1104 54 32 för
362 1103 150 33 bemälde
533 1103 231 33 komminister
787 1104 108 32 skulle
917 1104 151 33 medföra
1091 1108 47 29 ett
1161 1104 187 39 betänkligt
1372 1105 262 32 missförhållan-

132 1145 39 32 de
189 1145 122 33 mellan
331 1149 193 35 prästernas
543 1147 12 31 i
575 1149 185 35 pastoratet
780 1146 252 38 löneförmåner,
1054 1147 103 32 under
1177 1147 53 32 det
1252 1147 19 31 å
1290 1147 102 32 andra
1413 1147 94 31 sidan
1527 1151 108 33 pasto-

132 1187 184 39 ratsborna,
339 1200 52 20 om
413 1193 41 27 än
477 1188 72 32 icke
571 1187 209 39 berättigade
802 1192 50 28 att
875 1188 108 38 själva
1005 1189 37 31 få
1063 1188 152 38 uppbära
1237 1189 109 38 någon
1368 1189 51 31 del
1440 1201 42 19 av
1503 1189 131 37 försälj-

130 1229 230 38 ningsmedlen
384 1230 54 32 för
458 1230 173 32 boställets
654 1230 93 38 skog,
770 1230 107 32 likväl
898 1231 72 31 med
992 1230 59 39 fog
1071 1230 111 32 kunde
1203 1231 141 37 påyrka,
1366 1235 49 28 att
1436 1231 65 31 vad
1522 1243 41 19 av
1584 1230 50 32 be-

132 1272 99 33 rörda
256 1272 329 39 försäljningsmedel
609 1272 73 33 icke
706 1272 219 33 tillerkändes
950 1272 287 33 boställshavaren
1264 1273 166 31 användes
1455 1273 54 32 till
1536 1273 100 31 främ-

130 1314 99 37 jJande
249 1326 41 21 av
310 1314 166 39 ändamål,
497 1327 68 19 som
586 1315 123 38 avsåge
729 1315 39 32 de
785 1314 163 39 kyrkliga
968 1315 254 32 förhållandena
1241 1315 11 31 i
1274 1315 179 32 allmänhet
1472 1315 87 31 inom
1580 1326 55 26 pa-

132 1359 149 36 storatet,
304 1357 125 39 ansåge
451 1356 183 39 kollegium
658 1357 53 32 det
731 1369 84 20 vara
835 1357 74 32 med
931 1357 153 38 billighet
1107 1357 60 32 och
1189 1357 289 38 pastoratsbornas
1501 1357 134 32 berätti-

131 1399 86 38 gade
237 1399 148 39 anspråk
404 1403 84 28 mest
508 1399 171 39 förenligt,
698 1403 51 28 att
769 1399 117 33 endast
906 1399 130 32 hälften
1058 1411 40 20 av
1120 1400 60 32 den
1200 1399 155 33 behållna
1376 1399 109 38 årliga
1504 1399 131 32 avkast-

131 1441 122 39 ningen
271 1454 42 20 av
333 1442 174 32 boställets
526 1442 92 39 skog,
638 1454 68 20 som
725 1441 73 33 icke
817 1442 142 38 åtnjötes
978 1454 42 20 av
1037 1441 297 38 boställshavaren,
1354 1442 187 31 fördelades
1560 1441 75 32 mel-

132 1483 56 32 lan
204 1487 204 34 pastoratets
428 1483 157 39 samtliga
602 1487 142 35 präster,
763 1487 86 29 samt
866 1487 50 29 att
935 1484 60 32 den
1012 1484 104 31 andra
1136 1484 130 31 hälften
1285 1484 100 37 jämte
1405 1484 60 31 den
1483 1483 153 31 behållna

132 1525 245 39 avkastningen
398 1538 41 19 av
459 1526 62 32 den
540 1530 94 28 extra
655 1525 249 38 avverkningen
923 1529 147 28 avsattes
1089 1526 54 31 till
1164 1538 38 19 en
1224 1526 80 31 fond
1325 1529 48 28 att
1394 1525 169 32 användas
1584 1525 53 31 för

131 1568 163 38 kyrkliga
324 1568 156 32 ändamål
508 1568 88 32 inom
624 1571 197 35 pastoratet.
872 1568 18 31 I
920 1567 326 32 överensstämmelse
1275 1567 134 32 härmed
1440 1567 195 32 hemställde

131 1609 199 39 kollegium:

176 1655 51 29 att
247 1653 58 31 två
324 1664 42 20 av
387 1652 38 32 de
445 1652 106 39 block,
573 1652 73 31 vari
665 1651 263 39 ifrågavarande
949 1651 83 38 skog
1050 1663 78 20 vore
1148 1651 142 37 indelad,
1314 1650 106 32 skulle
1443 1650 116 32 ställas
1579 1662 56 19 un-

132 1694 58 32 der
211 1694 230 39 skogsstatens
465 1693 208 33 omedelbara
692 1694 84 32 vård
797 1694 60 32 och
879 1693 222 38 förvaltning;

176 1740 50 29 att
248 1736 288 33 boställshavaren
559 1736 108 32 skulle
688 1735 221 33 tillerkännas
931 1735 130 32 hälften
1087 1747 40 20 av
1150 1735 155 32 behållna
1330 1734 305 38 försäljningsmed-

132 1778 52 32 len
206 1778 55 32 för
281 1779 63 31 den
364 1778 170 39 reguljära
555 1777 361 38 virkesavkastningen
937 1778 77 30 från
1035 1777 188 32 återstoden
1245 1789 41 19 av
1309 1776 137 38 skogen;

177 1824 50 29 att
245 1821 95 31 såväl
359 1821 61 32 den
438 1821 104 33 andra
559 1820 132 32 hälften
710 1832 41 20 av
770 1819 141 32 berörda
927 1819 117 37 belopp
1066 1831 68 19 som
1154 1819 59 32 ock
1232 1819 153 31 behållna
1404 1818 231 37 försäljnings-

133 1863 128 32 medlen
277 1863 55 32 för
349 1863 61 32 den
425 1863 109 39 årliga
550 1862 171 39 reguljära
736 1861 244 39 avkastningen
996 1862 76 31 från
1090 1862 38 31 de
1144 1861 86 32 båda
1245 1860 106 38 block,
1368 1872 67 20 som
1453 1860 109 32 ställts
1579 1872 56 20 un-

133 1904 57 33 der
213 1905 223 39 skogsstaten,
461 1904 107 33 skulle
592 1904 146 32 fördelas
763 1905 44 37 på
830 1904 54 32 det
910 1907 77 33 sätt,
1011 1907 49 28 att
1084 1903 130 32 hälften
1239 1903 103 32 därav
1365 1902 108 32 skulle
1494 1902 138 32 tillfalla

131 1947 235 38 kyrkoherden
386 1948 13 31 i
419 1950 184 35 pastoratet
625 1950 87 28 samt
736 1946 38 32 de
795 1946 87 31 båda
903 1946 294 31 komministrarna
1219 1946 11 30 i
1254 1945 208 31 förhållande
1482 1944 54 32 till
1559 1956 76 19 vars

133 1991 60 31 och
210 2002 56 20 ens
285 1990 97 32 andel
398 2002 42 19 av
457 1989 302 38 lönetillgångarna
778 1989 11 31 i
807 1988 82 31 korn
908 1988 104 37 enligt
1032 1991 109 28 senast
1161 1987 214 31 framställda
1393 1986 240 37 lönereglering

133 2031 59 32 och
215 2035 50 29 att
290 2031 61 32 den
374 2031 106 32 andra
500 2030 131 32 hälften
655 2035 154 27 ävensom
833 2029 155 32 behållna
1011 2029 348 38 försäljningsmedlen
1384 2028 52 32 för
1460 2028 60 32 den
1544 2032 90 27 extra

133 2072 249 40 avverkningen
404 2072 107 33 skulle
533 2076 150 29 avsättas
703 2072 54 32 till
778 2084 38 20 en
838 2072 90 37 fond,
952 2083 67 20 som
1041 2083 41 20 av
1105 2071 217 38 domkapitlet
1345 2070 106 32 skulle
1473 2070 163 32 förvaltas

133 2116 60 31 och
212 2121 99 33 göras
332 2115 240 32 räntebärande
595 2118 86 28 samt
700 2115 86 31 efter
807 2114 128 38 Kungl.
956 2113 117 38 Maj:ts
1094 2113 165 38 prövning
1279 2113 168 31 användas
1469 2113 92 31 såväl
1584 2112 53 31 för

133 2157 228 33 anskaffande
376 2170 43 19 av
433 2157 139 32 boställe
589 2157 33 32 åt
638 2156 251 32 komministern
906 2156 10 31 i
933 2156 140 37 Klövsjö
1089 2155 200 38 församling
1307 2166 66 20 som
1388 2154 60 32 ock
1466 2155 52 30 för
1534 2154 100 32 andra

132 2199 163 39 kyrkliga
313 2199 106 32 behov
436 2199 88 32 inom
544 2201 196 36 pastoratet.

179 2241 125 33 Genom
323 2242 119 38 kungl.
462 2241 80 32 brev
564 2241 61 32 den
646 2242 41 30 14
710 2240 169 32 december
901 2240 84 32 1888
1006 2239 170 38 angående
1199 2239 195 38 disposition
1416 2251 41 19 av
1479 2238 156 38 skogsav-

132 2284 202 39 kastningen
352 2284 77 32 från
444 2282 406 33 komministersbostället
873 2283 5 30 i
896 2282 111 31 Rätan
1024 2281 116 32 bifölls
1157 2281 64 32 vad
1237 2280 330 38 kammarkollegium
1587 2281 49 30 så-

133 2326 102 33 lunda
257 2326 183 32 hemställt.
483 2325 73 32 Den
577 2325 12 31 i
610 2324 181 38 anledning
812 2324 105 32 härav
937 2323 132 32 bildade
1090 2323 121 32 fonden
1233 2323 196 31 benämndes
1452 2322 106 37 Bergs
1580 2334 55 26 pa-

134 2372 122 30 storats
281 2368 270 39 regleringsfond
575 2367 79 32 eller
678 2366 107 39 Bergs
809 2369 168 35 pastorats
1003 2365 195 38 skogsfond.

178 2411 102 33 Efter
304 2411 54 32 det
383 2423 45 26 ny
452 2409 315 38 hushållningsplan
792 2409 54 31 för
870 2407 171 33 boställets
1067 2407 82 38 skog
1174 2407 183 32 fastställts
1382 2419 40 20 av
1447 2407 188 37 domänsty-

135 2454 106 32 relsen
263 2454 61 32 den
345 2454 19 31 8
385 2452 169 33 december
575 2452 94 38 1909,
691 2450 202 33 föreskrives
916 2462 115 26 genom
1051 2450 117 37 kungl.
1190 2449 78 32 brev
1289 2449 59 32 den
1370 2450 36 31 31
1431 2461 88 19 mars
1542 2450 94 30 1911.
