1882 2808
508 153 414 31 Konstitutionsutskottets
942 154 159 30 memorial
1121 155 48 28 Nr
1189 157 47 27 19.
1583 156 37 29 27

843 246 59 41 13)

163 303 51 33 Nr
237 304 130 33 13—16
388 305 13 32 i
420 303 166 40 protokoll
608 305 61 33 den
692 307 41 31 23
755 306 183 38 september
961 307 84 32 1926
1068 308 170 38 angående
1258 308 152 34 tillstånd
1431 309 52 32 för
1504 310 115 32 staden

119 346 171 40 Göteborg
316 350 50 29 att
392 351 151 35 upptaga
569 347 67 34 lån.

113 441 50 31 20.
198 440 277 33 Lånekostnader
527 467 6 6 .
573 467 44 6 oc
655 468 46 5 co
738 467 174 7 ccococ-
930 468 276 18 MRS
1071 439 51 53 Fo
1154 439 54 53 RS
1225 444 147 44 kronor
1380 440 14 53 =
1422 446 198 42 857.682:
1582 440 40 53 43

963 485 78 50 eller
1058 481 148 69 tillhopa
1229 503 118 32 kronor
1372 505 246 37 12,900,000:
1595 499 27 47 —

163 657 129 39 Kungl.
315 658 102 38 Maj:t
440 658 179 41 medgiver,
645 663 50 29 att
718 660 116 33 staden
859 660 168 40 Göteborg
1049 662 53 31 må
1128 662 54 32 för
1204 662 162 33 täckande
1391 675 41 19 av
1455 675 83 20 ovan
1563 675 54 20 an-

115 699 103 39 givna
235 700 147 39 utgifter
399 700 90 40 eller,
514 702 6 32 i
539 702 62 32 den
618 703 78 32 mån
714 703 96 33 dessa
827 703 145 39 utgifter
989 703 150 34 bestritts
1158 705 73 32 med
1248 705 157 38 tillfällig
1421 705 196 38 upplåning,

118 743 54 31 för
195 742 170 34 infriande
389 755 43 21 av
458 743 140 34 sålunda
624 745 186 33 verkställd
835 746 185 39 upplåning
1043 750 68 29 mot
1136 746 217 39 obligationer
1379 748 80 31 eller
1482 747 135 38 vanliga

115 785 323 34 skuldförbindelser
457 790 152 36 upptaga
627 791 49 29 ett
696 788 55 32 lån
772 789 20 31 å
810 789 71 31 tolv
902 789 152 37 miljoner
1074 790 54 31 nio
1149 789 128 32 hundra
1298 794 94 27 tusen
1413 789 131 38 kronor,
1564 794 48 27 att

116 837 117 27 genom
251 827 109 39 årliga
378 828 255 39 avbetalningar
650 829 119 39 gäldas
788 830 105 32 under
909 830 110 39 loppet
1038 843 41 19 av
1096 831 99 38 högst
1211 831 113 32 trettio
1343 832 38 31 år
1398 832 76 31 från
1492 832 54 31 det
1564 832 53 31 nå-

115 879 65 27 gon
203 869 53 32 del
277 881 43 21 av
342 870 39 32 de
401 870 56 32 till
477 870 90 33 lånet
587 871 145 33 hörande
753 872 221 39 obligationer
993 873 97 32 blivit
1110 873 161 38 avyttrad
1292 873 77 32 eller
1392 873 224 32 skuldförbin-

115 910 91 33 delse
225 912 20 32 å
263 912 110 39 någon
393 912 53 32 del
465 925 42 20 av
528 913 90 33 lånet
636 913 172 33 utfärdats
847 934 24 3 —
901 934 30 3 —
962 934 32 3 —
1022 934 33 3 —
1083 934 39 3 —
1142 915 158 33 förfallit.

836 1049 57 39 14)

159 1105 51 32 Nr
231 1107 42 30 24
292 1106 11 31 i
324 1106 167 38 protokoll
513 1107 61 33 den
596 1109 40 30 12
658 1108 175 32 november
854 1109 84 32 1926
959 1110 169 37 angående
1148 1110 154 32 tillstånd
1324 1110 53 32 för
1399 1110 114 32 staden
1535 1110 81 32 Häl-

115 1146 160 40 singborg
297 1151 51 29 att
368 1152 153 35 upptaga
541 1153 48 29 ett
610 1149 174 39 tillfälligt
808 1150 56 32 lån
887 1162 42 22 m.
951 1163 42 21 m.

159 1190 18 32 I
197 1202 39 21 en
253 1190 56 32 till
328 1191 128 39 Kungl.
477 1192 100 38 Maj:t
598 1192 103 32 ställd
720 1204 43 20 av
782 1192 240 39 länsstyrelsen
1048 1194 5 31 i
1072 1194 187 32 Malmöhus
1278 1195 55 31 län
1354 1195 72 31 med
1444 1194 172 38 utlåtande

114 1231 62 33 den
197 1233 40 32 15
257 1232 185 39 september
462 1233 84 33 1926
566 1234 102 38 jämte
687 1235 238 38 magistratens
945 1235 11 32 i
977 1235 231 39 Hälsingborg
1228 1236 156 38 yttrande
1404 1237 212 31 överlämnad

115 1274 104 33 skrift
247 1275 87 33 hava
362 1276 312 40 stadsfullmäktige
700 1277 13 32 i
740 1277 146 33 nämnda
914 1277 84 39 stad,
1028 1278 105 32 under
1160 1278 203 38 åberopande
1391 1290 41 20 av
1459 1279 109 31 beslut
1597 1280 20 30 å

115 1317 268 32 sammanträden
404 1317 62 33 den
487 1319 40 32 16
548 1317 161 40 februari,
729 1318 62 33 den
811 1319 40 33 16
872 1331 99 27 mars,
992 1319 62 33 den
1074 1320 41 32 20
1134 1320 97 39 april,
1252 1320 60 32 den
1333 1321 39 32 18
1391 1320 67 38 maj
1477 1321 59 32 och
1555 1321 59 32 den

116 1360 39 31 15
177 1359 73 38 juni
276 1360 96 39 1926,
396 1359 152 40 anhållit,
572 1363 50 30 att
646 1360 128 40 Kungl.
800 1361 101 39 Maj:t
924 1362 102 32 måtte
1049 1362 30 38 ej
1103 1362 125 32 mindre
1250 1363 163 38 medgiva,
1437 1367 50 28 att
1510 1363 105 32 nedan

113 1401 206 34 antecknade
336 1402 155 40 utgifter,
508 1403 168 39 nämligen
695 1403 55 32 för

109 1498 227 40 stensättning
363 1506 42 22 av
427 1496 229 43 Kungsgatan
678 1496 120 33 bakom
822 1497 188 33 saluhallen
1064 1524 6 5 .
1106 1524 6 5 .
1149 1524 5 5 .
1191 1524 5 5 .
1233 1524 47 5 ..
1299 1498 119 32 kronor
1442 1499 174 31 18,500:
1591 1494 29 50 —

114 1586 93 39 finge
232 1587 55 32 till
314 1588 145 38 angivna
483 1588 119 39 belopp
629 1588 180 33 framdeles
836 1588 164 34 bestridas
1026 1601 116 27 genom
1170 1591 214 37 upptagande
1409 1603 41 19 av
1477 1594 136 29 amorte-

113 1628 161 40 ringslån,
293 1641 115 21 varom
428 1629 109 33 beslut
556 1630 108 33 skulle
684 1632 12 31 i
716 1630 105 33 sinom
840 1631 51 33 tid
909 1631 223 33 underställas
1153 1632 128 38 Kungl.
1302 1632 117 38 Maj:ts
1439 1632 174 38 prövning,

112 1675 42 27 än
175 1676 82 27 även
275 1671 111 34 lämna
407 1672 115 33 staden
540 1672 155 33 tillstånd
713 1676 51 29 att
783 1673 53 33 för
854 1673 164 39 gäldande
1037 1674 201 32 omedelbart
1257 1686 42 20 av
1318 1675 229 32 ovannämnda
1564 1679 49 27 ut-

111 1712 107 39 gifter
236 1717 152 36 upptaga
408 1718 47 29 ett
474 1713 174 40 tillfälligt
667 1715 56 32 lån
745 1716 20 31 å
788 1716 140 38 552,900
948 1716 130 38 kronor,
1100 1719 49 29 att
1170 1720 111 28 senast
1303 1716 60 32 den
1386 1716 75 39 dag,
1483 1728 67 20 som
1573 1728 40 20 av

112 1755 129 40 Kungl.
266 1757 102 38 Maj:t
392 1756 111 34 kunde
526 1757 132 33 komma
684 1761 51 29 att
759 1758 210 38 bestämmas,
994 1758 122 32 infrias
1141 1770 116 27 genom
1282 1759 287 37 amorteringslån.

155 1907 55 33 Då
233 1907 226 34 ovanberörda
480 1908 146 39 utgifter
649 1910 19 31 å
693 1910 97 37 8,500
814 1909 122 33 kronor
957 1909 74 33 icke
1056 1914 57 28 äro
1138 1922 41 21 av
1203 1910 236 33 beskaffenhet
1462 1914 49 29 att
1534 1910 78 32 böra

111 1949 119 38 gäldas
251 1962 42 20 av
314 1950 192 39 lånemedel,
526 1950 137 33 bifaller
683 1951 129 38 Kungl.
832 1952 101 38 Maj:t
952 1952 142 32 allenast
1114 1953 37 31 så
1169 1952 55 33 till
1242 1953 78 32 vida
1340 1953 60 32 den
1421 1953 117 38 gjorda
1559 1965 53 20 an-

112 1991 194 41 sökningen,
332 1996 50 29 att
406 1993 116 33 staden
547 1993 231 40 Hälsingborg
802 1995 54 31 må
879 1994 55 33 till
959 1994 211 33 bestridande
1196 2007 42 20 av
1260 1995 12 32 i
1297 1995 227 38 ansökningen
1548 2007 64 20 om-

112 2034 168 34 förmälda
296 2035 145 39 utgifter
458 2036 73 32 med
549 2048 81 26 nyss
648 2036 148 38 angivna
814 2037 173 38 undantag
1003 2040 150 35 upptaga
1170 2040 47 29 ett
1234 2037 171 39 tillfälligt
1422 2038 56 31 lån
1496 2038 19 31 å
1533 2037 80 32 fem-

109 2076 636 40 hundrafyrtiofyratusenfyrahundra
768 2078 132 39 kronor,
923 2082 51 29 att
998 2078 200 33 återbetalas
1224 2079 72 32 före
1319 2080 168 38 utgången
1511 2091 42 20 av
1576 2080 38 31 år

111 2119 97 32 1928.

108 2214 43 20 av
173 2203 54 33 det
247 2203 183 40 tillfälliga
449 2204 100 39 lånet,
571 2205 53 31 må
645 2204 181 33 anskaffas
848 2216 116 27 genom
985 2205 216 38 upptagande
1221 2217 42 20 av
1285 2206 286 37 amorteringslån.

832 2287 58 40 15)

154 2345 52 33 Nr
224 2347 41 32 28
284 2347 12 32 i
313 2346 167 39 protokoll
500 2347 60 33 den
582 2348 39 31 12
641 2347 175 33 november
836 2349 85 31 1926
940 2348 170 39 angående
1127 2348 154 33 tillstånd
1300 2349 53 32 för
1371 2345 241 42 Österhaninge

111 2388 202 40 församling
333 2392 50 29 att
403 2392 154 36 upptaga
577 2389 66 32 lån.

154 2431 19 33 I
190 2443 38 21 en
245 2431 54 33 till
315 2431 129 39 Kungl.
461 2432 101 38 Maj:t
579 2431 113 40 ställd,
708 2444 42 20 av
766 2432 241 39 länsstyrelsen
1023 2433 13 31 i
1053 2431 209 34 Stockholms
1280 2433 54 32 län
1350 2433 72 32 med
1440 2432 173 33 utlåtande

110 2473 61 33 den
191 2475 21 31 4
232 2474 185 38 september
439 2475 85 32 1926
545 2474 212 33 överlämnad
779 2474 104 33 skrift
904 2475 61 32 har
986 2471 242 43 Österhaninge
1251 2476 208 38 församling,
1478 2475 135 38 jämlikt
