1920 2848
103 450 154 28 Utskottet.

279 137 37 31 26
725 139 260 30 Statsutskottets
1005 140 165 29 utlåtande
1191 141 48 28 Nr
1269 147 68 26 159.

279 223 161 33 motioner
464 224 264 39 uppenbarligen
752 225 108 33 skulle
883 225 114 33 kunna
1020 226 84 39 leda,
1130 227 63 32 har
1215 228 165 32 utskottet
1405 228 114 33 funnit
1543 229 52 38 sig
1620 229 80 32 böra
1725 242 54 20 av-

280 274 118 38 styrka
417 274 213 35 motionerna.

348 374 181 38 Utdelning
554 387 40 20 av
620 376 259 39 brödspannmål
904 377 80 33 eller
1006 378 79 39 mjöl
1110 379 52 32 till
1186 379 127 38 fattiga
1338 379 373 40 befolkningsgrupper.

322 444 18 38 $
364 451 165 32 motionen
552 451 53 32 II:
620 453 63 31 183
707 452 61 32 har
789 452 118 33 vidare
931 453 204 40 föreslagits,
1161 458 52 28 att
1236 454 181 39 riksdagen
1442 456 102 32 måtte
1568 456 132 32 besluta
1724 468 54 20 an-

277 501 73 32 visa
366 505 49 28 ett
430 501 117 39 anslag
563 514 42 20 av
620 503 173 38 5,000,000
809 503 132 40 kronor,
958 508 51 28 att
1024 504 118 33 ställas
1159 505 54 31 till
1231 506 125 38 Kungl.
1375 506 120 38 Maj:ts
1512 506 201 38 förfogande
1727 506 53 32 för

277 552 178 38 utdelning
479 564 42 20 av
544 552 259 39 brödspannmål
827 554 82 32 eller
934 554 79 38 mjöl
1038 555 53 32 till
1117 555 127 39 fattiga
1268 556 376 39 befolkningsgrupper.

321 602 127 33 Vidare
472 603 60 32 har
553 603 11 32 i
585 604 167 32 motionen
774 604 131 33 II:403
930 605 204 40 föreslagits,
1160 610 51 28 att
1233 606 181 39 riksdagen
1437 608 102 31 måtte
1562 607 143 39 besluta,
1730 611 50 29 att

277 653 53 32 till
353 653 276 33 Internationella
653 654 290 40 arbetarhjälpens
966 656 318 33 centralkommittés
1309 657 202 39 förfogande
1536 658 100 32 ställa
1661 659 117 37 30,000

277 707 56 29 ton
350 707 75 29 vete
444 704 54 32 för
515 704 175 39 utdelning
708 705 53 33 till
780 705 62 33 den
861 706 201 33 nödlidande
1080 706 239 39 befolkningen
1339 708 12 31 i
1369 708 125 33 landet.
1535 708 119 33 Denna
1673 708 106 32 utdel-

278 755 80 38 ning
376 754 110 33 skulle
504 760 63 33 äga
584 767 74 20 rum
675 756 12 32 i
705 756 203 32 Norrbotten
926 757 60 32 och
999 757 249 39 Västerbotten,
1266 758 291 39 Västernorrland,
1577 758 202 40 Stockholm,

277 804 256 39 Västmanland,
554 805 174 40 Blekinge,
749 806 173 33 Bohuslän
941 807 59 32 och
1022 806 179 40 Göteborg,
1223 808 59 32 där
1303 809 105 32 nöden
1430 812 125 29 ansetts
1575 821 83 21 vara
1676 813 104 29 värst.

278 855 75 32 Med
373 855 180 39 anledning
570 856 107 32 härav
697 857 55 32 får
769 857 166 32 utskottet
953 858 108 32 erinra
1080 870 62 26 om,
1163 861 60 35 att,
1244 859 106 38 enligt
1366 859 67 32 vad
1452 871 42 20 av
1515 858 126 40 Kungl.
1660 860 119 38 Maj:ts

276 906 208 38 proposition
504 918 37 20 nr
563 907 61 32 257
647 907 54 32 till
721 908 88 32 årets
830 907 142 39 riksdag
992 908 161 39 framgår,
1174 908 62 33 den
1256 909 12 32 i
1288 909 205 33 motionerna
1513 910 122 32 väckta
1656 910 122 39 frågan

277 960 37 27 är
335 956 144 32 föremål
498 957 52 32 för
571 957 129 39 Kungl.
722 958 118 38 Maj:ts
858 958 310 39 uppmärksamhet.
1202 959 184 39 Utdelning
1406 972 43 20 av
1469 960 145 32 förmald
1634 961 145 32 brödsäd

277 1007 53 32 till
353 1007 192 33 behövande
569 1008 71 39 har,
667 1008 108 32 såsom
800 1008 12 32 i
837 1009 108 38 sagda
970 1009 206 39 proposition
1202 1010 217 39 framhållits,
1448 1010 91 33 förut
1566 1011 213 32 förekommit

277 1058 59 31 och
354 1058 95 32 torde
466 1058 123 39 jämväl
607 1058 181 33 framdeles
806 1059 12 31 i
835 1059 71 32 viss
924 1060 235 39 utsträckning
1178 1060 131 33 komma
1328 1064 51 29 att
1398 1065 65 34 äga
1481 1073 82 21 rum.
1606 1061 172 33 Utskottet

278 1108 110 32 finner
412 1108 53 39 sig
488 1109 52 31 för
562 1109 62 32 den
648 1109 90 32 skull
759 1109 81 33 böra
863 1110 164 38 avstyrka
1050 1111 206 32 motionerna
1278 1111 12 31 i
1314 1111 112 39 fråga.

320 1201 71 32 Mot
411 1201 67 32 vad
499 1201 126 39 Kungl.
648 1202 102 38 Maj:t
769 1202 11 31 i
801 1202 112 39 övrigt
935 1202 176 39 föreslagit
1132 1203 181 39 riksdagen
1334 1203 217 33 beträffande
1573 1204 204 33 användnin-

276 1263 62 26 gen
358 1263 43 20 av
420 1252 40 32 de
479 1252 127 39 anslag,
625 1264 116 20 varom
761 1252 100 39 fråga
881 1257 47 36 är,
949 1253 60 32 har
1028 1253 166 32 utskottet
1212 1253 73 33 icke
1304 1254 78 32 haft
1402 1255 103 38 något
1524 1258 51 29 att
1593 1254 122 34 erinra.

593 1370 299 37 Anslagsbehovet
911 1372 107 31 under
1038 1371 203 37 budgetåret
1262 1369 195 41 1934/1935.

320 1437 267 32 Medelsbehovet
609 1437 107 32 under
737 1437 275 33 nästkommande
1032 1438 167 38 budgetår
1222 1438 53 33 för
1297 1438 155 39 anslaget
1474 1439 53 32 till
1549 1439 229 39 bekämpande

277 1499 41 20 av
340 1487 261 33 arbetslösheten
623 1488 64 32 har
709 1487 180 33 beräknats
913 1488 54 32 till
992 1490 38 31 12
1055 1488 155 38 miljoner
1235 1489 130 33 kronor.
1389 1489 103 32 Detta
1516 1489 119 39 belopp
1660 1490 117 32 under-

277 1538 103 38 stiger
400 1538 75 32 med
495 1539 18 31 2
533 1538 153 38 miljoner
704 1538 120 33 kronor
842 1539 68 32 vad
930 1551 69 20 som
1018 1551 42 20 av
1080 1539 496 33 arbetslöshetskommissionen
1597 1540 180 33 beräknats

276 1588 12 31 1
311 1588 162 33 skrivelse
496 1589 61 32 den
581 1590 39 32 16
645 1589 151 32 februari
820 1590 86 32 1934
930 1590 60 32 och
1012 1590 73 32 med
1110 1592 17 32 5
1154 1590 152 38 miljoner
1329 1590 123 33 kronor
1477 1590 61 32 den
1561 1591 217 38 preliminära

276 1638 288 39 uppskattningen
592 1639 12 32 i
634 1639 446 39 statsverkspropositionen.
1132 1640 131 32 Därvid
1292 1645 37 28 är
1357 1641 184 32 emellertid
1570 1645 52 29 att
1650 1641 126 38 märka,

276 1692 51 29 att
348 1689 134 39 hänsyn
504 1701 43 20 nu
568 1689 73 33 icke
664 1690 105 38 tagits
792 1690 54 32 till
868 1690 225 33 kostnaderna
1118 1691 54 32 för
1198 1691 158 38 åtgärder
1377 1695 88 29 emot
1486 1692 290 38 ungdomsarbets-

275 1739 159 34 lösheten.
475 1740 106 32 Dessa
598 1740 181 32 kostnader
798 1740 88 33 hava
905 1753 43 20 av
966 1741 496 33 arbetslöshetskommissionen
1480 1742 11 32 i
1512 1742 184 33 skrivelsen
1716 1743 61 32 den

278 1791 39 33 10
344 1790 170 32 december
539 1791 83 33 1933
648 1790 180 33 beräknats
854 1791 133 33 komma
1013 1795 50 29 att
1088 1792 106 32 under
1220 1792 224 33 innevarande
1471 1793 164 38 budgetår
1662 1793 114 38 uppgå

276 1840 51 32 till
349 1843 18 31 3
385 1841 153 38 miljoner
554 1840 132 34 kronor.

318 1891 18 32 I
353 1892 247 37 propositionen
618 1904 39 19 nr
676 1893 62 31 230
756 1892 73 32 med
847 1892 131 39 förslag
995 1893 53 32 till
1067 1892 213 39 tilläggsstat
1297 1893 53 32 för
1368 1893 224 32 innevarande
1611 1893 166 39 budgetår

275 1941 60 32 har
357 1941 205 39 föreslagits,
585 1945 51 29 att
658 1942 62 32 den
741 1942 56 32 vid
818 1943 173 38 utgången
1013 1955 41 20 av
1075 1943 200 38 budgetåret
1298 1941 184 43 1932/1933
1505 1944 20 32 å
1546 1944 155 39 anslaget
1723 1945 53 32 till

275 1991 230 39 bekämpande
531 2004 42 20 av
598 1992 262 33 arbetslösheten
887 1993 193 39 uppkomna
1109 1993 246 33 reservationen
1383 1994 108 32 skulle
1519 1999 83 28 även
1631 1995 54 32 till
1715 1995 61 32 den

276 2041 62 40 del,
363 2054 70 20 som
457 2043 105 38 enligt
585 2042 111 33 beslut
719 2055 42 20 av
785 2044 83 33 1933
894 2044 55 32 års
973 2044 139 38 riksdag
1137 2044 110 32 skulle
1270 2044 172 33 överföras
1468 2045 52 32 till
1544 2045 155 39 anslaget
1722 2045 54 32 till

276 2092 140 39 statliga
437 2093 60 32 och
517 2093 299 33 statskommunala
837 2094 257 39 reservarbeten,
1116 2094 140 33 kvarstå
1276 2095 20 32 å
1317 2095 103 33 femte
1441 2095 223 34 huvudtiteln.
1708 2095 67 32 Vid

275 2142 99 33 bifall
397 2143 117 33 härtill
534 2143 60 32 har
612 2144 60 32 vid
695 2144 224 33 innevarande
940 2144 182 39 budgetårs
1143 2145 131 39 utgång
1295 2146 19 31 å
1336 2145 220 33 förevarande
1578 2146 120 38 anslag
1720 2158 54 20 an-

275 2197 81 29 setts
377 2193 115 33 kunna
512 2194 163 32 beräknas
697 2195 167 38 föreligga
885 2207 40 20 en
945 2195 213 39 reservation,
1182 2208 68 20 som
1272 2195 67 32 kan
1360 2196 203 38 uppskattas
1584 2197 55 31 till
1663 2200 18 31 3
1704 2197 70 31 mil-

274 2244 91 38 joner
386 2244 132 33 kronor.
561 2244 65 33 Det
648 2245 54 32 för
722 2245 199 39 budgetåret
944 2244 181 42 1934/1935
1148 2246 222 38 erforderliga
1393 2246 153 38 anslaget
1567 2247 54 32 till
1643 2247 131 32 bekäm-

275 2294 107 38 pande
402 2306 43 21 av
464 2295 260 32 arbetslösheten
743 2296 60 31 har
822 2296 75 32 med
919 2296 130 38 hänsyn
1067 2296 117 32 härtill
1203 2296 172 33 befunnits
1397 2297 114 32 kunna
1529 2301 171 35 upptagas
1722 2298 52 32 till

279 2344 214 39 (12,000,000
511 2365 44 3 —
573 2345 192 40 3,000,000)
791 2348 17 31 9
829 2346 154 39 miljoner
1001 2346 130 33 kronor.

318 2395 66 32 För
410 2396 63 32 den
497 2396 208 32 verkställda
730 2396 228 39 beräkningen
983 2409 42 20 av
1049 2397 247 38 omfattningen
1321 2397 106 32 under
1453 2397 198 38 budgetåret
1680 2396 94 43 1934/

276 2446 82 32 1935
390 2458 42 20 av
464 2447 137 37 statliga
631 2447 61 31 och
724 2447 301 32 statskommunala
1054 2448 248 32 reservarbeten
1332 2451 88 29 samt
1451 2447 323 34 kontantunderstöd
