1878 2788
537 178 253 28 Statsutskottets
811 180 163 27 utlåtande
992 189 39 18 nr
1050 182 16 25 5
1086 181 36 27 år
1142 182 74 26 1959
1578 186 42 30 69

190 255 183 30 Utskottet.
407 257 50 28 Av
489 258 74 29 skäl
596 267 75 20 som
703 259 170 29 utskottet
907 260 116 29 anfört
1054 262 111 28 under
1197 262 158 39 punkten
1388 263 17 28 2
1438 264 182 38 avstyrker

133 309 169 29 utskottet
329 309 229 31 förevarande
585 312 172 29 motioner
782 312 132 39 jämväl
941 314 9 28 i
977 315 65 28 vad
1070 315 41 29 de
1137 315 99 29 berör
1262 315 93 30 detta
1383 316 130 39 anslag.
1542 317 77 30 Med

133 362 244 39 tillstyrkande
395 373 42 19 av
455 364 124 39 Kungl.
596 365 125 39 Maj:ts
739 365 130 41 förslag
887 367 201 30 hemställer
1106 369 179 34 utskottet,

454 427 48 28 att
520 426 188 40 riksdagen
727 427 56 30 må
802 429 80 29 med
901 429 98 29 bifall
1019 430 50 29 till
1089 430 124 39 Kungl.
1234 431 123 39 Maj:ts
1378 432 130 39 förslag
1529 435 91 27 samt

398 480 78 29 med
503 480 117 39 avslag
648 480 20 29 å
695 481 219 30 motionerna
944 483 28 28 I:
989 483 62 29 206
1079 484 65 29 och
1173 484 43 29 II:
1233 485 72 33 261,
1335 485 104 29 såvitt
1466 495 47 20 nu
1542 488 38 28 är
1607 487 11 28 i

397 532 108 39 fråga,
527 534 50 28 till
596 533 504 41 Riksförsäkringsanstalten:
1124 537 258 31 Omkostnader
1403 539 53 30 för
1476 540 143 39 budget-

396 586 73 29 året
490 586 140 31 1959/60
651 588 120 29 anvisa
791 590 47 27 ett
860 589 274 40 förslagsanslag
1155 601 41 19 av
1217 591 59 30 747
1291 592 63 29 000
1375 593 139 29 kronor.

182 753 97 32 87:0)
308 755 101 31 Vissa
425 756 120 39 tillägg
562 758 19 29 å
599 759 236 38 ersättningar
853 761 11 28 i
881 759 192 40 anledning
1087 772 42 18 av
1144 761 184 39 olycksfall
1342 764 12 28 i
1369 762 120 31 arbete
1503 774 46 19 m.
1566 775 47 18 m.

129 806 12 29 I
162 807 150 38 enlighet
331 809 79 29 med
431 809 124 39 Kungl.
576 810 124 39 Maj:ts
721 810 130 40 förslag
875 812 131 39 (punkt
1027 813 71 34 107,
1120 823 25 20 s.
1167 814 94 34 212),
1280 815 109 29 vilket
1408 816 146 29 innebär
1573 826 43 20 en

128 860 204 40 minskning
355 871 42 19 av
421 863 156 39 anslaget
601 864 79 29 med
704 864 62 29 200
781 864 62 30 000
868 865 140 35 kronor,
1033 867 201 30 hemställer
1259 865 181 42 utskottet,

449 926 48 27 att
522 925 188 39 riksdagen
735 926 56 29 må
816 927 51 28 till
894 927 97 30 Vissa
1017 928 118 39 tillägg
1159 929 19 29 å
1203 930 234 39 ersättningar
1463 931 11 28 i
1497 932 118 29 anled-

392 977 84 39 ning
492 987 41 19 av
551 978 186 39 olycksfall
758 979 8 28 i
780 979 118 30 arbete
915 990 105 20 m.m.
1039 982 53 29 för
1111 982 202 39 budgetåret
1334 984 141 31 1959/60
1494 986 120 29 anvisa

392 1032 48 27 ett
458 1030 273 41 förslagsanslag
748 1042 40 19 av
807 1034 13 28 1
838 1033 64 30 200
917 1034 62 29 000
997 1035 139 30 kronor.

178 1197 97 34 88:0)
306 1200 214 31 Statsverket
541 1201 197 39 åliggande,
759 1214 41 19 av
821 1204 113 30 andra
955 1205 115 30 medel
1092 1207 33 38 ej
1148 1207 173 38 utgående
1342 1210 237 37 ersättningar
1599 1210 12 28 i

122 1252 192 40 anledning
331 1265 42 19 av
391 1254 186 39 olycksfall
594 1257 12 28 i
624 1256 121 30 arbete
761 1267 46 20 m.
824 1268 47 20 m.
893 1257 12 28 I
924 1257 152 39 enlighet
1094 1259 79 29 med
1192 1259 124 39 Kungl.
1336 1260 125 39 Maj:ts
1480 1260 131 40 förslag

130 1305 129 39 (punkt
278 1305 71 35 108,
369 1316 25 20 s.
414 1307 95 34 213),
528 1307 107 30 vilket
653 1308 145 30 innebär
817 1319 42 20 en
879 1312 80 28 med
979 1311 60 29 100
1054 1311 62 30 000
1136 1313 128 29 kronor
1282 1314 165 30 minskad
1467 1316 145 29 medels-

124 1358 194 39 anvisning,
338 1359 202 31 hemställer
559 1362 181 33 utskottet,

446 1424 49 27 att
519 1423 188 39 riksdagen
731 1424 56 29 må
812 1425 52 29 till
888 1426 215 30 Statsverket
1127 1427 190 39 åliggande,
1342 1439 42 19 av
1408 1430 110 29 andra
1543 1440 70 20 me-

390 1475 56 29 del
466 1475 35 39 ej
522 1476 171 38 utgående
716 1478 235 38 ersättningar
974 1479 10 28 i
1005 1480 191 39 anledning
1216 1491 41 19 av
1279 1482 187 40 olycksfall
1486 1483 10 29 i
1516 1484 97 29 arbe-

391 1529 30 27 te
445 1537 104 20 m.m.
575 1529 55 29 för
655 1530 204 39 budgetåret
886 1531 140 32 1959/60
1051 1534 121 29 anvisa
1197 1536 47 28 ett
1270 1535 273 41 förslagsanslag
1570 1547 41 20 av

389 1581 18 29 3
423 1581 62 29 000
500 1582 62 29 000
583 1583 140 29 kronor.

717 1810 297 56 Arbetarskydd

172 1944 96 30 89:0)
298 1946 470 41 Arbetarskyddsstyrelsen:
788 1950 227 40 Avlöningar.
1036 1952 10 27 I
1067 1952 151 37 enlighet
1237 1954 78 28 med
1335 1954 125 38 Kungl.
1480 1955 124 39 Maj:ts

119 1998 130 38 förslag
272 1999 129 39 (punkt
423 1999 71 34 109,
515 2010 24 19 s.
560 2001 206 34 214—216),
786 2003 107 29 vilket
912 2004 145 30 innebär
1078 2015 42 19 en
1139 2006 130 40 ökning
1289 2017 41 19 av
1351 2009 155 39 anslaget
1527 2010 78 29 med

119 2051 18 27 9
154 2051 61 28 700
237 2051 138 34 kronor,
399 2055 89 27 samt
512 2055 110 28 under
645 2055 139 29 erinran
807 2058 50 27 att
879 2057 169 30 utskottet
1070 2059 8 28 i
1104 2059 58 29 sitt
1187 2069 142 21 numera
1354 2071 41 19 av
1419 2062 187 39 riksdagen

118 2105 184 36 godkända
322 2105 180 30 utlåtande
521 2116 40 19 nr
583 2107 38 28 14
642 2108 167 38 tillstyrkt
829 2110 119 38 utbyte
969 2120 40 19 av
1028 2121 41 19 en
1090 2112 384 41 kanslibiträdestjänst
1495 2116 9 28 i
1525 2116 46 29 Ae
1588 2117 16 28 7

116 2159 73 26 mot
209 2167 40 19 en
270 2158 197 38 befattning
487 2168 73 20 som
581 2160 172 29 kontorist
774 2161 7 28 i
803 2162 47 28 Ae
865 2163 29 32 9,
916 2163 200 30 hemställer
1138 2166 178 34 utskottet,

438 2222 47 27 att
510 2221 186 38 riksdagen
722 2223 54 28 må

434 2281 35 32 a)
501 2281 175 30 fastställa
693 2283 155 38 följande
866 2285 253 39 avlöningsstat
1137 2288 53 29 för
1206 2289 397 40 arbetarskyddsstyrel-

381 2343 71 24 sen,
469 2336 49 27 att
535 2335 177 39 tillämpas
729 2336 69 29 tills
814 2337 119 30 vidare
951 2338 41 29 fr.
1008 2349 29 19 o.
1055 2349 45 19 m.
1117 2340 203 38 budgetåret
1340 2342 157 36 1959/60:
