1862 2784
262 181 20 30 6
665 175 252 27 Statsutskotteis
939 172 160 28 utlåtande
1118 181 41 18 nr
1176 173 16 26 5
1213 172 36 27 år
1269 171 73 26 1959

530 257 29 29 5.
584 255 275 39 Kompensation
894 254 56 30 för
984 253 107 39 höjda
1124 250 403 41 folkpensionsavgifter,

582 308 204 39 fÖrSlagSViS
826 326 700 11 omereeeeseeeerrrrrrrerrrr
1181 302 22 49 nr
1211 302 23 49 rr
1239 302 25 49 rr
1270 302 37 49 rr
1313 302 25 49 rr
1343 302 23 49 rr
1374 302 19 49 ek
1401 302 26 49 RR
1432 302 32 49 RR
1478 302 53 49 kt
1608 302 41 29 22
1664 300 63 30 400

1231 368 143 29 Summa
1399 367 130 28 kronor
1554 365 18 30 3
1588 364 62 30 784
1664 363 78 34 600;

586 452 33 33 c)
650 452 53 29 till
731 449 302 40 Socialstyrelsen:
1061 447 213 39 Avlöningar
1303 446 51 30 till
1381 445 163 41 personal
1570 445 56 39 för
1655 443 96 30 verk-

532 505 181 29 samheten
739 505 10 29 i
772 503 192 30 allmänhet
989 503 53 29 för
1066 501 204 40 budgetåret
1297 499 142 36 1959/60
1465 498 120 30 anvisa
1609 500 49 28 ett
1683 497 69 30 för-

535 559 214 39 slagsanslag
770 567 40 20 av
830 558 18 29 3
864 556 62 30 784
942 556 61 30 600
1024 556 139 29 kronor.

321 703 75 33 4:0)
426 702 301 40 Socialstyrelsen:
752 701 217 39 Avlöningar
991 700 52 31 till
1065 701 68 28 viss
1156 698 167 40 personal
1345 697 60 31 för
1427 699 113 28 större
1562 694 191 32 statistiska

268 757 453 41 specialundersökningar.
740 755 13 29 I
771 754 151 39 enlighet
939 753 79 29 med
1035 752 124 39 Kungl.
1178 751 124 39 Maj:ts
1319 750 132 39 förslag
1474 749 129 39 (punkt
1620 748 29 34 4,
1668 757 26 20 s.
1714 747 38 29 10

270 812 63 29 och
359 811 71 33 11),
453 810 108 29 vilket
583 809 147 30 innebär
755 808 213 30 oförändrad
992 806 328 38 medelsanvisning,
1345 804 202 30 hemställer
1572 803 182 33 utskottet,

589 864 49 28 att
665 863 188 38 riksdagen
879 861 58 30 må
963 861 51 29 till
1038 859 302 39 Socialstyrelsen:
1368 857 213 39 Avlöningar
1608 856 52 29 till
1687 855 67 30 viss

534 916 163 39 personal
714 915 57 40 för
791 915 109 29 större
921 913 194 30 statistiska
1137 910 436 42 specialundersökningar
1595 910 54 29 för
1670 909 86 29 bud-

536 970 129 39 getåret
694 968 139 31 1959/60
860 967 123 30 anvisa
1008 968 47 28 ett
1081 965 357 38 reservationsanslag
1465 973 41 20 av
1532 963 40 30 50
1587 963 62 29 000
1678 963 78 28 kro-

536 1032 71 20 nor.

324 1157 74 33 5:0)
430 1156 301 40 Socialstyrelsen:
760 1155 273 32 Omkostnader.
1063 1153 124 38 Kungl.
1216 1151 105 39 Maj:t
1347 1151 65 29 har
1444 1150 129 39 (punkt
1602 1149 28 34 5,
1660 1158 25 20 s.
1716 1148 35 29 11

271 1211 63 29 och
356 1210 55 34 12)
438 1210 178 39 föreslagit
637 1209 188 39 riksdagen
846 1210 50 27 att
917 1208 52 29 till
992 1207 298 39 Socialstyrelsen:
1315 1205 259 30 Omkostnader
1596 1204 53 29 för
1672 1203 85 29 bud-

272 1264 129 39 getåret
421 1263 141 31 1959/60
580 1263 121 29 anvisa
720 1264 47 27 ett
784 1261 272 40 förslagsanslag
1076 1270 40 19 av
1135 1260 63 29 626
1214 1259 61 30 700
1293 1260 140 28 kronor.

327 1379 165 38 Anslaget
514 1380 37 28 är
573 1378 10 28 i
604 1378 160 39 gällande
786 1377 145 29 riksstat
953 1376 143 40 uppfört
1118 1376 79 29 med
1219 1374 61 30 607
1298 1374 60 29 700
1380 1374 141 29 kronor.

327 1431 394 41 Departementschefen
752 1430 156 33 föreslår,
942 1431 50 28 att
1024 1430 121 39 posten
1176 1429 51 28 till
1260 1427 149 34 bränsle,
1441 1428 72 37 lyse
1545 1426 63 29 och
1639 1427 118 27 vatten

272 1486 98 39 höjes
393 1486 80 28 med
495 1485 17 29 2
528 1485 61 29 000
612 1485 130 28 kronor
764 1484 64 29 och
850 1485 50 27 att
923 1485 123 38 posten
1069 1482 50 29 till
1142 1482 119 39 övriga
1284 1489 167 31 expenser
1476 1480 53 29 för
1551 1480 74 38 eget
1647 1478 111 30 behov

272 1539 128 29 räknas
421 1547 72 31 upp
513 1539 77 28 med
613 1538 37 28 17
666 1537 63 29 200
750 1538 138 28 kronor.
910 1536 130 29 Därvid
1061 1536 62 28 har
1143 1535 196 32 förutsatts,
1361 1535 50 28 att
1431 1542 43 20 en
1494 1533 69 28 viss
1583 1532 174 38 förnyelse

273 1602 41 20 av
339 1592 188 39 styrelsens
551 1590 351 33 inventariebestånd,
927 1589 127 30 främst
1076 1589 10 28 i
1110 1588 99 39 fråga
1234 1597 56 20 om
1315 1586 334 39 arbetsbesparande
1674 1585 85 29 kon-

273 1645 239 29 torstekniska
540 1644 223 39 hjälpmedel,
793 1643 88 29 skall
909 1643 121 28 kunna
1057 1643 62 38 äga
1148 1651 89 19 rum.
1265 1642 66 28 För
1359 1639 200 31 ändamålet
1584 1639 174 29 beräknas

274 1699 109 29 under
403 1699 254 38 expensposten
677 1699 48 26 ett
744 1697 123 38 belopp
887 1705 43 20 av
952 1696 38 28 12
1005 1695 61 29 000
1088 1695 139 28 kronor.
1248 1695 115 28 Under
1384 1695 124 38 posten
1529 1692 51 29 till
1600 1691 159 40 publika-

274 1751 194 39 tionstryck
496 1751 190 38 tillstyrkes
713 1759 43 20 en
783 1750 147 38 höjning
956 1749 79 29 med
1062 1747 115 30 10000
1205 1748 138 28 kronor.
1373 1746 284 38 Socialstyrelsen
1685 1745 74 32 har,

274 1805 86 29 efter
389 1806 50 28 att
471 1803 448 39 anslagsframställningen
949 1802 155 38 avgivits,
1136 1800 197 40 genomfört
1361 1800 71 29 viss
1464 1798 221 40 prishöjning
1716 1798 44 39 på

274 1857 350 40 publikationstryck.
652 1857 78 29 Med
756 1857 136 37 hänsyn
919 1855 116 30 därtill
1062 1856 168 38 upptages
1256 1854 281 38 inkomstposten
1563 1852 78 29 med
1669 1851 91 29 oför-

275 1912 123 29 ändrat
420 1911 136 39 belopp.
578 1910 64 29 Till
666 1910 87 38 hyra
777 1919 40 19 av
840 1908 335 30 statistikmaskiner
1199 1909 90 27 samt
1312 1907 50 28 till
1385 1914 167 31 expenser
1575 1905 53 29 för
1653 1906 107 28 annat

275 1966 45 28 än
347 1966 74 37 eget
449 1964 111 28 behov
586 1963 174 29 beräknas
789 1972 41 19 en
859 1963 79 28 med
967 1961 13 29 8
999 1961 62 29 200
1090 1960 194 40 respektive
1313 1959 95 30 2000
1438 1959 129 29 kronor
1595 1957 165 30 minskad

275 2017 328 38 medelsanvisning.

331 2071 12 28 I
363 2070 153 38 enlighet
534 2070 77 29 med
629 2070 57 28 det
705 2069 148 29 anförda
872 2069 86 28 ökas
979 2068 154 39 anslaget
1152 2067 20 29 å
1191 2076 63 20 ena
1276 2066 99 30 sidan
1395 2066 79 29 med
1495 2065 40 29 29
1550 2065 61 29 200
1631 2065 130 29 kronor

276 2124 63 29 och
361 2123 158 29 minskas
539 2123 18 29 å
578 2123 109 29 andra
709 2122 99 29 sidan
829 2122 78 29 med
931 2121 39 29 10
986 2121 61 29 200
1069 2121 129 28 kronor
1221 2122 89 27 samt
1332 2119 167 40 uppföres
1521 2119 77 29 med
1621 2118 62 29 626
1700 2118 61 29 700

276 2177 138 29 kronor.

332 2283 12 29 I
364 2284 40 28 de
424 2283 111 29 under
553 2282 159 39 punkten
731 2282 17 29 2
768 2282 153 29 nämnda
941 2281 222 38 likalydande
1184 2279 218 29 motionerna
1423 2280 31 27 I:
1469 2278 63 29 206
1552 2278 64 29 och
1636 2279 47 27 II:
1699 2277 59 29 261

277 2337 63 28 har
361 2354 44 2 —
429 2335 105 30 såvitt
557 2344 45 20 nu
626 2337 37 28 är
688 2335 10 29 i
722 2335 98 38 fråga
842 2352 44 3 —
909 2334 207 32 hemställts,
1141 2335 50 27 att
1216 2333 187 38 riksdagen
1427 2332 108 29 måtte
1560 2331 51 29 till
1636 2331 126 30 Social-

278 2390 184 39 styrelsen:
485 2388 259 30 Omkostnader
763 2388 53 29 för
834 2387 205 39 budgetåret
1060 2386 140 31 1959/60
1221 2386 120 30 anvisa
1361 2387 47 27 ett
1429 2384 272 39 förslagsanslag
1722 2393 41 20 av

277 2443 63 30 564
354 2442 62 30 000
439 2443 140 28 kronor.

330 2495 227 30 Beträffande
584 2495 252 37 motiveringen
864 2493 55 29 för
946 2493 171 39 yrkandet
1144 2492 166 29 hänvisas
1338 2491 51 29 till
1418 2491 178 29 motionen
1624 2490 45 29 II:
1687 2489 73 30 248.
