<?xml version="1.0" encoding="UTF-8"?>
<alto xmlns="http://www.loc.gov/standards/alto/ns-v3#" xmlns:xlink="http://www.w3.org/1999/xlink" xmlns:xsi="http://www.w3.org/2001/XMLSchema-instance" xsi:schemaLocation="http://www.loc.gov/standards/alto/ns-v3# http://www.loc.gov/alto/v3/alto-3-0.xsd">
	<Description>
		<MeasurementUnit>pixel</MeasurementUnit>
		<sourceImageInformation>
			<fileName>/tmp/tess_36txq50l_input.PNG</fileName>
		</sourceImageInformation>
		<OCRProcessing ID="OCR_0">
			<ocrProcessingStep>
				<processingSoftware>
					<softwareName>tesseract 5.3.0</softwareName>
				</processingSoftware>
			</ocrProcessingStep>
		</OCRProcessing>
	</Description>
	<Layout>
		<Page WIDTH="1866" HEIGHT="2784" PHYSICAL_IMG_NR="0" ID="page_0">
			<PrintSpace HPOS="0" VPOS="0" WIDTH="1866" HEIGHT="2784">
				<ComposedBlock ID="cblock_0" HPOS="242" VPOS="174" WIDTH="1086" HEIGHT="37">
					<TextBlock ID="block_0" HPOS="242" VPOS="174" WIDTH="1086" HEIGHT="37">
						<TextLine ID="line_0" HPOS="242" VPOS="174" WIDTH="1086" HEIGHT="37">
							<String ID="string_0" HPOS="242" VPOS="181" WIDTH="43" HEIGHT="30" WC="0.95" CONTENT="54"/><SP WIDTH="365" VPOS="181" HPOS="285"/>
							<String ID="string_1" HPOS="650" VPOS="176" WIDTH="252" HEIGHT="27" WC="0.92" CONTENT="Statsutskottets"/><SP WIDTH="21" VPOS="176" HPOS="902"/>
							<String ID="string_2" HPOS="923" VPOS="174" WIDTH="161" HEIGHT="28" WC="0.96" CONTENT="utlåtande"/><SP WIDTH="19" VPOS="174" HPOS="1084"/>
							<String ID="string_3" HPOS="1103" VPOS="183" WIDTH="39" HEIGHT="18" WC="0.96" CONTENT="nr"/><SP WIDTH="19" VPOS="183" HPOS="1142"/>
							<String ID="string_4" HPOS="1161" VPOS="175" WIDTH="16" HEIGHT="26" WC="0.83" CONTENT="5"/><SP WIDTH="20" VPOS="175" HPOS="1177"/>
							<String ID="string_5" HPOS="1197" VPOS="175" WIDTH="36" HEIGHT="26" WC="0.95" CONTENT="år"/><SP WIDTH="21" VPOS="175" HPOS="1233"/>
							<String ID="string_6" HPOS="1254" VPOS="174" WIDTH="74" HEIGHT="26" WC="0.79" CONTENT="1959"/>
						</TextLine>
					</TextBlock>
				</ComposedBlock>
				<ComposedBlock ID="cblock_1" HPOS="243" VPOS="251" WIDTH="1497" HEIGHT="2291">
					<TextBlock ID="block_1" HPOS="243" VPOS="251" WIDTH="1488" HEIGHT="314">
						<TextLine ID="line_1" HPOS="245" VPOS="251" WIDTH="1485" HEIGHT="46">
							<String ID="string_7" HPOS="245" VPOS="259" WIDTH="105" HEIGHT="38" WC="0.96" CONTENT="högre"/><SP WIDTH="17" VPOS="259" HPOS="350"/>
							<String ID="string_8" HPOS="367" VPOS="258" WIDTH="79" HEIGHT="29" WC="0.96" CONTENT="nivå"/><SP WIDTH="18" VPOS="258" HPOS="446"/>
							<String ID="string_9" HPOS="464" VPOS="259" WIDTH="44" HEIGHT="28" WC="0.96" CONTENT="än"/><SP WIDTH="19" VPOS="259" HPOS="508"/>
							<String ID="string_10" HPOS="527" VPOS="259" WIDTH="154" HEIGHT="27" WC="0.96" CONTENT="närmast"/><SP WIDTH="18" VPOS="259" HPOS="681"/>
							<String ID="string_11" HPOS="699" VPOS="256" WIDTH="208" HEIGHT="39" WC="0.96" CONTENT="föregående"/><SP WIDTH="17" VPOS="256" HPOS="907"/>
							<String ID="string_12" HPOS="924" VPOS="255" WIDTH="49" HEIGHT="29" WC="0.96" CONTENT="år."/><SP WIDTH="30" VPOS="255" HPOS="973"/>
							<String ID="string_13" HPOS="1003" VPOS="254" WIDTH="146" HEIGHT="31" WC="0.96" CONTENT="Särskilt"/><SP WIDTH="16" VPOS="254" HPOS="1149"/>
							<String ID="string_14" HPOS="1165" VPOS="254" WIDTH="97" HEIGHT="28" WC="0.96" CONTENT="inom"/><SP WIDTH="19" VPOS="254" HPOS="1262"/>
							<String ID="string_15" HPOS="1281" VPOS="252" WIDTH="231" HEIGHT="39" WC="0.96" CONTENT="skogsbruket"/><SP WIDTH="17" VPOS="252" HPOS="1512"/>
							<String ID="string_16" HPOS="1529" VPOS="261" WIDTH="78" HEIGHT="19" WC="0.96" CONTENT="men"/><SP WIDTH="16" VPOS="261" HPOS="1607"/>
							<String ID="string_17" HPOS="1623" VPOS="251" WIDTH="107" HEIGHT="29" WC="0.96" CONTENT="också"/>
						</TextLine>
						<TextLine ID="line_2" HPOS="243" VPOS="305" WIDTH="1485" HEIGHT="36">
							<String ID="string_18" HPOS="243" VPOS="313" WIDTH="96" HEIGHT="28" WC="0.95" CONTENT="inom"/><SP WIDTH="19" VPOS="313" HPOS="339"/>
							<String ID="string_19" HPOS="358" VPOS="312" WIDTH="93" HEIGHT="29" WC="0.94" CONTENT="vissa"/><SP WIDTH="19" VPOS="312" HPOS="451"/>
							<String ID="string_20" HPOS="470" VPOS="312" WIDTH="96" HEIGHT="28" WC="0.96" CONTENT="delar"/><SP WIDTH="20" VPOS="312" HPOS="566"/>
							<String ID="string_21" HPOS="586" VPOS="320" WIDTH="41" HEIGHT="19" WC="0.93" CONTENT="av"/><SP WIDTH="19" VPOS="320" HPOS="627"/>
							<String ID="string_22" HPOS="646" VPOS="309" WIDTH="197" HEIGHT="30" WC="0.93" CONTENT="industrien"/><SP WIDTH="20" VPOS="309" HPOS="843"/>
							<String ID="string_23" HPOS="863" VPOS="309" WIDTH="183" HEIGHT="29" WC="0.96" CONTENT="noterades"/><SP WIDTH="20" VPOS="309" HPOS="1046"/>
							<String ID="string_24" HPOS="1066" VPOS="308" WIDTH="110" HEIGHT="29" WC="0.93" CONTENT="ökade"/><SP WIDTH="21" VPOS="308" HPOS="1176"/>
							<String ID="string_25" HPOS="1197" VPOS="305" WIDTH="383" HEIGHT="34" WC="0.91" CONTENT="arbetslöshetssiffror,"/><SP WIDTH="21" VPOS="305" HPOS="1580"/>
							<String ID="string_26" HPOS="1601" VPOS="305" WIDTH="127" HEIGHT="29" WC="0.96" CONTENT="medan"/>
						</TextLine>
						<TextLine ID="line_3" HPOS="245" VPOS="358" WIDTH="1484" HEIGHT="46">
							<String ID="string_27" HPOS="245" VPOS="367" WIDTH="156" HEIGHT="28" WC="0.96" CONTENT="däremot"/><SP WIDTH="33" VPOS="367" HPOS="401"/>
							<String ID="string_28" HPOS="434" VPOS="365" WIDTH="313" HEIGHT="39" WC="0.95" CONTENT="sysselsättningen"/><SP WIDTH="32" VPOS="365" HPOS="747"/>
							<String ID="string_29" HPOS="779" VPOS="363" WIDTH="94" HEIGHT="29" WC="0.92" CONTENT="inom"/><SP WIDTH="31" VPOS="363" HPOS="873"/>
							<String ID="string_30" HPOS="904" VPOS="360" WIDTH="450" HEIGHT="41" WC="0.91" CONTENT="byggnadsverksamheten"/><SP WIDTH="32" VPOS="360" HPOS="1354"/>
							<String ID="string_31" HPOS="1386" VPOS="359" WIDTH="106" HEIGHT="30" WC="0.94" CONTENT="tidvis"/><SP WIDTH="32" VPOS="359" HPOS="1492"/>
							<String ID="string_32" HPOS="1524" VPOS="358" WIDTH="54" HEIGHT="39" WC="0.96" CONTENT="låg"/><SP WIDTH="32" VPOS="358" HPOS="1578"/>
							<String ID="string_33" HPOS="1610" VPOS="359" WIDTH="45" HEIGHT="38" WC="0.96" CONTENT="på"/><SP WIDTH="31" VPOS="359" HPOS="1655"/>
							<String ID="string_34" HPOS="1686" VPOS="367" WIDTH="43" HEIGHT="20" WC="0.96" CONTENT="en"/>
						</TextLine>
						<TextLine ID="line_4" HPOS="245" VPOS="412" WIDTH="1486" HEIGHT="46">
							<String ID="string_35" HPOS="245" VPOS="420" WIDTH="105" HEIGHT="38" WC="0.96" CONTENT="högre"/><SP WIDTH="23" VPOS="420" HPOS="350"/>
							<String ID="string_36" HPOS="373" VPOS="419" WIDTH="79" HEIGHT="29" WC="0.96" CONTENT="nivå"/><SP WIDTH="23" VPOS="419" HPOS="452"/>
							<String ID="string_37" HPOS="475" VPOS="420" WIDTH="44" HEIGHT="27" WC="0.96" CONTENT="än"/><SP WIDTH="22" VPOS="420" HPOS="519"/>
							<String ID="string_38" HPOS="541" VPOS="419" WIDTH="156" HEIGHT="28" WC="0.96" CONTENT="närmast"/><SP WIDTH="23" VPOS="419" HPOS="697"/>
							<String ID="string_39" HPOS="720" VPOS="416" WIDTH="207" HEIGHT="39" WC="0.96" CONTENT="föregående"/><SP WIDTH="23" VPOS="416" HPOS="927"/>
							<String ID="string_40" HPOS="950" VPOS="416" WIDTH="48" HEIGHT="29" WC="0.96" CONTENT="år."/><SP WIDTH="34" VPOS="416" HPOS="998"/>
							<String ID="string_41" HPOS="1032" VPOS="416" WIDTH="73" HEIGHT="28" WC="0.96" CONTENT="Den"/><SP WIDTH="23" VPOS="416" HPOS="1105"/>
							<String ID="string_42" HPOS="1128" VPOS="414" WIDTH="111" HEIGHT="29" WC="0.96" CONTENT="ökade"/><SP WIDTH="24" VPOS="414" HPOS="1239"/>
							<String ID="string_43" HPOS="1263" VPOS="413" WIDTH="274" HEIGHT="30" WC="0.96" CONTENT="arbetslösheten"/><SP WIDTH="23" VPOS="413" HPOS="1537"/>
							<String ID="string_44" HPOS="1560" VPOS="412" WIDTH="64" HEIGHT="29" WC="0.93" CONTENT="har"/><SP WIDTH="22" VPOS="412" HPOS="1624"/>
							<String ID="string_45" HPOS="1646" VPOS="412" WIDTH="85" HEIGHT="28" WC="0.92" CONTENT="nöd-"/>
						</TextLine>
						<TextLine ID="line_5" HPOS="246" VPOS="466" WIDTH="1485" HEIGHT="45">
							<String ID="string_46" HPOS="246" VPOS="472" WIDTH="222" HEIGHT="39" WC="0.92" CONTENT="vändiggjort"/><SP WIDTH="28" VPOS="472" HPOS="468"/>
							<String ID="string_47" HPOS="496" VPOS="481" WIDTH="43" HEIGHT="20" WC="0.96" CONTENT="en"/><SP WIDTH="28" VPOS="481" HPOS="539"/>
							<String ID="string_48" HPOS="567" VPOS="472" WIDTH="90" HEIGHT="28" WC="0.96" CONTENT="ökad"/><SP WIDTH="30" VPOS="472" HPOS="657"/>
							<String ID="string_49" HPOS="687" VPOS="470" WIDTH="159" HEIGHT="30" WC="0.96" CONTENT="aktivitet"/><SP WIDTH="29" VPOS="470" HPOS="846"/>
							<String ID="string_50" HPOS="875" VPOS="469" WIDTH="79" HEIGHT="29" WC="0.96" CONTENT="från"/><SP WIDTH="31" VPOS="469" HPOS="954"/>
							<String ID="string_51" HPOS="985" VPOS="468" WIDTH="292" HEIGHT="30" WC="0.96" CONTENT="statsmakternas"/><SP WIDTH="30" VPOS="468" HPOS="1277"/>
							<String ID="string_52" HPOS="1307" VPOS="467" WIDTH="75" HEIGHT="29" WC="0.96" CONTENT="sida"/><SP WIDTH="28" VPOS="467" HPOS="1382"/>
							<String ID="string_53" HPOS="1410" VPOS="466" WIDTH="55" HEIGHT="29" WC="0.96" CONTENT="för"/><SP WIDTH="29" VPOS="466" HPOS="1465"/>
							<String ID="string_54" HPOS="1494" VPOS="468" WIDTH="50" HEIGHT="27" WC="0.93" CONTENT="att"/><SP WIDTH="30" VPOS="468" HPOS="1544"/>
							<String ID="string_55" HPOS="1574" VPOS="466" WIDTH="157" HEIGHT="38" WC="0.91" CONTENT="upprätt-"/>
						</TextLine>
						<TextLine ID="line_6" HPOS="245" VPOS="526" WIDTH="440" HEIGHT="39">
							<String ID="string_56" HPOS="245" VPOS="527" WIDTH="95" HEIGHT="29" WC="0.96" CONTENT="hålla"/><SP WIDTH="25" VPOS="527" HPOS="340"/>
							<String ID="string_57" HPOS="365" VPOS="526" WIDTH="320" HEIGHT="39" WC="0.96" CONTENT="sysselsättningen."/>
						</TextLine>
					</TextBlock>
					<TextBlock ID="block_2" HPOS="246" VPOS="573" WIDTH="1487" HEIGHT="358">
						<TextLine ID="line_7" HPOS="303" VPOS="573" WIDTH="1428" HEIGHT="43">
							<String ID="string_58" HPOS="303" VPOS="580" WIDTH="106" HEIGHT="29" WC="0.96" CONTENT="Såvitt"/><SP WIDTH="19" VPOS="580" HPOS="409"/>
							<String ID="string_59" HPOS="428" VPOS="588" WIDTH="47" HEIGHT="20" WC="0.96" CONTENT="nu"/><SP WIDTH="20" VPOS="588" HPOS="475"/>
							<String ID="string_60" HPOS="495" VPOS="579" WIDTH="70" HEIGHT="29" WC="0.96" CONTENT="kan"/><SP WIDTH="18" VPOS="579" HPOS="565"/>
							<String ID="string_61" HPOS="583" VPOS="578" WIDTH="165" HEIGHT="30" WC="0.96" CONTENT="bedömas"/><SP WIDTH="20" VPOS="578" HPOS="748"/>
							<String ID="string_62" HPOS="768" VPOS="573" WIDTH="101" HEIGHT="43" WC="0.96" CONTENT="synes"/><SP WIDTH="20" VPOS="573" HPOS="869"/>
							<String ID="string_63" HPOS="889" VPOS="586" WIDTH="82" HEIGHT="19" WC="0.96" CONTENT="man"/><SP WIDTH="19" VPOS="586" HPOS="971"/>
							<String ID="string_64" HPOS="990" VPOS="576" WIDTH="35" HEIGHT="29" WC="0.96" CONTENT="få"/><SP WIDTH="20" VPOS="576" HPOS="1025"/>
							<String ID="string_65" HPOS="1045" VPOS="576" WIDTH="109" HEIGHT="29" WC="0.96" CONTENT="räkna"/><SP WIDTH="20" VPOS="576" HPOS="1154"/>
							<String ID="string_66" HPOS="1174" VPOS="575" WIDTH="78" HEIGHT="29" WC="0.96" CONTENT="med"/><SP WIDTH="20" VPOS="575" HPOS="1252"/>
							<String ID="string_67" HPOS="1272" VPOS="584" WIDTH="42" HEIGHT="20" WC="0.95" CONTENT="en"/><SP WIDTH="20" VPOS="584" HPOS="1314"/>
							<String ID="string_68" HPOS="1334" VPOS="573" WIDTH="231" HEIGHT="30" WC="0.93" CONTENT="kvarstående"/><SP WIDTH="20" VPOS="573" HPOS="1565"/>
							<String ID="string_69" HPOS="1585" VPOS="574" WIDTH="146" HEIGHT="28" WC="0.92" CONTENT="avmatt-"/>
						</TextLine>
						<TextLine ID="line_8" HPOS="246" VPOS="626" WIDTH="1486" HEIGHT="47">
							<String ID="string_70" HPOS="246" VPOS="634" WIDTH="83" HEIGHT="39" WC="0.96" CONTENT="ning"/><SP WIDTH="18" VPOS="634" HPOS="329"/>
							<String ID="string_71" HPOS="347" VPOS="634" WIDTH="11" HEIGHT="28" WC="0.96" CONTENT="i"/><SP WIDTH="18" VPOS="634" HPOS="358"/>
							<String ID="string_72" HPOS="376" VPOS="633" WIDTH="215" HEIGHT="38" WC="0.96" CONTENT="efterfrågan"/><SP WIDTH="18" VPOS="633" HPOS="591"/>
							<String ID="string_73" HPOS="609" VPOS="631" WIDTH="44" HEIGHT="40" WC="0.96" CONTENT="på"/><SP WIDTH="19" VPOS="631" HPOS="653"/>
							<String ID="string_74" HPOS="672" VPOS="631" WIDTH="213" HEIGHT="30" WC="0.96" CONTENT="arbetskraft"/><SP WIDTH="19" VPOS="631" HPOS="885"/>
							<String ID="string_75" HPOS="904" VPOS="630" WIDTH="112" HEIGHT="29" WC="0.96" CONTENT="under"/><SP WIDTH="19" VPOS="630" HPOS="1016"/>
							<String ID="string_76" HPOS="1035" VPOS="630" WIDTH="40" HEIGHT="28" WC="0.96" CONTENT="de"/><SP WIDTH="20" VPOS="630" HPOS="1075"/>
							<String ID="string_77" HPOS="1095" VPOS="630" WIDTH="177" HEIGHT="29" WC="0.96" CONTENT="närmaste"/><SP WIDTH="21" VPOS="630" HPOS="1272"/>
							<String ID="string_78" HPOS="1293" VPOS="627" WIDTH="225" HEIGHT="30" WC="0.96" CONTENT="månaderna."/><SP WIDTH="20" VPOS="627" HPOS="1518"/>
							<String ID="string_79" HPOS="1538" VPOS="626" WIDTH="85" HEIGHT="30" WC="0.91" CONTENT="Risk"/><SP WIDTH="19" VPOS="626" HPOS="1623"/>
							<String ID="string_80" HPOS="1642" VPOS="626" WIDTH="90" HEIGHT="30" WC="0.91" CONTENT="före-"/>
						</TextLine>
						<TextLine ID="line_9" HPOS="246" VPOS="680" WIDTH="1486" HEIGHT="47">
							<String ID="string_81" HPOS="246" VPOS="688" WIDTH="107" HEIGHT="39" WC="0.96" CONTENT="ligger"/><SP WIDTH="21" VPOS="688" HPOS="353"/>
							<String ID="string_82" HPOS="374" VPOS="687" WIDTH="53" HEIGHT="29" WC="0.93" CONTENT="för"/><SP WIDTH="23" VPOS="687" HPOS="427"/>
							<String ID="string_83" HPOS="450" VPOS="684" WIDTH="487" HEIGHT="41" WC="0.91" CONTENT="sysselsättningsstörningar"/><SP WIDTH="22" VPOS="684" HPOS="937"/>
							<String ID="string_84" HPOS="959" VPOS="684" WIDTH="95" HEIGHT="28" WC="0.96" CONTENT="inom"/><SP WIDTH="21" VPOS="684" HPOS="1054"/>
							<String ID="string_85" HPOS="1075" VPOS="682" WIDTH="92" HEIGHT="30" WC="0.96" CONTENT="vissa"/><SP WIDTH="21" VPOS="682" HPOS="1167"/>
							<String ID="string_86" HPOS="1188" VPOS="682" WIDTH="191" HEIGHT="29" WC="0.96" CONTENT="branscher"/><SP WIDTH="22" VPOS="682" HPOS="1379"/>
							<String ID="string_87" HPOS="1401" VPOS="681" WIDTH="83" HEIGHT="29" WC="0.96" CONTENT="eller"/><SP WIDTH="22" VPOS="681" HPOS="1484"/>
							<String ID="string_88" HPOS="1506" VPOS="680" WIDTH="57" HEIGHT="29" WC="0.96" CONTENT="vid"/><SP WIDTH="22" VPOS="680" HPOS="1563"/>
							<String ID="string_89" HPOS="1585" VPOS="680" WIDTH="147" HEIGHT="29" WC="0.96" CONTENT="enstaka"/>
						</TextLine>
						<TextLine ID="line_10" HPOS="247" VPOS="733" WIDTH="1486" HEIGHT="46">
							<String ID="string_90" HPOS="247" VPOS="741" WIDTH="143" HEIGHT="38" WC="0.96" CONTENT="företag."/><SP WIDTH="18" VPOS="741" HPOS="390"/>
							<String ID="string_91" HPOS="408" VPOS="740" WIDTH="148" HEIGHT="30" WC="0.96" CONTENT="Särskilt"/><SP WIDTH="17" VPOS="740" HPOS="556"/>
							<String ID="string_92" HPOS="573" VPOS="739" WIDTH="52" HEIGHT="30" WC="0.96" CONTENT="för"/><SP WIDTH="17" VPOS="739" HPOS="625"/>
							<String ID="string_93" HPOS="642" VPOS="739" WIDTH="196" HEIGHT="39" WC="0.96" CONTENT="ungdomar"/><SP WIDTH="16" VPOS="739" HPOS="838"/>
							<String ID="string_94" HPOS="854" VPOS="740" WIDTH="85" HEIGHT="27" WC="0.96" CONTENT="utan"/><SP WIDTH="17" VPOS="740" HPOS="939"/>
							<String ID="string_95" HPOS="956" VPOS="736" WIDTH="197" HEIGHT="39" WC="0.96" CONTENT="utbildning"/><SP WIDTH="16" VPOS="736" HPOS="1153"/>
							<String ID="string_96" HPOS="1169" VPOS="736" WIDTH="66" HEIGHT="29" WC="0.96" CONTENT="och"/><SP WIDTH="18" VPOS="736" HPOS="1235"/>
							<String ID="string_97" HPOS="1253" VPOS="735" WIDTH="54" HEIGHT="29" WC="0.96" CONTENT="för"/><SP WIDTH="16" VPOS="735" HPOS="1307"/>
							<String ID="string_98" HPOS="1323" VPOS="743" WIDTH="165" HEIGHT="31" WC="0.96" CONTENT="personer"/><SP WIDTH="19" VPOS="743" HPOS="1488"/>
							<String ID="string_99" HPOS="1507" VPOS="734" WIDTH="77" HEIGHT="29" WC="0.92" CONTENT="med"/><SP WIDTH="18" VPOS="734" HPOS="1584"/>
							<String ID="string_100" HPOS="1602" VPOS="733" WIDTH="131" HEIGHT="29" WC="0.89" CONTENT="arbets-"/>
						</TextLine>
						<TextLine ID="line_11" HPOS="247" VPOS="787" WIDTH="1486" HEIGHT="46">
							<String ID="string_101" HPOS="247" VPOS="795" WIDTH="125" HEIGHT="29" WC="0.96" CONTENT="hinder"/><SP WIDTH="21" VPOS="795" HPOS="372"/>
							<String ID="string_102" HPOS="393" VPOS="803" WIDTH="41" HEIGHT="21" WC="0.96" CONTENT="av"/><SP WIDTH="21" VPOS="803" HPOS="434"/>
							<String ID="string_103" HPOS="455" VPOS="793" WIDTH="105" HEIGHT="40" WC="0.96" CONTENT="något"/><SP WIDTH="23" VPOS="793" HPOS="560"/>
							<String ID="string_104" HPOS="583" VPOS="793" WIDTH="71" HEIGHT="38" WC="0.96" CONTENT="slag"/><SP WIDTH="22" VPOS="793" HPOS="654"/>
							<String ID="string_105" HPOS="676" VPOS="793" WIDTH="70" HEIGHT="28" WC="0.96" CONTENT="kan"/><SP WIDTH="24" VPOS="793" HPOS="746"/>
							<String ID="string_106" HPOS="770" VPOS="792" WIDTH="56" HEIGHT="29" WC="0.96" CONTENT="det"/><SP WIDTH="21" VPOS="792" HPOS="826"/>
							<String ID="string_107" HPOS="847" VPOS="792" WIDTH="47" HEIGHT="29" WC="0.96" CONTENT="bli"/><SP WIDTH="23" VPOS="792" HPOS="894"/>
							<String ID="string_108" HPOS="917" VPOS="791" WIDTH="94" HEIGHT="29" WC="0.96" CONTENT="svårt"/><SP WIDTH="23" VPOS="791" HPOS="1011"/>
							<String ID="string_109" HPOS="1034" VPOS="792" WIDTH="49" HEIGHT="27" WC="0.96" CONTENT="att"/><SP WIDTH="22" VPOS="792" HPOS="1083"/>
							<String ID="string_110" HPOS="1105" VPOS="790" WIDTH="100" HEIGHT="29" WC="0.96" CONTENT="finna"/><SP WIDTH="25" VPOS="790" HPOS="1205"/>
							<String ID="string_111" HPOS="1230" VPOS="788" WIDTH="276" HEIGHT="40" WC="0.95" CONTENT="sysselsättning."/><SP WIDTH="24" VPOS="788" HPOS="1506"/>
							<String ID="string_112" HPOS="1530" VPOS="788" WIDTH="49" HEIGHT="28" WC="0.93" CONTENT="De"/><SP WIDTH="23" VPOS="788" HPOS="1579"/>
							<String ID="string_113" HPOS="1602" VPOS="787" WIDTH="131" HEIGHT="29" WC="0.91" CONTENT="arbets-"/>
						</TextLine>
						<TextLine ID="line_12" HPOS="248" VPOS="840" WIDTH="1485" HEIGHT="46">
							<String ID="string_114" HPOS="248" VPOS="847" WIDTH="359" HEIGHT="39" WC="0.91" CONTENT="marknadspolitiska"/><SP WIDTH="31" VPOS="847" HPOS="607"/>
							<String ID="string_115" HPOS="638" VPOS="846" WIDTH="209" HEIGHT="39" WC="0.96" CONTENT="åtgärderna"/><SP WIDTH="31" VPOS="846" HPOS="847"/>
							<String ID="string_116" HPOS="878" VPOS="844" WIDTH="111" HEIGHT="30" WC="0.96" CONTENT="måste"/><SP WIDTH="33" VPOS="844" HPOS="989"/>
							<String ID="string_117" HPOS="1022" VPOS="844" WIDTH="173" HEIGHT="29" WC="0.96" CONTENT="utformas"/><SP WIDTH="33" VPOS="844" HPOS="1195"/>
							<String ID="string_118" HPOS="1228" VPOS="842" WIDTH="78" HEIGHT="30" WC="0.96" CONTENT="med"/><SP WIDTH="33" VPOS="842" HPOS="1306"/>
							<String ID="string_119" HPOS="1339" VPOS="841" WIDTH="307" HEIGHT="39" WC="0.91" CONTENT="hänsynstagande"/><SP WIDTH="34" VPOS="841" HPOS="1646"/>
							<String ID="string_120" HPOS="1680" VPOS="840" WIDTH="53" HEIGHT="30" WC="0.92" CONTENT="till"/>
						</TextLine>
						<TextLine ID="line_13" HPOS="248" VPOS="900" WIDTH="375" HEIGHT="31">
							<String ID="string_121" HPOS="248" VPOS="902" WIDTH="101" HEIGHT="29" WC="0.96" CONTENT="dessa"/><SP WIDTH="19" VPOS="902" HPOS="349"/>
							<String ID="string_122" HPOS="368" VPOS="900" WIDTH="255" HEIGHT="30" WC="0.95" CONTENT="förhållanden."/>
						</TextLine>
					</TextBlock>
					<TextBlock ID="block_3" HPOS="248" VPOS="947" WIDTH="1490" HEIGHT="952">
						<TextLine ID="line_14" HPOS="304" VPOS="947" WIDTH="1430" HEIGHT="44">
							<String ID="string_123" HPOS="304" VPOS="955" WIDTH="91" HEIGHT="29" WC="0.96" CONTENT="Även"/><SP WIDTH="20" VPOS="955" HPOS="395"/>
							<String ID="string_124" HPOS="415" VPOS="955" WIDTH="10" HEIGHT="28" WC="0.96" CONTENT="i"/><SP WIDTH="19" VPOS="955" HPOS="425"/>
							<String ID="string_125" HPOS="444" VPOS="955" WIDTH="57" HEIGHT="29" WC="0.96" CONTENT="det"/><SP WIDTH="20" VPOS="955" HPOS="501"/>
							<String ID="string_126" HPOS="521" VPOS="953" WIDTH="201" HEIGHT="30" WC="0.96" CONTENT="nuvarande"/><SP WIDTH="21" VPOS="953" HPOS="722"/>
							<String ID="string_127" HPOS="743" VPOS="953" WIDTH="89" HEIGHT="38" WC="0.96" CONTENT="läget"/><SP WIDTH="20" VPOS="953" HPOS="832"/>
							<String ID="string_128" HPOS="852" VPOS="951" WIDTH="109" HEIGHT="30" WC="0.96" CONTENT="måste"/><SP WIDTH="20" VPOS="951" HPOS="961"/>
							<String ID="string_129" HPOS="981" VPOS="951" WIDTH="160" HEIGHT="38" WC="0.96" CONTENT="åtgärder"/><SP WIDTH="20" VPOS="951" HPOS="1141"/>
							<String ID="string_130" HPOS="1161" VPOS="950" WIDTH="133" HEIGHT="39" WC="0.96" CONTENT="ägnade"/><SP WIDTH="21" VPOS="950" HPOS="1294"/>
							<String ID="string_131" HPOS="1315" VPOS="951" WIDTH="49" HEIGHT="27" WC="0.96" CONTENT="att"/><SP WIDTH="19" VPOS="951" HPOS="1364"/>
							<String ID="string_132" HPOS="1383" VPOS="949" WIDTH="200" HEIGHT="29" WC="0.93" CONTENT="underlätta"/><SP WIDTH="20" VPOS="949" HPOS="1583"/>
							<String ID="string_133" HPOS="1603" VPOS="947" WIDTH="131" HEIGHT="30" WC="0.92" CONTENT="arbets-"/>
						</TextLine>
						<TextLine ID="line_15" HPOS="248" VPOS="1001" WIDTH="1486" HEIGHT="45">
							<String ID="string_134" HPOS="248" VPOS="1009" WIDTH="158" HEIGHT="28" WC="0.91" CONTENT="kraftens"/><SP WIDTH="20" VPOS="1009" HPOS="406"/>
							<String ID="string_135" HPOS="426" VPOS="1008" WIDTH="167" HEIGHT="38" WC="0.96" CONTENT="rörlighet"/><SP WIDTH="19" VPOS="1008" HPOS="593"/>
							<String ID="string_136" HPOS="612" VPOS="1007" WIDTH="169" HEIGHT="29" WC="0.96" CONTENT="tillmätas"/><SP WIDTH="20" VPOS="1007" HPOS="781"/>
							<String ID="string_137" HPOS="801" VPOS="1006" WIDTH="65" HEIGHT="29" WC="0.96" CONTENT="den"/><SP WIDTH="21" VPOS="1006" HPOS="866"/>
							<String ID="string_138" HPOS="887" VPOS="1006" WIDTH="128" HEIGHT="28" WC="0.96" CONTENT="största"/><SP WIDTH="20" VPOS="1006" HPOS="1015"/>
							<String ID="string_139" HPOS="1035" VPOS="1004" WIDTH="185" HEIGHT="39" WC="0.93" CONTENT="betydelse."/><SP WIDTH="23" VPOS="1004" HPOS="1220"/>
							<String ID="string_140" HPOS="1243" VPOS="1001" WIDTH="491" HEIGHT="39" WC="0.92" CONTENT="Arbetsmarknadsstyrelsen"/>
						</TextLine>
						<TextLine ID="line_16" HPOS="248" VPOS="1054" WIDTH="1487" HEIGHT="44">
							<String ID="string_141" HPOS="248" VPOS="1062" WIDTH="65" HEIGHT="29" WC="0.96" CONTENT="har"/><SP WIDTH="24" VPOS="1062" HPOS="313"/>
							<String ID="string_142" HPOS="337" VPOS="1061" WIDTH="119" HEIGHT="30" WC="0.96" CONTENT="därför"/><SP WIDTH="24" VPOS="1061" HPOS="456"/>
							<String ID="string_143" HPOS="480" VPOS="1061" WIDTH="45" HEIGHT="29" WC="0.67" CONTENT="bl."/><SP WIDTH="15" VPOS="1061" HPOS="525"/>
							<String ID="string_144" HPOS="540" VPOS="1070" WIDTH="29" HEIGHT="20" WC="0.67" CONTENT="a."/><SP WIDTH="25" VPOS="1070" HPOS="569"/>
							<String ID="string_145" HPOS="594" VPOS="1060" WIDTH="127" HEIGHT="29" WC="0.96" CONTENT="beretts"/><SP WIDTH="27" VPOS="1060" HPOS="721"/>
							<String ID="string_146" HPOS="748" VPOS="1058" WIDTH="220" HEIGHT="40" WC="0.96" CONTENT="möjligheter"/><SP WIDTH="26" VPOS="1058" HPOS="968"/>
							<String ID="string_147" HPOS="994" VPOS="1060" WIDTH="50" HEIGHT="27" WC="0.96" CONTENT="att"/><SP WIDTH="24" VPOS="1060" HPOS="1044"/>
							<String ID="string_148" HPOS="1068" VPOS="1057" WIDTH="169" HEIGHT="38" WC="0.96" CONTENT="tillfälligt"/><SP WIDTH="26" VPOS="1057" HPOS="1237"/>
							<String ID="string_149" HPOS="1263" VPOS="1056" WIDTH="177" HEIGHT="29" WC="0.93" CONTENT="förstärka"/><SP WIDTH="25" VPOS="1056" HPOS="1440"/>
							<String ID="string_150" HPOS="1465" VPOS="1054" WIDTH="270" HEIGHT="30" WC="0.92" CONTENT="arbetsförmed-"/>
						</TextLine>
						<TextLine ID="line_17" HPOS="249" VPOS="1108" WIDTH="1485" HEIGHT="46">
							<String ID="string_151" HPOS="249" VPOS="1116" WIDTH="116" HEIGHT="38" WC="0.95" CONTENT="lingen"/><SP WIDTH="31" VPOS="1116" HPOS="365"/>
							<String ID="string_152" HPOS="396" VPOS="1115" WIDTH="44" HEIGHT="39" WC="0.95" CONTENT="på"/><SP WIDTH="33" VPOS="1115" HPOS="440"/>
							<String ID="string_153" HPOS="473" VPOS="1116" WIDTH="93" HEIGHT="27" WC="0.96" CONTENT="orter"/><SP WIDTH="33" VPOS="1116" HPOS="566"/>
							<String ID="string_154" HPOS="599" VPOS="1114" WIDTH="77" HEIGHT="28" WC="0.96" CONTENT="med"/><SP WIDTH="34" VPOS="1114" HPOS="676"/>
							<String ID="string_155" HPOS="710" VPOS="1122" WIDTH="96" HEIGHT="20" WC="0.96" CONTENT="mera"/><SP WIDTH="33" VPOS="1122" HPOS="806"/>
							<String ID="string_156" HPOS="839" VPOS="1111" WIDTH="263" HEIGHT="30" WC="0.91" CONTENT="framträdande"/><SP WIDTH="35" VPOS="1111" HPOS="1102"/>
							<String ID="string_157" HPOS="1137" VPOS="1108" WIDTH="513" HEIGHT="41" WC="0.89" CONTENT="sysselsättningssvårigheter."/><SP WIDTH="35" VPOS="1108" HPOS="1650"/>
							<String ID="string_158" HPOS="1685" VPOS="1108" WIDTH="49" HEIGHT="29" WC="0.94" CONTENT="De"/>
						</TextLine>
						<TextLine ID="line_18" HPOS="249" VPOS="1161" WIDTH="1487" HEIGHT="44">
							<String ID="string_159" HPOS="249" VPOS="1169" WIDTH="96" HEIGHT="29" WC="0.96" CONTENT="förra"/><SP WIDTH="32" VPOS="1169" HPOS="345"/>
							<String ID="string_160" HPOS="377" VPOS="1168" WIDTH="73" HEIGHT="30" WC="0.96" CONTENT="året"/><SP WIDTH="32" VPOS="1168" HPOS="450"/>
							<String ID="string_161" HPOS="482" VPOS="1167" WIDTH="202" HEIGHT="30" WC="0.96" CONTENT="redovisade"/><SP WIDTH="34" VPOS="1167" HPOS="684"/>
							<String ID="string_162" HPOS="718" VPOS="1166" WIDTH="209" HEIGHT="39" WC="0.96" CONTENT="åtgärderna"/><SP WIDTH="33" VPOS="1166" HPOS="927"/>
							<String ID="string_163" HPOS="960" VPOS="1165" WIDTH="55" HEIGHT="29" WC="0.96" CONTENT="för"/><SP WIDTH="33" VPOS="1165" HPOS="1015"/>
							<String ID="string_164" HPOS="1048" VPOS="1166" WIDTH="49" HEIGHT="27" WC="0.96" CONTENT="att"/><SP WIDTH="34" VPOS="1166" HPOS="1097"/>
							<String ID="string_165" HPOS="1131" VPOS="1164" WIDTH="245" HEIGHT="29" WC="0.96" CONTENT="åstadkomma"/><SP WIDTH="33" VPOS="1164" HPOS="1376"/>
							<String ID="string_166" HPOS="1409" VPOS="1162" WIDTH="92" HEIGHT="30" WC="0.96" CONTENT="ökad"/><SP WIDTH="36" VPOS="1162" HPOS="1501"/>
							<String ID="string_167" HPOS="1537" VPOS="1161" WIDTH="199" HEIGHT="40" WC="0.96" CONTENT="geografisk"/>
						</TextLine>
						<TextLine ID="line_19" HPOS="249" VPOS="1215" WIDTH="1486" HEIGHT="46">
							<String ID="string_168" HPOS="249" VPOS="1222" WIDTH="165" HEIGHT="39" WC="0.96" CONTENT="rörlighet"/><SP WIDTH="27" VPOS="1222" HPOS="414"/>
							<String ID="string_169" HPOS="441" VPOS="1231" WIDTH="42" HEIGHT="19" WC="0.96" CONTENT="av"/><SP WIDTH="27" VPOS="1231" HPOS="483"/>
							<String ID="string_170" HPOS="510" VPOS="1220" WIDTH="258" HEIGHT="30" WC="0.93" CONTENT="arbetskraften"/><SP WIDTH="26" VPOS="1220" HPOS="768"/>
							<String ID="string_171" HPOS="794" VPOS="1237" WIDTH="40" HEIGHT="3" WC="0.92" CONTENT="—"/><SP WIDTH="28" VPOS="1237" HPOS="834"/>
							<String ID="string_172" HPOS="862" VPOS="1218" WIDTH="199" HEIGHT="30" WC="0.96" CONTENT="reviderade"/><SP WIDTH="27" VPOS="1218" HPOS="1061"/>
							<String ID="string_173" HPOS="1088" VPOS="1217" WIDTH="263" HEIGHT="30" WC="0.96" CONTENT="bestämmelser"/><SP WIDTH="27" VPOS="1217" HPOS="1351"/>
							<String ID="string_174" HPOS="1378" VPOS="1216" WIDTH="150" HEIGHT="29" WC="0.93" CONTENT="rörande"/><SP WIDTH="26" VPOS="1216" HPOS="1528"/>
							<String ID="string_175" HPOS="1554" VPOS="1224" WIDTH="88" HEIGHT="20" WC="0.89" CONTENT="rese-"/><SP WIDTH="28" VPOS="1224" HPOS="1642"/>
							<String ID="string_176" HPOS="1670" VPOS="1215" WIDTH="65" HEIGHT="28" WC="0.96" CONTENT="och"/>
						</TextLine>
						<TextLine ID="line_20" HPOS="249" VPOS="1268" WIDTH="1487" HEIGHT="47">
							<String ID="string_177" HPOS="249" VPOS="1274" WIDTH="422" HEIGHT="41" WC="0.91" CONTENT="flyttningsersättningar"/><SP WIDTH="19" VPOS="1274" HPOS="671"/>
							<String ID="string_178" HPOS="690" VPOS="1274" WIDTH="54" HEIGHT="29" WC="0.96" CONTENT="till"/><SP WIDTH="21" VPOS="1274" HPOS="744"/>
							<String ID="string_179" HPOS="765" VPOS="1273" WIDTH="200" HEIGHT="33" WC="0.93" CONTENT="arbetslösa,"/><SP WIDTH="22" VPOS="1273" HPOS="965"/>
							<String ID="string_180" HPOS="987" VPOS="1271" WIDTH="235" HEIGHT="30" WC="0.91" CONTENT="anskaffande"/><SP WIDTH="21" VPOS="1271" HPOS="1222"/>
							<String ID="string_181" HPOS="1243" VPOS="1280" WIDTH="41" HEIGHT="19" WC="0.96" CONTENT="av"/><SP WIDTH="19" VPOS="1280" HPOS="1284"/>
							<String ID="string_182" HPOS="1303" VPOS="1269" WIDTH="162" HEIGHT="30" WC="0.96" CONTENT="bostäder"/><SP WIDTH="20" VPOS="1269" HPOS="1465"/>
							<String ID="string_183" HPOS="1485" VPOS="1269" WIDTH="45" HEIGHT="39" WC="0.96" CONTENT="på"/><SP WIDTH="20" VPOS="1269" HPOS="1530"/>
							<String ID="string_184" HPOS="1550" VPOS="1270" WIDTH="101" HEIGHT="32" WC="0.96" CONTENT="orter,"/><SP WIDTH="22" VPOS="1270" HPOS="1651"/>
							<String ID="string_185" HPOS="1673" VPOS="1268" WIDTH="63" HEIGHT="29" WC="0.96" CONTENT="där"/>
						</TextLine>
						<TextLine ID="line_21" HPOS="249" VPOS="1321" WIDTH="1487" HEIGHT="46">
							<String ID="string_186" HPOS="249" VPOS="1330" WIDTH="58" HEIGHT="29" WC="0.96" CONTENT="det"/><SP WIDTH="18" VPOS="1330" HPOS="307"/>
							<String ID="string_187" HPOS="325" VPOS="1329" WIDTH="94" HEIGHT="29" WC="0.96" CONTENT="finns"/><SP WIDTH="19" VPOS="1329" HPOS="419"/>
							<String ID="string_188" HPOS="438" VPOS="1328" WIDTH="221" HEIGHT="39" WC="0.96" CONTENT="möjligheter"/><SP WIDTH="18" VPOS="1328" HPOS="659"/>
							<String ID="string_189" HPOS="677" VPOS="1329" WIDTH="51" HEIGHT="28" WC="0.96" CONTENT="att"/><SP WIDTH="18" VPOS="1329" HPOS="728"/>
							<String ID="string_190" HPOS="746" VPOS="1327" WIDTH="138" HEIGHT="39" WC="0.96" CONTENT="placera"/><SP WIDTH="16" VPOS="1327" HPOS="884"/>
							<String ID="string_191" HPOS="900" VPOS="1325" WIDTH="200" HEIGHT="40" WC="0.95" CONTENT="ytterligare"/><SP WIDTH="20" VPOS="1325" HPOS="1100"/>
							<String ID="string_192" HPOS="1120" VPOS="1323" WIDTH="224" HEIGHT="34" WC="0.96" CONTENT="arbetskraft,"/><SP WIDTH="21" VPOS="1323" HPOS="1344"/>
							<String ID="string_193" HPOS="1365" VPOS="1324" WIDTH="91" HEIGHT="28" WC="0.92" CONTENT="samt"/><SP WIDTH="19" VPOS="1324" HPOS="1456"/>
							<String ID="string_194" HPOS="1475" VPOS="1321" WIDTH="261" HEIGHT="40" WC="0.91" CONTENT="familjebidrag"/>
						</TextLine>
						<TextLine ID="line_22" HPOS="249" VPOS="1375" WIDTH="1487" HEIGHT="46">
							<String ID="string_195" HPOS="249" VPOS="1383" WIDTH="53" HEIGHT="30" WC="0.93" CONTENT="till"/><SP WIDTH="19" VPOS="1383" HPOS="302"/>
							<String ID="string_196" HPOS="321" VPOS="1382" WIDTH="338" HEIGHT="39" WC="0.90" CONTENT="familjeförsörjare,"/><SP WIDTH="21" VPOS="1382" HPOS="659"/>
							<String ID="string_197" HPOS="680" VPOS="1390" WIDTH="76" HEIGHT="20" WC="0.96" CONTENT="som"/><SP WIDTH="19" VPOS="1390" HPOS="756"/>
							<String ID="string_198" HPOS="775" VPOS="1380" WIDTH="170" HEIGHT="30" WC="0.96" CONTENT="tillträder"/><SP WIDTH="20" VPOS="1380" HPOS="945"/>
							<String ID="string_199" HPOS="965" VPOS="1378" WIDTH="212" HEIGHT="39" WC="0.96" CONTENT="anställning"/><SP WIDTH="19" VPOS="1378" HPOS="1177"/>
							<String ID="string_200" HPOS="1196" VPOS="1377" WIDTH="46" HEIGHT="40" WC="0.96" CONTENT="på"/><SP WIDTH="19" VPOS="1377" HPOS="1242"/>
							<String ID="string_201" HPOS="1261" VPOS="1386" WIDTH="116" HEIGHT="21" WC="0.96" CONTENT="annan"/><SP WIDTH="19" VPOS="1386" HPOS="1377"/>
							<String ID="string_202" HPOS="1396" VPOS="1378" WIDTH="54" HEIGHT="28" WC="0.96" CONTENT="ort"/><SP WIDTH="20" VPOS="1378" HPOS="1450"/>
							<String ID="string_203" HPOS="1470" VPOS="1385" WIDTH="80" HEIGHT="21" WC="0.96" CONTENT="men"/><SP WIDTH="20" VPOS="1385" HPOS="1550"/>
							<String ID="string_204" HPOS="1570" VPOS="1384" WIDTH="75" HEIGHT="20" WC="0.96" CONTENT="som"/><SP WIDTH="19" VPOS="1384" HPOS="1645"/>
							<String ID="string_205" HPOS="1664" VPOS="1375" WIDTH="72" HEIGHT="29" WC="0.96" CONTENT="inte"/>
						</TextLine>
						<TextLine ID="line_23" HPOS="250" VPOS="1428" WIDTH="1486" HEIGHT="44">
							<String ID="string_206" HPOS="250" VPOS="1436" WIDTH="213" HEIGHT="30" WC="0.96" CONTENT="omedelbart"/><SP WIDTH="28" VPOS="1436" HPOS="463"/>
							<String ID="string_207" HPOS="491" VPOS="1436" WIDTH="69" HEIGHT="28" WC="0.96" CONTENT="kan"/><SP WIDTH="29" VPOS="1436" HPOS="560"/>
							<String ID="string_208" HPOS="589" VPOS="1434" WIDTH="131" HEIGHT="30" WC="0.93" CONTENT="erhålla"/><SP WIDTH="29" VPOS="1434" HPOS="720"/>
							<String ID="string_209" HPOS="749" VPOS="1433" WIDTH="261" HEIGHT="39" WC="0.91" CONTENT="familjebostad"/><SP WIDTH="29" VPOS="1433" HPOS="1010"/>
							<String ID="string_210" HPOS="1039" VPOS="1433" WIDTH="61" HEIGHT="28" WC="0.93" CONTENT="där"/><SP WIDTH="27" VPOS="1433" HPOS="1100"/>
							<String ID="string_211" HPOS="1127" VPOS="1450" WIDTH="43" HEIGHT="2" WC="0.91" CONTENT="—"/><SP WIDTH="27" VPOS="1450" HPOS="1170"/>
							<String ID="string_212" HPOS="1197" VPOS="1432" WIDTH="64" HEIGHT="28" WC="0.96" CONTENT="har"/><SP WIDTH="28" VPOS="1432" HPOS="1261"/>
							<String ID="string_213" HPOS="1289" VPOS="1430" WIDTH="89" HEIGHT="29" WC="0.96" CONTENT="visat"/><SP WIDTH="27" VPOS="1430" HPOS="1378"/>
							<String ID="string_214" HPOS="1405" VPOS="1430" WIDTH="51" HEIGHT="39" WC="0.96" CONTENT="sig"/><SP WIDTH="28" VPOS="1430" HPOS="1456"/>
							<String ID="string_215" HPOS="1484" VPOS="1430" WIDTH="55" HEIGHT="29" WC="0.96" CONTENT="väl"/><SP WIDTH="29" VPOS="1430" HPOS="1539"/>
							<String ID="string_216" HPOS="1568" VPOS="1429" WIDTH="85" HEIGHT="39" WC="0.96" CONTENT="fylla"/><SP WIDTH="28" VPOS="1429" HPOS="1653"/>
							<String ID="string_217" HPOS="1681" VPOS="1428" WIDTH="55" HEIGHT="29" WC="0.96" CONTENT="sin"/>
						</TextLine>
						<TextLine ID="line_24" HPOS="250" VPOS="1482" WIDTH="1487" HEIGHT="47">
							<String ID="string_218" HPOS="250" VPOS="1490" WIDTH="148" HEIGHT="39" WC="0.96" CONTENT="uppgift."/><SP WIDTH="20" VPOS="1490" HPOS="398"/>
							<String ID="string_219" HPOS="418" VPOS="1489" WIDTH="132" HEIGHT="29" WC="0.96" CONTENT="Genom"/><SP WIDTH="19" VPOS="1489" HPOS="550"/>
							<String ID="string_220" HPOS="569" VPOS="1488" WIDTH="112" HEIGHT="29" WC="0.96" CONTENT="beslut"/><SP WIDTH="20" VPOS="1488" HPOS="681"/>
							<String ID="string_221" HPOS="701" VPOS="1488" WIDTH="68" HEIGHT="29" WC="0.96" CONTENT="den"/><SP WIDTH="22" VPOS="1488" HPOS="769"/>
							<String ID="string_222" HPOS="791" VPOS="1487" WIDTH="38" HEIGHT="29" WC="0.96" CONTENT="19"/><SP WIDTH="21" VPOS="1487" HPOS="829"/>
							<String ID="string_223" HPOS="850" VPOS="1486" WIDTH="180" HEIGHT="30" WC="0.96" CONTENT="december"/><SP WIDTH="22" VPOS="1486" HPOS="1030"/>
							<String ID="string_224" HPOS="1052" VPOS="1485" WIDTH="83" HEIGHT="29" WC="0.96" CONTENT="1958"/><SP WIDTH="20" VPOS="1485" HPOS="1135"/>
							<String ID="string_225" HPOS="1155" VPOS="1485" WIDTH="64" HEIGHT="29" WC="0.96" CONTENT="har"/><SP WIDTH="21" VPOS="1485" HPOS="1219"/>
							<String ID="string_226" HPOS="1240" VPOS="1484" WIDTH="124" HEIGHT="38" WC="0.96" CONTENT="Kungl."/><SP WIDTH="21" VPOS="1484" HPOS="1364"/>
							<String ID="string_227" HPOS="1385" VPOS="1483" WIDTH="107" HEIGHT="39" WC="0.92" CONTENT="Maj:t"/><SP WIDTH="19" VPOS="1483" HPOS="1492"/>
							<String ID="string_228" HPOS="1511" VPOS="1482" WIDTH="226" HEIGHT="39" WC="0.91" CONTENT="bemyndigat"/>
						</TextLine>
						<TextLine ID="line_25" HPOS="251" VPOS="1535" WIDTH="1486" HEIGHT="47">
							<String ID="string_229" HPOS="251" VPOS="1543" WIDTH="168" HEIGHT="39" WC="0.96" CONTENT="styrelsen"/><SP WIDTH="18" VPOS="1543" HPOS="419"/>
							<String ID="string_230" HPOS="437" VPOS="1544" WIDTH="50" HEIGHT="28" WC="0.96" CONTENT="att"/><SP WIDTH="16" VPOS="1544" HPOS="487"/>
							<String ID="string_231" HPOS="503" VPOS="1542" WIDTH="186" HEIGHT="39" WC="0.96" CONTENT="disponera"/><SP WIDTH="17" VPOS="1542" HPOS="689"/>
							<String ID="string_232" HPOS="706" VPOS="1541" WIDTH="112" HEIGHT="29" WC="0.96" CONTENT="medel"/><SP WIDTH="18" VPOS="1541" HPOS="818"/>
							<String ID="string_233" HPOS="836" VPOS="1539" WIDTH="105" HEIGHT="30" WC="0.96" CONTENT="också"/><SP WIDTH="17" VPOS="1539" HPOS="941"/>
							<String ID="string_234" HPOS="958" VPOS="1539" WIDTH="55" HEIGHT="30" WC="0.93" CONTENT="för"/><SP WIDTH="17" VPOS="1539" HPOS="1013"/>
							<String ID="string_235" HPOS="1030" VPOS="1538" WIDTH="223" HEIGHT="30" WC="0.92" CONTENT="utbetalande"/><SP WIDTH="18" VPOS="1538" HPOS="1253"/>
							<String ID="string_236" HPOS="1271" VPOS="1547" WIDTH="41" HEIGHT="19" WC="0.96" CONTENT="av"/><SP WIDTH="18" VPOS="1547" HPOS="1312"/>
							<String ID="string_237" HPOS="1330" VPOS="1536" WIDTH="188" HEIGHT="40" WC="0.95" CONTENT="starthjälp"/><SP WIDTH="18" VPOS="1536" HPOS="1518"/>
							<String ID="string_238" HPOS="1536" VPOS="1536" WIDTH="52" HEIGHT="29" WC="0.93" CONTENT="till"/><SP WIDTH="18" VPOS="1536" HPOS="1588"/>
							<String ID="string_239" HPOS="1606" VPOS="1535" WIDTH="131" HEIGHT="30" WC="0.92" CONTENT="arbets-"/>
						</TextLine>
						<TextLine ID="line_26" HPOS="251" VPOS="1589" WIDTH="1487" HEIGHT="44">
							<String ID="string_240" HPOS="251" VPOS="1598" WIDTH="51" HEIGHT="29" WC="0.96" CONTENT="lös"/><SP WIDTH="20" VPOS="1598" HPOS="302"/>
							<String ID="string_241" HPOS="322" VPOS="1606" WIDTH="74" HEIGHT="20" WC="0.96" CONTENT="som"/><SP WIDTH="18" VPOS="1606" HPOS="396"/>
							<String ID="string_242" HPOS="414" VPOS="1596" WIDTH="150" HEIGHT="30" WC="0.96" CONTENT="erhåller"/><SP WIDTH="18" VPOS="1596" HPOS="564"/>
							<String ID="string_243" HPOS="582" VPOS="1594" WIDTH="214" HEIGHT="39" WC="0.96" CONTENT="anställning"/><SP WIDTH="17" VPOS="1594" HPOS="796"/>
							<String ID="string_244" HPOS="813" VPOS="1593" WIDTH="44" HEIGHT="40" WC="0.96" CONTENT="på"/><SP WIDTH="18" VPOS="1593" HPOS="857"/>
							<String ID="string_245" HPOS="875" VPOS="1602" WIDTH="118" HEIGHT="20" WC="0.96" CONTENT="annan"/><SP WIDTH="18" VPOS="1602" HPOS="993"/>
							<String ID="string_246" HPOS="1011" VPOS="1594" WIDTH="63" HEIGHT="28" WC="0.93" CONTENT="ort."/><SP WIDTH="31" VPOS="1594" HPOS="1074"/>
							<String ID="string_247" HPOS="1105" VPOS="1591" WIDTH="240" HEIGHT="39" WC="0.91" CONTENT="Starthjälpen"/><SP WIDTH="18" VPOS="1591" HPOS="1345"/>
							<String ID="string_248" HPOS="1363" VPOS="1590" WIDTH="56" HEIGHT="29" WC="0.96" CONTENT="må"/><SP WIDTH="17" VPOS="1590" HPOS="1419"/>
							<String ID="string_249" HPOS="1436" VPOS="1589" WIDTH="85" HEIGHT="40" WC="0.96" CONTENT="utgå"/><SP WIDTH="18" VPOS="1589" HPOS="1521"/>
							<String ID="string_250" HPOS="1539" VPOS="1589" WIDTH="79" HEIGHT="30" WC="0.96" CONTENT="med"/><SP WIDTH="16" VPOS="1589" HPOS="1618"/>
							<String ID="string_251" HPOS="1634" VPOS="1589" WIDTH="104" HEIGHT="38" WC="0.96" CONTENT="högst"/>
						</TextLine>
						<TextLine ID="line_27" HPOS="251" VPOS="1641" WIDTH="1485" HEIGHT="46">
							<String ID="string_252" HPOS="251" VPOS="1650" WIDTH="63" HEIGHT="30" WC="0.96" CONTENT="300"/><SP WIDTH="29" VPOS="1650" HPOS="314"/>
							<String ID="string_253" HPOS="343" VPOS="1650" WIDTH="129" HEIGHT="28" WC="0.96" CONTENT="kronor"/><SP WIDTH="29" VPOS="1650" HPOS="472"/>
							<String ID="string_254" HPOS="501" VPOS="1650" WIDTH="11" HEIGHT="28" WC="0.96" CONTENT="i"/><SP WIDTH="28" VPOS="1650" HPOS="512"/>
							<String ID="string_255" HPOS="540" VPOS="1649" WIDTH="97" HEIGHT="38" WC="0.96" CONTENT="varje"/><SP WIDTH="28" VPOS="1649" HPOS="637"/>
							<String ID="string_256" HPOS="665" VPOS="1647" WIDTH="144" HEIGHT="31" WC="0.96" CONTENT="särskilt"/><SP WIDTH="27" VPOS="1647" HPOS="809"/>
							<String ID="string_257" HPOS="836" VPOS="1646" WIDTH="71" HEIGHT="30" WC="0.95" CONTENT="fall."/><SP WIDTH="41" VPOS="1646" HPOS="907"/>
							<String ID="string_258" HPOS="948" VPOS="1645" WIDTH="244" HEIGHT="30" WC="0.96" CONTENT="Kostnaderna"/><SP WIDTH="28" VPOS="1645" HPOS="1192"/>
							<String ID="string_259" HPOS="1220" VPOS="1644" WIDTH="112" HEIGHT="29" WC="0.96" CONTENT="under"/><SP WIDTH="27" VPOS="1644" HPOS="1332"/>
							<String ID="string_260" HPOS="1359" VPOS="1642" WIDTH="206" HEIGHT="40" WC="0.93" CONTENT="budgetåret"/><SP WIDTH="30" VPOS="1642" HPOS="1565"/>
							<String ID="string_261" HPOS="1595" VPOS="1641" WIDTH="141" HEIGHT="31" WC="0.92" CONTENT="1958/59"/>
						</TextLine>
						<TextLine ID="line_28" HPOS="250" VPOS="1696" WIDTH="1487" HEIGHT="40">
							<String ID="string_262" HPOS="250" VPOS="1703" WIDTH="172" HEIGHT="30" WC="0.95" CONTENT="beräknas"/><SP WIDTH="20" VPOS="1703" HPOS="422"/>
							<String ID="string_263" HPOS="442" VPOS="1702" WIDTH="53" HEIGHT="29" WC="0.96" CONTENT="till"/><SP WIDTH="21" VPOS="1702" HPOS="495"/>
							<String ID="string_264" HPOS="516" VPOS="1703" WIDTH="160" HEIGHT="28" WC="0.96" CONTENT="närmare"/><SP WIDTH="23" VPOS="1703" HPOS="676"/>
							<String ID="string_265" HPOS="699" VPOS="1701" WIDTH="13" HEIGHT="28" WC="0.90" CONTENT="1"/><SP WIDTH="19" VPOS="1701" HPOS="712"/>
							<String ID="string_266" HPOS="731" VPOS="1700" WIDTH="63" HEIGHT="29" WC="0.90" CONTENT="000"/><SP WIDTH="15" VPOS="1700" HPOS="794"/>
							<String ID="string_267" HPOS="809" VPOS="1700" WIDTH="62" HEIGHT="29" WC="0.96" CONTENT="000"/><SP WIDTH="21" VPOS="1700" HPOS="871"/>
							<String ID="string_268" HPOS="892" VPOS="1700" WIDTH="141" HEIGHT="28" WC="0.95" CONTENT="kronor."/><SP WIDTH="21" VPOS="1700" HPOS="1033"/>
							<String ID="string_269" HPOS="1054" VPOS="1700" WIDTH="108" HEIGHT="28" WC="0.96" CONTENT="Dessa"/><SP WIDTH="21" VPOS="1700" HPOS="1162"/>
							<String ID="string_270" HPOS="1183" VPOS="1698" WIDTH="94" HEIGHT="29" WC="0.93" CONTENT="olika"/><SP WIDTH="21" VPOS="1698" HPOS="1277"/>
							<String ID="string_271" HPOS="1298" VPOS="1696" WIDTH="439" HEIGHT="40" WC="0.92" CONTENT="rörlighetsstimulerande"/>
						</TextLine>
						<TextLine ID="line_29" HPOS="251" VPOS="1749" WIDTH="1486" HEIGHT="46">
							<String ID="string_272" HPOS="251" VPOS="1756" WIDTH="170" HEIGHT="39" WC="0.96" CONTENT="åtgärder,"/><SP WIDTH="33" VPOS="1756" HPOS="421"/>
							<String ID="string_273" HPOS="454" VPOS="1765" WIDTH="76" HEIGHT="20" WC="0.96" CONTENT="som"/><SP WIDTH="31" VPOS="1765" HPOS="530"/>
							<String ID="string_274" HPOS="561" VPOS="1756" WIDTH="132" HEIGHT="28" WC="0.93" CONTENT="oavsett"/><SP WIDTH="31" VPOS="1756" HPOS="693"/>
							<String ID="string_275" HPOS="724" VPOS="1753" WIDTH="316" HEIGHT="39" WC="0.90" CONTENT="konjunkturläget"/><SP WIDTH="32" VPOS="1753" HPOS="1040"/>
							<String ID="string_276" HPOS="1072" VPOS="1752" WIDTH="110" HEIGHT="29" WC="0.96" CONTENT="måste"/><SP WIDTH="32" VPOS="1752" HPOS="1182"/>
							<String ID="string_277" HPOS="1214" VPOS="1751" WIDTH="168" HEIGHT="29" WC="0.96" CONTENT="tillmätas"/><SP WIDTH="32" VPOS="1751" HPOS="1382"/>
							<String ID="string_278" HPOS="1414" VPOS="1752" WIDTH="73" HEIGHT="27" WC="0.96" CONTENT="stor"/><SP WIDTH="31" VPOS="1752" HPOS="1487"/>
							<String ID="string_279" HPOS="1518" VPOS="1749" WIDTH="175" HEIGHT="39" WC="0.96" CONTENT="betydelse"/><SP WIDTH="34" VPOS="1749" HPOS="1693"/>
							<String ID="string_280" HPOS="1727" VPOS="1749" WIDTH="10" HEIGHT="28" WC="0.96" CONTENT="i"/>
						</TextLine>
						<TextLine ID="line_30" HPOS="251" VPOS="1802" WIDTH="1486" HEIGHT="45">
							<String ID="string_281" HPOS="251" VPOS="1808" WIDTH="492" HEIGHT="39" WC="0.91" CONTENT="arbetsmarknadspolitiken,"/><SP WIDTH="25" VPOS="1808" HPOS="743"/>
							<String ID="string_282" HPOS="768" VPOS="1808" WIDTH="62" HEIGHT="28" WC="0.96" CONTENT="bör"/><SP WIDTH="23" VPOS="1808" HPOS="830"/>
							<String ID="string_283" HPOS="853" VPOS="1806" WIDTH="106" HEIGHT="39" WC="0.93" CONTENT="enligt"/><SP WIDTH="24" VPOS="1806" HPOS="959"/>
							<String ID="string_284" HPOS="983" VPOS="1804" WIDTH="403" HEIGHT="41" WC="0.91" CONTENT="departementschefens"/><SP WIDTH="25" VPOS="1804" HPOS="1386"/>
							<String ID="string_285" HPOS="1411" VPOS="1803" WIDTH="142" HEIGHT="38" WC="0.96" CONTENT="mening"/><SP WIDTH="23" VPOS="1803" HPOS="1553"/>
							<String ID="string_286" HPOS="1576" VPOS="1802" WIDTH="161" HEIGHT="30" WC="0.96" CONTENT="bedrivas"/>
						</TextLine>
						<TextLine ID="line_31" HPOS="252" VPOS="1860" WIDTH="762" HEIGHT="39">
							<String ID="string_287" HPOS="252" VPOS="1865" WIDTH="86" HEIGHT="28" WC="0.96" CONTENT="även"/><SP WIDTH="22" VPOS="1865" HPOS="338"/>
							<String ID="string_288" HPOS="360" VPOS="1863" WIDTH="109" HEIGHT="29" WC="0.96" CONTENT="under"/><SP WIDTH="21" VPOS="1863" HPOS="469"/>
							<String ID="string_289" HPOS="490" VPOS="1863" WIDTH="57" HEIGHT="28" WC="0.96" CONTENT="det"/><SP WIDTH="22" VPOS="1863" HPOS="547"/>
							<String ID="string_290" HPOS="569" VPOS="1861" WIDTH="210" HEIGHT="29" WC="0.96" CONTENT="kommande"/><SP WIDTH="22" VPOS="1861" HPOS="779"/>
							<String ID="string_291" HPOS="801" VPOS="1860" WIDTH="213" HEIGHT="39" WC="0.96" CONTENT="budgetåret."/>
						</TextLine>
					</TextBlock>
					<TextBlock ID="block_4" HPOS="252" VPOS="1909" WIDTH="1488" HEIGHT="527">
						<TextLine ID="line_32" HPOS="309" VPOS="1909" WIDTH="1429" HEIGHT="43">
							<String ID="string_292" HPOS="309" VPOS="1917" WIDTH="11" HEIGHT="28" WC="0.95" CONTENT="I"/><SP WIDTH="22" VPOS="1917" HPOS="320"/>
							<String ID="string_293" HPOS="342" VPOS="1917" WIDTH="55" HEIGHT="29" WC="0.96" CONTENT="det"/><SP WIDTH="19" VPOS="1917" HPOS="397"/>
							<String ID="string_294" HPOS="416" VPOS="1916" WIDTH="155" HEIGHT="29" WC="0.93" CONTENT="rådande"/><SP WIDTH="21" VPOS="1916" HPOS="571"/>
							<String ID="string_295" HPOS="592" VPOS="1913" WIDTH="402" HEIGHT="39" WC="0.92" CONTENT="arbetsmarknadsläget"/><SP WIDTH="22" VPOS="1913" HPOS="994"/>
							<String ID="string_296" HPOS="1016" VPOS="1914" WIDTH="37" HEIGHT="28" WC="0.96" CONTENT="är"/><SP WIDTH="22" VPOS="1914" HPOS="1053"/>
							<String ID="string_297" HPOS="1075" VPOS="1912" WIDTH="268" HEIGHT="38" WC="0.95" CONTENT="möjligheterna"/><SP WIDTH="21" VPOS="1912" HPOS="1343"/>
							<String ID="string_298" HPOS="1364" VPOS="1910" WIDTH="51" HEIGHT="30" WC="0.95" CONTENT="till"/><SP WIDTH="22" VPOS="1910" HPOS="1415"/>
							<String ID="string_299" HPOS="1437" VPOS="1909" WIDTH="237" HEIGHT="40" WC="0.96" CONTENT="omplacering"/><SP WIDTH="22" VPOS="1909" HPOS="1674"/>
							<String ID="string_300" HPOS="1696" VPOS="1918" WIDTH="42" HEIGHT="20" WC="0.96" CONTENT="av"/>
						</TextLine>
						<TextLine ID="line_33" HPOS="252" VPOS="1963" WIDTH="1486" HEIGHT="43">
							<String ID="string_301" HPOS="252" VPOS="1969" WIDTH="213" HEIGHT="30" WC="0.96" CONTENT="arbetskraft"/><SP WIDTH="23" VPOS="1969" HPOS="465"/>
							<String ID="string_302" HPOS="488" VPOS="1978" WIDTH="95" HEIGHT="20" WC="0.96" CONTENT="mera"/><SP WIDTH="22" VPOS="1978" HPOS="583"/>
							<String ID="string_303" HPOS="605" VPOS="1967" WIDTH="214" HEIGHT="39" WC="0.96" CONTENT="begränsade"/><SP WIDTH="23" VPOS="1967" HPOS="819"/>
							<String ID="string_304" HPOS="842" VPOS="1968" WIDTH="42" HEIGHT="28" WC="0.96" CONTENT="än"/><SP WIDTH="23" VPOS="1968" HPOS="884"/>
							<String ID="string_305" HPOS="907" VPOS="1966" WIDTH="157" HEIGHT="39" WC="0.95" CONTENT="tidigare."/><SP WIDTH="22" VPOS="1966" HPOS="1064"/>
							<String ID="string_306" HPOS="1086" VPOS="1966" WIDTH="64" HEIGHT="28" WC="0.96" CONTENT="Det"/><SP WIDTH="23" VPOS="1966" HPOS="1150"/>
							<String ID="string_307" HPOS="1173" VPOS="1966" WIDTH="65" HEIGHT="28" WC="0.96" CONTENT="har"/><SP WIDTH="23" VPOS="1966" HPOS="1238"/>
							<String ID="string_308" HPOS="1261" VPOS="1964" WIDTH="119" HEIGHT="30" WC="0.96" CONTENT="därför"/><SP WIDTH="21" VPOS="1964" HPOS="1380"/>
							<String ID="string_309" HPOS="1401" VPOS="1963" WIDTH="100" HEIGHT="30" WC="0.96" CONTENT="blivit"/><SP WIDTH="24" VPOS="1963" HPOS="1501"/>
							<String ID="string_310" HPOS="1525" VPOS="1963" WIDTH="213" HEIGHT="38" WC="0.96" CONTENT="nödvändigt"/>
						</TextLine>
						<TextLine ID="line_34" HPOS="252" VPOS="2016" WIDTH="1486" HEIGHT="42">
							<String ID="string_311" HPOS="252" VPOS="2025" WIDTH="51" HEIGHT="28" WC="0.96" CONTENT="att"/><SP WIDTH="23" VPOS="2025" HPOS="303"/>
							<String ID="string_312" HPOS="326" VPOS="2022" WIDTH="235" HEIGHT="31" WC="0.95" CONTENT="innevarande"/><SP WIDTH="24" VPOS="2022" HPOS="561"/>
							<String ID="string_313" HPOS="585" VPOS="2021" WIDTH="111" HEIGHT="29" WC="0.96" CONTENT="vinter"/><SP WIDTH="25" VPOS="2021" HPOS="696"/>
							<String ID="string_314" HPOS="721" VPOS="2020" WIDTH="157" HEIGHT="30" WC="0.93" CONTENT="anordna"/><SP WIDTH="23" VPOS="2020" HPOS="878"/>
							<String ID="string_315" HPOS="901" VPOS="2018" WIDTH="359" HEIGHT="40" WC="0.91" CONTENT="beredskapsarbeten"/><SP WIDTH="25" VPOS="2018" HPOS="1260"/>
							<String ID="string_316" HPOS="1285" VPOS="2018" WIDTH="9" HEIGHT="28" WC="0.96" CONTENT="i"/><SP WIDTH="27" VPOS="2018" HPOS="1294"/>
							<String ID="string_317" HPOS="1321" VPOS="2018" WIDTH="108" HEIGHT="28" WC="0.96" CONTENT="större"/><SP WIDTH="26" VPOS="2018" HPOS="1429"/>
							<String ID="string_318" HPOS="1455" VPOS="2016" WIDTH="213" HEIGHT="39" WC="0.96" CONTENT="omfattning"/><SP WIDTH="26" VPOS="2016" HPOS="1668"/>
							<String ID="string_319" HPOS="1694" VPOS="2017" WIDTH="44" HEIGHT="28" WC="0.96" CONTENT="än"/>
						</TextLine>
						<TextLine ID="line_35" HPOS="252" VPOS="2069" WIDTH="1487" HEIGHT="46">
							<String ID="string_320" HPOS="252" VPOS="2076" WIDTH="206" HEIGHT="39" WC="0.96" CONTENT="föregående"/><SP WIDTH="33" VPOS="2076" HPOS="458"/>
							<String ID="string_321" HPOS="491" VPOS="2075" WIDTH="49" HEIGHT="29" WC="0.96" CONTENT="år."/><SP WIDTH="32" VPOS="2075" HPOS="540"/>
							<String ID="string_322" HPOS="572" VPOS="2075" WIDTH="129" HEIGHT="29" WC="0.95" CONTENT="Genom"/><SP WIDTH="32" VPOS="2075" HPOS="701"/>
							<String ID="string_323" HPOS="733" VPOS="2084" WIDTH="43" HEIGHT="19" WC="0.93" CONTENT="en"/><SP WIDTH="33" VPOS="2084" HPOS="776"/>
							<String ID="string_324" HPOS="809" VPOS="2073" WIDTH="255" HEIGHT="37" WC="0.91" CONTENT="intensifiering"/><SP WIDTH="32" VPOS="2073" HPOS="1064"/>
							<String ID="string_325" HPOS="1096" VPOS="2081" WIDTH="41" HEIGHT="20" WC="0.90" CONTENT="av"/><SP WIDTH="32" VPOS="2081" HPOS="1137"/>
							<String ID="string_326" HPOS="1169" VPOS="2071" WIDTH="336" HEIGHT="39" WC="0.90" CONTENT="planeringsarbetet"/><SP WIDTH="33" VPOS="2071" HPOS="1505"/>
							<String ID="string_327" HPOS="1538" VPOS="2079" WIDTH="41" HEIGHT="19" WC="0.93" CONTENT="av"/><SP WIDTH="32" VPOS="2079" HPOS="1579"/>
							<String ID="string_328" HPOS="1611" VPOS="2069" WIDTH="128" HEIGHT="39" WC="0.91" CONTENT="ifråga-"/>
						</TextLine>
						<TextLine ID="line_36" HPOS="252" VPOS="2124" WIDTH="1487" HEIGHT="43">
							<String ID="string_329" HPOS="252" VPOS="2129" WIDTH="211" HEIGHT="30" WC="0.91" CONTENT="kommande"/><SP WIDTH="31" VPOS="2129" HPOS="463"/>
							<String ID="string_330" HPOS="494" VPOS="2128" WIDTH="237" HEIGHT="39" WC="0.91" CONTENT="arbetsobjekt"/><SP WIDTH="31" VPOS="2128" HPOS="731"/>
							<String ID="string_331" HPOS="762" VPOS="2127" WIDTH="182" HEIGHT="38" WC="0.96" CONTENT="föreligger"/><SP WIDTH="30" VPOS="2127" HPOS="944"/>
							<String ID="string_332" HPOS="974" VPOS="2126" WIDTH="162" HEIGHT="29" WC="0.96" CONTENT="tekniska"/><SP WIDTH="30" VPOS="2126" HPOS="1136"/>
							<String ID="string_333" HPOS="1166" VPOS="2125" WIDTH="220" HEIGHT="39" WC="0.96" CONTENT="möjligheter"/><SP WIDTH="31" VPOS="2125" HPOS="1386"/>
							<String ID="string_334" HPOS="1417" VPOS="2126" WIDTH="50" HEIGHT="27" WC="0.96" CONTENT="att"/><SP WIDTH="31" VPOS="2126" HPOS="1467"/>
							<String ID="string_335" HPOS="1498" VPOS="2124" WIDTH="157" HEIGHT="28" WC="0.93" CONTENT="avsevärt"/><SP WIDTH="31" VPOS="2124" HPOS="1655"/>
							<String ID="string_336" HPOS="1686" VPOS="2125" WIDTH="53" HEIGHT="27" WC="0.92" CONTENT="ut-"/>
						</TextLine>
						<TextLine ID="line_37" HPOS="252" VPOS="2176" WIDTH="1487" HEIGHT="46">
							<String ID="string_337" HPOS="252" VPOS="2184" WIDTH="101" HEIGHT="38" WC="0.93" CONTENT="vidga"/><SP WIDTH="31" VPOS="2184" HPOS="353"/>
							<String ID="string_338" HPOS="384" VPOS="2182" WIDTH="400" HEIGHT="39" WC="0.91" CONTENT="beredskapsarbetenas"/><SP WIDTH="33" VPOS="2182" HPOS="784"/>
							<String ID="string_339" HPOS="817" VPOS="2180" WIDTH="221" HEIGHT="38" WC="0.93" CONTENT="omfattning."/><SP WIDTH="35" VPOS="2180" HPOS="1038"/>
							<String ID="string_340" HPOS="1073" VPOS="2177" WIDTH="391" HEIGHT="41" WC="0.91" CONTENT="Departementschefen"/><SP WIDTH="35" VPOS="2177" HPOS="1464"/>
							<String ID="string_341" HPOS="1499" VPOS="2177" WIDTH="155" HEIGHT="29" WC="0.96" CONTENT="ansluter"/><SP WIDTH="34" VPOS="2177" HPOS="1654"/>
							<String ID="string_342" HPOS="1688" VPOS="2176" WIDTH="51" HEIGHT="38" WC="0.95" CONTENT="sig"/>
						</TextLine>
						<TextLine ID="line_38" HPOS="253" VPOS="2230" WIDTH="1486" HEIGHT="43">
							<String ID="string_343" HPOS="253" VPOS="2237" WIDTH="51" HEIGHT="29" WC="0.93" CONTENT="till"/><SP WIDTH="32" VPOS="2237" HPOS="304"/>
							<String ID="string_344" HPOS="336" VPOS="2235" WIDTH="501" HEIGHT="38" WC="0.91" CONTENT="arbetsmarknadsstyrelsens"/><SP WIDTH="32" VPOS="2235" HPOS="837"/>
							<String ID="string_345" HPOS="869" VPOS="2233" WIDTH="225" HEIGHT="39" WC="0.96" CONTENT="uppfattning"/><SP WIDTH="32" VPOS="2233" HPOS="1094"/>
							<String ID="string_346" HPOS="1126" VPOS="2234" WIDTH="49" HEIGHT="27" WC="0.95" CONTENT="att"/><SP WIDTH="32" VPOS="2234" HPOS="1175"/>
							<String ID="string_347" HPOS="1207" VPOS="2232" WIDTH="102" HEIGHT="29" WC="0.96" CONTENT="dessa"/><SP WIDTH="32" VPOS="2232" HPOS="1309"/>
							<String ID="string_348" HPOS="1341" VPOS="2231" WIDTH="220" HEIGHT="39" WC="0.96" CONTENT="möjligheter"/><SP WIDTH="31" VPOS="2231" HPOS="1561"/>
							<String ID="string_349" HPOS="1592" VPOS="2230" WIDTH="62" HEIGHT="29" WC="0.84" CONTENT="bör"/><SP WIDTH="33" VPOS="2230" HPOS="1654"/>
							<String ID="string_350" HPOS="1687" VPOS="2232" WIDTH="52" HEIGHT="27" WC="0.84" CONTENT="ut-"/>
						</TextLine>
						<TextLine ID="line_39" HPOS="254" VPOS="2284" WIDTH="1485" HEIGHT="45">
							<String ID="string_351" HPOS="254" VPOS="2290" WIDTH="133" HEIGHT="39" WC="0.95" CONTENT="nyttjas"/><SP WIDTH="21" VPOS="2290" HPOS="387"/>
							<String ID="string_352" HPOS="408" VPOS="2290" WIDTH="64" HEIGHT="28" WC="0.96" CONTENT="och"/><SP WIDTH="22" VPOS="2290" HPOS="472"/>
							<String ID="string_353" HPOS="494" VPOS="2291" WIDTH="50" HEIGHT="27" WC="0.96" CONTENT="att"/><SP WIDTH="21" VPOS="2291" HPOS="544"/>
							<String ID="string_354" HPOS="565" VPOS="2289" WIDTH="32" HEIGHT="28" WC="0.96" CONTENT="vi"/><SP WIDTH="21" VPOS="2289" HPOS="597"/>
							<String ID="string_355" HPOS="618" VPOS="2289" WIDTH="61" HEIGHT="29" WC="0.96" CONTENT="bör"/><SP WIDTH="21" VPOS="2289" HPOS="679"/>
							<String ID="string_356" HPOS="700" VPOS="2297" WIDTH="85" HEIGHT="20" WC="0.96" CONTENT="vara"/><SP WIDTH="21" VPOS="2297" HPOS="785"/>
							<String ID="string_357" HPOS="806" VPOS="2287" WIDTH="149" HEIGHT="29" WC="0.96" CONTENT="beredda"/><SP WIDTH="22" VPOS="2287" HPOS="955"/>
							<String ID="string_358" HPOS="977" VPOS="2288" WIDTH="50" HEIGHT="28" WC="0.96" CONTENT="att"/><SP WIDTH="22" VPOS="2288" HPOS="1027"/>
							<String ID="string_359" HPOS="1049" VPOS="2286" WIDTH="110" HEIGHT="29" WC="0.96" CONTENT="under"/><SP WIDTH="21" VPOS="2286" HPOS="1159"/>
							<String ID="string_360" HPOS="1180" VPOS="2285" WIDTH="205" HEIGHT="39" WC="0.91" CONTENT="budgetåret"/><SP WIDTH="24" VPOS="2285" HPOS="1385"/>
							<String ID="string_361" HPOS="1409" VPOS="2284" WIDTH="141" HEIGHT="29" WC="0.91" CONTENT="1959/60"/><SP WIDTH="25" VPOS="2284" HPOS="1550"/>
							<String ID="string_362" HPOS="1575" VPOS="2284" WIDTH="93" HEIGHT="29" WC="0.96" CONTENT="möta"/><SP WIDTH="23" VPOS="2284" HPOS="1668"/>
							<String ID="string_363" HPOS="1691" VPOS="2285" WIDTH="48" HEIGHT="27" WC="0.96" CONTENT="ett"/>
						</TextLine>
						<TextLine ID="line_40" HPOS="253" VPOS="2337" WIDTH="1487" HEIGHT="44">
							<String ID="string_364" HPOS="253" VPOS="2344" WIDTH="111" HEIGHT="30" WC="0.96" CONTENT="behov"/><SP WIDTH="23" VPOS="2344" HPOS="364"/>
							<String ID="string_365" HPOS="387" VPOS="2353" WIDTH="40" HEIGHT="19" WC="0.93" CONTENT="av"/><SP WIDTH="23" VPOS="2353" HPOS="427"/>
							<String ID="string_366" HPOS="450" VPOS="2342" WIDTH="359" HEIGHT="39" WC="0.92" CONTENT="beredskapsarbeten"/><SP WIDTH="25" VPOS="2342" HPOS="809"/>
							<String ID="string_367" HPOS="834" VPOS="2350" WIDTH="40" HEIGHT="19" WC="0.96" CONTENT="av"/><SP WIDTH="24" VPOS="2350" HPOS="874"/>
							<String ID="string_368" HPOS="898" VPOS="2349" WIDTH="135" HEIGHT="21" WC="0.96" CONTENT="samma"/><SP WIDTH="25" VPOS="2349" HPOS="1033"/>
							<String ID="string_369" HPOS="1058" VPOS="2339" WIDTH="212" HEIGHT="38" WC="0.96" CONTENT="omfattning"/><SP WIDTH="25" VPOS="2339" HPOS="1270"/>
							<String ID="string_370" HPOS="1295" VPOS="2347" WIDTH="74" HEIGHT="20" WC="0.96" CONTENT="som"/><SP WIDTH="24" VPOS="2347" HPOS="1369"/>
							<String ID="string_371" HPOS="1393" VPOS="2337" WIDTH="235" HEIGHT="29" WC="0.91" CONTENT="innevarande"/><SP WIDTH="25" VPOS="2337" HPOS="1628"/>
							<String ID="string_372" HPOS="1653" VPOS="2337" WIDTH="87" HEIGHT="28" WC="0.91" CONTENT="bud-"/>
						</TextLine>
						<TextLine ID="line_41" HPOS="254" VPOS="2398" WIDTH="106" HEIGHT="38">
							<String ID="string_373" HPOS="254" VPOS="2398" WIDTH="106" HEIGHT="38" WC="0.92" CONTENT="getår."/>
						</TextLine>
					</TextBlock>
					<TextBlock ID="block_5" HPOS="255" VPOS="2444" WIDTH="1485" HEIGHT="98">
						<TextLine ID="line_42" HPOS="310" VPOS="2444" WIDTH="1430" HEIGHT="45">
							<String ID="string_374" HPOS="310" VPOS="2451" WIDTH="114" HEIGHT="38" WC="0.93" CONTENT="Enligt"/><SP WIDTH="32" VPOS="2451" HPOS="424"/>
							<String ID="string_375" HPOS="456" VPOS="2448" WIDTH="405" HEIGHT="40" WC="0.91" CONTENT="departementschefens"/><SP WIDTH="33" VPOS="2448" HPOS="861"/>
							<String ID="string_376" HPOS="894" VPOS="2447" WIDTH="140" HEIGHT="38" WC="0.96" CONTENT="mening"/><SP WIDTH="33" VPOS="2447" HPOS="1034"/>
							<String ID="string_377" HPOS="1067" VPOS="2446" WIDTH="62" HEIGHT="29" WC="0.96" CONTENT="har"/><SP WIDTH="34" VPOS="2446" HPOS="1129"/>
							<String ID="string_378" HPOS="1163" VPOS="2445" WIDTH="140" HEIGHT="39" WC="0.93" CONTENT="statliga"/><SP WIDTH="33" VPOS="2445" HPOS="1303"/>
							<String ID="string_379" HPOS="1336" VPOS="2444" WIDTH="404" HEIGHT="38" WC="0.91" CONTENT="industribeställningar"/>
						</TextLine>
						<TextLine ID="line_43" HPOS="255" VPOS="2497" WIDTH="1485" HEIGHT="45">
							<String ID="string_380" HPOS="255" VPOS="2507" WIDTH="72" HEIGHT="27" WC="0.96" CONTENT="stor"/><SP WIDTH="25" VPOS="2507" HPOS="327"/>
							<String ID="string_381" HPOS="352" VPOS="2503" WIDTH="175" HEIGHT="39" WC="0.96" CONTENT="betydelse"/><SP WIDTH="28" VPOS="2503" HPOS="527"/>
							<String ID="string_382" HPOS="555" VPOS="2512" WIDTH="74" HEIGHT="20" WC="0.92" CONTENT="som"/><SP WIDTH="26" VPOS="2512" HPOS="629"/>
							<String ID="string_383" HPOS="655" VPOS="2500" WIDTH="492" HEIGHT="39" WC="0.90" CONTENT="arbetslöshetsbekämpande"/><SP WIDTH="28" VPOS="2500" HPOS="1147"/>
							<String ID="string_384" HPOS="1175" VPOS="2499" WIDTH="122" HEIGHT="30" WC="0.90" CONTENT="medel."/><SP WIDTH="28" VPOS="2499" HPOS="1297"/>
							<String ID="string_385" HPOS="1325" VPOS="2499" WIDTH="12" HEIGHT="28" WC="0.96" CONTENT="I"/><SP WIDTH="28" VPOS="2499" HPOS="1337"/>
							<String ID="string_386" HPOS="1365" VPOS="2497" WIDTH="203" HEIGHT="39" WC="0.96" CONTENT="anslutning"/><SP WIDTH="26" VPOS="2497" HPOS="1568"/>
							<String ID="string_387" HPOS="1594" VPOS="2497" WIDTH="52" HEIGHT="29" WC="0.96" CONTENT="till"/><SP WIDTH="27" VPOS="2497" HPOS="1646"/>
							<String ID="string_388" HPOS="1673" VPOS="2497" WIDTH="67" HEIGHT="28" WC="0.96" CONTENT="vad"/>
						</TextLine>
					</TextBlock>
				</ComposedBlock>
			</PrintSpace>
		</Page>
	</Layout>
</alto>
