1940 2860
311 145 39 30 10
722 150 113 29 Första
856 152 223 34 lagutskottets
1100 155 163 30 utlåtande
1286 157 47 29 Nr
1350 158 49 31 42.

350 228 63 32 Ett
446 232 104 29 annat
582 231 169 33 företräde
785 233 58 32 hos
878 234 328 43 besittningsrätten,
1241 239 103 32 sådan
1379 241 63 31 den
1477 242 104 33 blivit
1608 246 168 33 utformad
1806 249 9 31 i

309 278 276 34 kommissionens
618 280 200 44 lagförslag,
846 284 63 31 har
932 284 259 35 kommissionen
1214 289 191 34 framhållit
1427 303 83 21 vara
1534 294 66 38 det,
1623 298 52 29 att
1699 296 115 33 besitt-

309 328 213 42 ningsrätten
556 331 73 31 icke
663 332 66 31 kan
763 338 99 36 göras
895 334 57 32 till
979 336 140 32 föremål
1141 337 53 33 för
1216 338 197 45 inteckning
1436 342 61 32 och
1522 346 51 29 att
1596 346 143 32 sålunda
1763 348 52 31 för

308 379 247 33 vederbörande
590 382 220 33 småbrukare
844 384 178 33 uteslutits
1046 386 62 32 den
1132 388 179 42 möjlighet
1333 391 56 32 till
1413 392 259 46 skuldsättning
1695 408 118 30 genom

308 429 62 31 den
405 430 168 42 upplåtna
596 431 216 42 lägenhetens
837 435 235 40 intecknande,
1096 448 69 21 som
1188 439 182 34 förefinnes
1393 442 58 32 vid
1475 444 210 42 upplåtelser
1707 448 108 32 under

307 480 211 39 äganderätt.
565 481 217 33 Härutinnan
807 484 87 32 hava
917 485 86 33 dock
1024 489 163 31 motsatta
1202 491 174 41 meningar
1392 492 111 43 gjorts
1520 494 167 41 gällande,
1705 499 107 32 såsom

307 529 60 32 ock
390 532 91 29 vissa
504 531 161 33 inkomna
687 535 187 40 yttranden
898 540 76 27 över
997 537 278 35 kommissionens
1299 542 211 33 betänkande
1534 545 122 31 utvisa.

347 579 18 31 I
399 580 97 41 fråga
524 593 52 20 om
604 582 334 43 besittningsrättens
962 587 172 33 allmänna
1157 589 166 33 karaktär
1346 592 61 32 har
1429 594 219 40 framhållits,
1672 599 55 29 att
1750 598 62 32 den

305 631 306 42 omständigheten,
636 636 50 28 att
709 635 243 40 äganderätten
976 637 57 31 till
1053 638 120 42 jorden
1198 645 38 27 är
1258 641 192 33 bibehållen
1474 645 36 31 åt
1534 645 137 40 kronan,
1688 659 123 31 uppen-

306 679 151 43 barligen
481 682 144 32 innebär
647 683 62 32 den
732 685 149 32 fördelen
904 686 54 32 för
980 690 113 30 staten
1117 692 61 36 att,
1203 690 113 33 därest
1336 694 43 40 på
1395 695 112 39 grund
1525 706 42 21 av
1584 697 229 41 nytillkomna

306 730 81 32 eller
420 732 147 32 ändrade
601 733 152 33 faktiska
786 736 237 33 förhållanden
1057 739 83 33 eller
1163 740 101 43 eljest
1287 742 62 32 den
1374 744 170 43 upplåtna
1564 746 118 42 jorden
1706 748 105 33 finnes

305 780 78 32 böra
410 781 129 32 erhålla
567 793 40 21 en
630 795 109 21 annan
763 787 230 43 användning,
1018 789 55 31 det
1096 790 66 32 kan
1186 792 36 31 åt
1244 792 130 33 kronan
1397 794 140 33 beredas
1561 797 177 42 möjlighet
1761 803 51 28 att

304 831 42 41 på
379 833 53 29 ett
466 832 140 33 enklare
639 836 70 30 sätt
743 840 41 26 än
819 847 118 31 genom
971 838 176 34 anlitande
1170 852 43 21 av
1236 843 468 42 expropriationsförfarande
1728 849 83 32 eller

301 882 171 31 eventuell
505 883 207 43 förköpsrätt
746 886 71 31 åter
843 887 35 31 få
901 887 181 43 disponera
1105 895 77 27 över
1202 891 130 43 jorden.
1378 894 135 33 Därvid
1537 896 59 32 bör
1619 898 191 34 emellertid

303 931 120 39 tillses,
458 935 53 29 att
544 945 40 20 en
612 934 97 42 dylik
737 937 174 41 möjlighet
935 939 51 31 för
1009 940 129 32 kronan
1161 941 74 33 icke
1258 944 166 32 anordnas
1448 947 47 37 så,
1521 949 53 29 att
1598 948 61 31 den
1682 950 128 32 medför

302 984 50 29 ett
386 983 360 34 osäkerhetstillstånd
782 988 51 31 för
862 988 455 43 besittningsrättshavaren.
1362 995 126 43 Enligt
1511 997 297 44 kronolägenhets-

302 1031 277 35 kommissionens
603 1035 127 43 förslag
754 1037 60 32 har
837 1038 141 33 berörda
995 1040 178 43 möjlighet
1196 1044 19 30 å
1238 1054 62 21 ena
1316 1045 96 32 sidan
1428 1046 200 42 begränsats
1645 1061 42 20 av
1702 1051 105 31 förut-

301 1084 206 40 sättningen,
535 1088 54 28 att
615 1085 127 33 kronan
766 1088 108 32 finner
896 1091 154 40 vägande
1074 1092 76 31 skäl
1173 1093 166 43 föreligga
1361 1096 51 31 för
1435 1098 221 41 återtagande
1680 1111 43 21 av
1747 1102 61 31 den

299 1143 40 21 en
363 1134 92 41 gång
478 1134 168 42 upplåtna
665 1137 128 41 jorden,
818 1143 87 27 samt
929 1140 19 31 å
972 1141 106 32 andra
1101 1142 97 32 sidan
1221 1144 145 33 tillåtits
1390 1147 137 32 inträda
1548 1149 88 32 blott
1652 1150 11 31 i
1680 1151 40 31 de
1736 1152 71 37 fall,

301 1183 42 31 då
365 1183 450 44 besittningsrättshavaren
840 1189 124 33 avlidit
988 1193 84 30 utan
1096 1195 52 29 att
1173 1194 201 33 efterlämna
1396 1198 100 31 maka
1520 1198 83 32 eller
1625 1200 93 32 vissa
1734 1207 73 26 när-

301 1244 91 22 mare
416 1236 161 41 arvingar
597 1237 81 31 eller
694 1238 61 32 ock
771 1238 87 42 själv
875 1251 118 30 genom
1011 1242 200 33 överlåtelse
1228 1255 42 21 av
1287 1245 321 44 besittningsrätten
1625 1250 55 31 till
1697 1262 112 21 annan

299 1288 43 26 än
367 1284 100 32 maka
490 1285 82 32 eller
595 1287 103 32 sådan
722 1289 137 42 arvinge
883 1291 235 34 manifesterat
1141 1294 52 31 sin
1217 1295 127 32 önskan
1367 1300 51 28 att
1441 1298 75 32 icke
1541 1299 132 33 behålla
1686 1301 120 42 Jorden

300 1335 38 30 åt
361 1336 54 41 sig
438 1335 83 32 eller
544 1337 52 31 sin
620 1338 120 43 familj.

341 1384 272 35 Kommissionen
647 1388 62 32 har
741 1393 112 29 avsett
887 1394 51 29 att
971 1393 233 33 åstadkomma
1238 1407 40 20 en
1305 1397 12 31 i
1340 1398 134 43 verklig
1497 1401 137 42 mening
1656 1403 150 41 tryggad

300 1435 289 42 besittningsrätt,
625 1438 29 31 d.
679 1451 29 20 v.
733 1451 24 20 s.
792 1451 40 21 en
860 1442 103 31 sådan
992 1454 70 21 som
1086 1444 110 33 skulle
1221 1446 50 32 för
1294 1448 248 34 vederbörande
1566 1452 150 32 medföra
1739 1453 67 31 ful!

299 1486 157 32 säkerhet
481 1487 208 34 beträffande
713 1491 181 32 innehavet
917 1503 42 21 av
979 1493 121 42 jorden
1123 1499 87 28 samt
1230 1497 128 32 visshet
1374 1510 51 20 om
1443 1502 54 30 att
1513 1500 35 32 få
1564 1498 242 52 tillgodonjuta

298 1536 180 32 frukterna
502 1549 42 21 av
568 1539 82 31 därå
672 1541 140 42 nedlagt
835 1543 123 32 arbete.
1003 1544 19 31 I
1045 1545 143 32 berörda
1212 1548 164 32 avseende
1393 1551 52 30 må
1461 1570 41 3 —
1520 1551 73 32 med
1610 1552 194 34 bortseende

297 1586 12 30 i
338 1586 91 33 detta
457 1589 244 43 sammanhang
727 1591 76 31 från
826 1592 182 42 förslagets
1033 1595 140 42 detaljer
1196 1597 12 30 i
1231 1599 116 41 övrigt
1369 1618 39 5 —
1431 1600 210 40 framhållas,
1665 1605 53 29 att
1741 1604 63 31 den

298 1637 192 42 föreslagna
514 1639 319 43 besittningsrätten
858 1643 108 42 gjorts
991 1644 57 32 till
1072 1646 96 32 tiden
1191 1647 72 32 helt
1286 1649 60 31 och
1369 1649 106 33 hållet
1498 1651 209 42 obegränsad
1730 1655 74 31 med

299 1688 309 42 uppsägningsrätt
632 1691 51 32 för
706 1692 129 32 kronan
859 1694 87 31 blott
962 1695 12 31 i
989 1695 223 43 lagstadgade
1230 1699 272 43 undantagsfall;
1520 1704 55 29 att
1591 1703 61 32 den
1669 1704 134 42 avgäld,

297 1748 69 20 som
399 1739 52 31 för
486 1740 189 32 brukandet
709 1753 41 20 av
782 1743 119 41 jorden
936 1745 134 42 årligen
1104 1747 89 32 skall
1221 1750 94 41 utgå,
1339 1750 115 33 ställes
1479 1752 12 30 i
1514 1752 211 33 förhållande
1748 1755 56 31 till

293 1787 138 42 jordens
465 1791 178 41 naturliga
676 1793 118 39 värde;
822 1797 51 29 att
897 1795 74 31 med
995 1795 133 44 hänsyn
1152 1798 123 32 härtill
1298 1801 164 41 avgälden
1488 1802 89 32 skall
1601 1803 202 34 bestämmas

294 1838 52 31 för
379 1839 70 32 viss
483 1840 52 31 tid
569 1841 12 31 i
615 1842 121 32 sänder
770 1844 59 31 och
863 1845 59 32 vid
957 1846 93 43 varje
1084 1848 276 43 avgäldsperiods
1397 1853 134 41 utgång
1568 1854 150 41 undergå
1756 1867 47 30 ny

295 1889 262 43 uppskattning;
598 1895 53 28 att
688 1893 55 31 vid
786 1895 182 41 avgäldens
1007 1898 235 43 omvärdering
1279 1900 132 43 hänsyn
1449 1902 29 42 ej
1519 1904 53 30 får
1608 1906 98 40 tagas
1743 1906 59 31 till

294 1938 62 31 den
391 1939 212 44 förbättring
632 1942 118 42 jorden
783 1944 67 33 kan
884 1945 88 33 hava
1005 1949 123 31 vunnit
1155 1960 117 30 genom
1297 1952 111 31 arbete
1431 1953 60 31 och
1515 1953 192 40 kostnader,
1732 1967 69 21 som

294 1989 155 42 nedlagts
484 1990 82 33 därå
599 2003 42 21 av
669 1994 224 41 fastighetens
927 1997 220 42 innehavare;
1182 2004 86 28 samt
1292 2004 52 29 att
1366 2002 143 42 höjning
1532 2015 42 20 av
1598 2005 168 41 avgälden
1790 2008 11 30 i

294 2040 89 39 regel
416 2040 72 33 icke
512 2043 54 30 må
590 2048 64 37 äga
677 2055 74 21 rum
776 2048 117 30 utöver
916 2048 70 31 viss
1010 2052 138 38 procent
1171 2061 42 20 av
1236 2051 56 31 det
1315 2055 113 29 senast
1451 2054 169 41 utgående
1643 2057 157 40 avgälds-

294 2089 165 43 beloppet.

332 2189 96 33 Inom
457 2191 260 35 kommissionen
741 2195 61 32 har
826 2207 39 21 en
889 2198 147 32 ledamot
1059 2200 11 30 i
1094 2202 49 30 ett
1167 2202 160 42 utförligt
1348 2205 163 40 yttrande
1545 2209 181 28 reserverat
1749 2208 49 39 sig

291 2242 68 30 mot
383 2241 55 32 det
461 2242 192 43 framlagda
676 2245 162 43 förslaget
860 2248 57 31 till
940 2251 59 40 lag
1022 2260 52 21 om
1098 2251 278 43 besittningsrätt
1396 2266 74 20 men
1488 2256 11 30 i
1516 2256 118 32 stället
1649 2257 150 32 förordat

290 2292 239 32 utarbetandet
562 2305 43 20 av
632 2305 37 21 en
690 2295 369 44 jordupplåtelseform,
1084 2301 114 42 byggd
1221 2304 44 40 på
1291 2304 230 41 grundsatsen
1545 2306 80 42 »köp
1650 2310 66 28 mot
1741 2318 55 21 av-

290 2341 105 40 gäld>,
418 2343 121 32 varvid
563 2346 165 40 avgälden
755 2347 96 32 borde
874 2360 82 20 vara
979 2350 128 33 fixerad
1130 2352 61 32 och
1215 2352 115 33 kunna
1353 2354 89 32 efter
1465 2357 93 30 vissa
1575 2358 150 40 grunder
1741 2369 55 20 av-

288 2391 88 32 lösas
399 2397 88 28 samt
509 2394 151 33 kontroll
683 2401 77 28 över
783 2398 368 40 egnahemsbrukarens
1173 2402 198 43 disposition
1395 2410 81 27 över
1493 2407 201 41 lägenheten
1711 2409 85 32 före-
