1930 2866
548 171 113 28 Första
683 169 222 34 lagutskottets
927 166 162 29 utlåtande
1113 165 46 28 Nr
1171 164 49 31 42.
1621 160 18 29 5

135 262 102 31 oftast
263 260 87 31 visut
376 259 61 37 sig,
465 262 49 27 alt
539 257 253 32 åbohemmanen
818 254 70 32 icke
911 253 128 32 hävdas
1062 253 49 35 så,
1137 263 66 20 som
1229 262 75 20 vore
1331 249 146 37 önskligt
1504 248 56 30 och
1588 250 47 29 att

135 304 98 31 åhons
253 304 138 30 intresse
412 302 53 30 för
487 301 182 31 hemmanet
688 298 75 31 icke
787 297 92 32 räckt
902 297 52 31 till
979 296 52 30 för
1053 294 198 37 vidtagande
1275 305 40 19 av
1339 292 133 37 nyttiga
1493 290 139 31 förbätt-

134 346 112 37 ringar
270 346 19 30 å
312 345 191 31 detsamma.
527 342 70 31 Har
620 342 90 31 detta
733 341 69 31 åter
823 340 88 30 varit
933 338 106 35 fallet,
1062 338 59 30 har
1143 337 64 30 han
1230 336 229 30 koncentrerat
1479 334 49 30 sin
1553 336 80 27 striä-

136 400 63 19 van
222 388 43 37 på
287 391 48 27 att
356 386 113 31 kunna
490 384 197 37 skatteköpa
708 383 185 31 hemmanet
914 381 58 31 och
992 380 142 31 sålunda
1157 377 171 32 förskaffa
1350 377 51 36 sig
1423 376 60 31 den
1505 374 131 38 garanti

136 431 52 30 för
210 433 49 28 att
283 429 81 31 hans
389 428 108 31 arbete
522 427 56 31 och
598 425 169 37 nedlagda
790 424 176 31 kostnader
990 423 19 30 å
1034 422 180 31 detsamma
1237 419 108 32 skulle
1368 418 131 31 komma
1522 417 112 30 honom

136 472 57 31 och
215 472 82 30 hans
320 470 109 37 familj
453 469 52 32 till
526 469 92 37 godo,
642 480 66 19 som
731 467 64 31 han
819 469 107 28 ansett
948 468 126 28 ensamt
1098 463 59 31 den
1181 462 88 31 fulla
1290 460 236 38 äganderätten
1551 458 84 31 med-

139 514 83 31 föra.
265 513 17 30 I
301 510 321 33 överensstämmelse
642 509 71 31 med
732 509 105 31 denna
856 507 220 37 uppfattning
1093 505 60 30 har
1171 504 59 31 ock
1247 502 256 38 lagstiftningen
1523 501 113 30 under-

140 556 99 43 lättat
264 554 230 37 skatteköpen,
525 553 36 31 så
588 556 47 27 att
666 550 313 32 åborättsinstitutet
1010 547 137 31 förlorat
1177 547 50 30 sin
1255 544 176 38 praktiska
1459 542 178 36 betydelse.

138 599 95 30 Även
257 595 320 39 egnahemsrörelsen
602 594 10 31 i
634 593 75 31 vårt
732 592 79 31 land
832 591 60 31 har
915 590 120 31 hittills
1059 589 74 31 haft
1155 588 54 31 till
1233 585 197 39 ögonmärke
1455 588 50 28 att
1525 584 112 30 kunna

140 640 116 31 bereda
275 639 214 30 förvärvaren
506 637 59 31 den
583 636 87 31 fulla
686 634 236 38 äganderiitten
940 632 53 32 till
1011 631 93 32 såväl
1121 630 107 38 grund
1246 641 67 19 som
1330 627 204 38 byggnader.
1552 626 86 36 Eget

140 683 72 30 hem
227 682 44 37 på
289 692 80 26 egen
387 683 93 28 torva
496 684 36 26 är
550 678 117 42 härvid
686 677 60 31 den
764 676 140 37 princip,
924 686 65 20 som
1007 673 87 32 varit
1111 672 153 35 rådande,
1280 671 62 31 och
1360 682 66 19 som
1446 668 96 33 alltid
1559 680 79 19 vun-

140 725 48 31 nit
208 722 146 38 anklang
373 723 11 31 i
403 722 73 31 vårt
495 721 87 31 land.
625 719 134 32 Önskan
781 722 48 28 att
847 717 120 32 besilta
986 715 225 32 innehavande
1229 713 72 38 jord
1321 712 72 32 med
1413 711 65 31 full
1499 710 139 37 ägande-

141 770 67 28 rätt
226 771 37 26 är
281 765 70 32 helt
367 765 85 31 visst
470 764 95 37 djupt
585 762 93 32 rotad
698 766 81 27 även
797 760 99 31 bland
915 760 82 31 våra
1014 756 223 34 småbrukare.
1256 755 102 32 Detta
1378 753 173 32 framhölls
1569 751 69 32 ock-

141 815 36 25 så
201 808 56 32 vid
284 808 82 30 1907
393 807 52 31 års
470 804 371 33 småbrukarkonferens
866 803 11 30 i
898 800 241 36 huvudstaden,
1164 798 117 32 varvid
1305 796 136 33 särskilt
1463 795 176 34 uttalades,

142 854 48 28 att
210 849 205 38 upplåtelser
436 848 52 32 till
509 846 157 33 småbruk
684 846 76 30 från
781 845 142 31 kronans
944 842 94 32 mark
1057 842 96 31 borde
1173 842 12 30 i
1206 840 181 32 allmänhet
1407 838 56 32 ske
1484 837 72 32 med
1577 836 64 31 full

142 892 197 38 äganderätt
358 891 79 32 eller
457 889 195 32 åtminstone
671 888 72 31 med
762 887 173 37 möjlighet
955 885 51 31 för
1028 885 71 36 den,
1118 883 52 32 till
1189 882 110 31 vilken
1319 880 208 38 upplåtelsen
1549 878 91 32 sked-

144 935 47 37 de,
213 938 48 28 att
282 934 159 31 förvärva
459 931 101 32 sådan
581 933 78 29 rätt.

188 976 168 32 Utskottet
378 975 66 31 kan
467 973 71 33 icke
561 976 100 28 annat
686 977 42 26 än
751 971 130 32 ansluta
901 970 55 37 sig
978 969 54 31 till
1056 968 105 32 denna
1182 965 220 39 uppfattning
1427 976 50 20 om
1501 962 139 38 iägande-

144 1022 107 29 rätten
284 1019 105 31 såsom
421 1017 59 31 den
508 1016 213 37 lämpligaste
753 1014 125 31 formen
906 1012 54 31 för
991 1011 122 32 sådana
1144 1008 213 39 upplåtelser,
1387 1018 112 20 varom
1531 1017 43 19 nu
1607 1009 35 27 är

145 1062 109 37 fråga.
304 1060 129 32 Endast
462 1059 72 31 med
563 1058 60 31 den
652 1056 87 32 fulla
768 1055 237 38 äganderätten
1032 1053 90 32 torde
1150 1051 166 36 nämligen
1346 1050 52 31 det
1425 1050 137 30 intresse
1591 1047 52 31 för

143 1103 215 39 egendomens
381 1101 193 37 utveckling
594 1100 57 32 och
675 1098 203 37 förbättring
900 1097 58 31 och
981 1096 61 31 den
1064 1094 129 39 eggelse
1213 1093 55 32 till
1288 1104 82 26 egen
1392 1091 178 31 förkovran
1592 1090 51 30 för

145 1147 71 32 dess
237 1145 197 32 innehavare
452 1143 112 32 kunna
583 1141 179 39 påräknas,
782 1140 196 32 varförutan
1000 1138 37 32 de
1058 1136 153 33 ändamål
1232 1136 93 31 dessa
1345 1133 203 39 upplåtelser
1568 1143 76 20 avse

145 1192 48 29 att
215 1188 175 38 tillgodose
413 1186 96 32 alltid
532 1185 144 31 förbliva
698 1184 13 31 i
732 1187 102 28 större
856 1182 79 32 eller
956 1180 126 32 mindre
1104 1180 75 31 mån
1202 1177 211 38 ouppfyllda.
1457 1175 73 32 Den
1552 1173 92 33 ställ-

146 1232 80 37 ning
243 1242 39 20 en
300 1229 291 32 tomträtltshavare
608 1227 131 37 intager
757 1225 54 33 till
830 1225 60 31 den
908 1221 288 39 bostadslägenhet
1213 1221 66 31 han
1297 1219 135 32 innehar
1452 1219 19 30 å
1488 1221 47 28 ett
1553 1217 91 37 plan-

145 1274 72 37 lagt
232 1272 133 32 område
388 1283 97 26 synes
507 1269 163 32 ulskottet
690 1269 81 37 föga
791 1266 174 39 jämförlig
986 1265 72 32 med
1078 1264 237 31 innehavarens
1336 1274 40 19 av
1397 1273 38 19 en
1457 1259 187 38 jordbruks-

146 1315 165 38 lägenhet,
334 1326 41 20 av
394 1325 76 19 vars
492 1312 169 32 brukande
681 1311 65 31 han
766 1310 60 31 har
847 1310 50 31 sin
917 1308 156 32 utkomst.

192 1357 75 32 Med
287 1357 65 31 vad
373 1355 160 32 utskottet
555 1366 45 19 nu
619 1356 108 35 yttrat
745 1352 61 32 vill
826 1351 160 32 utskottet
1007 1349 182 38 ingalunda
1207 1348 88 31 hava
1315 1346 136 38 påstått,
1474 1347 48 29 att
1545 1344 37 31 de
1603 1354 44 20 nu

147 1399 154 39 gällande
324 1398 198 38 upplåtelse-
548 1397 58 31 och
628 1393 352 39 betalningsvillkoren
1003 1393 11 30 i
1038 1391 178 32 allmänhet
1239 1389 138 32 rörande
1400 1388 142 31 kronans
1566 1386 79 31 ifrå-

147 1441 189 39 gavarande
355 1440 189 38 lägenheter
565 1444 55 26 äro
640 1437 108 32 odelat
766 1434 322 35 tillfredsställande.
1109 1433 81 32 Helt
1204 1432 85 31 visst
1307 1430 108 32 skulle
1434 1434 25 27 t.
1479 1441 49 19 ex.
1547 1427 99 32 bland

148 1488 100 28 annat
270 1484 53 31 för
342 1484 121 37 många
482 1481 126 32 mindre
628 1479 190 33 bemedlade
840 1490 38 20 en
899 1477 183 37 anordning
1102 1487 79 20 vara
1202 1473 176 37 önskvärd,
1398 1473 190 35 varigenom
1609 1481 38 20 en

147 1527 155 38 lägenhet
320 1538 40 20 av
377 1524 258 39 ifrågavarande
652 1523 73 37 slag
743 1521 154 39 upplätes
914 1520 71 31 med
1004 1518 253 39 nyttjanderätt,
1275 1528 73 20 men
1367 1515 72 31 med
1453 1517 67 29 rätt
1537 1512 112 32 tillika

149 1570 52 31 för
228 1567 406 40 nyttjanderättshavaren
662 1569 49 28 att
737 1565 102 31 under
865 1562 195 33 fastställda
1095 1560 122 32 villkor
1252 1559 159 31 förvärva
1447 1555 201 36 fullständig

148 1612 198 39 äganderätt
367 1610 53 32 till
441 1610 199 31 densamma.
684 1607 119 38 Enligt
823 1606 64 32 vad
906 1604 161 33 utskottet
1086 1603 164 32 inhämtat
1272 1606 37 27 är
1329 1599 181 33 emellertid
1528 1598 120 37 frågan

149 1667 50 19 om
221 1657 99 29 sättet
339 1653 57 32 och
415 1652 162 32 villkoren
598 1651 52 31 för
669 1649 206 39 upplåtelser
895 1660 41 19 av
954 1646 96 32 mark
1070 1646 76 31 från
1165 1645 142 31 kronans
1327 1640 256 39 ifrågavarande
1603 1639 45 32 lä-

149 1697 155 38 genheter
324 1696 52 31 för
396 1694 203 32 närvarande
619 1692 157 32 beroende
796 1692 43 37 på
857 1690 127 37 Kungl.
1005 1689 117 37 Maj:ts
1142 1683 175 46 prövning.

193 1781 68 32 Vid
283 1780 139 32 anförda
445 1778 230 32 förhållanden
697 1777 58 32 och
778 1776 40 32 då
841 1776 37 31 de
898 1774 123 33 väckta
1041 1773 200 32 motionerna
1261 1771 104 37 enligt
1387 1769 178 32 utskottets
1588 1778 61 20 me-

149 1825 80 38 ning
248 1835 100 26 synas
367 1823 88 31 rikta
475 1822 51 38 sig
543 1825 65 27 mot
628 1821 59 31 den
706 1824 125 33 gängse
849 1817 272 38 uppfattningen,
1142 1818 48 28 att
1210 1813 128 32 landets
1357 1812 55 31 väl
1431 1811 74 32 bäst
1524 1808 127 32 beford-

151 1879 52 20 ras
226 1878 116 26 genom
363 1869 50 28 att
433 1864 140 32 idkarna
596 1875 40 20 av
658 1861 159 39 jordbruk
841 1860 100 32 såvitt
964 1859 131 38 möjligt
1116 1861 137 34 utgöras
1276 1868 41 19 av
1339 1853 214 39 självägande
1575 1852 75 31 bön-

152 1910 66 38 der,
237 1921 67 19 som
324 1909 11 31 i
355 1908 50 32 sin
424 1907 194 38 äganderätt
635 1906 88 31 hava
739 1907 115 29 värnet
869 1903 56 31 för
943 1902 50 32 sin
1013 1900 184 38 oberoende,
1218 1897 244 39 självständiga
1480 1895 171 36 ställning,

152 1953 54 31 får
227 1951 162 32 utskottet
409 1949 186 37 hemställa,
618 1951 48 29 att
689 1946 216 33 förevarande
927 1944 157 32 motioner
1105 1942 72 32 icke
1198 1942 103 31 måtte
1322 1940 52 32 till
1394 1940 108 36 någon
1525 1936 125 33 riksda-

152 2006 79 27 gens
253 1993 120 38 åtgärd
391 1991 204 33 föranleda.»

196 2054 19 31 1
242 2065 38 20 en
305 2052 56 32 vid
385 2050 189 33 utlåtandet
597 2049 103 39 fogad
726 2048 197 32 reservation
948 2044 211 33 hemställdes
1184 2055 51 20 om
1262 2041 158 33 skrivelse
1444 2039 55 33 till
1525 2037 128 38 Kungl.

153 2104 100 37 Maj:t
275 2103 11 31 i
309 2102 147 37 enlighet
476 2101 71 31 med
570 2100 54 32 det
644 2100 11 31 i
677 2099 162 31 motionen
861 2097 52 31 II:
930 2096 62 31 128
1015 2094 212 33 framställda
1248 2092 172 37 förslaget.

197 2153 193 38 Riksdagen
412 2152 98 32 biföll
532 2151 177 32 utskottets
732 2148 208 33 hemställan.

198 2246 68 32 Vid
285 2246 86 31 1909
390 2245 52 31 års
461 2243 137 38 riksdag
615 2241 162 33 framlade
796 2239 127 38 Kungl.
941 2238 101 38 Maj:t
1060 2248 115 27 genom
1193 2235 200 38 proposition
1410 2244 38 20 nr
1466 2232 39 31 41
1526 2231 128 37 förslag

153 2298 54 31 till
230 2296 145 39 grunder
398 2295 53 32 för
475 2293 155 39 åtgärder
654 2293 11 32 i
687 2292 91 38 syfte
803 2294 48 29 att
875 2291 34 31 åt
930 2289 125 32 mindre
1078 2286 188 33 bemedlade
1292 2285 57 32 och
1372 2283 207 33 obemedlade
1603 2282 51 31 be-

155 2348 77 31 reda
252 2346 138 32 tillfälle
411 2349 48 29 att
480 2345 157 31 förvärva
656 2340 369 41 egnahemslägenheter
1043 2339 78 31 från
1140 2338 91 31 vissa
1249 2334 308 39 kronoegendomar.
1576 2332 78 32 För-

155 2398 107 38 slaget
281 2397 109 32 vilade
411 2396 43 38 på
476 2395 229 39 grundsatsen,
729 2396 48 29 att
799 2388 426 42 egnahemsupplåtelserna
1247 2387 60 31 allt
1330 2384 206 33 fortfarande
1558 2382 97 33 borde

155 2448 57 32 ske
234 2448 103 31 under
359 2446 195 39 äganderätt
577 2445 58 31 och
659 2447 50 29 att
730 2443 163 32 dessutom
916 2439 337 34 tomträttsinstitutet
1274 2436 97 33 borde
1394 2436 36 31 få
1452 2434 131 32 komma
1602 2432 54 33 till

156 2497 224 38 användning.
424 2496 111 32 Under
559 2495 149 32 ärendets
733 2493 180 37 beredning
936 2491 83 31 hade
1044 2495 81 27 även
1150 2489 122 37 frågan
1297 2499 50 20 om
1371 2485 204 39 upplåtelser
1598 2495 57 20 un-

1702 2229 68 26 1909
1787 2228 48 26 års

1706 2262 123 34 riksdag.
