<?xml version="1.0" encoding="UTF-8"?>
<alto xmlns="http://www.loc.gov/standards/alto/ns-v3#" xmlns:xlink="http://www.w3.org/1999/xlink" xmlns:xsi="http://www.w3.org/2001/XMLSchema-instance" xsi:schemaLocation="http://www.loc.gov/standards/alto/ns-v3# http://www.loc.gov/alto/v3/alto-3-0.xsd">
	<Description>
		<MeasurementUnit>pixel</MeasurementUnit>
		<sourceImageInformation>
			<fileName>/tmp/tess_5852rr6t_input.PNG</fileName>
		</sourceImageInformation>
		<OCRProcessing ID="OCR_0">
			<ocrProcessingStep>
				<processingSoftware>
					<softwareName>tesseract 5.3.0</softwareName>
				</processingSoftware>
			</ocrProcessingStep>
		</OCRProcessing>
	</Description>
	<Layout>
		<Page WIDTH="1942" HEIGHT="2866" PHYSICAL_IMG_NR="0" ID="page_0">
			<PrintSpace HPOS="0" VPOS="0" WIDTH="1942" HEIGHT="2866">
				<ComposedBlock ID="cblock_0" HPOS="557" VPOS="138" WIDTH="1083" HEIGHT="49">
					<TextBlock ID="block_0" HPOS="557" VPOS="138" WIDTH="1083" HEIGHT="49">
						<TextLine ID="line_0" HPOS="557" VPOS="138" WIDTH="1083" HEIGHT="49">
							<String ID="string_0" HPOS="557" VPOS="158" WIDTH="108" HEIGHT="26" WC="0.93" CONTENT="Första"/><SP WIDTH="24" VPOS="158" HPOS="665"/>
							<String ID="string_1" HPOS="689" VPOS="153" WIDTH="222" HEIGHT="34" WC="0.87" CONTENT="lagutskottets"/><SP WIDTH="22" VPOS="153" HPOS="911"/>
							<String ID="string_2" HPOS="933" VPOS="148" WIDTH="163" HEIGHT="29" WC="0.56" CONTENT="utlåtande"/><SP WIDTH="24" VPOS="148" HPOS="1096"/>
							<String ID="string_3" HPOS="1120" VPOS="147" WIDTH="46" HEIGHT="28" WC="0.91" CONTENT="Nr"/><SP WIDTH="20" VPOS="147" HPOS="1166"/>
							<String ID="string_4" HPOS="1186" VPOS="146" WIDTH="48" HEIGHT="29" WC="0.65" CONTENT="42."/><SP WIDTH="390" VPOS="146" HPOS="1234"/>
							<String ID="string_5" HPOS="1624" VPOS="138" WIDTH="16" HEIGHT="29" WC="0.63" CONTENT="7"/>
						</TextLine>
					</TextBlock>
				</ComposedBlock>
				<ComposedBlock ID="cblock_1" HPOS="131" VPOS="226" WIDTH="1540" HEIGHT="2302">
					<TextBlock ID="block_1" HPOS="131" VPOS="226" WIDTH="1529" HEIGHT="1663">
						<TextLine ID="line_1" HPOS="134" VPOS="226" WIDTH="1499" HEIGHT="59">
							<String ID="string_6" HPOS="134" VPOS="252" WIDTH="117" HEIGHT="30" WC="0.96" CONTENT="besitta"/><SP WIDTH="21" VPOS="252" HPOS="251"/>
							<String ID="string_7" HPOS="272" VPOS="250" WIDTH="57" HEIGHT="30" WC="0.95" CONTENT="den"/><SP WIDTH="23" VPOS="250" HPOS="329"/>
							<String ID="string_8" HPOS="352" VPOS="248" WIDTH="104" HEIGHT="37" WC="0.95" CONTENT="ligger"/><SP WIDTH="22" VPOS="248" HPOS="456"/>
							<String ID="string_9" HPOS="478" VPOS="245" WIDTH="96" HEIGHT="31" WC="0.92" CONTENT="sedan"/><SP WIDTH="23" VPOS="245" HPOS="574"/>
							<String ID="string_10" HPOS="597" VPOS="241" WIDTH="166" HEIGHT="37" WC="0.89" CONTENT="uråldriga"/><SP WIDTH="21" VPOS="241" HPOS="763"/>
							<String ID="string_11" HPOS="784" VPOS="240" WIDTH="82" HEIGHT="31" WC="0.96" CONTENT="tider"/><SP WIDTH="21" VPOS="240" HPOS="866"/>
							<String ID="string_12" HPOS="887" VPOS="238" WIDTH="95" HEIGHT="37" WC="0.96" CONTENT="djupt"/><SP WIDTH="22" VPOS="238" HPOS="982"/>
							<String ID="string_13" HPOS="1004" VPOS="235" WIDTH="90" HEIGHT="32" WC="0.95" CONTENT="rotad"/><SP WIDTH="23" VPOS="235" HPOS="1094"/>
							<String ID="string_14" HPOS="1117" VPOS="235" WIDTH="10" HEIGHT="30" WC="0.94" CONTENT="i"/><SP WIDTH="22" VPOS="235" HPOS="1127"/>
							<String ID="string_15" HPOS="1149" VPOS="234" WIDTH="53" HEIGHT="30" WC="0.94" CONTENT="det"/><SP WIDTH="21" VPOS="234" HPOS="1202"/>
							<String ID="string_16" HPOS="1223" VPOS="230" WIDTH="138" HEIGHT="33" WC="0.95" CONTENT="svenska"/><SP WIDTH="19" VPOS="230" HPOS="1361"/>
							<String ID="string_17" HPOS="1380" VPOS="229" WIDTH="105" HEIGHT="31" WC="0.96" CONTENT="sinnet"/><SP WIDTH="20" VPOS="229" HPOS="1485"/>
							<String ID="string_18" HPOS="1505" VPOS="226" WIDTH="56" HEIGHT="31" WC="0.93" CONTENT="och"/><SP WIDTH="23" VPOS="226" HPOS="1561"/>
							<String ID="string_19" HPOS="1584" VPOS="229" WIDTH="49" HEIGHT="27" WC="0.90" CONTENT="ut-"/>
						</TextLine>
						<TextLine ID="line_2" HPOS="131" VPOS="268" WIDTH="1503" HEIGHT="62">
							<String ID="string_20" HPOS="131" VPOS="298" WIDTH="59" HEIGHT="32" WC="0.94" CONTENT="gör"/><SP WIDTH="18" VPOS="298" HPOS="190"/>
							<String ID="string_21" HPOS="208" VPOS="304" WIDTH="37" HEIGHT="19" WC="0.84" CONTENT="on"/><SP WIDTH="18" VPOS="304" HPOS="245"/>
							<String ID="string_22" HPOS="263" VPOS="291" WIDTH="70" HEIGHT="32" WC="0.96" CONTENT="sida"/><SP WIDTH="17" VPOS="291" HPOS="333"/>
							<String ID="string_23" HPOS="350" VPOS="302" WIDTH="40" HEIGHT="19" WC="0.96" CONTENT="av"/><SP WIDTH="19" VPOS="302" HPOS="390"/>
							<String ID="string_24" HPOS="409" VPOS="289" WIDTH="52" HEIGHT="31" WC="0.96" CONTENT="det"/><SP WIDTH="20" VPOS="289" HPOS="461"/>
							<String ID="string_25" HPOS="481" VPOS="287" WIDTH="165" HEIGHT="31" WC="0.92" CONTENT="allmänna"/><SP WIDTH="18" VPOS="287" HPOS="646"/>
							<String ID="string_26" HPOS="664" VPOS="284" WIDTH="129" HEIGHT="31" WC="0.90" CONTENT="frihets-"/><SP WIDTH="21" VPOS="284" HPOS="793"/>
							<String ID="string_27" HPOS="814" VPOS="281" WIDTH="56" HEIGHT="32" WC="0.93" CONTENT="och"/><SP WIDTH="20" VPOS="281" HPOS="870"/>
							<String ID="string_28" HPOS="890" VPOS="275" WIDTH="399" HEIGHT="43" WC="0.72" CONTENT="självständighelsbegär,"/><SP WIDTH="22" VPOS="275" HPOS="1289"/>
							<String ID="string_29" HPOS="1311" VPOS="284" WIDTH="65" HEIGHT="20" WC="0.96" CONTENT="som"/><SP WIDTH="21" VPOS="284" HPOS="1376"/>
							<String ID="string_30" HPOS="1397" VPOS="268" WIDTH="237" HEIGHT="34" WC="0.91" CONTENT="kännetecknar"/>
						</TextLine>
						<TextLine ID="line_3" HPOS="134" VPOS="310" WIDTH="1501" HEIGHT="56">
							<String ID="string_31" HPOS="134" VPOS="336" WIDTH="58" HEIGHT="30" WC="0.96" CONTENT="den"/><SP WIDTH="17" VPOS="336" HPOS="192"/>
							<String ID="string_32" HPOS="209" VPOS="333" WIDTH="139" HEIGHT="33" WC="0.93" CONTENT="svenska"/><SP WIDTH="17" VPOS="333" HPOS="348"/>
							<String ID="string_33" HPOS="365" VPOS="329" WIDTH="280" HEIGHT="33" WC="0.65" CONTENT="folkkaraktären."/><SP WIDTH="44" VPOS="329" HPOS="645"/>
							<String ID="string_34" HPOS="689" VPOS="326" WIDTH="59" HEIGHT="31" WC="0.92" CONTENT="Det"/><SP WIDTH="18" VPOS="326" HPOS="748"/>
							<String ID="string_35" HPOS="766" VPOS="324" WIDTH="88" HEIGHT="32" WC="0.95" CONTENT="torde"/><SP WIDTH="17" VPOS="324" HPOS="854"/>
							<String ID="string_36" HPOS="871" VPOS="323" WIDTH="160" HEIGHT="31" WC="0.96" CONTENT="dessutom"/><SP WIDTH="16" VPOS="323" HPOS="1031"/>
							<String ID="string_37" HPOS="1047" VPOS="331" WIDTH="81" HEIGHT="20" WC="0.95" CONTENT="vara"/><SP WIDTH="17" VPOS="331" HPOS="1128"/>
							<String ID="string_38" HPOS="1145" VPOS="321" WIDTH="48" HEIGHT="28" WC="0.95" CONTENT="att"/><SP WIDTH="18" VPOS="321" HPOS="1193"/>
							<String ID="string_39" HPOS="1211" VPOS="316" WIDTH="124" HEIGHT="36" WC="0.94" CONTENT="beakta,"/><SP WIDTH="20" VPOS="316" HPOS="1335"/>
							<String ID="string_40" HPOS="1355" VPOS="317" WIDTH="48" HEIGHT="29" WC="0.95" CONTENT="att"/><SP WIDTH="18" VPOS="317" HPOS="1403"/>
							<String ID="string_41" HPOS="1421" VPOS="316" WIDTH="45" HEIGHT="28" WC="0.96" CONTENT="ett"/><SP WIDTH="19" VPOS="316" HPOS="1466"/>
							<String ID="string_42" HPOS="1485" VPOS="311" WIDTH="95" HEIGHT="32" WC="0.95" CONTENT="bland"/><SP WIDTH="19" VPOS="311" HPOS="1580"/>
							<String ID="string_43" HPOS="1599" VPOS="310" WIDTH="36" HEIGHT="31" WC="0.94" CONTENT="de"/>
						</TextLine>
						<TextLine ID="line_4" HPOS="136" VPOS="352" WIDTH="1500" HEIGHT="61">
							<String ID="string_44" HPOS="136" VPOS="375" WIDTH="293" HEIGHT="38" WC="0.48" CONTENT="oundgängligaste"/><SP WIDTH="24" VPOS="375" HPOS="429"/>
							<String ID="string_45" HPOS="453" VPOS="371" WIDTH="169" HEIGHT="34" WC="0.95" CONTENT="villkoren,"/><SP WIDTH="27" VPOS="371" HPOS="622"/>
							<String ID="string_46" HPOS="649" VPOS="369" WIDTH="52" HEIGHT="31" WC="0.96" CONTENT="för"/><SP WIDTH="22" VPOS="369" HPOS="701"/>
							<String ID="string_47" HPOS="723" VPOS="371" WIDTH="47" HEIGHT="28" WC="0.96" CONTENT="att"/><SP WIDTH="25" VPOS="371" HPOS="770"/>
							<String ID="string_48" HPOS="795" VPOS="369" WIDTH="45" HEIGHT="29" WC="0.96" CONTENT="ett"/><SP WIDTH="24" VPOS="369" HPOS="840"/>
							<String ID="string_49" HPOS="864" VPOS="363" WIDTH="154" HEIGHT="33" WC="0.91" CONTENT="småbruk"/><SP WIDTH="25" VPOS="363" HPOS="1018"/>
							<String ID="string_50" HPOS="1043" VPOS="361" WIDTH="83" HEIGHT="32" WC="0.95" CONTENT="skall"/><SP WIDTH="25" VPOS="361" HPOS="1126"/>
							<String ID="string_51" HPOS="1151" VPOS="360" WIDTH="79" HEIGHT="31" WC="0.96" CONTENT="bära"/><SP WIDTH="23" VPOS="360" HPOS="1230"/>
							<String ID="string_52" HPOS="1253" VPOS="359" WIDTH="59" HEIGHT="36" WC="0.96" CONTENT="sig,"/><SP WIDTH="26" VPOS="359" HPOS="1312"/>
							<String ID="string_53" HPOS="1338" VPOS="362" WIDTH="36" HEIGHT="26" WC="0.94" CONTENT="är"/><SP WIDTH="25" VPOS="362" HPOS="1374"/>
							<String ID="string_54" HPOS="1399" VPOS="354" WIDTH="202" HEIGHT="33" WC="0.90" CONTENT="intensiteten"/><SP WIDTH="26" VPOS="354" HPOS="1601"/>
							<String ID="string_55" HPOS="1627" VPOS="352" WIDTH="9" HEIGHT="30" WC="0.96" CONTENT="i"/>
						</TextLine>
						<TextLine ID="line_5" HPOS="137" VPOS="394" WIDTH="1501" HEIGHT="57">
							<String ID="string_56" HPOS="137" VPOS="419" WIDTH="133" HEIGHT="32" WC="0.87" CONTENT="arbetet."/><SP WIDTH="46" VPOS="419" HPOS="270"/>
							<String ID="string_57" HPOS="316" VPOS="415" WIDTH="157" HEIGHT="32" WC="0.82" CONTENT="Flertalet"/><SP WIDTH="21" VPOS="415" HPOS="473"/>
							<String ID="string_58" HPOS="494" VPOS="425" WIDTH="40" HEIGHT="20" WC="0.96" CONTENT="av"/><SP WIDTH="23" VPOS="425" HPOS="534"/>
							<String ID="string_59" HPOS="557" VPOS="413" WIDTH="36" HEIGHT="31" WC="0.93" CONTENT="de"/><SP WIDTH="22" VPOS="413" HPOS="593"/>
							<String ID="string_60" HPOS="615" VPOS="409" WIDTH="301" HEIGHT="38" WC="0.90" CONTENT="kronoegendomar,"/><SP WIDTH="25" VPOS="409" HPOS="916"/>
							<String ID="string_61" HPOS="941" VPOS="418" WIDTH="49" HEIGHT="19" WC="0.96" CONTENT="om"/><SP WIDTH="23" VPOS="418" HPOS="990"/>
							<String ID="string_62" HPOS="1013" VPOS="404" WIDTH="91" HEIGHT="31" WC="0.96" CONTENT="vilka"/><SP WIDTH="22" VPOS="404" HPOS="1104"/>
							<String ID="string_63" HPOS="1126" VPOS="403" WIDTH="60" HEIGHT="30" WC="0.96" CONTENT="här"/><SP WIDTH="22" VPOS="403" HPOS="1186"/>
							<String ID="string_64" HPOS="1208" VPOS="406" WIDTH="36" HEIGHT="26" WC="0.95" CONTENT="är"/><SP WIDTH="24" VPOS="406" HPOS="1244"/>
							<String ID="string_65" HPOS="1268" VPOS="400" WIDTH="105" HEIGHT="36" WC="0.91" CONTENT="fråga,"/><SP WIDTH="23" VPOS="400" HPOS="1373"/>
							<String ID="string_66" HPOS="1396" VPOS="398" WIDTH="92" HEIGHT="36" WC="0.95" CONTENT="ligga"/><SP WIDTH="21" VPOS="398" HPOS="1488"/>
							<String ID="string_67" HPOS="1509" VPOS="395" WIDTH="94" HEIGHT="32" WC="0.95" CONTENT="också"/><SP WIDTH="25" VPOS="395" HPOS="1603"/>
							<String ID="string_68" HPOS="1628" VPOS="394" WIDTH="10" HEIGHT="30" WC="0.92" CONTENT="i"/>
						</TextLine>
						<TextLine ID="line_6" HPOS="138" VPOS="439" WIDTH="1501" HEIGHT="58">
							<String ID="string_69" HPOS="138" VPOS="462" WIDTH="37" HEIGHT="30" WC="0.92" CONTENT="de"/><SP WIDTH="17" VPOS="462" HPOS="175"/>
							<String ID="string_70" HPOS="192" VPOS="459" WIDTH="109" HEIGHT="38" WC="0.20" CONTENT="ganla"/><SP WIDTH="16" VPOS="459" HPOS="301"/>
							<String ID="string_71" HPOS="317" VPOS="455" WIDTH="290" HEIGHT="38" WC="0.91" CONTENT="kulturbygderna,"/><SP WIDTH="18" VPOS="455" HPOS="607"/>
							<String ID="string_72" HPOS="625" VPOS="454" WIDTH="58" HEIGHT="30" WC="0.96" CONTENT="där"/><SP WIDTH="17" VPOS="454" HPOS="683"/>
							<String ID="string_73" HPOS="700" VPOS="451" WIDTH="126" HEIGHT="39" WC="0.96" CONTENT="jordens"/><SP WIDTH="20" VPOS="451" HPOS="826"/>
							<String ID="string_74" HPOS="846" VPOS="449" WIDTH="98" HEIGHT="31" WC="0.96" CONTENT="värde"/><SP WIDTH="19" VPOS="449" HPOS="944"/>
							<String ID="string_75" HPOS="963" VPOS="453" WIDTH="35" HEIGHT="26" WC="0.96" CONTENT="är"/><SP WIDTH="20" VPOS="453" HPOS="998"/>
							<String ID="string_76" HPOS="1018" VPOS="447" WIDTH="87" HEIGHT="36" WC="0.96" CONTENT="högt,"/><SP WIDTH="20" VPOS="447" HPOS="1105"/>
							<String ID="string_77" HPOS="1125" VPOS="456" WIDTH="70" HEIGHT="19" WC="0.95" CONTENT="men"/><SP WIDTH="20" VPOS="456" HPOS="1195"/>
							<String ID="string_78" HPOS="1215" VPOS="443" WIDTH="57" HEIGHT="31" WC="0.91" CONTENT="där"/><SP WIDTH="18" VPOS="443" HPOS="1272"/>
							<String ID="string_79" HPOS="1290" VPOS="448" WIDTH="19" HEIGHT="24" WC="0.91" CONTENT="å"/><SP WIDTH="19" VPOS="448" HPOS="1309"/>
							<String ID="string_80" HPOS="1328" VPOS="441" WIDTH="103" HEIGHT="31" WC="0.96" CONTENT="andra"/><SP WIDTH="17" VPOS="441" HPOS="1431"/>
							<String ID="string_81" HPOS="1448" VPOS="439" WIDTH="91" HEIGHT="31" WC="0.95" CONTENT="sidan"/><SP WIDTH="21" VPOS="439" HPOS="1539"/>
							<String ID="string_82" HPOS="1560" VPOS="442" WIDTH="79" HEIGHT="26" WC="0.96" CONTENT="även"/>
						</TextLine>
						<TextLine ID="line_7" HPOS="140" VPOS="479" WIDTH="1499" HEIGHT="59">
							<String ID="string_83" HPOS="140" VPOS="497" WIDTH="455" HEIGHT="41" WC="0.45" CONTENT="avsältningsförhållandena"/><SP WIDTH="17" VPOS="497" HPOS="595"/>
							<String ID="string_84" HPOS="612" VPOS="495" WIDTH="93" HEIGHT="37" WC="0.96" CONTENT="börja"/><SP WIDTH="18" VPOS="495" HPOS="705"/>
							<String ID="string_85" HPOS="723" VPOS="493" WIDTH="89" HEIGHT="31" WC="0.96" CONTENT="bliva"/><SP WIDTH="17" VPOS="493" HPOS="812"/>
							<String ID="string_86" HPOS="829" VPOS="491" WIDTH="129" HEIGHT="36" WC="0.96" CONTENT="sådana,"/><SP WIDTH="20" VPOS="491" HPOS="958"/>
							<String ID="string_87" HPOS="978" VPOS="492" WIDTH="48" HEIGHT="29" WC="0.96" CONTENT="att"/><SP WIDTH="20" VPOS="492" HPOS="1026"/>
							<String ID="string_88" HPOS="1046" VPOS="491" WIDTH="45" HEIGHT="28" WC="0.96" CONTENT="ett"/><SP WIDTH="20" VPOS="491" HPOS="1091"/>
							<String ID="string_89" HPOS="1111" VPOS="485" WIDTH="152" HEIGHT="33" WC="0.96" CONTENT="intensivt"/><SP WIDTH="22" VPOS="485" HPOS="1263"/>
							<String ID="string_90" HPOS="1285" VPOS="482" WIDTH="166" HEIGHT="32" WC="0.95" CONTENT="brukande"/><SP WIDTH="20" VPOS="482" HPOS="1451"/>
							<String ID="string_91" HPOS="1471" VPOS="492" WIDTH="39" HEIGHT="19" WC="0.96" CONTENT="av"/><SP WIDTH="20" VPOS="492" HPOS="1510"/>
							<String ID="string_92" HPOS="1530" VPOS="479" WIDTH="109" HEIGHT="38" WC="0.96" CONTENT="jorden"/>
						</TextLine>
						<TextLine ID="line_8" HPOS="141" VPOS="520" WIDTH="1499" HEIGHT="56">
							<String ID="string_93" HPOS="141" VPOS="545" WIDTH="55" HEIGHT="30" WC="0.95" CONTENT="bör"/><SP WIDTH="23" VPOS="545" HPOS="196"/>
							<String ID="string_94" HPOS="219" VPOS="544" WIDTH="110" HEIGHT="30" WC="0.96" CONTENT="kunna"/><SP WIDTH="23" VPOS="544" HPOS="329"/>
							<String ID="string_95" HPOS="352" VPOS="541" WIDTH="75" HEIGHT="31" WC="0.96" CONTENT="löna"/><SP WIDTH="22" VPOS="541" HPOS="427"/>
							<String ID="string_96" HPOS="449" VPOS="540" WIDTH="61" HEIGHT="36" WC="0.96" CONTENT="sig."/><SP WIDTH="47" VPOS="540" HPOS="510"/>
							<String ID="string_97" HPOS="557" VPOS="538" WIDTH="51" HEIGHT="30" WC="0.71" CONTENT="En"/><SP WIDTH="26" VPOS="538" HPOS="608"/>
							<String ID="string_98" HPOS="634" VPOS="534" WIDTH="237" HEIGHT="36" WC="0.92" CONTENT="förutsättning"/><SP WIDTH="26" VPOS="534" HPOS="871"/>
							<String ID="string_99" HPOS="897" VPOS="533" WIDTH="61" HEIGHT="35" WC="0.96" CONTENT="för,"/><SP WIDTH="26" VPOS="533" HPOS="958"/>
							<String ID="string_100" HPOS="984" VPOS="534" WIDTH="50" HEIGHT="28" WC="0.77" CONTENT="alt"/><SP WIDTH="24" VPOS="534" HPOS="1034"/>
							<String ID="string_101" HPOS="1058" VPOS="530" WIDTH="103" HEIGHT="30" WC="0.96" CONTENT="denna"/><SP WIDTH="23" VPOS="530" HPOS="1161"/>
							<String ID="string_102" HPOS="1184" VPOS="526" WIDTH="165" HEIGHT="32" WC="0.96" CONTENT="intensitet"/><SP WIDTH="24" VPOS="526" HPOS="1349"/>
							<String ID="string_103" HPOS="1373" VPOS="525" WIDTH="11" HEIGHT="29" WC="0.96" CONTENT="i"/><SP WIDTH="25" VPOS="525" HPOS="1384"/>
							<String ID="string_104" HPOS="1409" VPOS="523" WIDTH="121" HEIGHT="31" WC="0.96" CONTENT="arbetet"/><SP WIDTH="26" VPOS="523" HPOS="1530"/>
							<String ID="string_105" HPOS="1556" VPOS="520" WIDTH="84" HEIGHT="32" WC="0.96" CONTENT="skall"/>
						</TextLine>
						<TextLine ID="line_9" HPOS="140" VPOS="563" WIDTH="1501" HEIGHT="56">
							<String ID="string_106" HPOS="140" VPOS="587" WIDTH="111" HEIGHT="30" WC="0.92" CONTENT="kunna"/><SP WIDTH="21" VPOS="587" HPOS="251"/>
							<String ID="string_107" HPOS="272" VPOS="583" WIDTH="192" HEIGHT="36" WC="0.91" CONTENT="förefinnas,"/><SP WIDTH="22" VPOS="583" HPOS="464"/>
							<String ID="string_108" HPOS="486" VPOS="586" WIDTH="35" HEIGHT="26" WC="0.96" CONTENT="är"/><SP WIDTH="19" VPOS="586" HPOS="521"/>
							<String ID="string_109" HPOS="540" VPOS="577" WIDTH="175" HEIGHT="34" WC="0.95" CONTENT="emellertid"/><SP WIDTH="20" VPOS="577" HPOS="715"/>
							<String ID="string_110" HPOS="735" VPOS="577" WIDTH="11" HEIGHT="31" WC="0.96" CONTENT="i"/><SP WIDTH="21" VPOS="577" HPOS="746"/>
							<String ID="string_111" HPOS="767" VPOS="576" WIDTH="96" HEIGHT="37" WC="0.93" CONTENT="fråga"/><SP WIDTH="20" VPOS="576" HPOS="863"/>
							<String ID="string_112" HPOS="883" VPOS="586" WIDTH="51" HEIGHT="19" WC="0.96" CONTENT="om"/><SP WIDTH="18" VPOS="586" HPOS="934"/>
							<String ID="string_113" HPOS="952" VPOS="570" WIDTH="199" HEIGHT="41" WC="0.90" CONTENT="jordbruket,"/><SP WIDTH="23" VPOS="570" HPOS="1151"/>
							<String ID="string_114" HPOS="1174" VPOS="572" WIDTH="48" HEIGHT="28" WC="0.96" CONTENT="att"/><SP WIDTH="20" VPOS="572" HPOS="1222"/>
							<String ID="string_115" HPOS="1242" VPOS="570" WIDTH="119" HEIGHT="29" WC="0.95" CONTENT="största"/><SP WIDTH="20" VPOS="570" HPOS="1361"/>
							<String ID="string_116" HPOS="1381" VPOS="564" WIDTH="136" HEIGHT="38" WC="0.95" CONTENT="möjliga"/><SP WIDTH="18" VPOS="564" HPOS="1517"/>
							<String ID="string_117" HPOS="1535" VPOS="563" WIDTH="106" HEIGHT="31" WC="0.82" CONTENT="siker-"/>
						</TextLine>
						<TextLine ID="line_10" HPOS="141" VPOS="606" WIDTH="1502" HEIGHT="56">
							<String ID="string_118" HPOS="141" VPOS="629" WIDTH="53" HEIGHT="31" WC="0.96" CONTENT="het"/><SP WIDTH="21" VPOS="629" HPOS="194"/>
							<String ID="string_119" HPOS="215" VPOS="628" WIDTH="103" HEIGHT="30" WC="0.95" CONTENT="finnes"/><SP WIDTH="23" VPOS="628" HPOS="318"/>
							<String ID="string_120" HPOS="341" VPOS="626" WIDTH="61" HEIGHT="36" WC="0.96" CONTENT="för,"/><SP WIDTH="22" VPOS="626" HPOS="402"/>
							<String ID="string_121" HPOS="424" VPOS="628" WIDTH="47" HEIGHT="27" WC="0.83" CONTENT="alt"/><SP WIDTH="22" VPOS="628" HPOS="471"/>
							<String ID="string_122" HPOS="493" VPOS="622" WIDTH="171" HEIGHT="32" WC="0.96" CONTENT="frukterna"/><SP WIDTH="20" VPOS="622" HPOS="664"/>
							<String ID="string_123" HPOS="684" VPOS="631" WIDTH="40" HEIGHT="20" WC="0.96" CONTENT="av"/><SP WIDTH="21" VPOS="631" HPOS="724"/>
							<String ID="string_124" HPOS="745" VPOS="619" WIDTH="50" HEIGHT="31" WC="0.96" CONTENT="det"/><SP WIDTH="22" VPOS="619" HPOS="795"/>
							<String ID="string_125" HPOS="817" VPOS="617" WIDTH="107" HEIGHT="32" WC="0.93" CONTENT="arbete"/><SP WIDTH="21" VPOS="617" HPOS="924"/>
							<String ID="string_126" HPOS="945" VPOS="615" WIDTH="58" HEIGHT="31" WC="0.96" CONTENT="och"/><SP WIDTH="22" VPOS="615" HPOS="1003"/>
							<String ID="string_127" HPOS="1025" VPOS="614" WIDTH="37" HEIGHT="31" WC="0.96" CONTENT="de"/><SP WIDTH="21" VPOS="614" HPOS="1062"/>
							<String ID="string_128" HPOS="1083" VPOS="611" WIDTH="178" HEIGHT="33" WC="0.96" CONTENT="kostnader,"/><SP WIDTH="23" VPOS="611" HPOS="1261"/>
							<String ID="string_129" HPOS="1284" VPOS="608" WIDTH="161" HEIGHT="32" WC="0.93" CONTENT="brukaren"/><SP WIDTH="23" VPOS="608" HPOS="1445"/>
							<String ID="string_130" HPOS="1468" VPOS="606" WIDTH="175" HEIGHT="36" WC="0.68" CONTENT="nedlägger"/>
						</TextLine>
						<TextLine ID="line_11" HPOS="143" VPOS="647" WIDTH="1500" HEIGHT="61">
							<String ID="string_131" HPOS="143" VPOS="675" WIDTH="42" HEIGHT="33" WC="0.95" CONTENT="på"/><SP WIDTH="24" VPOS="675" HPOS="185"/>
							<String ID="string_132" HPOS="209" VPOS="669" WIDTH="119" HEIGHT="37" WC="0.95" CONTENT="jorden,"/><SP WIDTH="27" VPOS="669" HPOS="328"/>
							<String ID="string_133" HPOS="355" VPOS="667" WIDTH="130" HEIGHT="30" WC="0.94" CONTENT="komma"/><SP WIDTH="24" VPOS="667" HPOS="485"/>
							<String ID="string_134" HPOS="509" VPOS="665" WIDTH="115" HEIGHT="31" WC="0.95" CONTENT="honom"/><SP WIDTH="26" VPOS="665" HPOS="624"/>
							<String ID="string_135" HPOS="650" VPOS="662" WIDTH="76" HEIGHT="32" WC="0.96" CONTENT="eller"/><SP WIDTH="27" VPOS="662" HPOS="726"/>
							<String ID="string_136" HPOS="753" VPOS="660" WIDTH="193" HEIGHT="32" WC="0.95" CONTENT="åtminstone"/><SP WIDTH="27" VPOS="660" HPOS="946"/>
							<String ID="string_137" HPOS="973" VPOS="657" WIDTH="81" HEIGHT="31" WC="0.96" CONTENT="hans"/><SP WIDTH="30" VPOS="657" HPOS="1054"/>
							<String ID="string_138" HPOS="1084" VPOS="654" WIDTH="106" HEIGHT="37" WC="0.95" CONTENT="familj"/><SP WIDTH="30" VPOS="654" HPOS="1190"/>
							<String ID="string_139" HPOS="1220" VPOS="652" WIDTH="51" HEIGHT="31" WC="0.96" CONTENT="till"/><SP WIDTH="28" VPOS="652" HPOS="1271"/>
							<String ID="string_140" HPOS="1299" VPOS="651" WIDTH="91" HEIGHT="37" WC="0.92" CONTENT="godo."/><SP WIDTH="52" VPOS="651" HPOS="1390"/>
							<String ID="string_141" HPOS="1442" VPOS="647" WIDTH="201" HEIGHT="37" WC="0.96" CONTENT="Visserligen"/>
						</TextLine>
						<TextLine ID="line_12" HPOS="144" VPOS="689" WIDTH="1500" HEIGHT="60">
							<String ID="string_142" HPOS="144" VPOS="717" WIDTH="91" HEIGHT="32" WC="0.95" CONTENT="säges"/><SP WIDTH="20" VPOS="717" HPOS="235"/>
							<String ID="string_143" HPOS="255" VPOS="711" WIDTH="51" HEIGHT="31" WC="0.96" CONTENT="det"/><SP WIDTH="18" VPOS="711" HPOS="306"/>
							<String ID="string_144" HPOS="324" VPOS="721" WIDTH="42" HEIGHT="19" WC="0.96" CONTENT="nu"/><SP WIDTH="19" VPOS="721" HPOS="366"/>
							<String ID="string_145" HPOS="385" VPOS="721" WIDTH="40" HEIGHT="19" WC="0.96" CONTENT="av"/><SP WIDTH="20" VPOS="721" HPOS="425"/>
							<String ID="string_146" HPOS="445" VPOS="708" WIDTH="80" HEIGHT="33" WC="0.96" CONTENT="dem,"/><SP WIDTH="22" VPOS="708" HPOS="525"/>
							<String ID="string_147" HPOS="547" VPOS="718" WIDTH="67" HEIGHT="20" WC="0.96" CONTENT="som"/><SP WIDTH="20" VPOS="718" HPOS="614"/>
							<String ID="string_148" HPOS="634" VPOS="703" WIDTH="132" HEIGHT="32" WC="0.96" CONTENT="förorda"/><SP WIDTH="18" VPOS="703" HPOS="766"/>
							<String ID="string_149" HPOS="784" VPOS="699" WIDTH="320" HEIGHT="35" WC="0.80" CONTENT="åborättsinstilutet,"/><SP WIDTH="22" VPOS="699" HPOS="1104"/>
							<String ID="string_150" HPOS="1126" VPOS="699" WIDTH="47" HEIGHT="29" WC="0.96" CONTENT="att"/><SP WIDTH="20" VPOS="699" HPOS="1173"/>
							<String ID="string_151" HPOS="1193" VPOS="696" WIDTH="69" HEIGHT="37" WC="0.96" CONTENT="just"/><SP WIDTH="20" VPOS="696" HPOS="1262"/>
							<String ID="string_152" HPOS="1282" VPOS="694" WIDTH="87" HEIGHT="31" WC="0.96" CONTENT="detta"/><SP WIDTH="19" VPOS="694" HPOS="1369"/>
							<String ID="string_153" HPOS="1388" VPOS="691" WIDTH="132" HEIGHT="32" WC="0.95" CONTENT="institut"/><SP WIDTH="20" VPOS="691" HPOS="1520"/>
							<String ID="string_154" HPOS="1540" VPOS="689" WIDTH="104" HEIGHT="32" WC="0.96" CONTENT="skulle"/>
						</TextLine>
						<TextLine ID="line_13" HPOS="145" VPOS="731" WIDTH="1499" HEIGHT="60">
							<String ID="string_155" HPOS="145" VPOS="766" WIDTH="78" HEIGHT="20" WC="0.95" CONTENT="vara"/><SP WIDTH="18" VPOS="766" HPOS="223"/>
							<String ID="string_156" HPOS="241" VPOS="756" WIDTH="98" HEIGHT="35" WC="0.96" CONTENT="ägnat"/><SP WIDTH="20" VPOS="756" HPOS="339"/>
							<String ID="string_157" HPOS="359" VPOS="755" WIDTH="49" HEIGHT="28" WC="0.96" CONTENT="att"/><SP WIDTH="18" VPOS="755" HPOS="408"/>
							<String ID="string_158" HPOS="426" VPOS="749" WIDTH="134" HEIGHT="38" WC="0.96" CONTENT="erbjuda"/><SP WIDTH="17" VPOS="749" HPOS="560"/>
							<String ID="string_159" HPOS="577" VPOS="747" WIDTH="92" HEIGHT="38" WC="0.96" CONTENT="dylik"/><SP WIDTH="19" VPOS="747" HPOS="669"/>
							<String ID="string_160" HPOS="688" VPOS="745" WIDTH="158" HEIGHT="36" WC="0.96" CONTENT="säkerhet,"/><SP WIDTH="21" VPOS="745" HPOS="846"/>
							<String ID="string_161" HPOS="867" VPOS="743" WIDTH="57" HEIGHT="31" WC="0.96" CONTENT="och"/><SP WIDTH="18" VPOS="743" HPOS="924"/>
							<String ID="string_162" HPOS="942" VPOS="743" WIDTH="56" HEIGHT="37" WC="0.96" CONTENT="jag"/><SP WIDTH="19" VPOS="743" HPOS="998"/>
							<String ID="string_163" HPOS="1017" VPOS="740" WIDTH="58" HEIGHT="31" WC="0.96" CONTENT="vill"/><SP WIDTH="20" VPOS="740" HPOS="1075"/>
							<String ID="string_164" HPOS="1095" VPOS="739" WIDTH="70" HEIGHT="31" WC="0.96" CONTENT="icke"/><SP WIDTH="21" VPOS="739" HPOS="1165"/>
							<String ID="string_165" HPOS="1186" VPOS="736" WIDTH="143" HEIGHT="37" WC="0.96" CONTENT="förneka,"/><SP WIDTH="20" VPOS="736" HPOS="1329"/>
							<String ID="string_166" HPOS="1349" VPOS="738" WIDTH="47" HEIGHT="28" WC="0.96" CONTENT="att"/><SP WIDTH="20" VPOS="738" HPOS="1396"/>
							<String ID="string_167" HPOS="1416" VPOS="734" WIDTH="36" HEIGHT="31" WC="0.96" CONTENT="så"/><SP WIDTH="19" VPOS="734" HPOS="1452"/>
							<String ID="string_168" HPOS="1471" VPOS="732" WIDTH="58" HEIGHT="32" WC="0.95" CONTENT="ock"/><SP WIDTH="19" VPOS="732" HPOS="1529"/>
							<String ID="string_169" HPOS="1548" VPOS="732" WIDTH="11" HEIGHT="31" WC="0.95" CONTENT="i"/><SP WIDTH="19" VPOS="732" HPOS="1559"/>
							<String ID="string_170" HPOS="1578" VPOS="731" WIDTH="66" HEIGHT="31" WC="0.94" CONTENT="viss"/>
						</TextLine>
						<TextLine ID="line_14" HPOS="143" VPOS="774" WIDTH="1503" HEIGHT="55">
							<String ID="string_171" HPOS="143" VPOS="803" WIDTH="75" HEIGHT="24" WC="0.96" CONTENT="mån"/><SP WIDTH="19" VPOS="803" HPOS="218"/>
							<String ID="string_172" HPOS="237" VPOS="800" WIDTH="36" HEIGHT="26" WC="0.96" CONTENT="är"/><SP WIDTH="19" VPOS="800" HPOS="273"/>
							<String ID="string_173" HPOS="292" VPOS="794" WIDTH="92" HEIGHT="32" WC="0.94" CONTENT="fallet"/><SP WIDTH="18" VPOS="794" HPOS="384"/>
							<String ID="string_174" HPOS="402" VPOS="793" WIDTH="52" HEIGHT="31" WC="0.96" CONTENT="till"/><SP WIDTH="19" VPOS="793" HPOS="454"/>
							<String ID="string_175" HPOS="473" VPOS="791" WIDTH="83" HEIGHT="38" WC="0.96" CONTENT="följd"/><SP WIDTH="18" VPOS="791" HPOS="556"/>
							<String ID="string_176" HPOS="574" VPOS="802" WIDTH="40" HEIGHT="20" WC="0.96" CONTENT="av"/><SP WIDTH="18" VPOS="802" HPOS="614"/>
							<String ID="string_177" HPOS="632" VPOS="790" WIDTH="58" HEIGHT="31" WC="0.96" CONTENT="den"/><SP WIDTH="18" VPOS="790" HPOS="690"/>
							<String ID="string_178" HPOS="708" VPOS="786" WIDTH="165" HEIGHT="33" WC="0.96" CONTENT="minskade"/><SP WIDTH="19" VPOS="786" HPOS="873"/>
							<String ID="string_179" HPOS="892" VPOS="783" WIDTH="212" HEIGHT="39" WC="0.95" CONTENT="möjligheten"/><SP WIDTH="17" VPOS="783" HPOS="1104"/>
							<String ID="string_180" HPOS="1121" VPOS="781" WIDTH="52" HEIGHT="32" WC="0.96" CONTENT="till"/><SP WIDTH="20" VPOS="781" HPOS="1173"/>
							<String ID="string_181" HPOS="1193" VPOS="778" WIDTH="186" HEIGHT="33" WC="0.96" CONTENT="överdriven"/><SP WIDTH="22" VPOS="778" HPOS="1379"/>
							<String ID="string_182" HPOS="1401" VPOS="774" WIDTH="245" HEIGHT="36" WC="0.95" CONTENT="skuldsättning"/>
						</TextLine>
						<TextLine ID="line_15" HPOS="145" VPOS="815" WIDTH="1502" HEIGHT="57">
							<String ID="string_183" HPOS="145" VPOS="839" WIDTH="51" HEIGHT="31" WC="0.96" CONTENT="det"/><SP WIDTH="24" VPOS="839" HPOS="196"/>
							<String ID="string_184" HPOS="220" VPOS="838" WIDTH="133" HEIGHT="31" WC="0.96" CONTENT="medför."/><SP WIDTH="45" VPOS="838" HPOS="353"/>
							<String ID="string_185" HPOS="398" VPOS="835" WIDTH="70" HEIGHT="37" WC="0.96" CONTENT="Jag"/><SP WIDTH="21" VPOS="835" HPOS="468"/>
							<String ID="string_186" HPOS="489" VPOS="837" WIDTH="68" HEIGHT="28" WC="0.96" CONTENT="tror"/><SP WIDTH="22" VPOS="837" HPOS="557"/>
							<String ID="string_187" HPOS="579" VPOS="830" WIDTH="185" HEIGHT="37" WC="0.95" CONTENT="emellertid,"/><SP WIDTH="22" VPOS="830" HPOS="764"/>
							<String ID="string_188" HPOS="786" VPOS="832" WIDTH="48" HEIGHT="29" WC="0.96" CONTENT="att"/><SP WIDTH="22" VPOS="832" HPOS="834"/>
							<String ID="string_189" HPOS="856" VPOS="839" WIDTH="74" HEIGHT="20" WC="0.96" CONTENT="man"/><SP WIDTH="24" VPOS="839" HPOS="930"/>
							<String ID="string_190" HPOS="954" VPOS="827" WIDTH="11" HEIGHT="31" WC="0.96" CONTENT="i"/><SP WIDTH="24" VPOS="827" HPOS="965"/>
							<String ID="string_191" HPOS="989" VPOS="823" WIDTH="214" HEIGHT="34" WC="0.93" CONTENT="förevarande"/><SP WIDTH="20" VPOS="823" HPOS="1203"/>
							<String ID="string_192" HPOS="1223" VPOS="820" WIDTH="178" HEIGHT="32" WC="0.96" CONTENT="hänseende"/><SP WIDTH="24" VPOS="820" HPOS="1401"/>
							<String ID="string_193" HPOS="1425" VPOS="818" WIDTH="101" HEIGHT="31" WC="0.96" CONTENT="måste"/><SP WIDTH="23" VPOS="818" HPOS="1526"/>
							<String ID="string_194" HPOS="1549" VPOS="815" WIDTH="98" HEIGHT="33" WC="0.96" CONTENT="ställa"/>
						</TextLine>
						<TextLine ID="line_16" HPOS="148" VPOS="857" WIDTH="1498" HEIGHT="59">
							<String ID="string_195" HPOS="148" VPOS="880" WIDTH="228" HEIGHT="36" WC="0.88" CONTENT="fordringarna"/><SP WIDTH="15" VPOS="880" HPOS="376"/>
							<String ID="string_196" HPOS="391" VPOS="878" WIDTH="42" HEIGHT="37" WC="0.95" CONTENT="på"/><SP WIDTH="19" VPOS="878" HPOS="433"/>
							<String ID="string_197" HPOS="452" VPOS="875" WIDTH="150" HEIGHT="33" WC="0.96" CONTENT="säkerhet"/><SP WIDTH="18" VPOS="875" HPOS="602"/>
							<String ID="string_198" HPOS="620" VPOS="878" WIDTH="40" HEIGHT="27" WC="0.96" CONTENT="än"/><SP WIDTH="20" VPOS="878" HPOS="660"/>
							<String ID="string_199" HPOS="680" VPOS="873" WIDTH="108" HEIGHT="36" WC="0.74" CONTENT="högre."/><SP WIDTH="42" VPOS="873" HPOS="788"/>
							<String ID="string_200" HPOS="830" VPOS="870" WIDTH="53" HEIGHT="31" WC="0.94" CONTENT="En"/><SP WIDTH="17" VPOS="870" HPOS="883"/>
							<String ID="string_201" HPOS="900" VPOS="868" WIDTH="138" HEIGHT="36" WC="0.69" CONTENT="åborätt,"/><SP WIDTH="21" VPOS="868" HPOS="1038"/>
							<String ID="string_202" HPOS="1059" VPOS="878" WIDTH="66" HEIGHT="19" WC="0.95" CONTENT="som"/><SP WIDTH="22" VPOS="878" HPOS="1125"/>
							<String ID="string_203" HPOS="1147" VPOS="864" WIDTH="70" HEIGHT="32" WC="0.96" CONTENT="icke"/><SP WIDTH="18" VPOS="864" HPOS="1217"/>
							<String ID="string_204" HPOS="1235" VPOS="863" WIDTH="99" HEIGHT="31" WC="0.96" CONTENT="under"/><SP WIDTH="21" VPOS="863" HPOS="1334"/>
							<String ID="string_205" HPOS="1355" VPOS="862" WIDTH="104" HEIGHT="36" WC="0.96" CONTENT="några"/><SP WIDTH="18" VPOS="862" HPOS="1459"/>
							<String ID="string_206" HPOS="1477" VPOS="871" WIDTH="67" HEIGHT="20" WC="0.96" CONTENT="som"/><SP WIDTH="20" VPOS="871" HPOS="1544"/>
							<String ID="string_207" HPOS="1564" VPOS="857" WIDTH="82" HEIGHT="32" WC="0.96" CONTENT="helst"/>
						</TextLine>
						<TextLine ID="line_17" HPOS="148" VPOS="900" WIDTH="1499" HEIGHT="58">
							<String ID="string_208" HPOS="148" VPOS="920" WIDTH="271" HEIGHT="38" WC="0.96" CONTENT="omständigheter"/><SP WIDTH="24" VPOS="920" HPOS="419"/>
							<String ID="string_209" HPOS="443" VPOS="917" WIDTH="106" HEIGHT="33" WC="0.96" CONTENT="skulle"/><SP WIDTH="24" VPOS="917" HPOS="549"/>
							<String ID="string_210" HPOS="573" VPOS="916" WIDTH="111" HEIGHT="31" WC="0.96" CONTENT="kunna"/><SP WIDTH="24" VPOS="916" HPOS="684"/>
							<String ID="string_211" HPOS="708" VPOS="913" WIDTH="162" HEIGHT="32" WC="0.96" CONTENT="förklaras"/><SP WIDTH="26" VPOS="913" HPOS="870"/>
							<String ID="string_212" HPOS="896" VPOS="909" WIDTH="182" HEIGHT="36" WC="0.91" CONTENT="förverkad,"/><SP WIDTH="27" VPOS="909" HPOS="1078"/>
							<String ID="string_213" HPOS="1105" VPOS="908" WIDTH="82" HEIGHT="30" WC="0.96" CONTENT="låter"/><SP WIDTH="23" VPOS="908" HPOS="1187"/>
							<String ID="string_214" HPOS="1210" VPOS="905" WIDTH="54" HEIGHT="32" WC="0.96" CONTENT="väl"/><SP WIDTH="27" VPOS="905" HPOS="1264"/>
							<String ID="string_215" HPOS="1291" VPOS="903" WIDTH="136" HEIGHT="33" WC="0.96" CONTENT="sålunda"/><SP WIDTH="26" VPOS="903" HPOS="1427"/>
							<String ID="string_216" HPOS="1453" VPOS="902" WIDTH="69" HEIGHT="31" WC="0.96" CONTENT="icke"/><SP WIDTH="25" VPOS="902" HPOS="1522"/>
							<String ID="string_217" HPOS="1547" VPOS="900" WIDTH="100" HEIGHT="32" WC="0.95" CONTENT="tänka"/>
						</TextLine>
						<TextLine ID="line_18" HPOS="148" VPOS="942" WIDTH="1498" HEIGHT="61">
							<String ID="string_218" HPOS="148" VPOS="966" WIDTH="59" HEIGHT="37" WC="0.95" CONTENT="sig."/><SP WIDTH="44" VPOS="966" HPOS="207"/>
							<String ID="string_219" HPOS="251" VPOS="963" WIDTH="66" HEIGHT="32" WC="0.95" CONTENT="Och"/><SP WIDTH="21" VPOS="963" HPOS="317"/>
							<String ID="string_220" HPOS="338" VPOS="961" WIDTH="119" HEIGHT="37" WC="0.95" CONTENT="vidare,"/><SP WIDTH="24" VPOS="961" HPOS="457"/>
							<String ID="string_221" HPOS="481" VPOS="964" WIDTH="79" HEIGHT="27" WC="0.95" CONTENT="även"/><SP WIDTH="22" VPOS="964" HPOS="560"/>
							<String ID="string_222" HPOS="582" VPOS="970" WIDTH="48" HEIGHT="20" WC="0.96" CONTENT="om"/><SP WIDTH="22" VPOS="970" HPOS="630"/>
							<String ID="string_223" HPOS="652" VPOS="956" WIDTH="161" HEIGHT="32" WC="0.96" CONTENT="brukaren"/><SP WIDTH="21" VPOS="956" HPOS="813"/>
							<String ID="string_224" HPOS="834" VPOS="954" WIDTH="126" HEIGHT="31" WC="0.96" CONTENT="känner"/><SP WIDTH="21" VPOS="954" HPOS="960"/>
							<String ID="string_225" HPOS="981" VPOS="952" WIDTH="52" HEIGHT="37" WC="0.95" CONTENT="sig"/><SP WIDTH="22" VPOS="952" HPOS="1033"/>
							<String ID="string_226" HPOS="1055" VPOS="950" WIDTH="107" HEIGHT="36" WC="0.96" CONTENT="aldrig"/><SP WIDTH="22" VPOS="950" HPOS="1162"/>
							<String ID="string_227" HPOS="1184" VPOS="949" WIDTH="33" HEIGHT="30" WC="0.96" CONTENT="så"/><SP WIDTH="24" VPOS="949" HPOS="1217"/>
							<String ID="string_228" HPOS="1241" VPOS="946" WIDTH="93" HEIGHT="33" WC="0.95" CONTENT="säker"/><SP WIDTH="22" VPOS="946" HPOS="1334"/>
							<String ID="string_229" HPOS="1356" VPOS="946" WIDTH="12" HEIGHT="31" WC="0.75" CONTENT="1"/><SP WIDTH="20" VPOS="946" HPOS="1368"/>
							<String ID="string_230" HPOS="1388" VPOS="945" WIDTH="49" HEIGHT="32" WC="0.96" CONTENT="sin"/><SP WIDTH="22" VPOS="945" HPOS="1437"/>
							<String ID="string_231" HPOS="1459" VPOS="942" WIDTH="187" HEIGHT="37" WC="0.92" CONTENT="besittning,"/>
						</TextLine>
						<TextLine ID="line_19" HPOS="148" VPOS="984" WIDTH="1500" HEIGHT="55">
							<String ID="string_232" HPOS="148" VPOS="1013" WIDTH="36" HEIGHT="26" WC="0.88" CONTENT="är"/><SP WIDTH="21" VPOS="1013" HPOS="184"/>
							<String ID="string_233" HPOS="205" VPOS="1007" WIDTH="51" HEIGHT="31" WC="0.96" CONTENT="det"/><SP WIDTH="20" VPOS="1007" HPOS="256"/>
							<String ID="string_234" HPOS="276" VPOS="1004" WIDTH="81" HEIGHT="33" WC="0.96" CONTENT="dock"/><SP WIDTH="19" VPOS="1004" HPOS="357"/>
							<String ID="string_235" HPOS="376" VPOS="1007" WIDTH="45" HEIGHT="29" WC="0.96" CONTENT="ett"/><SP WIDTH="19" VPOS="1007" HPOS="421"/>
							<String ID="string_236" HPOS="440" VPOS="1002" WIDTH="141" HEIGHT="37" WC="0.96" CONTENT="faktum,"/><SP WIDTH="22" VPOS="1002" HPOS="581"/>
							<String ID="string_237" HPOS="603" VPOS="1003" WIDTH="50" HEIGHT="28" WC="0.96" CONTENT="att"/><SP WIDTH="19" VPOS="1003" HPOS="653"/>
							<String ID="string_238" HPOS="672" VPOS="999" WIDTH="38" HEIGHT="31" WC="0.96" CONTENT="de"/><SP WIDTH="20" VPOS="999" HPOS="710"/>
							<String ID="string_239" HPOS="730" VPOS="996" WIDTH="248" HEIGHT="37" WC="0.95" CONTENT="förbättringar,"/><SP WIDTH="21" VPOS="996" HPOS="978"/>
							<String ID="string_240" HPOS="999" VPOS="994" WIDTH="65" HEIGHT="31" WC="0.96" CONTENT="han"/><SP WIDTH="20" VPOS="994" HPOS="1064"/>
							<String ID="string_241" HPOS="1084" VPOS="991" WIDTH="114" HEIGHT="39" WC="0.96" CONTENT="lyckas"/><SP WIDTH="21" VPOS="991" HPOS="1198"/>
							<String ID="string_242" HPOS="1219" VPOS="988" WIDTH="224" HEIGHT="33" WC="0.93" CONTENT="åstadkomma"/><SP WIDTH="20" VPOS="988" HPOS="1443"/>
							<String ID="string_243" HPOS="1463" VPOS="987" WIDTH="18" HEIGHT="30" WC="0.85" CONTENT="å"/><SP WIDTH="22" VPOS="987" HPOS="1481"/>
							<String ID="string_244" HPOS="1503" VPOS="986" WIDTH="52" HEIGHT="31" WC="0.93" CONTENT="det"/><SP WIDTH="20" VPOS="986" HPOS="1555"/>
							<String ID="string_245" HPOS="1575" VPOS="984" WIDTH="73" HEIGHT="31" WC="0.92" CONTENT="bru-"/>
						</TextLine>
						<TextLine ID="line_20" HPOS="149" VPOS="1026" WIDTH="1501" HEIGHT="57">
							<String ID="string_246" HPOS="149" VPOS="1049" WIDTH="81" HEIGHT="32" WC="0.96" CONTENT="kade"/><SP WIDTH="25" VPOS="1049" HPOS="230"/>
							<String ID="string_247" HPOS="255" VPOS="1047" WIDTH="150" HEIGHT="36" WC="0.96" CONTENT="området,"/><SP WIDTH="26" VPOS="1047" HPOS="405"/>
							<String ID="string_248" HPOS="431" VPOS="1045" WIDTH="41" HEIGHT="38" WC="0.96" CONTENT="på"/><SP WIDTH="26" VPOS="1045" HPOS="472"/>
							<String ID="string_249" HPOS="498" VPOS="1047" WIDTH="46" HEIGHT="28" WC="0.93" CONTENT="ett"/><SP WIDTH="24" VPOS="1047" HPOS="544"/>
							<String ID="string_250" HPOS="568" VPOS="1040" WIDTH="174" HEIGHT="34" WC="0.91" CONTENT="merendels"/><SP WIDTH="26" VPOS="1040" HPOS="742"/>
							<String ID="string_251" HPOS="768" VPOS="1038" WIDTH="206" HEIGHT="38" WC="0.91" CONTENT="oskiljaktigt"/><SP WIDTH="28" VPOS="1038" HPOS="974"/>
							<String ID="string_252" HPOS="1002" VPOS="1038" WIDTH="65" HEIGHT="29" WC="0.62" CONTENT="sätt"/><SP WIDTH="26" VPOS="1038" HPOS="1067"/>
							<String ID="string_253" HPOS="1093" VPOS="1031" WIDTH="265" HEIGHT="34" WC="0.96" CONTENT="sammansmälta"/><SP WIDTH="25" VPOS="1031" HPOS="1358"/>
							<String ID="string_254" HPOS="1383" VPOS="1029" WIDTH="71" HEIGHT="32" WC="0.96" CONTENT="med"/><SP WIDTH="27" VPOS="1029" HPOS="1454"/>
							<String ID="string_255" HPOS="1481" VPOS="1028" WIDTH="87" HEIGHT="31" WC="0.96" CONTENT="detta"/><SP WIDTH="25" VPOS="1028" HPOS="1568"/>
							<String ID="string_256" HPOS="1593" VPOS="1026" WIDTH="57" HEIGHT="32" WC="0.96" CONTENT="och"/>
						</TextLine>
						<TextLine ID="line_21" HPOS="150" VPOS="1069" WIDTH="1500" HEIGHT="56">
							<String ID="string_257" HPOS="150" VPOS="1091" WIDTH="120" HEIGHT="33" WC="0.96" CONTENT="således"/><SP WIDTH="25" VPOS="1091" HPOS="270"/>
							<String ID="string_258" HPOS="295" VPOS="1090" WIDTH="88" HEIGHT="31" WC="0.93" CONTENT="bliva"/><SP WIDTH="23" VPOS="1090" HPOS="383"/>
							<String ID="string_259" HPOS="406" VPOS="1085" WIDTH="224" HEIGHT="40" WC="0.91" CONTENT="integrerande"/><SP WIDTH="21" VPOS="1085" HPOS="630"/>
							<String ID="string_260" HPOS="651" VPOS="1081" WIDTH="241" HEIGHT="34" WC="0.96" CONTENT="beståndsdelar"/><SP WIDTH="25" VPOS="1081" HPOS="892"/>
							<String ID="string_261" HPOS="917" VPOS="1080" WIDTH="50" HEIGHT="31" WC="0.96" CONTENT="uti"/><SP WIDTH="24" VPOS="1080" HPOS="967"/>
							<String ID="string_262" HPOS="991" VPOS="1078" WIDTH="107" HEIGHT="38" WC="0.96" CONTENT="något,"/><SP WIDTH="26" VPOS="1078" HPOS="1098"/>
							<String ID="string_263" HPOS="1124" VPOS="1088" WIDTH="66" HEIGHT="20" WC="0.96" CONTENT="som"/><SP WIDTH="26" VPOS="1088" HPOS="1190"/>
							<String ID="string_264" HPOS="1216" VPOS="1079" WIDTH="36" HEIGHT="27" WC="0.96" CONTENT="är"/><SP WIDTH="25" VPOS="1079" HPOS="1252"/>
							<String ID="string_265" HPOS="1277" VPOS="1085" WIDTH="37" HEIGHT="20" WC="0.95" CONTENT="en"/><SP WIDTH="25" VPOS="1085" HPOS="1314"/>
							<String ID="string_266" HPOS="1339" VPOS="1083" WIDTH="124" HEIGHT="21" WC="0.95" CONTENT="annans"/><SP WIDTH="26" VPOS="1083" HPOS="1463"/>
							<String ID="string_267" HPOS="1489" VPOS="1069" WIDTH="161" HEIGHT="39" WC="0.96" CONTENT="egendom."/>
						</TextLine>
						<TextLine ID="line_22" HPOS="151" VPOS="1111" WIDTH="1499" HEIGHT="60">
							<String ID="string_268" HPOS="151" VPOS="1134" WIDTH="161" HEIGHT="37" WC="0.94" CONTENT="Slutligen"/><SP WIDTH="23" VPOS="1134" HPOS="312"/>
							<String ID="string_269" HPOS="335" VPOS="1132" WIDTH="52" HEIGHT="31" WC="0.96" CONTENT="får"/><SP WIDTH="21" VPOS="1132" HPOS="387"/>
							<String ID="string_270" HPOS="408" VPOS="1131" WIDTH="28" HEIGHT="37" WC="0.93" CONTENT="ej"/><SP WIDTH="22" VPOS="1131" HPOS="436"/>
							<String ID="string_271" HPOS="458" VPOS="1128" WIDTH="147" HEIGHT="37" WC="0.91" CONTENT="förbises,"/><SP WIDTH="23" VPOS="1128" HPOS="605"/>
							<String ID="string_272" HPOS="628" VPOS="1130" WIDTH="47" HEIGHT="28" WC="0.96" CONTENT="att"/><SP WIDTH="23" VPOS="1130" HPOS="675"/>
							<String ID="string_273" HPOS="698" VPOS="1123" WIDTH="320" HEIGHT="34" WC="0.88" CONTENT="åborättsinstitutet,"/><SP WIDTH="25" VPOS="1123" HPOS="1018"/>
							<String ID="string_274" HPOS="1043" VPOS="1120" WIDTH="114" HEIGHT="32" WC="0.95" CONTENT="sådant"/><SP WIDTH="23" VPOS="1120" HPOS="1157"/>
							<String ID="string_275" HPOS="1180" VPOS="1118" WIDTH="176" HEIGHT="31" WC="0.96" CONTENT="detsamma"/><SP WIDTH="21" VPOS="1118" HPOS="1356"/>
							<String ID="string_276" HPOS="1377" VPOS="1113" WIDTH="120" HEIGHT="32" WC="0.93" CONTENT="hittills"/><SP WIDTH="23" VPOS="1113" HPOS="1497"/>
							<String ID="string_277" HPOS="1520" VPOS="1111" WIDTH="130" HEIGHT="32" WC="0.92" CONTENT="utveck-"/>
						</TextLine>
						<TextLine ID="line_23" HPOS="151" VPOS="1154" WIDTH="1500" HEIGHT="57">
							<String ID="string_278" HPOS="151" VPOS="1177" WIDTH="62" HEIGHT="31" WC="0.96" CONTENT="lats"/><SP WIDTH="18" VPOS="1177" HPOS="213"/>
							<String ID="string_279" HPOS="231" VPOS="1176" WIDTH="57" HEIGHT="31" WC="0.96" CONTENT="hos"/><SP WIDTH="18" VPOS="1176" HPOS="288"/>
							<String ID="string_280" HPOS="306" VPOS="1186" WIDTH="60" HEIGHT="25" WC="0.95" CONTENT="oss,"/><SP WIDTH="19" VPOS="1186" HPOS="366"/>
							<String ID="string_281" HPOS="385" VPOS="1178" WIDTH="37" HEIGHT="27" WC="0.96" CONTENT="är"/><SP WIDTH="19" VPOS="1178" HPOS="422"/>
							<String ID="string_282" HPOS="441" VPOS="1171" WIDTH="171" HEIGHT="33" WC="0.96" CONTENT="förbundet"/><SP WIDTH="17" VPOS="1171" HPOS="612"/>
							<String ID="string_283" HPOS="629" VPOS="1169" WIDTH="71" HEIGHT="31" WC="0.96" CONTENT="med"/><SP WIDTH="16" VPOS="1169" HPOS="700"/>
							<String ID="string_284" HPOS="716" VPOS="1179" WIDTH="37" HEIGHT="20" WC="0.96" CONTENT="en"/><SP WIDTH="18" VPOS="1179" HPOS="753"/>
							<String ID="string_285" HPOS="771" VPOS="1177" WIDTH="106" HEIGHT="21" WC="0.96" CONTENT="annan"/><SP WIDTH="19" VPOS="1177" HPOS="877"/>
							<String ID="string_286" HPOS="896" VPOS="1163" WIDTH="161" HEIGHT="37" WC="0.90" CONTENT="arvsföljd"/><SP WIDTH="18" VPOS="1163" HPOS="1057"/>
							<String ID="string_287" HPOS="1075" VPOS="1167" WIDTH="40" HEIGHT="26" WC="0.96" CONTENT="än"/><SP WIDTH="20" VPOS="1167" HPOS="1115"/>
							<String ID="string_288" HPOS="1135" VPOS="1161" WIDTH="58" HEIGHT="31" WC="0.96" CONTENT="den"/><SP WIDTH="18" VPOS="1161" HPOS="1193"/>
							<String ID="string_289" HPOS="1211" VPOS="1159" WIDTH="90" HEIGHT="38" WC="0.96" CONTENT="eljest"/><SP WIDTH="18" VPOS="1159" HPOS="1301"/>
							<String ID="string_290" HPOS="1319" VPOS="1157" WIDTH="147" HEIGHT="37" WC="0.96" CONTENT="vanliga;"/><SP WIDTH="21" VPOS="1157" HPOS="1466"/>
							<String ID="string_291" HPOS="1487" VPOS="1155" WIDTH="56" HEIGHT="31" WC="0.96" CONTENT="och"/><SP WIDTH="21" VPOS="1155" HPOS="1543"/>
							<String ID="string_292" HPOS="1564" VPOS="1154" WIDTH="87" HEIGHT="31" WC="0.96" CONTENT="svårt"/>
						</TextLine>
						<TextLine ID="line_24" HPOS="151" VPOS="1197" WIDTH="1499" HEIGHT="57">
							<String ID="string_293" HPOS="151" VPOS="1224" WIDTH="36" HEIGHT="27" WC="0.96" CONTENT="är"/><SP WIDTH="21" VPOS="1224" HPOS="187"/>
							<String ID="string_294" HPOS="208" VPOS="1222" WIDTH="47" HEIGHT="28" WC="0.96" CONTENT="att"/><SP WIDTH="21" VPOS="1222" HPOS="255"/>
							<String ID="string_295" HPOS="276" VPOS="1222" WIDTH="90" HEIGHT="32" WC="0.96" CONTENT="säga,"/><SP WIDTH="21" VPOS="1222" HPOS="366"/>
							<String ID="string_296" HPOS="387" VPOS="1227" WIDTH="49" HEIGHT="19" WC="0.96" CONTENT="om"/><SP WIDTH="19" VPOS="1227" HPOS="436"/>
							<String ID="string_297" HPOS="455" VPOS="1214" WIDTH="72" HEIGHT="32" WC="0.96" CONTENT="icke"/><SP WIDTH="21" VPOS="1214" HPOS="527"/>
							<String ID="string_298" HPOS="548" VPOS="1213" WIDTH="105" HEIGHT="31" WC="0.96" CONTENT="denna"/><SP WIDTH="19" VPOS="1213" HPOS="653"/>
							<String ID="string_299" HPOS="672" VPOS="1209" WIDTH="166" HEIGHT="33" WC="0.96" CONTENT="särskilda"/><SP WIDTH="17" VPOS="1209" HPOS="838"/>
							<String ID="string_300" HPOS="855" VPOS="1206" WIDTH="164" HEIGHT="37" WC="0.91" CONTENT="arvsföljd"/><SP WIDTH="20" VPOS="1206" HPOS="1019"/>
							<String ID="string_301" HPOS="1039" VPOS="1217" WIDTH="66" HEIGHT="19" WC="0.96" CONTENT="mer"/><SP WIDTH="20" VPOS="1217" HPOS="1105"/>
							<String ID="string_302" HPOS="1125" VPOS="1209" WIDTH="40" HEIGHT="26" WC="0.95" CONTENT="än"/><SP WIDTH="20" VPOS="1209" HPOS="1165"/>
							<String ID="string_303" HPOS="1185" VPOS="1214" WIDTH="75" HEIGHT="20" WC="0.96" CONTENT="man"/><SP WIDTH="19" VPOS="1214" HPOS="1260"/>
							<String ID="string_304" HPOS="1279" VPOS="1200" WIDTH="126" HEIGHT="32" WC="0.96" CONTENT="kanske"/><SP WIDTH="17" VPOS="1200" HPOS="1405"/>
							<String ID="string_305" HPOS="1422" VPOS="1203" WIDTH="68" HEIGHT="28" WC="0.96" CONTENT="tror"/><SP WIDTH="31" VPOS="1203" HPOS="1490"/>
							<String ID="string_306" HPOS="1521" VPOS="1198" WIDTH="59" HEIGHT="31" WC="0.96" CONTENT="har"/><SP WIDTH="18" VPOS="1198" HPOS="1580"/>
							<String ID="string_307" HPOS="1598" VPOS="1197" WIDTH="52" HEIGHT="31" WC="0.96" CONTENT="sin"/>
						</TextLine>
						<TextLine ID="line_25" HPOS="152" VPOS="1239" WIDTH="1501" HEIGHT="60">
							<String ID="string_308" HPOS="152" VPOS="1261" WIDTH="105" HEIGHT="38" WC="0.95" CONTENT="grund"/><SP WIDTH="20" VPOS="1261" HPOS="257"/>
							<String ID="string_309" HPOS="277" VPOS="1260" WIDTH="12" HEIGHT="31" WC="0.92" CONTENT="i"/><SP WIDTH="18" VPOS="1260" HPOS="289"/>
							<String ID="string_310" HPOS="307" VPOS="1256" WIDTH="326" HEIGHT="34" WC="0.17" CONTENT="åborättsinstilutets"/><SP WIDTH="22" VPOS="1256" HPOS="633"/>
							<String ID="string_311" HPOS="655" VPOS="1256" WIDTH="96" HEIGHT="29" WC="0.95" CONTENT="natur"/><SP WIDTH="19" VPOS="1256" HPOS="751"/>
							<String ID="string_312" HPOS="770" VPOS="1252" WIDTH="57" HEIGHT="31" WC="0.96" CONTENT="och"/><SP WIDTH="22" VPOS="1252" HPOS="827"/>
							<String ID="string_313" HPOS="849" VPOS="1250" WIDTH="120" HEIGHT="32" WC="0.96" CONTENT="således"/><SP WIDTH="22" VPOS="1250" HPOS="969"/>
							<String ID="string_314" HPOS="991" VPOS="1248" WIDTH="70" HEIGHT="31" WC="0.96" CONTENT="icke"/><SP WIDTH="19" VPOS="1248" HPOS="1061"/>
							<String ID="string_315" HPOS="1080" VPOS="1250" WIDTH="80" HEIGHT="28" WC="0.96" CONTENT="utan"/><SP WIDTH="22" VPOS="1250" HPOS="1160"/>
							<String ID="string_316" HPOS="1182" VPOS="1245" WIDTH="74" HEIGHT="35" WC="0.96" CONTENT="fara"/><SP WIDTH="21" VPOS="1245" HPOS="1256"/>
							<String ID="string_317" HPOS="1277" VPOS="1244" WIDTH="52" HEIGHT="30" WC="0.96" CONTENT="för"/><SP WIDTH="22" VPOS="1244" HPOS="1329"/>
							<String ID="string_318" HPOS="1351" VPOS="1241" WIDTH="204" HEIGHT="38" WC="0.96" CONTENT="olägenheter"/><SP WIDTH="21" VPOS="1241" HPOS="1555"/>
							<String ID="string_319" HPOS="1576" VPOS="1239" WIDTH="11" HEIGHT="31" WC="0.96" CONTENT="i"/><SP WIDTH="21" VPOS="1239" HPOS="1587"/>
							<String ID="string_320" HPOS="1608" VPOS="1242" WIDTH="45" HEIGHT="28" WC="0.96" CONTENT="ett"/>
						</TextLine>
						<TextLine ID="line_26" HPOS="153" VPOS="1281" WIDTH="1499" HEIGHT="54">
							<String ID="string_321" HPOS="153" VPOS="1303" WIDTH="75" HEIGHT="32" WC="0.96" CONTENT="eller"/><SP WIDTH="22" VPOS="1303" HPOS="228"/>
							<String ID="string_322" HPOS="250" VPOS="1305" WIDTH="97" HEIGHT="28" WC="0.96" CONTENT="annat"/><SP WIDTH="23" VPOS="1305" HPOS="347"/>
							<String ID="string_323" HPOS="370" VPOS="1299" WIDTH="152" HEIGHT="33" WC="0.96" CONTENT="avseende"/><SP WIDTH="21" VPOS="1299" HPOS="522"/>
							<String ID="string_324" HPOS="543" VPOS="1298" WIDTH="65" HEIGHT="31" WC="0.96" CONTENT="kan"/><SP WIDTH="22" VPOS="1298" HPOS="608"/>
							<String ID="string_325" HPOS="630" VPOS="1296" WIDTH="127" HEIGHT="32" WC="0.95" CONTENT="ändras."/><SP WIDTH="43" VPOS="1296" HPOS="757"/>
							<String ID="string_326" HPOS="800" VPOS="1294" WIDTH="70" HEIGHT="37" WC="0.96" CONTENT="Jag"/><SP WIDTH="19" VPOS="1294" HPOS="870"/>
							<String ID="string_327" HPOS="889" VPOS="1292" WIDTH="60" HEIGHT="31" WC="0.95" CONTENT="vill"/><SP WIDTH="22" VPOS="1292" HPOS="949"/>
							<String ID="string_328" HPOS="971" VPOS="1292" WIDTH="11" HEIGHT="30" WC="0.95" CONTENT="i"/><SP WIDTH="22" VPOS="1292" HPOS="982"/>
							<String ID="string_329" HPOS="1004" VPOS="1291" WIDTH="88" HEIGHT="31" WC="0.96" CONTENT="detta"/><SP WIDTH="18" VPOS="1291" HPOS="1092"/>
							<String ID="string_330" HPOS="1110" VPOS="1286" WIDTH="177" HEIGHT="34" WC="0.96" CONTENT="hänseende"/><SP WIDTH="23" VPOS="1286" HPOS="1287"/>
							<String ID="string_331" HPOS="1310" VPOS="1284" WIDTH="134" HEIGHT="33" WC="0.96" CONTENT="särskilt"/><SP WIDTH="24" VPOS="1284" HPOS="1444"/>
							<String ID="string_332" HPOS="1468" VPOS="1281" WIDTH="184" HEIGHT="36" WC="0.95" CONTENT="framhålla,"/>
						</TextLine>
						<TextLine ID="line_27" HPOS="151" VPOS="1323" WIDTH="1504" HEIGHT="56">
							<String ID="string_333" HPOS="151" VPOS="1346" WIDTH="87" HEIGHT="31" WC="0.96" CONTENT="huru"/><SP WIDTH="22" VPOS="1346" HPOS="238"/>
							<String ID="string_334" HPOS="260" VPOS="1344" WIDTH="89" HEIGHT="31" WC="0.95" CONTENT="svårt"/><SP WIDTH="21" VPOS="1344" HPOS="349"/>
							<String ID="string_335" HPOS="370" VPOS="1343" WIDTH="61" HEIGHT="36" WC="0.96" CONTENT="det,"/><SP WIDTH="21" VPOS="1343" HPOS="431"/>
							<String ID="string_336" HPOS="452" VPOS="1353" WIDTH="50" HEIGHT="19" WC="0.96" CONTENT="om"/><SP WIDTH="22" VPOS="1353" HPOS="502"/>
							<String ID="string_337" HPOS="524" VPOS="1339" WIDTH="112" HEIGHT="37" WC="0.93" CONTENT="vanlig"/><SP WIDTH="22" VPOS="1339" HPOS="636"/>
							<String ID="string_338" HPOS="658" VPOS="1336" WIDTH="160" HEIGHT="38" WC="0.92" CONTENT="arvsföljd"/><SP WIDTH="22" VPOS="1336" HPOS="818"/>
							<String ID="string_339" HPOS="840" VPOS="1334" WIDTH="144" HEIGHT="32" WC="0.96" CONTENT="infördes"/><SP WIDTH="24" VPOS="1334" HPOS="984"/>
							<String ID="string_340" HPOS="1008" VPOS="1333" WIDTH="12" HEIGHT="31" WC="0.96" CONTENT="i"/><SP WIDTH="23" VPOS="1333" HPOS="1020"/>
							<String ID="string_341" HPOS="1043" VPOS="1332" WIDTH="98" HEIGHT="37" WC="0.92" CONTENT="fråga"/><SP WIDTH="20" VPOS="1332" HPOS="1141"/>
							<String ID="string_342" HPOS="1161" VPOS="1341" WIDTH="50" HEIGHT="20" WC="0.91" CONTENT="om"/><SP WIDTH="21" VPOS="1341" HPOS="1211"/>
							<String ID="string_343" HPOS="1232" VPOS="1328" WIDTH="173" HEIGHT="35" WC="0.90" CONTENT="åborätter,"/><SP WIDTH="25" VPOS="1328" HPOS="1405"/>
							<String ID="string_344" HPOS="1430" VPOS="1325" WIDTH="105" HEIGHT="32" WC="0.96" CONTENT="skulle"/><SP WIDTH="22" VPOS="1325" HPOS="1535"/>
							<String ID="string_345" HPOS="1557" VPOS="1323" WIDTH="98" HEIGHT="32" WC="0.95" CONTENT="ställa"/>
						</TextLine>
						<TextLine ID="line_28" HPOS="155" VPOS="1365" WIDTH="1497" HEIGHT="60">
							<String ID="string_346" HPOS="155" VPOS="1388" WIDTH="51" HEIGHT="37" WC="0.96" CONTENT="sig"/><SP WIDTH="23" VPOS="1388" HPOS="206"/>
							<String ID="string_347" HPOS="229" VPOS="1387" WIDTH="51" HEIGHT="31" WC="0.96" CONTENT="för"/><SP WIDTH="23" VPOS="1387" HPOS="280"/>
							<String ID="string_348" HPOS="303" VPOS="1386" WIDTH="59" HEIGHT="31" WC="0.96" CONTENT="den"/><SP WIDTH="22" VPOS="1386" HPOS="362"/>
							<String ID="string_349" HPOS="384" VPOS="1385" WIDTH="11" HEIGHT="30" WC="0.96" CONTENT="i"/><SP WIDTH="24" VPOS="1385" HPOS="395"/>
							<String ID="string_350" HPOS="419" VPOS="1396" WIDTH="37" HEIGHT="19" WC="0.93" CONTENT="en"/><SP WIDTH="25" VPOS="1396" HPOS="456"/>
							<String ID="string_351" HPOS="481" VPOS="1381" WIDTH="220" HEIGHT="39" WC="0.91" CONTENT="syskonkrets,"/><SP WIDTH="25" VPOS="1381" HPOS="701"/>
							<String ID="string_352" HPOS="726" VPOS="1391" WIDTH="66" HEIGHT="19" WC="0.96" CONTENT="som"/><SP WIDTH="25" VPOS="1391" HPOS="792"/>
							<String ID="string_353" HPOS="817" VPOS="1376" WIDTH="107" HEIGHT="33" WC="0.93" CONTENT="skulle"/><SP WIDTH="23" VPOS="1376" HPOS="924"/>
							<String ID="string_354" HPOS="947" VPOS="1378" WIDTH="156" HEIGHT="33" WC="0.90" CONTENT="överlaga"/><SP WIDTH="22" VPOS="1378" HPOS="1103"/>
							<String ID="string_355" HPOS="1125" VPOS="1372" WIDTH="129" HEIGHT="38" WC="0.96" CONTENT="gården,"/><SP WIDTH="25" VPOS="1372" HPOS="1254"/>
							<String ID="string_356" HPOS="1279" VPOS="1373" WIDTH="48" HEIGHT="28" WC="0.96" CONTENT="att"/><SP WIDTH="23" VPOS="1373" HPOS="1327"/>
							<String ID="string_357" HPOS="1350" VPOS="1369" WIDTH="108" HEIGHT="31" WC="0.96" CONTENT="utlösa"/><SP WIDTH="23" VPOS="1369" HPOS="1458"/>
							<String ID="string_358" HPOS="1481" VPOS="1367" WIDTH="36" HEIGHT="31" WC="0.96" CONTENT="de"/><SP WIDTH="26" VPOS="1367" HPOS="1517"/>
							<String ID="string_359" HPOS="1543" VPOS="1365" WIDTH="109" HEIGHT="36" WC="0.96" CONTENT="andra,"/>
						</TextLine>
						<TextLine ID="line_29" HPOS="155" VPOS="1408" WIDTH="1500" HEIGHT="58">
							<String ID="string_360" HPOS="155" VPOS="1430" WIDTH="39" HEIGHT="31" WC="0.96" CONTENT="då"/><SP WIDTH="24" VPOS="1430" HPOS="194"/>
							<String ID="string_361" HPOS="218" VPOS="1429" WIDTH="62" HEIGHT="31" WC="0.96" CONTENT="han"/><SP WIDTH="24" VPOS="1429" HPOS="280"/>
							<String ID="string_362" HPOS="304" VPOS="1428" WIDTH="28" HEIGHT="38" WC="0.96" CONTENT="ej"/><SP WIDTH="26" VPOS="1428" HPOS="332"/>
							<String ID="string_363" HPOS="358" VPOS="1438" WIDTH="53" HEIGHT="20" WC="0.96" CONTENT="ens"/><SP WIDTH="24" VPOS="1438" HPOS="411"/>
							<String ID="string_364" HPOS="435" VPOS="1425" WIDTH="108" HEIGHT="32" WC="0.96" CONTENT="kunde"/><SP WIDTH="22" VPOS="1425" HPOS="543"/>
							<String ID="string_365" HPOS="565" VPOS="1424" WIDTH="35" HEIGHT="31" WC="0.93" CONTENT="få"/><SP WIDTH="23" VPOS="1424" HPOS="600"/>
							<String ID="string_366" HPOS="623" VPOS="1422" WIDTH="150" HEIGHT="32" WC="0.92" CONTENT="inteckna"/><SP WIDTH="25" VPOS="1422" HPOS="773"/>
							<String ID="string_367" HPOS="798" VPOS="1420" WIDTH="194" HEIGHT="31" WC="0.96" CONTENT="densamma."/><SP WIDTH="48" VPOS="1420" HPOS="992"/>
							<String ID="string_368" HPOS="1040" VPOS="1414" WIDTH="192" HEIGHT="35" WC="0.24" CONTENT="Fmellertid"/><SP WIDTH="24" VPOS="1414" HPOS="1232"/>
							<String ID="string_369" HPOS="1256" VPOS="1412" WIDTH="90" HEIGHT="32" WC="0.96" CONTENT="torde"/><SP WIDTH="23" VPOS="1412" HPOS="1346"/>
							<String ID="string_370" HPOS="1369" VPOS="1410" WIDTH="72" HEIGHT="32" WC="0.96" CONTENT="med"/><SP WIDTH="24" VPOS="1410" HPOS="1441"/>
							<String ID="string_371" HPOS="1465" VPOS="1410" WIDTH="57" HEIGHT="37" WC="0.95" CONTENT="fog"/><SP WIDTH="24" VPOS="1410" HPOS="1522"/>
							<String ID="string_372" HPOS="1546" VPOS="1408" WIDTH="109" HEIGHT="31" WC="0.96" CONTENT="kunna"/>
						</TextLine>
						<TextLine ID="line_30" HPOS="156" VPOS="1452" WIDTH="1500" HEIGHT="57">
							<String ID="string_373" HPOS="156" VPOS="1472" WIDTH="225" HEIGHT="37" WC="0.96" CONTENT="ifrågasättas,"/><SP WIDTH="25" VPOS="1472" HPOS="381"/>
							<String ID="string_374" HPOS="406" VPOS="1480" WIDTH="50" HEIGHT="20" WC="0.96" CONTENT="om"/><SP WIDTH="24" VPOS="1480" HPOS="456"/>
							<String ID="string_375" HPOS="480" VPOS="1468" WIDTH="28" HEIGHT="37" WC="0.96" CONTENT="ej"/><SP WIDTH="25" VPOS="1468" HPOS="508"/>
							<String ID="string_376" HPOS="533" VPOS="1467" WIDTH="11" HEIGHT="31" WC="0.96" CONTENT="i"/><SP WIDTH="24" VPOS="1467" HPOS="544"/>
							<String ID="string_377" HPOS="568" VPOS="1466" WIDTH="102" HEIGHT="32" WC="0.96" CONTENT="denna"/><SP WIDTH="22" VPOS="1466" HPOS="670"/>
							<String ID="string_378" HPOS="692" VPOS="1462" WIDTH="162" HEIGHT="34" WC="0.96" CONTENT="särskilda"/><SP WIDTH="23" VPOS="1462" HPOS="854"/>
							<String ID="string_379" HPOS="877" VPOS="1459" WIDTH="162" HEIGHT="37" WC="0.90" CONTENT="arvsföljd"/><SP WIDTH="25" VPOS="1459" HPOS="1039"/>
							<String ID="string_380" HPOS="1064" VPOS="1458" WIDTH="105" HEIGHT="38" WC="0.95" CONTENT="ligger"/><SP WIDTH="24" VPOS="1458" HPOS="1169"/>
							<String ID="string_381" HPOS="1193" VPOS="1468" WIDTH="38" HEIGHT="19" WC="0.96" CONTENT="en"/><SP WIDTH="24" VPOS="1468" HPOS="1231"/>
							<String ID="string_382" HPOS="1255" VPOS="1452" WIDTH="247" HEIGHT="38" WC="0.95" CONTENT="omständighet,"/><SP WIDTH="27" VPOS="1452" HPOS="1502"/>
							<String ID="string_383" HPOS="1529" VPOS="1463" WIDTH="66" HEIGHT="19" WC="0.96" CONTENT="som"/><SP WIDTH="26" VPOS="1463" HPOS="1595"/>
							<String ID="string_384" HPOS="1621" VPOS="1455" WIDTH="35" HEIGHT="26" WC="0.96" CONTENT="är"/>
						</TextLine>
						<TextLine ID="line_31" HPOS="155" VPOS="1494" WIDTH="1501" HEIGHT="58">
							<String ID="string_385" HPOS="155" VPOS="1514" WIDTH="108" HEIGHT="38" WC="0.95" CONTENT="ägnad"/><SP WIDTH="20" VPOS="1514" HPOS="263"/>
							<String ID="string_386" HPOS="283" VPOS="1516" WIDTH="48" HEIGHT="28" WC="0.95" CONTENT="att"/><SP WIDTH="18" VPOS="1516" HPOS="331"/>
							<String ID="string_387" HPOS="349" VPOS="1512" WIDTH="56" HEIGHT="31" WC="0.96" CONTENT="hos"/><SP WIDTH="21" VPOS="1512" HPOS="405"/>
							<String ID="string_388" HPOS="426" VPOS="1510" WIDTH="162" HEIGHT="32" WC="0.96" CONTENT="brukaren"/><SP WIDTH="20" VPOS="1510" HPOS="588"/>
							<String ID="string_389" HPOS="608" VPOS="1507" WIDTH="56" HEIGHT="33" WC="0.96" CONTENT="och"/><SP WIDTH="20" VPOS="1507" HPOS="664"/>
							<String ID="string_390" HPOS="684" VPOS="1505" WIDTH="140" HEIGHT="33" WC="0.96" CONTENT="framför"/><SP WIDTH="19" VPOS="1505" HPOS="824"/>
							<String ID="string_391" HPOS="843" VPOS="1504" WIDTH="60" HEIGHT="32" WC="0.96" CONTENT="allt"/><SP WIDTH="20" VPOS="1504" HPOS="903"/>
							<String ID="string_392" HPOS="923" VPOS="1503" WIDTH="58" HEIGHT="31" WC="0.96" CONTENT="hos"/><SP WIDTH="23" VPOS="1503" HPOS="981"/>
							<String ID="string_393" HPOS="1004" VPOS="1502" WIDTH="36" HEIGHT="31" WC="0.96" CONTENT="de"/><SP WIDTH="21" VPOS="1502" HPOS="1040"/>
							<String ID="string_394" HPOS="1061" VPOS="1499" WIDTH="206" HEIGHT="33" WC="0.96" CONTENT="medlemmar"/><SP WIDTH="20" VPOS="1499" HPOS="1267"/>
							<String ID="string_395" HPOS="1287" VPOS="1509" WIDTH="40" HEIGHT="19" WC="0.96" CONTENT="av"/><SP WIDTH="18" VPOS="1509" HPOS="1327"/>
							<String ID="string_396" HPOS="1345" VPOS="1496" WIDTH="81" HEIGHT="31" WC="0.95" CONTENT="hans"/><SP WIDTH="22" VPOS="1496" HPOS="1426"/>
							<String ID="string_397" HPOS="1448" VPOS="1494" WIDTH="118" HEIGHT="37" WC="0.95" CONTENT="familj,"/><SP WIDTH="24" VPOS="1494" HPOS="1566"/>
							<String ID="string_398" HPOS="1590" VPOS="1504" WIDTH="66" HEIGHT="20" WC="0.96" CONTENT="som"/>
						</TextLine>
						<TextLine ID="line_32" HPOS="156" VPOS="1535" WIDTH="1501" HEIGHT="55">
							<String ID="string_399" HPOS="156" VPOS="1557" WIDTH="70" HEIGHT="31" WC="0.95" CONTENT="icke"/><SP WIDTH="21" VPOS="1557" HPOS="226"/>
							<String ID="string_400" HPOS="247" VPOS="1556" WIDTH="110" HEIGHT="31" WC="0.96" CONTENT="kunna"/><SP WIDTH="20" VPOS="1556" HPOS="357"/>
							<String ID="string_401" HPOS="377" VPOS="1553" WIDTH="103" HEIGHT="32" WC="0.96" CONTENT="tänka"/><SP WIDTH="22" VPOS="1553" HPOS="480"/>
							<String ID="string_402" HPOS="502" VPOS="1552" WIDTH="52" HEIGHT="38" WC="0.96" CONTENT="sig"/><SP WIDTH="22" VPOS="1552" HPOS="554"/>
							<String ID="string_403" HPOS="576" VPOS="1553" WIDTH="48" HEIGHT="30" WC="0.96" CONTENT="att"/><SP WIDTH="20" VPOS="1553" HPOS="624"/>
							<String ID="string_404" HPOS="644" VPOS="1550" WIDTH="83" HEIGHT="31" WC="0.96" CONTENT="efter"/><SP WIDTH="20" VPOS="1550" HPOS="727"/>
							<String ID="string_405" HPOS="747" VPOS="1548" WIDTH="116" HEIGHT="31" WC="0.96" CONTENT="honom"/><SP WIDTH="22" VPOS="1548" HPOS="863"/>
							<String ID="string_406" HPOS="885" VPOS="1546" WIDTH="90" HEIGHT="31" WC="0.93" CONTENT="bliva"/><SP WIDTH="21" VPOS="1546" HPOS="975"/>
							<String ID="string_407" HPOS="996" VPOS="1544" WIDTH="87" HEIGHT="37" WC="0.89" CONTENT="åbor,"/><SP WIDTH="22" VPOS="1544" HPOS="1083"/>
							<String ID="string_408" HPOS="1105" VPOS="1541" WIDTH="129" HEIGHT="33" WC="0.95" CONTENT="minska"/><SP WIDTH="20" VPOS="1541" HPOS="1234"/>
							<String ID="string_409" HPOS="1254" VPOS="1540" WIDTH="107" HEIGHT="31" WC="0.95" CONTENT="lusten"/><SP WIDTH="22" VPOS="1540" HPOS="1361"/>
							<String ID="string_410" HPOS="1383" VPOS="1538" WIDTH="53" HEIGHT="31" WC="0.96" CONTENT="till"/><SP WIDTH="23" VPOS="1538" HPOS="1436"/>
							<String ID="string_411" HPOS="1459" VPOS="1536" WIDTH="164" HEIGHT="32" WC="0.96" CONTENT="intensitet"/><SP WIDTH="24" VPOS="1536" HPOS="1623"/>
							<String ID="string_412" HPOS="1647" VPOS="1535" WIDTH="10" HEIGHT="31" WC="0.96" CONTENT="i"/>
						</TextLine>
						<TextLine ID="line_33" HPOS="157" VPOS="1580" WIDTH="1500" HEIGHT="53">
							<String ID="string_413" HPOS="157" VPOS="1599" WIDTH="131" HEIGHT="32" WC="0.94" CONTENT="arbetet."/><SP WIDTH="42" VPOS="1599" HPOS="288"/>
							<String ID="string_414" HPOS="330" VPOS="1596" WIDTH="50" HEIGHT="32" WC="0.96" CONTENT="De"/><SP WIDTH="18" VPOS="1596" HPOS="380"/>
							<String ID="string_415" HPOS="398" VPOS="1594" WIDTH="180" HEIGHT="39" WC="0.96" CONTENT="svagheter,"/><SP WIDTH="19" VPOS="1594" HPOS="578"/>
							<String ID="string_416" HPOS="597" VPOS="1605" WIDTH="67" HEIGHT="19" WC="0.96" CONTENT="som"/><SP WIDTH="20" VPOS="1605" HPOS="664"/>
							<String ID="string_417" HPOS="684" VPOS="1590" WIDTH="138" HEIGHT="33" WC="0.96" CONTENT="sålunda"/><SP WIDTH="18" VPOS="1590" HPOS="822"/>
							<String ID="string_418" HPOS="840" VPOS="1587" WIDTH="230" HEIGHT="35" WC="0.96" CONTENT="otvivelaktigt"/><SP WIDTH="20" VPOS="1587" HPOS="1070"/>
							<String ID="string_419" HPOS="1090" VPOS="1584" WIDTH="129" HEIGHT="32" WC="0.91" CONTENT="vidlåda"/><SP WIDTH="21" VPOS="1584" HPOS="1219"/>
							<String ID="string_420" HPOS="1240" VPOS="1580" WIDTH="318" HEIGHT="36" WC="0.91" CONTENT="åborättsinstitutet,"/><SP WIDTH="21" VPOS="1580" HPOS="1558"/>
							<String ID="string_421" HPOS="1579" VPOS="1581" WIDTH="78" HEIGHT="28" WC="0.92" CONTENT="mot-"/>
						</TextLine>
						<TextLine ID="line_34" HPOS="158" VPOS="1621" WIDTH="1500" HEIGHT="56">
							<String ID="string_422" HPOS="158" VPOS="1653" WIDTH="110" HEIGHT="20" WC="0.91" CONTENT="svaras"/><SP WIDTH="15" VPOS="1653" HPOS="268"/>
							<String ID="string_423" HPOS="283" VPOS="1640" WIDTH="165" HEIGHT="37" WC="0.95" CONTENT="knappast"/><SP WIDTH="18" VPOS="1640" HPOS="448"/>
							<String ID="string_424" HPOS="466" VPOS="1649" WIDTH="41" HEIGHT="20" WC="0.96" CONTENT="av"/><SP WIDTH="18" VPOS="1649" HPOS="507"/>
							<String ID="string_425" HPOS="525" VPOS="1632" WIDTH="186" HEIGHT="36" WC="0.96" CONTENT="fördelarna"/><SP WIDTH="14" VPOS="1632" HPOS="711"/>
							<String ID="string_426" HPOS="725" VPOS="1633" WIDTH="57" HEIGHT="32" WC="0.96" CONTENT="hos"/><SP WIDTH="19" VPOS="1633" HPOS="782"/>
							<String ID="string_427" HPOS="801" VPOS="1632" WIDTH="188" HEIGHT="32" WC="0.95" CONTENT="detsamma."/><SP WIDTH="40" VPOS="1632" HPOS="989"/>
							<String ID="string_428" HPOS="1029" VPOS="1628" WIDTH="74" HEIGHT="31" WC="0.96" CONTENT="Vad"/><SP WIDTH="18" VPOS="1628" HPOS="1103"/>
							<String ID="string_429" HPOS="1121" VPOS="1625" WIDTH="135" HEIGHT="33" WC="0.96" CONTENT="särskilt"/><SP WIDTH="17" VPOS="1625" HPOS="1256"/>
							<String ID="string_430" HPOS="1273" VPOS="1624" WIDTH="101" HEIGHT="38" WC="0.96" CONTENT="angår"/><SP WIDTH="19" VPOS="1624" HPOS="1374"/>
							<String ID="string_431" HPOS="1393" VPOS="1623" WIDTH="54" HEIGHT="31" WC="0.95" CONTENT="det"/><SP WIDTH="14" VPOS="1623" HPOS="1447"/>
							<String ID="string_432" HPOS="1461" VPOS="1621" WIDTH="111" HEIGHT="37" WC="0.96" CONTENT="behov,"/><SP WIDTH="20" VPOS="1621" HPOS="1572"/>
							<String ID="string_433" HPOS="1592" VPOS="1632" WIDTH="66" HEIGHT="20" WC="0.96" CONTENT="som"/>
						</TextLine>
						<TextLine ID="line_35" HPOS="159" VPOS="1663" WIDTH="1501" HEIGHT="58">
							<String ID="string_434" HPOS="159" VPOS="1683" WIDTH="175" HEIGHT="38" WC="0.95" CONTENT="föreligger"/><SP WIDTH="21" VPOS="1683" HPOS="334"/>
							<String ID="string_435" HPOS="355" VPOS="1685" WIDTH="49" HEIGHT="28" WC="0.96" CONTENT="att"/><SP WIDTH="21" VPOS="1685" HPOS="404"/>
							<String ID="string_436" HPOS="425" VPOS="1679" WIDTH="101" HEIGHT="33" WC="0.96" CONTENT="såvitt"/><SP WIDTH="20" VPOS="1679" HPOS="526"/>
							<String ID="string_437" HPOS="546" VPOS="1677" WIDTH="128" HEIGHT="38" WC="0.96" CONTENT="möjligt"/><SP WIDTH="21" VPOS="1677" HPOS="674"/>
							<String ID="string_438" HPOS="695" VPOS="1675" WIDTH="186" HEIGHT="33" WC="0.96" CONTENT="underlätta"/><SP WIDTH="18" VPOS="1675" HPOS="881"/>
							<String ID="string_439" HPOS="899" VPOS="1673" WIDTH="51" HEIGHT="31" WC="0.96" CONTENT="för"/><SP WIDTH="20" VPOS="1673" HPOS="950"/>
							<String ID="string_440" HPOS="970" VPOS="1682" WIDTH="152" HEIGHT="28" WC="0.96" CONTENT="personer"/><SP WIDTH="21" VPOS="1682" HPOS="1122"/>
							<String ID="string_441" HPOS="1143" VPOS="1672" WIDTH="77" HEIGHT="28" WC="0.93" CONTENT="utan"/><SP WIDTH="21" VPOS="1672" HPOS="1220"/>
							<String ID="string_442" HPOS="1241" VPOS="1666" WIDTH="220" HEIGHT="37" WC="0.92" CONTENT="väsentligare"/><SP WIDTH="19" VPOS="1666" HPOS="1461"/>
							<String ID="string_443" HPOS="1480" VPOS="1663" WIDTH="180" HEIGHT="38" WC="0.96" CONTENT="tillgångar"/>
						</TextLine>
						<TextLine ID="line_36" HPOS="159" VPOS="1704" WIDTH="1501" HEIGHT="57">
							<String ID="string_444" HPOS="159" VPOS="1729" WIDTH="46" HEIGHT="29" WC="0.96" CONTENT="att"/><SP WIDTH="21" VPOS="1729" HPOS="205"/>
							<String ID="string_445" HPOS="226" VPOS="1726" WIDTH="154" HEIGHT="31" WC="0.96" CONTENT="förvärva"/><SP WIDTH="17" VPOS="1726" HPOS="380"/>
							<String ID="string_446" HPOS="397" VPOS="1725" WIDTH="71" HEIGHT="36" WC="0.96" CONTENT="eget"/><SP WIDTH="17" VPOS="1725" HPOS="468"/>
							<String ID="string_447" HPOS="485" VPOS="1722" WIDTH="82" HEIGHT="36" WC="0.95" CONTENT="hem,"/><SP WIDTH="19" VPOS="1722" HPOS="567"/>
							<String ID="string_448" HPOS="586" VPOS="1720" WIDTH="98" HEIGHT="32" WC="0.96" CONTENT="torde,"/><SP WIDTH="20" VPOS="1720" HPOS="684"/>
							<String ID="string_449" HPOS="704" VPOS="1719" WIDTH="42" HEIGHT="37" WC="0.96" CONTENT="på"/><SP WIDTH="18" VPOS="1719" HPOS="746"/>
							<String ID="string_450" HPOS="764" VPOS="1720" WIDTH="64" HEIGHT="29" WC="0.96" CONTENT="sätt"/><SP WIDTH="19" VPOS="1720" HPOS="828"/>
							<String ID="string_451" HPOS="847" VPOS="1717" WIDTH="57" HEIGHT="38" WC="0.96" CONTENT="jag"/><SP WIDTH="17" VPOS="1717" HPOS="904"/>
							<String ID="string_452" HPOS="921" VPOS="1716" WIDTH="114" HEIGHT="36" WC="0.95" CONTENT="längre"/><SP WIDTH="19" VPOS="1716" HPOS="1035"/>
							<String ID="string_453" HPOS="1054" VPOS="1713" WIDTH="85" HEIGHT="31" WC="0.96" CONTENT="fram"/><SP WIDTH="20" VPOS="1713" HPOS="1139"/>
							<String ID="string_454" HPOS="1159" VPOS="1710" WIDTH="84" HEIGHT="33" WC="0.96" CONTENT="skall"/><SP WIDTH="17" VPOS="1710" HPOS="1243"/>
							<String ID="string_455" HPOS="1260" VPOS="1710" WIDTH="80" HEIGHT="36" WC="0.96" CONTENT="visa,"/><SP WIDTH="22" VPOS="1710" HPOS="1340"/>
							<String ID="string_456" HPOS="1362" VPOS="1708" WIDTH="51" HEIGHT="32" WC="0.96" CONTENT="det"/><SP WIDTH="20" VPOS="1708" HPOS="1413"/>
							<String ID="string_457" HPOS="1433" VPOS="1718" WIDTH="80" HEIGHT="20" WC="0.96" CONTENT="vara"/><SP WIDTH="19" VPOS="1718" HPOS="1513"/>
							<String ID="string_458" HPOS="1532" VPOS="1704" WIDTH="128" HEIGHT="39" WC="0.96" CONTENT="möjligt"/>
						</TextLine>
						<TextLine ID="line_37" HPOS="158" VPOS="1748" WIDTH="1501" HEIGHT="57">
							<String ID="string_459" HPOS="158" VPOS="1771" WIDTH="50" HEIGHT="29" WC="0.95" CONTENT="alt"/><SP WIDTH="16" VPOS="1771" HPOS="208"/>
							<String ID="string_460" HPOS="224" VPOS="1768" WIDTH="41" HEIGHT="37" WC="0.96" CONTENT="på"/><SP WIDTH="18" VPOS="1768" HPOS="265"/>
							<String ID="string_461" HPOS="283" VPOS="1778" WIDTH="105" HEIGHT="20" WC="0.96" CONTENT="annan"/><SP WIDTH="17" VPOS="1778" HPOS="388"/>
							<String ID="string_462" HPOS="405" VPOS="1770" WIDTH="66" HEIGHT="33" WC="0.95" CONTENT="väg"/><SP WIDTH="14" VPOS="1770" HPOS="471"/>
							<String ID="string_463" HPOS="485" VPOS="1763" WIDTH="171" HEIGHT="38" WC="0.95" CONTENT="tillgodose"/><SP WIDTH="18" VPOS="1763" HPOS="656"/>
							<String ID="string_464" HPOS="674" VPOS="1760" WIDTH="114" HEIGHT="39" WC="0.96" CONTENT="dylika"/><SP WIDTH="17" VPOS="1760" HPOS="788"/>
							<String ID="string_465" HPOS="805" VPOS="1769" WIDTH="168" HEIGHT="28" WC="0.95" CONTENT="personers"/><SP WIDTH="19" VPOS="1769" HPOS="973"/>
							<String ID="string_466" HPOS="992" VPOS="1757" WIDTH="155" HEIGHT="31" WC="0.96" CONTENT="intressen"/><SP WIDTH="18" VPOS="1757" HPOS="1147"/>
							<String ID="string_467" HPOS="1165" VPOS="1754" WIDTH="10" HEIGHT="30" WC="0.96" CONTENT="i"/><SP WIDTH="19" VPOS="1754" HPOS="1175"/>
							<String ID="string_468" HPOS="1194" VPOS="1752" WIDTH="125" HEIGHT="39" WC="0.96" CONTENT="ganska"/><SP WIDTH="19" VPOS="1752" HPOS="1319"/>
							<String ID="string_469" HPOS="1338" VPOS="1753" WIDTH="65" HEIGHT="30" WC="0.96" CONTENT="stor"/><SP WIDTH="19" VPOS="1753" HPOS="1403"/>
							<String ID="string_470" HPOS="1422" VPOS="1748" WIDTH="237" HEIGHT="37" WC="0.96" CONTENT="utsträckning,"/>
						</TextLine>
						<TextLine ID="line_38" HPOS="160" VPOS="1791" WIDTH="1500" HEIGHT="56">
							<String ID="string_471" HPOS="160" VPOS="1810" WIDTH="163" HEIGHT="37" WC="0.96" CONTENT="nämligen"/><SP WIDTH="20" VPOS="1810" HPOS="323"/>
							<String ID="string_472" HPOS="343" VPOS="1819" WIDTH="113" HEIGHT="27" WC="0.96" CONTENT="genom"/><SP WIDTH="20" VPOS="1819" HPOS="456"/>
							<String ID="string_473" HPOS="476" VPOS="1804" WIDTH="211" HEIGHT="40" WC="0.96" CONTENT="medgivande"/><SP WIDTH="20" VPOS="1804" HPOS="687"/>
							<String ID="string_474" HPOS="707" VPOS="1815" WIDTH="40" HEIGHT="20" WC="0.96" CONTENT="av"/><SP WIDTH="19" VPOS="1815" HPOS="747"/>
							<String ID="string_475" HPOS="766" VPOS="1810" WIDTH="252" HEIGHT="31" WC="0.95" CONTENT="gynnsammare"/><SP WIDTH="18" VPOS="1810" HPOS="1018"/>
							<String ID="string_476" HPOS="1036" VPOS="1794" WIDTH="313" HEIGHT="40" WC="0.91" CONTENT="betalningsvillkor,"/><SP WIDTH="22" VPOS="1794" HPOS="1349"/>
							<String ID="string_477" HPOS="1371" VPOS="1798" WIDTH="40" HEIGHT="26" WC="0.96" CONTENT="än"/><SP WIDTH="19" VPOS="1798" HPOS="1411"/>
							<String ID="string_478" HPOS="1430" VPOS="1804" WIDTH="66" HEIGHT="20" WC="0.96" CONTENT="som"/><SP WIDTH="20" VPOS="1804" HPOS="1496"/>
							<String ID="string_479" HPOS="1516" VPOS="1791" WIDTH="52" HEIGHT="31" WC="0.92" CONTENT="för"/><SP WIDTH="20" VPOS="1791" HPOS="1568"/>
							<String ID="string_480" HPOS="1588" VPOS="1794" WIDTH="72" HEIGHT="27" WC="0.92" CONTENT="när-"/>
						</TextLine>
						<TextLine ID="line_39" HPOS="160" VPOS="1850" WIDTH="258" HEIGHT="39">
							<String ID="string_481" HPOS="160" VPOS="1853" WIDTH="140" HEIGHT="32" WC="0.96" CONTENT="varande"/><SP WIDTH="18" VPOS="1853" HPOS="300"/>
							<String ID="string_482" HPOS="318" VPOS="1850" WIDTH="100" HEIGHT="39" WC="0.96" CONTENT="gälla."/>
						</TextLine>
					</TextBlock>
					<TextBlock ID="block_2" HPOS="160" VPOS="1874" WIDTH="1503" HEIGHT="223">
						<TextLine ID="line_40" HPOS="206" VPOS="1874" WIDTH="1456" HEIGHT="59">
							<String ID="string_483" HPOS="206" VPOS="1895" WIDTH="67" HEIGHT="38" WC="0.96" CONTENT="Jag"/><SP WIDTH="21" VPOS="1895" HPOS="273"/>
							<String ID="string_484" HPOS="294" VPOS="1894" WIDTH="66" HEIGHT="31" WC="0.96" CONTENT="kan"/><SP WIDTH="23" VPOS="1894" HPOS="360"/>
							<String ID="string_485" HPOS="383" VPOS="1892" WIDTH="153" HEIGHT="37" WC="0.95" CONTENT="slutligen"/><SP WIDTH="21" VPOS="1892" HPOS="536"/>
							<String ID="string_486" HPOS="557" VPOS="1891" WIDTH="27" HEIGHT="37" WC="0.96" CONTENT="ej"/><SP WIDTH="23" VPOS="1891" HPOS="584"/>
							<String ID="string_487" HPOS="607" VPOS="1888" WIDTH="169" HEIGHT="33" WC="0.96" CONTENT="underlåta"/><SP WIDTH="23" VPOS="1888" HPOS="776"/>
							<String ID="string_488" HPOS="799" VPOS="1889" WIDTH="47" HEIGHT="29" WC="0.96" CONTENT="att"/><SP WIDTH="25" VPOS="1889" HPOS="846"/>
							<String ID="string_489" HPOS="871" VPOS="1883" WIDTH="184" HEIGHT="37" WC="0.93" CONTENT="framhålla,"/><SP WIDTH="24" VPOS="1883" HPOS="1055"/>
							<String ID="string_490" HPOS="1079" VPOS="1882" WIDTH="154" HEIGHT="31" WC="0.91" CONTENT="hurusom"/><SP WIDTH="25" VPOS="1882" HPOS="1233"/>
							<String ID="string_491" HPOS="1258" VPOS="1878" WIDTH="173" HEIGHT="37" WC="0.95" CONTENT="riksdagen"/><SP WIDTH="25" VPOS="1878" HPOS="1431"/>
							<String ID="string_492" HPOS="1456" VPOS="1876" WIDTH="65" HEIGHT="32" WC="0.95" CONTENT="dels"/><SP WIDTH="24" VPOS="1876" HPOS="1521"/>
							<String ID="string_493" HPOS="1545" VPOS="1876" WIDTH="10" HEIGHT="31" WC="0.92" CONTENT="i"/><SP WIDTH="25" VPOS="1876" HPOS="1555"/>
							<String ID="string_494" HPOS="1580" VPOS="1874" WIDTH="82" HEIGHT="33" WC="0.91" CONTENT="skri-"/>
						</TextLine>
						<TextLine ID="line_41" HPOS="161" VPOS="1917" WIDTH="1502" HEIGHT="55">
							<String ID="string_495" HPOS="161" VPOS="1938" WIDTH="85" HEIGHT="32" WC="0.91" CONTENT="velse"/><SP WIDTH="21" VPOS="1938" HPOS="246"/>
							<String ID="string_496" HPOS="267" VPOS="1937" WIDTH="59" HEIGHT="31" WC="0.96" CONTENT="den"/><SP WIDTH="24" VPOS="1937" HPOS="326"/>
							<String ID="string_497" HPOS="350" VPOS="1936" WIDTH="38" HEIGHT="31" WC="0.96" CONTENT="19"/><SP WIDTH="23" VPOS="1936" HPOS="388"/>
							<String ID="string_498" HPOS="411" VPOS="1935" WIDTH="65" HEIGHT="37" WC="0.96" CONTENT="maj"/><SP WIDTH="24" VPOS="1935" HPOS="476"/>
							<String ID="string_499" HPOS="500" VPOS="1934" WIDTH="84" HEIGHT="31" WC="0.96" CONTENT="1906"/><SP WIDTH="23" VPOS="1934" HPOS="584"/>
							<String ID="string_500" HPOS="607" VPOS="1931" WIDTH="137" HEIGHT="33" WC="0.96" CONTENT="anhållit"/><SP WIDTH="22" VPOS="1931" HPOS="744"/>
							<String ID="string_501" HPOS="766" VPOS="1941" WIDTH="48" HEIGHT="20" WC="0.96" CONTENT="om"/><SP WIDTH="23" VPOS="1941" HPOS="814"/>
							<String ID="string_502" HPOS="837" VPOS="1927" WIDTH="184" HEIGHT="37" WC="0.95" CONTENT="utredning,"/><SP WIDTH="24" VPOS="1927" HPOS="1021"/>
							<String ID="string_503" HPOS="1045" VPOS="1923" WIDTH="153" HEIGHT="34" WC="0.96" CONTENT="avseende"/><SP WIDTH="24" VPOS="1923" HPOS="1198"/>
							<String ID="string_504" HPOS="1222" VPOS="1920" WIDTH="210" HEIGHT="37" WC="0.96" CONTENT="fullständigt"/><SP WIDTH="23" VPOS="1920" HPOS="1432"/>
							<String ID="string_505" HPOS="1455" VPOS="1917" WIDTH="208" HEIGHT="39" WC="0.95" CONTENT="upphörande"/>
						</TextLine>
						<TextLine ID="line_42" HPOS="160" VPOS="1961" WIDTH="1503" HEIGHT="51">
							<String ID="string_506" HPOS="160" VPOS="1993" WIDTH="42" HEIGHT="19" WC="0.96" CONTENT="av"/><SP WIDTH="20" VPOS="1993" HPOS="202"/>
							<String ID="string_507" HPOS="222" VPOS="1980" WIDTH="51" HEIGHT="31" WC="0.96" CONTENT="det"/><SP WIDTH="19" VPOS="1980" HPOS="273"/>
							<String ID="string_508" HPOS="292" VPOS="1977" WIDTH="185" HEIGHT="33" WC="0.93" CONTENT="nuvarande"/><SP WIDTH="20" VPOS="1977" HPOS="477"/>
							<String ID="string_509" HPOS="497" VPOS="1973" WIDTH="319" HEIGHT="36" WC="0.91" CONTENT="åborättsinstitutet,"/><SP WIDTH="21" VPOS="1973" HPOS="816"/>
							<String ID="string_510" HPOS="837" VPOS="1970" WIDTH="65" HEIGHT="33" WC="0.96" CONTENT="dels"/><SP WIDTH="20" VPOS="1970" HPOS="902"/>
							<String ID="string_511" HPOS="922" VPOS="1969" WIDTH="59" HEIGHT="32" WC="0.96" CONTENT="ock"/><SP WIDTH="20" VPOS="1969" HPOS="981"/>
							<String ID="string_512" HPOS="1001" VPOS="1969" WIDTH="35" HEIGHT="31" WC="0.96" CONTENT="så"/><SP WIDTH="21" VPOS="1969" HPOS="1036"/>
							<String ID="string_513" HPOS="1057" VPOS="1967" WIDTH="131" HEIGHT="38" WC="0.96" CONTENT="nyligen"/><SP WIDTH="22" VPOS="1967" HPOS="1188"/>
							<String ID="string_514" HPOS="1210" VPOS="1977" WIDTH="66" HEIGHT="20" WC="0.96" CONTENT="som"/><SP WIDTH="22" VPOS="1977" HPOS="1276"/>
							<String ID="string_515" HPOS="1298" VPOS="1963" WIDTH="149" HEIGHT="33" WC="0.89" CONTENT="sistlidna"/><SP WIDTH="21" VPOS="1963" HPOS="1447"/>
							<String ID="string_516" HPOS="1468" VPOS="1962" WIDTH="35" HEIGHT="31" WC="0.96" CONTENT="år"/><SP WIDTH="21" VPOS="1962" HPOS="1503"/>
							<String ID="string_517" HPOS="1524" VPOS="1961" WIDTH="139" HEIGHT="31" WC="0.96" CONTENT="bestämt"/>
						</TextLine>
						<TextLine ID="line_43" HPOS="162" VPOS="2003" WIDTH="1500" HEIGHT="56">
							<String ID="string_518" HPOS="162" VPOS="2022" WIDTH="119" HEIGHT="33" WC="0.96" CONTENT="uttalat"/><SP WIDTH="21" VPOS="2022" HPOS="281"/>
							<String ID="string_519" HPOS="302" VPOS="2022" WIDTH="50" HEIGHT="37" WC="0.96" CONTENT="sig"/><SP WIDTH="19" VPOS="2022" HPOS="352"/>
							<String ID="string_520" HPOS="371" VPOS="2023" WIDTH="83" HEIGHT="29" WC="0.96" CONTENT="emot"/><SP WIDTH="18" VPOS="2023" HPOS="454"/>
							<String ID="string_521" HPOS="472" VPOS="2022" WIDTH="45" HEIGHT="28" WC="0.96" CONTENT="ett"/><SP WIDTH="20" VPOS="2022" HPOS="517"/>
							<String ID="string_522" HPOS="537" VPOS="2015" WIDTH="269" HEIGHT="39" WC="0.96" CONTENT="återupplivande"/><SP WIDTH="20" VPOS="2015" HPOS="806"/>
							<String ID="string_523" HPOS="826" VPOS="2025" WIDTH="40" HEIGHT="20" WC="0.95" CONTENT="av"/><SP WIDTH="22" VPOS="2025" HPOS="866"/>
							<String ID="string_524" HPOS="888" VPOS="2011" WIDTH="141" HEIGHT="33" WC="0.96" CONTENT="nämnda"/><SP WIDTH="20" VPOS="2011" HPOS="1029"/>
							<String ID="string_525" HPOS="1049" VPOS="2010" WIDTH="130" HEIGHT="31" WC="0.95" CONTENT="institut"/><SP WIDTH="21" VPOS="2010" HPOS="1179"/>
							<String ID="string_526" HPOS="1200" VPOS="2008" WIDTH="55" HEIGHT="31" WC="0.96" CONTENT="vid"/><SP WIDTH="21" VPOS="2008" HPOS="1255"/>
							<String ID="string_527" HPOS="1276" VPOS="2005" WIDTH="199" HEIGHT="39" WC="0.96" CONTENT="upplåtelser"/><SP WIDTH="20" VPOS="2005" HPOS="1475"/>
							<String ID="string_528" HPOS="1495" VPOS="2004" WIDTH="75" HEIGHT="31" WC="0.93" CONTENT="från"/><SP WIDTH="20" VPOS="2004" HPOS="1570"/>
							<String ID="string_529" HPOS="1590" VPOS="2003" WIDTH="72" HEIGHT="31" WC="0.92" CONTENT="kro-"/>
						</TextLine>
						<TextLine ID="line_44" HPOS="164" VPOS="2065" WIDTH="264" HEIGHT="32">
							<String ID="string_530" HPOS="164" VPOS="2077" WIDTH="78" HEIGHT="20" WC="0.92" CONTENT="nans"/><SP WIDTH="26" VPOS="2077" HPOS="242"/>
							<String ID="string_531" HPOS="268" VPOS="2065" WIDTH="160" HEIGHT="31" WC="0.95" CONTENT="domäner."/>
						</TextLine>
					</TextBlock>
					<TextBlock ID="block_3" HPOS="164" VPOS="2087" WIDTH="1507" HEIGHT="441">
						<TextLine ID="line_45" HPOS="208" VPOS="2087" WIDTH="1457" HEIGHT="56">
							<String ID="string_532" HPOS="208" VPOS="2107" WIDTH="49" HEIGHT="32" WC="0.95" CONTENT="De"/><SP WIDTH="26" VPOS="2107" HPOS="257"/>
							<String ID="string_533" HPOS="283" VPOS="2106" WIDTH="82" HEIGHT="37" WC="0.96" CONTENT="skäl,"/><SP WIDTH="27" VPOS="2106" HPOS="365"/>
							<String ID="string_534" HPOS="392" VPOS="2117" WIDTH="66" HEIGHT="19" WC="0.96" CONTENT="som"/><SP WIDTH="27" VPOS="2117" HPOS="458"/>
							<String ID="string_535" HPOS="485" VPOS="2102" WIDTH="135" HEIGHT="33" WC="0.96" CONTENT="sålunda"/><SP WIDTH="27" VPOS="2102" HPOS="620"/>
							<String ID="string_536" HPOS="647" VPOS="2112" WIDTH="97" HEIGHT="26" WC="0.96" CONTENT="synas"/><SP WIDTH="27" VPOS="2112" HPOS="744"/>
							<String ID="string_537" HPOS="771" VPOS="2099" WIDTH="67" HEIGHT="38" WC="0.96" CONTENT="mig"/><SP WIDTH="26" VPOS="2099" HPOS="838"/>
							<String ID="string_538" HPOS="864" VPOS="2097" WIDTH="68" HEIGHT="32" WC="0.96" CONTENT="tala"/><SP WIDTH="28" VPOS="2097" HPOS="932"/>
							<String ID="string_539" HPOS="960" VPOS="2098" WIDTH="82" HEIGHT="30" WC="0.96" CONTENT="emot"/><SP WIDTH="27" VPOS="2098" HPOS="1042"/>
							<String ID="string_540" HPOS="1069" VPOS="2092" WIDTH="325" HEIGHT="34" WC="0.90" CONTENT="åborättsinstitutets"/><SP WIDTH="27" VPOS="2092" HPOS="1394"/>
							<String ID="string_541" HPOS="1421" VPOS="2088" WIDTH="163" HEIGHT="33" WC="0.90" CONTENT="anlitande"/><SP WIDTH="26" VPOS="2088" HPOS="1584"/>
							<String ID="string_542" HPOS="1610" VPOS="2087" WIDTH="55" HEIGHT="31" WC="0.96" CONTENT="vid"/>
						</TextLine>
						<TextLine ID="line_46" HPOS="164" VPOS="2130" WIDTH="1494" HEIGHT="57">
							<String ID="string_543" HPOS="164" VPOS="2151" WIDTH="37" HEIGHT="31" WC="0.96" CONTENT="de"/><SP WIDTH="19" VPOS="2151" HPOS="201"/>
							<String ID="string_544" HPOS="220" VPOS="2148" WIDTH="207" HEIGHT="39" WC="0.96" CONTENT="upplåtelser,"/><SP WIDTH="23" VPOS="2148" HPOS="427"/>
							<String ID="string_545" HPOS="450" VPOS="2158" WIDTH="50" HEIGHT="20" WC="0.95" CONTENT="om"/><SP WIDTH="20" VPOS="2158" HPOS="500"/>
							<String ID="string_546" HPOS="520" VPOS="2145" WIDTH="92" HEIGHT="31" WC="0.96" CONTENT="vilka"/><SP WIDTH="18" VPOS="2145" HPOS="612"/>
							<String ID="string_547" HPOS="630" VPOS="2144" WIDTH="60" HEIGHT="31" WC="0.96" CONTENT="här"/><SP WIDTH="20" VPOS="2144" HPOS="690"/>
							<String ID="string_548" HPOS="710" VPOS="2148" WIDTH="36" HEIGHT="26" WC="0.96" CONTENT="är"/><SP WIDTH="21" VPOS="2148" HPOS="746"/>
							<String ID="string_549" HPOS="767" VPOS="2142" WIDTH="105" HEIGHT="37" WC="0.96" CONTENT="fråga,"/><SP WIDTH="22" VPOS="2142" HPOS="872"/>
							<String ID="string_550" HPOS="894" VPOS="2139" WIDTH="90" HEIGHT="32" WC="0.96" CONTENT="torde"/><SP WIDTH="20" VPOS="2139" HPOS="984"/>
							<String ID="string_551" HPOS="1004" VPOS="2139" WIDTH="12" HEIGHT="30" WC="0.96" CONTENT="i"/><SP WIDTH="21" VPOS="2139" HPOS="1016"/>
							<String ID="string_552" HPOS="1037" VPOS="2136" WIDTH="175" HEIGHT="33" WC="0.96" CONTENT="allmänhet"/><SP WIDTH="22" VPOS="2136" HPOS="1212"/>
							<String ID="string_553" HPOS="1234" VPOS="2139" WIDTH="63" HEIGHT="33" WC="0.95" CONTENT="äga"/><SP WIDTH="21" VPOS="2139" HPOS="1297"/>
							<String ID="string_554" HPOS="1318" VPOS="2132" WIDTH="154" HEIGHT="39" WC="0.96" CONTENT="giltighet"/><SP WIDTH="22" VPOS="2132" HPOS="1472"/>
							<String ID="string_555" HPOS="1494" VPOS="2136" WIDTH="79" HEIGHT="26" WC="0.92" CONTENT="även"/><SP WIDTH="22" VPOS="2136" HPOS="1573"/>
							<String ID="string_556" HPOS="1595" VPOS="2130" WIDTH="63" HEIGHT="31" WC="0.92" CONTENT="vid-"/>
						</TextLine>
						<TextLine ID="line_47" HPOS="164" VPOS="2172" WIDTH="1502" HEIGHT="54">
							<String ID="string_557" HPOS="164" VPOS="2191" WIDTH="189" HEIGHT="33" WC="0.96" CONTENT="kommande"/><SP WIDTH="18" VPOS="2191" HPOS="353"/>
							<String ID="string_558" HPOS="371" VPOS="2189" WIDTH="101" HEIGHT="33" WC="0.96" CONTENT="andra"/><SP WIDTH="20" VPOS="2189" HPOS="472"/>
							<String ID="string_559" HPOS="492" VPOS="2189" WIDTH="11" HEIGHT="31" WC="0.96" CONTENT="i"/><SP WIDTH="21" VPOS="2189" HPOS="503"/>
							<String ID="string_560" HPOS="524" VPOS="2188" WIDTH="55" HEIGHT="38" WC="0.93" CONTENT="lag"/><SP WIDTH="18" VPOS="2188" HPOS="579"/>
							<String ID="string_561" HPOS="597" VPOS="2185" WIDTH="173" HEIGHT="39" WC="0.91" CONTENT="medgivna"/><SP WIDTH="19" VPOS="2185" HPOS="770"/>
							<String ID="string_562" HPOS="789" VPOS="2184" WIDTH="121" HEIGHT="31" WC="0.96" CONTENT="former"/><SP WIDTH="19" VPOS="2184" HPOS="910"/>
							<String ID="string_563" HPOS="929" VPOS="2194" WIDTH="41" HEIGHT="19" WC="0.96" CONTENT="av"/><SP WIDTH="21" VPOS="2194" HPOS="970"/>
							<String ID="string_564" HPOS="991" VPOS="2179" WIDTH="249" HEIGHT="39" WC="0.96" CONTENT="nyttjanderätt."/><SP WIDTH="44" VPOS="2179" HPOS="1240"/>
							<String ID="string_565" HPOS="1284" VPOS="2176" WIDTH="104" HEIGHT="31" WC="0.96" CONTENT="Minst"/><SP WIDTH="20" VPOS="2176" HPOS="1388"/>
							<String ID="string_566" HPOS="1408" VPOS="2172" WIDTH="258" HEIGHT="39" WC="0.95" CONTENT="betänkligheter"/>
						</TextLine>
						<TextLine ID="line_48" HPOS="166" VPOS="2215" WIDTH="1500" HEIGHT="52">
							<String ID="string_567" HPOS="166" VPOS="2235" WIDTH="105" HEIGHT="32" WC="0.95" CONTENT="skulle"/><SP WIDTH="23" VPOS="2235" HPOS="271"/>
							<String ID="string_568" HPOS="294" VPOS="2234" WIDTH="53" HEIGHT="31" WC="0.96" CONTENT="väl"/><SP WIDTH="24" VPOS="2234" HPOS="347"/>
							<String ID="string_569" HPOS="371" VPOS="2232" WIDTH="76" HEIGHT="31" WC="0.96" CONTENT="från"/><SP WIDTH="22" VPOS="2232" HPOS="447"/>
							<String ID="string_570" HPOS="469" VPOS="2231" WIDTH="93" HEIGHT="32" WC="0.96" CONTENT="dessa"/><SP WIDTH="22" VPOS="2231" HPOS="562"/>
							<String ID="string_571" HPOS="584" VPOS="2227" WIDTH="203" HEIGHT="40" WC="0.96" CONTENT="synpunkter"/><SP WIDTH="24" VPOS="2227" HPOS="787"/>
							<String ID="string_572" HPOS="811" VPOS="2229" WIDTH="88" HEIGHT="28" WC="0.96" CONTENT="möta"/><SP WIDTH="23" VPOS="2229" HPOS="899"/>
							<String ID="string_573" HPOS="922" VPOS="2227" WIDTH="47" HEIGHT="29" WC="0.93" CONTENT="att"/><SP WIDTH="24" VPOS="2227" HPOS="969"/>
							<String ID="string_574" HPOS="993" VPOS="2222" WIDTH="84" HEIGHT="32" WC="0.92" CONTENT="inslå"/><SP WIDTH="23" VPOS="2222" HPOS="1077"/>
							<String ID="string_575" HPOS="1100" VPOS="2222" WIDTH="42" HEIGHT="38" WC="0.96" CONTENT="på"/><SP WIDTH="25" VPOS="2222" HPOS="1142"/>
							<String ID="string_576" HPOS="1167" VPOS="2221" WIDTH="59" HEIGHT="31" WC="0.96" CONTENT="den"/><SP WIDTH="23" VPOS="2221" HPOS="1226"/>
							<String ID="string_577" HPOS="1249" VPOS="2231" WIDTH="40" HEIGHT="20" WC="0.96" CONTENT="av"/><SP WIDTH="22" VPOS="2231" HPOS="1289"/>
							<String ID="string_578" HPOS="1311" VPOS="2222" WIDTH="49" HEIGHT="29" WC="0.95" CONTENT="tre"/><SP WIDTH="23" VPOS="2222" HPOS="1360"/>
							<String ID="string_579" HPOS="1383" VPOS="2217" WIDTH="174" HEIGHT="32" WC="0.96" CONTENT="ledamöter"/><SP WIDTH="23" VPOS="2217" HPOS="1557"/>
							<String ID="string_580" HPOS="1580" VPOS="2215" WIDTH="86" HEIGHT="31" WC="0.96" CONTENT="inom"/>
						</TextLine>
						<TextLine ID="line_49" HPOS="167" VPOS="2258" WIDTH="1502" HEIGHT="56">
							<String ID="string_581" HPOS="167" VPOS="2275" WIDTH="274" HEIGHT="39" WC="0.90" CONTENT="domänstyrelsen"/><SP WIDTH="30" VPOS="2275" HPOS="441"/>
							<String ID="string_582" HPOS="471" VPOS="2272" WIDTH="151" HEIGHT="33" WC="0.96" CONTENT="anvisade"/><SP WIDTH="28" VPOS="2272" HPOS="622"/>
							<String ID="string_583" HPOS="650" VPOS="2274" WIDTH="143" HEIGHT="34" WC="0.96" CONTENT="utvägen"/><SP WIDTH="29" VPOS="2274" HPOS="793"/>
							<String ID="string_584" HPOS="822" VPOS="2271" WIDTH="48" HEIGHT="29" WC="0.96" CONTENT="att"/><SP WIDTH="29" VPOS="2271" HPOS="870"/>
							<String ID="string_585" HPOS="899" VPOS="2265" WIDTH="179" HEIGHT="33" WC="0.96" CONTENT="verkställa"/><SP WIDTH="28" VPOS="2265" HPOS="1078"/>
							<String ID="string_586" HPOS="1106" VPOS="2262" WIDTH="201" HEIGHT="39" WC="0.95" CONTENT="upplåtelsen"/><SP WIDTH="30" VPOS="2262" HPOS="1307"/>
							<String ID="string_587" HPOS="1337" VPOS="2260" WIDTH="104" HEIGHT="32" WC="0.93" CONTENT="under"/><SP WIDTH="28" VPOS="2260" HPOS="1441"/>
							<String ID="string_588" HPOS="1469" VPOS="2258" WIDTH="200" HEIGHT="33" WC="0.90" CONTENT="arrenderätt"/>
						</TextLine>
						<TextLine ID="line_50" HPOS="168" VPOS="2299" WIDTH="1500" HEIGHT="61">
							<String ID="string_589" HPOS="168" VPOS="2320" WIDTH="70" HEIGHT="32" WC="0.96" CONTENT="med"/><SP WIDTH="21" VPOS="2320" HPOS="238"/>
							<String ID="string_590" HPOS="259" VPOS="2308" WIDTH="159" HEIGHT="56" WC="0.89" CONTENT="eventuell"/><SP WIDTH="19" VPOS="2308" HPOS="418"/>
							<String ID="string_591" HPOS="437" VPOS="2319" WIDTH="68" HEIGHT="41" WC="0.96" CONTENT="rätt"/><SP WIDTH="23" VPOS="2319" HPOS="505"/>
							<String ID="string_592" HPOS="528" VPOS="2315" WIDTH="51" HEIGHT="32" WC="0.96" CONTENT="för"/><SP WIDTH="22" VPOS="2315" HPOS="579"/>
							<String ID="string_593" HPOS="601" VPOS="2312" WIDTH="209" HEIGHT="34" WC="0.96" CONTENT="arrendatorn"/><SP WIDTH="23" VPOS="2312" HPOS="810"/>
							<String ID="string_594" HPOS="833" VPOS="2313" WIDTH="48" HEIGHT="29" WC="0.96" CONTENT="att"/><SP WIDTH="19" VPOS="2313" HPOS="881"/>
							<String ID="string_595" HPOS="900" VPOS="2309" WIDTH="56" HEIGHT="32" WC="0.93" CONTENT="vid"/><SP WIDTH="23" VPOS="2309" HPOS="956"/>
							<String ID="string_596" HPOS="979" VPOS="2306" WIDTH="236" HEIGHT="34" WC="0.90" CONTENT="arrendetidens"/><SP WIDTH="22" VPOS="2306" HPOS="1215"/>
							<String ID="string_597" HPOS="1237" VPOS="2304" WIDTH="125" HEIGHT="38" WC="0.96" CONTENT="utgång"/><SP WIDTH="22" VPOS="2304" HPOS="1362"/>
							<String ID="string_598" HPOS="1384" VPOS="2302" WIDTH="90" HEIGHT="32" WC="0.96" CONTENT="bliva"/><SP WIDTH="22" VPOS="2302" HPOS="1474"/>
							<String ID="string_599" HPOS="1496" VPOS="2305" WIDTH="97" HEIGHT="34" WC="0.96" CONTENT="ägare"/><SP WIDTH="24" VPOS="2305" HPOS="1593"/>
							<String ID="string_600" HPOS="1617" VPOS="2299" WIDTH="51" HEIGHT="32" WC="0.96" CONTENT="till"/>
						</TextLine>
						<TextLine ID="line_51" HPOS="167" VPOS="2343" WIDTH="1499" HEIGHT="57">
							<String ID="string_601" HPOS="167" VPOS="2362" WIDTH="200" HEIGHT="38" WC="0.96" CONTENT="lägenheten."/><SP WIDTH="52" VPOS="2362" HPOS="367"/>
							<String ID="string_602" HPOS="419" VPOS="2360" WIDTH="95" HEIGHT="31" WC="0.95" CONTENT="Även"/><SP WIDTH="29" VPOS="2360" HPOS="514"/>
							<String ID="string_603" HPOS="543" VPOS="2357" WIDTH="54" HEIGHT="32" WC="0.95" CONTENT="vid"/><SP WIDTH="29" VPOS="2357" HPOS="597"/>
							<String ID="string_604" HPOS="626" VPOS="2355" WIDTH="115" HEIGHT="38" WC="0.96" CONTENT="dylika"/><SP WIDTH="26" VPOS="2355" HPOS="741"/>
							<String ID="string_605" HPOS="767" VPOS="2352" WIDTH="202" HEIGHT="39" WC="0.96" CONTENT="upplåtelser"/><SP WIDTH="29" VPOS="2352" HPOS="969"/>
							<String ID="string_606" HPOS="998" VPOS="2349" WIDTH="104" HEIGHT="33" WC="0.96" CONTENT="skulle"/><SP WIDTH="29" VPOS="2349" HPOS="1102"/>
							<String ID="string_607" HPOS="1131" VPOS="2346" WIDTH="176" HEIGHT="34" WC="0.96" CONTENT="emellertid"/><SP WIDTH="29" VPOS="2346" HPOS="1307"/>
							<String ID="string_608" HPOS="1336" VPOS="2344" WIDTH="182" HEIGHT="38" WC="0.93" CONTENT="säkerligen"/><SP WIDTH="29" VPOS="2344" HPOS="1518"/>
							<String ID="string_609" HPOS="1547" VPOS="2343" WIDTH="119" HEIGHT="32" WC="0.87" CONTENT="kredit-"/>
						</TextLine>
						<TextLine ID="line_52" HPOS="169" VPOS="2386" WIDTH="1499" HEIGHT="57">
							<String ID="string_610" HPOS="169" VPOS="2406" WIDTH="117" HEIGHT="37" WC="0.96" CONTENT="frågan"/><SP WIDTH="18" VPOS="2406" HPOS="286"/>
							<String ID="string_611" HPOS="304" VPOS="2403" WIDTH="89" HEIGHT="32" WC="0.96" CONTENT="vålla"/><SP WIDTH="18" VPOS="2403" HPOS="393"/>
							<String ID="string_612" HPOS="411" VPOS="2400" WIDTH="179" HEIGHT="33" WC="0.96" CONTENT="avsevärda"/><SP WIDTH="18" VPOS="2400" HPOS="590"/>
							<String ID="string_613" HPOS="608" VPOS="2397" WIDTH="209" HEIGHT="38" WC="0.96" CONTENT="svårigheter."/><SP WIDTH="41" VPOS="2397" HPOS="817"/>
							<String ID="string_614" HPOS="858" VPOS="2394" WIDTH="157" HEIGHT="32" WC="0.95" CONTENT="Däremot"/><SP WIDTH="20" VPOS="2394" HPOS="1015"/>
							<String ID="string_615" HPOS="1035" VPOS="2391" WIDTH="104" HEIGHT="33" WC="0.96" CONTENT="skulle"/><SP WIDTH="21" VPOS="2391" HPOS="1139"/>
							<String ID="string_616" HPOS="1160" VPOS="2389" WIDTH="134" HEIGHT="34" WC="0.96" CONTENT="särskilt"/><SP WIDTH="21" VPOS="2389" HPOS="1294"/>
							<String ID="string_617" HPOS="1315" VPOS="2387" WIDTH="202" HEIGHT="38" WC="0.96" CONTENT="svårigheter"/><SP WIDTH="20" VPOS="2387" HPOS="1517"/>
							<String ID="string_618" HPOS="1537" VPOS="2398" WIDTH="40" HEIGHT="19" WC="0.92" CONTENT="av"/><SP WIDTH="19" VPOS="2398" HPOS="1577"/>
							<String ID="string_619" HPOS="1596" VPOS="2386" WIDTH="72" HEIGHT="31" WC="0.92" CONTENT="sist-"/>
						</TextLine>
						<TextLine ID="line_53" HPOS="168" VPOS="2427" WIDTH="1503" HEIGHT="56">
							<String ID="string_620" HPOS="168" VPOS="2447" WIDTH="140" HEIGHT="32" WC="0.96" CONTENT="nämnda"/><SP WIDTH="20" VPOS="2447" HPOS="308"/>
							<String ID="string_621" HPOS="328" VPOS="2445" WIDTH="72" HEIGHT="38" WC="0.96" CONTENT="slag"/><SP WIDTH="19" VPOS="2445" HPOS="400"/>
							<String ID="string_622" HPOS="419" VPOS="2444" WIDTH="53" HEIGHT="32" WC="0.96" CONTENT="till"/><SP WIDTH="19" VPOS="2444" HPOS="472"/>
							<String ID="string_623" HPOS="491" VPOS="2454" WIDTH="37" HEIGHT="21" WC="0.96" CONTENT="en"/><SP WIDTH="23" VPOS="2454" HPOS="528"/>
							<String ID="string_624" HPOS="551" VPOS="2445" WIDTH="65" HEIGHT="29" WC="0.95" CONTENT="stor"/><SP WIDTH="22" VPOS="2445" HPOS="616"/>
							<String ID="string_625" HPOS="638" VPOS="2441" WIDTH="48" HEIGHT="31" WC="0.96" CONTENT="del"/><SP WIDTH="21" VPOS="2441" HPOS="686"/>
							<String ID="string_626" HPOS="707" VPOS="2440" WIDTH="113" HEIGHT="31" WC="0.96" CONTENT="kunna"/><SP WIDTH="19" VPOS="2440" HPOS="820"/>
							<String ID="string_627" HPOS="839" VPOS="2436" WIDTH="171" HEIGHT="33" WC="0.96" CONTENT="undvikas."/><SP WIDTH="23" VPOS="2436" HPOS="1010"/>
							<String ID="string_628" HPOS="1033" VPOS="2446" WIDTH="49" HEIGHT="20" WC="0.96" CONTENT="om"/><SP WIDTH="23" VPOS="2446" HPOS="1082"/>
							<String ID="string_629" HPOS="1105" VPOS="2434" WIDTH="50" HEIGHT="31" WC="0.96" CONTENT="det"/><SP WIDTH="20" VPOS="2434" HPOS="1155"/>
							<String ID="string_630" HPOS="1175" VPOS="2444" WIDTH="74" HEIGHT="20" WC="0.96" CONTENT="vore"/><SP WIDTH="21" VPOS="2444" HPOS="1249"/>
							<String ID="string_631" HPOS="1270" VPOS="2430" WIDTH="128" HEIGHT="39" WC="0.95" CONTENT="möjligt"/><SP WIDTH="23" VPOS="2430" HPOS="1398"/>
							<String ID="string_632" HPOS="1421" VPOS="2432" WIDTH="49" HEIGHT="30" WC="0.96" CONTENT="att"/><SP WIDTH="20" VPOS="2432" HPOS="1470"/>
							<String ID="string_633" HPOS="1490" VPOS="2427" WIDTH="181" HEIGHT="33" WC="0.96" CONTENT="verkställa"/>
						</TextLine>
						<TextLine ID="line_54" HPOS="167" VPOS="2470" WIDTH="1502" HEIGHT="58">
							<String ID="string_634" HPOS="167" VPOS="2488" WIDTH="200" HEIGHT="40" WC="0.95" CONTENT="upplåtelser"/><SP WIDTH="23" VPOS="2488" HPOS="367"/>
							<String ID="string_635" HPOS="390" VPOS="2486" WIDTH="103" HEIGHT="33" WC="0.96" CONTENT="under"/><SP WIDTH="22" VPOS="2486" HPOS="493"/>
							<String ID="string_636" HPOS="515" VPOS="2484" WIDTH="97" HEIGHT="32" WC="0.96" CONTENT="sådan"/><SP WIDTH="26" VPOS="2484" HPOS="612"/>
							<String ID="string_637" HPOS="638" VPOS="2483" WIDTH="84" HEIGHT="31" WC="0.95" CONTENT="form"/><SP WIDTH="25" VPOS="2483" HPOS="722"/>
							<String ID="string_638" HPOS="747" VPOS="2493" WIDTH="40" HEIGHT="20" WC="0.94" CONTENT="av"/><SP WIDTH="24" VPOS="2493" HPOS="787"/>
							<String ID="string_639" HPOS="811" VPOS="2478" WIDTH="239" HEIGHT="40" WC="0.95" CONTENT="nyttjanderätt"/><SP WIDTH="24" VPOS="2478" HPOS="1050"/>
							<String ID="string_640" HPOS="1074" VPOS="2479" WIDTH="49" HEIGHT="29" WC="0.96" CONTENT="att"/><SP WIDTH="24" VPOS="2479" HPOS="1123"/>
							<String ID="string_641" HPOS="1147" VPOS="2474" WIDTH="188" HEIGHT="37" WC="0.96" CONTENT="inteckning"/><SP WIDTH="23" VPOS="2474" HPOS="1335"/>
							<String ID="string_642" HPOS="1358" VPOS="2473" WIDTH="71" HEIGHT="32" WC="0.95" CONTENT="däri"/><SP WIDTH="25" VPOS="2473" HPOS="1429"/>
							<String ID="string_643" HPOS="1454" VPOS="2471" WIDTH="107" HEIGHT="32" WC="0.94" CONTENT="kunde"/><SP WIDTH="24" VPOS="2471" HPOS="1561"/>
							<String ID="string_644" HPOS="1585" VPOS="2470" WIDTH="84" HEIGHT="32" WC="0.88" CONTENT="med-"/>
						</TextLine>
					</TextBlock>
				</ComposedBlock>
			</PrintSpace>
		</Page>
	</Layout>
</alto>
