2212 2650
392 216 39 31 12
917 218 212 37 Lagutskottets
1157 218 151 31 Utlåtande
1331 219 55 29 N:o
1411 220 52 28 55.

389 296 62 37 det
478 296 153 37 oaktadt
657 300 85 44 torp
772 295 175 50 upplåtits
974 298 60 35 till
1063 298 215 45 soldaterna,
1300 310 83 24 men
1402 297 230 36 förekomma
1651 299 30 47 ej
1703 298 111 49 några
1834 299 146 35 knekte-

388 355 84 44 torp
500 349 63 36 vid
592 350 281 46 Dalregementet.

495 402 71 37 För
593 404 172 45 Hälsinge
791 408 187 42 regemente
1006 403 253 50 (Hälsingland
1294 404 66 36 och
1389 403 250 49 Gästrikland)
1669 405 160 36 innehöll
1859 406 31 48 ej
1921 406 61 36 det

390 458 262 49 ursprungliga
680 458 211 36 kontraktet
923 457 122 49 någon
1074 459 250 36 bestämmelse
1352 470 60 24 om
1441 458 230 49 knektetorp.
1728 457 16 36 I
1772 459 128 48 kungl.
1931 473 50 23 re-

389 511 204 36 solutionen
623 511 68 36 den
724 512 44 36 21
797 511 147 49 januari
978 513 98 36 1748
1098 511 229 38 förklarades
1346 511 118 46 också,
1486 517 54 30 att
1559 512 183 48 allmogen
1762 512 78 36 icke
1859 513 122 37 kunde

382 565 189 43 förbindas
614 565 58 35 till
714 563 112 50 några
866 571 223 43 rotestugors
1130 565 286 50 uppbyggande,
1451 565 159 37 hvarvid
1643 566 154 43 tillades,
1827 567 64 43 att,
1921 580 60 23 om

388 617 176 46 soldaten,
608 616 116 37 såsom
762 618 154 49 tidigare
945 619 107 44 skett,
1081 620 82 35 med
1190 619 243 37 rotebondens
1461 618 167 37 tillstånd
1658 618 46 49 på
1732 619 130 36 dennes
1891 626 91 42 ägor

390 673 195 47 uppbyggt
612 671 55 49 sig
695 671 68 37 hus
791 673 65 36 och
876 673 126 36 därtill
1019 674 150 47 uppröjt
1184 672 119 50 någon
1322 673 94 48 jord,
1432 673 70 36 hus
1517 674 68 35 och
1596 673 83 48 jord
1693 673 93 36 efter
1800 672 182 37 soldatens

389 725 68 36 och
485 725 91 36 hans
604 725 149 36 hustrus
781 725 70 37 död
879 726 119 37 skulle
1027 725 149 38 tillfalla
1191 726 231 49 jordägaren.
1470 726 18 36 I
1511 725 372 38 öfverensstämmelse
1903 727 78 36 där-

389 778 83 36 med
502 778 191 49 stadgades
721 780 12 34 i
760 779 129 49 kungl.
920 780 148 36 brefvet
1094 781 67 35 den
1184 782 18 34 1
1226 793 96 23 mars
1344 782 96 36 1826
1463 780 186 49 angående
1663 779 237 50 förändring
1881 774 12 60 i
1917 782 64 35 sol-

389 833 169 35 daternas
585 832 239 49 legningssätt
851 833 62 36 vid
947 832 174 50 Hälsinge
1149 838 219 45 regemente,
1398 838 64 40 att,
1493 834 11 34 i
1533 833 44 37 de
1604 832 69 37 fall
1702 832 46 37 då
1775 834 206 36 soldaterna

389 886 121 36 skulle
552 886 99 48 legas
684 887 195 44 sockenvis,
911 886 71 37 den
1011 888 12 35 i
1051 888 71 36 viss
1150 894 79 29 rote
1257 888 130 35 insatte
1415 887 165 37 soldaten
1610 887 61 36 vid
1700 887 118 36 denna
1847 888 132 46 skulle,

386 940 113 47 jämte
541 938 93 50 årlig
674 940 82 36 kost
784 941 67 35 och
875 941 72 44 lön,
976 941 113 36 hafva
1117 941 111 49 nödig
1255 941 289 50 byggnadsplats
1573 940 66 37 och
1668 941 315 49 odlingslägenhet

390 993 89 36 eller
508 991 38 37 så
573 992 127 36 kallad
729 994 160 48 rotejord
916 996 39 35 af
983 995 69 36 den
1081 994 108 50 rymd
1218 996 288 36 socknemännen
1536 995 182 36 bestämde
1746 995 83 36 med
1857 995 125 50 tarflig

389 1045 197 51 skogsfång
613 1046 68 36 och
709 1047 163 37 mulbete
900 1053 53 31 att
981 1049 12 35 i
1022 1048 183 36 soldatens
1238 1049 67 35 och
1334 1048 90 36 hans
1452 1049 147 36 hustrus
1628 1047 114 49 dagar
1769 1047 214 39 innehafvas

389 1100 68 36 och
486 1100 197 49 begagnas.

496 1152 105 38 Inom
629 1155 114 48 några
770 1154 153 37 socknar
952 1155 12 35 i
991 1153 243 50 Hälsingland
1263 1156 68 35 och
1359 1154 237 38 Gästrikland
1624 1153 111 39 hafva
1763 1156 60 35 väl
1850 1156 12 35 i
1891 1168 92 24 sam-

390 1207 184 48 manhang
603 1207 83 36 med
714 1208 182 49 byalagen
929 1207 250 50 öfvergångna
1207 1208 134 36 skiften
1370 1207 55 38 för
1453 1208 45 37 de
1527 1209 175 36 särskilda
1721 1213 149 31 rotarna
1890 1214 93 31 stän-

390 1261 86 49 diga
516 1261 244 49 soldatjordar
800 1262 125 36 blifvit
959 1261 144 46 afsatta,
1131 1274 85 24 men
1245 1263 104 48 eljest
1377 1264 66 35 har
1472 1262 70 37 den
1567 1262 96 49 jord,
1690 1275 78 24 som
1798 1262 83 37 med
1908 1263 74 36 till-

390 1314 193 50 lämpning
612 1316 38 35 af
677 1314 269 38 ofvanberörda
979 1316 274 36 bestämmelser
1282 1317 177 48 upplåtits
1487 1316 60 36 till
1576 1316 209 36 soldaterna
1809 1316 62 37 vid
1895 1316 86 37 Hal-

389 1369 100 49 singe
517 1371 221 47 regemente,
766 1371 33 42 ej
820 1369 118 37 såsom
962 1369 62 36 vid
1049 1369 112 36 andra
1184 1376 231 42 regementen
1445 1370 95 36 varit
1567 1372 271 44 stadigvarande
1857 1371 124 36 soldat-

384 1424 92 43 jord,
508 1427 90 31 utan
628 1423 66 35 har
723 1422 69 36 den
822 1424 91 35 efter
942 1422 70 37 den
1040 1423 11 34 i
1080 1423 213 36 kontraktet
1325 1423 191 37 bestämda
1544 1423 317 50 besittningstiden
1889 1423 93 37 åter-

389 1474 100 37 fallit
503 1476 59 35 till
576 1477 219 43 hemmanet,
809 1476 181 36 beroende
1006 1478 45 47 på
1070 1475 259 37 rotehållarens
1343 1477 264 48 godtfinnande
1622 1482 54 31 att
1691 1477 61 36 vid
1767 1490 49 37 ny
1831 1478 151 50 legning

389 1529 125 37 lämna
543 1529 69 37 den
640 1530 123 49 gamla
791 1529 258 50 soldatjorden,
1077 1529 37 37 så
1142 1529 85 38 vida
1256 1529 70 37 den
1354 1531 188 49 nämligen
1570 1531 31 49 ej
1630 1529 226 38 fortfarande
1884 1532 96 36 inne-

389 1583 108 36 hades
539 1581 42 38 af
619 1583 68 36 den
729 1584 97 36 förre
863 1584 165 36 soldaten
1070 1584 88 36 eller
1202 1584 90 36 hans
1334 1585 104 44 änka,
1475 1586 90 35 eller
1597 1589 52 31 att
1678 1584 154 50 upplåta
1861 1597 120 25 annan

385 1637 93 48 jord.
536 1636 75 37 Till
652 1636 92 49 följd
778 1636 39 37 af
843 1637 68 37 den
941 1638 110 49 långa
1080 1638 314 49 besittningstiden
1424 1639 57 35 till
1506 1638 130 49 jorden
1664 1640 14 34 i
1705 1639 181 36 soldatens
1914 1640 67 35 och

390 1690 89 36 hans
509 1690 113 36 änkas
650 1689 118 38 lifstid
796 1691 65 36 har
889 1691 61 37 det
978 1691 141 36 kunnat
1147 1690 160 46 inträffa,
1338 1697 53 30 att
1419 1705 43 23 en
1493 1697 77 31 rote
1593 1692 188 49 samtidigt
1797 1691 81 37 haft
1897 1692 84 37 flere

389 1743 206 49 soldattorp
624 1744 224 45 utlämnade,
878 1746 67 35 och
975 1745 113 36 hafva
1116 1746 31 47 ej
1177 1746 125 44 sällan,
1330 1744 107 37 äfven
1467 1745 66 36 där
1552 1745 166 50 ständiga
1738 1746 244 48 soldatjordar

389 1796 125 38 afsatts
542 1797 57 37 vid
613 1795 138 52 "skifte,
780 1798 207 37 soldaterna
1012 1799 112 48 jämte
1158 1798 102 36 dessa
1289 1798 68 37 fått
1385 1799 178 36 särskilda
1589 1799 124 48 jordar
1741 1800 58 35 till
1820 1800 55 49 sig
1892 1812 89 37 upp-

388 1850 99 37 låtna
515 1849 57 37 för
599 1852 215 49 uppodling.

497 1904 69 37 För
614 1905 212 37 Värmlands
866 1911 188 41 regemente
1093 1905 162 37 innehöll
1285 1907 61 35 väl
1387 1906 350 37 knektekontraktet
1770 1908 37 35 af
1831 1906 69 37 den
1931 1910 47 35 25

386 1959 83 48 juni
504 1960 99 37 1688
631 1958 82 37 icke
741 1958 111 50 något
880 1959 187 37 bestämdt
1094 1959 204 49 stadgande
1318 1973 60 22 om
1398 1960 223 48 soldattorps
1637 1961 234 49 anläggning,
1891 1966 90 31 utan

389 2012 129 36 endast
559 2017 53 31 att
651 2011 164 37 soldaten
857 2014 173 48 antingen
1074 2013 118 36 skulle
1235 2013 83 37 med
1352 2018 105 44 stuga
1487 2026 46 23 m.
1562 2014 34 35 fl.
1626 2014 215 50 byggnader
1869 2013 113 38 förses

389 2066 89 35 eller
506 2066 65 36 hog
599 2065 222 37 rotebonden
850 2065 48 50 på
924 2066 138 49 gården
1081 2067 214 49 inrymmas.
1352 2067 14 35 I
1388 2067 175 45 Norbergs
1584 2069 58 35 och
1662 2068 320 47 Skinnskattebergs

390 2120 151 45 tingslag
571 2119 90 37 hade
690 2119 116 49 enligt
828 2119 127 49 kungl.
982 2120 260 49 förordningar
1262 2122 38 34 af
1319 2120 67 37 den
1408 2123 49 36 20
1477 2122 198 35 november
1700 2123 95 36 1685
1818 2122 164 37 soldaten

390 2172 31 48 ej
452 2175 55 34 att
533 2172 124 37 fordra
685 2172 165 37 hvarken
876 2177 96 45 torp,
1002 2175 87 36 åker
1116 2174 93 36 eller
1232 2180 81 43 äng,
1333 2173 115 38 såsom
1472 2174 105 48 eljest
1606 2175 5 35 i
1631 2175 267 36 Västmanland
1919 2189 65 23 var

389 2225 116 37 fallet.
561 2226 213 38 Sedermera
802 2224 109 38 hafva
935 2227 205 37 emellertid
1165 2232 84 44 torp
1265 2228 82 36 med
1363 2227 86 37 åker
1465 2228 68 35 och
1549 2234 70 43 äng
1635 2230 155 34 allmänt
1808 2230 175 47 anslagits

391 2277 57 39 för
467 2279 209 39 soldaterna
704 2280 62 37 vid
795 2279 223 39 Värmlands
1046 2285 206 46 regemente
1281 2280 146 51 (jämför
1455 2281 128 50 kungl.
1614 2282 80 37 bref
1714 2281 39 36 af
1770 2282 68 36 den
1861 2284 21 33 3
1899 2282 84 48 juni
