2218 2656
759 194 220 39 Lagutskottets
1007 195 151 31 Utlåtande
1182 193 61 32 N:o
1267 196 52 30 55.
1820 192 17 30 1

937 680 94 38 N:o
1061 680 92 39 55.

952 840 66 26 Ank.
1038 840 42 26 till
1098 839 96 27 Riksd.
1213 839 91 26 kansli
1323 839 54 26 den
1395 840 17 25 6
1431 838 55 34 maj
1506 838 78 32 1907,
1603 838 35 27 kl.
1658 839 17 26 4
1693 845 23 20 e.
1736 846 36 19 m.

573 984 195 45 Utlåtande,
799 986 14 34 i
841 985 187 45 anledning
1071 986 47 50 af
1142 986 125 34 väckta
1294 985 166 35 motioner
1484 985 177 44 angående
1687 987 154 42 ryttare-,

672 1056 125 37 soldat-
825 1057 60 35 och
914 1058 273 44 båtsmanstorps
1212 1055 180 44 befriande
1419 1058 15 33 i
1454 1057 98 35 vissa
1568 1055 75 44 fall
1661 1056 95 50 från
1785 1067 60 23 an-

672 1139 83 25 svar
781 1128 56 45 för
863 1129 242 45 inteckningar
1131 1129 14 34 i
1172 1128 282 36 stamhemmanet
1470 1140 43 23 m.
1537 1139 44 24 m.

355 1288 258 49 Lagutskottet
640 1288 67 36 har
733 1288 60 36 till
817 1287 227 50 behandling
1072 1286 161 39 förehaft
1259 1288 82 48 fyra
1370 1287 179 37 särskilda
1577 1287 191 45 motioner,
1792 1286 51 37 af-

247 1340 114 49 gifna,
404 1341 44 37 de
480 1347 56 30 tre
572 1342 101 35 inom
707 1340 125 37 Första
862 1341 223 37 Kammaren
1114 1341 116 36 under
1258 1342 66 35 n:is
1358 1344 57 42 11,
1448 1344 43 34 12
1523 1340 67 37 och
1624 1343 44 35 13
1695 1340 40 36 af
1760 1341 84 36 herr

247 1395 172 37 Ericsson
442 1400 95 31 samt
565 1408 45 24 en
638 1396 101 35 inom
768 1394 129 37 Andra
925 1395 224 36 Kammaren
1178 1395 116 36 under
1322 1407 57 23 n:o
1411 1396 48 36 34
1488 1395 39 35 af
1549 1394 85 37 herr
1650 1385 193 54 Åkerlund,

247 1449 11 34 i
300 1448 129 37 hvilka
470 1449 181 37 motioner
692 1448 216 50 föreslagits,
952 1453 55 31 att
1049 1448 209 50 Riksdagen
1300 1447 113 37 måtte
1445 1447 57 37 för
1537 1448 55 36 sin
1620 1448 60 36 del
1708 1453 135 45 antaga

247 1501 161 50 följande
435 1501 136 51 förslag
599 1503 58 36 till

946 1609 70 49 1:0)
1049 1607 102 50 Lag

321 1693 53 24 om
403 1682 141 35 ändrad
571 1681 125 46 lydelse
725 1681 48 43 af
795 1683 51 34 12
869 1682 60 35 och
959 1683 48 33 19
1036 1681 52 47 $$
1116 1682 14 34 i
1157 1681 101 45 lagen
1285 1682 65 35 den
1378 1682 50 34 30
1457 1682 184 43 september
1672 1684 102 33 1904

862 1745 53 25 om
942 1735 295 44 samäganderätt.

356 1804 224 49 Härigenom
621 1804 204 45 förordnas,
861 1810 55 30 att
955 1807 44 35 12
1036 1805 68 36 och
1137 1805 45 37 19
1214 1804 39 49 $$
1283 1806 8 33 i
1323 1805 107 48 lagen
1459 1805 71 36 den
1560 1807 49 35 30
1639 1806 206 48 september

254 1860 99 36 1904
383 1872 58 23 om
471 1858 294 50 samäganderätt
792 1859 102 36 skola
921 1857 140 37 erhålla
1089 1857 161 49 följande
1278 1858 161 36 ändrade
1466 1859 154 50 lydelse:

999 1967 43 36 12
1073 1965 29 49 8.

357 2030 81 45 Äro
466 2038 173 48 samtliga
668 2037 169 49 delägare
864 2037 64 36 vid
956 2037 198 36 auktionen
1182 2036 178 37 tillstädes
1388 2037 68 35 och
1480 2036 115 37 varda
1616 2037 45 36 de
1680 2036 166 38 öfverens

251 2105 59 22 om
353 2090 202 48 antagande
598 2091 92 35 eller
731 2089 230 37 förkastande
994 2089 41 36 af
1065 2089 133 44 anbud,
1226 2102 78 23 som
1332 2089 21 35 å
1381 2090 199 36 auktionen
1609 2095 113 43 göres,
1752 2092 95 35 skall

251 2144 63 37 vid
342 2144 106 35 deras
475 2144 121 35 beslut
624 2144 103 43 bero;
755 2143 94 36 dock
878 2148 63 40 att,
969 2143 66 36 där
1059 2143 103 47 fråga
1190 2148 41 30 är
1254 2155 60 23 om
1339 2141 185 50 fastighet,
1546 2144 106 35 hvari
1671 2145 176 48 omyndig

253 2199 66 36 har
361 2198 71 44 del,
466 2196 218 50 försäljning
713 2196 32 49 ej
779 2195 59 37 må
866 2196 74 45 ske,
970 2199 89 34 utan
1088 2197 67 35 den
1185 2196 218 49 omyndiges
1432 2196 107 36 andel
1569 2196 130 40 varder
1726 2198 121 36 betald

253 2251 92 39 efter
372 2251 61 36 det
460 2250 118 49 enligt
608 2251 21 36 9
659 2249 19 50 $
706 2254 136 32 utsatta
869 2249 82 49 pris.

300 2324 68 30 Bih.
394 2323 46 31 till
462 2321 104 32 Biksd.
592 2322 81 30 Prot.
698 2323 96 29 1907.
844 2322 19 29 7
887 2321 90 31 Saml.
1026 2322 42 29 50
1091 2320 90 39 Häft.
1229 2319 72 41 (N:o
1326 2319 67 41 55)
1785 2322 15 29 1
