2222 2638
473 169 19 31 6
864 169 352 42 Bevillningsutskottets
1238 171 202 32 Betänkande
1461 172 64 31 N:o
1548 173 52 30 16.

432 257 237 47 tillverkning
699 258 169 35 använda
899 259 163 47 spanmål
1088 259 68 35 och
1184 260 235 47 potatismjöl,
1448 260 123 35 hvilka
1598 260 147 49 afgifter
1771 262 87 35 ökat
1884 262 152 48 inköps-

432 308 110 46 priset
583 308 65 34 här
687 308 11 35 i
738 308 124 36 landet
901 308 39 36 af
977 309 105 36 dessa
1121 317 143 37 ämnen,
1306 310 160 36 återstod
1493 311 96 35 dock
1616 315 118 32 såsom
1760 312 191 49 tullskydd
1979 312 57 36 för

432 357 129 47 sjelfva
587 358 285 47 tillverkningen
899 360 168 46 omkring
1093 360 52 36 tio
1172 358 83 47 (10)
1279 368 62 29 öre
1365 374 63 35 per
1450 361 194 47 kilogram;
1665 374 82 23 men
1767 362 46 36 då
1832 364 203 46 spanmåls-

431 409 115 34 tullen
573 421 154 23 numera
753 409 183 49 betydligt
962 411 104 35 ökats
1093 411 67 35 och
1188 412 112 46 priset
1327 415 20 32 å
1374 411 165 37 inhemsk
1566 414 163 46 spanmål
1756 413 11 34 i
1792 425 140 24 samma
1952 417 84 32 mån

431 464 165 41 stegrats,
638 459 63 36 har
741 459 101 36 detta
881 460 119 49 skydd
1028 466 128 31 nästan
1184 461 208 37 försvunnit
1418 462 66 36 och
1511 463 111 36 saken
1649 464 123 35 ställer
1799 464 58 46 sig
1884 477 151 23 numera

430 509 167 36 sålunda:

431 584 85 36 Tull
543 588 20 33 å
593 587 70 34 100
691 586 178 46 kilogram
897 587 170 47 pressjäst
1095 586 20 36 å
1143 589 46 34 20
1216 594 63 30 öre
1307 601 64 35 per
1398 588 177 48 kilogram
1590 621 95 3 .......
1709 621 90 4 .....
1830 590 52 35 kr.
1913 592 57 35 20:
1987 610 47 4 —

430 635 83 36 Tull
553 639 21 32 å
613 636 71 35 den
721 635 59 37 för
820 637 238 48 tillverkning
1097 637 40 36 af
1166 640 45 34 75
1239 639 179 47 kilogram
1446 652 64 23 ren
1533 639 75 47 jäst
1634 639 168 36 använda

530 687 180 46 qvantitet
737 688 143 35 omalen
908 689 163 47 spanmål
1099 689 87 35 eller
1215 691 69 34 487
1314 690 178 46 kilogram
1512 689 94 37 efter
1625 692 20 34 3
1666 690 135 36 kronor

533 739 43 34 15
605 743 61 30 öre
694 750 64 36 per
787 740 71 34 100
882 738 682 47 kilogTälM....smsmmmmmsosoooosonosonnnennnn
1523 734 46 56 anna
1593 741 53 35 kr.
1679 743 56 34 15:
1752 743 48 34 34

429 787 83 36 Tull
541 790 20 32 å
590 789 44 35 25
664 788 179 48 kilogram
872 789 222 48 potatismjöl
1115 790 20 35 å
1156 791 43 34 17
1219 797 62 29 öre
1301 803 64 35 per
1384 791 177 47 kilogram
1613 806 13 19 >»
1703 793 96 34 =<4:25
1828 801 54 35 kr.
1914 803 119 34 19:59

430 849 170 50 Återstår
627 867 115 32 såsom
770 864 189 50 tullskydd
987 864 59 37 för
1072 866 284 47 tillverkningen
1384 865 416 38 endast.....................-
1829 868 54 35 kr.
1937 870 94 34 0:41

429 912 56 37 för
515 915 71 35 100
613 914 178 47 kilogram
819 915 183 48 pressjäst,
1030 916 89 36 eller
1145 916 139 49 knappt
1310 922 54 31 ett
1390 916 94 37 halft
1511 924 62 29 öre
1600 930 64 36 per
1691 918 191 48 kilogram.

562 1014 357 38 Jästfabrikanterna
957 1017 12 35 i
1009 1016 132 49 Norge,
1174 1030 76 24 som
1283 1019 121 35 lemna
1431 1031 44 23 en
1502 1018 167 48 betydlig
1697 1018 58 37 del
1782 1019 41 35 af
1842 1019 191 47 jästinför-

429 1066 75 35 seln
544 1066 58 35 till
641 1064 158 49 Sverige,
841 1066 109 37 hafva
989 1067 83 36 med
1112 1068 70 36 den
1217 1069 181 48 tolkning,
1428 1082 76 23 som
1532 1069 132 36 hittills
1690 1069 127 47 gifvits
1845 1070 71 36 den
1943 1083 27 23 s.
1999 1071 33 35 k.

429 1116 325 47 mellanrikslagen,
783 1117 72 36 fått
881 1117 152 37 tullfritt
1059 1118 119 36 införa
1204 1119 55 37 sin
1287 1132 88 23 vara
1401 1120 66 36 och
1496 1120 211 48 derigenom
1735 1121 142 48 lyckats
1896 1126 54 30 att
1969 1121 66 36 här

428 1167 12 35 i
467 1166 148 47 Sverige
643 1167 201 49 nedtrycka
866 1168 188 49 jästpriset
1080 1170 56 35 till
1164 1169 70 36 den
1260 1170 106 47 grad,
1394 1176 51 30 att
1473 1171 154 35 svenska
1649 1171 284 47 jästindustrien
1952 1171 82 36 der-

428 1218 147 46 igenom
616 1217 92 37 lider
748 1231 45 23 en
833 1218 141 45 förlust,
1015 1232 79 23 som
1135 1220 183 49 betydligt
1349 1220 217 48 öfverstiger
1601 1224 45 33 10
1674 1228 61 29 öre
1763 1234 64 35 per
1855 1222 178 47 kilogram

429 1267 76 36 såld
527 1269 85 46 jäst,
641 1269 149 35 hvarom
818 1270 186 46 närlagda,
1032 1270 40 35 af
1095 1270 164 47 Sveriges
1282 1271 304 47 jästfabrikanter
1612 1272 58 35 till
1689 1272 122 48 kongl.
1833 1273 200 36 kommers-

428 1318 196 47 kollegium
652 1320 205 36 inlemnade
885 1320 187 36 skrifvelse
1099 1322 139 35 lemnar
1265 1329 168 29 närmare
1460 1323 237 48 upplysning.
1739 1322 83 37 Men
1846 1322 107 37 äfven
1974 1337 58 22 om

428 1368 182 37 tullfrihet
649 1369 55 36 för
736 1370 75 47 jäst
842 1370 84 36 från
953 1370 120 48 Norge
1101 1372 126 44 skulle,
1255 1375 47 45 på
1329 1378 72 30 sätt
1427 1373 13 35 i
1467 1373 112 47 sagda
1606 1373 188 36 skrifvelse
1822 1374 121 49 yrkas,
1972 1374 62 35 vid

427 1419 188 37 blifvande
653 1421 159 36 revision
853 1421 39 36 af
928 1422 318 47 mellanrikslagen
1287 1424 176 48 upphöra,
1504 1423 105 37 torde
1648 1424 70 35 den
1758 1424 155 36 svenska
1942 1425 92 47 jäst-

427 1470 217 45 industrien,
685 1471 111 36 sedan
837 1473 300 47 spanmålstullen
1177 1474 150 48 nyligen
1360 1473 122 37 blifvit
1515 1474 99 47 höjd,
1643 1475 78 35 icke
1749 1488 151 22 numera
1928 1475 107 36 hafva

427 1520 161 50 åsyftadt
613 1534 97 36 gagn
738 1522 40 36 af
801 1536 45 22 en
873 1523 102 49 dylik
1003 1524 169 44 revision,
1200 1530 41 43 ty
1267 1524 47 36 då
1341 1525 113 47 priset
1479 1528 21 32 å
1527 1525 165 36 inhemsk
1717 1526 166 47 spanmål
1902 1539 131 35 genom

428 1573 157 35 nämnda
624 1572 284 49 tullförhöjning
946 1573 124 37 blifvit
1109 1575 182 48 betydligt
1325 1575 121 44 ökadt,
1476 1576 71 35 kan
1575 1575 70 36 den
1673 1576 154 36 svenska
1849 1576 184 46 jästindu-

428 1622 122 44 strien,
592 1623 109 36 sedan
741 1625 227 48 tullskyddet
999 1624 58 36 för
1084 1624 128 48 sjelfva
1238 1626 285 47 tillverkningen
1552 1626 154 36 sålunda
1733 1626 192 44 bortfallit,
1954 1628 79 35 icke

428 1672 123 37 vidare
592 1674 155 35 uthärda
787 1675 115 35 täflan
941 1675 82 36 med
1064 1675 114 36 andra
1217 1676 139 44 länder,
1390 1676 64 36 der
1480 1677 169 46 billigare
1677 1678 260 47 spanmålspris
1965 1678 67 35 och

427 1725 99 45 lägre
553 1725 298 47 spanmålstullar
878 1733 62 28 äro
966 1726 170 36 rådande.
1191 1726 131 37 Såvida
1349 1728 80 35 icke
1455 1727 120 36 denna
1598 1727 161 36 industri
1779 1728 91 36 skall
1888 1732 47 42 gå
1953 1734 81 29 rent

426 1774 40 36 af
503 1774 127 45 under,
670 1778 114 33 måste
816 1776 72 36 den
919 1776 115 36 återfå
1061 1790 137 23 samma
1224 1777 133 49 skydd,
1385 1778 68 35 den
1481 1777 103 37 förut
1610 1778 92 36 hade
1730 1779 117 35 under
1874 1779 45 35 de
1946 1779 87 35 tull-

426 1825 263 45 förhållanden,
718 1839 76 23 som
824 1840 88 23 voro
938 1827 163 36 rådande
1129 1831 40 32 år
1199 1830 106 34 1894.

428 1892 234 47 Tullafgifter
687 1893 56 36 för
770 1893 70 36 den
868 1896 164 46 spanmål
1059 1895 65 35 och
1152 1895 237 48 potatismjöl,
1418 1909 76 22 som
1522 1899 105 44 åtgår
1654 1895 57 37 för
1739 1896 240 49 tillverkning
1997 1896 40 36 af

529 1945 16 33 1
576 1943 179 49 kilogram
784 1945 180 47 pressjäst,
993 1949 152 45 uppgår,
1175 1949 116 32 såsom
1320 1945 110 37 ofvan
1458 1953 39 29 är
1524 1946 166 45 nämndt,
1714 1947 94 35 till...
1841 1949 90 43 19,59
1959 1954 72 29 öre.

427 1992 69 37 Om
524 1994 123 36 dertill
673 1996 124 47 lägges
825 2008 138 23 samma
990 1996 189 49 tullskydd
1208 1996 55 36 för
1291 1997 295 47 tillverkningen,
1620 2010 78 23 som
1721 1997 93 47 jäst-

525 2045 206 36 industrien
760 2047 134 35 hittills
921 2047 162 47 åtnjutit,
1103 2047 256 36 motsvarande
1377 2047 59 37 för
1457 2049 17 33 1
1495 2048 180 46 kilogram
1696 2061 118 34 press-

519 2096 76 46 ES
880 2128 939 7 Fn
1852 2101 91 42 10,00
1993 2114 13 18 >

425 2163 127 36 vinnes
580 2176 43 23 en
652 2165 68 35 tull
748 2178 64 35 per
839 2164 179 48 kilogram
1047 2165 171 49 pressjäst
1244 2164 39 36 Af
1297 2197 511 5 =mnnnssssmssmmmsseereerssoonon
1763 2159 49 59 anna
1840 2168 92 43 29,59
1960 2174 72 37 öre,

426 2231 85 35 eller
539 2231 11 35 i
577 2232 113 35 rundt
716 2233 51 34 tal
794 2232 41 36 af
859 2233 53 36 30
939 2238 69 39 öre,
1037 2233 172 36 hvarmed
1233 2233 282 47 jästindustrien
1543 2234 72 35 kan
1646 2234 142 36 räddas.
