1932 2838
297 190 17 26 4
464 187 116 29 Första
605 186 199 28 kammarens
821 182 136 39 första
978 180 163 39 tillfälliga
1163 180 134 29 utskotts
1320 178 164 30 utlåtande
1507 178 51 29 Nr
1584 177 26 30 7.

971 413 66 37 Nr
1065 412 39 36 7.

826 522 109 23 Ankom
954 521 42 23 till
1015 520 160 29 riksdagens
1194 519 90 23 kansli
1304 519 53 23 den
1379 518 30 23 17
1429 523 72 17 mars
1524 516 66 24 1936
1609 516 36 24 kl.
1667 515 15 24 3
1702 521 22 18 e.
1745 521 36 18 m.

378 615 116 29 Första
522 614 199 28 kammarens
747 611 156 38 första
926 608 164 39 tillfälliga
1114 608 133 29 utskotts
1272 606 165 30 utlåtande
1461 614 39 21 nr
1527 604 58 38 7,i
1605 603 175 38 anledning

549 675 39 21 av
610 665 90 30 väckt
722 664 119 30 motion
863 663 164 38 angående
1050 661 157 38 enhetliga
1228 659 298 39 legosängsavgifter
1558 658 10 29 å
1590 658 121 29 allmän
1733 656 49 30 sal

549 719 20 29 å
590 719 126 30 lasarett
737 718 58 29 och
819 717 130 29 därmed
969 715 168 30 Vikställda
1158 714 152 38 sjukhus.

336 820 17 29 I
375 828 40 20 en
435 819 93 29 inom
548 817 106 30 första
673 817 196 29 kammaren
888 814 104 30 väckt
1013 813 63 30 och
1096 812 53 30 till
1169 812 73 30 dess
1263 812 107 29 första
1390 810 168 38 tillfälliga
1578 809 134 30 utskott
1731 808 52 30 för

293 872 205 38 behandling
525 871 166 29 hänvisad
718 869 138 37 motion,
885 877 40 21 nr
952 868 73 37 169,
1054 867 89 29 hava
1169 866 115 29 herrar
1311 864 158 30 Källman
1497 863 63 30 och
1588 862 195 30 Damielsson

294 925 182 37 hemställt,
493 927 53 27 att
559 924 177 37 riksdagen
750 922 107 30 måtte
869 922 12 29 i
895 921 158 31 skrivelse
1067 920 52 29 till
1131 919 125 38 Kungl.
1271 918 102 39 Maj:t
1387 917 135 30 anhålla
1536 926 56 20 om
1605 915 179 38 utredning

295 980 62 29 och
376 979 125 37 förslag
521 977 171 38 angående
711 975 167 38 enhetliga
895 973 320 39 legosängsavgifter
1234 972 20 30 å
1274 972 125 29 allmän
1418 971 49 30 sal
1487 970 19 30 å
1527 969 155 38 samtliga
1699 969 84 30 lasa-

294 1034 70 29 rett
386 1032 61 30 och
471 1031 139 30 därmed
630 1030 171 30 likställda
823 1029 149 38 sjukhus.

337 1087 17 28 I
377 1086 165 29 avseende
564 1084 19 30 å
604 1083 242 37 motiveringen
866 1082 52 30 får
938 1081 171 30 utskottet
1129 1079 143 30 hänvisa
1293 1078 53 30 till
1366 1077 182 30 motionen.

338 1139 189 37 Utskottet,
556 1146 71 21 som
652 1137 111 30 berett
788 1135 150 30 Svenska
964 1133 277 31 stadsförbundet
1267 1132 62 30 och
1355 1131 152 30 Svenska
1531 1129 252 38 landstingsför-

296 1193 129 29 bundet
448 1191 131 30 tillfälle
604 1192 51 28 att
680 1189 52 30 till
756 1190 168 29 utskottet
941 1188 174 29 inkomma
1131 1187 78 29 med
1225 1185 186 39 yttranden
1428 1186 80 28 över
1524 1183 182 37 motionen,
1724 1183 62 29 har

294 1246 77 30 från
395 1247 95 28 dessa
514 1243 340 38 sammanslutningar
875 1242 68 30 fått
966 1243 154 35 mottaga
1142 1239 202 30 utlåtanden
1366 1238 11 29 i
1400 1238 149 30 ärendet.

337 1299 96 30 Båda
468 1297 385 37 sammanslutningarna
886 1296 90 29 hava
1011 1293 157 39 avstyrkt
1203 1293 182 29 motionen.

338 1353 151 29 Svenska
516 1350 370 38 landstingsförbundet
913 1349 62 29 har
1004 1347 122 37 anfört,
1155 1347 105 29 bland
1289 1347 114 35 annat,
1432 1344 161 39 följande.

340 1450 169 38 Styrelsen
540 1450 99 36 hyser
658 1448 210 38 synnerligen
887 1446 173 37 allvarliga
1079 1444 268 37 betänkligheter
1366 1444 71 28 mot
1457 1444 53 28 att
1529 1442 45 37 på
1594 1443 69 28 sätt
1681 1439 105 32 förut-

297 1497 85 28 satts
411 1494 6 29 i
440 1494 174 29 motionen
638 1493 157 29 avhända
818 1491 214 37 landstingen
1056 1489 313 30 beslutanderätten
1392 1487 11 29 i
1427 1489 51 27 ett
1502 1487 138 37 mycket
1663 1486 125 37 viktigt

296 1539 174 30 avseende.
491 1537 279 31 Bestämmandet
789 1545 43 21 av
850 1534 318 39 legosängsavgifter
1186 1534 61 28 har
1266 1532 168 37 nämligen
1453 1531 98 30 alltid
1570 1532 127 28 ansetts
1717 1539 71 21 som

296 1593 42 20 en
362 1583 235 38 betydelsefull
621 1581 200 38 befogenhet
848 1581 51 29 för
914 1579 223 37 landstingen.
1155 1578 62 29 Att
1234 1577 59 29 vid
1309 1576 186 30 fixerandet
1512 1584 44 21 av
1573 1575 95 30 dessa
1685 1575 103 38 avgif-

297 1631 51 27 ter
365 1628 88 29 olika
469 1626 258 38 uppfattningar
743 1626 11 28 i
771 1625 107 30 skilda
895 1624 91 29 delar
1003 1632 43 21 av
1062 1623 115 29 landet
1193 1622 90 38 gjort
1301 1621 48 38 sig
1364 1620 154 39 gällande
1536 1622 37 27 är
1588 1619 70 30 helt
1674 1621 114 28 natur-

296 1673 71 37 ligt.
394 1673 217 29 Gemensamt
634 1671 52 28 för
710 1670 66 29 alla
799 1668 217 30 kommunala
1041 1667 242 38 sjukhusägare
1307 1668 37 27 är
1368 1664 195 37 emellertid,
1590 1666 52 27 att
1667 1664 40 29 de
1732 1664 57 28 vid

297 1716 252 31 fastställandet
568 1724 42 21 av
627 1713 362 39 legosängsavgifterna
1006 1712 53 29 för
1075 1710 335 37 inomlänspatienter
1427 1709 117 37 utgått
1561 1708 76 29 från
1655 1710 52 27 att
1725 1708 65 29 den

298 1761 292 37 landstingsskatt,
621 1758 189 38 respektive
839 1756 301 37 kommunalskatt,
1172 1756 89 28 samt
1292 1754 64 29 den
1386 1752 299 39 sjukvårdsavgift,
1718 1760 72 22 som

299 1806 114 37 gäldas
432 1805 52 30 till
501 1805 274 38 sjukhusägaren,
795 1805 36 27 är
849 1804 51 28 att
917 1801 160 30 betrakta
1094 1808 71 21 som
1183 1801 50 27 ett
1252 1798 85 38 slags
1355 1798 11 28 i
1382 1798 135 29 hälsans
1536 1798 104 36 dagar
1656 1797 134 37 erlagda

299 1849 356 38 försäkringspremier,
680 1848 100 37 vilka,
807 1847 42 29 då
871 1847 111 29 behov
1006 1854 43 21 av
1073 1843 227 40 sjukhusvård
1321 1842 150 29 inträder
1494 1842 62 29 och
1579 1841 211 38 följaktligen

299 1893 365 39 betalningsförmågan
684 1892 158 37 minskas,
863 1892 82 28 böra
965 1889 169 38 berättiga
1154 1887 250 31 vederbörande
1426 1888 53 28 att
1499 1887 73 29 mot
1593 1894 41 21 en
1655 1894 134 30 synner-

298 1940 88 37 ligen
404 1939 55 37 låg
480 1938 108 38 avgift
608 1937 125 29 erhålla
752 1936 85 30 vård
856 1936 58 29 vid
934 1935 111 37 någon
1067 1943 42 20 av
1130 1931 349 40 sjukvårdsområdets
1501 1931 151 38 sjukhus.
1675 1930 113 37 Avgif-

300 1986 96 27 terna
410 1983 52 29 för
476 1981 335 38 inomlänspatienter
826 1983 56 26 äro
899 1979 100 30 också
1014 1979 11 28 i
1039 1978 88 38 regel
1142 1977 36 30 så
1192 1977 86 37 låga,
1296 1978 53 28 att
1365 1976 40 29 de
1419 1976 12 28 i
1446 1975 110 39 själva
1571 1975 117 29 verket
1703 1976 85 27 mot-

300 2036 98 22 svara
419 2027 74 29 icke
516 2035 57 21 ens
597 2026 129 29 hälften
748 2025 77 29 eller
848 2023 206 39 tredjedelen
1077 2031 43 21 av
1142 2022 281 38 sjukhusägarens
1446 2019 272 39 självkostnader
1739 2018 52 30 för

300 2072 136 30 vården.
461 2070 218 31 Beträffande
701 2068 384 38 utomlänspatienterna
1107 2067 89 29 hava
1218 2065 73 30 icke
1315 2073 128 22 samma
1466 2064 73 29 skäl
1561 2063 53 30 för
1634 2063 76 38 låga
1733 2072 57 21 av-

301 2117 98 37 gifter
417 2115 212 37 förefunnits,
649 2114 114 30 varför
781 2122 79 21 man
879 2113 11 29 i
910 2112 184 30 allmänhet
1113 2110 211 31 beträffande
1344 2109 75 30 dem
1439 2108 178 38 stipulerat
1636 2108 153 38 avgifter,

301 2170 72 21 som
396 2160 11 29 i
431 2161 57 28 det
512 2161 169 28 närmaste
705 2158 78 30 eller
805 2158 70 29 helt
898 2157 96 29 täckt
1020 2155 264 39 dagkostnaden.
1312 2148 96 35 Även
1432 2154 50 28 ett
1507 2154 106 28 annat
1636 2152 73 30 skäl
1730 2152 62 29 har

302 2206 72 29 ofta
386 2213 66 29 nog
464 2204 199 30 medverkat
676 2203 52 29 till
741 2203 40 29 de
794 2203 51 28 för
859 2202 94 29 dessa
965 2201 169 38 patienter
1146 2200 11 29 i
1170 2200 89 29 vissa
1272 2199 60 29 fall
1345 2198 133 30 särskilt
1491 2198 88 37 höga
1592 2196 198 38 avgifterna,

301 2249 168 38 nämligen
491 2249 129 29 önskan
642 2249 52 28 att
717 2247 191 37 därigenom
930 2246 134 29 minska
1085 2243 282 37 tillströmningen
1389 2251 43 21 av
1453 2241 340 38 utomlänspatienter

302 2295 62 28 och
387 2294 141 29 sålunda
549 2293 12 28 i
584 2294 123 28 största
729 2291 136 39 möjliga
886 2290 235 37 utsträckning
1142 2288 185 30 förbehälla
1350 2287 184 38 sjukhusen
1555 2286 52 29 för
1630 2286 57 29 det
1709 2294 84 29 egna

301 2339 106 29 länets
429 2338 171 29 invånare.

345 2383 111 37 Något
478 2382 168 30 missbruk
667 2389 43 21 av
732 2380 50 30 sin
802 2380 200 37 befogenhet
1024 2380 53 28 att
1097 2377 169 30 fastställa
1285 2375 320 39 legosängsavgifter
1624 2375 69 28 kan
1713 2383 80 21 man

303 2428 150 37 tydligen
471 2427 28 38 ej
519 2427 98 37 lägga
633 2425 213 37 landstingen
863 2424 51 29 till
930 2424 76 29 last.
1026 2424 174 28 Fastmera
1217 2422 91 29 hava
1326 2421 94 29 dessa
1437 2428 121 30 genom
1577 2419 50 29 sin
1643 2419 149 29 humana

303 2471 245 38 avgiftspolitik
574 2470 145 37 bidragit
746 2471 52 28 att
825 2471 79 36 göra
920 2468 77 30 vårt
1013 2468 80 29 land
1109 2467 51 29 till
1176 2468 50 27 ett
1243 2464 256 39 föregångsland
1515 2464 71 37 just
1601 2464 11 28 i
1628 2463 94 38 fråga
1739 2471 54 20 om
