1914 2832
278 155 20 28 4
553 148 403 40 Bevillningsutskottets
977 146 218 31 betänkande
1215 155 41 20 nr
1276 146 42 29 35
1338 145 39 30 år
1399 145 84 30 1970

323 230 492 41 Lokaliseringsutredningen
845 230 63 29 har
939 229 10 30 i
981 231 48 27 ett
1058 228 11 30 i
1100 228 187 30 november
1320 226 82 31 1969
1435 226 177 30 avlämnat
1643 225 118 30 betän-

278 287 115 30 kande
415 285 271 39 Lokaliserings-
711 285 64 29 och
798 283 280 40 regionalpolitik
1107 282 101 35 (SOU
1235 281 173 34 1969:49)
1437 281 117 31 berört
1578 280 88 30 bl.a.
1693 279 69 30 frå-

279 350 66 31 gan
375 350 55 20 om
461 340 284 40 skattepolitiken
776 347 73 21 som
881 340 46 27 ett
958 337 111 30 medel
1100 338 49 28 att
1181 336 245 30 åstadkomma
1457 344 42 21 en
1531 333 230 31 eftersträvad

280 396 158 40 styrning
456 405 41 20 av
516 394 134 39 företag
668 394 64 29 och
753 392 266 40 sysselsättning
1038 392 52 29 till
1109 391 92 29 vissa
1222 390 161 40 speciella
1403 389 208 30 landsdelar.
1633 389 13 28 I
1668 389 93 39 prin-

278 450 54 40 cip
353 450 112 29 skulle
486 449 94 29 detta
600 448 106 39 enligt
726 447 249 39 utredningens
996 445 227 40 uppfattning
1244 445 120 29 kunna
1386 444 60 29 ske
1468 444 105 38 enligt
1593 444 11 29 i
1626 443 135 29 huvud-

278 505 64 29 sak
360 503 57 31 två
436 503 93 30 olika
550 502 114 40 linjer,
686 502 176 39 nämligen
884 500 164 39 antingen
1070 507 122 32 genom
1215 500 49 28 att
1286 498 44 41 på
1352 497 104 41 något
1479 498 68 29 sätt
1569 497 115 30 lindra
1705 497 55 29 be-

278 559 223 38 skattningen
522 558 91 29 inom
638 556 391 40 sysselsättningssvaga
1050 553 166 30 områden
1238 553 81 30 eller
1342 561 122 31 genom
1487 553 48 29 att
1559 559 39 32 ge
1620 551 140 30 särskil-

278 613 45 30 da
347 611 294 32 skatteförmåner
665 610 55 30 för
745 610 135 39 företag
902 609 11 30 i
938 608 170 31 samband
1132 608 79 30 med
1236 609 49 28 att
1310 607 103 29 dessa
1436 607 191 29 investerar
1651 605 113 30 medel

276 669 9 29 i
310 668 118 39 dylika
452 666 166 40 regioner.
643 665 238 39 Utredningen
906 663 101 30 anför
1030 663 89 29 bl.a.

320 739 196 30 Teoretiskt
535 747 81 21 vore
636 737 56 30 det
712 737 143 39 givetvis
875 736 137 39 möjligt
1032 737 50 28 att
1102 735 46 30 ha
1169 744 41 20 en
1231 734 94 40 lägre
1346 734 183 30 statsskatt
1551 733 54 29 för
1627 733 134 38 företag

276 786 95 29 inom
392 785 92 29 vissa
506 784 94 30 delar
622 793 42 20 av
684 783 128 33 landet,
834 791 81 21 men
936 781 231 39 utredningen
1190 780 38 30 är
1249 780 72 29 inte
1342 779 129 30 beredd
1494 780 50 29 alt
1568 778 192 39 framlägga

277 831 130 39 förslag
425 831 10 29 i
456 830 113 29 denna
588 828 166 40 riktning.
776 828 52 29 En
848 827 108 30 sådan
976 826 196 40 ”regional”
1195 825 241 40 skattepolitik
1456 825 37 28 är
1515 823 145 31 förenad
1681 823 79 29 med

277 876 37 28 så
336 877 93 27 stora
449 874 304 38 komplikationer,
777 875 49 26 att
849 873 65 28 den
937 871 107 29 redan
1067 880 40 19 ur
1130 870 162 29 tekniska
1316 869 218 39 synpunkter
1557 877 101 30 synes
1682 868 78 29 svår

276 921 50 28 att
348 918 213 41 genomföra.
584 917 127 31 Vidare
734 917 37 29 är
794 916 268 40 möjligheterna
1084 915 52 30 till
1160 913 265 40 avskrivningar
1449 912 45 41 på
1518 912 242 40 anläggnings-

276 965 185 39 tillgångar
489 964 64 29 och
581 963 252 38 nedskrivning
862 971 41 20 av
931 961 182 38 varulager
1143 962 89 27 samt
1262 959 239 38 avsättningar
1531 958 53 29 till
1613 958 147 29 investe-

275 1010 223 39 ringsfonder
521 1009 37 29 så
582 1011 101 31 stora,
708 1009 50 28 att
781 1007 268 38 beskattningen
1074 1015 41 19 av
1139 1014 49 21 ev.
1212 1004 285 39 företagsvinster
1522 1004 175 38 knappast
1723 1003 37 28 är

276 1056 103 39 något
397 1064 42 21 av
456 1055 41 29 de
514 1055 128 29 största
657 1053 204 40 problemen
876 1052 58 29 vid
951 1050 225 39 lokalisering
1194 1050 52 29 till
1266 1048 247 31 stödområdet.

320 1102 64 29 Det
405 1100 110 30 andra
537 1100 108 38 slaget
665 1108 41 20 av
729 1097 302 31 skattestimulans
1052 1114 44 2 —
1118 1095 172 31 särskilda
1314 1093 293 31 skatteförmåner
1631 1092 55 30 för
1710 1092 49 30 fö-

275 1149 96 36 retag
387 1146 58 29 vid
463 1145 99 29 deras
579 1144 252 38 investeringar
849 1144 10 28 i
878 1141 234 30 stödområdet
1130 1158 44 3 —
1192 1149 101 30 synes
1312 1141 10 28 i
1341 1139 65 29 och
1425 1138 53 30 för
1499 1139 50 38 sig
1567 1138 125 29 lättare
1710 1140 48 26 att

275 1190 204 42 genomföra
505 1190 64 30 och
597 1189 112 30 skulle
736 1189 146 38 troligen
910 1186 106 30 också
1041 1186 46 29 ha
1115 1186 110 29 större
1254 1184 119 30 effekt.
1401 1183 192 40 Företagen
1621 1183 70 29 kan
1720 1182 39 39 ju

274 1237 177 39 nämligen
471 1237 10 28 i
503 1236 94 29 detta
619 1234 61 30 fall
702 1233 80 30 från
803 1233 126 39 början
951 1232 155 29 beräkna
1127 1230 121 30 värdet
1270 1239 41 20 av
1335 1229 357 32 skattestimulansen,
1716 1227 44 30 då

275 1283 94 29 detta
390 1281 107 30 värde
517 1281 72 29 inte
612 1280 38 29 är
673 1278 171 31 beroende
867 1287 41 20 av
931 1277 66 30 den
1021 1276 167 30 framtida
1211 1275 339 38 vinstutvecklingen
1574 1274 11 29 i
1610 1273 58 30 det
1691 1282 69 30 nya

275 1328 179 38 företaget.

319 1373 53 28 En
393 1370 227 31 skattefördel
642 1379 42 20 av
706 1370 93 28 detta
822 1369 72 38 slag
917 1367 112 30 skulle
1052 1367 120 28 kunna
1195 1366 226 29 konstrueras
1446 1364 46 33 så,
1517 1366 50 27 ait
1591 1363 168 39 företaget

275 1418 73 29 fick
371 1417 68 29 rätt
464 1418 50 28 att
538 1415 161 30 använda
723 1413 225 30 obeskattade
972 1411 206 30 vinstmedel
1203 1410 58 30 vid
1286 1409 252 39 investeringar
1563 1409 11 29 i
1600 1408 92 30 vissa
1718 1417 41 20 av

276 1462 275 31 statsmakterna
578 1459 183 31 bestämda
790 1458 167 40 regioner.
989 1456 125 31 Starka
1143 1455 76 30 skäl
1250 1463 102 32 synes
1383 1454 122 30 kunna
1534 1453 142 30 anföras
1707 1452 54 29 för

275 1510 50 27 att
347 1508 108 38 skapa
477 1516 41 20 en
541 1506 107 29 sådan
671 1505 157 37 ordning.
852 1503 51 29 Då
924 1502 232 38 utredningen
1178 1502 87 28 trots
1287 1500 94 29 detta
1403 1500 72 28 inte
1497 1499 38 29 är
1558 1498 128 30 beredd
1709 1500 49 27 att

274 1552 129 30 föreslå
425 1551 160 39 åtgärder
607 1551 11 28 i
642 1550 113 29 denna
777 1548 167 39 riktning,
969 1548 38 28 är
1030 1546 110 30 skälet
1164 1546 71 29 helt
1261 1545 114 30 enkelt
1400 1544 66 33 det,
1492 1546 50 27 att
1567 1544 66 29 den
1657 1552 101 20 anser

274 1598 56 29 det
347 1599 73 28 inte
436 1596 215 38 nödvändigt
668 1595 79 30 med
766 1593 119 39 dylika
901 1592 273 30 bestämmelser.
1192 1589 210 30 Nuvarande
1419 1588 264 30 bestämmelser
1702 1596 56 21 om

274 1642 199 38 avsättning
497 1641 51 29 till
574 1641 65 28 och
664 1639 223 38 användning
913 1647 42 20 av
978 1635 357 39 investeringsfonder
1361 1634 98 30 torde
1485 1633 175 39 nämligen
1686 1632 72 29 helt

274 1689 122 28 kunna
414 1687 182 39 tillgodose
615 1685 42 30 de
677 1684 115 40 syften
813 1693 41 20 en
875 1680 350 42 speciallagstiftning
1246 1689 42 20 av
1308 1688 89 20 ovan
1418 1678 132 40 antydd
1572 1679 52 28 art
1646 1677 113 30 skulle

274 1732 141 39 främja.
431 1732 116 29 Under
564 1730 132 30 sådana
712 1728 244 30 förhållanden
975 1735 101 30 synes
1094 1726 56 29 det
1167 1725 142 38 onödigt
1327 1726 49 27 att
1393 1724 201 39 ytterligare
1611 1722 146 39 kompli-

274 1787 78 21 cera
368 1777 62 30 vår
449 1774 335 41 skattelagstiftning
803 1773 79 29 med
900 1770 262 32 bestämmelser
1183 1779 42 20 av
1243 1769 147 39 angiven
1409 1768 180 32 innebörd.

319 1822 183 38 Samtidigt
522 1830 73 20 som
615 1819 231 38 utredningen
865 1819 72 28 inte
954 1817 59 29 vill
1033 1816 141 29 förorda
1194 1814 114 39 någon
1329 1812 349 41 speciallagstiftning
1698 1812 59 29 vill

273 1868 67 30 den
361 1867 90 30 dock
470 1865 235 39 understryka
726 1862 294 40 angelägenheten
1043 1870 42 20 av
1106 1862 50 27 att
1177 1858 405 40 investeringsfonderna
1602 1858 11 29 i
1637 1857 45 29 all
1706 1858 51 27 ut-

274 1913 203 38 sträckning
498 1920 71 21 som
593 1911 37 28 är
652 1909 123 39 möjlig
796 1907 156 30 används
975 1915 74 20 som
1071 1903 403 40 lokaliseringspolitiskt
1498 1902 185 40 styrmedel
1706 1902 51 29 in-

273 1968 56 19 om
350 1956 246 31 stödområdel.
617 1955 64 29 Det
702 1962 102 31 synes
824 1953 71 29 inte
914 1951 166 30 uteslutet
1102 1951 50 28 att
1171 1949 196 39 betydande
1387 1948 146 30 resultat
1554 1947 203 39 härigenom

274 2003 89 30 skall
378 2003 121 28 kunna
514 2001 73 29 nås.

273 2113 101 33 Prop.
389 2110 94 29 1970:
499 2110 37 28 41

318 2174 188 37 Förslagen
526 2171 11 29 i
556 2169 264 41 propositionen
843 2167 98 30 1970:
957 2166 39 29 41
1019 2165 154 40 grundas
1193 2164 46 40 på
1260 2166 48 28 ett
1328 2173 41 20 av
1389 2162 370 39 TEKO-utredningen

272 2228 12 30 i
308 2226 139 40 augusti
472 2224 83 31 1969
579 2224 134 39 avgivet
736 2220 278 32 delbetänkande
1043 2218 145 35 (Stencil
1212 2219 13 28 I
1252 2217 149 34 1969:6)
1430 2216 65 31 och
1518 2216 45 40 på
1587 2225 42 21 en
1653 2215 106 30 fram-

272 2281 165 38 ställning
459 2279 52 30 till
533 2277 124 31 chefen
680 2277 54 30 för
756 2275 430 39 industridepartementet
1210 2272 80 29 från
1314 2271 323 39 organisationerna
1660 2270 95 29 inom

271 2336 68 29 den
354 2333 176 30 manuella
548 2331 261 40 glasindustrin.

316 2389 13 29 I
345 2387 260 41 propositionen
622 2384 119 30 berörs
759 2384 41 29 de
815 2382 126 30 hittills
957 2381 165 39 vidtagna
1140 2379 138 40 statliga
1296 2378 208 40 åtgärderna
1523 2377 54 30 för
1595 2379 49 28 att
1664 2377 91 30 stöd-

269 2444 38 39 ja
330 2439 386 33 TEKO-industrierna.
743 2437 50 30 Bl.
808 2446 28 20 a.
863 2437 126 29 nämns
1015 2433 240 41 frisläppande
1281 2442 42 20 av
1347 2426 409 49 investeringsfondsme-

272 2497 54 29 del
343 2496 65 29 och
426 2495 131 38 statligt
575 2490 333 39 lokaliseringsstöd.
928 2489 13 29 I
962 2488 90 40 syfte
1071 2490 49 27 att
1140 2488 67 29 öka
1226 2486 310 40 sysselsättningen
1557 2485 64 29 och
1641 2484 114 30 åstad-
