2214 2632
652 138 384 31 Konstitutionsutskottets
1060 141 160 30 memorial
1244 140 51 30 Nr
1323 142 47 30 13.
1750 142 18 28 D

203 230 97 38 ägna
341 224 297 47 ansökningarna
678 226 69 34 den
789 226 199 48 grundliga
1029 228 237 46 behandling,
1309 241 76 22 som
1427 241 63 22 var
1518 229 164 47 påkallad
1714 232 8 33 i
1753 231 58 35 be-

206 273 196 36 traktande
443 288 44 22 av
528 276 69 34 den
638 276 130 48 tyngd,
812 276 82 35 med
936 277 120 35 vilken
1098 278 70 35 den
1209 279 210 35 anbefallda
1460 280 348 49 kommenderingen

206 323 201 36 nmerendels
448 325 186 36 drabbade
675 326 44 35 de
760 328 256 47 värnpliktiga,
1056 334 94 29 samt
1182 329 61 35 det
1270 330 237 35 ekonomiska
1534 330 169 44 avbräck,
1733 344 77 23 som

202 372 73 36 den
315 375 156 45 givetvis
512 378 9 32 i
564 379 133 45 många
725 376 65 36 fall
820 381 115 32 måste
963 379 104 35 vålla.
1123 378 221 49 Betydelsen
1372 393 43 22 av
1442 380 104 35 dessa
1574 382 238 46 olägenheter

203 424 104 35 torde
348 426 215 47 tillräckligt
606 427 145 47 belysas
792 428 110 34 redan
943 441 131 34 genom
1113 430 147 34 erinran
1301 429 137 44 därom,
1471 435 53 29 att
1551 432 260 35 inkallelserna

202 475 157 34 sträckte
400 476 55 46 sig
482 476 90 35 ända
602 477 154 34 tillbaka
784 478 57 34 till
870 479 201 34 ärsklassen
1104 481 106 41 1908,
1240 492 78 22 som
1348 481 11 32 i
1387 481 97 45 regel
1513 480 174 36 omfattar
1714 482 95 43 dem,

202 537 78 22 som
321 532 63 27 äro
414 524 110 36 födda
555 528 93 33 1887
678 527 68 34 och
774 528 106 34 alltså
908 528 118 34 under
1056 530 94 33 1916
1179 528 119 48 fyllde
1327 531 45 32 29
1401 533 49 31 år.
1506 529 70 36 Det
1604 530 68 35 bör
1700 531 111 36 fram-

204 574 126 43 hållas,
372 581 52 28 att
465 594 48 4 -—
541 576 119 35 ehuru
688 578 239 45 preliminära
955 577 264 36 meddelanden
1248 592 59 22 om
1337 579 70 35 den
1435 579 157 36 avsedda
1620 581 190 35 kommen-

204 624 178 47 deringen
413 625 111 35 redan
552 625 156 47 tidigare
735 627 104 35 torde
866 628 181 34 tillställts
1077 627 43 36 de
1143 629 252 47 värnpliktiga
1431 620 28 61 —
1481 633 45 44 på
1544 630 122 47 grund
1687 644 42 22 av
1749 631 62 36 det

200 679 86 38 sätt,
316 687 113 35 varpa
456 678 246 45 uttagningen
727 677 240 44 anordnades,
988 678 114 46 själva
1119 679 262 35 inkallelserna
1400 680 153 35 sålunda
1573 679 93 38 först
1686 687 53 30 ett
1758 682 53 35 få-

200 725 50 34 tal
281 724 129 48 dagar
421 725 78 36 före
528 726 69 36 den
627 727 189 48 tidpunkt,
845 727 45 36 då
917 728 178 36 kurserna
1123 735 86 42 togo
1238 731 56 34 sin
1318 730 141 47 början,
1481 732 147 34 kommo
1648 732 82 35 dem
1751 734 59 33 till

200 774 131 35 handa.
386 775 109 36 Aven
538 780 46 45 på
617 777 68 36 den
717 778 158 35 militära
902 779 254 48 anordningen
1185 793 43 22 av
1256 781 410 47 utbildningskurserna
1694 786 116 32 måste

196 824 124 36 denna
348 828 247 46 otillräckliga
623 828 167 48 tidrymd
818 830 132 34 mellan
979 829 178 36 beslutets
1185 830 166 36 fattande
1374 831 66 35 och
1467 832 196 35 kursetnas
1683 833 128 46 början

200 875 92 35 hava
332 883 222 42 ogynnsamt
594 879 182 35 inverkat.
832 879 129 35 Därest
1002 879 130 47 frågan
1173 880 93 36 hade
1294 880 193 49 framlagts
1515 881 58 36 för
1599 882 209 48 riksdagen,

197 926 124 35 skulle
350 927 192 47 möjlighet
571 928 92 35 hava
692 928 227 36 förefunnits
948 935 52 29 att
1028 929 203 49 förebygga
1258 931 126 47 dylika
1412 932 213 47 uppenbara
1644 932 166 36 missför-

196 976 207 36 hållanden.

333 1026 84 36 Med
458 1027 203 50 anledning
701 1042 43 22 av
785 1029 70 35 vad
896 1030 155 35 sålunda
1079 1032 9 34 i
1119 1031 119 35 denna
1265 1030 104 49 fråga
1398 1031 233 37 förekommit
1658 1033 67 35 har
1752 1039 57 30 ut-

195 1077 140 35 skottet
375 1084 120 29 ansett
537 1080 56 46 sig
632 1079 88 36 böra
758 1087 91 41 göra
886 1082 168 34 anmälan
1096 1082 64 35 hos
1188 1081 194 48 riksdagen
1411 1083 118 47 enligt
1556 1081 23 45 8
1610 1085 68 34 107
1709 1097 99 34 rege-

197 1127 248 48 ringsformen
476 1135 76 29 mot
580 1128 268 50 föredragande
876 1131 404 47 departementschefen
1309 1132 194 36 statsrådet
1531 1133 157 36 Mörcke.

965 1285 70 33 2:0.

335 1379 72 36 Vid
446 1382 278 47 granskningen
765 1395 44 22 av
836 1384 405 47 statsrådsprotokollen
1273 1385 9 34 i
1311 1384 405 37 lantförsvarsärenden
1745 1386 65 35 har

198 1429 181 36 utskottet
413 1432 350 46 uppmärksammat,
796 1438 53 30 att
881 1433 136 48 Kungl.
1050 1433 105 48 Maj:t
1186 1435 12 34 i
1231 1440 53 30 ett
1312 1440 92 30 stort
1432 1437 98 34 antal
1558 1434 67 37 fall
1653 1436 68 35 och
1750 1437 58 35 till

198 1481 146 48 mycket
380 1481 211 48 betydande
622 1482 135 49 belopp
789 1485 142 34 anvisat
959 1484 119 36 medel
1106 1485 57 35 till
1192 1485 183 44 ändamål,
1405 1485 57 37 för
1488 1487 98 34 vilka
1613 1488 80 34 icke
1720 1486 88 36 fun-

198 1532 75 34 nits
314 1536 52 30 att
408 1532 106 46 tillgå
555 1545 43 23 av
638 1533 196 49 riksdagen
876 1535 182 46 beviljade
1098 1537 136 46 anslag.
1290 1535 114 37 Dessa
1443 1538 240 47 anvisningar
1714 1538 93 35 hava

196 1581 99 35 skett
322 1582 11 34 i
362 1582 69 35 den
461 1582 155 45 formen,
645 1589 53 30 att
725 1584 395 49 arméförvaltningens
1148 1587 109 35 civila
1276 1586 253 49 departement
1548 1588 259 49 bemyndigats

195 1637 56 30 att
277 1631 182 47 förskjuta
487 1633 181 49 beloppen
696 1634 59 36 för
782 1640 53 31 att
862 1635 207 36 sedermera
1096 1637 147 35 anmäla
1271 1637 83 36 dem
1383 1639 58 35 till
1469 1638 221 36 ersättande.

332 1682 14 35 I
387 1685 74 34 viss
500 1684 257 49 utsträckning
797 1686 90 35 hava
928 1686 125 49 dylika
1093 1687 419 49 förskottsanvisningar
1551 1689 112 35 sedan
1702 1690 105 47 länge

197 1732 236 37 förekommit
473 1735 100 35 inom
618 1736 72 34 alla
717 1736 267 47 departement,
1013 1738 69 34 och
1109 1738 99 35 intill
1236 1738 82 36 dess
1346 1744 54 30 att
1426 1739 178 36 särskilda
1630 1741 176 34 anstalter

194 1782 148 37 träffats
383 1783 57 36 för
467 1789 54 31 att
549 1785 134 36 bereda
711 1786 137 48 Kungl.
877 1787 104 48 Maj:t
1010 1788 118 35 medel
1156 1788 57 35 för
1240 1788 238 38 oförutsedda
1505 1789 165 49 utgifter,
1699 1790 106 36 torde

193 1834 104 35 detta
330 1833 212 38 förfarande
573 1836 79 35 icke
680 1837 124 35 kunna
832 1838 75 35 helt
936 1839 190 35 undvikas.
1163 1838 83 36 Men
1276 1853 45 22 en
1351 1844 38 32 så
1416 1840 200 36 vidsträckt
1644 1841 162 35 använd-

194 1886 92 44 ning
314 1898 42 22 av
385 1884 349 38 förskottsmetoden
764 1901 78 22 som
871 1887 70 37 den
966 1902 44 22 av
1030 1889 137 49 Kungl.
1188 1889 106 47 Maj:t
1313 1903 50 23 nu
1382 1891 213 48 tillämpade
1615 1891 67 35 har
1700 1891 104 44 dock,

194 1935 113 35 såvitt
348 1936 180 36 utskottet
569 1938 149 44 känner,
761 1939 121 46 aldrig
921 1939 187 36 tillförene
1135 1945 63 43 ägt
1225 1954 95 31 rum,
1349 1942 68 35 och
1446 1941 72 36 den
1546 1945 115 33 måste
1689 1942 115 48 enligt

195 1987 198 35 utskottets
434 1989 152 46 mening
625 2001 105 23 anses
775 1993 118 32 såsom
939 1990 182 49 oförenlig
1160 1991 85 35 med
1271 1995 86 33 våra
1386 1992 244 48 grundlagars
1658 1994 146 47 princip

192 2049 62 22 om
295 2037 216 49 riksdagens
551 2040 234 46 anslagsrätt.
839 2040 188 36 Utskottet
1067 2041 66 35 har
1161 2041 228 37 fördenskull
1418 2042 126 36 funnit
1571 2044 57 47 sig
1655 2044 149 48 pliktigt

194 2092 54 30 att
288 2088 11 34 i
328 2087 70 36 den
427 2088 222 48 vedertagna
686 2089 144 37 formen
858 2104 44 23 av
930 2092 287 48 anmärkningar
1244 2094 116 46 enligt
1390 2095 68 34 107
1488 2092 23 45 8
1539 2093 266 49 regeringsfor-

197 2150 83 23 men
322 2144 87 42 göra
436 2141 170 34 anmälan
634 2153 60 22 om
723 2140 61 36 det
811 2146 149 44 system,
989 2154 78 24 som
1095 2143 13 34 i
1136 2142 102 36 detta
1265 2144 179 35 avseende
1471 2145 203 48 tillämpats
1700 2146 101 34 inom

193 2188 545 49 lantförsvarsdepartementet,
768 2194 38 33 så
833 2193 147 47 mycket
1006 2193 116 35 hellre
1150 2206 76 23 som
1256 2207 45 22 en
1329 2194 282 36 underlåtenhet
1638 2201 54 30 att
1714 2202 88 41 göra
