1878 2788
449 169 409 40 Bevillningsutskottets
885 166 221 31 betänkande
1132 175 43 20 nr
1199 166 52 29 62.
1572 163 40 31 25

92 254 357 32 realisationsförlust
479 253 57 30 får
566 253 102 39 göras
698 251 81 31 från
810 250 321 31 realisationsvinst
1161 250 84 29 eller
1276 248 224 34 lotterivinst,
1531 257 77 20 som

92 305 225 41 uppkommit
345 305 11 29 i
388 313 136 21 samma
552 302 258 31 förvärvskälla
841 311 76 20 som
945 300 410 31 realisationsförlusten.
1388 299 67 30 Om
1484 298 123 30 härvid

90 357 210 29 underskott
318 355 246 39 uppkommer,
582 353 56 31 får
656 354 97 29 detta
771 352 170 38 avdragas
963 351 81 30 från
1062 351 157 29 inkomst
1239 359 42 21 av
1299 358 120 21 annan
1438 349 176 29 förvärvs-

95 407 93 31 källa
211 407 148 30 allenast
383 406 11 29 i
417 406 68 29 den
507 403 250 39 utsträckning
778 412 75 21 som
875 404 13 29 i
910 402 42 30 46
978 402 15 37 $
1021 402 15 29 1
1060 410 106 21 mom.
1191 401 88 39 sägs.

763 487 52 30 till
836 486 42 30 46
903 486 27 37 8.

141 560 27 28 1.
194 558 73 30 Har
287 557 240 39 skattskyldig
651 573 44 3 —
719 554 244 41 skattepliktig
982 553 127 30 intäkt.

141 609 15 28 1
183 617 30 21 a.
239 609 54 29 Då
313 608 102 39 fråga
433 607 236 40 uppkommer
691 605 177 30 huruvida
892 605 66 29 och
981 605 80 29 med
1083 604 109 30 vilket
1217 603 126 40 belopp
1369 601 243 40 skattepliktig

94 658 319 31 realisationsvinst
437 657 114 40 ingått
575 658 10 28 i
610 656 146 30 taxerad
780 655 168 34 inkomst,
977 654 91 30 skall
1096 654 38 30 så
1160 663 113 24 anses,
1303 662 74 21 som
1404 662 57 20 om
1487 652 12 29 i
1524 651 42 30 46
1595 651 15 36 3

95 709 235 31 omförmälda
347 709 131 38 avdrag
502 708 10 29 i
534 708 112 29 första
668 706 95 30 hand
787 706 192 30 avräknats
1001 705 81 29 från
1105 713 119 21 annan
1246 704 67 29 den
1336 702 276 39 skattskyldiges

94 760 158 30 inkomst
276 760 113 29 under
411 757 333 39 beskattningsåret.

140 811 215 30 Underskott
377 809 57 31 vid
457 809 77 29 icke
555 807 240 41 yrkesmässig
817 806 179 40 avyttring
1018 815 41 20 av
1084 805 71 30 fast
1178 805 83 29 eller
1285 805 53 30 lös
1362 804 171 39 egendom
1555 802 59 30 må

97 862 170 39 avdragas
289 861 82 29 från
393 861 68 29 den
484 858 275 40 skattskyldiges
783 855 321 32 sammanräknade
1128 856 157 30 inkomst
1308 854 92 31 först
1423 854 109 29 sedan
1557 862 56 21 av-

97 913 86 38 drag
206 912 81 30 från
308 912 119 29 denna
453 910 158 30 inkomst
631 909 111 39 gjorts
769 907 57 31 för
849 907 182 30 allmänna
1056 907 130 38 avdrag
1214 915 43 21 av
1281 907 110 28 annat
1417 905 84 38 slag.

143 963 14 28 1
187 962 29 29 b.
255 962 67 29 Till
349 961 143 38 ledning
517 960 58 30 vid
605 958 271 40 tillämpningen
902 967 43 21 av
970 956 315 31 bestämmelserna
1311 964 58 21 om
1397 954 221 39 avdragsrätt

97 1013 57 30 för
175 1012 211 31 underskott
410 1012 20 30 å
452 1011 76 30 icke
551 1009 241 41 yrkesmässig
813 1007 181 41 avyttring
1017 1017 44 20 av
1083 1007 71 30 fast
1178 1007 85 29 eller
1284 1006 52 30 lös
1361 1006 170 38 egendom
1555 1014 61 20 an-

97 1064 97 30 föras
214 1063 159 39 följande
394 1061 172 40 exempel:

143 1114 36 34 a)
209 1114 76 29 Den
308 1111 257 40 skattskyldige
586 1112 61 38 gör
670 1110 83 30 1952
777 1119 42 21 en
840 1108 355 31 realisationsförlust
1219 1107 20 30 å
1263 1107 39 29 15
1317 1106 64 30 000
1401 1106 134 29 kronor
1558 1105 56 30 vid

99 1163 215 40 försäljning
340 1172 43 21 av
410 1171 44 21 en
481 1162 13 29 i
520 1161 378 30 hemortskommunen
928 1159 145 38 belägen
1103 1157 177 39 fastighet,
1314 1166 74 20 som
1418 1156 71 29 han
1519 1155 98 29 inne-

98 1214 79 31 haft
196 1224 76 20 mer
291 1215 46 29 än
358 1213 58 40 sju
432 1221 82 21 men
536 1212 138 30 mindre
696 1212 45 29 än
761 1210 74 30 åtta
858 1210 50 30 år.
931 1209 187 39 Samtidigt
1140 1209 61 38 gör
1222 1208 71 29 han
1313 1216 45 21 en
1378 1206 239 30 realisations-

99 1265 94 31 vinst
220 1265 58 30 vid
304 1263 216 40 försäljning
547 1271 43 22 av
617 1261 123 34 aktier,
768 1270 75 20 som
872 1260 72 30 han
970 1259 162 30 innehaft
1159 1259 141 29 kortare
1329 1257 53 30 tid
1408 1258 45 28 än
1480 1256 59 30 två
1567 1255 49 35 år,

98 1316 21 30 å
145 1315 95 30 3000
267 1315 142 29 kronor.
434 1312 329 39 Beskattningsåret
790 1310 84 31 1949
902 1310 65 30 har
994 1310 67 29 den
1087 1308 256 40 skattskyldige
1369 1306 150 40 åtnjutit
1544 1315 73 21 rea-

99 1365 258 30 lisationsvinst
394 1364 58 30 vid
490 1362 216 40 försäljning
746 1371 43 20 av
814 1360 169 39 fastighet
1010 1360 12 29 i
1050 1359 379 30 hemortskommunen
1452 1357 20 30 å
1502 1356 115 30 10000

100 1417 142 33 kronor,
268 1416 117 29 vilken
410 1415 12 29 i
451 1414 54 30 sin
529 1413 119 29 helhet
673 1412 207 30 beskattats.
909 1411 77 29 Den
1013 1409 255 39 skattskyldige
1295 1409 131 29 åsättes
1455 1416 44 21 av
1525 1409 94 27 taxe-

100 1465 279 40 ringsnämnden
406 1464 39 30 år
474 1463 84 30 1953
582 1462 161 39 taxering
770 1461 55 30 för
850 1470 43 21 en
918 1460 146 30 taxerad
1088 1460 158 29 inkomst
1271 1468 43 19 av
1338 1458 113 39 tjänst
1476 1457 21 29 å
1523 1456 95 30 7000

100 1517 142 29 kronor.
282 1515 100 30 Efter
420 1513 266 39 framställning
714 1522 43 20 av
779 1512 67 29 den
878 1509 257 40 skattskyldige
1164 1507 219 40 undanröjer
1411 1507 208 40 prövnings-

101 1567 179 29 nämnden
305 1566 116 29 denna
444 1563 162 42 taxering
626 1563 46 40 på
694 1562 172 40 grundval
892 1571 44 20 av
956 1560 159 39 följande
1138 1559 211 38 beräkning:

101 1633 159 30 Taxerad
288 1632 158 30 inkomst
476 1631 108 39 enligt
612 1628 382 40 taxeringsnämndens
1022 1627 114 30 beslut
1173 1649 162 7 ........
1366 1625 135 29 kronor
1526 1623 93 30 7000

102 1682 367 31 Realisationsförlust
493 1681 99 30 1952:
618 1681 40 30 75
687 1679 32 35 2
746 1689 43 21 av
813 1678 117 31 15000
962 1701 73 7 ....
1066 1678 132 29 kronor
1226 1675 117 31 11250

101 1734 169 29 Härifrån
308 1733 169 38 avdrages
515 1729 318 32 realisationsvinst
871 1729 20 30 å
928 1728 114 30 aktier

146 1792 137 21 SAMMA
308 1783 38 29 ÅT
379 1802 657 9 soseosoeseerer
670 1777 36 47 er
714 1777 34 47 re
758 1777 81 47 sees
849 1777 34 47 er
896 1777 31 47 tr
949 1777 89 47 ett
1125 1788 15 16 >
1247 1777 18 29 3
1280 1776 64 30 000

99 1834 216 31 Underskott
366 1851 970 11 —.ssssssessessersereer
836 1826 34 49 er
882 1826 59 49 ser
952 1826 56 49 rar
1019 1826 81 49 ere
1108 1826 10 49 r
1130 1826 209 49 Rts
1368 1826 132 30 kronor
1526 1825 96 30 8250

102 1901 250 31 Underskolttet
371 1898 192 40 överstiger
580 1899 67 29 den
665 1898 163 29 taxerade
848 1896 203 30 inkomsten
1070 1895 78 30 med
1175 1918 162 6 ........
1369 1894 134 28 kronor
1529 1891 93 31 1250

146 1994 178 28 Eftersom
353 1992 69 29 den
453 1989 256 40 skattskyldige
740 1990 38 29 år
811 1988 83 30 1949
925 1987 149 39 åtnjulit
1103 1985 319 31 realisationsvinst
1455 1984 19 30 å
1507 1983 39 30 10
1561 1983 63 30 000

104 2044 142 33 kronor,
268 2044 37 29 är
329 2043 71 29 han
421 2041 59 30 vid
504 2041 83 30 1953
606 2040 56 30 års
686 2039 159 40 taxering
867 2038 196 39 berättigad
1087 2037 53 30 till
1162 2037 131 38 avdrag
1315 2036 55 29 för
1395 2035 78 30 hela
1496 2035 126 29 under-

106 2094 130 29 skottet
260 2094 20 29 å
302 2093 19 29 8
336 2093 64 29 250
423 2093 143 28 kronor.
591 2090 53 30 Då
667 2089 193 30 emellertid
884 2089 90 29 hans
1001 2088 163 31 taxerade
1189 2087 157 29 inkomst
1370 2085 58 30 vid
1456 2084 83 31 1953
1566 2085 57 28 ärs

105 2143 161 39 taxering
291 2142 137 40 uppgår
453 2142 125 29 endast
602 2140 53 30 till
682 2140 16 29 7
714 2139 63 30 000
802 2140 143 32 kronor,
972 2138 149 30 återstår
1148 2139 48 28 ett
1222 2136 196 38 outnyttjat
1447 2135 131 38 avdrag
1604 2134 20 29 å

107 2193 96 30 1250
228 2193 141 29 kronor.
398 2192 104 29 Detta
528 2191 124 39 belopp
680 2190 57 30 får
755 2189 71 29 han
852 2189 152 38 avdraga
1030 2187 80 30 från
1140 2185 301 31 sammanräknad
1467 2185 157 29 inkomst

105 2243 58 30 vid
188 2242 161 41 taxering
371 2242 56 29 för
450 2241 168 33 inkomst,
643 2249 75 20 som
744 2238 167 40 åtnjutits
935 2238 114 29 under
1072 2237 38 29 år
1137 2236 94 34 1953,
1257 2236 93 33 eller,
1377 2244 56 20 om
1458 2235 167 37 avdraget

106 2293 46 30 då
176 2293 30 38 ej
237 2292 53 29 till
316 2292 89 29 fullo
430 2292 138 29 kunnat
594 2289 187 39 utnyttjas,
807 2290 58 29 vid
891 2288 160 39 taxering
1077 2287 55 29 för
1157 2286 168 32 inkomst,
1356 2294 74 20 som
1458 2283 167 38 åtnjutits

107 2343 112 30 under
237 2341 159 39 följande
417 2339 287 39 beskattningsår
725 2341 23 27 t.
768 2347 30 21 o.
816 2348 47 20 m.
882 2336 324 39 beskattningsåret
1227 2334 95 35 1957,
1342 2335 31 28 d.
1395 2344 31 19 v.
1447 2343 25 20 s.
1491 2332 54 30 till
1561 2332 64 30 och

107 2393 80 30 med
207 2393 107 29 femte
333 2391 76 30 året
427 2391 91 29 efter
537 2390 67 34 det,
623 2389 45 30 då
687 2388 175 30 förlusten
882 2385 235 42 uppkommit.

152 2443 97 30 Enär
283 2440 365 31 realisationsvinsten
686 2439 40 30 år
768 2438 83 30 1949
887 2437 79 30 med
1006 2436 93 30 1750
1121 2436 132 29 kronor
1278 2434 193 38 överstiger
1496 2432 130 30 omför-

108 2494 117 29 mälda
261 2491 211 30 underskott
504 2490 20 30 å
556 2489 97 31 8250
676 2489 141 34 kronor,
841 2489 38 29 är
902 2488 66 29 den
996 2485 256 40 skattskyldige
1276 2484 196 38 berättigad
1497 2485 50 28 att
1570 2492 58 20 av-
