1910 2790
287 130 39 30 66
684 135 117 30 Andra
822 134 237 36 lagutskottets
1084 134 176 30 utlåtande
1285 143 41 20 nr
1351 133 48 30 47.

293 220 36 28 är
354 228 56 20 om
461 217 336 37 avstyckning
848 217 129 30 inom
1023 218 227 35 planlagt
1301 216 187 31 område
1542 217 52 38 (19
1622 217 80 37 kap.
1730 219 19 29 4
1776 218 18 36 8

292 268 107 30 första
421 267 158 39 stycket).
604 268 131 29 Härom
755 267 102 31 anför
876 268 380 37 departementischefen
1277 267 11 30 i
1308 267 259 36 propositionen
1586 267 164 39 följande.

339 319 32 29 »1I
390 317 132 37 frågan,
541 328 56 20 om
614 319 42 29 de
669 318 242 38 jordpolitiska
926 317 166 31 villkoren
1110 317 55 30 för
1182 318 226 36 avstyckning
1426 318 98 31 skola
1541 318 254 36 upprätthållas

290 370 94 29 inom
406 369 152 37 planlagt
581 368 151 37 område,
754 369 64 30 har
839 368 57 37 jag
917 368 143 36 tidigare
1082 369 133 34 uttalat,
1237 371 48 27 att
1307 369 177 36 undantag
1506 367 78 31 från
1608 369 42 30 de
1671 368 124 30 villkor

291 429 73 21 som
381 420 149 30 hänföra
551 419 48 37 sig
619 419 50 30 till
687 420 55 29 det
761 419 176 30 allmänna
954 418 340 37 lämplighetskravet
1314 419 79 30 eller
1413 428 74 20 som
1506 427 79 22 avse
1603 423 49 26 att
1669 419 126 30 bereda

290 471 110 36 skydd
423 471 54 30 för
500 469 184 31 bestående
704 470 200 36 jordbruks-
927 470 80 30 eller
1029 469 412 36 skogsbruksfastigheter
1462 468 108 31 måste
1591 469 10 30 i
1624 469 68 30 viss
1713 468 82 31 mån

293 521 173 36 medgivas
489 520 54 30 för
565 520 226 36 avstyckning
812 529 41 21 av
875 520 44 30 bl.
942 530 31 21 a.
995 520 100 30 mark
1115 519 56 31 för
1190 520 339 36 bostadslägenheter
1548 520 65 30 och
1634 519 162 31 industri-

293 571 256 36 anläggningar.
577 571 67 29 För
670 574 47 26 att
742 570 177 36 undantag
944 570 87 30 skall
1059 570 60 31 ske
1145 570 64 30 bör
1233 570 98 36 dock,
1360 571 104 36 enligt
1489 571 67 30 vad
1581 570 58 39 jag
1662 572 133 32 nämnt,

293 621 135 30 fordras
449 624 49 27 att
518 621 55 30 det
591 621 88 30 skall
697 620 165 37 föreligga
881 624 46 27 ett
946 621 111 30 behov
1075 630 41 20 av
1135 620 119 37 dylika
1270 621 197 36 lägenheter
1484 621 65 30 och
1570 625 49 27 att
1638 620 156 38 avstyck-

291 673 81 37 ning
388 673 56 30 för
459 672 268 37 tillgodoseende
744 681 42 21 av
802 672 92 30 detta
912 672 111 30 behov
1040 672 69 30 kan
1129 680 100 21 anses
1248 680 83 21 vara
1348 671 50 30 till
1415 679 88 28 gagn
1522 672 130 35 jämväl
1671 681 42 20 ur
1732 671 60 30 all-

290 724 82 30 män
396 723 187 37 synpunkt.
606 723 127 30 Vidare
754 723 64 29 bör
841 723 99 35 gälla,
965 725 50 27 att
1036 721 229 37 avstyckning
1289 721 103 36 enligt
1416 722 99 30 dessa
1540 721 253 36 undantagsbe-

294 773 213 29 stämmelser
525 771 75 31 icke
616 771 58 30 må
694 772 61 30 ske
775 770 44 37 på
838 775 45 27 ett
899 772 68 29 sätt
985 781 75 21 som
1079 771 138 31 medför
1237 773 107 29 större
1361 772 110 30 skada
1491 772 55 30 för
1563 772 205 36 jordbruket
1786 772 10 29 i

294 826 95 26 orten
415 823 44 29 än
486 832 74 20 som
587 823 38 29 är
648 822 129 36 nödigt.
806 821 116 30 Skulle
947 822 281 36 avstyckningen,
1254 821 101 31 såvitt
1379 821 108 37 angår
1509 822 286 37 restfastigheten,

290 874 166 30 innebära
484 877 45 27 ett
555 873 244 31 eftersättande
825 882 42 21 av
890 873 56 30 det
968 873 177 30 allmänna
1172 872 350 36 lämplighetskravet,
1549 873 64 29 bör
1636 872 156 37 avstyck-

292 923 125 36 ningen
439 923 31 38 ej
491 923 174 36 medgivas
685 926 106 26 annat
811 923 43 29 än
874 931 57 21 om
951 922 196 33 ändamålet
1169 923 143 29 därmed
1332 922 75 31 icke
1428 923 70 30 kan
1519 927 82 27 utan
1624 923 174 37 synnerlig

291 975 181 36 olägenhet
497 974 196 36 tillgodoses
717 973 46 36 på
787 977 107 27 annat
918 974 157 35 lämpligt
1099 974 75 30 sätt.
1205 972 51 31 Då
1282 972 512 36 fastighetsbildningssakkun-

293 1023 79 36 niga
395 1023 121 36 intagit
539 1023 65 30 den
628 1022 268 37 ståndpunkten,
917 1026 50 26 att
989 1023 40 30 de
1053 1023 242 38 jordpolitiska
1319 1023 168 31 villkoren
1508 1024 10 30 i
1542 1023 64 31 full
1627 1024 169 31 utsträck-

293 1073 82 36 ning
394 1073 97 31 skola
510 1072 254 37 upprätthållas
785 1074 85 29 även
888 1073 94 30 inom
1000 1073 153 36 planlagt
1171 1072 151 36 område,
1342 1074 111 30 skulle
1469 1075 236 36 nyssnämnda
1724 1083 72 28 reg-

293 1124 48 30 ler
361 1123 55 30 för
436 1123 228 37 avstyckning
686 1123 93 30 bliva
800 1123 203 36 tillämpliga
1024 1123 130 36 jämväl
1176 1123 95 31 inom
1291 1123 124 31 sådant
1435 1123 150 33 område.
1609 1125 56 30 Att
1683 1135 113 21 exem-

293 1176 108 37 pelvis
421 1176 262 37 byggnadsplan
706 1176 178 30 fastställts
908 1175 54 30 för
984 1176 83 30 visst
1090 1175 150 36 område,
1268 1176 109 30 skulle
1400 1175 76 31 icke
1501 1176 157 30 medföra
1680 1176 114 36 någon

293 1225 132 37 garanti
443 1226 55 30 för
516 1228 48 27 att
581 1224 229 38 avstyckning
826 1225 9 29 i
854 1225 88 36 syfte
962 1229 47 27 att
1028 1226 200 36 genomföra
1250 1226 125 36 planen
1395 1226 110 30 skulle
1524 1226 35 31 få
1579 1228 63 35 äga
1661 1237 88 20 rum.

334 1270 94 35 Även
452 1284 57 20 om
534 1275 41 29 de
600 1273 146 31 sålunda
772 1274 194 36 föreslagna
992 1274 154 36 reglerna
1170 1274 10 30 i
1205 1275 183 35 praktiken
1415 1275 143 37 troligen
1585 1276 76 31 icke
1687 1277 110 30 skulle

291 1326 76 31 leda
385 1325 49 31 till
453 1327 107 29 större
577 1325 228 37 olägenheter,
826 1326 82 29 enär
926 1325 226 36 avstyckning
1170 1325 94 30 inom
1283 1324 333 37 detaljplanocmråde
1634 1328 55 29 väl
1707 1328 10 29 i
1737 1327 59 30 all-

291 1377 141 30 mänhet
455 1376 76 30 icke
557 1377 139 29 komme
719 1378 49 27 att
791 1376 121 35 vägras
936 1384 42 22 av
1000 1375 242 37 jordpolitiska
1265 1376 85 35 skäl,
1375 1376 38 31 så
1436 1377 70 30 kan
1532 1377 56 30 det
1613 1378 184 30 anmärkta

292 1426 234 32 förhållandet
553 1427 88 29 dock
669 1425 77 32 icke
775 1435 98 21 anses
903 1425 318 32 tillfredsställande
1259 1426 78 31 från
1375 1426 194 37 principiell
1608 1428 187 37 synpunkt.

292 1477 92 31 Både
412 1478 55 30 för
495 1478 56 30 det
578 1477 178 30 allmänna
784 1477 65 30 och
877 1476 54 31 för
960 1477 41 30 de
1031 1477 156 30 enskilda
1214 1478 231 35 markägarna
1473 1477 109 31 måste
1611 1479 56 30 det
1696 1487 100 22 anses

291 1528 177 36 olämpligt
493 1532 49 27 att
565 1528 177 35 stadsplan
765 1527 80 30 eller
867 1528 260 37 byggnadsplan
1151 1528 87 30 skall
1262 1527 36 32 få
1321 1529 173 35 uppgöras
1517 1530 65 29 och
1608 1528 189 32 fastställas

292 1580 77 29 med
389 1580 41 29 de
449 1578 139 37 utgifter
606 1579 66 29 och
692 1578 254 30 konsekvenser
966 1577 11 31 i
998 1578 108 36 övrigt
1125 1579 93 29 detta
1237 1578 135 31 medför
1392 1583 85 26 utan
1497 1582 48 27 att
1564 1588 82 21 man
1663 1584 55 26 vet
1740 1589 57 21 om

292 1630 126 36 planen
442 1631 71 29 kan
538 1629 183 36 tillämpas.
749 1628 128 30 Genom
902 1629 144 35 planens
1071 1628 240 31 fastställande
1337 1629 62 31 bör
1427 1630 146 30 behovet
1598 1639 43 21 av
1667 1632 130 29 smärre

292 1681 194 36 lägenheter
504 1680 95 30 inom
616 1678 242 38 planområdet
875 1688 99 21 anses
992 1679 155 36 klarlagt.
1169 1679 265 31 Fastställandet
1455 1681 95 29 torde
1571 1682 86 29 även
1675 1682 10 29 i
1703 1680 93 38 prin-

293 1731 53 36 cip
370 1732 85 31 böra
482 1740 98 21 anses
604 1730 178 35 innebära,
808 1733 49 28 att
882 1731 41 30 de
949 1731 79 29 med
1052 1730 104 30 tanke
1182 1729 44 38 på
1250 1729 203 39 jordbruket
1479 1732 65 29 och
1569 1732 228 35 skogsbruket

292 1782 197 36 uppställda
515 1780 243 38 jordpolitiska
786 1781 130 30 kraven
943 1780 95 31 inom
1063 1775 239 47 planområdet
1322 1779 104 32 skola
1454 1780 79 31 vika
1559 1782 55 30 för
1640 1781 157 32 intresset

291 1842 42 21 av
353 1836 49 27 att
419 1832 253 36 tätbebyggelse
694 1831 11 30 i
726 1831 149 36 enlighet
895 1833 80 29 med
994 1832 125 35 planen
1139 1832 159 30 kommer
1317 1831 50 30 till
1387 1831 111 33 stånd.

336 1884 99 31 Detta
455 1884 105 37 gäller
575 1884 10 29 i
600 1884 187 36 synnerhet
805 1884 186 36 stadsplan.
1010 1883 74 30 Den
1101 1884 255 35 tätbebyggelse
1374 1892 120 21 varom
1515 1884 55 30 det
1587 1885 94 30 inom
1701 1885 95 37 dylik

292 1935 81 36 plan
393 1935 37 29 är
451 1933 98 37 fråga
570 1934 97 30 torde
687 1933 232 37 regelmässigt
938 1943 83 20 vara
1041 1942 42 21 av
1104 1932 108 31 sådan
1233 1936 62 33 art,
1318 1937 48 27 att
1389 1934 222 37 jordbrukets
1630 1935 165 31 intressen

291 1985 93 30 inom
408 1984 241 39 planområdet
668 1984 32 37 ej
723 1985 156 35 rimligen
903 1985 118 30 kunna
1042 1994 83 21 vara
1146 1984 287 38 utslagsgivande.

335 2035 14 29 I
373 2033 99 38 fråga
495 2044 56 21 om
572 2034 262 38 byggnadsplan
855 2034 97 30 torde
974 2043 41 21 en
1039 2034 67 31 viss
1130 2034 149 31 skillnad
1301 2035 84 29 böra
1408 2036 98 34 göras
1529 2036 126 30 mellan
1675 2037 122 35 planer

293 2095 72 21 som
385 2086 180 30 fastställts
585 2086 74 30 före
678 2086 66 29 och
765 2086 120 35 planer
904 2094 75 21 som
1002 2085 179 30 fastställts
1203 2085 85 30 efter
1307 2086 68 29 den
1396 2095 69 28 nya
1485 2086 311 38 planlagstiftning-

294 2146 58 22 ens
371 2136 285 31 ikraftträdande.
676 2132 103 34 Äldre
796 2136 298 37 byggnadsplaner
1112 2136 45 30 ha
1178 2135 74 32 icke
1272 2137 109 29 sällan
1400 2137 125 35 utlagts
1547 2138 79 30 över
1645 2137 151 37 orimligt

295 2192 92 27 stora
408 2187 165 31 områden
591 2191 84 26 utan
694 2188 108 29 större
820 2187 136 36 hänsyn
974 2185 50 31 till
1042 2195 58 22 om
1119 2186 113 36 någon
1254 2187 251 36 tätbebyggelse
1525 2187 94 32 inom
1639 2189 155 36 planom-

294 2238 96 31 rådet
408 2237 10 30 i
434 2246 95 22 mera
547 2237 166 36 väsentlig
729 2236 208 37 omfattning
952 2245 80 21 vore
1048 2241 48 26 att
1116 2237 158 31 förvänta
1291 2237 109 31 under
1418 2237 217 39 överskådlig
1652 2239 59 31 tid.
1730 2239 65 30 Vid

294 2289 144 36 planens
463 2287 238 31 fastställande
726 2287 64 30 har
814 2287 180 36 hänsynen
1017 2286 50 31 till
1092 2286 220 38 jordbrukets
1337 2287 167 32 intressen
1530 2289 72 30 ofta
1627 2290 76 31 icke
1729 2290 65 30 till-

295 2340 101 29 mätts
416 2337 200 38 erforderlig
634 2337 184 37 betydelse.
838 2336 48 31 På
905 2337 111 36 grund
1033 2338 107 29 härav
1160 2338 97 30 torde
1277 2338 57 31 det
1352 2348 83 21 vara
1456 2339 211 37 nödvändigt
1686 2344 49 28 att
1754 2340 42 30 de

294 2388 241 37 jordpolitiska
558 2387 168 30 villkoren
748 2386 173 37 tillämpas
944 2386 57 31 vid
1023 2386 226 38 avstyckning
1274 2387 94 32 inom
1390 2388 119 37 dylika
1535 2390 258 36 planområden.

294 2439 201 30 Detsamma
513 2439 95 30 torde
626 2438 90 35 gälla
734 2437 174 36 områden,
928 2436 54 30 för
1000 2437 91 31 vilka
1109 2437 327 38 avstyckningsplan
1456 2440 178 36 godkänts.
1656 2441 49 30 De
1725 2441 69 30 olä-
