1920 2796
505 131 114 31 Andra
641 131 237 37 lagutskottets
901 129 177 32 utlåtande
1099 140 41 20 nr
1166 129 48 30 47.
1584 122 39 30 45

163 216 341 36 Jorddeiningslagen
528 217 65 29 och
618 214 450 37 sammanläggningslagen,
1095 214 124 30 liksom
1246 214 85 29 även
1356 212 266 36 fastighetsbild-

120 267 209 37 ningslagen,
350 268 46 30 ha
420 267 57 29 vid
498 266 86 30 flera
607 265 157 31 tillfällen
787 265 150 30 ändrats.
960 266 49 29 Av
1030 266 109 28 större
1161 263 191 37 principiell
1373 263 168 30 räckvidd
1564 271 61 21 var

120 319 64 30 den
203 318 148 30 revision
372 327 73 21 som
464 316 38 31 år
524 317 80 30 1937
627 316 134 36 vidtogs
781 325 42 21 av
841 315 354 37 jorddelningslagens
1213 314 257 30 bestämmelser
1491 323 58 21 om
1567 323 54 20 av-

120 369 181 36 styckning
321 369 65 29 och
408 377 75 22 som
503 366 103 37 avsåg
628 371 48 27 att
698 366 186 36 förebygga
905 366 211 30 tillkomsten
1137 375 42 20 av
1201 365 75 30 icke
1295 364 214 36 bärkraftiga
1532 363 91 39 jord-

120 419 316 36 bruksfastigheter.

183 470 14 30 I
221 470 162 31 skrivelse
406 469 50 30 till
478 469 121 36 Kungl.
622 468 101 39 Maj:t
747 469 68 29 den
834 468 20 30 6
878 467 70 39 maj
975 468 82 30 1938
1088 467 51 38 (nr
1161 466 74 39 234)
1263 466 204 31 hemställde
1492 465 131 30 riksda-

118 529 75 27 gen,
217 525 49 26 att
290 520 120 36 Kungl.
432 519 101 37 Maj:t
555 519 79 30 ville
652 518 69 32 låta
744 519 185 30 verkställa
950 528 41 20 en
1012 519 129 29 allmän
1163 517 148 30 revision
1333 526 41 21 av
1396 516 226 37 lagstiftning-

120 581 43 20 en
186 581 57 20 om
266 571 137 36 delning
426 580 42 20 av
493 570 76 38 jord
593 569 20 31 å
636 570 124 30 landet.
788 569 113 36 Enligt
925 569 123 36 Kungl.
1075 568 118 36 Maj:ts
1215 568 276 36 bemyndigande
1517 567 66 30 den
1605 568 19 28 9

118 622 76 37 juni
217 623 83 30 1939
322 622 206 32 tillkallades
548 621 116 31 såsom
686 621 172 31 särskilda
879 620 220 36 sakkunniga
1122 619 56 31 för
1198 618 185 36 utredning
1402 618 150 30 rörande
1571 626 51 21 re-

121 673 110 30 vision
260 682 42 21 av
329 671 520 37 fastighetsbildningsväsendet
877 669 20 31 å
924 670 190 30 landet
1068 665 51 47 m.
1145 679 44 20 m.
1218 669 334 36 generaldirektören
1583 669 41 29 H.

121 723 199 36 Malmberg,
341 722 109 31 tillika
471 721 220 35 ordförande,
711 721 195 31 ledamoten
927 731 41 20 av
989 720 199 36 riksdagens
1208 720 109 31 andra
1338 720 180 30 kammare
1537 717 87 32 små-

120 774 175 30 brukaren
317 773 28 31 J.
369 772 37 32 A.
429 772 196 31 Andersson
646 772 11 30 i
682 772 195 36 Tungelsta,
901 772 244 36 ryttmästaren
1166 771 213 35 godsägaren
1403 770 37 31 N.
1467 770 36 32 RB.
1528 770 97 35 Berg,

120 825 196 29 ledamoten
340 833 42 21 av
408 823 202 36 riksdagens
635 823 109 30 andra
771 823 180 30 kammare
977 822 249 30 lantbrukaren
1251 820 33 31 C.
1311 821 37 30 A.
1373 821 40 30 D.
1442 821 150 30 Jonsson
1615 820 11 30 i

121 874 211 37 Skedsbygd,
358 874 194 30 ledamoten
575 883 43 22 av
640 873 201 36 riksdagens
866 873 109 31 första
997 872 181 31 kammare
1202 872 312 36 hemmansägaren
1535 872 35 29 P.
1597 871 28 30 J.

123 925 164 37 Näslund,
314 924 326 36 häradshövdingen
663 924 29 30 J.
718 923 40 31 O.
784 923 224 35 Odencrants,
1036 922 210 37 byråchefen
1270 922 36 30 G.
1331 922 99 30 Palm
1451 923 68 29 och
1542 922 82 30 hov-

122 974 192 37 rättsrådet,
332 984 145 21 numera
498 973 270 38 regeringsrådet
787 974 31 31 S.
840 974 36 32 G.
896 974 36 31 L.
956 974 158 38 Quensel.
1137 973 50 30 De
1203 973 229 36 sakkunniga,
1454 973 94 30 vilka
1567 981 58 21 an-

122 1028 77 34 togo
230 1026 254 36 benämningen
512 1023 587 40 fastighetsbildningssakkunniga,
1132 1024 45 31 ha
1207 1024 193 30 sedermera
1432 1023 79 31 med
1541 1023 84 30 skri-

122 1078 90 29 velse
237 1076 66 30 den
333 1077 15 29 1
375 1076 193 36 september
597 1076 83 29 1944
704 1076 178 30 avlämnat
906 1075 219 30 betänkande
1153 1076 79 29 med
1257 1074 129 36 förslag
1413 1074 50 30 till
1487 1074 56 36 lag
1570 1082 58 21 om

121 1126 148 37 ändring
287 1127 10 30 i
319 1126 89 31 vissa
428 1127 95 30 delar
544 1136 42 20 av
608 1126 98 36 lagen
726 1126 66 30 den
815 1127 39 29 18
873 1125 75 39 juni
972 1126 84 29 1926
1074 1134 59 21 om
1153 1125 138 36 delning
1311 1134 42 21 av
1371 1125 79 39 jord
1472 1123 20 32 å
1510 1124 117 31 landet

122 1181 90 27 samt
230 1176 128 37 förslag
379 1177 49 30 till
444 1178 57 35 lag
517 1186 57 21 om
593 1175 321 38 sammanläggning
934 1185 42 21 av
994 1175 201 37 fastigheter
1211 1175 20 31 å
1249 1175 124 35 landet,
1392 1185 45 22 m.
1458 1185 45 20 m.
1528 1174 99 40 (SOU

125 1228 96 30 1944:
236 1227 69 40 46).

167 1278 605 37 Fastighetsbildningssakkunnigas
794 1277 129 37 förslag
946 1277 50 30 till
1020 1278 55 35 lag
1096 1286 57 21 om
1178 1276 145 37 ändring
1344 1276 10 30 i
1376 1276 249 37 jorddelnings-

123 1330 99 35 lagen
241 1338 97 22 avser
354 1329 12 30 i
384 1328 146 31 främsta
545 1332 150 27 rummet
715 1328 38 30 19
773 1328 79 36 kap.
870 1328 12 30 i
898 1328 110 36 lagen,
1026 1328 104 30 vilket
1149 1328 150 30 handlar
1314 1337 58 20 om
1390 1327 236 37 avstyckning.

124 1380 51 30 De
200 1379 218 36 sakkunniga
448 1379 46 30 ha
522 1378 171 39 därjämte
720 1378 156 31 förordat
905 1378 90 31 vissa
1023 1378 187 36 ändringar
1239 1378 10 30 i
1276 1378 109 30 andra
1413 1378 145 36 kapitlet
1584 1387 44 21 av

122 1429 347 39 jorddelningslagen,
497 1429 124 30 främst
646 1430 39 29 21
714 1429 92 36 kap.,
835 1429 110 30 ehuru
970 1429 44 29 de
1037 1428 76 33 icke
1139 1427 200 37 påkallades
1367 1438 43 21 av
1435 1427 194 31 revisionen

123 1490 44 21 av
196 1479 256 37 avstycknings-
482 1480 67 30 och
582 1479 653 36 sammanläggningsbestämmelserna.
1266 1478 239 31 Betänkandet
1533 1479 93 29 inne-

123 1529 109 31 håller
252 1530 116 30 vidare
386 1529 131 37 förslag
538 1529 49 31 till
606 1529 188 36 ändringar
811 1530 10 29 i
839 1529 110 31 andra
970 1530 97 35 lagar
1083 1530 66 29 och
1170 1529 244 37 förordningar
1433 1540 43 21 av
1493 1531 132 30 huvud-

123 1580 155 37 sakligen
306 1579 313 40 följdförfattnings
644 1583 113 27 natur.

168 1631 112 30 Sedan
303 1630 201 31 utlåtanden
524 1631 81 30 över
626 1630 234 31 betänkandet
880 1630 189 31 inhämtats
1089 1629 79 31 från
1188 1634 46 27 ett
1255 1630 114 31 flertal
1389 1631 241 37 myndigheter

123 1682 66 30 och
214 1681 361 36 sammanslutningar,
602 1681 65 30 har
690 1679 122 38 frågan
840 1690 57 21 om
921 1690 46 28 ny
991 1680 214 37 lagstiftning
1228 1681 149 31 rörande
1402 1682 227 37 avstyckning

123 1733 66 29 och
217 1731 321 37 sammanläggning
565 1731 88 31 varit
681 1730 147 33 föremål
856 1730 56 31 för
938 1731 138 30 fortsatt
1103 1731 188 37 beredning
1316 1732 97 30 inom
1440 1732 187 39 justitiede-

124 1785 235 33 partementet.
385 1781 131 31 Därvid
538 1782 46 30 ha
610 1781 45 37 på
676 1782 171 36 grundval
872 1791 42 21 av
939 1781 595 38 fastighetsbildningssakkunnigas
1560 1783 67 30 för-

124 1833 72 36 slag
214 1833 67 30 och
302 1833 41 30 de
365 1832 169 31 inkomna
553 1832 206 36 yttrandena
783 1832 188 30 utarbetats
993 1832 42 32 de
1056 1832 56 30 vid
1133 1832 257 36 propositionen
1415 1832 125 37 fogade
1558 1834 68 36 lag-

124 1882 182 37 förslagen.
967 1896 7 5 :

168 1934 172 30 Utskottet
358 1934 157 29 kommer
536 1938 57 31 att,
613 1933 11 29 i
644 1932 199 37 anslutning
860 1933 50 30 till
927 1935 67 30 vad
1013 1942 76 21 som
1107 1933 90 31 skett
1213 1933 10 30 i
1242 1933 268 39 propositionen,
1529 1934 97 30 redo-

123 1985 84 35 göra
233 1983 55 30 för
316 1982 180 37 förslagets
522 1983 109 36 regler
658 1992 57 20 om
741 1982 227 37 avstyckning
994 1983 65 29 och
1086 1992 57 20 om
1171 1984 321 37 sammanläggning
1520 1985 110 30 under

125 2034 169 30 särskilda
319 2033 222 36 avdelningar
564 2033 10 30 i
597 2033 90 31 detta
711 2032 185 32 utlåtande.

420 2181 40 33 A.
506 2174 169 40 Ändrade
698 2182 281 32 bestämmelser
1002 2190 60 23 om
1086 2181 254 40 avstyckning.

171 2266 588 37 Fastighetsbildningssakkunniga
781 2267 46 29 ha
849 2270 110 27 ansett
981 2267 66 29 den
1073 2266 107 30 första
1202 2276 180 27 omsorgen
1406 2267 56 30 vid
1485 2270 145 34 översyn

127 2328 41 20 av
193 2316 612 37 fastighetsbildningslagstiftningen
828 2316 84 30 böra
934 2326 83 20 vara
1037 2321 50 26 att
1107 2317 85 29 söka
1211 2317 126 31 hindra
1360 2318 209 36 försämring
1589 2328 42 20 av

127 2369 65 30 den
212 2368 198 29 nuvarande
432 2366 411 35 fastighetsindelningen.
865 2366 64 30 Det
948 2367 126 29 uttalas
1094 2366 10 30 i
1123 2367 242 34 betänkandet,
1380 2371 49 26 att
1443 2367 65 30 den
1522 2369 109 30 skada

126 2429 75 20 som
226 2417 203 37 tillskyndas
455 2416 203 37 jordbruket
673 2425 123 27 genom
809 2416 218 38 jorddelning
1041 2426 81 20 vore
1135 2419 48 28 att
1198 2417 165 31 tillskriva
1390 2419 239 35 avstyckning-
