1870 2790
429 157 125 30 Första
573 157 248 39 lagutskottets
840 157 180 30 utlåtande
1038 166 43 20 nr
1098 158 42 29 26
1157 157 40 30 år
1218 157 83 30 1960
1594 157 15 29 1

790 305 64 40 Nr
885 305 56 41 26

321 415 185 30 Utlåtande
530 415 11 29 i
563 415 190 40 anledning
776 425 42 20 av
842 415 125 30 väckta
992 414 172 31 motioner
1187 415 178 39 angående
1390 414 185 41 föreskrift
1600 416 11 27 i

519 477 173 31 samband
708 477 81 31 med
806 477 174 40 villkorlig
997 478 79 29 dom
1094 487 55 20 om
1169 478 197 39 skyldighet
1384 480 52 27 att
1452 478 159 39 gottgöra

519 540 120 31 skada.

165 646 125 30 Första
304 646 230 39 lagutskottet
550 647 64 29 har
629 647 52 30 till
698 647 213 40 behandling
927 647 155 30 förehaft
1098 648 56 30 två
1170 648 96 29 inom
1283 647 188 40 riksdagen
1486 647 126 30 väckta

122 699 182 35 motioner,
327 709 41 19 nr
389 699 63 30 447
475 700 11 29 i
509 700 110 29 första
640 700 207 30 kammaren
868 710 42 20 av
932 701 82 29 herr
1035 702 175 37 Bengtson
1235 710 44 21 m.
1301 700 38 40 fl.
1362 702 64 28 och
1448 710 44 20 nr
1514 700 64 31 564
1599 700 11 29 i

122 752 111 30 andra
250 753 206 29 kammaren
473 762 43 20 av
532 753 80 29 herr
629 753 167 30 Hedlund
811 763 45 21 m.
873 754 38 40 fl.
940 755 3 29 I
961 754 231 35 motionerna,
1210 754 95 30 vilka
1322 755 38 29 är
1375 754 236 39 likalydande,

122 805 202 30 hemställes
344 808 49 28 att
413 806 188 40 riksdagen
621 806 109 31 måtte
749 807 64 30 hos
831 808 127 39 Kungl.
978 807 106 39 Maj:t
1104 807 142 30 anhålla
1264 817 56 20 om
1339 807 190 40 utredning
1547 807 66 30 och

123 859 132 40 förslag
272 860 11 29 i
303 859 89 40 syfte
411 862 51 28 att
479 860 175 39 villkorlig
672 860 81 30 dom
773 870 74 20 som
865 861 92 39 regel
977 860 178 30 förbindes
1174 861 80 29 med
1272 861 183 30 föreskrift
1475 863 51 28 att
1545 861 66 30 den

121 912 127 30 dömde
270 912 88 30 skall
378 913 11 29 i
410 913 145 39 lämplig
577 913 213 40 omfattning
812 914 160 40 gottgöra
993 914 66 30 den
1081 914 110 30 skada
1213 915 70 29 han
1304 914 263 30 åstadkommit.

167 966 260 30 Motionärerna
450 967 132 29 önskar
603 976 43 20 en
672 967 111 30 sådan
806 967 150 40 ändring
979 977 42 20 av
1045 968 19 30 8
1091 968 15 37 8
1133 968 112 29 andra
1269 968 134 40 stycket
1428 968 102 39 lagen
1555 977 56 20 om

122 1018 175 41 villkorlig
317 1020 81 29 dom
418 1021 51 28 att
490 1020 190 40 villkorligt
700 1020 138 36 dömda,
860 1030 76 21 som
956 1021 112 39 ålagts
1088 1021 102 39 gälda
1209 1021 194 40 ersättning
1425 1021 56 30 för
1503 1021 110 30 skada

123 1081 76 20 som
224 1073 223 39 uppkommit
473 1080 126 32 genom
622 1073 141 36 brottet,
788 1074 12 29 i
827 1074 110 30 större
963 1074 213 40 omfattning
1202 1075 45 29 än
1273 1084 75 20 som
1373 1084 48 20 nu
1449 1076 40 28 är
1515 1074 97 30 fallet

123 1125 178 30 meddelas
320 1125 184 31 föreskrift
523 1135 56 21 om
598 1127 50 29 tid
667 1127 67 29 och
752 1127 68 30 sätt
839 1127 55 30 för
913 1127 172 40 gäldande
1103 1137 42 21 av
1163 1127 79 30 hela
1262 1127 249 30 skadeståndet
1530 1128 83 29 eller

123 1179 53 29 del
196 1179 117 31 därav.
330 1179 276 30 Bestämmelsen
622 1180 63 30 bör
703 1180 108 40 enligt
828 1181 101 29 deras
947 1181 143 39 mening
1109 1181 128 30 ändras
1255 1181 44 40 på
1318 1181 125 30 sådant
1463 1182 80 34 sätt,
1562 1183 50 28 att

122 1231 176 41 villkorlig
320 1232 80 30 dom
422 1233 240 40 regelmässigt
685 1233 179 31 förbindes
888 1235 81 29 med
992 1234 109 30 sådan
1123 1234 194 36 föreskrift,
1341 1234 121 31 såvida
1484 1235 31 39 ej
1541 1235 72 29 sär-

123 1285 116 30 skilda
259 1286 75 29 skäl
353 1286 90 30 talar
461 1286 168 31 däremot.

165 1338 229 31 Beträffande
417 1339 122 30 skälen
563 1339 54 30 för
639 1340 280 31 motionärernas
940 1341 158 40 yrkande
1121 1341 55 30 får
1198 1341 170 30 utskottet
1389 1341 150 30 hänvisa
1560 1341 52 30 till

122 1392 229 30 motionerna.

540 1503 182 37 Gällande
749 1504 288 37 bestämmelser
1063 1518 52 23 m.
1145 1519 52 22 m.

167 1578 269 30 Bestämmelser
458 1588 58 20 om
536 1579 176 41 villkorlig
735 1581 82 29 dom
839 1581 178 30 meddelas
1038 1581 12 30 i
1072 1581 99 39 lagen
1194 1581 66 30 den
1283 1582 42 29 22
1346 1581 81 39 juni
1451 1581 84 31 1939
1556 1589 56 22 om

125 1631 175 40 villkorlig
317 1632 90 31 dom.
428 1632 119 40 Enligt
564 1633 114 29 denna
696 1633 57 40 lag
772 1634 89 29 skall
880 1634 67 30 den
965 1634 191 40 villkorligt
1175 1634 125 30 dömde
1318 1635 11 29 i
1347 1634 194 31 allmänhet
1560 1634 54 30 stå

124 1684 112 30 under
254 1685 237 40 övervakning
510 1686 111 30 under
640 1695 43 21 en
701 1687 52 30 tid
772 1696 43 21 av
832 1688 153 29 normalt
1003 1690 52 28 tre
1073 1688 48 30 år.
1140 1687 289 41 Övervakningen
1450 1688 90 30 skall
1560 1688 54 30 stå

124 1737 111 30 under
256 1738 120 40 tillsyn
398 1748 42 20 av
461 1739 409 40 övervakningsdomstol
892 1741 67 29 och
980 1742 123 29 utövas
1127 1750 43 21 av
1191 1751 42 20 en
1256 1741 142 30 särskilt
1422 1741 191 30 förordnad

124 1791 221 30 övervakare.

169 1844 12 29 I
197 1844 102 39 lagen
316 1847 170 37 upptages
501 1846 95 29 vissa
611 1846 264 30 bestämmelser
892 1856 57 20 om
966 1847 178 30 allmänna
1160 1847 206 40 åligganden
1384 1848 55 29 för
1456 1848 67 30 den
1539 1848 76 29 vill-

123 1896 130 40 korligt
275 1897 134 31 dömde.
434 1899 52 28 En
510 1898 109 30 sådan
641 1899 245 30 bestämmelse
911 1909 100 21 avser
1032 1900 179 40 betalning
1234 1910 41 20 av
1300 1901 224 30 skadestånd.
1547 1901 68 30 Om

124 1949 64 29 den
208 1950 190 40 villkorligt
417 1951 127 30 dömde
561 1951 64 29 har
644 1951 203 40 förpliktats
866 1955 50 27 att
936 1953 131 30 ersätta
1085 1961 125 31 genom
1227 1954 128 29 brottet
1373 1954 241 39 uppkommen

126 2003 110 29 skada
254 2003 88 29 skall
359 2003 70 30 han
447 2004 149 30 sålunda
613 2005 107 39 enligt
737 2006 18 29 6
775 2005 15 37 $
809 2006 83 39 göra
907 2006 68 29 vad
993 2006 11 29 i
1021 2007 88 29 hans
1128 2006 159 40 förmåga
1304 2006 72 30 står
1393 2009 50 28 att
1463 2007 152 40 fullgöra

125 2056 468 40 skadeståndsbetalningen.

170 2108 67 29 Om
254 2109 66 29 den
337 2109 191 40 villkorligt
546 2110 124 30 dömde
688 2111 118 30 ställes
825 2111 111 31 under
954 2113 237 39 övervakning
1209 2121 59 31 ger
1285 2113 99 39 lagen
1402 2114 108 29 också
1527 2114 89 39 möj-

125 2161 107 39 lighet
261 2161 55 30 för
342 2162 196 30 domstolen
563 2165 50 28 att
640 2164 161 30 meddela
826 2165 175 30 särskilda
1029 2165 223 39 föreskrifter
1278 2166 223 30 beträffande
1526 2167 89 29 hans

126 2214 183 39 livsföring
334 2215 111 29 under
468 2216 216 38 prövotiden.
710 2218 13 29 I
749 2217 67 30 den
840 2217 82 30 mån
948 2218 57 29 det
1032 2219 78 29 med
1135 2219 138 39 hänsyn
1300 2219 50 29 till
1377 2220 68 29 den
1471 2220 143 29 dömdes

126 2267 165 38 ungdom,
308 2267 376 36 sinnesbeskaffenhet,
701 2270 201 39 omgivning
917 2271 84 29 eller
1016 2271 215 30 levnadssätt
1247 2272 65 29 och
1327 2272 148 38 tidigare
1490 2272 125 29 vandel

126 2319 117 29 finnes
264 2319 155 39 påkallat
440 2320 56 30 för
517 2321 88 30 hans
627 2322 296 30 tillrättaförande
945 2324 70 28 kan
1038 2323 149 30 sålunda
1208 2324 107 39 enligt
1337 2325 18 29 8
1381 2324 15 37 $
1420 2324 196 39 uppställas

126 2372 222 30 föreskrifter
367 2373 180 39 angående
568 2374 209 40 utbildning,
797 2376 343 39 arbetsanställning,
1162 2377 205 35 vistelseort,
1388 2377 125 30 bostad
1534 2377 84 30 eller

127 2424 108 36 fritid,
262 2425 254 31 avhållsamhet
541 2426 79 30 från
643 2428 221 39 rusdrycker,
889 2429 213 39 behandling
1126 2431 20 29 å
1169 2429 153 40 sjukhus
1346 2430 66 29 och
1437 2430 181 40 angående

127 2477 258 40 inskränkning
399 2479 10 29 i
426 2479 223 40 förfogandet
664 2481 82 29 över
761 2482 287 39 arbetsförtjänst
1063 2482 83 30 eller
1161 2483 111 30 andra
1286 2483 196 40 tillgångar.
1500 2484 117 39 Enligt

131 2539 11 28 1--
217 2540 136 39 Bihanq
374 2541 51 29 till
447 2542 204 40 riksdagens
674 2545 176 37 protokoll
873 2546 95 31 1960.
989 2548 20 29 9
1030 2548 99 30 saml.
1154 2549 14 29 1
1192 2550 77 29 avd.
1290 2550 49 29 Nr
1358 2551 42 29 26
