1914 2846
539 157 292 32 Statsutskottets
861 158 186 31 utlåtande
1075 159 53 30 Nr
1155 159 71 30 126.
1550 161 41 30 27

132 243 56 22 om
214 233 300 38 länsstyrelserna
540 237 42 28 är
608 235 270 32 framträdande
905 236 12 30 i
946 236 93 31 flera
1065 236 66 31 fall
1156 256 40 3 —
1223 237 66 31 vill
1318 237 175 31 utskottet
1522 237 112 31 under

131 284 224 38 åberopande
381 296 46 21 av
449 285 212 38 riksdagens
687 286 155 37 tidigare
865 287 187 31 uttalande
1075 288 12 30 i
1112 288 115 31 denna
1250 288 107 37 fråga
1378 289 130 30 betona
1531 297 104 28 ange-

133 336 212 37 lägenheten
366 348 45 21 av
433 339 54 29 att
510 338 170 36 åtgärder
704 341 141 29 snarast
867 338 168 38 vidtagas
1056 340 11 30 i
1089 340 95 36 syfte
1205 341 54 30 att
1280 340 250 37 åvägabringa
1552 341 83 30 änd-

133 389 82 31 rade
245 389 260 32 förhållanden.
543 389 79 32 Vad
648 390 259 31 lönenämnden
936 391 123 31 anfört
1089 401 103 27 synes
1220 391 128 32 därvid
1374 392 88 31 böra
1487 392 148 31 särskilt

131 440 158 33 beaktas.

171 491 167 34 Uskottet
365 493 217 37 hemställer,

575 573 53 30 att
653 572 195 37 riksdagen
873 574 58 29 må
959 573 11 30 i
997 573 172 31 skrivelse
1197 573 56 31 till
1279 572 135 37 Kungl.
1440 572 112 37 Maj:t
1577 583 58 20 an-

533 623 108 37 hålla,
667 626 53 30 att
744 623 135 38 Kungl.
904 624 110 37 Maj:t
1039 625 85 31 ville
1148 626 86 35 taga
1260 625 113 32 under
1397 624 238 37 omprövning

536 676 131 36 frågan
695 687 58 20 om
780 676 213 37 åtnjutande
1019 687 47 20 av
1092 677 144 36 partiell
1263 677 158 36 ledighet
1446 677 98 30 inom
1570 677 65 30 den

534 727 183 32 allmänna
749 728 362 36 civilförvaltningen
1142 730 92 29 samt
1266 729 71 30 vad
1369 729 150 31 därmed
1549 731 85 35 äger

536 780 181 31 samband.

171 899 89 37 17:0)
308 901 245 32 Statsverkets
574 902 193 31 kostnader
791 902 56 31 för
872 901 323 37 gränskontrollen.
1240 901 121 31 Under
1388 901 246 35 finansdepar-

133 953 178 36 tementet,
334 952 18 36 $
372 952 46 37 35,
440 953 95 31 hava
557 953 226 31 revisorerna
802 953 56 31 till
878 953 220 37 behandling
1118 953 168 37 upptagit
1306 953 132 36 frågan
1457 963 57 20 om
1534 953 102 30 stats-

133 1004 141 32 verkets
295 1004 193 32 kostnader
511 1005 56 31 för
590 1005 313 36 gränskontrollen
927 1004 80 36 (Del
1029 1005 18 31 I
1067 1005 66 32 sid.
1155 1003 183 38 173—180).

173 1056 239 32 Revisorerna
440 1057 96 31 hava
564 1057 137 31 erinrat
729 1067 59 21 om
815 1057 166 37 gällande
1009 1057 266 32 bestämmelser
1305 1058 46 35 på
1381 1057 160 31 området
1572 1057 62 30 och

134 1107 211 37 framhållit,
368 1109 54 31 att
444 1108 314 36 gränskontrollen
781 1109 214 37 ombesörjes
1017 1110 12 29 i
1052 1109 114 31 första
1186 1109 95 31 hand
1302 1119 46 20 av
1372 1108 264 31 vederbörande

133 1160 347 37 polismyndigheter
508 1161 12 30 i
551 1162 264 35 gränsorterna.
866 1160 134 32 Vidare
1032 1161 121 31 finnas
1183 1161 56 31 för
1268 1160 180 31 utövande
1477 1171 46 20 av
1554 1161 83 30 kon-

134 1212 129 31 trollen
282 1212 180 32 anställda
481 1213 98 31 vissa
597 1212 179 37 polismän
795 1213 56 31 för
869 1212 80 32 hela
969 1212 112 32 rikets
1100 1213 113 30 behov
1235 1213 64 30 och
1318 1212 179 32 särskilda
1516 1215 122 34 gräns-

134 1264 176 36 polismän
336 1265 179 36 varjämte
541 1263 290 38 tulltjänstemän
858 1265 11 30 i
896 1265 73 31 stor
996 1265 252 36 utsträckning
1276 1264 144 31 biträda
1445 1264 193 37 polismyn-

132 1316 214 37 digheterna
381 1316 80 32 med
498 1316 240 37 passkontroll
775 1318 64 30 och
877 1316 248 37 övervakning
1160 1327 46 21 av
1232 1316 158 31 trafiken
1416 1318 85 29 över
1526 1316 111 31 rikets

136 1371 158 34 gränser.
345 1368 51 32 De
424 1368 300 37 tulltjänstemän,
754 1379 75 21 som
854 1369 145 31 biträda
1027 1368 41 32 de
1097 1368 119 31 lokala
1245 1368 394 37 polismyndigheterna

134 1420 62 31 vid
220 1420 268 31 övervakandet
512 1431 47 20 av
587 1421 270 36 gränstrafiken
884 1421 11 30 i
918 1420 176 31 samband
1122 1420 78 31 med
1224 1420 57 31 sin
1305 1420 181 31 ordinarie
1511 1420 127 36 tjänst-

136 1473 130 36 göring
293 1475 63 28 äro
382 1472 200 31 emellertid
609 1482 46 21 av
684 1473 56 31 sin
767 1472 114 37 tjänst
907 1472 148 31 bundna
1082 1472 62 31 vid
1172 1473 80 30 sina
1279 1471 361 37 bevakningsplatser

135 1525 64 31 och
224 1524 221 37 begränsade
468 1523 441 37 patrulleringsområden,
935 1524 127 31 varför
1087 1524 103 30 deras
1216 1523 388 31 kontrollverksamhet
1628 1523 10 30 i

135 1577 147 36 vanliga
301 1577 65 31 fall
385 1576 124 32 endast
528 1577 101 31 berör
648 1576 41 31 de
710 1576 246 37 utlänningar,
976 1586 74 20 som
1068 1586 145 26 passera
1231 1578 163 34 gränsen.

175 1628 19 32 I
218 1629 222 36 proposition
470 1638 43 20 nr
539 1628 59 31 181
623 1627 56 31 till
706 1627 79 31 1932
810 1629 59 30 års
898 1627 148 36 riksdag
1072 1627 149 31 anförde
1248 1626 391 37 departementschefen

136 1680 229 31 beträffande
394 1679 314 38 gränskontrollen
733 1679 111 32 bland
870 1681 121 34 annat,
1020 1680 53 30 att
1098 1679 43 31 de
1171 1679 118 36 årliga
1314 1678 241 32 kostnaderna
1585 1678 55 31 för

136 1732 42 31 de
206 1732 208 31 nuvarande
444 1731 296 37 anordningarna
770 1732 57 30 för
854 1731 116 31 denna
996 1731 157 31 kontroll
1181 1732 122 35 syntes
1330 1731 114 36 enligt
1471 1741 44 20 en
1545 1731 96 30 inom

138 1784 393 36 socialdepartementet
559 1784 185 36 företagen
771 1783 269 36 undersökning
1067 1784 121 35 uppgå
1215 1782 56 31 till
1301 1784 51 29 ett
1377 1782 138 37 belopp,
1544 1784 97 29 över-

133 1837 166 35 stigande
318 1837 109 35 30,000
447 1836 142 31 kronor.
628 1836 67 31 Det
716 1836 85 31 ville
820 1835 199 32 emellertid
1039 1845 118 26 synas,
1177 1845 74 21 som
1272 1844 56 21 om
1347 1835 96 31 vissa
1464 1834 179 37 åtgärder,

137 1888 138 36 ägnade
302 1889 54 30 att
381 1887 143 31 minska
549 1887 241 31 kostnaderna
819 1888 55 30 för
904 1886 322 37 gränskontrollen,
1252 1886 118 31 kunde
1398 1885 178 37 vidtagas.

177 1940 55 30 En
262 1950 47 21 av
335 1938 259 37 länsstyrelsen
620 1939 11 30 i
660 1937 237 33 Norrbottens
923 1939 60 30 län
1010 1939 47 35 på
1084 1937 409 37 departementschefens
1524 1946 118 21 anmo-

137 1992 71 31 dan
256 1990 198 32 verkställd
503 1990 257 31 förberedande
810 1989 279 37 undersökning,
1118 1999 84 21 vars
1229 1989 151 30 resultat
1411 1988 192 36 framlagts
1630 1989 11 30 i

137 2043 174 32 skrivelse
336 2043 66 31 den
429 2043 37 30 11
489 2052 97 21 mars
613 2041 86 37 1932,
726 2043 122 34 syntes
870 2040 154 32 sålunda
1049 2041 85 36 giva
1158 2040 61 31 vid
1247 2040 150 36 handen,
1422 2041 55 30 att
1500 2040 141 31 kostna-

137 2096 112 30 derna
277 2096 55 30 för
360 2093 202 32 anlitandet
588 2094 97 30 inom
712 2094 97 30 länet
839 2104 45 20 av
910 2093 235 36 tullpersonal
1176 2092 56 31 för
1259 2092 268 36 gränskontroll
1554 2092 87 30 kun-

137 2147 43 31 de
205 2148 169 30 avsevärt
400 2145 227 36 nedbringas.
673 2145 176 37 Möjligen
875 2145 97 31 stode
998 2144 236 36 besparingar
1263 2145 53 30 att
1343 2144 110 31 vinna
1480 2146 91 29 även
1596 2144 45 36 på

138 2198 114 31 andra
275 2198 85 31 håll.

190 2249 239 31 Beträffande
461 2249 296 35 anordningarna
791 2249 57 30 för
880 2247 267 37 gränskontroll
1182 2247 97 31 inom
1311 2246 237 31 Norrbottens
1580 2246 59 30 län

138 2301 150 30 anförde
314 2300 258 36 länsstyrelsen
598 2300 11 30 i
638 2300 55 31 sin
719 2299 235 31 förenämnda
981 2298 182 35 skrivelse,
1188 2298 110 30 bland
1324 2299 121 33 annat,
1472 2299 53 29 att
1551 2297 92 30 läns-

138 2351 176 37 styrelsen
338 2351 76 31 icke
438 2361 85 21 vore
545 2350 140 32 absolut
709 2350 196 36 övertygad
931 2360 56 20 om
1010 2351 54 29 att
1085 2349 162 35 utgifter,
1272 2358 74 21 som
1368 2348 193 36 härvidlag
1583 2349 59 35 på-

137 2403 165 31 kostades
327 2414 84 20 vore
433 2401 293 37 oundgängligen
750 2412 45 20 av
816 2401 125 31 nöden.
985 2400 237 31 'Tullmännen
1247 2400 111 36 fyllde
1383 2399 156 37 givetvis
1564 2399 77 30 med

138 2456 54 30 sin
219 2454 282 36 ifrågavarande
527 2454 228 30 verksamhet
781 2463 41 20 en
849 2452 330 36 ordningsuppgift,
1205 2461 81 21 men
1312 2452 39 30 så
1376 2452 101 30 värst
1504 2450 138 36 kraftig
