1914 2820
523 136 380 32 Jordbruksutskottets
925 134 177 31 utlåtande
1125 135 48 30 Nr
1196 135 27 30 1.
1582 125 38 30 61

118 226 86 37 läget
227 224 75 30 icke
325 224 85 30 böra
433 221 254 38 ifrågakomma
710 221 55 29 för
788 221 100 29 nästa
910 218 178 36 budgetår.
1134 216 199 31 Emellertid
1357 216 57 30 vill
1437 215 58 37 jag
1514 215 106 30 fram-

117 275 102 36 hålla,
243 277 49 27 att
315 273 104 37 enligt
441 272 71 30 min
536 271 140 37 mening
698 269 124 37 frågan
845 279 57 21 om
924 268 160 37 åtgärder
1108 268 54 30 för
1185 268 211 35 skogsbetets
1419 264 203 38 avveckling

119 324 183 33 framdeles
330 324 63 30 bör
421 323 98 36 göras
547 322 52 30 till
626 320 145 31 föremål
801 321 54 30 för
878 319 169 37 förnyade
1076 317 273 37 överväganden.
1404 316 14 30 I
1447 316 175 30 avvaktan

117 376 87 31 härå
221 375 201 31 förutsätter
438 374 68 36 jag,
525 375 50 28 att
594 371 203 36 föreningen
816 372 64 29 har
898 370 51 30 sin
967 368 313 37 uppmärksamhet
1300 367 113 30 riktad
1433 365 44 38 på
1497 364 125 37 ifråga-

119 427 151 30 varande
291 423 169 39 spörsmål
482 426 90 28 samt
594 423 94 30 inom
707 430 121 22 ramen
852 421 53 30 för
926 419 212 38 tillgängliga
1159 419 111 30 medel
1292 418 100 31 söker
1413 420 50 27 att
1485 416 138 36 vidtaga

121 477 130 32 sådana
275 475 158 37 åtgärder
457 475 10 29 i
492 473 228 31 förevarande
745 472 99 37 syfte,
870 480 74 21 som
968 471 73 30 visa
1066 470 50 37 sig
1140 469 171 36 möjliga.»

164 528 177 31 Motionen
363 527 28 30 I:
412 527 41 30 85
474 534 99 21 avser
596 525 10 30 i
627 524 68 30 viss
716 523 201 37 anslutning
937 522 51 30 till
1010 520 368 37 lantbruksstyrelsens
1401 519 129 36 förslag
1553 518 71 30 dels

121 579 144 38 höjning
292 587 43 20 av
362 576 241 35 statsbidraget
629 574 54 31 för
710 574 221 36 föreningens
958 571 175 31 ordinarie
1159 570 219 31 verksamhet
1405 570 50 30 till
1483 568 141 36 205,000

122 631 138 34 kronor,
283 628 72 31 dels
377 627 119 38 anslag
516 627 80 30 med
617 626 96 35 6,000
736 626 130 29 kronor
887 624 54 30 för
962 624 93 30 vissa
1075 621 366 38 reparationsarbeten,
1466 620 66 30 och
1554 620 71 30 dels

122 681 120 37 anslag
266 680 80 29 med
370 678 118 35 23,000
511 677 130 30 kronor
665 676 55 30 för
744 674 197 31 inrättande
965 684 42 20 av
1032 673 58 31 två
1115 682 68 27 nya
1207 671 419 35 konsulentbefattningar

124 732 53 30 för
198 730 220 36 föreningens
439 728 219 30 verksamhet
677 727 11 29 i
709 725 183 31 Norrland.

168 783 14 30 I
208 782 42 30 de
275 779 222 38 likalydande
522 779 218 30 motionerna
766 777 28 30 I:
821 778 42 29 86
889 777 65 29 och
980 776 46 30 II:
1052 775 42 30 84
1121 773 150 38 påyrkas
1297 773 119 36 anslag
1440 772 55 30 för
1521 771 105 31 ända-

125 833 102 31 målet
247 832 11 30 i
277 831 150 36 enlighet
445 830 79 30 med
544 829 69 31 vad
631 827 350 36 lantbruksstyrelsen
1001 825 165 37 tillstyrkt
1186 826 80 29 med
1285 824 177 36 undantag
1484 822 55 31 för
1559 831 68 21 me-

124 885 55 30 del
199 883 51 31 till
270 881 58 31 två
350 891 67 27 nya
437 879 432 35 konsulentbefattningar.

170 984 115 36 Enligt
311 984 182 29 utskottets
522 981 140 36 mening
687 980 99 31 torde
812 980 146 30 behovet
987 989 42 20 av
1056 978 208 35 statsbidrag
1290 977 51 30 till
1370 977 146 29 svenska
1545 975 81 30 vall-

126 1035 66 30 och
232 1032 436 36 mosskulturföreningens
712 1030 264 37 betydelsefulla
1021 1029 220 30 verksamhet
1272 1028 85 29 böra
1388 1027 196 35 tillgodoses
1619 1025 9 29 i

127 1085 103 37 något
249 1085 106 36 högre
376 1084 85 36 grad
479 1085 45 28 än
545 1092 76 21 som
640 1085 126 28 avsetts
785 1081 81 30 med
886 1080 122 36 Kungl.
1031 1078 119 37 Maj:ts
1173 1077 264 36 framställning.
1484 1071 145 45 Särskilt

128 1135 199 38 påfallande
345 1144 99 28 synes
461 1134 131 30 bristen
608 1142 83 21 vara
708 1131 45 38 på
772 1132 180 37 möjlighet
970 1133 49 28 att
1037 1130 141 30 bedriva
1197 1128 198 36 tillräckligt
1412 1122 217 45 omfattande

126 1186 408 32 konsulentverksamhet
563 1185 10 29 i
601 1183 181 30 Norrland.
824 1182 54 31 Då
904 1181 190 31 emellertid
1122 1179 184 36 utredning
1331 1178 107 37 pågår
1464 1188 58 20 om
1551 1178 80 30 hus-

127 1237 389 36 hållningssällskapens
535 1234 245 37 organisation,
799 1232 192 31 berörande
1011 1233 87 29 även
1117 1231 215 36 sällskapens
1350 1228 283 31 konsulentverk-

128 1289 144 36 samhet,
297 1296 100 28 synes
420 1287 55 30 det
497 1286 167 30 utskottet
686 1283 158 38 lämpligt
865 1286 49 28 att
936 1282 71 31 låta
1029 1281 123 37 frågan
1175 1291 57 21 om
1254 1280 182 36 anvisning
1458 1289 43 21 av
1523 1279 112 30 medel

127 1341 56 29 för
205 1339 198 30 inrättande
427 1348 41 20 av
490 1347 70 26 nya
583 1334 422 36 konsulentbefattningar
1029 1334 64 29 hos
1116 1342 47 21 nu
1185 1331 266 37 ifrågavarande
1474 1329 159 36 förening

130 1389 100 32 anstå
254 1390 70 30 tills
352 1388 104 36 sagda
483 1387 185 35 utredning
695 1387 177 30 avslutats.
921 1385 79 30 Med
1025 1384 168 31 avseende
1221 1382 45 38 på
1293 1382 116 36 övriga
1435 1382 10 29 i
1473 1381 42 30 de
1545 1381 86 29 före-

130 1441 159 36 liggande
317 1440 218 29 motionerna
563 1437 196 31 framförda
787 1437 85 29 krav
901 1444 101 21 anser
1031 1435 50 35 sig
1110 1435 164 29 utskottet
1306 1443 41 20 av
1377 1431 256 36 ofrånkomliga

131 1490 279 38 besparingsskäl
439 1490 10 29 i
479 1488 202 31 nuvarande
710 1487 144 35 tidsläge
885 1486 74 30 icke
989 1486 121 29 kunna
1140 1484 172 36 tillstyrka
1341 1492 115 20 annan
1486 1481 147 36 ändring

131 1543 11 30 i
163 1541 122 36 Kungl.
308 1539 117 37 Maj:ts
448 1539 130 36 förslag
598 1540 43 28 än
663 1541 48 27 att
734 1540 130 27 statens
883 1536 121 36 bidrag
1026 1535 52 30 till
1100 1535 219 35 föreningens
1342 1532 172 31 ordinarie
1536 1532 96 30 verk-

132 1593 135 30 samhet
285 1591 98 36 höjes
403 1590 78 30 med
505 1590 118 34 10,000
643 1590 129 28 kronor
793 1588 51 30 till
867 1587 138 35 185,000
1025 1587 139 29 kronor.

177 1643 74 30 Vad
272 1641 170 30 beträffar
462 1639 140 31 särskilt
623 1638 120 37 anslag
763 1638 52 30 till
836 1636 122 37 bidrag
979 1635 35 32 åt
1036 1635 203 36 föreningen
1262 1633 54 31 för
1338 1633 235 31 anskaffande
1594 1641 43 21 av

134 1691 342 38 konstgödselmedel,
502 1690 96 31 delar
622 1689 165 30 utskottet
812 1685 397 39 departementschefens
1233 1683 234 39 uppfattning,
1493 1686 51 28 att
1569 1683 68 30 för-

133 1745 146 36 eningen
306 1744 64 29 bör
396 1742 143 30 beredas
567 1739 197 31 statsmedel
792 1739 56 30 för
874 1738 93 30 detta
993 1735 164 32 ändamål
1184 1737 80 29 med
1291 1734 182 37 föreslaget
1500 1734 137 36 belopp.

177 1795 117 31 Under
312 1794 219 36 åberopande
551 1802 44 21 av
613 1793 55 29 det
685 1791 150 30 anförda
853 1789 199 31 hemställer
1070 1789 165 29 utskottet
1253 1787 110 30 under
1383 1787 112 29 denna
1515 1786 120 36 punkt,

487 1888 51 27 att
561 1884 183 35 riksdagen
769 1882 66 35 må,
858 1883 10 29 i
890 1881 186 36 anledning
1100 1891 41 20 av
1164 1880 121 36 Kungl.
1311 1878 116 37 Maj:ts
1450 1877 185 31 framställ-

444 1935 81 36 ning
554 1937 90 27 samt
671 1934 218 29 motionerna
920 1932 27 29 I:
979 1932 41 29 85
1050 1934 89 26 samt
1169 1931 26 29 I:
1229 1931 42 28 86
1300 1930 65 29 och
1394 1929 44 29 II:
1469 1929 52 34 84,
1551 1927 84 30 lika-

445 1985 161 38 lydande,
645 1985 50 29 till
733 1983 127 36 Bidrag
897 1982 50 30 till
974 1981 148 30 svenska
1149 1980 82 30 vall-
1259 1980 65 29 och
1353 1978 284 37 mosskulturför-

445 2037 146 34 eningen
614 2034 53 30 för
688 2033 202 37 budgetåret
916 2032 138 31 1940/41
1081 2031 119 31 anvisa
1223 2034 46 26 ett
1291 2029 118 36 anslag
1432 2039 42 20 av
1498 2029 139 34 185,000

445 2088 140 29 kronor.

181 2236 110 40 101:0)
345 2235 147 32 Särskilt
518 2235 125 36 bidrag
668 2234 52 30 till
746 2233 151 31 svenska
924 2233 84 29 vall-
1035 2233 67 29 och
1129 2229 429 36 mosskulturföreningen
1585 2228 56 30 för

135 2287 239 31 anskaffande
395 2296 43 20 av
458 2285 355 36 konstgödselmedel.
846 2283 116 30 Under
982 2283 114 35 punkt
1119 2282 58 29 101
1200 2282 65 29 har
1286 2280 122 35 Kungl.
1431 2279 102 36 Maj:t
1554 2279 86 30 före-

139 2339 98 37 slagit
265 2337 185 35 riksdagen
479 2338 49 28 att
558 2335 54 30 för
641 2333 197 32 ändamålet
869 2334 54 29 för
950 2331 203 36 budgetåret
1186 2326 135 42 1940/41
1354 2329 119 30 anvisa
1504 2331 47 28 ett
1582 2337 59 21 an-

140 2389 71 36 slag
230 2397 43 21 av
294 2388 118 34 25,000
432 2387 139 29 kronor.

184 2439 64 30 Till
270 2438 111 36 grund
402 2437 52 29 för
476 2435 123 36 Kungl.
621 2434 117 37 Maj:ts
759 2432 293 37 anslagsäskande
1074 2431 102 36 ligger
1196 2441 42 20 en
1259 2440 42 20 av
1321 2431 202 37 föreningen
1545 2428 98 37 gjord

1678 977 129 24 Utskottet.
