1918 2822
113 2197 130 25 Utskottet.

282 130 38 30 32
686 135 377 31 Jordbruksutskottets
1085 136 178 31 utlåtande
1283 136 49 31 Nr
1358 137 28 29 1.

327 216 92 40 50:0)
470 216 512 39 Trädgårdsundervisningen:
1006 219 200 36 Stipendier
1229 219 55 31 för
1308 220 109 36 högre
1441 219 200 37 utbildning
1665 219 12 31 i
1698 220 92 30 träd-

285 266 235 39 gårdsfacket,
538 270 360 37 reservationsanslag.
919 270 79 30 Med
1016 270 241 36 tillstyrkande
1276 280 41 21 av
1337 270 100 30 bifall
1457 270 50 30 till
1527 270 124 36 Kungl.
1672 270 118 37 Maj:ts

284 319 111 30 under
420 320 109 36 punkt
554 320 40 30 50
620 319 122 37 gjorda
767 320 257 37 framställning
1047 338 45 3 —
1116 321 235 30 innebärande
1377 321 10 30 i
1413 320 219 31 förhållande
1656 321 51 31 till
1732 331 58 20 an-

284 369 180 36 visningen
492 370 53 30 för
574 370 234 30 innevarande
837 370 169 37 budgetår
1034 381 41 20 en
1104 381 43 20 av
1176 372 66 29 den
1270 371 283 30 statsfinansiella
1583 371 207 31 situationen

284 419 163 37 betingad
470 420 200 36 minskning
693 431 41 20 av
757 421 299 36 anslagsbeloppet
1078 422 81 29 med
1185 422 93 34 1,200
1300 422 131 30 kronor
1452 439 44 3 —
1517 422 201 30 hemställer
1739 424 51 28 ut-

284 470 136 37 skottet,

634 539 50 29 att
707 538 183 36 riksdagen
914 537 59 31 må
994 538 49 30 till
1070 538 501 37 Trädgårdsundervisningen:
1597 538 194 37 Stipendier

589 588 57 37 för
671 588 102 37 högre
800 588 195 37 utbildning
1021 591 10 29 i
1057 588 299 38 trädgårdsfacket
1381 589 57 29 för
1462 587 204 38 budgetåret
1694 588 95 31 1940/

591 639 41 30 41
657 639 118 30 anvisa
796 641 46 28 ett
863 638 351 37 reservationsanslag
1236 648 42 21 av
1302 639 95 35 1,200
1419 639 137 30 kronor.

326 770 92 39 51:o)
471 771 281 31 HReseunderstöd
775 771 56 31 för
852 771 136 31 studier
1009 771 45 37 på
1076 772 228 36 jordbrukets
1326 770 157 33 område.
1529 771 69 31 För
1623 771 166 32 ändamå-

284 821 43 30 let
360 823 39 29 är
432 822 55 30 för
517 823 234 31 innevarande
782 821 170 38 budgetår
984 823 143 37 uppfört
1160 826 46 27 ett
1236 823 349 36 reservationsanslag
1619 832 43 21 av
1694 823 96 36 6,000

283 872 139 30 kronor.

326 922 14 30 I
365 923 149 35 enlighet
536 923 81 30 med
640 923 67 30 den
732 933 42 21 av
800 924 83 29 1939
908 922 56 32 års
988 925 127 29 urtima
1138 924 139 36 riksdag
1301 924 186 35 godkända
1508 923 280 37 besparingspro-

283 972 204 37 positionen,
515 983 41 20 nr
585 974 51 35 79,
665 974 65 30 har
756 974 179 30 föreskrift
963 974 200 36 meddelats,
1193 976 49 28 att
1268 983 43 21 av
1339 974 42 29 de
1410 973 20 31 å
1456 974 92 29 detta
1577 974 121 36 anslag
1725 973 64 31 till-

282 1023 160 36 gängliga
464 1024 134 30 medlen
622 1026 47 28 ett
692 1024 124 36 belopp
839 1033 43 21 av
904 1024 97 35 6,000
1023 1024 132 30 kronor
1177 1024 74 30 icke
1273 1024 88 30 skall
1385 1027 95 33 tagas
1504 1023 10 30 i
1539 1023 164 37 anspråk.

324 1073 391 38 Departementschefen
737 1075 64 29 har
822 1074 113 30 under
957 1075 110 35 punkt
1091 1075 39 29 51
1155 1074 132 35 uttalat,
1311 1076 50 28 att
1384 1074 71 30 han
1478 1074 78 30 med
1579 1074 138 37 hänsyn
1740 1074 50 30 till

281 1124 56 29 det
358 1124 285 31 statsfinansiella
664 1125 89 35 läget
775 1124 75 30 icke
872 1125 136 29 kunnat
1028 1125 183 37 tillstyrka,
1235 1127 48 27 att
1305 1125 120 35 anslag
1448 1124 54 30 för
1524 1122 266 38 ifrågavarande

282 1174 165 30 ändamål
476 1175 146 30 äskades
653 1184 43 21 av
727 1175 82 29 1940
839 1174 57 30 års
928 1174 148 36 riksdag,
1109 1175 105 29 vilket
1244 1175 165 29 utskottet
1440 1174 144 30 härmed
1616 1175 91 29 velat
1736 1174 54 30 för

281 1224 185 37 riksdagen

896 1299 219 30 omförmäla.

326 1432 92 39 52:o)
468 1432 260 37 Undervisning
757 1433 67 30 och
852 1432 215 31 studieresor
1097 1432 59 30 för
1185 1432 11 30 i
1225 1433 57 29 det
1311 1432 140 30 mindre
1481 1432 211 37 jordbruket
1719 1432 71 30 del-

282 1484 151 35 tagande
458 1484 82 29 män
564 1484 69 29 och
658 1483 161 31 kvinnor.
868 1483 104 30 Detta
996 1484 131 35 anslag,
1155 1492 76 21 som
1255 1483 57 30 vid
1340 1483 84 30 1939
1449 1482 56 31 års
1530 1482 145 37 lagtima
1700 1483 89 30 riks-

282 1535 65 36 dag
371 1534 227 31 förändrades
621 1533 82 31 från
724 1534 349 36 reservationsanslag
1095 1534 52 30 till
1171 1534 204 30 obetecknat
1398 1534 128 35 anslag,
1552 1535 40 29 är
1614 1533 57 31 för
1694 1534 94 30 inne-

281 1585 153 30 varande
453 1584 168 37 budgetår
639 1585 80 30 med
738 1585 135 36 hänsyn
894 1584 52 31 till
967 1594 41 21 en
1027 1585 181 29 beräknad
1228 1584 209 30 reservation
1458 1594 42 20 av
1520 1584 120 36 20,000
1662 1585 129 29 kronor

282 1635 144 36 uppfört
449 1636 78 29 med
554 1635 141 35 134,900
719 1635 137 30 kronor.

325 1685 119 31 Under
467 1686 109 36 punkt
600 1686 41 29 52
667 1686 65 29 har
755 1685 122 36 Kungl.
903 1684 102 37 Maj:t
1028 1684 178 37 föreslagit
1229 1684 185 37 riksdagen
1437 1687 49 28 att
1509 1684 56 30 för
1588 1684 202 37 budgetåret

285 1732 140 34 1940/41
457 1736 118 30 anvisa
604 1738 48 28 ett
681 1736 118 35 anslag
827 1745 43 20 av
901 1736 117 34 79,800
1047 1736 140 29 kronor.
1229 1734 64 31 Vid
1322 1734 377 37 anslagsberäkningen
1726 1735 63 30 har

282 1786 381 37 departementschefen
686 1785 109 37 utgått
817 1784 94 32 ifrån
934 1788 49 28 att
1006 1786 111 29 under
1139 1794 48 20 nu
1211 1784 153 31 rådande
1387 1784 246 31 förhållanden
1656 1784 130 31 föreva-

281 1838 107 29 rande
410 1837 119 36 anslag
548 1837 99 31 torde
668 1837 118 29 kunna
808 1837 177 29 nedsättas
1007 1839 88 27 samt
1116 1835 173 37 tillstyrkt,
1312 1838 50 28 att
1384 1835 56 30 för
1461 1836 41 29 de
1521 1835 95 31 olika
1638 1836 150 35 anslags-

282 1886 209 31 ändamålen
519 1887 216 30 beräknades
764 1885 156 37 följande
949 1886 210 30 reducerade
1187 1886 134 36 belopp,
1352 1885 173 36 nämligen
1555 1885 51 30 till
1636 1884 152 31 hushåll-

281 1937 315 37 ningssällskapens
618 1936 390 36 undervisningskurser
1029 1936 120 35 46,800
1172 1936 136 35 kronor,
1332 1935 51 30 till
1406 1935 227 30 anordnande
1656 1945 43 21 av
1721 1938 67 27 stu-

281 1987 152 31 dieresor
460 1987 114 35 13,000
599 1987 140 35 kronor,
762 1986 50 31 till
838 1985 354 31 instruktionskurser
1216 1985 55 30 för
1294 1986 117 30 lokala
1436 1986 114 29 ledare
1574 1985 97 30 inom
1697 1985 90 37 jord-

280 2038 348 36 brukarungdomens
651 2037 152 30 förbund
828 2037 95 35 1,750
946 2036 137 36 kronor,
1107 2036 53 30 till
1183 2045 115 21 annan
1320 2035 248 36 undervisning
1590 2035 99 36 9,750
1711 2036 76 30 kro-

281 2098 63 21 nor
371 2092 91 27 samt
489 2088 50 30 till
566 2087 113 38 byrån
709 2087 54 30 för
789 2085 222 37 jordbrukets
1038 2086 292 37 ungdomsutbyte
1359 2086 98 34 8,500
1485 2086 139 30 kronor.

323 2188 384 37 Anslagsberäkningen
730 2188 64 29 har
817 2187 76 30 icke
918 2186 82 37 givit
1023 2187 167 30 utskottet
1214 2185 185 36 anledning
1421 2185 51 31 till
1496 2185 149 38 erinran,
1671 2185 118 31 varför

281 2240 166 30 utskottet
467 2238 208 36 hemställer,

634 2333 50 28 att
711 2330 185 36 riksdagen
923 2328 57 31 må
1007 2329 49 31 till
1087 2329 253 36 Undervisning
1368 2328 65 30 och
1460 2328 208 31 studieresor
1696 2330 54 37 för
1778 2330 10 29 i

588 2381 58 31 det
668 2381 133 30 mindre
821 2379 207 38 jordbruket
1049 2379 205 37 deltagande
1275 2380 82 29 män
1377 2378 66 31 och
1464 2379 150 30 kvinnor
1636 2379 55 30 för
1703 2379 84 30 bud-

586 2430 131 38 getåret
742 2426 139 35 1940/41
908 2429 119 31 anvisa
1050 2432 47 27 ett
1121 2429 120 37 anslag
1263 2438 42 21 av
1330 2428 119 36 79,800
1473 2430 138 29 kronor.
