1880 2844
515 182 103 27 Andra
641 183 214 33 lagutskottets
880 183 158 27 utlåtande
1057 184 43 26 Nr
1121 185 46 25 35.
1569 184 18 29 3

97 260 99 29 heten
217 259 44 40 på
281 263 49 27 att
350 270 41 20 en
412 261 115 39 praxis
548 261 9 29 i
578 263 342 29 överensstämmelse
940 263 78 29 med
1039 263 42 29 de
1101 273 42 19 av
1165 263 128 38 Högsta
1315 263 194 30 domstolen
1531 272 57 19 an-

96 312 100 37 givna
219 313 217 39 riktlinjerna
458 315 86 29 även
568 315 69 29 kan
658 315 138 29 befaras
820 315 36 30 få
881 315 49 30 till
953 315 88 39 följd
1064 319 45 27 ett
1132 316 144 30 allmänt
1300 316 224 38 fördröjande
1547 325 41 19 av

96 367 462 39 lantmäteriförrättningars
580 368 260 39 handläggning
861 369 65 29 och
948 369 228 30 fastställelse.
1201 370 120 29 Därest
1343 369 244 30 ovannämnda

96 420 187 39 stadgande
322 421 8 29 i
368 421 459 39 fastighetsbildningsiagen
865 423 110 29 skulle
1015 423 109 30 tolkas
1161 422 44 40 på
1242 423 244 30 motsvarande
1513 424 75 28 sätt,

95 474 138 30 komme
252 474 104 39 enligt
376 475 183 38 styrelsens
579 475 139 39 mening
738 477 86 28 även
843 476 56 30 vid
919 477 229 38 avstyckning
1167 476 103 39 enligt
1292 477 112 29 denna
1424 477 57 38 lag
1499 476 89 29 vissa

95 527 218 38 olägenheter
335 531 49 27 att
406 528 135 39 uppstå.
577 529 106 30 Dessa
706 530 117 29 kunde
846 529 89 31 dock
957 530 80 30 med
1058 530 138 38 hänsyn
1218 530 50 29 till
1291 530 65 30 den
1380 529 56 31 för
1459 529 129 31 sådana

96 580 60 29 fall
173 580 9 29 i
200 582 89 38 regel
307 581 200 40 tillämpade
525 583 139 30 enklare
681 583 65 30 och
765 583 170 30 snabbare
955 583 556 40 gränsbestämningsproceduren
1530 593 57 20 an-

96 637 94 35 tagas
213 635 91 29 bliva
327 635 135 30 mindre
485 635 270 31 framträdande.
780 637 381 38 Lantmäteristyrelsen
1185 637 64 30 har
1271 637 117 30 vidare
1411 639 9 29 i
1446 637 56 30 sitt
1524 639 64 36 ytt-

95 688 106 29 rande
222 688 200 36 framhållit,
445 692 48 27 att
515 690 66 29 den
604 689 143 38 tidigare
770 690 330 38 lagtillämpningen,
1124 690 101 30 såvitt
1247 690 52 30 för
1322 691 166 37 styrelsen
1510 699 79 21 vore

96 741 94 35 känt,
216 741 120 30 hittills
361 742 75 30 icke
459 741 196 32 förorsakat
680 742 106 39 några
811 744 229 37 olägenheter.

140 793 47 31 På
208 795 66 30 sätt
293 795 362 39 lantmäteristyrelsen
677 796 191 30 framhållit
887 798 120 29 kunna
1027 797 92 30 olika
1138 797 157 39 åtgärder
1315 798 54 30 för
1388 801 49 27 att
1456 798 132 30 undan-

95 847 74 39 röja
188 848 80 30 eller
288 848 136 31 minska
445 849 41 30 de
506 848 160 40 påtalade
686 850 264 38 olägenheterna
973 852 196 38 övervägas.
1191 852 52 28 En
1263 853 103 37 utväg
1386 861 102 29 synes
1507 861 81 20 vara

95 904 48 26 att
163 902 81 37 göra
266 903 556 39 gränsbestämningsproceduren
844 904 295 39 överhuvudtaget
1160 905 138 30 enklare
1320 906 64 29 och
1409 906 178 29 snabbare.

95 954 99 30 Detta
217 955 181 30 alternativ
420 956 96 30 torde
539 956 89 30 dock
650 956 184 31 förutsätta
857 957 217 31 omfattande
1096 958 186 38 ändringar
1306 959 8 29 i
1337 959 251 38 jorddelnings-

96 1008 108 38 lagen.
226 1009 51 28 En
296 1018 117 20 annan
431 1011 104 36 utväg
552 1028 44 2 —
613 1010 66 30 den
699 1020 73 20 som
792 1011 152 30 anvisats
963 1020 42 20 av
1024 1012 216 29 motionären
1258 1030 44 2 —
1320 1013 36 28 är
1376 1015 50 27 att
1444 1013 84 29 lätta
1546 1011 42 39 på

95 1061 490 40 gränsbestämningstvånget.
609 1064 382 38 Lantmäteristyrelsen
1012 1065 63 30 har
1096 1064 54 31 för
1172 1065 52 29 sin
1246 1065 54 30 del
1321 1066 133 35 uttalat,
1477 1069 49 26 att
1547 1075 42 20 en

95 1114 203 38 lagändring
326 1125 41 20 av
395 1116 66 29 den
488 1116 214 38 begränsade
729 1116 220 40 omfattning,
980 1127 74 21 som
1084 1127 97 21 avses
1208 1119 10 29 i
1246 1118 187 36 motionen,
1462 1119 126 33 kunde,

95 1168 181 30 hetraktad
293 1168 114 31 såsom
424 1178 42 21 en
483 1169 150 39 tillfällig
649 1169 121 39 åtgärd
786 1170 10 29 i
813 1171 173 29 avvaktan
1002 1170 45 40 på
1065 1181 41 20 en
1123 1172 129 29 allmän
1268 1172 149 30 revision
1434 1182 42 20 av
1493 1181 95 29 nyss-

94 1222 153 29 nämnda
268 1222 64 38 lag,
352 1231 100 21 anses
471 1222 193 40 försvarlig.
687 1222 171 40 Styrelsen
877 1224 66 30 har
961 1225 88 29 även
1069 1225 10 29 i
1101 1225 56 30 sitt
1178 1225 159 38 yttrande
1356 1225 78 31 från
1456 1234 132 21 samma

94 1273 297 41 utgångspunkter
414 1285 74 21 som
511 1277 217 30 motionären
751 1277 163 39 framlagt
937 1280 45 27 ett
1006 1278 137 30 särskilt
1166 1278 129 39 förslag
1317 1289 57 20 om
1398 1279 118 39 tillägg
1539 1279 49 29 till

94 1327 227 32 förevarande
350 1329 190 39 stadgande
567 1330 10 29 i
605 1330 348 39 jorddelningslagen.
984 1331 137 30 Varken
1149 1332 216 30 motionären
1394 1333 80 30 eller
1502 1333 85 29 lant-

94 1381 290 39 mäteristyrelsen
405 1383 64 29 har
493 1383 156 30 däremot
670 1383 190 39 ifrågasatt,
884 1387 49 27 att
955 1394 83 20 man
1062 1385 52 30 för
1137 1386 215 29 närvarande
1374 1387 110 29 skulle
1508 1387 80 35 göra

95 1436 243 29 motsvarande
361 1436 147 39 ändring
532 1436 9 29 i
567 1436 470 40 fastighetsbildningslagen.

139 1487 120 31 Såsom
282 1498 42 20 av
347 1489 229 39 utredningen
600 1490 9 29 i
634 1490 139 30 ärendet
799 1490 154 38 framgår
976 1492 68 29 tala
1069 1492 276 30 beaktansvärda
1370 1494 74 28 skäl
1469 1493 53 29 för
1547 1502 41 19 en

96 1541 202 38 lagändring
318 1542 8 29 i
348 1542 88 38 syfte
455 1545 59 32 att,
534 1546 84 26 utan
637 1543 246 30 eftersättande
901 1553 42 21 av
963 1545 213 34 säkerheten,
1198 1545 155 30 förenkla
1375 1545 215 30 förfarandet

95 1594 57 30 vid
183 1595 64 29 och
279 1595 189 39 nedbringa
500 1596 233 30 kostnaderna
765 1597 53 29 för
849 1597 90 30 vissa
972 1598 507 39 avstyckningsförrättningar.
1525 1599 64 29 Till

97 1648 194 38 främjande
317 1658 41 20 av
385 1649 92 30 detta
504 1649 88 38 syfte
617 1650 63 29 bör
706 1650 104 37 enligt
836 1651 182 29 utskottets
1045 1651 139 38 mening
1210 1651 265 38 ifrågavarande
1501 1652 89 29 stad-

95 1702 110 37 gande
231 1702 9 29 i
267 1702 339 39 jorddelningslagen
633 1703 91 30 bliva
751 1703 145 31 föremål
923 1704 54 30 för
1004 1706 156 37 översyn,
1188 1705 119 30 därvid
1337 1706 92 29 olika
1456 1705 133 38 möjlig-

95 1755 94 29 heter
205 1758 48 27 att
270 1755 117 39 uppnå
404 1765 42 21 en
464 1757 136 38 lösning
617 1767 42 19 av
675 1758 66 29 den
759 1757 236 39 föreliggande
1013 1758 122 38 frågan
1154 1759 95 30 torde
1266 1760 82 28 böra
1368 1762 96 36 tagas
1482 1760 108 28 under

95 1809 238 38 omprövning.
365 1809 124 30 Vidare
508 1819 100 29 synes
628 1811 309 38 uppmärksamhet
955 1812 84 29 böra
1059 1813 106 36 ägnas
1186 1812 34 30 åt
1239 1812 213 39 spörsmålet,
1473 1823 56 19 om
1548 1821 41 20 en

95 1860 107 31 sådan
226 1862 203 39 lagändring
453 1863 62 29 bör
539 1864 186 36 begränsas
750 1864 49 29 till
825 1864 204 38 stadgandet
1053 1865 9 29 i
1087 1865 347 38 jorddelningslagen.

140 1914 48 30 På
211 1916 109 37 grund
343 1926 41 19 av
405 1917 66 29 vad
493 1915 145 31 sålunda
661 1917 132 29 anförts
815 1917 54 30 får
890 1919 165 29 utskottet
1075 1918 192 35 hemställa,

449 2024 37 29 A.
512 2027 49 27 att
578 2024 194 38 riksdagen,
791 2025 7 28 i
816 2024 187 37 anledning
1021 2034 41 20 av
1081 2025 225 29 förevarande
1324 2025 140 30 motion,
1485 2025 104 30 måtte

405 2077 8 29 i
441 2077 162 30 skrivelse
630 2078 49 29 till
707 2078 122 36 Kungl.
858 2077 98 38 Maj:t
983 2077 150 31 anhålla,
1161 2081 48 27 att
1236 2078 120 37 Kungl.
1386 2078 99 38 Maj:t
1513 2078 77 29 ville

405 2130 84 30 efter
519 2131 65 29 den
614 2131 196 38 ytterligare
840 2131 193 38 utredning,
1065 2141 72 20 som
1168 2132 67 29 kan
1266 2142 78 19 vara
1376 2132 212 36 erforderlig,

404 2187 77 33 taga
507 2184 109 29 under
642 2184 247 36 övervägande,
914 2184 172 30 huruvida
1112 2185 63 29 och
1201 2185 8 28 i
1236 2185 63 29 vad
1325 2184 80 30 mån
1431 2185 158 37 gällande

405 2237 215 37 stadganden
657 2247 56 19 om
752 2237 323 38 gränsbestämning
1101 2238 7 28 i
1135 2238 168 29 samband
1329 2239 78 28 med
1432 2238 157 37 avstyck-

405 2290 310 36 ningsförrättning
739 2290 80 29 böra
846 2290 126 29 ändras
997 2290 7 29 i
1029 2290 88 38 syfte
1141 2293 46 26 att
1213 2290 202 38 möjliggöra
1439 2293 44 27 ett
1509 2291 79 28 enk-

404 2342 71 29 lare
494 2342 64 29 och
580 2342 154 37 billigare
758 2343 199 28 förfarande
979 2343 54 28 vid
1056 2342 108 30 sådan
1187 2343 216 37 förrättning,
1427 2347 87 26 samt
1538 2344 51 28 för

404 2395 184 36 riksdagen
621 2395 188 36 framlägga
843 2395 40 29 de
914 2395 139 37 förslag,
1086 2396 111 29 vartill
1229 2396 89 29 detta
1351 2396 238 36 övervägande

405 2448 68 29 kan
498 2448 193 33 föranleda;
718 2451 88 26 samt

449 2501 39 29 B.
514 2503 45 27 att
582 2500 186 30 motionen,
790 2502 5 28 i
817 2501 62 28 den
903 2501 79 29 mån
1004 2502 63 28 den
1091 2501 72 30 icke
1183 2502 92 29 blivit
1298 2502 147 29 beaktad
1467 2510 120 26 genom
