2144 2599
706 162 254 33 Statsutskottets
995 162 173 34 Utlåtande
1192 165 62 32 N:o
1277 166 54 30 10.
1745 169 38 30 15

214 241 67 37 vid
311 241 144 48 armén,
498 240 69 38 har
607 241 203 49 utskottet,
854 256 82 23 som
980 242 122 37 under
1144 243 114 37 dessa
1301 243 265 38 förhållanden
1610 246 33 49 ej
1680 247 147 37 kunnat

206 293 198 49 tillstyrka
438 292 107 38 bifall
576 293 58 36 till
670 294 139 49 Kongl.
847 294 128 49 Maj:ts
1005 308 50 22 nu
1085 295 215 49 framlagda
1330 295 159 50 förslag,
1515 298 127 36 funnit
1658 299 60 48 sig
1734 298 92 38 böra

207 345 155 46 föreslå,
394 350 55 31 att
482 344 224 50 Riksdagen
737 349 61 33 må
797 340 21 63 i
842 346 203 36 skrifvelse
1061 346 57 36 till
1142 347 143 48 Kongl.
1303 348 108 48 Maj:t
1430 349 153 37 anhålla
1600 363 60 23 om
1679 351 147 48 förslag

207 397 59 36 till
295 396 317 50 ändringar
514 392 23 60 i
551 392 69 60 det
641 398 41 36 af
707 398 190 36 utskottet
927 412 50 22 nu
1008 398 159 47 angifna
1197 399 129 49 syftei
1354 392 333 60 bestämmelserna
1717 404 107 36 såväl

207 449 201 48 angående
437 449 153 36 arméns
616 463 82 23 som
728 449 159 37 flottans
916 450 292 49 pensionering.

338 500 247 37 Beträffande
629 501 197 37 motionen
860 501 12 36 i
902 502 119 48 öfrigt
1063 502 68 36 har
1160 503 203 47 utskottet,
1395 503 65 37 vid
1489 504 64 37 det
1583 505 240 38 förhållande

206 557 56 31 att
304 551 343 38 bestämmelserna
690 553 205 48 angående
938 554 46 36 de
1015 554 42 36 af
1096 554 141 36 honom
1270 555 156 37 afsedda
1457 555 366 50 pensionskassor
1802 547 24 62 i

207 603 214 38 allmänhet
463 609 65 32 äro
558 605 41 36 af
625 605 141 47 Kongl.
798 605 110 48 Maj:t
936 611 93 30 utan
1060 606 248 49 Riksdagens
1339 608 236 36 medverkan
1607 609 215 50 utfärdade,

207 655 128 37 funnit
369 656 223 37 densamma
621 657 11 36 i
662 657 126 36 denna
818 656 61 37 del
910 657 92 36 böra
1033 658 198 36 föranleda
1262 659 165 37 allenast
1456 660 140 48 dertill,
1626 668 55 29 att
1711 661 110 37 Riks-

206 707 129 49 dagen
380 711 59 33 må
478 708 11 36 i
520 708 203 37 skrifvelse
753 708 58 36 till
841 708 142 49 Kongl.
1015 709 109 49 Maj:t
1154 710 165 49 anhålla,
1350 717 56 30 att
1435 711 293 38 bestämmelser
1757 727 66 24 an-

205 759 152 49 gående
399 760 138 37 förlust
581 760 42 36 af
659 760 266 49 pensionsrätt
967 760 94 37 eller
1094 761 176 49 pension,
1303 764 274 36 motsvarande
1608 764 98 48 dem,
1738 778 82 24 som

205 811 137 48 skulle,
373 811 97 37 efter
499 812 235 48 vidtagande
765 812 41 35 af
831 812 114 36 ofvan
975 813 172 48 antydda
1178 814 212 48 ändringar
1419 815 70 36 och
1519 816 154 48 tillägg,
1704 816 118 38 blifva

203 862 184 49 gällande
416 864 58 35 för
503 864 131 35 armén
664 864 70 36 och
753 858 148 63 flottan,
927 858 131 63 jemväl
1076 867 116 34 måtte
1210 865 214 37 fastställas
1442 867 237 37 beträffande
1696 869 125 48 öfriga

204 914 167 37 embets-
413 915 71 37 och
523 916 232 47 tjenstemän
787 921 100 31 samt
918 916 182 49 betjente,
1130 916 151 37 hvilkas
1311 918 279 50 pensionering
1619 919 80 36 helt
1728 921 93 36 eller

204 965 123 38 delvis
358 967 182 36 bekostas
565 967 41 35 af
631 967 192 36 allmänna
853 968 136 35 medel.

334 1018 203 37 Utskottet
566 1018 224 37 hemställer
819 1018 146 37 derför:

739 1097 36 46 a)
819 1101 55 31 att
916 1095 142 49 Kongl.
1090 1096 129 48 Maj:ts
1249 1097 253 38 förevarande
1531 1099 289 51 framställning

607 1147 86 36 icke
724 1150 61 33 må
814 1148 39 35 af
879 1147 226 49 Riksdagen
1137 1148 167 46 bifallas;
1337 1155 100 31 samt

737 1199 37 48 b)
805 1204 56 31 att
889 1199 223 48 Riksdagen
1143 1200 87 36 med
1260 1200 211 50 anledning
1500 1203 42 35 af
1557 1202 89 38 herr
1666 1203 151 38 Hedins

608 1250 286 37 ofvannämnda
938 1251 145 36 motion
1120 1254 59 32 må
1221 1250 149 38 besluta
1400 1259 56 30 att
1484 1254 11 35 i
1526 1254 206 37 skrifvelse
1763 1256 56 36 till

608 1302 142 48 Kongl.
778 1302 113 48 Maj:t
918 1302 166 46 anhålla,
1106 1304 74 35 dels
1200 1308 56 31 att
1277 1303 140 49 Kongl.
1441 1304 109 49 Maj:t
1571 1307 148 36 täcktes
1740 1307 76 37 låta

606 1354 175 36 utarbeta
803 1355 70 35 och
896 1354 57 36 för
973 1353 222 50 Riksdagen
1218 1354 216 50 framlägga
1455 1356 146 50 förslag
1622 1358 58 36 till
1696 1359 119 37 sådan

607 1404 165 50 ändring
809 1405 12 36 i
854 1406 222 48 grunderna
1105 1406 58 36 för
1193 1407 151 36 arméns
1375 1407 69 37 och
1475 1409 158 36 flottans
1662 1412 154 47 pensio-

606 1456 148 49 nering,
785 1462 56 31 att
870 1457 86 47 den,
987 1470 93 35 som,
1110 1463 91 30 utan
1233 1464 55 30 att
1317 1458 157 37 ådömas
1500 1460 138 37 förlust
1655 1462 41 35 af
1712 1464 104 35 med-

606 1508 216 49 borgerligt
851 1508 234 44 förtroende,
1115 1522 141 35 genom
1286 1509 87 50 laga
1396 1511 101 37 kraft
1518 1513 151 47 egande
1691 1513 124 38 beslut

604 1559 127 37 blifvit
761 1561 116 35 afsatt
901 1560 81 36 från
1005 1561 137 48 syssla,
1166 1565 84 32 med
1272 1562 157 36 hvilken
1452 1567 77 33 rätt
1549 1564 56 36 till
1628 1565 187 48 fyllnads-

604 1611 164 48 pension
811 1616 41 31 är
893 1611 172 46 förenad,
1110 1611 104 47 eller,
1244 1613 97 36 efter
1370 1615 164 36 erhållet
1563 1616 148 48 afsked,
1738 1617 75 36 för-

605 1662 145 37 klarats
793 1663 115 36 hafva
951 1664 103 48 gjort
1088 1664 62 48 sig
1183 1664 58 35 till
1272 1665 216 50 afsättning
1517 1667 167 49 skyldig,
1715 1669 98 36 skall

606 1714 114 36 hafva
750 1714 196 37 förverkat
975 1719 76 32 rätt
1080 1714 57 37 till
1168 1715 350 51 fyllnadspension;
1550 1719 71 37 och
1652 1721 75 35 dels
1757 1728 57 29 att

604 1765 143 49 Kongl.
779 1766 109 48 Maj:t
916 1766 148 37 täcktes
1094 1772 91 43 taga
1214 1768 122 36 under
1365 1769 299 50 öfvervägande,
1696 1772 116 37 huru-

603 1817 89 37 vida
728 1817 84 37 icke
846 1818 59 36 för
938 1818 73 36 alla
1040 1818 148 36 klasser
1217 1819 41 36 af
1283 1820 166 37 embets-
1478 1822 71 36 och
1580 1823 233 48 tjenstemän

604 1875 99 30 samt
733 1869 182 49 betjente,
946 1869 154 37 hvilkas
1129 1870 277 51 pensionering
1435 1872 124 38 delvis
1589 1875 93 36 eller
1711 1875 11 36 i
1752 1876 59 36 sin

604 1920 134 37 helhet
764 1921 193 37 bestrides
987 1921 41 36 af
1053 1921 194 38 allmänna
1276 1924 134 47 medel,
1442 1927 273 36 motsvarande
1745 1927 66 36 be-

603 1972 242 37 stämmelser
888 1986 60 23 om
994 1973 136 36 förlust
1166 1974 41 35 af
1232 1975 263 48 pensionsrätt
1525 1977 94 37 eller
1648 1978 162 49 pension

602 2027 61 33 må
692 2024 119 36 blifva
839 2024 182 48 gällande
1051 2037 81 24 som
1162 2026 59 47 de,
1250 2026 131 37 hvilka
1412 2028 130 37 kunna
1572 2029 153 38 komma
1756 2037 56 30 att

602 2075 159 49 stadgas
792 2075 235 37 beträffande
1056 2077 132 36 armén
1218 2077 71 37 och
1318 2077 147 39 flottan.

328 2153 73 35 4:o.
458 2150 66 38 Uti
568 2165 45 23 en
644 2152 74 36 den
749 2155 47 34 22
827 2153 180 37 sistlidne
1031 2153 153 49 januari
1215 2154 56 36 till
1299 2155 224 50 Riksdagen
1554 2158 138 36 aflåten
1723 2172 87 36 pro-

198 2201 166 49 position
391 2203 76 48 (n:o
498 2204 62 44 38)
591 2203 68 37 har
690 2204 139 50 Kongl.
860 2205 119 48 Maj:t,
1011 2205 121 37 under
1161 2206 241 50 åberopande
1432 2209 42 35 af
1499 2209 147 49 bilagdt
1668 2210 142 49 utdrag

198 2253 42 37 af
263 2254 423 50 statsrådsprotokollet
715 2257 108 36 öfver
852 2257 453 38 landtförsvarsärenden
1335 2260 58 36 för
1422 2274 146 23 samma
1597 2261 87 50 dag,
1712 2264 98 36 före-

1838 2160 67 30 Ang.
1927 2160 102 24 bestäm-

1858 2195 105 24 mandet
1982 2196 31 29 af

1865 2231 138 29 pensions-

1847 2265 114 31 beloppet
1974 2266 46 29 för

1842 2300 182 31 gevärshandt-

1850 2335 105 24 verkare
1975 2336 45 23 vid

1881 2370 100 24 indelta

1853 2405 159 30 infanteriet.
