2228 2626
736 186 255 32 Statsutskottets
1012 185 169 31 utlåtande
1203 185 53 30 Nr
1279 187 50 27 16.
1793 183 18 28 9

322 271 99 50 12:o)
477 271 52 37 På
557 270 126 49 grund
711 284 47 23 av
786 270 141 49 Kungl.
959 268 125 49 Maj:ts
1113 269 128 37 därom
1270 267 136 50 gjorda
1435 266 280 49 framställning
1743 266 69 36 och

214 324 121 37 under
364 323 239 50 åberopande
633 336 47 24 av
708 322 74 38 vad
812 320 423 51 statsrådsprotokollet
1264 321 73 36 den
1368 322 46 34 14
1439 319 149 48 januari
1612 320 108 46 1914,
1742 318 67 37 sid.

217 379 163 45 98—99,
409 376 11 35 i
451 376 123 36 denna
605 375 109 49 fråga
742 375 222 47 innehåller,
992 375 58 35 får
1077 373 188 36 utskottet
1293 371 210 48 hemställa,

697 481 79 31 att
815 476 207 48 riksdagen
1064 477 59 34 må
1164 475 57 36 till
1257 474 238 50 fortsättning
1529 486 43 23 av
1605 474 208 35 statsbanan

616 529 165 36 Järna—
799 529 226 47 Norrköping
1055 527 59 36 för
1142 529 41 34 år
1214 527 96 36 1915
1340 525 132 37 anvisa
1492 524 237 37 återstående
1750 538 62 22 an-

617 580 286 50 slagsbeloppet
938 580 202 47 1,612,000
1176 579 150 47 kronor,
1355 578 83 36 med
1474 582 76 31 rätt
1582 578 58 36 för
1672 576 139 48 Kungl.

616 633 108 48 Maj:t
764 638 56 31 att
860 645 48 23 av
931 631 242 49 tillgängliga
1202 631 122 36 medel
1351 630 118 37 redan
1497 629 120 37 under
1645 632 40 33 år
1716 631 97 33 1914

617 685 191 48 förskjuta
837 685 164 46 500,000
1031 684 151 36 kronor.

319 788 210 49 Angående
571 792 115 32 sättet
727 787 60 37 för
819 786 247 38 anskaffande
1095 800 47 23 av
1170 785 293 50 ifrågavarande
1492 785 124 36 medel
1645 784 169 36 kommer

214 840 191 37 utskottet
433 844 55 32 att
515 839 206 37 framdeles
751 839 137 49 avgiva
915 839 192 49 yttrande.

322 942 100 49 13:o0)
477 943 143 49 Kungl.
651 943 109 48 Maj:t
787 943 68 36 har
883 942 199 48 föreslagit
1101 942 208 48 riksdagen
1334 946 56 31 att
1408 940 148 37 besluta
1577 939 237 48 anläggande

216 1010 46 22 av
304 995 226 49 ytterligare
572 1000 56 31 ett
661 995 278 49 järnvägsspår
966 994 140 37 mellan
1133 993 248 49 Norrköping
1409 993 71 36 och
1508 992 145 49 Mjölby
1680 993 58 35 för
1768 1005 46 23 en

214 1047 197 37 beräknad
427 1047 166 37 kostnad
609 1061 47 23 av
667 1047 252 48 sammanlagt
938 1047 201 47 7,400,000
1151 1046 142 35 kronor
1305 1050 97 31 samt
1414 1046 58 35 för
1484 1044 163 36 nämnda
1660 1044 154 48 anlägg-

217 1100 99 47 ning
344 1099 72 36 och
444 1099 156 37 därmed
617 1099 377 48 sammanhängande
1014 1098 159 36 arbeten
1192 1098 60 36 för
1270 1100 40 33 år
1333 1098 96 35 1915
1450 1096 131 37 anvisa
1597 1101 53 31 ett
1665 1096 149 48 belopp,

216 1156 55 32 att
297 1154 95 46 utgå
424 1164 47 24 av
498 1151 222 47 lånemedel,
750 1164 46 23 av
827 1152 201 46 1,000,000
1056 1150 154 46 kronor,
1240 1149 84 36 med
1352 1153 76 32 rätt
1455 1149 60 35 för
1542 1148 138 48 Kungl.
1711 1148 105 46 Maj:t

217 1208 55 32 att
309 1203 248 36 förskottsvis
595 1202 118 38 redan
750 1202 119 37 under
906 1205 39 33 år
976 1204 98 34 1914
1104 1215 47 23 av
1178 1201 246 48 tillgängliga
1451 1200 125 36 medel
1605 1200 210 35 utanordna

216 1256 166 46 500,000
411 1255 152 36 kronor.

319 1307 265 49 Utredningen
621 1307 12 35 i
679 1306 158 37 ärendet
888 1306 205 36 återfinnes
1139 1305 11 36 i
1193 1303 417 50 statsrådsprotokollet
1651 1303 70 36 den
1770 1305 45 34 14

215 1359 148 51 januari
395 1361 110 46 1914,
536 1359 69 36 sid.
636 1359 189 36 99—104.

319 1461 18 37 I
365 1475 47 23 en
440 1461 103 37 inom
571 1462 122 37 första
721 1461 220 36 kammaren
968 1459 114 37 väckt
1112 1459 156 48 motion,
1293 1473 44 23 nr
1358 1460 59 46 21,
1439 1458 68 37 har
1528 1458 87 37 herr
1639 1458 39 37 G.
1702 1458 114 36 Rosén

216 1513 204 49 hemställt,
450 1518 55 33 att
532 1513 209 49 riksdagen
769 1516 116 33 måtte
913 1515 49 47 på
990 1515 40 34 så
1058 1516 76 32 sätt
1161 1512 130 36 bifalla
1318 1510 141 50 Kungl.
1477 1510 126 49 Maj:ts
1632 1511 186 48 ifrågava-

217 1566 118 37 rande
364 1566 298 49 framställning,
680 1570 56 32 att
753 1565 209 49 riksdagen
982 1564 81 37 dels
1083 1564 167 36 beslutar
1271 1564 239 48 anläggning
1530 1576 46 23 av
1594 1563 222 49 ytterligare

218 1623 55 32 ett
297 1619 278 49 järnvägsspår
603 1618 138 37 mellan
768 1617 248 49 Norrköping
1045 1617 71 35 och
1135 1616 145 49 Mjölby
1299 1616 118 36 under
1438 1616 72 36 den
1532 1616 284 46 förutsättning,

216 1675 56 35 att
308 1670 287 37 vederbörande
632 1670 197 48 landsting
864 1668 306 37 tillhandahåller
1208 1668 72 36 den
1318 1667 116 48 mark,
1465 1681 80 22 som
1574 1668 59 35 för
1661 1668 157 47 anlägg-

215 1723 146 48 ningen
390 1722 203 47 erfordras,
623 1722 81 36 dels
734 1721 71 36 ock
829 1722 59 36 för
906 1721 215 36 ändamålet
1143 1720 162 48 beviljar
1324 1725 54 31 ett
1397 1719 133 48 anslag
1550 1733 45 22 av
1616 1721 201 46 7,105,000

217 1775 156 47 kronor,
402 1787 118 24 varav
551 1775 163 46 700,000
743 1773 139 36 kronor
911 1772 149 37 anvisas
1089 1776 57 32 att
1173 1775 94 45 utgå
1294 1772 120 35 under
1443 1774 40 33 år
1516 1773 108 34 1915.

321 1826 284 48 Motiveringen
632 1825 58 36 till
719 1825 123 36 denna
870 1824 283 48 framställning
1181 1828 41 31 är
1250 1828 54 31 att
1331 1823 101 36 finna
1459 1823 12 35 i
1500 1835 48 23 en
1576 1823 101 36 inom
1698 1823 120 35 första

217 1878 220 36 kammaren
466 1877 63 37 vid
549 1880 100 33 årets
671 1877 121 36 första
810 1876 159 49 riksdag
988 1876 114 36 väckt
1130 1875 144 36 motion
1295 1889 44 23 nr
1360 1877 60 45 49,
1441 1875 56 36 till
1521 1874 127 37 vilken
1678 1874 140 36 motion

216 1930 189 36 utskottet
431 1929 140 37 tillåter
600 1929 61 49 sig
689 1928 170 37 hänvisa.

320 2032 171 38 Behovet
529 2045 46 23 av
613 2032 74 36 den
719 2045 52 23 nu
799 2030 219 49 föreslagna
1047 2029 542 50 dubbelspårsanläggningen
1618 2042 111 36 synes
1758 2033 57 31 ut-

219 2085 143 37 skottet
398 2098 92 24 vara
525 2084 59 36 till
620 2083 91 37 fullo
750 2083 218 49 ådagalagt;
1017 2082 71 37 och
1126 2082 57 36 får
1218 2082 184 36 utskottet
1438 2082 12 35 i
1488 2081 102 37 detta
1632 2081 184 37 avseende

218 2137 137 47 erinra,
394 2141 56 32 att
486 2136 209 48 riksdagen
723 2135 11 37 i
764 2135 58 36 sin
851 2134 184 37 skrivelse
1064 2135 75 36 den
1168 2136 46 34 31
1245 2134 72 48 maj
1351 2136 109 44 1913,
1490 2134 198 48 angående
1716 2133 101 36 vissa

218 2189 161 48 utgifter
406 2189 60 36 för
485 2186 291 51 kapitalökning
803 2188 12 36 i
842 2186 74 38 vad
943 2189 120 46 angår
1091 2185 551 49 civildepartementsärenden,
1672 2185 146 45 uttalat,

220 2245 56 32 att
313 2240 219 49 riksdagen,
571 2239 86 37 med
694 2239 150 49 hänsyn
872 2238 57 37 till
957 2238 329 49 angelägenheten
1314 2242 54 32 att
1397 2237 140 36 sådana
1566 2237 254 47 anordningar

218 2292 194 50 vidtoges,
451 2297 55 32 att
543 2291 72 38 den
648 2291 130 38 starka
806 2290 290 51 genomgående
1124 2289 161 38 trafiken
1315 2293 19 33 å
1362 2289 187 37 bandelen
1576 2289 245 49 Norrköping

305 2355 118 35 Bihang
446 2355 45 28 till
514 2364 101 19 senare
637 2354 170 36 riksdagens
824 2354 147 35 protokoll
995 2353 90 28 1914.
1132 2353 19 27 6
1172 2352 83 29 saml.
1305 2352 35 27 13
1363 2352 72 35 häft.
1482 2350 60 37 (Nr
1568 2349 63 40 16.)
1760 2352 17 27 2

1841 265 114 32 Anslag
1973 265 53 26 till

1873 300 127 26 fortsät-

1859 334 91 27 tande
1970 342 36 18 av

1844 370 177 26 statsbanan

1831 404 203 26 Järna-Norr-

1870 438 124 33 köping.

1902 492 64 45 [9].

1833 942 195 33 Dubbelspår

1833 977 196 33 Norrköping

1851 1012 156 33 Mjölby.

1887 1067 92 45 [10.]

1871 2034 135 23 Utskottets

1877 2071 126 28 yttrande.
