2216 2622
415 197 40 31 14
921 197 250 32 Statsutskottets
1193 196 166 32 utlåtande
1382 196 52 32 Nr
1457 199 54 30 16.

518 281 71 38 Vid
631 283 46 37 de
718 283 340 49 undersökningar,
1089 296 80 23 som
1200 283 156 37 sålunda
1384 282 213 49 anbefallts,
1627 283 98 36 hava
1753 282 257 37 framkommit

414 338 63 33 två
506 335 142 48 förslag
676 334 56 37 till
760 335 170 36 definitiv
959 335 224 49 sträckning
1210 349 48 22 av
1285 335 224 49 grenbanan
1538 335 83 36 från
1641 335 225 36 stambanan
1886 335 124 48 Lapp-

413 387 334 47 träsk—Karungi
777 386 55 36 till
860 387 240 49 Haparanda,
1130 386 196 48 nämligen
1355 387 79 36 dels
1464 400 46 22 en
1540 388 190 46 västligare
1757 385 104 49 linje,
1882 386 128 37 vilken

414 438 123 36 skulle
578 441 92 45 utgå
712 438 84 36 från
825 451 47 24 en
900 439 122 64 punkt
1053 438 64 37 vid
1146 415 126 60 Tossa
1297 438 177 49 omkring
1502 440 54 45 4,5
1584 438 75 36 km.
1690 442 128 33 väster
1846 451 59 23 om
1936 438 74 36 Ka-

412 491 112 48 rungi
553 471 96 55 samt
678 490 165 37 därifrån
873 494 48 46 på
950 495 54 32 ett
1031 491 161 36 avstånd
1221 504 46 23 av
1296 491 186 36 mellan
1456 487 30 57 3
1513 467 69 60 och
1612 493 18 34 7
1663 490 74 37 km.
1769 490 83 36 från
1867 490 143 36 Torne-

412 543 62 35 älv
516 543 138 57 dragas
696 542 97 36 förbi
834 542 210 48 Pitkäjärvi
1073 542 71 37 och
1173 542 287 64 Karsikkojärvi
1489 542 57 36 till
1575 542 144 46 Vuono,
1748 542 169 36 varifrån
1946 542 63 36 ba-

412 607 73 23 nan
514 594 13 35 1
555 593 115 49 östlig
697 593 173 49 riktning
898 594 121 36 skulle
1047 594 148 46 framgå
1223 593 57 37 till
1308 594 241 57 Haparanda,
1580 594 70 36 och
1679 594 78 36 dels
1777 606 49 23 en
1846 594 165 48 östligare

411 645 103 49 linje,
557 645 126 36 vilken
725 645 122 36 skulle
888 648 91 45 utgå
1013 645 82 36 från
1124 626 174 68 Karungi
1327 645 141 36 station
1497 645 69 37 och
1596 644 165 37 därifrån
1789 647 48 47 på
1865 649 53 32 ett
1948 658 62 23 av-

413 697 108 37 stånd
564 710 47 24 av
652 696 177 50 omkring
873 699 96 34 1—2
1013 697 200 37 kilometer
1253 698 86 36 från
1379 697 112 37 älven
1532 697 137 48 dragas
1698 701 92 32 över
1819 696 189 48 Kukkola,

414 749 192 50 Vojakala,
648 749 147 37 Mattila
836 750 71 36 och
934 749 129 37 Nasua
1091 749 96 37 fram
1215 749 57 37 till
1299 749 240 50 Haparanda.
1596 726 134 60 Denna
1759 762 132 23 senare
1918 749 91 57 linje

414 806 344 32 överensstämmer
799 801 183 47 tämligen
1023 806 91 32 nära
1155 801 87 36 med
1271 801 73 36 den
1372 801 64 36 vid
1468 804 97 33 1913
1596 804 59 34 års
1685 801 156 47 riksdag
1868 801 11 35 i
1908 814 102 35 prin-

414 853 59 49 cip
501 853 203 49 godkända
732 853 130 49 linjen,
892 866 88 23 men
1007 853 69 36 har
1105 853 97 36 dock
1231 853 74 36 den
1334 866 50 23 nu
1412 853 293 47 ifrågavarande
1734 829 119 72 linjen
1883 876 47 3 —
1951 853 59 35 för

413 905 329 48 tillmötesgående
770 918 46 23 av
845 904 162 37 militära
1035 905 94 36 krav
1156 927 50 4 —
1235 904 163 49 förlagts
1426 907 119 46 något
1572 909 129 32 väster
1730 917 60 23 om
1822 906 96 34 1913
1949 907 60 33 års

412 958 105 48 linje,
547 957 153 37 särskilt
728 957 187 36 nedanför
942 957 184 49 Vojakala
1155 957 51 49 by
1234 957 71 37 och
1333 957 63 36 vid
1416 957 240 48 Haparanda.
1699 957 84 36 Den
1802 956 207 48 västligare

412 1009 138 49 linjens
577 1009 199 36 utförande
805 1009 163 48 påyrkas
988 1023 50 22 nu
1058 1022 47 23 av
1125 1009 135 36 chefen
1280 1009 58 36 för
1357 1009 307 48 generalstaben,
1680 1008 136 36 medan
1837 1008 173 36 däremot

414 1062 72 35 den
529 1060 180 48 östligare
751 1061 119 47 linjen
911 1060 173 37 förordas
1122 1073 47 23 av
1201 1060 380 49 järnvägsstyrelsen
1610 1060 72 36 och
1709 1059 141 48 Kungl.
1881 1059 128 49 Maj:ts

413 1112 406 48 befallningshavande
847 1112 13 35 i
887 1112 254 36 Norrbottens
1169 1112 75 36 län.

516 1164 270 37 Kostnaderna
815 1163 59 37 för
902 1164 47 37 de
978 1163 186 38 särskilda
1193 1164 197 49 förslagen
1419 1163 111 38 ställa
1559 1163 59 49 sig
1647 1162 174 38 sålunda:

414 1233 687 50 Karungi—Kukkola—Haparanda
1149 1266 90 4 mmm
1259 1265 427 5 ssmmmsssrrrnnssrrnnssrnnnnssnnnsrsnna
1719 1233 203 47 1,495,000
1952 1232 55 36 kr.

408 1287 120 48 jämte
558 1299 47 23 en
633 1285 284 37 militärstation
945 1286 64 36 vid
1038 1287 120 35 TOSSå
1215 1317 473 4 maesssmsesmsmsmmmmmmmssmsssnsn
1761 1286 163 44 147,500
1965 1297 17 22 >»

1532 1352 158 49 tillhopa
1722 1355 201 45 1,642,500
1965 1365 18 23 >»

413 1404 862 50 Tossa—Pitkäjärvi—Vuono—Haparanda.....s
1391 1437 22 3 ms
1433 1436 254 4 smesseeseese
1720 1405 203 47 2,090,000
1965 1417 17 23 »

515 1474 84 36 Den
627 1473 59 37 för
714 1474 123 36 banan
865 1473 102 37 förut
995 1473 218 38 beräknade
1242 1473 360 38 kostnadssumman
1630 1472 122 37 skulle
1782 1473 122 48 alltså,
1921 1486 88 23 oav-

412 1531 74 31 sett
514 1526 128 36 vilken
671 1525 91 49 linje
791 1539 82 23 som
902 1531 48 31 än
978 1526 141 46 valdes,
1149 1526 152 36 komma
1316 1531 55 31 att
1390 1525 254 37 överskridas.
1699 1525 310 48 Merkostnaden,

413 1591 80 23 som
523 1577 121 37 skulle
672 1582 137 43 utgöra
837 1577 59 37 för
924 1577 73 37 den
1025 1578 182 48 östligare
1235 1577 119 48 linjen
1385 1579 163 56 147,500
1576 1577 143 36 kronor
1748 1577 70 37 och
1847 1577 60 37 för
1935 1577 74 36 den

412 1629 206 49 västligare
655 1629 120 49 linjen
813 1630 164 46 595,000
1015 1629 155 47 kronor,
1209 1629 139 37 hänför
1376 1629 60 48 sig
1464 1629 74 37 vad
1566 1628 70 37 den
1667 1628 102 37 förra
1797 1628 121 50 linjen
1946 1628 63 37 be-

412 1654 138 80 träffar
582 1681 241 37 uteslutande
865 1658 56 59 till
954 1682 72 36 den
1054 1681 240 50 anläggning
1324 1696 45 22 av
1398 1695 47 23 en
1473 1680 283 38 militärstation
1784 1680 65 37 vid
1875 1681 133 47 Tossa,

413 1748 82 23 som
524 1735 82 36 från
634 1733 315 49 generalstabens
979 1734 80 37 sida
1088 1734 227 37 framhållits
1345 1747 89 24 vara
1462 1733 235 50 nödvändig,
1715 1738 97 32 även
1841 1747 60 23 om
1935 1733 74 37 den

412 1787 181 48 östligare
623 1786 275 49 sträckningen
927 1786 121 37 skulle
1077 1787 151 36 komma
1257 1786 55 36 till
1340 1786 213 37 utförande.

518 1837 140 49 Kungl.
684 1838 127 48 Maj:ts
848 1837 267 49 föreliggande
1143 1838 147 48 förslag
1316 1840 112 46 utgår
1456 1838 81 36 från
1568 1838 75 36 den
1671 1837 337 48 förutsättningen,

413 1894 53 32 att
489 1889 216 49 järnvägen
734 1890 161 36 erhåller
914 1890 74 36 den
1008 1890 235 49 sträckning,
1264 1903 81 23 som
1365 1903 46 23 av
1426 1889 378 49 järnvägsstyrelsen
1824 1889 184 37 förordas.

516 1941 196 37 Utskottet
740 1942 123 35 finner
890 1942 73 48 väl,
993 1947 53 31 att
1075 1942 74 36 den
1177 1942 104 48 linje,
1311 1955 78 23 som
1420 1955 47 23 av
1495 1941 140 48 Kungl.
1662 1941 107 49 Maj:t
1789 1954 109 24 anses
1917 1941 92 37 böra

412 1994 158 46 utföras,
613 1993 118 36 ehuru
773 1993 73 36 den
888 1994 144 48 dragits
1074 1997 121 46 något
1235 1994 207 48 västligare
1485 1998 47 32 än
1561 1994 74 35 den
1663 1993 235 49 sträckning,
1928 2007 80 22 som

408 2045 380 58 Järnvägsstyrelsen
817 2048 40 33 år
888 2047 97 34 1912
1014 2045 236 49 ifrågasatte,
1279 2045 84 37 icke
1391 2050 41 31 är
1458 2045 12 36 i
1499 2045 192 36 önskvärd
1720 2045 96 48 grad
1847 2045 162 36 taktiskt

413 2096 182 57 skyddad.
652 2096 83 36 Den
775 2096 13 36 i
828 2097 159 37 ärendet
1026 2111 51 22 nu
1118 2097 218 37 förebrakta
1371 2097 255 48 utredningen
1655 2109 114 36 synes
1798 2096 210 37 emellertid

412 2161 89 35 giva
541 2148 64 36 vid
646 2147 161 48 handen,
850 2153 55 32 att
946 2149 64 37 det
1042 2149 83 36 icke
1153 2149 94 37 låter
1276 2149 60 48 sig
1363 2154 95 43 göra
1486 2153 54 32 att
1552 2125 155 60 bereda
1734 2148 87 36 fullt
1848 2148 160 37 taktiskt

412 2177 125 72 skydd
580 2203 37 34 åt
659 2214 45 23 en
747 2201 97 36 bana
887 2200 136 37 mellan
1065 2201 174 49 Karungi
1266 2201 72 36 och
1367 2200 240 50 Haparanda,
1637 2214 59 23 om
1726 2201 46 36 de
1802 2200 85 37 med
1916 2200 91 37 den-

414 2265 164 24 sammas
607 2252 241 49 anläggande
878 2253 168 37 avsedda
1075 2253 247 37 ekonomiska
1342 2254 70 36 och
1431 2252 202 37 kulturella
1653 2252 226 50 syftemålen
1895 2254 111 35 verk-

413 2304 104 48 ligen
559 2304 105 36 skola
694 2281 134 60 kunna
857 2308 158 46 uppnås.
1071 2305 59 36 Då
1158 2305 134 37 endast
1320 2305 72 36 den
1421 2305 181 48 östligare
1631 2304 273 49 sträckningen
1933 2304 74 36 till-

412 2356 166 48 godoser
619 2356 112 37 dessa
773 2357 248 50 synpunkter,
1064 2357 101 37 vilka
1206 2357 59 37 för
1299 2358 97 35 1913
1426 2359 59 34 års
1513 2356 157 49 riksdag
1697 2369 91 24 voro
1817 2357 47 36 de
1892 2362 115 42 avgö-
