1886 2804
568 144 276 32 Statsutskottets
863 146 176 31 utlåtande
1059 157 40 20 nr
1125 147 69 31 192.
1617 142 15 29 1

775 477 60 40 Nr
864 477 87 41 192.

348 602 184 30 Utlåtande
554 603 10 29 i
584 602 189 40 anledning
793 613 42 20 av
854 604 127 39 Kungl.
1001 604 125 40 Maj:ts
1146 605 217 39 proposition
1384 606 179 39 angående
1584 606 47 29 lö-

568 653 218 40 nereglering
813 654 57 39 för
898 655 261 39 övningslärare
1187 665 45 20 m.
1262 665 45 20 m.
1335 656 110 39 jämte
1474 657 11 29 i
1512 657 117 29 ämnet

569 704 123 30 väckta
720 704 184 31 motioner.

1388 757 76 34 (2:a
1486 757 94 35 avd.)

167 871 14 29 I
203 872 263 39 propositionen
487 881 42 20 nr
553 872 61 29 136
636 872 64 30 har
721 872 127 40 Kungl.
872 873 115 39 Maj:t,
1010 874 112 29 under
1143 874 220 40 åberopande
1386 885 42 20 av
1448 875 108 40 bilagt
1577 877 53 28 ut-

123 923 86 38 drag
230 930 42 22 av
294 923 383 39 statsrådsprotokollet
699 924 80 29 över
800 924 276 30 finansärenden
1098 924 55 31 för
1174 925 68 30 den
1263 926 19 29 5
1304 935 96 21 mars
1424 926 94 35 1948,
1540 927 90 29 före-

124 973 101 38 slagit
243 973 189 39 riksdagen
450 975 50 27 att
518 974 73 29 dels
611 974 186 38 godkänna
815 975 42 29 de
875 975 11 29 i
906 975 384 40 statsrådsprotokollet
1309 976 197 40 framlagda
1526 985 104 31 grun-

123 1024 108 29 derna
261 1024 56 29 för
347 1032 43 20 en
421 1024 298 39 omorganisation
750 1034 43 20 av
822 1025 310 39 övningslärarnas
1162 1026 198 40 avlönings-
1390 1028 65 29 och
1486 1028 143 30 anställ-

123 1074 362 38 ningsförhållanden,
514 1075 127 29 avsedd
670 1076 50 28 att
748 1084 58 20 om
834 1075 139 39 möjligt
1000 1076 101 30 träda
1129 1076 12 30 i
1168 1077 225 40 tillämpning
1420 1079 67 29 den
1518 1079 14 29 1
1561 1078 68 40 juli

125 1125 93 33 1949,
263 1125 74 29 dels
360 1125 65 29 ock
448 1125 169 39 medgiva,
643 1127 50 28 att
716 1134 43 20 en
781 1126 217 39 provisorisk
1021 1126 212 40 förbättring
1256 1137 42 21 av
1320 1129 308 39 övningslärarnas

123 1175 431 39 avlöningsförhållanden
575 1176 58 29 må
654 1176 209 30 verkställas
884 1177 56 29 för
961 1177 204 40 budgetåret
1189 1178 151 36 1948/49
1361 1179 11 29 i
1394 1179 235 39 huvudsaklig

122 1226 348 29 överensstämmelse
492 1227 80 29 med
594 1235 43 21 av
658 1227 124 29 chefen
805 1227 56 30 för
883 1227 399 41 finansdepartementet
1304 1230 11 28 i
1337 1230 155 30 nämnda
1513 1232 116 38 proto-

122 1276 72 30 koll
222 1277 186 29 förordade
437 1277 152 38 grunder
616 1278 65 29 och
707 1278 12 29 i
745 1278 154 39 enlighet
925 1279 80 29 med
1032 1279 42 30 de
1102 1280 162 29 närmare
1291 1280 233 36 föreskrifter,
1553 1290 74 21 som

121 1327 178 29 meddelas
323 1336 43 21 av
390 1327 125 39 Kungl.
540 1328 116 39 Maj:t.

167 1427 13 29 I
210 1428 170 29 samband
409 1428 146 29 härmed
584 1428 64 29 har
677 1429 171 30 utskottet
878 1429 53 30 till
960 1429 213 40 behandling
1201 1430 156 31 förehaft

166 1478 74 29 dels
260 1478 58 29 två
339 1478 224 38 likalydande
584 1479 183 34 motioner,
788 1480 126 29 väckta
935 1480 67 29 den
1023 1489 66 21 ena
1110 1481 95 29 inom
1227 1481 112 30 första
1359 1482 207 30 kammaren
1587 1491 42 21 av

118 1529 58 30 fru
203 1529 156 30 Svenson
388 1530 65 30 och
482 1530 80 30 herr
590 1530 79 30 Ivar
696 1531 151 30 Persson
882 1531 46 34 (1:
945 1531 80 34 279)
1060 1533 65 29 och
1153 1533 67 29 den
1250 1533 110 30 andra
1390 1534 95 29 inom
1515 1534 110 29 andra

122 1579 206 29 kammaren
350 1587 43 22 av
412 1579 82 29 herr
513 1580 200 30 Pettersson
734 1580 11 29 i
765 1580 91 29 Dahl
877 1590 46 20 m.
943 1580 38 40 fl.
1008 1580 63 34 (II:
1087 1581 96 35 434),
1203 1582 12 29 i
1234 1582 95 30 vilka
1348 1583 208 34 hemställts,
1578 1585 50 28 att

121 1629 188 39 riksdagen
328 1630 109 29 måtte
457 1630 146 34 besluta,
624 1632 50 28 att
694 1631 298 39 löneregleringen
1012 1631 55 30 för
1087 1632 262 40 övningslärare
1370 1634 89 29 skall
1479 1634 149 30 omfatta

121 1680 87 29 även
232 1680 41 30 de
300 1680 329 31 statsunderstödda
652 1681 330 40 folkhögskolorna;

167 1731 73 29 dels
260 1731 58 29 två
339 1731 224 39 likalydande
584 1732 182 34 motioner,
788 1733 126 29 väckta
935 1733 67 29 den
1023 1742 65 21 ena
1108 1734 95 29 inom
1226 1734 112 30 första
1358 1735 207 30 kammaren
1587 1744 42 21 av

121 1781 81 28 herr
226 1782 111 29 Äman
362 1791 46 20 m.
433 1782 38 39 fl.
503 1782 45 32 (1:
565 1782 80 33 289)
676 1782 64 30 och
766 1783 68 29 den
859 1783 110 30 andra
993 1784 96 29 inom
1115 1784 109 30 andra
1248 1785 208 30 kammaren
1481 1795 42 21 av
1546 1786 81 29 herr

122 1831 127 40 Kyling
271 1841 45 20 m.
339 1832 39 39 fl.
407 1832 62 32 (II:
486 1832 96 34 443),
604 1833 11 28 i
637 1833 94 29 vilka
754 1833 210 39 föreslagits,
988 1835 51 28 att
1060 1835 112 29 lärare
1194 1835 12 29 i
1228 1835 159 39 kvinnlig
1409 1836 65 29 och
1495 1837 133 38 manlig

123 1882 91 37 slöjd
234 1882 199 38 jämställas
455 1882 11 29 i
487 1882 279 30 lönehänseende
789 1885 91 27 samt
903 1885 50 28 att
975 1884 41 29 de
1038 1884 157 39 placeras
1216 1885 12 29 i
1249 1885 166 39 lönegrad
1440 1887 54 34 19;

165 1932 74 28 dels
260 1932 57 29 två
338 1932 223 39 likalydande
583 1933 182 34 motioner,
787 1934 126 29 väckta
934 1934 67 29 den
1022 1943 65 21 ena
1108 1935 95 29 inom
1225 1935 112 30 första
1358 1936 206 30 kammaren
1586 1946 41 20 av

122 1982 80 28 herr
225 1982 112 30 Äman
362 1992 46 20 m.
433 1982 38 39 fl.
502 1983 46 32 (1:
565 1983 80 33 290)
675 1983 65 30 och
764 1984 68 29 den
858 1984 110 30 andra
992 1984 96 30 inom
1114 1985 109 30 andra
1248 1986 207 30 kammaren
1481 1996 42 21 av
1547 1987 80 30 herr

122 2032 127 40 Kyling
272 2042 45 20 m.
340 2033 39 39 fl.
409 2033 62 33 (II:
487 2034 96 33 442),
606 2034 11 28 i
640 2034 94 30 vilka
758 2034 209 34 hemställts,
992 2037 50 27 att
1065 2035 187 39 riksdagen
1275 2036 108 30 måtte
1406 2037 146 35 besluta,
1576 2039 51 28 att

121 2083 174 29 ordinarie
317 2084 113 28 lärare
453 2084 9 29 i
484 2084 174 39 teckning,
681 2085 119 29 musik
821 2085 65 29 och
909 2086 200 38 gymnastik
1130 2086 57 30 vid
1210 2087 191 30 fristående
1425 2088 201 34 realskolor,

120 2133 105 37 högre
249 2134 229 29 kommunala
503 2134 116 30 skolor
643 2135 64 29 och
730 2135 247 30 läroanstalter
1000 2136 55 29 för
1079 2136 118 30 blinda
1220 2137 65 29 och
1308 2138 223 31 dövstumma
1554 2137 72 41 pla-

122 2191 97 21 ceras
246 2184 11 28 i
284 2184 165 38 lönegrad
478 2185 51 32 23,
557 2187 51 27 att
635 2185 174 30 ordinarie
839 2186 111 29 lärare
979 2186 10 29 i
1018 2187 318 39 hushållsgöromål
1363 2188 57 29 vid
1448 2189 178 30 allmänna

121 2233 169 34 läroverk,
319 2234 230 29 kommunala
577 2235 64 28 och
668 2235 185 39 praktiska
881 2236 260 34 mellanskolor,
1169 2237 106 38 högre
1304 2238 205 35 folkskolor,
1537 2240 89 29 läro-

120 2284 168 28 anstalter
311 2284 56 28 för
390 2284 119 29 blinda
532 2285 64 28 och
619 2285 223 29 dövstumma
866 2288 90 27 samt
979 2285 56 30 vid
1059 2286 90 29 folk-
1170 2287 65 29 och
1259 2287 367 40 fortsättningsskolor

120 2334 156 39 placeras
299 2334 10 28 i
333 2334 88 38 lägst
445 2334 163 38 lönegrad
633 2335 51 33 20,
707 2337 51 27 att
782 2336 113 29 lärare
918 2336 10 28 i
951 2336 159 38 kvinnlig
1134 2336 90 39 slöjd
1252 2337 57 29 vid
1334 2338 179 30 allmänna
1537 2339 88 29 läro-

121 2384 94 32 verk,
236 2384 146 38 manligt
404 2384 247 30 seminariums
671 2385 259 38 övningsskola,
952 2386 244 30 läroanstalter
1217 2387 55 30 för
1292 2388 222 31 dövstumma
1536 2391 90 28 samt

122 2434 89 29 folk-
231 2434 65 29 och
317 2434 367 39 fortsättningsskolor
705 2436 9 29 i
737 2436 278 29 lönehänseende
1037 2437 172 30 likställas
1230 2438 79 29 med
1331 2438 112 30 lärare
1464 2440 10 28 i
1495 2440 132 38 manlig

150 2500 11 26 1
206 2501 112 31 Bihang
330 2501 47 24 till
389 2501 169 31 riksdagens
569 2502 147 30 protokoll
729 2503 76 24 1948.
826 2504 15 23 6
853 2503 83 24 saml.
951 2506 38 23 Nr
1007 2506 55 24 192.
