2182 2616
588 152 122 32 Andra
735 154 260 39 lagutskottets
1018 155 187 32 utlåtande
1228 156 52 31 Nr
1303 156 47 32 15.
1734 159 38 29 13

280 228 115 29 Härav
424 230 149 35 framgår
600 230 98 29 bland
728 234 115 34 annat,
872 234 53 27 att
952 232 241 37 beläggningen
1228 235 19 28 å
1280 235 40 29 de
1353 235 172 31 allmänna
1559 238 213 29 anstalterna

170 275 90 25 utom
293 273 173 37 Svartsjö-,
496 274 229 30 Landskrona-
756 276 59 28 och
846 277 452 36 Gunnarskog-anstalterna
1318 297 40 2 —
1379 279 89 30 vilka
1489 281 34 36 ju
1546 284 59 26 äro
1627 283 145 28 avsedda

171 317 50 27 för
249 317 158 36 speciella
436 318 191 35 kategorier
655 328 39 20 av
723 320 222 29 alkoholister
971 324 87 27 samt
1084 323 52 27 för
1161 322 144 30 kvinnor
1328 341 41 3 —
1395 324 53 29 vid
1478 325 118 36 början
1624 335 39 20 av
1689 327 80 28 åren

169 361 88 36 1920,
288 361 70 28 1921
389 362 59 27 och
474 362 79 28 1922
579 371 59 20 var
663 372 84 28 resp.
772 364 48 34 76,
850 365 50 27 121
931 365 60 28 och
1012 366 58 29 137
1089 369 88 26 samt
1197 366 52 30 vid
1270 367 235 31 sistförflutna
1526 370 246 30 månadsskifte

168 404 68 28 143.
287 405 15 27 I
331 405 175 37 belysning
531 415 40 20 av
598 407 109 29 denna
734 408 134 36 hastiga
896 409 151 36 stegring
1069 411 162 28 framstår
1254 412 63 28 den
1343 413 194 28 nuvarande
1561 414 209 36 marginalen

167 456 39 20 av
235 448 121 29 inalles
384 450 40 27 22
455 449 108 37 lediga
592 451 130 36 platser
748 453 19 27 å
797 452 97 29 dessa
925 454 176 36 anstalter,
1135 456 237 28 motsvarande
1402 457 121 29 endast
1557 458 69 36 13,0
1661 459 32 36 £
1730 467 40 20 av

166 492 74 28 hela
264 492 235 38 platsantalet,
524 494 108 28 såsom
658 495 265 37 uppenbarligen
949 498 138 28 alldeles
1117 498 217 37 otillräcklig.
1386 500 159 29 Kommer
1574 502 37 29 så
1641 502 129 36 härtill,

166 537 52 27 att
242 536 230 29 ovanberörda
495 546 44 19 nu
564 538 172 35 pågående
760 539 438 37 upplysningsverksamhet
1228 542 103 29 bland
1361 543 409 36 nykterhetsnämnderna

165 579 196 36 antagligen
394 580 95 29 torde
520 581 152 29 medföra
703 582 106 29 ökade
841 584 147 35 anspråk
1018 586 41 35 på
1089 586 288 37 anstaltsplatser,
1408 589 88 27 samt
1526 589 62 36 att,
1619 590 108 28 såsom
1759 589 10 28 i

164 622 171 29 motionen
366 623 206 37 framhålles,
604 625 211 37 proposition
848 627 71 28 med
953 628 128 37 förslag
1101 646 41 3 —
1164 629 11 28 i
1197 629 149 37 enlighet
1369 631 73 28 med
1466 631 197 38 riksdagens
1687 633 80 29 skri-

164 667 87 28 velse
274 667 63 29 den
362 668 38 28 16
424 668 88 36 april
537 669 80 27 1918
639 686 41 3 —
704 669 53 30 till
781 670 301 39 alkoholistlagens
1112 674 243 29 utsträckande
1385 677 53 27 att
1467 676 146 30 omfatta
1642 677 125 37 jämväl

165 711 83 33 dem,
275 720 69 19 som
372 714 62 26 äro
459 712 184 30 hemfallna
670 714 35 28 åt
733 714 233 39 dryckenskap
986 717 60 28 och
1069 718 193 37 upprepade
1285 719 126 36 gånger
1432 720 111 28 dömts
1567 720 53 29 till
1643 730 123 20 ansvar

165 755 53 28 för
244 755 123 37 fylleri,
393 756 90 33 lärer
506 765 81 21 vara
613 759 53 27 att
691 759 158 29 förvänta
876 759 88 29 inom
980 761 85 36 kort,
1085 762 36 28 så
1140 761 98 38 inses,
1258 765 52 26 att
1330 763 121 36 frågan
1469 773 51 19 om
1539 765 227 30 anskaffande

163 808 39 19 av
224 799 224 38 erforderliga
469 801 341 38 anstaltsutrymmen
832 804 54 27 för
908 804 221 30 alkoholister
1152 806 87 36 ånyo
1261 806 117 37 börjar
1401 807 89 30 bliva
1514 809 139 29 aktuell.
1700 810 66 29 Det

163 844 39 28 är
226 845 69 27 mot
321 844 110 29 denna
455 844 178 37 bakgrund
657 854 77 21 man
761 847 96 29 torde
883 848 81 29 böra
986 858 32 20 se
1041 850 56 29 det
1119 850 233 37 föreliggande
1374 852 174 36 förslaget.

272 905 182 31 Parallellt
485 907 83 37 med,
602 908 83 29 eller
716 909 175 37 riktigare,
926 911 110 28 såsom
1069 921 40 20 en
1142 913 53 29 del
1228 921 41 20 av
1301 913 186 37 problemet
1519 923 52 19 om
1607 916 158 29 anstalts-

161 948 139 37 frågans
324 950 139 30 lösande
485 951 158 30 inställer
665 952 51 37 sig
740 954 202 36 spörsmålet
964 963 51 20 om
1043 956 188 37 skapandet
1259 965 41 21 av
1327 957 113 30 bättre
1468 958 214 37 möjligheter
1709 960 55 29 till

161 993 270 38 ändamålsenlig
459 995 208 38 gruppering
696 1006 39 20 av
767 998 40 29 de
836 999 19 28 å
884 999 354 31 alkoholistanstalter
1266 1000 151 39 intagna.
1469 1002 17 28 I
1515 1002 149 38 enlighet
1693 1004 71 29 här-

160 1037 73 28 med
262 1038 112 36 syftar
400 1039 99 29 också
527 1040 223 31 förevarande
777 1042 129 29 motion
935 1043 53 29 till
1012 1045 50 28 ett
1086 1044 198 30 avlastande
1308 1054 41 20 av
1372 1046 41 29 de
1434 1046 174 30 allmänna
1632 1048 132 29 alkoho-

160 1080 279 32 listanstalterna
472 1091 118 29 genom
624 1084 188 31 beredande
846 1095 41 20 av
920 1088 82 28 vård
1033 1089 43 36 på
1106 1090 106 28 annat
1242 1090 72 28 sätt
1343 1090 37 29 åt
1410 1090 231 39 alkoholister,
1672 1092 91 30 vilka

159 1133 117 29 genom
300 1126 75 30 sina
398 1127 225 38 föregåenden
646 1129 97 39 visat,
769 1132 53 28 att
845 1131 40 30 de
908 1131 72 30 icke
1001 1134 59 28 äro
1084 1133 155 37 lämpade
1261 1135 54 29 att
1337 1134 285 39 omhändertagas
1644 1137 43 37 på
1710 1146 53 20 an-

160 1169 130 38 stalter,
319 1171 63 29 där
408 1172 191 37 vårdsyftet
625 1175 48 36 är,
702 1174 73 30 ”att
803 1175 41 30 de
870 1176 20 28 å
918 1177 172 30 anstalten
1117 1177 143 37 intagna
1288 1178 95 30 skola
1411 1188 118 28 genom
1559 1180 115 31 arbete
1702 1181 61 29 och

159 1214 161 29 moralisk
350 1216 170 37 påverkan
549 1219 111 28 sättas
688 1218 12 29 i
729 1219 101 29 stånd
859 1221 54 28 att
940 1221 117 37 återgå
1082 1221 54 30 till
1161 1224 51 28 ett
1236 1223 138 36 nyktert
1399 1224 61 29 och
1485 1224 186 38 ordentligt
1695 1225 67 30 liv”

165 1258 457 39 (Venngarnsreglementets
655 1261 16 38 $
705 1262 49 37 1).
811 1263 149 31 Särskilt
979 1274 97 21 avser
1093 1266 172 30 motionen
1286 1267 131 30 sådana
1437 1268 231 39 alkoholister,
1691 1279 70 20 som

159 1302 145 38 tidigare
335 1305 195 36 upprepade
560 1306 127 37 gånger
715 1307 92 29 varit
837 1307 143 39 intagna
1010 1310 19 29 å
1058 1310 472 40 försörjningsinrättningar,
1562 1313 61 29 och
1654 1314 108 29 skulle

158 1347 96 29 dessa
280 1348 108 37 enligt
414 1348 223 31 förevarande
663 1351 129 37 förslag
817 1352 117 30 kunna
959 1353 191 31 interneras
1175 1356 20 28 å
1222 1355 200 30 arbetshem.

267 1408 201 31 Emellertid
501 1410 153 38 framgår
686 1421 40 20 av
758 1413 241 38 efterföljande
1028 1416 93 29 tablå
1150 1416 47 37 II,
1228 1418 53 29 att
1310 1418 131 29 antalet
1469 1419 130 30 sådana
1629 1419 131 31 alkoho-

155 1451 106 38 lister,
289 1453 92 30 vilka
408 1453 148 38 tidigare
583 1457 196 37 upprepade
805 1458 128 37 gånger
957 1459 89 30 varit
1070 1459 143 39 intagna
1238 1461 20 29 å
1283 1461 474 41 försörjningsinrättningar,

155 1498 101 35 utgör
284 1506 41 21 en
354 1498 136 41 ganska
513 1499 172 39 obetydlig
713 1501 54 30 del
797 1510 40 21 av
868 1503 160 38 samtliga
1055 1504 153 38 intagna.
1261 1505 67 30 Till
1357 1506 69 30 viss
1454 1507 54 30 del
1538 1509 98 29 torde
1664 1509 96 30 detta

155 1541 147 30 resultat
333 1542 198 38 visserligen
565 1544 79 30 bero
675 1546 44 36 på
751 1546 249 39 ofullständiga
1029 1548 175 38 uppgifter
1231 1549 12 29 i
1272 1550 96 30 detta
1397 1551 189 31 hänseende
1615 1554 145 29 rörande

154 1586 39 29 de
223 1586 20 29 å
274 1586 356 32 alkoholistanstalter
659 1589 152 38 intagna.
866 1591 128 31 Vidare
1022 1594 96 29 torde
1146 1594 161 37 åtgärder
1334 1603 52 21 om
1414 1596 212 38 internering
1652 1598 108 37 enligt

156 1630 284 39 alkoholistlagen
473 1641 41 20 av
546 1633 117 37 dylika
695 1635 176 30 notoriska
904 1636 309 39 försörjningshjon
1247 1638 127 31 hittills
1406 1640 12 28 i
1450 1640 92 30 vissa
1574 1641 64 30 fall
1672 1642 86 30 hava

156 1674 212 38 uraktlåtits,
394 1676 73 37 just
492 1677 75 29 med
594 1677 131 38 hänsyn
751 1679 55 30 till
833 1680 99 30 deras
958 1682 297 38 oförbätterlighet
1287 1684 61 29 och
1380 1684 130 30 bristen
1541 1686 44 36 på
1616 1686 143 38 lämplig

153 1719 299 31 alkoholistantalt
471 1721 54 28 för
544 1721 100 30 deras
665 1723 341 39 omhändertagande.
1036 1723 92 33 Även
1146 1727 12 28 i
1176 1727 225 31 betraktande
1420 1729 104 29 härav
1544 1739 100 28 synas
1663 1731 95 30 emel-

152 1763 102 29 lertid
279 1764 40 29 de
344 1764 12 29 i
381 1765 118 29 tablån
523 1766 196 31 meddelade
743 1768 166 30 siffrorna
934 1770 77 37 giva
1034 1770 56 30 vid
1114 1771 142 38 handen,
1282 1774 54 27 att
1359 1773 110 37 någon
1493 1775 163 29 avsevärd
1678 1775 79 30 lätt-

153 1807 66 29 nad
241 1807 73 30 icke
334 1808 68 30 kan
424 1809 139 30 beredas
584 1811 41 29 de
647 1813 111 36 öppna
780 1812 175 31 allmänna
975 1815 409 40 alkoholistanstalterna,
1408 1826 52 20 om
1482 1826 78 22 man
1581 1836 42 3 —
1645 1820 110 29 såsom

154 1851 206 31 åtminstone
391 1855 97 35 göres
518 1853 12 30 i
562 1854 190 31 motionens
783 1857 172 31 kasuistik
975 1876 43 4 —
1042 1860 109 29 skulle
1175 1859 187 32 inskränka
1388 1861 51 38 sig
1465 1862 54 30 till
1546 1863 53 30 att
1625 1863 55 29 till
1706 1872 49 21 ar-

151 1895 148 30 betshem
325 1897 184 38 överflytta
534 1899 122 31 endast
680 1900 84 38 dem,
788 1900 93 32 vilka
907 1904 195 38 upprepade
1129 1905 127 37 gånger
1282 1905 90 30 varit
1399 1906 143 38 intagna
1571 1908 20 29 å
1618 1908 137 38 försörj-

150 1939 270 38 ningsanstalter
441 1951 27 21 o.
490 1942 31 30 d.
