2178 2616
578 162 122 31 Andra
727 162 260 41 lagutskottets
1011 162 193 33 utlåtande
1224 163 57 32 Nr
1302 163 52 32 15.
1759 163 12 29 1

903 585 58 40 Nr
993 585 60 42 15.

727 763 111 24 Ankom
861 763 44 24 till
929 763 170 29 riksdagens
1121 764 96 24 kansli
1238 764 55 25 den
1314 764 33 24 21
1369 765 75 29 april
1467 765 68 24 1922
1556 765 37 25 kl.
1616 766 16 24 5
1655 772 23 18 e.
1702 773 35 17 m.

398 855 198 33 Utlåtande
615 855 14 33 i
649 855 198 43 anledning
866 866 43 22 av
929 856 108 32 väckt
1054 856 138 32 motion
1210 856 186 42 angående
1414 867 44 22 en
1474 858 230 41 provisorisk
1718 859 58 41 lag

463 903 6 5 |
616 919 56 21 om
701 909 199 41 intagande
930 919 44 22 av
989 909 94 32 vissa
1105 910 239 32 alkoholister
1373 911 11 31 å
1401 912 191 40 anstalter,
1611 921 72 22 som
1707 922 68 21 om-

613 962 177 41 förmälas
820 963 11 31 i
859 961 42 33 31
933 962 61 33 och
1016 962 45 33 33
1082 962 38 41 $$
1141 973 43 22 av
1206 963 105 42 lagen
1332 973 54 22 om
1407 964 260 42 fattigvården.

285 1140 18 31 I
332 1149 43 23 en
401 1140 98 40 inom
526 1140 119 33 första
671 1140 211 33 kammaren
907 1141 119 41 väckt,
1049 1142 60 31 till
1131 1142 207 42 lagutskott
1359 1143 178 34 hänvisad
1560 1145 148 42 motion,
1732 1155 45 22 nr

175 1194 54 40 81,
254 1191 123 35 vilken
401 1194 216 32 behandlats
642 1204 45 22 av
711 1194 118 33 andra
851 1194 253 42 lagutskottet,
1129 1196 93 33 hava
1247 1197 127 33 herrar
1397 1198 131 41 Alfred
1550 1199 136 33 Petrén
1710 1200 66 32 och

173 1257 70 22 von
264 1247 106 33 Koch
394 1247 198 42 hemställt,
615 1249 57 31 att
696 1247 195 42 riksdagen
915 1248 59 32 för
993 1249 56 31 sin
1069 1249 58 32 del
1145 1250 87 32 ville
1251 1251 136 41 antaga
1406 1251 271 34 nedanstående
1696 1262 79 32 pro-

174 1301 180 33 visoriska
371 1301 70 41 lag.

937 1478 86 53 Lag

172 1596 55 22 om
257 1586 200 42 intagande
486 1596 43 22 av
557 1586 98 32 vissa
684 1586 239 33 alkoholistet
952 1586 21 32 å
989 1588 191 41 anstalter,
1199 1598 73 22 som
1296 1590 235 40 omförmälas
1549 1591 14 32 i
1580 1591 42 32 31
1644 1592 65 32 och
1729 1591 45 33 33

175 1641 38 38 $$
244 1650 44 22 av
317 1640 102 42 lagen
448 1650 56 22 om
531 1636 250 46 fattigvården
810 1641 68 32 den
904 1640 42 40 14
970 1641 81 42 juni
1071 1641 100 33 1918.

941 1748 73 40 138.

250 1859 2 4 »«
283 1836 82 33 Har
396 1837 227 42 Konungens
655 1837 389 42 befallningshavande
1074 1838 149 41 jämlikt
1253 1839 107 42 lagen
1391 1849 57 23 om
1478 1840 222 43 behandling
1730 1851 46 24 av

173 1890 240 32 alkoholister
439 1890 69 32 den
532 1890 44 33 30
600 1891 83 41 juni
707 1891 89 32 1913
821 1891 193 34 förordnat
1039 1901 57 23 om
1121 1892 200 42 intagande
1345 1893 21 32 å
1390 1894 139 33 allmän
1552 1896 141 36 anstalt
1718 1895 59 32 för

173 1943 91 32 vård
291 1953 45 23 av
364 1943 238 34 alkoholister
628 1954 45 23 av
700 1954 143 32 person,
872 1954 76 23 som
976 1945 158 42 tidigare
1154 1946 151 33 vårdats
1326 1947 22 32 å
1368 1947 115 33 sådan
1504 1949 139 32 anstalt
1663 1949 114 32 minst

174 2006 62 23 sex
263 1997 185 42 månader,
476 1998 58 32 må
560 1998 83 41 han,
671 1998 124 33 därest
821 1999 84 41 föga
931 1999 119 32 utsikt
1064 1999 122 33 finnes
1200 2000 59 32 för
1273 2001 92 32 hans
1380 2001 255 34 förbättrande
1648 2012 130 32 genom

174 2051 308 41 anstaltsvården,
512 2051 125 33 kunna
665 2051 148 42 intagas
841 2053 22 31 å
890 2053 151 41 anstalt,
1074 2063 76 22 som
1180 2054 234 33 omförmäles
1443 2055 14 32 i
1487 2055 43 32 31
1561 2056 66 32 och
1657 2056 45 32 33
1736 2056 39 40 $$

174 2113 45 23 av
243 2104 107 41 lagen
375 2113 57 23 om
456 2105 251 41 fattigvården
731 2105 70 32 den
826 2106 43 31 14
892 2105 83 42 juni
1005 2107 100 41 1918,
1135 2116 57 23 om
1222 2107 62 33 vid
1314 2107 209 34 densamma.
1553 2109 122 32 finnes
1704 2112 74 29 sär-

175 2156 97 33 skild
297 2157 206 42 avdelning,
526 2158 124 32 vilken
675 2168 46 24 av
744 2159 208 42 Konungen
976 2160 182 42 godkänts
1197 2161 59 32 för
1294 2162 235 41 mottagande
1567 2171 45 24 av
1651 2163 126 41 dylika

174 2210 249 34 alkoholister.

283 2279 111 36 Bihang
412 2280 43 28 till
473 2280 160 36 riksdagens
646 2281 140 41 protokoll
805 2282 84 28 1922.
927 2283 18 27 9
962 2282 78 28 saml.
1079 2284 18 26 2
1116 2282 59 28 avd.
1214 2284 34 26 13
1267 2283 71 34 häft.
1376 2283 56 35 (Nr
1451 2284 55 33 15)
1729 2285 11 26 1
