<?xml version="1.0" encoding="UTF-8"?>
<alto xmlns="http://www.loc.gov/standards/alto/ns-v3#" xmlns:xlink="http://www.w3.org/1999/xlink" xmlns:xsi="http://www.w3.org/2001/XMLSchema-instance" xsi:schemaLocation="http://www.loc.gov/standards/alto/ns-v3# http://www.loc.gov/alto/v3/alto-3-0.xsd">
	<Description>
		<MeasurementUnit>pixel</MeasurementUnit>
		<sourceImageInformation>
			<fileName>/tmp/tess_a15luqgv_input.PNG</fileName>
		</sourceImageInformation>
		<OCRProcessing ID="OCR_0">
			<ocrProcessingStep>
				<processingSoftware>
					<softwareName>tesseract 5.3.0</softwareName>
				</processingSoftware>
			</ocrProcessingStep>
		</OCRProcessing>
	</Description>
	<Layout>
		<Page WIDTH="1896" HEIGHT="2826" PHYSICAL_IMG_NR="0" ID="page_0">
			<PrintSpace HPOS="0" VPOS="0" WIDTH="1896" HEIGHT="2826">
				<ComposedBlock ID="cblock_0" HPOS="461" VPOS="153" WIDTH="1164" HEIGHT="39">
					<TextBlock ID="block_0" HPOS="461" VPOS="153" WIDTH="1164" HEIGHT="39">
						<TextLine ID="line_0" HPOS="461" VPOS="153" WIDTH="1164" HEIGHT="39">
							<String ID="string_0" HPOS="461" VPOS="153" WIDTH="388" HEIGHT="32" WC="0.89" CONTENT="Jordbruksutskottets"/><SP WIDTH="16" VPOS="153" HPOS="849"/>
							<String ID="string_1" HPOS="865" VPOS="156" WIDTH="179" HEIGHT="30" WC="0.96" CONTENT="utlåtande"/><SP WIDTH="14" VPOS="156" HPOS="1044"/>
							<String ID="string_2" HPOS="1058" VPOS="166" WIDTH="43" HEIGHT="20" WC="0.96" CONTENT="nr"/><SP WIDTH="15" VPOS="166" HPOS="1101"/>
							<String ID="string_3" HPOS="1116" VPOS="158" WIDTH="40" HEIGHT="29" WC="0.96" CONTENT="18"/><SP WIDTH="14" VPOS="158" HPOS="1156"/>
							<String ID="string_4" HPOS="1170" VPOS="159" WIDTH="40" HEIGHT="30" WC="0.96" CONTENT="år"/><SP WIDTH="16" VPOS="159" HPOS="1210"/>
							<String ID="string_5" HPOS="1226" VPOS="159" WIDTH="83" HEIGHT="29" WC="0.96" CONTENT="1968"/><SP WIDTH="298" VPOS="159" HPOS="1309"/>
							<String ID="string_6" HPOS="1607" VPOS="163" WIDTH="18" HEIGHT="29" WC="0.94" CONTENT="7"/>
						</TextLine>
					</TextBlock>
				</ComposedBlock>
				<ComposedBlock ID="cblock_1" HPOS="138" VPOS="233" WIDTH="1484" HEIGHT="626">
					<TextBlock ID="block_1" HPOS="138" VPOS="233" WIDTH="1484" HEIGHT="265">
						<TextLine ID="line_1" HPOS="141" VPOS="233" WIDTH="1481" HEIGHT="48">
							<String ID="string_7" HPOS="141" VPOS="234" WIDTH="52" HEIGHT="28" WC="0.96" CONTENT="att"/><SP WIDTH="17" VPOS="234" HPOS="193"/>
							<String ID="string_8" HPOS="210" VPOS="233" WIDTH="208" HEIGHT="40" WC="0.96" CONTENT="indragning"/><SP WIDTH="18" VPOS="233" HPOS="418"/>
							<String ID="string_9" HPOS="436" VPOS="244" WIDTH="41" HEIGHT="20" WC="0.93" CONTENT="av"/><SP WIDTH="16" VPOS="244" HPOS="477"/>
							<String ID="string_10" HPOS="493" VPOS="235" WIDTH="178" HEIGHT="38" WC="0.91" CONTENT="körlinjen"/><SP WIDTH="17" VPOS="235" HPOS="671"/>
							<String ID="string_11" HPOS="688" VPOS="237" WIDTH="38" HEIGHT="29" WC="0.96" CONTENT="är"/><SP WIDTH="17" VPOS="237" HPOS="726"/>
							<String ID="string_12" HPOS="743" VPOS="237" WIDTH="148" HEIGHT="40" WC="0.96" CONTENT="förenlig"/><SP WIDTH="17" VPOS="237" HPOS="891"/>
							<String ID="string_13" HPOS="908" VPOS="238" WIDTH="80" HEIGHT="30" WC="0.93" CONTENT="med"/><SP WIDTH="17" VPOS="238" HPOS="988"/>
							<String ID="string_14" HPOS="1005" VPOS="239" WIDTH="177" HEIGHT="36" WC="0.92" CONTENT="mejeriets"/><SP WIDTH="19" VPOS="239" HPOS="1182"/>
							<String ID="string_15" HPOS="1201" VPOS="240" WIDTH="196" HEIGHT="40" WC="0.96" CONTENT="skyldighet"/><SP WIDTH="18" VPOS="240" HPOS="1397"/>
							<String ID="string_16" HPOS="1415" VPOS="243" WIDTH="50" HEIGHT="28" WC="0.96" CONTENT="att"/><SP WIDTH="17" VPOS="243" HPOS="1465"/>
							<String ID="string_17" HPOS="1482" VPOS="242" WIDTH="44" HEIGHT="39" WC="0.92" CONTENT="på"/><SP WIDTH="18" VPOS="242" HPOS="1526"/>
							<String ID="string_18" HPOS="1544" VPOS="241" WIDTH="78" HEIGHT="30" WC="0.91" CONTENT="skä-"/>
						</TextLine>
						<TextLine ID="line_2" HPOS="143" VPOS="276" WIDTH="1479" HEIGHT="46">
							<String ID="string_19" HPOS="143" VPOS="276" WIDTH="67" HEIGHT="39" WC="0.96" CONTENT="liga"/><SP WIDTH="20" VPOS="276" HPOS="210"/>
							<String ID="string_20" HPOS="230" VPOS="277" WIDTH="124" HEIGHT="30" WC="0.96" CONTENT="villkor"/><SP WIDTH="19" VPOS="277" HPOS="354"/>
							<String ID="string_21" HPOS="373" VPOS="281" WIDTH="35" HEIGHT="28" WC="0.96" CONTENT="ta"/><SP WIDTH="19" VPOS="281" HPOS="408"/>
							<String ID="string_22" HPOS="427" VPOS="282" WIDTH="92" HEIGHT="27" WC="0.96" CONTENT="emot"/><SP WIDTH="19" VPOS="282" HPOS="519"/>
							<String ID="string_23" HPOS="538" VPOS="280" WIDTH="113" HEIGHT="37" WC="0.96" CONTENT="mjölk"/><SP WIDTH="19" VPOS="280" HPOS="651"/>
							<String ID="string_24" HPOS="670" VPOS="280" WIDTH="80" HEIGHT="31" WC="0.93" CONTENT="från"/><SP WIDTH="20" VPOS="280" HPOS="750"/>
							<String ID="string_25" HPOS="770" VPOS="282" WIDTH="308" HEIGHT="40" WC="0.89" CONTENT="mjölkproducent"/><SP WIDTH="20" VPOS="282" HPOS="1078"/>
							<String ID="string_26" HPOS="1098" VPOS="293" WIDTH="74" HEIGHT="21" WC="0.96" CONTENT="som"/><SP WIDTH="20" VPOS="293" HPOS="1172"/>
							<String ID="string_27" HPOS="1192" VPOS="285" WIDTH="130" HEIGHT="30" WC="0.96" CONTENT="önskar"/><SP WIDTH="20" VPOS="285" HPOS="1322"/>
							<String ID="string_28" HPOS="1342" VPOS="286" WIDTH="161" HEIGHT="30" WC="0.93" CONTENT="leverera."/><SP WIDTH="20" VPOS="286" HPOS="1503"/>
							<String ID="string_29" HPOS="1523" VPOS="286" WIDTH="99" HEIGHT="30" WC="0.92" CONTENT="Jord-"/>
						</TextLine>
						<TextLine ID="line_3" HPOS="141" VPOS="322" WIDTH="1480" HEIGHT="48">
							<String ID="string_30" HPOS="141" VPOS="322" WIDTH="288" HEIGHT="31" WC="0.92" CONTENT="bruksnämnden"/><SP WIDTH="23" VPOS="322" HPOS="429"/>
							<String ID="string_31" HPOS="452" VPOS="325" WIDTH="65" HEIGHT="29" WC="0.96" CONTENT="har"/><SP WIDTH="23" VPOS="325" HPOS="517"/>
							<String ID="string_32" HPOS="540" VPOS="325" WIDTH="157" HEIGHT="31" WC="0.96" CONTENT="utfärdat"/><SP WIDTH="25" VPOS="325" HPOS="697"/>
							<String ID="string_33" HPOS="722" VPOS="327" WIDTH="172" HEIGHT="30" WC="0.96" CONTENT="särskilda"/><SP WIDTH="23" VPOS="327" HPOS="894"/>
							<String ID="string_34" HPOS="917" VPOS="328" WIDTH="262" HEIGHT="31" WC="0.96" CONTENT="bestämmelser"/><SP WIDTH="23" VPOS="328" HPOS="1179"/>
							<String ID="string_35" HPOS="1202" VPOS="329" WIDTH="55" HEIGHT="31" WC="0.96" CONTENT="för"/><SP WIDTH="23" VPOS="329" HPOS="1257"/>
							<String ID="string_36" HPOS="1280" VPOS="330" WIDTH="205" HEIGHT="40" WC="0.96" CONTENT="tolkningen"/><SP WIDTH="24" VPOS="330" HPOS="1485"/>
							<String ID="string_37" HPOS="1509" VPOS="341" WIDTH="41" HEIGHT="20" WC="0.96" CONTENT="av"/><SP WIDTH="24" VPOS="341" HPOS="1550"/>
							<String ID="string_38" HPOS="1574" VPOS="341" WIDTH="47" HEIGHT="20" WC="0.96" CONTENT="nu"/>
						</TextLine>
						<TextLine ID="line_4" HPOS="142" VPOS="368" WIDTH="1478" HEIGHT="49">
							<String ID="string_39" HPOS="142" VPOS="368" WIDTH="154" HEIGHT="30" WC="0.96" CONTENT="nämnda"/><SP WIDTH="15" VPOS="368" HPOS="296"/>
							<String ID="string_40" HPOS="311" VPOS="369" WIDTH="126" HEIGHT="30" WC="0.96" CONTENT="villkor"/><SP WIDTH="18" VPOS="369" HPOS="437"/>
							<String ID="string_41" HPOS="455" VPOS="370" WIDTH="72" HEIGHT="30" WC="0.96" CONTENT="dvs."/><SP WIDTH="18" VPOS="370" HPOS="527"/>
							<String ID="string_42" HPOS="545" VPOS="371" WIDTH="110" HEIGHT="30" WC="0.96" CONTENT="under"/><SP WIDTH="16" VPOS="371" HPOS="655"/>
							<String ID="string_43" HPOS="671" VPOS="371" WIDTH="95" HEIGHT="31" WC="0.96" CONTENT="vilka"/><SP WIDTH="17" VPOS="371" HPOS="766"/>
							<String ID="string_44" HPOS="783" VPOS="372" WIDTH="179" HEIGHT="31" WC="0.95" CONTENT="allmänna"/><SP WIDTH="16" VPOS="372" HPOS="962"/>
							<String ID="string_45" HPOS="978" VPOS="373" WIDTH="294" HEIGHT="42" WC="0.95" CONTENT="förutsättningar"/><SP WIDTH="16" VPOS="373" HPOS="1272"/>
							<String ID="string_46" HPOS="1288" VPOS="376" WIDTH="71" HEIGHT="29" WC="0.96" CONTENT="kan"/><SP WIDTH="17" VPOS="376" HPOS="1359"/>
							<String ID="string_47" HPOS="1376" VPOS="385" WIDTH="101" HEIGHT="21" WC="0.96" CONTENT="anses"/><SP WIDTH="18" VPOS="385" HPOS="1477"/>
							<String ID="string_48" HPOS="1495" VPOS="377" WIDTH="125" HEIGHT="40" WC="0.96" CONTENT="skäligt"/>
						</TextLine>
						<TextLine ID="line_5" HPOS="141" VPOS="414" WIDTH="1480" HEIGHT="47">
							<String ID="string_49" HPOS="141" VPOS="415" WIDTH="51" HEIGHT="27" WC="0.96" CONTENT="att"/><SP WIDTH="19" VPOS="415" HPOS="192"/>
							<String ID="string_50" HPOS="211" VPOS="414" WIDTH="123" HEIGHT="36" WC="0.96" CONTENT="mejeri"/><SP WIDTH="19" VPOS="414" HPOS="334"/>
							<String ID="string_51" HPOS="353" VPOS="415" WIDTH="124" HEIGHT="39" WC="0.95" CONTENT="vägrar"/><SP WIDTH="20" VPOS="415" HPOS="477"/>
							<String ID="string_52" HPOS="497" VPOS="417" WIDTH="35" HEIGHT="28" WC="0.96" CONTENT="ta"/><SP WIDTH="20" VPOS="417" HPOS="532"/>
							<String ID="string_53" HPOS="552" VPOS="419" WIDTH="92" HEIGHT="26" WC="0.96" CONTENT="emot"/><SP WIDTH="19" VPOS="419" HPOS="644"/>
							<String ID="string_54" HPOS="663" VPOS="416" WIDTH="112" HEIGHT="37" WC="0.96" CONTENT="mjölk"/><SP WIDTH="20" VPOS="416" HPOS="775"/>
							<String ID="string_55" HPOS="795" VPOS="417" WIDTH="80" HEIGHT="30" WC="0.96" CONTENT="från"/><SP WIDTH="19" VPOS="417" HPOS="875"/>
							<String ID="string_56" HPOS="894" VPOS="418" WIDTH="71" HEIGHT="30" WC="0.96" CONTENT="viss"/><SP WIDTH="20" VPOS="418" HPOS="965"/>
							<String ID="string_57" HPOS="985" VPOS="419" WIDTH="195" HEIGHT="31" WC="0.96" CONTENT="leverantör"/><SP WIDTH="18" VPOS="419" HPOS="1180"/>
							<String ID="string_58" HPOS="1198" VPOS="420" WIDTH="45" HEIGHT="39" WC="0.96" CONTENT="på"/><SP WIDTH="20" VPOS="420" HPOS="1243"/>
							<String ID="string_59" HPOS="1263" VPOS="421" WIDTH="113" HEIGHT="38" WC="0.96" CONTENT="grund"/><SP WIDTH="21" VPOS="421" HPOS="1376"/>
							<String ID="string_60" HPOS="1397" VPOS="430" WIDTH="40" HEIGHT="21" WC="0.97" CONTENT="av"/><SP WIDTH="20" VPOS="430" HPOS="1437"/>
							<String ID="string_61" HPOS="1457" VPOS="422" WIDTH="55" HEIGHT="30" WC="0.96" CONTENT="för"/><SP WIDTH="20" VPOS="422" HPOS="1512"/>
							<String ID="string_62" HPOS="1532" VPOS="422" WIDTH="89" HEIGHT="39" WC="0.96" CONTENT="höga"/>
						</TextLine>
						<TextLine ID="line_6" HPOS="138" VPOS="459" WIDTH="382" HEIGHT="39">
							<String ID="string_63" HPOS="138" VPOS="459" WIDTH="382" HEIGHT="39" WC="0.91" CONTENT="transportkostnader."/>
						</TextLine>
					</TextBlock>
					<TextBlock ID="block_2" HPOS="138" VPOS="503" WIDTH="1483" HEIGHT="356">
						<TextLine ID="line_7" HPOS="184" VPOS="503" WIDTH="1436" HEIGHT="48">
							<String ID="string_64" HPOS="184" VPOS="503" WIDTH="97" HEIGHT="30" WC="0.95" CONTENT="Efter"/><SP WIDTH="26" VPOS="503" HPOS="281"/>
							<String ID="string_65" HPOS="307" VPOS="504" WIDTH="95" HEIGHT="30" WC="0.95" CONTENT="hand"/><SP WIDTH="27" VPOS="504" HPOS="402"/>
							<String ID="string_66" HPOS="429" VPOS="513" WIDTH="74" HEIGHT="22" WC="0.91" CONTENT="som"/><SP WIDTH="26" VPOS="513" HPOS="503"/>
							<String ID="string_67" HPOS="529" VPOS="505" WIDTH="373" HEIGHT="41" WC="0.91" CONTENT="mjölkproduktionen"/><SP WIDTH="26" VPOS="505" HPOS="902"/>
							<String ID="string_68" HPOS="928" VPOS="509" WIDTH="152" HEIGHT="39" WC="0.92" CONTENT="utglesas"/><SP WIDTH="25" VPOS="509" HPOS="1080"/>
							<String ID="string_69" HPOS="1105" VPOS="510" WIDTH="12" HEIGHT="29" WC="0.96" CONTENT="i"/><SP WIDTH="25" VPOS="510" HPOS="1117"/>
							<String ID="string_70" HPOS="1142" VPOS="509" WIDTH="93" HEIGHT="30" WC="0.96" CONTENT="vissa"/><SP WIDTH="26" VPOS="509" HPOS="1235"/>
							<String ID="string_71" HPOS="1261" VPOS="510" WIDTH="129" HEIGHT="40" WC="0.95" CONTENT="bygder"/><SP WIDTH="27" VPOS="510" HPOS="1390"/>
							<String ID="string_72" HPOS="1417" VPOS="512" WIDTH="104" HEIGHT="39" WC="0.96" CONTENT="stiger"/><SP WIDTH="27" VPOS="512" HPOS="1521"/>
							<String ID="string_73" HPOS="1548" VPOS="513" WIDTH="72" HEIGHT="29" WC="0.96" CONTENT="ofta"/>
						</TextLine>
						<TextLine ID="line_8" HPOS="138" VPOS="548" WIDTH="1482" HEIGHT="45">
							<String ID="string_74" HPOS="138" VPOS="548" WIDTH="402" HEIGHT="40" WC="0.92" CONTENT="hämtningskostnaden"/><SP WIDTH="23" VPOS="548" HPOS="540"/>
							<String ID="string_75" HPOS="563" VPOS="550" WIDTH="80" HEIGHT="31" WC="0.96" CONTENT="från"/><SP WIDTH="22" VPOS="550" HPOS="643"/>
							<String ID="string_76" HPOS="665" VPOS="551" WIDTH="239" HEIGHT="32" WC="0.96" CONTENT="kvarvarande"/><SP WIDTH="23" VPOS="551" HPOS="904"/>
							<String ID="string_77" HPOS="927" VPOS="553" WIDTH="243" HEIGHT="31" WC="0.95" CONTENT="leverantörer."/><SP WIDTH="23" VPOS="553" HPOS="1170"/>
							<String ID="string_78" HPOS="1193" VPOS="554" WIDTH="59" HEIGHT="31" WC="0.96" CONTENT="Att"/><SP WIDTH="24" VPOS="554" HPOS="1252"/>
							<String ID="string_79" HPOS="1276" VPOS="555" WIDTH="116" HEIGHT="38" WC="0.96" CONTENT="stödja"/><SP WIDTH="21" VPOS="555" HPOS="1392"/>
							<String ID="string_80" HPOS="1413" VPOS="565" WIDTH="95" HEIGHT="21" WC="0.93" CONTENT="mera"/><SP WIDTH="22" VPOS="565" HPOS="1508"/>
							<String ID="string_81" HPOS="1530" VPOS="567" WIDTH="90" HEIGHT="20" WC="0.92" CONTENT="mar-"/>
						</TextLine>
						<TextLine ID="line_9" HPOS="140" VPOS="593" WIDTH="1481" HEIGHT="42">
							<String ID="string_82" HPOS="140" VPOS="593" WIDTH="127" HEIGHT="30" WC="0.91" CONTENT="kerade"/><SP WIDTH="24" VPOS="593" HPOS="267"/>
							<String ID="string_83" HPOS="291" VPOS="594" WIDTH="202" HEIGHT="40" WC="0.91" CONTENT="glesbygder"/><SP WIDTH="23" VPOS="594" HPOS="493"/>
							<String ID="string_84" HPOS="516" VPOS="596" WIDTH="11" HEIGHT="30" WC="0.97" CONTENT="i"/><SP WIDTH="24" VPOS="596" HPOS="527"/>
							<String ID="string_85" HPOS="551" VPOS="596" WIDTH="151" HEIGHT="39" WC="0.96" CONTENT="enlighet"/><SP WIDTH="23" VPOS="596" HPOS="702"/>
							<String ID="string_86" HPOS="725" VPOS="597" WIDTH="79" HEIGHT="30" WC="0.96" CONTENT="med"/><SP WIDTH="23" VPOS="597" HPOS="804"/>
							<String ID="string_87" HPOS="827" VPOS="598" WIDTH="67" HEIGHT="29" WC="0.96" CONTENT="vad"/><SP WIDTH="24" VPOS="598" HPOS="894"/>
							<String ID="string_88" HPOS="918" VPOS="598" WIDTH="219" HEIGHT="30" WC="0.96" CONTENT="motionären"/><SP WIDTH="23" VPOS="598" HPOS="1137"/>
							<String ID="string_89" HPOS="1160" VPOS="599" WIDTH="147" HEIGHT="31" WC="0.95" CONTENT="föreslår"/><SP WIDTH="24" VPOS="599" HPOS="1307"/>
							<String ID="string_90" HPOS="1331" VPOS="601" WIDTH="178" HEIGHT="30" WC="0.93" CONTENT="förefaller"/><SP WIDTH="24" VPOS="601" HPOS="1509"/>
							<String ID="string_91" HPOS="1533" VPOS="602" WIDTH="88" HEIGHT="30" WC="0.92" CONTENT="riks-"/>
						</TextLine>
						<TextLine ID="line_10" HPOS="139" VPOS="638" WIDTH="1481" HEIGHT="42">
							<String ID="string_92" HPOS="139" VPOS="638" WIDTH="189" HEIGHT="30" WC="0.96" CONTENT="förbundet"/><SP WIDTH="23" VPOS="638" HPOS="328"/>
							<String ID="string_93" HPOS="351" VPOS="639" WIDTH="55" HEIGHT="30" WC="0.96" CONTENT="väl"/><SP WIDTH="23" VPOS="639" HPOS="406"/>
							<String ID="string_94" HPOS="429" VPOS="639" WIDTH="164" HEIGHT="41" WC="0.96" CONTENT="förenligt"/><SP WIDTH="24" VPOS="639" HPOS="593"/>
							<String ID="string_95" HPOS="617" VPOS="641" WIDTH="80" HEIGHT="29" WC="0.96" CONTENT="med"/><SP WIDTH="23" VPOS="641" HPOS="697"/>
							<String ID="string_96" HPOS="720" VPOS="641" WIDTH="66" HEIGHT="30" WC="0.96" CONTENT="den"/><SP WIDTH="25" VPOS="641" HPOS="786"/>
							<String ID="string_97" HPOS="811" VPOS="642" WIDTH="169" HEIGHT="30" WC="0.96" CONTENT="ambition"/><SP WIDTH="24" VPOS="642" HPOS="980"/>
							<String ID="string_98" HPOS="1004" VPOS="644" WIDTH="274" HEIGHT="30" WC="0.95" CONTENT="statsmakterna"/><SP WIDTH="23" VPOS="644" HPOS="1278"/>
							<String ID="string_99" HPOS="1301" VPOS="645" WIDTH="77" HEIGHT="30" WC="0.95" CONTENT="låtit"/><SP WIDTH="24" VPOS="645" HPOS="1378"/>
							<String ID="string_100" HPOS="1402" VPOS="646" WIDTH="142" HEIGHT="30" WC="0.95" CONTENT="komma"/><SP WIDTH="24" VPOS="646" HPOS="1544"/>
							<String ID="string_101" HPOS="1568" VPOS="647" WIDTH="52" HEIGHT="29" WC="0.95" CONTENT="till"/>
						</TextLine>
						<TextLine ID="line_11" HPOS="139" VPOS="683" WIDTH="1480" HEIGHT="47">
							<String ID="string_102" HPOS="139" VPOS="683" WIDTH="142" HEIGHT="40" WC="0.96" CONTENT="uttryck"/><SP WIDTH="21" VPOS="683" HPOS="281"/>
							<String ID="string_103" HPOS="302" VPOS="684" WIDTH="12" HEIGHT="30" WC="0.96" CONTENT="i"/><SP WIDTH="22" VPOS="684" HPOS="314"/>
							<String ID="string_104" HPOS="336" VPOS="684" WIDTH="233" HEIGHT="40" WC="0.96" CONTENT="kungörelsen"/><SP WIDTH="22" VPOS="684" HPOS="569"/>
							<String ID="string_105" HPOS="591" VPOS="694" WIDTH="57" HEIGHT="21" WC="0.93" CONTENT="om"/><SP WIDTH="22" VPOS="694" HPOS="648"/>
							<String ID="string_106" HPOS="670" VPOS="685" WIDTH="309" HEIGHT="42" WC="0.90" CONTENT="mjölkpristillägg"/><SP WIDTH="22" VPOS="685" HPOS="979"/>
							<String ID="string_107" HPOS="1001" VPOS="697" WIDTH="45" HEIGHT="21" WC="0.87" CONTENT="m."/><SP WIDTH="22" VPOS="697" HPOS="1046"/>
							<String ID="string_108" HPOS="1068" VPOS="697" WIDTH="46" HEIGHT="21" WC="0.89" CONTENT="m."/><SP WIDTH="22" VPOS="697" HPOS="1114"/>
							<String ID="string_109" HPOS="1136" VPOS="688" WIDTH="59" HEIGHT="30" WC="0.96" CONTENT="Ett"/><SP WIDTH="24" VPOS="688" HPOS="1195"/>
							<String ID="string_110" HPOS="1219" VPOS="689" WIDTH="210" HEIGHT="41" WC="0.96" CONTENT="statsbidrag"/><SP WIDTH="23" VPOS="689" HPOS="1429"/>
							<String ID="string_111" HPOS="1452" VPOS="693" WIDTH="50" HEIGHT="28" WC="0.93" CONTENT="att"/><SP WIDTH="22" VPOS="693" HPOS="1502"/>
							<String ID="string_112" HPOS="1524" VPOS="692" WIDTH="95" HEIGHT="29" WC="0.89" CONTENT="utbe-"/>
						</TextLine>
						<TextLine ID="line_12" HPOS="139" VPOS="728" WIDTH="1480" HEIGHT="44">
							<String ID="string_113" HPOS="139" VPOS="728" WIDTH="89" HEIGHT="30" WC="0.96" CONTENT="talas"/><SP WIDTH="20" VPOS="728" HPOS="228"/>
							<String ID="string_114" HPOS="248" VPOS="728" WIDTH="53" HEIGHT="30" WC="0.96" CONTENT="till"/><SP WIDTH="19" VPOS="728" HPOS="301"/>
							<String ID="string_115" HPOS="320" VPOS="729" WIDTH="122" HEIGHT="37" WC="0.96" CONTENT="mejeri"/><SP WIDTH="20" VPOS="729" HPOS="442"/>
							<String ID="string_116" HPOS="462" VPOS="729" WIDTH="55" HEIGHT="31" WC="0.96" CONTENT="för"/><SP WIDTH="19" VPOS="729" HPOS="517"/>
							<String ID="string_117" HPOS="536" VPOS="730" WIDTH="185" HEIGHT="41" WC="0.96" CONTENT="hämtning"/><SP WIDTH="19" VPOS="730" HPOS="721"/>
							<String ID="string_118" HPOS="740" VPOS="731" WIDTH="81" HEIGHT="30" WC="0.96" CONTENT="från"/><SP WIDTH="18" VPOS="731" HPOS="821"/>
							<String ID="string_119" HPOS="839" VPOS="731" WIDTH="105" HEIGHT="41" WC="0.96" CONTENT="något"/><SP WIDTH="19" VPOS="731" HPOS="944"/>
							<String ID="string_120" HPOS="963" VPOS="742" WIDTH="96" HEIGHT="21" WC="0.96" CONTENT="mera"/><SP WIDTH="21" VPOS="742" HPOS="1059"/>
							<String ID="string_121" HPOS="1080" VPOS="733" WIDTH="134" HEIGHT="31" WC="0.96" CONTENT="avsides"/><SP WIDTH="20" VPOS="733" HPOS="1214"/>
							<String ID="string_122" HPOS="1234" VPOS="734" WIDTH="132" HEIGHT="31" WC="0.96" CONTENT="boende"/><SP WIDTH="21" VPOS="734" HPOS="1366"/>
							<String ID="string_123" HPOS="1387" VPOS="736" WIDTH="232" HEIGHT="31" WC="0.96" CONTENT="leverantörer"/>
						</TextLine>
						<TextLine ID="line_13" HPOS="138" VPOS="773" WIDTH="1480" HEIGHT="46">
							<String ID="string_124" HPOS="138" VPOS="773" WIDTH="114" HEIGHT="30" WC="0.96" CONTENT="skulle"/><SP WIDTH="21" VPOS="773" HPOS="252"/>
							<String ID="string_125" HPOS="273" VPOS="773" WIDTH="147" HEIGHT="31" WC="0.96" CONTENT="sålunda"/><SP WIDTH="19" VPOS="773" HPOS="420"/>
							<String ID="string_126" HPOS="439" VPOS="775" WIDTH="123" HEIGHT="39" WC="0.96" CONTENT="utgöra"/><SP WIDTH="20" VPOS="775" HPOS="562"/>
							<String ID="string_127" HPOS="582" VPOS="777" WIDTH="48" HEIGHT="28" WC="0.93" CONTENT="ett"/><SP WIDTH="19" VPOS="777" HPOS="630"/>
							<String ID="string_128" HPOS="649" VPOS="775" WIDTH="225" HEIGHT="38" WC="0.91" CONTENT="fullföljande"/><SP WIDTH="21" VPOS="775" HPOS="874"/>
							<String ID="string_129" HPOS="895" VPOS="786" WIDTH="41" HEIGHT="21" WC="0.96" CONTENT="av"/><SP WIDTH="20" VPOS="786" HPOS="936"/>
							<String ID="string_130" HPOS="956" VPOS="777" WIDTH="66" HEIGHT="30" WC="0.96" CONTENT="den"/><SP WIDTH="20" VPOS="777" HPOS="1022"/>
							<String ID="string_131" HPOS="1042" VPOS="778" WIDTH="197" HEIGHT="40" WC="0.95" CONTENT="tankegång"/><SP WIDTH="19" VPOS="778" HPOS="1239"/>
							<String ID="string_132" HPOS="1258" VPOS="780" WIDTH="233" HEIGHT="39" WC="0.96" CONTENT="kungörelsen"/><SP WIDTH="20" VPOS="780" HPOS="1491"/>
							<String ID="string_133" HPOS="1511" VPOS="782" WIDTH="107" HEIGHT="29" WC="0.96" CONTENT="redan"/>
						</TextLine>
						<TextLine ID="line_14" HPOS="138" VPOS="819" WIDTH="272" HEIGHT="40">
							<String ID="string_134" HPOS="138" VPOS="826" WIDTH="58" HEIGHT="30" WC="0.96" CONTENT="ger"/><SP WIDTH="15" VPOS="826" HPOS="196"/>
							<String ID="string_135" HPOS="211" VPOS="819" WIDTH="139" HEIGHT="40" WC="0.96" CONTENT="uttryck"/><SP WIDTH="16" VPOS="819" HPOS="350"/>
							<String ID="string_136" HPOS="366" VPOS="819" WIDTH="44" HEIGHT="30" WC="0.96" CONTENT="åt."/>
						</TextLine>
					</TextBlock>
				</ComposedBlock>
				<ComposedBlock ID="cblock_2" HPOS="146" VPOS="2523" WIDTH="381" HEIGHT="18">
					<TextBlock ID="block_3" HPOS="146" VPOS="2523" WIDTH="381" HEIGHT="18">
						<TextLine ID="line_15" HPOS="146" VPOS="2523" WIDTH="381" HEIGHT="18">
							<String ID="string_137" HPOS="146" VPOS="2523" WIDTH="84" HEIGHT="17" WC="0.93" CONTENT="MARCUS"/><SP WIDTH="8" VPOS="2523" HPOS="230"/>
							<String ID="string_138" HPOS="238" VPOS="2523" WIDTH="74" HEIGHT="17" WC="0.88" CONTENT="BOKTR."/><SP WIDTH="9" VPOS="2523" HPOS="312"/>
							<String ID="string_139" HPOS="321" VPOS="2524" WIDTH="65" HEIGHT="16" WC="0.72" CONTENT="STHLM"/><SP WIDTH="13" VPOS="2524" HPOS="386"/>
							<String ID="string_140" HPOS="399" VPOS="2525" WIDTH="36" HEIGHT="15" WC="0.81" CONTENT="1988"/><SP WIDTH="17" VPOS="2525" HPOS="435"/>
							<String ID="string_141" HPOS="452" VPOS="2525" WIDTH="75" HEIGHT="16" WC="0.80" CONTENT="630033"/>
						</TextLine>
					</TextBlock>
				</ComposedBlock>
			</PrintSpace>
		</Page>
	</Layout>
</alto>
