1873 2835
283 150 19 30 2
605 149 388 32 Jordbruksutskottets
1009 151 178 31 utlåtande
1201 161 44 21 nr
1259 153 41 30 18
1314 154 39 31 år
1368 153 84 31 1968

285 229 109 31 håller
412 231 173 30 nämnden
604 232 175 30 dessutom
799 234 47 29 att
865 233 54 32 det
939 233 172 32 särskilda
1129 234 77 31 stöd
1224 244 75 22 som
1317 235 99 38 utgår
1434 236 53 30 till
1504 236 264 38 mjölkproduk-

281 285 120 30 tionen
418 286 11 29 i
448 286 173 30 Norrland
640 287 64 29 och
722 287 94 30 vissa
835 287 94 30 delar
948 297 42 21 av
1009 288 170 31 Svealand
1197 290 65 29 och
1281 290 171 30 Götaland
1469 292 11 29 i
1499 291 92 30 form
1610 300 42 21 av
1671 292 96 29 extra

284 339 309 41 mjölkpristillägg
617 341 186 30 motiveras
829 351 42 20 av
895 342 40 29 de
961 343 55 29 för
1040 343 373 40 mjölkproduktionen
1438 345 11 29 i
1474 345 101 30 dessa
1600 345 167 30 områden

286 394 113 30 sämre
418 395 263 40 betingelserna,
702 396 72 30 vari
796 396 85 30 även
898 397 192 30 innefattas
1110 397 103 41 långa
1231 399 329 40 transportavstånd
1579 400 54 29 för
1653 399 111 38 mjölk

285 448 52 30 till
354 449 133 37 mejeri.
505 449 382 41 Lantbruksstyrelsen,
909 460 73 21 som
1001 451 94 31 delar
1114 452 66 30 den
1199 462 41 20 av
1257 453 177 30 nämnden
1452 453 202 31 redovisade
1670 454 95 40 prin-

285 502 136 40 cipiella
442 504 271 40 uppfattningen
734 505 11 29 i
768 504 133 40 frågan,
924 505 204 31 framhåller
1151 508 50 29 att
1223 508 48 29 ett
1293 507 142 30 särskilt
1458 508 210 40 statsbidrag
1690 517 74 21 som

282 557 77 30 stöd
389 558 51 29 till
471 558 30 37 ej
535 559 196 29 lönsamma
760 559 331 41 mjölktransporter
1121 561 94 29 inom
1248 562 201 39 glesbygder
1479 563 11 29 i
1521 562 150 30 flertalet
1703 563 62 29 fall

286 611 111 31 skulle
413 613 180 30 motverka
610 622 41 21 en
668 613 159 31 rationell
844 614 214 40 anpassning
1074 624 41 21 av
1130 615 269 40 produktionen.

329 666 175 30 Utskottet
519 668 155 29 ansluter
691 667 51 40 sig
756 668 53 29 till
824 668 41 30 de
882 669 218 39 synpunkter
1116 678 74 21 som
1207 670 135 30 anförts
1359 680 41 20 av
1416 670 40 30 de
1472 670 89 30 båda
1578 671 186 30 sistnämn-

285 720 44 30 da
348 721 350 30 remissinstanserna
719 722 65 30 och
806 722 160 31 förordar
988 723 119 30 därför
1130 725 50 28 att
1201 724 178 30 motionen
1402 725 135 30 lämnas
1559 727 85 28 utan
1666 725 98 30 bifall

283 784 42 21 av
338 775 197 40 riksdagen.

328 829 13 29 I
361 830 290 39 sammanhanget
670 840 102 20 anser
791 831 51 40 sig
860 832 169 30 utskottet
1047 832 84 30 böra
1149 832 189 31 framhålla
1357 835 49 28 att
1426 836 47 28 ett
1493 834 271 39 genomförande

284 892 41 20 av
349 883 41 29 de
414 884 131 38 förslag
569 885 149 28 rörande
744 894 25 19 s.
794 885 33 29 k.
853 886 367 39 omställningsbidrag
1245 895 74 20 som
1344 887 125 38 Kungl.
1495 887 106 36 Maj:t
1625 888 139 38 nyligen

279 935 71 41 lagt
367 936 92 31 fram
477 937 55 30 för
550 937 186 40 riksdagen
754 938 11 30 i
783 938 216 40 proposition
1017 948 42 20 nr
1078 939 40 30 29
1135 940 11 29 i
1166 939 175 40 åtskilliga
1359 940 61 30 fall
1439 941 62 29 bör
1519 941 121 30 kunna
1657 941 48 30 bli
1724 951 40 20 av

282 990 175 40 betydelse
480 992 85 29 även
587 992 55 30 för
664 993 158 29 lösandet
844 1002 42 20 av
907 993 41 30 de
969 993 166 40 problem,
1159 1003 75 20 som
1256 994 247 30 aktualiserats
1524 996 11 29 i
1557 1004 48 21 nu
1627 995 137 39 förelig-

283 1044 110 40 gande
407 1045 144 30 motion.

326 1099 116 30 Under
457 1099 219 40 åberopande
691 1110 41 20 av
746 1100 57 30 det
818 1101 148 30 anförda
979 1101 202 30 hemställer
1196 1102 170 30 utskottet

648 1156 50 27 att
717 1154 187 40 riksdagen
924 1155 136 30 lämnar
1079 1155 178 31 motionen
1278 1156 44 30 II:
1338 1156 63 30 360
1421 1159 85 27 utan
1527 1156 131 40 åtgärd.

324 1242 200 31 Stockholm
539 1244 65 29 den
620 1244 41 30 26
675 1254 94 20 mars
787 1245 81 29 1968

723 1351 48 30 På
784 1352 382 36 jordbruksutskottets
1179 1353 147 39 vägnar:

818 1441 102 31 ERIC
934 1441 292 31 MOSSBERGER

328 1645 64 30 Vid
405 1645 94 30 detta
514 1646 146 30 ärendes
675 1646 285 40 slutbehandling
972 1647 65 30 har
1050 1647 173 31 närvarit:

325 1717 81 30 från
443 1717 166 31 första
644 1718 222 31 kammaren:
893 1719 121 30 herrar
1039 1720 216 40 Mossberger
1285 1720 65 35 (s),
1377 1720 186 31 Hedström
1594 1720 64 35 (s),
1686 1721 78 30 Carl

281 1762 183 30 Eskilsson
493 1762 72 36 (h),
592 1762 172 31 Skårman
793 1763 87 41 (fp),
904 1764 214 40 Magnusson
1147 1764 65 36 (s),
1237 1764 221 40 Augustsson
1488 1765 64 35 (s),
1578 1766 186 39 Lundberg

287 1806 72 35 (b),
376 1807 184 30 Karl-Erik
576 1808 170 30 Eriksson
768 1808 87 40 (fp),
872 1809 127 30 Manne
1015 1809 128 30 Olsson
1164 1809 51 35 (s)
1235 1810 66 30 och
1317 1810 167 40 Wikberg
1505 1810 96 40 (cp);

322 1869 81 30 från
465 1870 122 30 andra
616 1870 220 31 kammaren:
857 1871 122 30 herrar
998 1871 200 31 Lindström
1223 1872 86 35 (s)+x,
1329 1873 166 29 Arweson
1520 1873 64 35 (s),
1604 1873 160 30 Eliasson

278 1915 10 30 i
305 1915 153 29 Moholm
480 1915 94 35 (h)>»,
591 1915 181 30 Johanson
787 1916 11 30 i
815 1916 184 30 Västervik
1022 1916 63 35 (s),
1104 1917 149 29 Persson
1269 1917 12 30 i
1299 1917 199 40 Skänninge
1521 1918 85 35 (s)+,
1624 1919 140 29 Nilsson

277 1960 11 29 i
312 1960 186 30 Lönsboda
527 1960 86 41 (fp),
639 1961 116 30 Trana
785 1960 65 36 (s),
877 1962 148 29 Persson
1049 1962 12 30 i
1086 1962 120 30 Heden
1236 1962 90 40 (cp),
1352 1962 215 31 Berndtsson
1598 1964 71 40 (fp)
1701 1964 63 29 och

277 2005 152 29 Larsson
441 2005 11 29 i
466 2005 179 31 Norderön
665 2006 90 40 (cp).

316 2070 12 15 +
349 2071 33 30 Ej
398 2071 173 24 närvarande
585 2071 47 24 vid
645 2072 178 30 justeringen.

905 2243 231 33 Reservation

282 2345 41 19 av
345 2336 120 29 herrar
488 2335 172 30 Skårman
689 2336 88 40 (fp),
799 2337 186 29 Karl-Erik
1006 2337 170 30 Eriksson
1206 2338 87 40 (fp),
1319 2338 164 40 Wikberg
1512 2339 88 40 (cp),
1624 2339 140 29 Nilsson

277 2390 11 29 i
315 2389 184 31 Lönsboda
532 2389 85 41 (fp),
645 2390 150 29 Persson
822 2391 11 30 i
861 2391 121 29 Heden
1014 2391 89 40 (cp),
1130 2391 215 30 Berndtsson
1379 2393 72 39 (fp)
1484 2394 63 29 och
1574 2393 151 29 Larsson
1753 2394 11 29 i

278 2443 179 31 Norderön
483 2444 89 40 (cp),
596 2452 72 22 som
691 2453 102 21 anser
814 2446 50 28 att
883 2445 113 37 tredje
1017 2446 65 29 och
1102 2445 115 37 fjärde
1240 2446 166 39 styckena
1427 2456 42 20 av
1489 2447 188 30 utskottets
1698 2449 67 38 ytt-

278 2497 108 29 rande
400 2499 91 28 samt
505 2498 187 29 utskottets
706 2498 210 30 hemställan
930 2499 77 29 bort
1021 2499 46 29 ha
1080 2499 157 37 följande
1251 2499 144 40 lydelse:
