2280 2763
703 147 239 47 Lag-Utskottets
971 149 161 35 Utlåtande
1160 151 60 34 N:o
1248 153 48 32 412.
1759 162 13 27 1

928 644 75 37 N:o
1033 645 57 37 12,

837 792 71 26 Ank.
929 793 38 24 till
989 793 94 25 Riksd.
1104 794 99 26 Kansli
1224 795 27 25 d.
1273 796 31 25 17
1322 796 79 25 Febr.
1423 797 75 28 1870,
1520 798 35 24 kl.
1579 800 9 24 1
1611 806 21 16 e.
1654 807 32 16 m.

613 928 179 41 Utlåtande,
826 932 11 30 i
872 931 172 40 anledning
1071 932 41 41 af
1132 933 91 31 väckt
1240 933 131 39 förslag
1397 935 139 32 rörande
1563 938 259 37 organisationen

803 981 42 42 af
866 981 305 33 domstolsväsendet.

354 1080 55 31 Uti
442 1091 39 20 en
514 1081 85 31 inom
633 1078 108 35 Andra
775 1083 190 32 Kammaren
993 1084 102 38 väckt,
1123 1085 48 31 till
1199 1085 248 41 Lag-Utskottet
1473 1088 186 32 remitterad
1689 1090 130 39 motion,

205 1130 59 31 N:o
300 1132 50 37 51,
386 1131 59 31 har
476 1131 83 31 Herr
595 1132 77 32 Carl
702 1132 169 42 Ifvarsson
905 1134 117 39 anfört,
1056 1138 48 28 att
1139 1136 54 31 det
1220 1147 71 21 vore
1320 1148 37 20 en
1387 1137 87 32 förut
1500 1138 86 31 känd
1613 1140 59 31 och
1700 1140 120 31 erkänd

205 1180 146 40 sanning,
385 1184 48 28 att
465 1181 61 32 den
562 1182 95 40 långa
688 1183 235 41 tidsutdrägten
957 1186 71 30 med
1064 1186 243 41 lagskipningen
1343 1188 106 31 städse
1482 1189 138 31 medfört
1654 1190 60 31 och
1741 1191 80 31 fort-

204 1229 132 33 farande
365 1231 122 32 vållade
515 1232 220 41 olägenheter;
762 1234 135 32 likasom
926 1239 57 35 att,
1014 1236 70 31 med
1113 1238 183 31 nuvarande
1320 1238 33 31 få
1370 1239 239 40 tingsterminer
1628 1241 58 31 och
1707 1243 115 38 många

204 1282 213 39 tingsställen,
447 1282 188 42 erforderlig
662 1284 159 33 snabbhet
846 1286 11 30 i
885 1286 243 41 lagskipningen
1155 1287 71 32 icke
1254 1288 106 31 kunde
1388 1291 141 39 uppnås;
1556 1291 58 31 och
1644 1292 70 31 med
1742 1291 78 32 flera

204 1332 157 31 ärendens
397 1332 205 42 förflyttande
629 1334 49 31 till
706 1335 226 40 domstolarne,
958 1340 76 28 utan
1062 1348 106 21 annan
1196 1338 197 41 förändring,
1422 1340 102 32 skulle
1549 1342 180 40 påtagligen
1758 1342 60 32 den

205 1382 223 41 öfverklagade
447 1384 211 40 olägenheten
679 1386 113 31 endast
817 1386 138 32 förökas.
1010 1387 140 37 Således,
1176 1399 49 21 om
1254 1390 158 32 reformen
1432 1391 101 32 skulle
1553 1392 143 32 medföra
1715 1394 103 39 någon

205 1433 178 41 väsendtlig
409 1437 100 38 nytta,
540 1437 100 30 måste
668 1435 215 33 domstolarne
910 1439 239 31 sammanträda
1176 1439 112 39 oftare,
1318 1443 23 29 t.
1371 1451 49 21 ex.
1450 1452 40 20 en
1517 1444 82 38 gång
1620 1443 10 30 i
1650 1443 168 39 månaden,

204 1483 58 31 och
303 1483 223 41 tingsställena
565 1487 10 30 i
615 1487 104 40 någon
760 1489 73 30 mån
873 1487 200 41 inskränkas,
1110 1490 36 30 så
1182 1492 49 29 att
1265 1490 152 32 domaren
1449 1492 70 31 icke
1552 1492 108 32 alltför
1696 1494 124 41 mycket

204 1533 132 32 ställdes
375 1535 41 40 på
443 1536 135 32 resande
605 1536 56 33 fot.
716 1538 73 31 Men
818 1541 77 28 enär
921 1538 277 34 domhafvandena
1229 1542 41 39 på
1301 1541 119 40 landet,
1457 1542 82 32 efter
1565 1544 42 31 all
1634 1540 184 49 anledning,

204 1584 98 32 redan
345 1596 43 20 nu
429 1587 245 39 mångenstädes
714 1599 75 21 voro
829 1589 214 41 öfverhopade
1075 1590 34 32 af
1133 1592 142 38 göromål
1303 1592 58 31 och
1389 1592 169 33 framdeles
1586 1594 101 32 skulle
1715 1595 32 32 få
1773 1596 47 40 sig

204 1635 114 40 ålagda
355 1639 87 28 ännu
470 1636 88 41 flera,
587 1642 83 27 samt
702 1639 108 31 dertill
843 1640 136 39 komme,
1014 1643 48 29 att
1093 1641 120 40 ganska
1240 1642 167 33 kännbara
1433 1644 221 41 uppoffringar
1681 1645 80 32 både
1788 1646 35 32 af

204 1685 47 31 tid
277 1686 60 31 och
365 1687 179 41 penningar
571 1690 101 30 måste
698 1689 182 33 förorsakas
908 1693 46 29 ett
980 1693 82 29 stort
1088 1692 88 31 antal
1202 1693 224 32 rättssökande
1454 1705 113 30 genom
1593 1695 60 32 den
1679 1696 141 40 förläng-

204 1736 77 40 ning
307 1737 11 30 i
346 1740 58 37 väg
430 1738 50 31 till
506 1739 113 40 tinget,
648 1749 67 22 som
743 1739 102 33 blefve
873 1751 39 20 en
940 1741 75 41 följd
1043 1741 35 31 af
1101 1740 78 33 flera
1205 1743 153 41 tingslags
1386 1745 274 32 sammanslående
1688 1747 48 31 till
1762 1750 56 35 ett,

205 1787 114 31 hvaraf
356 1788 160 32 måhända
555 1790 182 40 rättmätigt
775 1791 149 41 missnöje
964 1791 102 32 skulle
1106 1794 126 39 uppstå,
1274 1795 36 30 så
1341 1795 91 31 torde
1460 1795 38 31 de
1526 1797 158 39 åtgärder,
1713 1797 108 31 hvilka

205 1836 99 32 redan
331 1838 162 41 vidtagits,
523 1839 66 32 dels
617 1850 114 30 genom
756 1840 111 33 Rikets
895 1841 154 33 Ständers
1075 1843 220 41 underdåniga
1322 1844 165 33 skrifvelse
1507 1846 61 32 den
1587 1849 39 29 23
1646 1847 62 41 Maj
1726 1849 90 37 1866,

204 1888 165 40 angående
397 1889 325 33 domstolsväsendets
749 1892 311 40 omorganiserande,
1090 1893 59 31 och
1177 1894 67 31 dels
1270 1894 198 42 Riksdagens
1487 1896 221 42 underdåniga
1725 1897 94 32 skrif-

204 1938 84 31 velse
316 1938 61 32 den
414 1941 37 30 15
478 1940 62 42 Maj
572 1942 89 38 1868,
689 1942 165 41 åsyftande
881 1942 83 32 vissa
991 1943 249 33 domsärendens
1264 1945 241 43 öfverflyttande
1525 1947 71 32 från
1615 1948 203 32 administra-

203 1989 111 31 tionen
337 1990 49 31 till
414 1990 216 33 domstolarne
657 1996 83 28 samt
767 1993 257 32 embetsverkens
1051 1994 220 41 förenklande,
1300 1996 70 32 icke
1397 2008 76 21 vara
1491 1997 139 33 hvarken
1650 1999 170 41 tillfyllest-

204 2040 140 38 görande
377 2040 78 31 eller
487 2051 163 22 ensamma
681 2042 50 32 för
764 2043 48 40 sig
838 2043 74 32 fullt
938 2044 160 41 lämpliga.
1153 2045 94 32 Flera
1273 2046 232 33 arbetskrafter
1531 2049 100 31 måste
1658 2049 163 31 sannolikt

205 2089 91 31 äfven
331 2090 116 32 anlitas
479 2091 50 32 för
561 2092 313 41 domaregöromålen
910 2096 42 39 på
982 2095 121 38 landet,
1132 2106 50 21 om
1210 2096 183 33 ändamålet
1419 2102 77 27 utan
1524 2099 140 32 särdeles
1691 2099 129 40 olägen-

205 2140 91 31 heter
329 2140 101 32 skulle
463 2142 122 38 vinnas,
614 2144 59 31 och
701 2143 41 32 då
768 2143 120 32 sådana
914 2144 121 32 krafter
1061 2145 179 41 säkerligen
1268 2147 106 32 kunde
1401 2148 137 33 erhållas
1565 2149 85 32 inom
1678 2153 46 28 ett
1750 2150 70 31 icke

340 2208 76 32 Bih.
445 2210 49 31 till
519 2210 111 33 Riksd.
658 2210 86 33 Prot.
780 2214 94 29 1870.
929 2214 21 29 7
977 2212 98 32 Saml.
1131 2216 19 29 6
1178 2214 92 38 Häft.
