1852 2770
531 170 286 31 Statsutskottets
843 169 181 31 utlåtande
1049 178 43 21 nr
1119 170 71 30 128.
1598 168 17 30 3

153 256 50 30 Av
232 256 41 29 de
301 254 303 39 undersökningar
631 262 75 23 som
737 253 564 39 säkerhetsanstaltsutredningen
1331 253 92 40 gjort
1453 253 64 30 och
1546 252 64 30 vad

109 315 75 20 som
207 306 100 39 eljest
330 307 37 28 är
388 305 130 30 bekant
540 304 148 30 rörande
710 305 41 28 de
773 304 183 30 förvarade
978 304 64 29 och
1063 303 221 30 internerade
1306 303 156 40 framgår
1483 303 10 29 i
1518 304 93 29 stora

108 357 85 39 drag
211 356 165 40 följande.
395 355 113 31 Bland
526 355 41 29 de
584 355 93 29 brott
695 355 54 29 för
767 354 92 31 vilka
877 354 41 30 de
937 354 143 39 intagna
1099 354 114 30 dömts
1234 354 199 29 dominerar
1452 353 159 40 tjuvnad,

108 407 180 39 bedrägeri
314 407 64 29 och
402 406 111 30 andra
539 405 365 39 förmögenhetsbrott.
933 402 265 42 Genomgående
1226 405 105 39 gäller
1356 406 50 28 att
1433 404 178 30 klientelet

107 457 64 31 har
200 457 91 30 varit
321 456 147 31 föremål
499 456 54 30 för
584 455 211 41 upprepade,
827 455 73 30 ofta
932 455 201 39 långvariga
1166 455 347 30 frihetsberövanden
1547 454 64 30 och

108 508 110 29 andra
243 506 401 40 samhällsingripanden
669 516 42 20 av
736 506 93 30 olika
852 506 83 39 slag.
960 505 116 40 Enligt
1099 506 333 30 anstaltschefernas
1457 506 154 39 uppfatt-

108 559 84 39 ning
217 560 64 28 har
307 558 178 29 klientelet
513 557 257 40 genomgående
796 565 41 21 en
864 556 141 40 mycket
1031 558 70 28 stor
1129 556 216 39 benägenhet
1372 556 56 30 för
1457 556 154 30 alkohol-

108 609 189 29 missbruk.
320 608 277 29 Försummelser
623 609 51 28 att
698 607 142 30 inställa
865 607 51 40 sig
941 607 88 29 efter
1054 607 246 39 permissioner
1326 607 82 29 eller
1433 606 178 31 missbruk

109 668 42 20 av
176 659 247 39 permissioner
449 659 45 39 på
519 661 106 27 annat
651 659 69 29 sält
745 659 38 28 är
807 658 106 29 bland
940 658 96 29 detta
1062 657 142 29 klientel
1231 657 175 39 vanligare
1434 659 44 28 än
1505 656 118 31 bland:

108 710 110 29 andra
242 709 151 39 intagna.
415 708 94 30 Även
532 708 203 39 rymningar
757 708 78 29 från
857 708 169 29 anstalter
1049 707 235 29 förekommer
1304 707 11 29 i
1337 707 273 30 förhållandevis

109 762 71 27 stor
202 759 221 38 omfattning.

152 811 49 29 De
224 820 41 20 av
286 810 240 30 domstolarna
546 809 200 32 fastställda
765 809 130 30 minsta
914 809 137 30 tiderna
1071 810 53 30 för
1146 809 343 39 omhändertagande
1510 810 100 38 utgör

108 861 55 29 för
185 870 42 20 en
250 860 171 40 fjärdedel
445 869 42 20 av
510 860 178 29 klientelet
710 861 48 29 ett
782 859 47 35 år,
851 860 55 29 för
931 859 135 30 hälften
1089 860 80 29 över
1193 861 48 28 ctt
1265 868 78 20 men
1366 860 102 38 högst
1491 861 57 29 två
1572 860 37 29 år

108 912 64 28 och
194 911 101 30 alltså
313 911 53 29 för
386 920 42 20 en
448 910 171 39 fjärdedel
639 911 80 29 över
738 910 56 30 två
812 911 47 29 år.
878 910 67 29 Det
961 910 93 31 visar
1074 911 50 38 sig
1144 911 50 28 att
1215 911 65 29 den
1300 919 41 20 av
1361 910 249 38 internerings-

108 962 179 29 nämnden
307 961 182 30 bestämda
511 960 197 39 villkorliga
732 959 338 40 utskrivningstiden
1093 962 9 27 i
1128 962 51 28 tre
1202 960 213 39 fjärdedelar
1439 970 36 21 av
1503 960 107 29 fallen

108 1012 78 29 med
207 1012 101 38 högst
329 1013 47 27 ett
395 1012 97 29 halvt
512 1012 37 29 år
571 1011 219 30 överskrider
812 1010 246 30 minimitiden.
1082 1011 323 39 Förlängningarna
1427 1012 120 28 utöver
1568 1011 42 29 de

107 1071 41 21 av
176 1062 238 29 domstolarna
443 1061 198 30 fastställda
670 1061 131 30 minsta
827 1061 138 29 tiderna
995 1061 291 39 sammanhänger
1315 1061 185 39 vanligtvis
1531 1061 78 29 med

108 1113 186 29 misskötta
312 1112 247 39 permissioner
581 1112 82 29 eller
683 1111 224 30 klandervärt
928 1111 230 39 uppförande.
1177 1112 75 29 Den
1274 1120 74 21 som
1367 1112 98 29 förut
1485 1112 124 29 under-

107 1163 72 39 gått
200 1163 177 39 förvaring
395 1162 132 30 brukar
546 1163 29 39 ej
600 1163 108 28 heller
729 1162 142 39 frigivas
892 1162 111 29 redan
1022 1162 56 31 vid
1098 1162 174 39 utgången
1290 1171 41 20 av
1353 1162 128 29 minsta
1504 1162 104 30 tiden.

107 1213 375 30 Återfallsfrekvensen
505 1214 37 28 är
562 1213 139 39 mycket
721 1213 77 38 hög,
818 1222 39 20 ca
878 1212 40 30 70
944 1212 32 34 Z
1001 1213 53 31 för
1075 1212 79 30 dem
1175 1221 74 21 som
1272 1213 111 29 första
1402 1212 134 40 gången
1556 1213 53 29 ut-

108 1264 132 30 skrives
271 1264 78 29 från
380 1263 188 39 förvaring.
599 1264 72 28 Mer
702 1264 44 29 än
776 1263 136 30 hälften
941 1272 43 20 av
1012 1262 327 30 anstaltsklientelet
1369 1263 64 30 har
1466 1263 142 39 tidigare

107 1315 115 29 dömts
244 1314 52 29 till
316 1314 178 39 förvaring
514 1314 81 29 eller
613 1313 214 40 internering
848 1314 65 29 och
934 1313 88 30 efter
1041 1314 137 30 återfall
1200 1313 136 30 erhållit
1356 1323 46 30 ny
1423 1313 109 30 sådan
1551 1314 57 39 på-

107 1365 100 39 följd.
226 1365 341 29 Anstaltschefernas
585 1364 200 39 pessimism
802 1364 149 30 rörande
969 1363 340 40 klientelprognosen
1328 1365 37 28 är
1385 1364 106 30 också
1509 1365 99 37 högst

106 1415 163 39 påtaglig.
292 1415 73 29 Den
386 1415 103 30 svåra
508 1414 128 30 sociala
658 1415 64 29 och
744 1414 169 39 psykiska
933 1414 240 38 belastningen
1198 1414 51 29 till
1271 1415 85 29 trots
1379 1414 54 30 får
1456 1415 150 29 emeller-

107 1465 49 30 tid
178 1465 222 39 majoriteten
425 1474 41 20 av
487 1465 41 29 de
549 1464 143 39 intagna
715 1466 48 28 ett
784 1466 71 38 gott
876 1465 103 38 betyg
1001 1465 44 38 på
1067 1464 214 29 anstalterna
1305 1464 53 29 för
1382 1464 225 39 arbetsvillig-

106 1516 58 29 het
185 1516 65 29 och
271 1515 304 39 arbetsduglighet.

151 1566 12 29 I
192 1566 53 29 sin
272 1565 107 29 kritik
407 1575 42 21 av
475 1566 41 29 de
542 1565 204 30 nuvarande
772 1565 267 30 förhållandena
1069 1566 62 28 har
1161 1565 447 30 säkerhetsanstaltsutred-

106 1616 130 39 ningen
256 1616 104 30 bland
382 1617 108 29 annat
511 1616 126 29 uttalat
656 1615 166 40 följande.
846 1615 307 30 Anstaltsvårdens
1176 1616 218 39 utformning
1415 1617 194 28 motsvarar

107 1667 70 29 inte
201 1667 252 29 vårdbehoven.
478 1667 119 28 Ehuru
623 1666 185 31 alkoholen
831 1667 101 38 utgör
954 1668 48 27 ett
1025 1666 195 39 avgörande
1241 1666 190 41 personligt
1453 1667 156 39 problem

107 1718 54 29 för
184 1717 194 29 klientelets
402 1717 249 34 huvudmassa,
676 1717 66 29 har
765 1716 227 39 erforderliga
1016 1717 159 38 åtgärder
1200 1717 70 29 inte
1292 1717 165 38 vidtagits
1481 1717 53 29 för
1558 1718 51 29 att

106 1768 74 29 lösa
198 1768 114 30 denna
329 1767 108 39 fråga.
456 1767 52 29 En
529 1767 172 39 fjärdedel
721 1777 42 20 av
779 1767 179 29 klientelet
977 1766 84 30 lider
1082 1776 41 20 av
1143 1767 207 39 sjukdomar
1368 1768 65 28 och
1453 1766 155 31 defekter

106 1827 40 20 av
175 1817 313 30 arbetshindrande
514 1819 63 32 art,
604 1827 80 19 men
713 1817 209 38 tillräckliga
948 1817 388 38 behandlingsresurser
1366 1818 139 28 saknas.
1534 1818 74 28 Den

106 1868 204 29 arbetsbrist
329 1876 73 21 som
422 1868 102 29 råder
544 1868 43 39 på
607 1867 94 30 vissa
721 1867 167 30 anstalter
909 1869 38 28 är
967 1867 222 33 besvärande,
1211 1867 141 29 särskilt
1372 1868 80 29 med
1472 1868 136 38 hänsyn

107 1918 49 29 till
179 1918 144 29 behovet
344 1927 41 20 av
405 1917 258 39 arbetsträning
683 1918 54 28 för
759 1917 188 30 klientelet.
970 1917 65 30 För
1055 1917 94 30 detta
1169 1917 121 29 socialt
1311 1919 101 37 tungt
1433 1917 175 30 belastade

105 1969 64 28 och
191 1968 238 38 övervägande
450 1968 169 29 abnorma
640 1967 143 29 klientel
803 1967 116 31 finnes
939 1968 124 38 ytterst
1084 1967 100 39 ringa
1204 1967 181 39 möjlighet
1406 1969 50 28 att
1476 1968 131 29 erhålla

105 2018 159 40 behövlig
290 2018 216 40 psykiatrisk
532 2018 129 39 tillsyn.
690 2018 109 29 Dessa
825 2017 127 30 brister
979 2018 96 29 inom
1101 2018 279 29 anstaltsvården
1407 2018 200 30 framhäves

106 2069 106 38 enligt
239 2069 230 38 utredningen
496 2068 198 39 ytterligare
722 2077 121 31 genom
873 2069 41 29 de
941 2068 230 38 otillräckliga
1200 2068 283 39 anordningarna
1512 2068 96 29 inom

105 2119 254 39 öppenvården.
383 2119 65 28 Det
472 2119 109 29 måste
602 2120 156 37 antagas,
779 2119 50 29 att
850 2118 237 38 föreliggande
1110 2118 125 29 brister
1258 2118 9 28 i
1290 2118 318 39 öppenvårdsorga-

104 2169 196 29 nisationen
322 2170 158 28 avsevärt
502 2168 117 30 bidrar
642 2169 51 28 till
714 2168 66 29 den
800 2169 89 37 höga
912 2168 367 30 återfallsfrekvensen
1303 2169 94 28 inom
1419 2169 187 29 klientelet.

105 2219 101 29 Detta
224 2220 37 28 är
281 2219 146 37 tragiskt
446 2228 41 19 ur
508 2218 224 29 humanitära
751 2218 218 39 synpunkter
988 2219 63 28 och
1071 2218 178 28 dessutom
1269 2219 137 37 mycket
1425 2219 183 28 kostnads-

106 2269 176 29 krävande
312 2269 42 38 på
386 2268 113 38 grund
532 2277 40 20 av
604 2268 204 29 nuvarande
838 2268 91 38 höga
958 2267 276 29 vårdkostnader
1265 2270 41 36 på
1340 2268 140 29 anstalt.
1514 2269 95 28 Små-

106 2319 316 38 anstaltssystemet
442 2319 63 28 har
526 2319 43 38 på
592 2320 47 27 ett
659 2317 329 40 oproportionerligt
1009 2318 66 28 sätt
1097 2318 83 28 ökat
1202 2318 238 29 kostnaderna
1460 2319 53 28 för
1534 2326 74 31 per-

106 2369 108 28 sonal.
237 2368 183 38 Samtidigt
443 2377 74 20 som
540 2377 80 20 man
641 2369 44 38 på
708 2367 97 39 varje
826 2367 137 30 enskild
988 2367 128 29 anstalt
1137 2368 133 29 känner
1292 2368 50 38 sig
1367 2368 71 29 lida
1457 2368 86 30 brist
1564 2367 43 40 på

106 2419 171 38 personal,
303 2418 64 29 blir
393 2419 56 29 det
475 2418 264 38 sammanlagda
764 2418 129 29 antalet
918 2418 54 29 för
997 2417 126 31 vården
1150 2417 170 30 anställda
1347 2417 119 30 alltför
1493 2418 80 38 högt
1598 2418 8 28 i

106 2469 218 29 förhållande
348 2469 48 28 till
422 2469 130 29 antalet
574 2468 161 30 vårdade.
759 2468 50 28 En
831 2467 266 29 koncentration
1120 2477 41 19 av
1186 2468 215 31 anstalterna
1423 2468 112 30 skulle
1557 2477 51 20 er-
