2283 2738
521 201 36 29 12
926 205 128 32 Banko-
1065 201 179 50 Utskottets
1253 209 211 34 Betänkande
1486 213 61 33 N:o
1571 214 50 32 10.

472 286 134 38 hvaraf
628 289 10 36 i
671 290 113 39 första
803 293 137 47 graden
962 296 158 45 aderton,
1142 298 9 35 i
1175 297 71 37 den

472 339 115 37 andra
615 342 167 48 tjuguen,
810 346 10 35 i
850 345 69 37 den
946 347 118 49 tredje
1084 348 70 37 fem
1177 351 67 35 och

471 391 11 35 i
525 391 67 37 den
635 393 116 50 fjerde
790 410 76 23 sex.
919 398 72 36 För
1024 400 219 47 tjenstemän

470 442 40 36 af
533 443 118 49 tredje
680 448 68 35 och
777 447 116 49 fjerde
913 450 330 49 tjenstegraderna,

469 493 189 41 äfvensom
689 497 57 39 för
775 500 73 36 den
878 502 9 35 i
909 501 253 49 fullmäktiges
1184 517 61 24 ex-

1291 299 205 50 femtiotvå,
1545 302 135 38 hvaraf
1722 305 9 35 i
1778 306 114 37 första
1937 310 141 46 graden

1300 353 103 46 tjugu,
1446 354 7 35 i
1497 354 73 36 den
1608 356 113 37 andra
1762 359 166 47 tjuguen,
1966 362 10 35 i
2006 362 69 37 den

1297 404 120 48 tredje
1459 404 73 37 fem
1576 407 67 36 och
1684 409 10 35 i
1735 409 71 37 den
1848 411 117 47 fjerde
2000 427 76 24 sex,

1299 454 72 37 För
1399 456 217 47 tjenstemän
1645 458 40 37 af
1709 461 121 48 tredje
1861 463 69 36 och
1958 464 116 48 fjerde

1300 507 329 48 tjenstegraderna,
1659 510 192 40 äfvensom
1879 515 58 36 för
1965 516 69 37 den
2062 519 12 34 i

1273 556 279 53 sfullmäktiges
1612 563 220 48 expedition
1891 569 182 36 anställde

1295 610 225 47 tjensteman
1563 613 39 35 af
1639 614 115 37 andra
1794 618 142 46 graden
1972 620 102 36 med-

1293 661 103 36 delas
1426 662 180 38 fullmakt.

591 702 224 40 Nuvarande
847 708 43 35 69
921 706 21 47 $
964 708 205 38 innehåller
1189 713 538 46 ansvarighetsbestämmelser
1742 717 78 37 dels
1835 720 237 39 beträffande

466 752 139 37 vården
647 768 59 22 om
749 756 165 37 bankens
948 771 25 22 s.
1004 760 33 34 k.
1066 762 290 44 generalkassor,
1391 764 77 35 dels
1497 766 10 33 i
1536 765 105 47 fråga
1668 779 58 23 om
1755 770 317 47 verkställighets-

465 803 187 47 åtgärder,
683 805 162 37 kontroll
871 808 67 35 och
966 821 117 24 annan
1115 811 101 45 vård,
1245 825 76 23 som
1350 814 142 48 åligger
1519 816 307 48 tjenstemännen,
1854 821 84 35 med
1959 836 112 24 mera.

589 855 200 39 Ensamma
816 857 58 37 för
902 860 55 48 sig
986 868 63 28 äro
1078 861 107 37 dessa
1213 864 281 37 bestämmelser
1521 868 81 35 icke
1632 869 236 49 tillräckliga,
1898 873 65 35 och
1992 874 77 36 för-

463 903 170 39 denskull
663 907 114 37 hafva
806 910 66 35 ock
901 912 54 34 uti
983 913 316 37 instruktionerna
1326 915 58 36 för
1413 917 293 46 tjenstemännen
1735 921 61 35 vid
1825 922 243 39 hufvudkon-

461 960 95 32 toret
590 957 216 48 utförligare
835 961 281 38 bestämmelser
1145 965 11 34 i
1186 965 159 37 berörda
1375 967 232 38 hänseenden
1636 970 140 49 gifvits.
1831 973 73 36 Vid
1934 975 131 38 sådant

462 1005 233 41 förhållande
725 1011 68 35 och
822 1011 47 36 då
896 1012 231 38 föreskrifter
1155 1018 189 43 angående
1364 1019 312 46 tjenstemännens
1697 1025 247 47 ansvarighet,
1972 1027 94 36 lika-

463 1059 59 34 väl
563 1073 77 22 som
683 1060 282 40 föreskrifterna
1007 1078 56 22 om
1106 1066 124 36 hvilka
1271 1071 167 45 göromål
1467 1071 102 36 skola
1597 1073 150 36 tillhöra
1777 1074 72 37 den
1880 1089 67 24 ena
1976 1079 91 36 eller

460 1109 117 37 andra
592 1111 268 51 befattningen,
878 1117 194 45 rätteligen
1089 1118 161 47 tillhöra,
1266 1121 78 34 icke
1357 1122 381 48 bankoreglementet,
1753 1132 86 29 utan
1854 1127 45 35 de
1911 1130 154 46 specicla

458 1161 331 48 instruktionerna,
831 1166 106 36 torde
978 1167 120 36 denna
1133 1170 185 48 paragraf,
1346 1172 108 36 hvars
1482 1173 159 37 innehåll
1670 1175 115 36 redan
1817 1178 119 37 finnes
1969 1193 95 36 upp-

458 1216 103 44 taget
603 1215 68 35 och
714 1215 217 49 utförligare
965 1217 218 39 afhandladt
1218 1223 53 33 uti
1299 1223 316 37 instruktionerna
1643 1225 54 35 för
1724 1227 336 50 hufvudkontoret,

456 1269 135 31 rättast
632 1265 89 36 böra
763 1280 44 22 ur
847 1269 245 47 reglementet
1132 1273 193 35 uteslutas.
1380 1273 52 36 De
1467 1274 228 38 föreskrifter
1723 1277 212 39 densamma
1962 1282 101 37 inne-

457 1313 129 47 håller,
627 1316 119 37 blifva
786 1317 57 37 för
882 1320 298 46 tjenstemännen
1220 1324 76 35 lika
1336 1326 58 34 väl
1433 1326 173 47 gällande
1647 1331 118 33 såsom
1799 1330 263 40 instruktions-

455 1364 247 48 föreskrifter;
732 1369 65 36 och
828 1370 125 36 dertill
981 1372 175 45 kommer,
1183 1379 65 41 att,
1279 1388 57 23 om
1361 1377 236 48 Jemkningar
1617 1379 39 35 af
1670 1382 390 38 ansvarsbestämmel-

455 1428 109 26 serna
604 1419 120 36 finnas
766 1420 258 50 erforderliga,
1065 1423 134 37 sådana
1243 1426 46 35 då
1331 1427 123 35 kunna
1496 1428 40 35 af
1559 1428 233 50 fullmäktige
1819 1433 172 49 vidtagas
2020 1441 39 31 så

453 1467 74 37 fort
568 1469 46 36 de
643 1471 113 36 hinna
785 1473 190 35 omarbeta
1003 1474 328 49 instruktionerna,
1364 1478 203 46 hvaremot,
1603 1494 59 22 om
1692 1483 215 47 paragrafen
1937 1487 119 36 finnes

455 1520 53 34 uti
549 1521 259 48 reglementet,
851 1524 315 37 instruktionerna
1205 1531 116 33 måste
1363 1528 163 37 derefter
1567 1537 114 30 rättas
1723 1534 68 34 och
1820 1535 81 37 icke
1930 1537 126 37 kunna

454 1570 132 37 ändras
614 1572 11 35 i
654 1572 46 36 de
729 1573 116 45 delar,
886 1575 67 36 der
980 1576 246 49 tilläfventyrs
1255 1593 45 22 en
1328 1579 225 50 förbättring
1581 1589 127 42 syntes
1737 1584 172 50 behöflig,
1943 1595 113 29 annat

453 1628 45 28 än
525 1622 12 34 i
565 1623 179 35 samband
773 1625 86 36 med
887 1638 43 23 en
959 1627 395 51 reglementsändring.

578 1672 55 36 En
661 1681 170 30 närmare
858 1677 229 49 granskning
1115 1678 39 36 af
1178 1693 109 23 mom.
1319 1684 20 33 2
1368 1683 99 34 visar
1493 1681 57 36 för
1578 1683 123 48 öfrigt,
1732 1691 55 30 att
1815 1686 65 36 der
1908 1689 146 36 införda

453 1724 540 48 ansvarighetsbestämmelser
1032 1736 64 28 äro
1125 1730 11 34 i
1164 1731 97 35 vissa
1289 1732 101 36 delar
1417 1733 193 48 tvetydiga
1637 1736 65 34 och
1729 1736 232 38 fördenskull
1991 1741 62 35 be-

451 1773 112 37 höfva
591 1775 146 46 ändras,
765 1789 59 23 om
853 1778 45 35 de
928 1779 105 35 skola
1060 1780 12 34 i
1099 1782 244 47 reglementet
1363 1783 207 36 bibehållas.
1612 1785 190 37 Utskottet
1815 1789 108 36 torde
1941 1792 112 34 emel-

449 1825 109 35 lertid
592 1826 80 36 icke
702 1827 160 36 behöfva
891 1830 88 47 ingå
1006 1830 11 35 i
1046 1843 44 23 en
1119 1840 169 28 närmare
1317 1834 198 48 utredning
1544 1835 114 46 häraf,
1693 1837 46 35 då
1767 1837 192 39 Utskottet
1987 1855 65 22 an-

449 1888 59 23 ser
537 1876 81 35 hela
645 1878 219 47 paragrafen
894 1880 123 37 kunna
1046 1882 66 35 och
1142 1883 90 35 böra
1260 1885 182 36 uteslutas
1470 1898 43 22 ur
1540 1887 253 47 reglementet.

573 1926 144 38 Härvid
761 1929 67 36 bör
868 1929 195 39 Utskottet
1103 1934 110 35 likväl
1248 1935 180 48 derjemte
1457 1936 96 36 fästa
1582 1940 377 47 uppmärksamheten
1990 1948 57 43 på,

450 1983 54 31 att
531 1978 57 36 för
615 1980 294 47 tjenstemännen
939 1983 62 35 vid
1031 1982 391 50 afdelningskontoren
1451 1988 90 35 böra
1568 1989 119 36 finnas
1715 1991 181 36 likartade
1917 2006 132 24 ansva-

447 2029 384 48 righetsföreskrifter,
873 2046 80 24 som
982 2034 57 36 för
1066 2035 344 39 hufvudkontorets
1438 2039 238 47 tjenstemän,
1718 2054 80 23 men
1828 2043 136 37 saknas
1993 2045 57 36 för

449 2082 248 44 närvarande;
727 2083 67 35 och
826 2083 58 44 då,
913 2084 95 36 efter
1037 2086 96 35 hvad
1162 2088 111 35 redan
1304 2097 40 27 är
1372 2090 163 43 nämndt,
1564 2092 266 37 instruktioner
1858 2094 55 35 för
1933 2095 117 37 afdel-

452 2132 294 47 ningskontoren
786 2134 95 36 först
921 2135 200 38 framdeles
1164 2138 124 37 kunna
1318 2148 205 40 upprättas,
1565 2155 110 36 synes
1705 2144 63 35 det
1795 2145 175 49 behöfligt
1998 2154 54 29 att

450 2183 210 37 tillsvidare
701 2185 12 35 i
741 2191 53 29 ett
823 2185 428 51 öfvergångsstadgande
1280 2189 232 46 föreskrifva,
1553 2200 55 28 att
1636 2194 94 35 hvad
1759 2195 224 37 härutinnan
2011 2206 39 27 är

448 2234 177 48 stadgadt
660 2235 228 37 beträffande
918 2237 322 39 hufvudkontoret
1268 2242 94 35 skall
1392 2243 73 34 tills
1494 2243 127 37 vidare
1648 2245 11 35 i
1688 2246 226 49 tillämpliga
1942 2248 104 37 delar

446 2285 98 48 gälla
571 2285 108 37 äfven
706 2285 56 37 för
790 2286 403 50 afdelningskontoren.

469 546 167 49 pedition
666 552 184 36 anställde
879 553 223 48 tjensteman
1123 555 38 36 af
1180 570 64 22 an-

470 597 67 37 dra
563 601 140 45 graden
731 603 189 37 meddelas
948 605 191 37 fullmakt.
