2174 2600
168 939 136 24 Motioner.

176 1812 129 24 Utskottet.

402 135 41 30 52
806 134 341 31 Jordbruksutskottets
1170 133 163 32 utlåtande
1357 133 51 31 Nr
1432 135 19 29 9
1464 135 42 30 A.

363 218 143 30 statens
548 212 169 46 intresse,
749 217 64 41 att,
843 211 66 36 där
937 214 41 33 så
1007 211 206 49 lämpligen
1242 211 74 36 kan
1346 211 78 46 ske,
1454 210 136 48 främja
1619 212 345 48 sammanslutning

362 263 113 37 bland
517 264 245 35 lantmännen
792 263 56 35 för
876 263 298 47 tillgodoseende
1203 276 46 22 av
1278 262 69 36 här
1373 262 160 36 berörda
1562 262 184 48 ändamål,
1776 267 94 32 även
1900 277 62 23 om

362 315 61 36 det
464 316 126 47 ligger
617 315 12 35 i
657 315 134 35 sakens
833 320 123 41 natur,
994 320 54 30 att
1076 314 62 36 det
1166 314 209 36 allmännas
1403 313 226 49 ingripande
1657 314 301 49 huvudsakligen

364 369 116 33 måste
509 366 206 48 begränsas
743 366 57 35 till
827 365 511 50 upplysningsverksamhet.

490 418 78 48 Jag
595 418 65 35 vill
689 417 125 36 därför
844 418 57 35 för
928 418 78 35 min
1037 417 58 36 del
1124 417 201 48 tillstyrka,
1355 423 54 30 att
1438 423 53 29 ett
1519 417 134 48 anslag
1677 420 20 33 å
1718 418 62 35 det
1799 431 46 22 av
1865 418 98 36 lant-

363 469 306 49 bruksstyrelsen
711 483 50 22 nu
799 469 166 47 begärda
1009 469 188 49 beloppet,
1243 470 136 45 10,000
1422 468 150 47 kronor,
1602 468 159 49 begäres
1791 482 45 22 av
1865 469 99 36 riks-

365 521 124 47 dagen
518 521 59 35 för
605 534 49 22 nu
684 520 289 48 ifrågavarande
1002 520 183 36 ändamål.

491 573 198 35 Huruvida
731 572 62 36 det
835 573 146 47 anslag,
1021 585 79 23 som
1130 575 60 32 må
1220 571 101 37 bliva
1349 571 167 48 beviljat,
1547 572 68 36 bör
1642 572 234 36 överlämnas
1905 572 56 36 till

364 623 178 49 Sveriges
573 624 187 36 allmänna
789 623 362 49 lantbrukssällskap
1181 624 56 35 för
1266 628 54 31 att
1349 623 192 36 användas
1572 623 54 36 till
1647 628 122 31 avsett
1788 623 172 36 ändamål

363 677 89 35 eller
480 676 70 35 den
581 675 171 49 åsyftade
780 675 545 49 upplysningsverksamheten
1355 675 119 36 finnes
1503 674 128 36 kunna
1658 675 223 48 lämpligare
1902 688 62 23 an-

362 727 137 37 ordnas
541 730 48 46 på
627 733 115 30 annat
771 731 84 43 sätt,
886 726 107 37 torde
1022 726 199 37 framdeles
1251 726 102 36 bliva
1375 726 162 36 föremål
1567 727 58 35 för
1652 731 173 32 närmare
1853 731 107 32 över-

361 779 184 49 vägande,
575 779 134 36 liksom
740 779 69 36 ock
838 779 134 48 frågan
1002 791 61 23 om
1092 779 45 35 de
1156 783 171 31 närmare
1347 778 238 36 föreskrifter
1604 778 70 36 och
1694 778 72 36 den
1786 778 176 47 kontroll,

362 843 80 23 som
472 834 60 32 må
561 831 123 35 finnas
713 830 140 48 nödiga
882 830 233 36 beträffande
1143 829 170 37 medlens
1343 829 284 37 användande.»

490 933 22 35 I
549 934 105 36 detta
697 933 277 49 sammanhang
1011 934 68 35 har
1121 933 184 36 utskottet
1346 933 55 35 till
1443 932 234 50 behandling
1704 932 166 37 förehaft
1898 936 62 33 två

363 985 101 35 inom
503 985 204 49 riksdagen
753 985 147 45 väckta,
943 984 57 36 till
1038 984 391 48 jordbruksutskottet
1470 984 209 37 hänvisade
1719 984 243 49 likalydande

361 1037 197 46 motioner,
588 1037 191 48 nämligen
809 1050 43 22 nr
881 1038 46 34 39
957 1036 11 35 i
997 1035 120 37 första
1142 1036 220 36 kammaren
1391 1049 46 23 av
1466 1035 86 37 herr
1581 1037 163 43 Pålsson,
1771 1038 98 42 Jöns,
1890 1036 71 36 och

362 1102 45 22 nr
444 1090 47 34 88
520 1089 11 35 i
561 1089 118 36 andra
720 1089 217 35 kammaren
980 1101 46 22 av
1068 1088 85 36 herr
1178 1089 159 34 Jönsson
1365 1088 11 35 1
1405 1087 159 36 Fridhill
1593 1101 44 23 m.
1661 1090 57 43 f.,
1748 1088 80 35 vari
1856 1088 103 35 hem-

362 1140 133 47 ställts,
525 1146 56 30 att
609 1140 205 48 riksdagen
843 1143 115 32 måtte
988 1139 56 36 till
1072 1139 211 48 främjande
1312 1152 46 22 av
1382 1138 298 49 jordbrukarnes
1702 1139 257 49 kooperation,

360 1191 12 35 1
408 1191 157 36 främsta
606 1198 162 30 rummet
810 1192 57 35 för
907 1191 226 36 bedrivande
1175 1204 46 22 av
1263 1191 497 48 upplysningsverksamhet
1801 1190 161 37 rörande

356 1243 504 49 jordbrukskasserörelsens
882 1243 126 48 syften
1028 1243 69 36 och
1116 1242 196 49 praktiska
1331 1242 190 48 åtgärder,
1543 1255 80 24 som
1644 1246 120 33 måste
1784 1242 179 48 vidtagas

361 1295 57 36 för
446 1294 194 37 bildandet
669 1308 46 23 av
744 1308 74 35 nya
842 1294 343 49 jordbrukskassor
1213 1294 86 36 med
1329 1294 225 36 tillhörande
1584 1294 254 36 centralkassa
1863 1300 97 29 samt

360 1346 160 36 rörande
562 1346 221 48 föreningar
811 1347 58 34 för
898 1345 193 37 ordnande
1121 1359 44 22 av
1193 1346 223 48 avsättning
1444 1358 46 23 av
1519 1345 438 49 lantmannaprodukter,

361 1398 58 36 för
460 1398 175 36 vartdera
677 1411 46 22 av
761 1400 86 33 åren
890 1398 252 35 1918-—1919
1172 1397 131 35 anvisa
1331 1402 53 30 ett
1412 1397 304 48 förslagsanslag
1744 1410 46 22 av
1820 1397 140 46 20,000

361 1449 151 47 kronor,
556 1455 53 30 att
650 1449 129 36 ställas
821 1449 55 35 till
918 1448 225 48 förfogande
1180 1462 47 22 av
1256 1454 53 30 ett
1337 1448 205 48 arbetsråd,
1572 1448 78 36 valt
1678 1449 58 35 för
1765 1450 20 34 2
1815 1451 51 42 år,
1896 1448 62 36 be-

363 1501 156 36 stående
556 1514 46 23 av
633 1503 18 32 7
682 1500 205 37 ledamöter
915 1500 71 36 och
1016 1501 21 34 3
1067 1500 251 48 suppleanter,
1349 1513 46 22 av
1423 1500 102 35 vilka
1554 1499 139 48 Kungl.
1724 1500 108 47 Maj:t
1859 1504 101 32 utser

362 1554 22 34 4
413 1552 206 37 ledamöter
647 1552 70 37 och
746 1554 20 33 2
797 1552 246 48 suppleanter
1067 1557 96 30 samt
1183 1551 44 35 de
1248 1564 50 22 nu
1318 1551 102 35 inom
1440 1551 130 36 landet
1589 1551 194 48 befintliga
1804 1551 159 36 central-

362 1604 184 36 kassorna
576 1606 20 34 3
626 1604 209 36 ledamöter
863 1603 69 36 och
962 1616 47 22 en
1038 1603 214 49 suppleant.

490 1655 239 37 Beträffande
758 1655 45 36 de
831 1654 92 47 skäl,
953 1666 80 24 som
1064 1654 143 36 anförts
1236 1654 56 36 till
1321 1655 84 35 stöd
1431 1654 138 47 härför,
1590 1654 178 36 hänvisas
1784 1655 54 35 till
1857 1655 104 36 inne-

361 1707 115 36 hållet
503 1708 13 35 i
545 1707 243 36 motionerna.

492 1809 130 37 Under
664 1810 149 35 erinran
854 1810 179 35 hurusom
1077 1809 84 36 med
1202 1809 64 36 det
1309 1822 46 23 av
1384 1809 141 48 Kungl.
1556 1809 108 48 Maj:t
1691 1810 120 36 under
1839 1809 122 37 denna

362 1862 121 49 punkt
523 1861 215 48 föreslagna
776 1861 170 48 anslaget
976 1863 20 34 å
1028 1861 136 46 10,000
1192 1860 140 37 kronor
1360 1873 107 24 avses
1496 1860 209 49 främjande
1734 1874 46 23 av
1807 1861 153 49 upplys-

364 1912 360 50 ningsverksamhet
764 1912 239 37 uteslutande
1043 1912 159 36 rörande
1245 1912 219 48 föreningar
1505 1912 58 36 för
1604 1912 191 37 ordnande
1824 1926 46 22 av
1899 1926 61 22 av-

364 1965 172 48 sättning
577 1978 48 22 av
665 1963 429 50 lantmannaprodukter
1136 1963 200 37 framhålla
1376 1964 291 47 motionärerna,
1711 1970 54 30 att
1795 1964 163 36 érfaren-

363 2017 112 35 heten
508 2016 98 48 givit
634 2015 62 37 vid
726 2016 162 47 handen,
918 2021 55 31 att
996 2016 142 49 jämväl
1160 2015 494 49 jordbrukskasserörelsen
1681 2029 89 23 vore
1798 2016 12 35 i
1839 2015 120 37 behov

363 2082 45 22 av
451 2081 47 23 en
526 2068 61 35 väl
616 2067 178 49 planlagd
823 2067 70 37 och
921 2067 162 49 kraftigt
1110 2067 180 36 bedriven
1319 2067 104 49 dylik
1452 2067 252 47 verksamhet,
1734 2067 71 36 och
1833 2073 128 43 syntes

362 2120 64 36 det
455 2119 279 36 motionärerna
761 2119 63 36 vid
854 2118 134 37 sådant
1016 2119 235 36 förhållande
1279 2118 107 49 ligga
1415 2124 91 31 nära
1534 2119 58 35 till
1612 2119 132 46 hands,
1766 2125 54 30 att
1845 2131 113 23 ovan-

362 2170 163 37 berörda
567 2170 294 50 anslagsbelopp
903 2170 142 37 ökades
1087 2171 54 35 till
1183 2170 139 37 dubbla
1363 2170 176 49 beloppet
1572 2170 58 36 för
1659 2177 52 30 att
1740 2170 219 49 därigenom
