2192 2624
373 154 41 30 12
582 153 120 31 Första
727 154 203 31 kammarens
955 154 116 32 första
1097 153 167 41 tillfälliga
1288 155 134 31 utskotts
1445 154 167 32 utlåtande
1635 155 53 31 Nr
1713 156 54 31 24.

371 243 169 35 förordna
583 256 56 23 om
682 243 148 36 sådan.»
891 243 240 48 Riktigheten
1172 257 45 23 av
1258 244 224 35 sistnämnda
1516 244 189 36 förmodan
1733 245 141 36 bevisas
1903 247 81 35 bäst

370 297 122 43 därav,
522 299 54 33 att
605 297 60 35 det
693 297 179 44 inträffat,
902 300 53 32 att
983 298 138 46 Kungl.
1152 298 107 48 Maj:t
1287 298 186 35 förordnat
1502 310 57 23 om
1586 298 154 48 förnyad
1760 299 223 49 sakkunnig-

370 350 179 47 prövning
578 363 45 23 av
651 350 178 35 sökandes
858 350 223 48 kompetens.

478 403 69 35 Till
590 404 45 35 de
672 416 45 23 av
746 404 310 35 medkammarens
1087 404 141 36 utskott
1255 405 151 35 anförda
1435 405 91 45 skäl,
1557 417 75 23 som
1662 418 93 24 ovan
1783 406 199 47 återgivits,

371 457 64 35 vill
470 457 178 35 utskottet
676 457 92 36 blott
797 458 104 47 lägga
930 463 98 30 ännu
1057 461 64 41 ett,
1152 470 74 23 som
1255 470 108 36 synes
1391 458 118 36 starkt
1536 459 74 35 tala
1639 459 67 45 för,
1736 462 53 33 att
1817 460 167 47 åtgärder

370 523 44 23 av
443 510 202 48 föreslagen
674 514 55 32 art
757 511 81 35 icke
868 511 85 35 böra
982 511 175 47 vidtagas.
1203 512 227 37 Proceduren
1460 512 61 36 vid
1549 512 222 48 tillsättning
1799 526 45 23 av
1869 513 115 48 ledigt

370 564 341 48 professorsämbete
748 570 51 39 är,
829 567 116 34 såsom
974 565 149 44 bekant,
1153 565 233 47 synnerligen
1415 566 218 47 omständlig
1662 567 66 35 och
1756 566 224 39 tidsödande,

371 617 164 36 Givetvis
569 618 120 35 skulle
718 618 328 47 omständligheten
1075 619 67 36 och
1171 618 271 38 tidsutdräkten
1470 619 13 34 i
1511 619 185 48 åtskilliga
1725 620 64 34 fall
1817 624 167 33 avsevärt

370 671 98 44 ökas,
512 683 55 23 om
612 674 72 32 rätt
720 674 54 33 att
802 672 169 49 påfordra
1000 671 157 36 särskild
1183 672 262 48 jävsprövning
1473 673 120 37 skulle
1622 674 217 46 lagstadgas.
1896 674 86 35 Med

369 737 46 24 en
457 724 103 51 dylik
603 724 120 48 klago-
766 726 66 34 och
875 725 290 47 prövningsrätts
1206 725 191 36 införande
1431 726 118 39 skulle
1578 727 69 35 ock
1675 727 45 35 de
1747 727 236 39 akademiska

370 777 419 48 befordringstvisterna,
834 779 111 35 redan
986 791 51 23 nu
1070 778 82 36 icke
1181 779 186 51 sällsynta,
1397 780 205 47 säkerligen
1632 780 87 36 ökas
1747 780 13 35 i
1788 782 99 37 antal
1916 782 66 36 och

369 831 13 35 i
411 834 129 45 många
568 832 65 37 fall
662 832 36 35 få
727 832 173 35 karaktär
928 845 44 23 av
1002 835 80 33 rent
1111 832 141 51 privata
1280 834 245 46 uppgörelser.

478 885 127 35 Andra
648 885 210 37 kammaren
900 886 65 36 har
1006 886 133 35 uttalat
1174 885 55 48 sig
1257 886 67 44 för,
1354 889 54 33 att
1436 887 44 34 de
1508 887 246 47 sakkunniga,
1785 887 99 39 vilka
1912 887 70 36 till-

369 938 132 36 kallats
543 938 56 35 för
627 941 54 33 att
709 938 96 38 inom
835 939 518 47 ecklesiastikdepartementet
1381 940 166 35 utarbeta
1575 941 136 47 förslag
1738 941 57 35 till
1824 953 72 36 nya
1924 941 57 35 be-

369 992 222 39 stämmelser
633 993 152 36 rörande
815 992 382 48 lärarebefattningars
1226 993 222 37 tillsättande
1477 993 61 37 vid
1567 994 274 45 universiteten,
1870 997 112 33 måtte

369 1045 37 35 få
434 1045 13 35 i
476 1046 166 47 uppdrag
671 1049 52 36 att
751 1049 83 44 taga
862 1046 237 36 förevarande
1128 1046 102 47 fråga
1258 1047 116 39 under
1403 1047 250 47 omprövning.
1702 1048 186 38 Utskottet
1917 1048 65 36 vill

370 1099 80 36 med
479 1099 199 47 anledning
706 1100 111 35 härav
847 1099 119 35 erinra
994 1112 69 32 om,
1093 1103 54 32 att
1176 1100 164 35 bemälda
1368 1100 234 48 sakkunniga
1631 1101 190 36 tillkallats
1850 1101 13 35 i
1886 1102 95 47 syfte

369 1155 53 35 att
464 1152 308 36 förberedelserna
815 1153 56 35 för
913 1153 465 48 professorsbefattningars
1419 1154 225 36 tillsättande
1677 1157 110 33 måtte
1816 1155 98 36 bliva
1942 1158 39 33 så

369 1206 80 35 litet
476 1205 214 36 tidsödande
718 1219 75 23 som
822 1207 151 48 möjligt.
1031 1207 111 35 Detta
1170 1208 167 47 uppdrag
1365 1208 119 35 skulle
1513 1208 288 48 uppenbarligen
1830 1209 151 35 konver-

367 1262 107 42 teras,
513 1272 56 23 om
599 1259 62 38 vid
690 1260 244 47 fullgörandet
962 1273 44 25 av
1034 1260 199 38 detsamma
1262 1261 120 35 skulle
1410 1264 101 45 tagas
1539 1261 13 35 i
1581 1262 248 47 övervägande
1858 1274 44 23 en
1931 1265 50 33 åt-

367 1313 102 47 gärd,
499 1325 73 23 som
603 1313 255 48 ovillkorligen
885 1316 113 34 måste
1027 1314 164 47 förlänga
1211 1314 250 37 vakanstiden.
1506 1316 57 34 En
1587 1315 104 48 dylik
1710 1315 270 39 inkonsekvens

368 1366 12 41 i
419 1366 101 48 fråga
562 1380 56 22 om
662 1367 159 36 direktiv
863 1367 56 36 för
949 1367 244 48 fullgörandet
1221 1381 44 23 av
1293 1368 380 48 sakkunniguppdrag
1701 1369 73 42 kan
1803 1369 179 43 utskottet

368 1420 76 38 helt
472 1420 178 47 naturligt
678 1421 81 35 icke
788 1421 154 41 förorda.

476 1474 50 43 På
554 1474 121 47 grund
703 1488 44 23 av
776 1475 61 35 det
865 1475 150 35 anförda
1044 1475 56 42 får
1129 1475 177 35 utskottet
1334 1476 201 44 hemställa,

904 1585 52 32 att
985 1582 111 35 första
1125 1582 210 35 kammaren
1357 1582 82 36 icke
1459 1586 109 33 måtte
1588 1583 143 40 biträda
1750 1583 113 37 andra
1882 1583 98 38 kam-

799 1648 139 23 marens
966 1635 13 36 il
1007 1636 150 35 ärendet
1185 1636 136 36 fattade
1350 1636 130 36 beslut.

477 1741 206 36 Stockholm
715 1742 69 35 den
818 1745 45 33 18
897 1743 68 48 maj
1000 1745 111 37 1920.

945 1850 49 35 På
1025 1850 195 36 utskottets
1249 1856 150 41 vägnar:

1017 1957 79 36 TH.
1128 1957 204 38 BORELL.

475 2115 188 26 Närvarande
684 2115 46 26 vid
752 2116 185 26 förestående
956 2116 123 26 ärendes
1099 2116 236 33 slutbehandling
1356 2117 76 26 inom
1455 2118 153 26 utskottet:
1635 2118 101 26 herrar
1756 2117 104 33 Borell,
1880 2117 98 27 Sande-

364 2149 81 34 gård,
467 2150 65 26 Carl
549 2150 167 33 Johansson,
738 2151 62 26 Isak
819 2151 143 32 Svensson,
981 2151 158 33 Jesperson,
1159 2151 178 26 Grevesmiikl
1354 2154 54 25 och
1428 2152 82 26 Lind.

786 2347 175 33 Stockholm,
980 2348 30 26 0.
1032 2349 29 25 L.
1083 2348 168 27 Svanbäcks
1272 2349 186 31 Boktryckeri
1481 2348 77 28 1920,
