1824 2782
238 157 36 29 14
614 160 121 29 Första
761 160 245 38 lagutskottets
1032 163 179 30 utlåtande
1236 174 42 20 nr
1309 166 50 30 16.

889 296 196 30 Yttranden.

282 375 176 30 Utskottet
479 377 61 29 har
561 379 10 29 i
592 378 67 29 den
681 379 147 40 ordning
852 379 15 36 8
891 380 41 29 46
954 381 354 41 riksdagsordningen
1331 384 210 31 föreskriver
1563 386 174 30 inhämtat

237 427 187 37 yttranden
448 428 78 29 över
549 429 219 30 motionerna
792 430 80 29 från
897 431 182 30 hovrätten
1104 432 55 30 för
1185 433 124 30 Västra
1335 435 146 39 Sverige,
1507 436 230 40 domkapitlet

237 476 9 28 i
268 476 216 40 Linköpings
505 478 74 29 stift
599 479 64 29 och
687 480 79 29 1951
789 481 56 29 års
864 482 395 39 rättegångskommitté.
1280 484 182 39 Därjämte
1483 486 63 30 har
1566 487 172 30 utskottet

237 527 108 29 berett
370 527 216 41 Föreningen
614 530 154 39 Sveriges
793 531 334 41 häradshövdingar,
1154 534 217 39 Föreningen
1398 536 154 40 Sveriges
1579 538 157 30 stadsdo-

237 586 103 28 mare,
371 579 169 38 styrelsen
569 580 53 29 för
653 580 153 40 Sveriges
834 582 330 38 advokatsamfund,
1194 585 220 40 Frikyrkliga
1444 588 296 31 samarbetskom-

236 627 122 31 mittén
384 630 65 28 och
474 630 200 30 Förbundet
699 631 54 30 för
778 632 272 39 religionsfrihet
1076 634 137 31 tillfälle
1239 637 49 28 att
1312 637 93 38 yttra
1432 638 51 39 sig
1507 639 79 28 över
1613 639 127 30 motio-

237 687 116 21 nerna.

277 771 193 31 Hovrätten
492 773 55 39 för
572 774 123 30 Västra
717 775 137 40 Sverige
879 776 111 30 anför.

279 830 73 29 Vad
376 831 10 28 i
411 831 219 30 förarbetena
655 833 51 29 till
730 834 40 28 36
793 834 79 39 kap.
897 835 18 29 5
942 835 15 36 $
983 837 326 38 rättegångsbalken
1334 839 136 29 anförts
1494 850 55 19 om
1574 841 67 29 den
1666 841 68 29 för-

235 873 310 40 troendeställning
572 884 73 20 som
674 877 140 28 utövare
842 887 42 20 av
909 878 92 29 vissa
1026 879 110 38 yrken
1163 879 117 39 intaga
1304 881 10 28 i
1342 881 219 31 förhållande
1589 882 52 30 till
1667 884 69 29 den

234 915 155 30 enskilde
414 919 90 27 samt
529 918 129 30 dennes
683 919 213 40 berättigade
921 921 145 30 intresse
1092 931 41 20 av
1158 925 49 27 att
1231 924 65 29 vad
1321 934 74 19 som
1421 925 176 30 anförtros
1622 926 109 30 sådan

234 957 248 37 yrkesutövare
512 958 73 29 icke
617 960 158 29 kommer
805 960 52 29 till
888 971 136 20 annans
1053 963 209 35 kännedom,
1284 973 102 30 synes
1405 966 64 38 äga
1488 966 245 40 tillämplighet

234 1000 86 28 även
336 1000 45 38 på
399 1000 235 30 förhållandet
653 1003 127 29 mellan
799 1003 67 30 den
884 1004 156 30 enskilde
1059 1006 64 29 och
1142 1006 88 29 hans
1251 1007 235 39 själasörjare.
1506 1008 230 30 Beträffande

235 1041 215 30 skriftermål
477 1043 92 29 inför
597 1045 98 38 präst
722 1045 10 28 i
761 1046 149 29 svenska
938 1047 134 38 kyrkan
1102 1047 181 39 tillgodose
1310 1050 246 30 ovannämnda
1584 1052 110 38 regler
1723 1052 9 28 i

233 1083 214 40 kyrkolagen
469 1085 92 29 såväl
583 1087 66 28 den
671 1087 174 30 enskildes
868 1097 74 20 som
964 1090 158 38 prästens
1144 1090 146 30 intresse
1312 1101 41 20 av
1375 1093 51 27 att
1447 1094 139 36 tystnad
1608 1093 127 29 iaktta-

233 1133 56 30 ges
306 1135 55 20 om
379 1128 67 29 vad
465 1137 72 20 som
556 1128 225 30 förekommit
797 1129 57 30 vid
874 1131 259 30 skriftermålet.
1153 1132 74 29 Den
1246 1132 227 40 likställighet
1492 1144 74 20 som
1586 1143 147 22 numera

234 1167 6 29 i
258 1168 176 39 åtskilliga
452 1170 221 30 hänseenden
693 1172 104 37 gäller
814 1173 130 29 mellan
962 1175 146 28 svenska
1126 1175 136 38 kyrkan
1280 1176 64 29 och
1362 1176 111 30 andra
1490 1178 240 29 trossamfund

232 1211 87 28 talar
338 1211 55 29 för
412 1213 50 28 att
480 1212 164 32 liknande
664 1214 108 38 regler
790 1214 84 29 böra
893 1215 91 38 gälla
1000 1216 11 28 i
1030 1216 97 38 fråga
1146 1226 56 20 om
1222 1217 225 30 förtroenden
1467 1220 77 29 med
1563 1220 171 29 karaktär

233 1262 41 20 av
294 1253 75 29 bikt
391 1253 94 30 inför
507 1255 65 29 den
596 1264 74 20 som
695 1256 9 28 i
729 1256 123 29 sådant
875 1257 166 31 samfund
1063 1258 134 39 intager
1221 1268 41 20 en
1286 1259 176 40 ställning,
1486 1262 247 29 motsvarande

232 1295 64 29 den
316 1304 74 21 som
409 1296 212 30 tillkommer
640 1298 97 39 präst
755 1300 10 28 i
784 1300 150 29 svenska
952 1300 145 39 kyrkan.
1117 1301 190 30 Hovrätten
1326 1302 60 30 vill
1405 1302 119 30 därför
1543 1303 189 40 tillstyrka,

232 1338 49 28 att
298 1337 124 39 frågan
440 1348 55 20 om
513 1339 184 30 införande
716 1349 40 21 av
774 1341 131 30 sådana
922 1342 109 38 regler
1049 1343 97 38 göres
1165 1343 52 29 till
1236 1343 144 30 föremål
1400 1344 55 30 för
1474 1345 196 39 utredning.

272 1421 239 40 Domkapitlet
532 1423 10 28 i
562 1423 215 40 Linköpings
800 1425 78 39 stift
900 1425 101 30 anför
1023 1426 166 40 följande.

275 1472 11 28 I
306 1472 40 29 36
366 1473 81 39 kap.
467 1473 17 29 5
507 1473 14 36 $
542 1475 338 38 rättegångsbalken,
902 1476 62 29 där
984 1477 250 40 tystnadsplikt
1254 1479 9 29 i
1284 1478 92 30 vissa
1398 1479 61 29 fall
1480 1480 175 39 lagfästes,
1677 1482 55 28 sä-

231 1523 55 29 ges
304 1515 10 28 i
333 1515 85 29 sista
438 1516 131 39 stycket
589 1526 56 20 om
664 1518 114 38 prästs
797 1519 251 39 tystnadsplikt
1066 1520 123 31 endast
1209 1522 49 28 att
1274 1521 123 30 därom
1417 1523 38 28 är
1475 1522 141 29 särskilt
1637 1523 94 29 stad-

230 1558 64 37 gat.
313 1557 65 29 Det
398 1558 188 39 stadgande
606 1568 74 20 som
699 1560 120 29 därvid
837 1569 100 21 avses
956 1561 95 30 torde
1068 1571 83 21 vara
1172 1562 15 29 7
1208 1563 78 39 kap.
1307 1563 17 29 2
1346 1563 15 36 8
1382 1564 224 39 kyrkolagen.
1626 1565 100 29 Detta

231 1599 188 38 stadgande
442 1600 72 30 åter
537 1610 101 29 synes
662 1609 122 31 genom
808 1602 54 29 sin
886 1603 249 40 ålderdomliga
1158 1605 230 39 formulering
1411 1606 75 29 icke
1509 1608 10 29 i
1543 1607 67 30 alla
1633 1616 95 20 avse-

229 1642 109 29 enden
359 1642 78 38 giva
457 1643 94 39 präst
572 1643 65 29 den
659 1644 69 29 rätt
748 1645 64 29 och
834 1645 197 39 skyldighet
1052 1648 48 29 att
1122 1646 154 39 iakttaga
1299 1649 141 37 tystnad
1463 1658 73 20 som
1557 1649 173 29 motionä-

229 1692 100 21 rerna
347 1684 127 39 åsyfta.

272 1726 200 31 Emellertid
496 1727 61 29 har
578 1729 79 28 med
679 1729 75 29 stöd
776 1738 42 20 av
837 1730 115 30 denna
973 1730 298 38 lagbestämmelse
1293 1739 123 31 genom
1439 1733 288 40 domstolspraxis

228 1768 54 29 för
306 1770 98 38 präst
430 1769 11 29 i
468 1771 145 29 svenska
641 1771 137 38 kyrkan
804 1771 199 40 tillskapats
1029 1782 42 19 en
1097 1772 106 30 frihet
1230 1773 79 30 från
1336 1774 197 39 skyldighet
1559 1777 50 27 att
1634 1786 93 29 yppa

227 1811 64 29 vad
314 1820 74 20 som
410 1811 11 29 i
443 1812 87 29 hans
553 1813 134 29 ämbete
711 1813 158 38 delgivits
893 1814 82 30 eller
997 1814 206 31 anförtrotts
1225 1816 139 34 honom,
1387 1816 117 30 vilken
1527 1817 106 30 frihet
1656 1820 70 28 kan

228 1854 98 37 sägas
350 1863 84 20 vara
455 1854 180 40 jämförlig
659 1856 77 29 med
761 1856 65 29 den
852 1865 75 20 som
952 1857 105 38 gäller
1082 1857 54 29 för
1161 1866 116 21 annan
1301 1859 149 29 ämbets-
1475 1860 80 29 eller
1579 1860 147 38 tjänste-

227 1904 89 20 man.
339 1896 311 39 Tystnadsplikten
673 1897 95 30 torde
790 1907 83 20 vara
895 1899 50 28 att
966 1898 158 31 betrakta
1148 1908 73 21 som
1244 1902 46 28 ett
1312 1900 192 39 åliggande,
1526 1902 106 29 vilket
1655 1903 69 29 han

224 1938 44 38 på
288 1940 112 36 grund
421 1949 42 19 av
483 1938 57 31 sitt
560 1940 135 30 ämbete
716 1941 64 28 har
798 1942 48 28 att
866 1941 166 38 iakttaga,
1053 1943 192 29 oberoende
1265 1953 41 20 av
1325 1953 56 20 om
1402 1945 70 29 han
1493 1945 126 39 avgivit
1638 1948 87 37 tyst-

226 1980 161 29 hetslöfte
410 1981 82 29 eller
513 1981 84 29 icke.
620 1981 65 29 Det
707 1982 37 29 är
765 1982 133 29 således
920 1982 75 30 icke
1019 1983 289 39 »tysthetslöftet>
1333 1994 75 19 som
1432 1985 133 35 sådant,
1590 1996 73 20 som
1687 1988 39 28 är

225 2023 195 37 avgörande
443 2023 53 29 för
517 2023 122 38 frågan
661 2033 57 19 om
738 2024 252 39 tystnadsplikt
1011 2025 182 39 föreligger
1215 2026 81 29 eller
1317 2026 86 30 icke.

266 2065 75 31 Med
369 2065 114 30 denna
510 2066 177 30 allmänna
714 2067 213 30 reservation
953 2068 53 29 får
1032 2069 229 39 domkapitlet
1288 2070 156 30 förklara
1471 2071 49 37 sig
1546 2072 176 39 tillstyrka

222 2109 49 27 att
292 2116 41 20 en
355 2107 326 40 förutsättningslös
704 2110 186 39 utredning
910 2111 214 34 verkställes,
1147 2121 57 20 om
1225 2112 63 29 och
1309 2113 10 28 i
1340 2113 95 30 vilka
1457 2114 60 29 fall
1538 2114 34 29 åt
1594 2114 127 40 frikyr-

222 2149 183 39 kopastors
425 2150 251 40 tystnadsplikt
697 2152 68 29 kan
784 2152 144 30 beredas
949 2162 132 20 samma
1102 2154 112 38 skydd
1235 2164 74 20 som
1329 2156 56 28 det
1405 2156 106 29 vilket
1530 2157 69 29 kan
1621 2167 101 20 anses

223 2191 196 30 tillkomma
439 2193 147 29 svenska
606 2193 156 38 kyrkans
780 2194 237 40 prästerskap.

266 2275 79 28 1951
367 2276 57 30 års
445 2276 384 39 rättegångskommitté
849 2278 103 30 anför
973 2278 164 40 följande.

264 2334 74 31 Med
361 2335 67 29 den
450 2335 272 39 religionsfrihet
743 2346 73 20 som
837 2337 9 29 i
868 2337 77 29 vårt
966 2339 79 28 land
1067 2339 105 38 gäller
1194 2341 38 28 är
1253 2340 55 29 det
1328 2340 76 29 icke
1426 2341 295 31 tillfredsställan-

220 2377 39 29 de
279 2387 54 20 om
352 2387 44 20 en
413 2380 119 37 pastor
550 2379 10 28 i
578 2380 48 28 ett
645 2379 341 37 frikyrkosamfund,
1004 2379 114 31 vilken
1137 2382 125 29 verkar
1281 2391 74 20 som
1374 2382 235 41 själasörjare,
1630 2384 88 30 skall

220 2428 82 21 vara
320 2420 139 39 skyldig
477 2422 49 28 att
544 2420 111 29 vittna
675 2430 53 20 om
749 2422 64 29 vad
833 2431 76 20 som
929 2422 205 30 anförtrotts
1153 2424 129 29 honom
1301 2433 73 20 som
1396 2425 234 40 själasörjare,
1650 2435 70 20 me-

219 2460 67 30 dan
309 2471 42 20 en
374 2462 300 39 statskyrkopräst
699 2463 74 30 icke
795 2464 64 29 har
883 2464 109 30 sådan
1016 2465 206 39 skyldighet.
1246 2465 66 30 Om
1334 2467 57 29 det
1414 2468 44 29 än
1482 2468 68 29 kan
1574 2470 145 38 antagas
