1874 2844
296 141 19 30 2
717 144 110 32 Andra
850 146 223 36 lagutskottets
1094 150 164 31 utlåtande
1282 152 48 29 Nr
1348 157 26 25 1.

301 231 93 30 terna
418 230 112 37 grund
556 230 53 33 för
633 233 199 39 antagande,
859 237 50 30 att
932 246 120 27 genom
1076 238 288 38 expropriationen
1390 240 196 34 säkerheten
1611 242 73 34 icke
1709 256 91 21 avse-

300 283 76 29 värt
394 280 149 34 minskas
564 281 53 33 för
635 281 227 36 innehavarna
881 296 42 22 av
942 285 203 41 fordringar,
1167 288 53 32 för
1239 289 95 33 vilka
1353 302 39 21 en
1411 291 80 33 eller
1512 292 87 33 flera
1617 305 42 21 av
1679 294 120 40 fastig-

299 328 136 35 heterna
457 332 45 38 på
525 332 109 38 grund
656 345 42 21 av
721 333 77 34 sökt
820 334 79 34 eller
921 335 149 41 beviljad
1092 338 194 41 inteckning
1310 341 79 32 eller
1410 342 137 38 jämlikt
1571 345 38 31 11
1634 344 78 40 kap.
1737 347 18 31 2
1782 345 18 39 8

298 379 218 39 Jordabalken
537 383 108 39 häfta,
668 384 156 34 förordne
845 389 109 30 rätten
975 388 45 38 på
1042 388 144 39 begäran
1209 402 42 21 av
1274 391 61 33 den
1357 394 278 38 exproprierande
1656 396 80 33 eller
1758 409 42 20 av

299 435 100 35 ägare
426 432 54 33 till
508 434 108 38 någon
644 446 42 21 av
713 435 246 40 fastigheterna
986 438 13 32 i
1027 440 160 33 samband
1214 442 74 32 med
1315 442 108 35 beslut
1451 456 52 20 om
1531 445 220 35 fastställelse
1779 448 19 31 å

298 483 450 39 expropriationsnämndens
776 487 258 41 uppskattning,
1063 494 51 29 att
1140 491 174 41 betalning
1342 506 39 19 ur
1410 496 386 38 expropriationsersätt-

298 532 121 40 ningen
443 534 74 34 icke
540 536 53 32 må
617 536 161 40 tilläggas
803 538 200 34 innehavare
1028 553 42 20 av
1093 541 148 41 fordran,
1267 543 53 33 för
1342 545 113 33 vilken
1479 547 109 38 någon
1612 560 42 21 av
1677 548 121 40 fastig-

297 583 135 35 heterna
453 585 143 34 sålunda
615 586 125 41 häftar,
763 589 73 33 med
855 590 128 33 mindre
1005 591 103 34 denne
1127 593 80 33 eller
1229 606 109 21 annan
1358 596 105 33 sådan
1484 599 199 38 rättägande
1702 599 13 32 i
1736 600 62 32 den

298 633 165 41 fastighet
487 636 186 34 framställt
695 639 149 39 anspråk
866 640 105 40 därpå
993 641 13 32 i
1030 642 61 33 den
1115 644 142 40 ordning
1280 645 12 32 i
1316 647 39 31 57
1381 646 18 39 8
1424 647 103 34 femte
1551 649 133 38 stycket
1707 655 90 34 sägs.

997 753 42 32 48
1059 752 29 39 8.

336 811 479 45 Expropriationsersättning,
838 829 68 21 som
924 838 45 4 —
987 839 45 4 —
1049 840 45 4 —
1113 825 125 30 rättens
1258 823 113 39 utslag
1390 825 121 33 vunnit
1530 826 78 39 laga
1627 826 105 34 kraft.

335 862 68 34 Vid
425 864 257 41 nedsättningen
702 866 113 40 ingive
840 868 60 34 den
923 871 277 39 exproprierande
1223 873 55 33 till
1301 874 206 40 Konungens
1530 876 262 42 befallningsha-

294 916 105 33 vande
421 921 128 30 rättens
570 918 112 40 utslag
702 919 103 39 jämte
826 920 90 34 bevis
938 925 51 30 att
1010 923 60 33 och
1090 929 60 28 när
1171 925 149 39 utslaget
1340 928 117 32 vunnit
1480 928 79 39 laga
1581 929 94 33 kraft
1698 933 96 35 samt,

295 965 60 34 där
370 967 30 39 ej
417 967 222 35 förordnande
655 970 106 39 enligt
776 972 41 32 47
835 971 19 39 8
869 972 105 39 tredje
992 974 131 39 stycket
1139 975 193 41 meddelats,
1349 978 287 38 gravationsbevis
1656 980 139 33 rörande

294 1016 216 41 fastigheten.

997 1084 40 31 57
1058 1083 29 39 8.

338 1144 205 41 Konungens
566 1146 354 41 befallningshavande
941 1170 45 3 —
1007 1170 45 4 —
1071 1170 45 4 —
1138 1153 167 34 desamma
1328 1155 201 39 berättigad.

336 1195 166 35 Besväras
528 1197 162 39 fastighet
715 1210 42 21 av
782 1199 75 34 sökt
879 1200 80 34 eller
982 1201 145 40 beviljad
1151 1202 194 42 inteckning
1370 1205 52 33 för
1448 1206 149 40 fordran,
1622 1207 80 33 eller
1725 1207 67 33 kan

293 1245 164 40 fastighet
479 1247 136 39 jämlikt
639 1250 39 31 11
702 1249 80 40 kap.
806 1251 18 31 2
850 1249 18 40 8
891 1251 218 39 jordabalken
1131 1254 12 31 i
1168 1259 141 34 ägarens
1334 1255 89 34 hand
1447 1257 99 33 häfta
1572 1257 53 33 för
1648 1258 143 39 ogulden

291 1296 236 41 köpeskilling,
556 1298 93 35 skola
674 1300 12 32 i
713 1300 101 39 fråga
840 1313 50 21 om
918 1301 210 41 löseskilling
1155 1304 54 33 för
1237 1305 203 39 fastigheten
1469 1311 97 35 samt,
1595 1320 50 21 om
1673 1308 119 34 endast

291 1359 38 20 en
353 1348 52 32 del
427 1360 43 21 av
493 1349 203 39 fastigheten
720 1351 256 41 exproprierats,
1001 1353 214 35 beträffande
1239 1356 187 40 ersättning
1451 1357 54 33 för
1530 1358 104 34 skada
1658 1360 60 32 och
1742 1359 47 32 in-

290 1398 98 39 trång
412 1399 19 32 å
456 1399 62 33 den
542 1400 207 34 återstående
775 1402 102 39 delen,
902 1404 36 32 så
963 1404 63 33 ock
1050 1406 169 37 angående
1244 1408 186 38 ersättning
1457 1408 54 33 för
1535 1409 186 39 upplåtelse
1748 1423 41 20 av

291 1449 146 33 särskild
458 1453 69 30 rätt
546 1450 54 33 till
619 1452 103 33 sådan
744 1452 174 41 fastighet,
940 1454 229 39 stadgandena
1189 1468 51 21 om
1263 1457 190 40 fördelning
1474 1459 59 33 hos
1555 1459 237 34 överexekutor

288 1511 42 21 av
353 1499 228 41 köpeskilling
606 1502 54 33 för
683 1503 261 40 utmätningsvis
972 1505 74 34 såld
1073 1506 69 34 fast
1167 1508 157 38 egendom
1350 1508 87 34 hava
1463 1510 231 34 motsvarande
1719 1510 68 33 till-

288 1550 183 40 lämpning,
501 1552 104 33 såvitt
632 1553 29 39 ej
689 1554 108 33 nedan
826 1555 206 34 annorlunda
1059 1557 148 39 stadgas.
1258 1554 53 37 Är
1339 1559 204 39 fastigheten
1573 1561 144 33 förutom
1748 1574 40 20 av

288 1600 137 34 fordran
450 1602 164 34 besvärad
638 1616 42 20 av
704 1616 109 22 annan
838 1606 145 33 särskild
1009 1610 78 36 rätt,
1112 1620 68 21 som
1207 1608 205 34 förminskar
1437 1610 223 40 fastighetens
1685 1612 102 33 värde

287 1650 59 32 och
366 1651 148 39 åtnjuter
533 1656 107 30 sämre
661 1657 69 30 rätt
751 1659 42 28 än
813 1655 205 41 fordringen,
1041 1657 123 34 erhålle
1186 1658 309 42 fordringsägaren,
1517 1661 12 32 i
1554 1661 60 33 den
1635 1663 75 31 mån
1734 1662 55 33 det

288 1706 112 30 tarvas
426 1704 54 33 för
506 1704 87 34 fulla
616 1706 183 38 gäldandet
824 1720 40 20 av
889 1708 83 34 hans
1000 1709 146 39 fordran,
1172 1710 171 40 betalning
1369 1713 108 32 såsom
1504 1725 51 20 om
1582 1713 205 39 fastigheten

285 1753 73 34 icke
381 1767 76 21 vore
482 1767 42 21 av
548 1757 141 33 nämnda
715 1761 67 29 rätt
807 1758 171 39 besvärad,
1005 1760 60 32 och
1089 1760 99 34 varde
1213 1762 227 39 ersättningen
1467 1763 54 32 för
1547 1764 201 39 rättigheten
1774 1764 13 32 i

285 1806 233 33 motsvarande
546 1807 75 33 mån
649 1807 221 35 förminskad.
920 1809 74 33 Har
1021 1810 57 34 vid
1105 1811 246 34 bestämmande
1380 1825 42 21 av
1449 1814 197 40 ersättning,
1677 1827 68 21 som
1774 1815 12 31 i

286 1855 107 34 första
413 1856 150 39 punkten
585 1870 105 27 avses,
711 1859 163 33 nämnden
896 1861 75 38 gått
990 1864 116 30 utöver
1127 1862 54 32 det
1202 1862 119 40 belopp
1345 1863 305 41 fastighetsägaren
1673 1866 111 38 yrkat,

286 1906 59 32 och
366 1908 144 38 uppstår
530 1908 86 33 efter
636 1908 166 39 gäldande
824 1922 42 21 av
887 1910 38 33 de
947 1911 202 40 fordringar,
1172 1924 69 21 som
1265 1913 94 34 skola
1380 1915 82 38 utgå
1484 1927 42 20 ur
1547 1916 237 39 ersättningen,

284 1957 179 39 överskott,
485 1970 69 22 som
577 1959 29 38 ej
628 1959 100 33 faller
748 1960 88 33 inom
857 1962 144 33 nämnda
1023 1962 127 40 belopp,
1172 1964 54 32 må
1249 1964 309 40 fastighetsägaren
1580 1966 29 39 ej
1632 1967 153 39 uppbära

284 2007 213 40 överskottet,
520 2012 81 29 utan
622 2010 100 33 varde
746 2010 91 34 detta
860 2011 169 34 återställt
1051 2012 52 33 till
1127 2013 60 33 den
1211 2014 288 39 exproprierande.

328 2057 254 35 Sammanträde
598 2060 53 32 för
664 2079 45 4 —
721 2079 46 5 —
780 2080 45 4 -—
839 2061 198 40 kungörelse
1054 2063 145 39 stadgas.

326 2108 73 33 Har
418 2113 109 29 rätten
547 2110 165 34 meddelat
733 2111 221 34 förordnande
974 2113 107 39 enligt
1100 2114 40 32 47
1163 2113 18 40 8
1201 2114 107 40 tredje
1329 2115 141 40 stycket,
1492 2117 88 32 skall
1602 2118 104 39 dagen
1728 2118 55 33 för

282 2160 261 33 sammanträdet
564 2161 110 33 städse
692 2161 171 40 kungöras
883 2164 42 38 på
944 2167 70 29 sätt
1032 2164 13 32 i
1066 2165 39 31 14
1126 2164 19 39 8
1165 2165 223 34 omförmäles.
1430 2166 18 33 I
1469 2168 120 33 sådant
1610 2169 62 32 fall
1693 2169 88 33 skall

280 2206 138 35 kallelse
440 2208 55 35 till
517 2211 262 34 sammanträdet
800 2212 165 35 avsändas
989 2213 61 33 och
1073 2213 105 40 dagen
1201 2215 117 32 därför
1339 2215 169 40 kungöras
1532 2217 101 34 minst
1656 2218 125 40 fjorton

282 2260 104 40 dagar
415 2261 103 34 förut.
570 2262 121 34 Finnes
721 2263 55 33 för
805 2264 60 33 den
895 2265 241 39 samfällighet,
1166 2266 78 33 från
1273 2267 111 33 vilken
1414 2269 248 39 expropriation
1693 2270 86 38 sker,

280 2311 89 33 känd
394 2312 142 39 styrelse
561 2313 79 33 eller
664 2326 108 21 annan
798 2326 68 21 som
891 2319 38 28 är
953 2319 68 29 satt
1045 2319 51 30 att
1120 2316 60 33 den
1207 2317 158 39 förvalta,
1390 2319 170 34 erfordras
1585 2320 29 39 ej
1640 2320 139 34 kallelse

280 2362 53 32 till
354 2362 38 33 de
414 2363 170 34 särskilda
604 2364 181 39 delägarna
805 2365 11 32 i
838 2366 281 39 samfälligheten,
1141 2370 82 30 utan
1244 2368 55 32 må
1319 2368 161 34 kallelsen
1503 2371 199 33 översändas
1725 2371 55 33 till

280 2412 143 34 ledamot
441 2426 43 21 av
504 2414 163 39 styrelsen
685 2414 83 34 eller
787 2415 54 33 till
860 2415 220 40 förvaltaren;
1101 2417 59 33 och
1178 2430 79 21 vare
1278 2418 111 39 denne,
1412 2419 60 33 där
1493 2419 66 33 han
1579 2421 30 39 ej
1629 2426 80 34 äger
1729 2424 52 30 att

280 2463 86 39 själv
389 2464 76 34 föra
487 2464 93 34 talan
604 2465 53 32 för
679 2465 281 41 samfälligheten,
986 2467 180 39 delägarna
1190 2469 159 39 ansvarig
1374 2469 53 33 för
1451 2473 52 30 att
1526 2471 160 34 kallelsen
1711 2471 67 34 till-
