1926 2818
613 160 230 29 Statsutskottets
866 158 148 28 utlåtande
1037 158 48 27 Nr
1109 154 69 30 157.
1615 151 40 30 23

152 237 221 40 erforderliga
386 236 153 41 anslaget
551 235 52 31 till
616 232 370 44 hospitalsbyggnader
998 232 65 31 kan
1079 231 187 40 begränsas
1283 228 51 31 till
1350 227 168 38 4,100,000
1530 226 127 31 kronor

152 289 65 30 och
240 288 149 31 fördelas
412 289 43 39 på
478 285 149 42 följande
651 286 80 30 sätt:

1514 336 123 25 Kronor.

154 389 200 41 Hospitalet
376 388 11 31 i
411 388 96 31 Piteå
596 411 5 4 .
736 410 2 4 s
1024 408 60 4 sö
1198 406 2 4 :
1438 404 2 2 ..
1491 377 167 39 1,000,000

153 439 182 31 Anstalten
358 439 11 30 i
395 438 78 31 Sala
506 461 246 4 «ocoooeceeococooc
1024 456 96 6 ESSER
1232 456 14 2 -
1521 427 137 37 550,000

239 502 11 14 »
358 489 11 30 i
393 482 130 37 Örebro
622 512 36 2 oil
665 482 31 40 de
782 510 36 2 RING
896 510 16 2 a
1024 508 48 4 dd
1198 506 116 2 ENE
1406 504 46 2 0
1521 477 138 37 650,000

239 551 11 15 »
357 538 11 30 i
392 537 218 40 Vänersborg
638 533 15 48 =
692 560 128 2 .e-e-e-eees
910 558 50 4 a
1060 556 94 4 NER
1268 554 24 4 ed
1382 527 277 38 1,387,000

155 588 200 42 Hospitalet
377 588 57 30 vid
456 586 130 32 Restad
612 610 12 4 -..
736 610 16 2 -
910 608 130 2 SR
1406 604 2 2 :
1543 573 121 50 50,000

155 638 156 42 Uppsala
333 637 151 41 hospital
508 636 63 32 och
594 636 238 41 asyl..cccooc
944 658 38 4 a
1360 654 82 2 sjärs
1544 623 116 49 60,000

156 688 201 41 Hospitalet
378 688 58 31 vid
458 687 109 31 Umeå
864 710 2 2 .
992 708 2 2 .
1392 704 50 2 0
1522 677 138 37 -215,000

155 739 181 31 Anstalten
360 738 11 31 i
394 737 199 41 Jönköping
670 760 116 4 ==
910 760 2 2 FER
992 758 48 2 EE
1166 756 82 4 snenerer
1280 756 2 2 nes
1440 754 2 2 —
1497 723 14 52 -
1525 727 135 38 160,000

155 790 68 30 Till
246 789 125 40 Kungl.
396 788 116 41 Maj:ts
536 786 250 42 disposition...
1038 808 50 2 senila.
1130 775 29 50 ör
1165 775 29 50 esn
1200 806 82 4 ENSE
1544 777 116 34 28.000

1329 838 141 32 Summa
1492 836 169 38 4,100,000

209 932 128 31 Härtill
360 931 62 31 har
444 929 376 43 departementschefen
844 925 272 42 anslutningsvis
1140 924 127 31 anmält
1289 922 159 42 följande.

202 995 12 15 »
220 982 82 31 Med
315 981 168 32 avseende
495 983 19 29 å
526 979 321 42 anslagsbeloppets
861 976 189 42 fördelning
1068 975 93 32 torde
1174 973 190 33 emellertid
1376 972 83 31 böra
1471 970 189 38 fasthållas,

157 1035 50 29 att
233 1032 66 31 den
333 1031 145 42 angivna
510 1030 232 41 beräkningen
765 1028 144 43 givetvis
932 1027 74 32 icke
1029 1037 98 21 avser
1150 1027 50 29 att
1222 1035 78 21 vara
1322 1024 12 30 i
1357 1022 102 41 detalj
1486 1020 175 33 bindande

156 1083 53 31 för
243 1082 253 42 dispositionen
530 1092 40 20 av
603 1080 154 41 anslaget
790 1079 82 32 eller
905 1078 53 32 för
987 1077 66 32 den
1076 1075 195 41 fördelning
1293 1085 40 20 av
1355 1073 164 41 beloppet
1542 1082 84 27 som,
1651 1070 11 31 i

157 1133 164 32 händelse
355 1132 189 32 detsamma
576 1131 153 41 beviljas,
764 1129 98 32 torde
895 1129 135 31 komma
1057 1129 50 29 att
1129 1125 188 33 fastställas
1340 1135 40 20 av
1403 1122 125 42 Kungl.
1552 1121 109 41 Maj:t.

158 1184 55 31 Då
235 1184 58 31 det
316 1183 105 42 gäller
444 1184 37 30 så
503 1184 122 39 många
648 1181 64 32 och
735 1180 109 32 delvis
868 1181 38 30 så
929 1181 93 29 stora
1043 1176 320 43 byggnadsföretag,
1388 1185 73 21 som
1485 1174 61 30 här
1569 1175 58 29 äro
1650 1172 13 31 i

158 1235 103 41 fråga,
286 1236 36 29 är
355 1233 59 32 det
446 1232 174 41 naturligt,
645 1233 50 30 att
727 1231 302 40 medelsåtgången
1052 1230 45 40 på
1119 1227 92 41 varje
1235 1225 139 33 särskilt
1395 1224 69 31 håll
1486 1223 111 32 under
1620 1222 43 32 de

158 1285 92 31 olika
272 1286 81 30 åren
376 1284 74 31 icke
472 1283 66 31 kan
562 1285 44 39 på
628 1281 146 32 förhand
796 1281 79 31 med
899 1278 257 42 tillförlitlighet
1178 1277 177 31 beräknas.
1388 1275 69 31 Det
1476 1276 37 29 är
1528 1273 135 32 således

158 1337 85 29 även
266 1335 141 40 möjligt,
431 1335 50 30 att
507 1335 104 39 något
636 1343 41 20 av
700 1332 42 31 de
764 1332 138 40 belopp,
927 1341 74 21 som
1024 1340 40 20 av
1087 1329 59 31 det
1168 1328 53 30 för
1243 1325 228 33 innevarande
1493 1323 170 42 budgetår

158 1385 170 41 beviljade
351 1384 153 41 anslaget
526 1383 153 32 anvisats
701 1383 53 30 för
776 1382 91 31 olika
889 1381 140 40 företag,
1052 1379 155 31 kommer
1229 1379 49 29 att
1300 1376 73 32 visa
1391 1374 199 41 behållning
1604 1373 59 31 vid

160 1435 221 42 budgetårets
405 1434 78 32 slut.
528 1434 18 30 I
569 1433 66 32 den
659 1434 78 30 mån
760 1434 37 29 så
820 1431 79 32 med
922 1431 134 40 hänsyn
1078 1429 54 31 till
1155 1429 104 31 sättet
1281 1427 52 31 för
1354 1420 309 51 byggnadsarbete-

161 1497 63 20 nas
252 1484 208 33 bedrivande
494 1484 82 32 eller
609 1484 101 40 eljest
731 1483 66 31 kan
819 1482 157 32 befinnas
1004 1480 171 37 önskvärt,
1199 1477 97 32 torde
1320 1476 58 32 det
1400 1476 52 31 för
1473 1474 191 43 byggnads-

162 1536 144 42 planens
329 1534 265 43 genomförande
616 1545 80 20 vara
718 1532 205 41 förmånligt,
941 1533 50 30 att
1006 1530 107 41 enligt
1129 1528 126 42 Kungl.
1272 1527 117 42 Maj:ts
1403 1524 260 34 bestämmande

159 1598 43 20 en
226 1586 127 41 ökning
376 1597 40 20 av
437 1585 173 32 beräknad
633 1582 343 43 medelsdisposition
998 1582 53 31 för
1073 1582 50 30 ett
1145 1580 87 31 visst
1252 1577 157 33 ändamål
1423 1577 65 31 kan
1505 1576 69 38 ske,
1592 1577 72 30 mot

160 1638 60 31 det
242 1639 50 29 att
313 1635 240 33 motsvarande
576 1634 198 42 minskning
795 1634 156 40 vidtages
974 1632 11 31 i
1012 1632 42 31 de
1077 1629 163 33 anvisade
1262 1628 136 32 medlen
1421 1628 52 31 för
1495 1628 49 30 ett
1560 1627 105 30 annat

160 1688 185 31 ändamål.»

215 1790 18 30 I
267 1788 244 41 sammanhang
533 1787 79 32 med
635 1787 126 41 Kungl.
785 1786 118 40 Maj:ts
926 1783 223 33 förevarande
1172 1781 217 43 proposition
1412 1780 61 31 har
1495 1779 171 31 utskottet

162 1840 52 32 till
248 1839 210 41 behandling
489 1838 148 31 förehaft
663 1837 93 32 vissa
777 1836 12 31 i
812 1837 115 30 ämnet
949 1834 119 32 väckta
1090 1833 179 32 motioner.
1316 1831 152 32 Sålunda
1490 1830 62 31 har
1573 1829 13 31 i
1608 1830 54 30 två

163 1889 217 43 likalydande
403 1889 178 37 motioner,
598 1888 120 31 väckta
734 1887 65 31 den
816 1898 72 27 ena,
906 1897 41 20 nr
962 1885 70 38 288,
1049 1885 94 31 inom
1159 1884 107 31 första
1281 1883 195 30 kammaren
1492 1892 40 20 av
1548 1880 118 31 herrar

161 1944 37 28 N.
233 1941 33 32 J.
291 1940 39 32 F.
355 1940 160 32 Almkvist
537 1939 64 31 och
624 1939 40 31 A.
688 1938 33 32 J.
752 1938 190 32 Granström
970 1936 63 31 och
1056 1935 67 31 den
1147 1934 114 38 andra,
1285 1944 40 20 nr
1347 1932 71 38 438,
1441 1931 93 32 inom
1559 1930 106 31 andra

160 1992 195 31 kammaren
378 2002 41 20 av
440 1990 78 32 herr
541 1990 37 31 P.
595 1989 32 32 J.
645 1989 153 31 Näslund
812 1999 43 20 m.
872 1987 43 38 f£l.,
939 1986 204 38 hemställts,
1161 1986 49 30 att
1224 1983 183 42 riksdagen
1422 1982 78 32 med
1515 1981 117 41 avslag
1647 1982 19 30 å

165 2042 126 41 Kungl.
315 2041 117 41 Maj:ts
455 2039 218 43 proposition
696 2050 41 20 nr
759 2039 70 37 220,
854 2038 10 31 i
888 2037 65 32 vad
976 2037 66 31 den
1066 2047 98 20 avser
1178 2034 258 41 förläggningen
1453 2044 40 20 av
1509 2032 58 31 det
1582 2031 84 32 före-

161 2093 119 40 slagna
301 2091 188 41 hospitalet
511 2091 53 31 för
586 2090 265 32 Västerbottens
873 2088 57 31 län
952 2087 12 31 i
988 2087 137 31 Backen
1148 2086 11 31 i
1183 2086 108 31 Umeå
1314 2084 135 37 socken,
1473 2084 105 30 måtte
1600 2082 67 31 dels

162 2143 136 32 besluta
332 2144 51 29 att
416 2142 95 31 detta
544 2140 152 42 hospital
731 2140 86 31 skall
849 2139 170 41 förläggas
1042 2137 54 32 till
1118 2136 59 32 det
1200 2135 209 32 undersökta
1432 2132 155 34 området
1608 2132 59 31 vid

162 2192 150 33 Vindeln
346 2192 11 31 i
391 2191 186 42 Degerfors
611 2191 136 37 socken,
782 2190 66 32 dels
875 2189 53 31 till
951 2188 181 31 arbetenas
1155 2185 210 43 påbörjande
1388 2185 52 31 för
1462 2183 205 42 budgetåret

164 2243 210 32 1929—1930
396 2242 119 31 anvisa
537 2243 49 30 ett
608 2241 128 41 belopp
760 2251 40 20 av
823 2240 137 39 215,000
981 2239 135 31 kronor.

215 2293 125 32 Vidare
374 2293 61 31 har
465 2293 11 31 i
510 2303 42 21 en
586 2292 93 31 inom
714 2291 106 31 andra
852 2291 197 31 kammaren
1083 2300 40 20 av
1157 2288 79 31 herr
1262 2287 34 32 O.
1328 2286 48 32 W.
1400 2285 145 41 Lövgren
1567 2283 99 32 väckt

162 2344 142 37 motion,
339 2355 41 20 nr
412 2344 71 38 436,
516 2342 204 38 hemställts,
760 2343 50 30 att
846 2340 192 42 riksdagen,
1072 2339 80 32 med
1189 2338 114 41 avslag
1337 2339 19 29 å
1388 2335 126 42 Kungl.
1548 2335 118 41 Maj:ts

162 2395 219 42 proposition
415 2406 40 19 nr
488 2394 70 38 220,
582 2393 11 31 i
616 2392 66 32 vad
705 2392 198 32 densamma
926 2401 97 21 avser
1045 2389 216 42 förläggning
1290 2399 41 21 av
1361 2389 49 30 ett
1438 2385 153 43 hospital
1614 2385 53 32 till

163 2445 294 32 Backenområdet
479 2445 10 31 i
512 2444 111 32 Umeå
646 2443 126 32 socken
794 2442 12 32 i
830 2441 264 33 Västerbottens
1117 2441 67 38 län,
1207 2439 77 32 ville
1307 2438 145 38 besluta,
