1916 2860
608 213 257 26 Bankoutskottets
886 214 150 26 utlåtande
1055 215 42 26 Nr
1116 217 41 24 47.
1576 218 16 27 3

139 288 139 38 mäktige
299 294 46 26 ett
367 301 38 19 av
428 291 186 37 professorn
638 302 40 20 m.
701 303 39 20 m.
765 293 36 30 BE.
828 294 193 31 Lallerstedt
1042 297 161 30 utarbetat
1232 298 122 37 förslag
1376 299 51 30 till
1450 299 175 37 ifrågasatt

139 342 62 20 om-
218 334 57 29 och
294 335 207 38 tillbyggnad
519 347 40 19 av
577 337 276 38 riksbankshuset,
873 339 152 31 slutande
1043 341 19 29 å
1078 350 36 20 on
1134 341 283 33 kostnadssumma
1436 354 38 20 av
1494 344 132 37 243,000

137 376 128 32 kronor.
308 380 51 29 Då
378 380 181 31 emellertid
578 381 122 30 varken
720 386 85 33 post-
826 383 79 30 eller
924 383 279 38 telegrafverkens
1223 386 102 30 behov
1346 398 40 19 av
1406 388 102 31 ökade
1529 389 96 30 lokal-

137 425 186 34 utrymmen
341 433 115 27 genom
474 425 139 31 berörda
631 436 62 20 om-
712 427 59 29 och
789 427 247 37 tillbyggnader
1054 430 135 37 ansågos
1208 430 87 32 bliva
1319 431 48 32 för
1386 434 105 36 någon
1514 435 112 36 längre

137 466 49 30 tid
203 467 121 31 framåt
341 468 212 38 tillgodosett,
571 474 110 33 syntes
698 471 54 30 det
769 472 90 29 såväl
875 472 381 40 rikshanksfullmäktige
1274 486 66 19 som
1358 476 266 32 bankoutskottet

139 510 185 39 lämpligast
341 516 48 26 att
406 513 67 30 låta
490 514 72 29 med
581 514 134 37 frågans
732 516 186 36 avgörande
934 517 68 30 tills
1019 517 112 31 vidare
1148 520 103 29 anstå.

179 556 15 28 I
221 555 153 31 skrivelse
400 556 10 29 i
438 557 108 31 ämnet
573 558 50 29 till
650 559 268 31 bankoutskottet
945 561 62 30 den
1036 562 37 29 17
1100 562 133 36 januari
1265 564 76 30 1918
1369 566 151 30 anmälde
1546 566 79 30 riks-

137 598 320 40 hanksfullmäktige,
476 606 58 32 att,
554 602 41 30 då
612 602 270 38 telegrafverkets
901 605 142 38 anspråk
1062 605 130 32 dåmera
1210 607 109 31 kunde
1339 608 187 38 tillgodoses
1544 614 80 26 utan

137 642 61 31 den
233 644 104 31 större
370 655 63 19 om-
458 646 58 29 och
541 646 217 39 tillbyggnad,
784 657 67 21 som
876 649 142 37 tidigare
1041 651 86 30 varit
1152 651 176 38 ifrågasatt
1353 653 56 30 och
1436 654 189 37 varigenom

135 687 104 31 större
261 688 121 31 lokaler
405 689 103 32 skulle
531 690 112 31 kunna
666 691 134 32 beredas
823 693 81 30 även
928 695 197 38 postverket,
1149 696 221 32 lokalbehovet
1396 698 53 30 för
1472 698 151 38 telegraf-

135 732 129 31 verkets
291 733 250 33 vidkommande
571 736 109 30 kunde
708 737 261 32 tillfredsställas
997 739 72 30 med
1097 740 65 30 viss
1191 741 127 31 mindre
1347 742 209 39 påbyggnad.
1608 744 16 29 I

135 774 96 40 fråga
249 787 51 20 om
319 779 203 36 postverkets
541 780 191 31 lokalbehov
751 782 138 31 anförde
909 782 218 40 fullmäktige,
1147 785 89 31 vilka
1256 786 83 31 först
1358 787 83 31 hade
1461 787 163 32 inhämtat

135 818 383 42 generalpoststyrelsens
538 825 156 36 yttrande
716 825 10 30 i
747 826 145 38 ärendet,
915 831 49 27 att
985 828 104 31 större
1111 829 85 31 lokal
1219 830 51 30 för
1292 831 226 37 postkontoret
1539 832 84 31 efter

135 864 115 31 endast
265 866 18 29 3
300 866 18 30 å
333 867 19 29 4
368 867 37 30 år
420 868 182 38 säkerligen
619 870 100 30 måste
736 871 163 30 anordnas
917 872 158 38 antingen
1092 883 114 27 genom
1221 875 201 39 utvidgning
1439 887 39 19 av
1496 877 128 30 lokalen

134 908 78 31 eller
239 919 113 28 genom
380 911 221 32 anskaffande
629 924 39 20 av
696 924 111 20 annan
833 915 137 39 lämplig
996 917 95 37 lokal,
1119 918 58 30 och
1205 923 58 33 att,
1291 919 109 32 därest
1428 920 63 31 den
1519 922 105 30 första

133 954 144 38 utvägen
292 955 52 31 till
359 956 166 32 vinnande
541 968 41 20 av
597 958 75 30 ökat
688 961 164 36 utrymme
868 960 53 31 för
937 962 187 36 postverket
1142 963 100 31 måste
1259 963 161 39 beträdas,
1438 975 40 20 en
1495 965 127 31 mindre

134 997 208 40 tillbyggnad
370 1001 20 30 å
418 1001 222 38 gårdsplanen
669 1003 104 31 skulle
801 1004 113 31 kunna
942 1005 130 31 utföras
1102 1006 10 30 i
1142 1007 219 39 huvudsaklig
1391 1010 231 31 överensstäm-

133 1042 96 32 melse
250 1044 73 31 med
345 1045 79 30 1916
447 1046 53 30 års
521 1046 132 38 förslag.
697 1048 16 29 I
735 1048 143 38 ungefär
899 1049 172 33 enahanda
1093 1051 149 39 riktning
1262 1054 148 30 uttalade
1433 1054 49 38 sig
1504 1055 117 30 banko-

132 1087 168 39 utskottet,
322 1098 67 21 som
408 1089 57 31 hos
486 1090 174 39 riksdagen
680 1091 192 33 hemställde
892 1104 51 20 om
964 1095 178 32 anvisande
1163 1107 40 20 av
1224 1097 103 36 medel
1349 1098 53 31 för
1422 1099 200 39 utvidgning

133 1140 40 21 av
201 1132 273 39 telegrafverkets
500 1135 123 31 lokaler
652 1146 114 28 genom
797 1148 39 20 cen
865 1138 127 32 mindre
1022 1140 199 39 påbyggnad
1251 1153 40 20 av
1320 1143 301 39 flygelbyggnaden

132 1185 39 21 m.
192 1185 51 29 m.,
263 1177 88 31 vilka
371 1178 105 32 medel
495 1180 94 31 också
609 1191 40 20 av
669 1182 80 30 1918
770 1183 52 30 års
842 1183 133 39 riksdag
995 1183 54 32 för
1069 1186 185 31 ändamålet
1275 1188 179 31 anvisades.

172 1221 49 31 De
242 1222 146 31 närmast
410 1223 106 38 därpå
537 1224 149 38 följande
709 1227 79 30 åren
809 1227 152 32 strävade
984 1230 368 39 generalpoststyrelsen
1373 1236 50 27 att
1445 1233 67 31 lösa
1535 1237 85 35 post-

130 1265 167 32 kontorets
315 1268 10 29 i
345 1267 204 33 Karlskrona
568 1269 184 39 lokalfråga
771 1281 115 28 genom
905 1276 49 27 att
974 1274 33 30 åt
1026 1275 186 36 postverket
1232 1276 156 32 förvärva
1407 1287 80 28 egen
1507 1278 113 38 fastig-

131 1308 63 39 het,
212 1311 72 29 vari
301 1312 227 37 postkontoret
546 1314 110 31 kunde
674 1315 196 38 inrymmas;
890 1318 60 29 och
968 1318 102 31 redan
1089 1320 10 29 i
1118 1320 57 30 sitt
1194 1320 123 39 förslag
1336 1322 52 29 till
1406 1322 142 38 utgifter
1568 1323 53 30 för

129 1353 478 41 kapitalökning.beträffande
623 1361 186 36 postverket
826 1361 52 30 för
894 1362 36 30 år
947 1363 80 29 1919
1044 1363 191 32 hemställde
1251 1363 368 47 generalpoststyrelsen

131 1409 51 20 om
206 1400 178 32 anvisande
408 1403 44 37 på
477 1412 121 22 samma
623 1404 52 30 års
700 1405 200 38 tilläggsstat
926 1417 41 20 av
991 1411 47 27 ett
1063 1409 332 40 reservationsanslag
1421 1422 40 20 av
1488 1412 131 37 125,000

129 1442 120 32 kroner
267 1444 53 31 för
338 1445 100 39 inköp
457 1457 40 21 av
515 1450 81 28 tomt
616 1448 53 31 för
686 1449 292 40 posthusbyggnad
997 1452 11 29 i
1027 1452 211 33 Karlskrona.
1278 1454 67 31 Vid
1364 1456 154 31 ärendets
1536 1456 82 31 före-

130 1487 164 40 dragning
317 1489 90 32 inför
431 1491 123 39 Kungl.
579 1493 102 38 Maj:t
707 1494 138 32 anförde
870 1495 243 33 vederbörande
1138 1497 328 41 departementschef,
1493 1505 58 34 att,
1577 1501 42 31 då

129 1533 192 39 ytterligare
341 1536 181 39 utredning
544 1547 40 20 av
605 1537 218 33 förevarande
845 1539 96 39 fråga
962 1545 111 33 syntes
1093 1542 79 31 böra
1194 1544 61 37 äga
1275 1554 74 20 rum
1371 1549 83 27 samt
1474 1546 104 38 priset
1600 1547 18 30 å

129 1577 63 30 den
219 1578 52 30 till
297 1578 100 39 inköp
426 1580 199 39 ifrågasatta
651 1586 124 28 tomten
804 1584 133 31 föreföll
966 1586 123 37 ganska
1117 1587 87 38 högt,
1234 1590 384 38 generalpoststyrelsens

128 1621 255 39 ifrågavarande
402 1624 125 40 förslag
543 1626 69 31 icke
631 1627 99 32 borde
749 1628 201 39 framläggas
969 1630 53 31 för
1041 1632 79 30 1919
1140 1633 53 30 års
1211 1633 141 39 riksdag.
1395 1634 44 31 Så
1457 1635 73 31 blev
1549 1635 68 31 icke

128 1666 100 32 heller
252 1667 102 32 fallet.
400 1669 16 30 I
440 1669 57 31 sitt
520 1670 226 39 nästföljande
770 1673 124 39 förslag
917 1675 52 30 till
991 1675 142 38 utgifter
1156 1676 52 31 för
1231 1678 260 40 kapitalökning,
1516 1680 100 31 vilket

128 1720 120 28 avgavs
271 1712 63 31 den
357 1713 39 30 15
420 1714 134 31 oktober
577 1716 90 38 1919,
691 1717 116 37 gjorde
831 1719 368 39 generalpoststyrelsen
1224 1722 247 40 framställning
1494 1735 52 20 om
1569 1725 47 29 in-

127 1755 64 38 köp
217 1766 41 20 av
284 1766 39 21 en
350 1768 110 21 annan
486 1769 42 20 ur
554 1761 203 36 postverkets
780 1763 174 37 synpunkt
981 1764 137 39 lämplig
1144 1766 60 30 och
1230 1767 192 39 välbelägen
1449 1769 165 38 fastighet.

127 1799 48 31 På
191 1802 109 36 grund
316 1812 40 21 av
372 1802 63 31 den
453 1803 42 31 då
511 1804 145 32 rådande
674 1806 205 32 ekonomiska
896 1807 200 33 situationen
1113 1810 58 30 och
1189 1811 42 30 då
1247 1812 137 31 behovet
1401 1823 40 20 av
1458 1813 99 39 inköp
1577 1825 40 20 av

127 1844 255 39 ifrågavarande
406 1851 83 27 tomt
512 1849 69 31 icke
605 1854 111 33 syntes
738 1851 80 31 höra
842 1852 52 30 till
919 1852 39 32 de
983 1858 81 27 mest
1087 1856 193 38 trängande,
1306 1858 101 38 ansåg
1432 1858 50 38 sig
1505 1859 110 31 veder-

127 1889 143 32 börande
296 1891 321 38 departementschef
642 1895 30 37 ej
700 1895 102 32 heller
827 1896 57 31 vid
910 1897 92 32 detta
1028 1899 132 31 tillfälle
1187 1900 78 32 böra
1291 1901 199 39 ifrågasätta
1517 1904 98 30 fram-

126 1933 158 40 ställning
299 1935 52 31 till
367 1936 176 39 riksdagen
558 1949 51 20 om
625 1939 179 32 anvisande
821 1952 40 20 av
876 1942 104 31 medel
997 1942 52 31 för
1066 1944 195 32 ändamålet.
1301 1947 15 29 I
1333 1947 194 39 anslutning
1543 1948 71 31 här-

126 1977 52 31 till
194 1978 73 32 blev
281 1981 101 37 något
398 1981 124 40 förslag
538 1983 11 30 i
565 1984 109 31 ämnet
692 1985 30 37 ej
741 1995 40 21 av
797 1986 123 38 Kungl.
937 1987 103 38 Maj:t
1059 1988 156 39 framlagt
1233 1990 53 31 för
1304 1992 80 30 1920
1402 1993 53 30 års
1472 1993 141 38 riksdag.

168 2023 117 32 Ehuru
309 2026 243 36 postkontorets
576 2028 11 29 i
612 2028 203 33 Karlskrona
840 2030 320 34 lokalförhållanden
1186 2034 94 39 länge
1305 2037 87 30 varit
1418 2037 99 31 minst
1543 2042 70 34 sagt

124 2066 328 36 otillfredsställande
471 2071 59 30 och
548 2073 248 38 svårigheterna
814 2074 53 31 för
885 2077 238 36 posttrafikens
1141 2080 170 38 nöjaktiga
1330 2081 170 32 ordnande
1519 2082 95 31 blivit

124 2111 59 31 allt
205 2113 103 31 större
331 2114 73 30 med
425 2116 93 37 varje
541 2117 36 30 år
598 2127 67 20 som
688 2118 81 38 gått,
791 2119 61 31 har
874 2120 108 32 denna
1002 2121 186 40 lokalfråga
1209 2124 99 31 sedan
1331 2125 73 31 dess
1426 2126 66 31 fått
1514 2127 67 31 vila
1602 2128 11 29 i

124 2156 163 31 avvaktan
311 2159 52 37 på,
388 2162 50 28 att
461 2160 244 39 verkningarna
729 2173 40 20 av
791 2164 171 39 kristiden,
987 2167 132 31 särskilt
1143 2168 87 30 inom
1254 2169 359 39 byggnadsindustrien

123 2201 59 30 och
201 2202 43 36 på
263 2203 321 40 arbetsmarknaden,
604 2206 104 32 skulle
728 2208 197 32 åtminstone
944 2210 52 30 till
1014 2212 109 38 någon
1143 2212 51 31 del
1215 2214 203 32 övervinnas.
1462 2216 151 31 General-

123 2246 234 37 poststyrelsen
375 2247 113 32 finner
506 2249 54 32 det
578 2261 46 20 nu
643 2251 69 31 icke
731 2252 191 40 försvarligt
942 2258 48 28 att
1009 2255 113 39 längre
1142 2257 226 39 undanskjuta
1388 2260 107 32 denna
1515 2261 97 31 lokal-

125 2289 104 39 fråga,
253 2292 80 30 enär
355 2293 242 37 postkontorets
621 2297 243 37 trångboddhet
887 2299 96 31 blivit
1006 2301 36 30 så
1065 2305 76 34 stor,
1167 2306 48 27 att
1240 2303 74 31 fara
1338 2304 178 40 föreligger
1540 2306 72 31 med

123 2334 128 38 hänsyn
266 2336 52 31 till
332 2338 30 37 ej
381 2338 83 31 blott
480 2340 238 37 posttrafikens
733 2342 153 39 behöriga
903 2344 169 32 ordnande
1088 2351 81 26 utan
1186 2348 82 31 även
1285 2350 210 36 personalens
1511 2351 99 31 hälsa.

123 2379 220 33 Beträffande
370 2383 222 36 posttrafiken
619 2385 59 30 och
707 2386 340 35 lokalförhållandena
1073 2391 56 30 vid
1157 2393 226 36 postkontoret
1411 2395 124 32 tillåter
1563 2396 49 38 sig

122 2425 369 39 generalpoststyrelsen
509 2428 61 31 här
587 2430 108 31 nedan
714 2432 147 38 återgiva
879 2433 65 31 vad
961 2435 159 37 styrelsen
1139 2437 10 29 i
1168 2437 49 30 sin
1236 2437 62 31 den
1319 2439 41 30 14
1377 2440 134 37 januari
1532 2441 79 30 1916

121 2468 53 29 till
200 2469 187 39 Konungen
415 2472 140 38 avgivna
582 2474 154 33 skrivelse
765 2477 111 31 anfört
904 2478 10 30 i
943 2479 180 40 anledning
1150 2492 40 20 av
1216 2483 192 39 riksdagens
1435 2486 176 30 revisorers

123 2512 237 34 förutnämnda
382 2517 266 39 anmärkningar.
