2222 2636
438 228 17 30 2
913 229 224 40 Lagutskottets
1165 229 164 33 Utlåtande
1353 230 64 32 N:o
1439 232 56 30 29.

397 312 55 31 att
479 306 156 48 kyrklig
663 306 125 48 vigsel
822 310 61 33 må
910 308 129 35 kunna
1068 307 163 37 erhållas
1260 308 112 36 äfven
1402 308 41 37 af
1467 308 154 47 sådana,
1651 322 80 24 som
1761 310 85 37 icke
1874 310 135 49 begått

396 356 170 37 Herrans
593 357 217 37 Nattvard».

532 407 134 38 Såsom
696 407 82 37 skäl
806 408 61 36 för
895 421 47 23 en
970 408 139 36 reform
1138 409 13 35 i
1179 409 125 36 denna
1332 409 173 48 rigtning
1532 409 69 37 har
1629 410 55 36 uti
1712 411 198 36 motionen
1943 425 64 23 an-

398 458 108 47 förts,
536 463 55 31 att
623 472 89 23 man
744 458 87 37 med
858 458 68 48 fog
953 458 127 37 kunde
1108 458 214 48 förutsätta,
1353 465 55 31 att
1435 459 65 37 det
1528 460 138 48 gåfves
1694 461 250 37 medlemmar
1971 463 44 36 af

397 509 166 36 svenska
604 508 158 50 kyrkan,
802 509 131 36 hvilka
974 509 41 36 af
1051 509 176 49 allvarlig
1255 510 274 49 sjelfpröfning
1556 511 146 37 afhölle
1733 512 59 47 sig
1819 512 84 37 från
1932 513 75 36 den

396 559 318 48 nattvardsgång,
743 573 81 23 som
854 559 123 37 skulle
1005 559 137 37 afsluta
1171 561 111 36 deras
1310 561 283 47 konfirmation,
1623 567 55 31 att
1693 562 113 37 dessa
1820 576 189 36 personer

398 609 220 37 sedermera
660 610 42 36 af
738 610 193 48 åtskilliga
971 610 252 49 anledningar
1254 611 86 37 icke
1365 611 170 49 beginge
1563 613 244 47 nattvarden,
1835 627 89 22 men
1953 620 54 30 att

398 660 47 37 de
473 660 85 37 icke
588 660 109 37 desto
725 661 147 36 mindre
902 660 171 37 önskade
1102 661 155 48 kyrklig
1285 662 138 48 vigsel.
1478 662 133 37 Under
1638 663 143 36 sådana
1800 664 208 37 förhållan-

398 711 76 36 den
499 714 143 45 ansåge
670 711 238 37 motionären
936 711 66 36 det
1028 724 91 24 vara
1146 712 12 36 i
1187 712 78 48 hög
1291 712 98 48 grad
1417 713 219 49 onaturligt,
1665 719 55 31 att
1749 714 143 37 sådana
1920 728 86 35 per-

398 774 124 35 soner,
563 761 131 37 hvilka
733 761 160 37 faktiskt
932 761 180 37 tillhörde
1146 763 248 46 statskyrkan
1423 763 73 37 och
1523 764 128 36 kunde
1680 778 90 23 vara
1798 765 79 36 lika
1905 765 103 47 goda

397 811 252 38 medlemmar
690 826 80 22 som
813 812 61 46 de,
915 812 131 36 hvilka
1086 812 126 37 blifvit
1252 814 295 46 konfirmerade,
1580 814 100 37 blott
1719 815 130 36 derför
1876 821 55 31 att
1960 816 49 36 de

396 863 86 36 icke
526 863 133 48 begått
698 863 227 36 nattvarden
967 863 122 36 skulle
1123 876 91 23 vara
1253 864 231 48 utestängda
1512 864 83 37 från
1623 865 156 49 kyrklig
1806 866 126 48 vigsel
1958 886 53 4 —

398 926 48 24 en
484 913 208 47 föreskrift,
734 927 80 23 som
857 913 196 37 dessutom
1095 914 169 36 saknade
1294 915 134 47 hvarje
1459 915 85 36 stöd
1572 916 12 35 i
1612 915 76 36 den
1716 916 141 48 Heliga
1885 916 122 37 Skrift

398 964 74 36 och
500 964 169 48 kyrkans
697 964 249 36 bekännelse.
1002 963 188 49 Slutligen
1219 965 223 36 förmenade
1473 966 251 46 motionären,
1753 972 55 30 att
1835 967 66 36 det
1920 967 88 36 icke

398 1014 129 36 kunde
558 1027 114 23 anses
699 1027 91 24 vara
808 1014 257 37 förnedrande
1085 1014 59 37 för
1163 1015 169 49 kyrkans
1351 1016 149 47 tjenare
1521 1022 54 30 att
1594 1016 89 48 viga
1703 1016 140 37 sådana
1863 1018 144 36 makar.

531 1266 62 36 Nu
621 1266 178 48 gällande
827 1266 296 37 bestämmelser
1149 1267 12 35 1
1190 1267 113 36 dessa
1331 1273 138 31 ämnen
1498 1268 206 37 återfinnas

533 1316 84 37 dels
645 1317 11 35 i
688 1319 42 34 15
759 1317 87 49 kap.
879 1319 43 33 11
952 1314 21 49 $
1000 1317 251 48 kyrkolagen,
1280 1318 68 36 der
1376 1318 65 36 det
1469 1318 172 49 stadgas:
1692 1319 76 36 »De
1797 1332 82 23 som
1909 1319 97 37 intet

398 1366 129 37 kunna
566 1367 92 36 råda
698 1367 60 49 sig
798 1367 95 37 eller
933 1367 47 36 de
1023 1368 82 35 sina
1146 1368 107 36 skola
1284 1368 12 36 i
1331 1368 55 36 tid
1414 1368 76 37 låta
1519 1368 112 37 deras
1661 1369 242 49 själasörjare
1931 1370 76 36 för-

397 1417 143 37 nimma
579 1423 70 31 när
689 1418 47 36 de
778 1417 93 37 eller
909 1417 112 37 deras
1054 1418 186 48 anhöriga
1267 1418 93 49 vilja
1387 1418 197 48 trolofvas,
1613 1425 55 31 att
1695 1420 75 36 han
1798 1423 61 33 må
1887 1434 118 23 varna

399 1467 88 37 dem
527 1467 59 37 för
626 1468 147 47 hinder,
802 1481 82 23 som
914 1468 87 36 dem
1029 1468 57 36 till
1114 1469 118 36 skada
1260 1469 41 36 af
1325 1469 131 49 skyld-
1486 1470 94 36 eller
1607 1471 240 49 svågerskap
1876 1471 129 36 kunna

398 1518 13 36 i
439 1523 125 43 vägen
597 1518 117 49 ligga,
743 1519 73 37 och
845 1518 99 36 skall
970 1519 118 48 ingen
1116 1519 196 47 trolofvas,
1342 1533 83 23 som
1452 1520 85 37 icke
1566 1521 76 36 kan
1671 1521 165 37 Luthers
1866 1520 142 39 Cathe-

399 1568 188 37 chismum
617 1570 73 36 och
718 1569 134 36 hafver
881 1569 134 48 begått
1042 1570 172 36 Herrans
1241 1570 196 45 nattvard;

533 1619 83 36 dels
643 1620 13 36 i
686 1622 20 34 5
734 1617 20 49 $
782 1620 41 36 af
846 1619 131 48 kongl.
1007 1620 275 49 förordningen
1311 1621 74 36 den
1415 1623 45 34 31
1490 1621 163 37 oktober
1683 1623 95 35 1873
1803 1623 204 47 angående

399 1669 237 38 främmande
681 1671 303 50 trosbekännare
1025 1671 72 36 och
1138 1671 111 36 deras
1289 1672 335 48 religionsöfning,
1667 1685 82 23 som
1790 1672 217 37 innehåller

399 1720 116 37 bland
556 1726 116 31 annat
711 1720 186 49 följande:
939 1717 247 53 »Äktenskap
1227 1722 138 36 mellan
1409 1722 85 36 dem
1536 1723 132 35 hvilka
1694 1723 129 48 begge
1851 1723 155 37 tillhöra

398 1783 146 24 samma
584 1771 236 37 främmande
860 1772 259 36 trossamfund
1147 1772 86 36 med
1262 1773 137 37 sådant
1425 1773 250 49 presterskap
1703 1778 55 31 att
1784 1773 222 48 Konungen

397 1821 127 36 funnit
564 1824 37 33 åt
642 1822 212 36 detsamma
894 1822 129 36 kunna
1063 1822 190 37 anförtros
1288 1828 54 31 att
1370 1823 125 48 vigsel
1523 1823 88 37 med
1640 1823 90 48 laga
1757 1824 145 36 verkan
1931 1824 75 36 för-

398 1876 100 32 rätta
539 1872 73 36 och
652 1872 101 49 förty
792 1872 188 48 rättighet
1019 1872 127 37 dertill
1187 1873 215 49 medgifvit,
1442 1874 96 36 skall
1577 1873 158 38 afslutas
1763 1874 88 37 med
1879 1874 125 48 vigsel

399 1922 97 36 efter
535 1922 237 37 samfundets
811 1923 235 49 kyrkobruk.
1074 1943 48 4 —
1151 1923 169 37 Tillhöra
1348 1924 47 36 de
1426 1925 101 36 olika
1554 1925 239 36 främmande
1822 1930 184 31 trossam-

397 1972 95 37 fund
531 1973 88 36 med
660 1973 136 38 sådant
834 1974 249 49 presterskap
1126 1987 79 23 som
1234 1988 94 35 nyss
1357 1980 41 31 är
1425 1974 170 48 nämndt,
1625 1975 94 37 eller
1746 1980 41 31 är
1814 1975 98 37 blott
1941 1989 64 23 en-

399 2023 93 37 dera
531 2023 167 37 medlem
741 2024 41 36 af
819 2024 126 49 dylikt
986 2024 189 46 samfund,
1216 2025 47 36 då
1303 2029 62 33 må
1402 2026 260 48 äktenskapet
1689 2026 129 36 kunna
1845 2025 161 37 afslutas

398 2073 185 50 antingen
624 2074 165 37 medelst
827 2075 126 48 vigsel
992 2074 185 38 förrättad
1205 2075 41 37 af
1273 2075 130 37 dertill
1431 2076 217 48 berättigad
1675 2082 108 44 prest
1808 2076 104 36 inom
1941 2090 63 23 en-

399 2124 113 37 deras
552 2125 260 36 trossamfund
852 2125 96 36 eller
984 2125 99 36 inför
1109 2126 197 48 borgerlig
1333 2126 241 49 myndighet,
1602 2130 50 46 på
1679 2132 76 31 sätt
1781 2126 69 37 här
1877 2126 126 37 nedan

399 2179 102 44 sägs.
556 2174 153 37 Samma
748 2175 64 48 lag
851 2188 91 23 vare
983 2176 11 35 i
1034 2175 108 49 fråga
1180 2189 59 23 om
1280 2177 216 48 äktenskap
1526 2177 164 37 emellan
1718 2177 221 36 bekännare
1968 2178 45 36 af

398 2225 238 37 främmande
677 2226 147 36 kristen
864 2226 163 36 troslära
1066 2226 73 37 och
1180 2227 164 37 medlem
1388 2227 41 36 af
1464 2228 166 36 svenska
1662 2227 159 49 kyrkan.
1850 2246 51 5 —
1927 2227 78 37 Der

398 2275 213 49 ingendera
648 2276 131 37 tillhör
806 2277 169 36 svenska
1002 2277 148 48 kyrkan
1179 2277 91 37 eller
1298 2277 138 37 sådant
1462 2277 237 38 främmande
1727 2278 278 46 trossamfund,
