2178 2656
723 215 213 38 Lagutsiollets
959 215 148 30 utlåtande
1129 216 49 28 Nr
1200 218 50 28 52.
1774 218 17 29 7

282 289 254 37 Omförmälda
576 291 347 44 kronodonationer,
961 292 84 36 med
1085 293 189 48 undantag
1314 293 41 36 af
1388 294 43 35 de
1460 294 117 36 under
1605 294 185 37 afdelnin-

179 352 116 36 garna
321 341 32 35 A
381 341 68 36 och
477 341 29 36 B
534 347 201 43 upptagna,
764 342 109 36 hafva
899 342 102 37 förut
1028 347 47 44 på
1101 344 56 35 sin
1185 344 56 36 tid
1267 346 96 34 varit
1390 344 154 37 föremål
1570 344 58 37 för
1655 345 136 50 vidlyf-

178 393 79 46 tiga
297 391 256 49 utredningar,
595 405 77 23 som
713 392 202 37 innefattas
951 395 11 34 i
991 395 177 35 särskilda
1196 394 256 49 underdåniga
1480 396 226 42 utlåtanden,
1735 396 55 36 af-

178 442 105 48 gifna
310 442 40 35 af
374 442 190 48 kollegium
593 442 78 37 dels
699 443 70 36 den
799 445 46 34 20
873 444 193 36 december
1096 447 95 34 1864
1220 447 11 34 i
1260 446 202 47 anledning
1488 446 41 36 af
1552 448 107 35 väckt
1685 447 106 49 fråga

178 505 59 23 om
280 492 278 49 undersökning
593 493 40 35 af
661 494 45 35 de
747 494 189 47 angående
960 495 87 47 jord
1074 496 67 35 och
1170 497 132 47 skogar
1328 498 101 34 inom
1456 497 245 36 Norrbottens
1729 499 60 34 län

178 542 195 37 utfärdade
401 544 213 48 privilegier
641 545 67 35 och
737 544 78 36 dels
843 544 71 36 den
943 548 46 33 30
1019 547 70 46 maj
1123 547 97 35 1870
1248 546 189 48 angående
1464 548 183 48 privilegii
1667 550 122 34 stock-

178 593 125 49 fångst
344 593 57 37 för
441 595 202 47 sågverken
679 596 12 34 i
719 594 282 38 Västerbottens
1029 597 72 42 län,
1130 596 47 48 af
1200 598 68 34 den
1296 597 43 35 är
1365 597 95 37 1868
1488 598 151 36 tillsatta
1667 603 122 43 skogs-

177 644 184 36 kommitté
397 645 71 35 den
498 647 44 33 21
573 645 193 36 december
795 648 97 34 1860
920 647 190 47 angående
1138 647 45 36 de
1211 647 243 36 norrländska
1477 649 105 47 järn-
1609 649 70 36 och
1707 653 83 44 såg-

177 696 371 47 verksprivilegierna
575 702 94 29 samt
696 695 41 36 af
760 696 363 49 kommerskollegium
1153 699 61 35 och
1234 699 306 47 domänstyrelsen
1560 706 229 41 gemensamt

178 745 71 36 den
291 747 45 34 23
370 747 200 35 november
600 747 95 35 1896
724 746 155 37 rörande
907 753 137 31 statens
1071 749 59 35 till
1157 748 401 50 bergshandteringens
1587 751 201 35 understöd

177 796 177 49 anslagna
381 798 141 46 skogar.
560 796 74 36 Vid
666 797 71 36 den
765 799 215 48 ytterligare
1008 799 279 48 undersökning
1314 800 239 44 härutinnan,
1582 813 77 23 som
1687 808 99 29 ännu

176 847 104 35 torde
322 850 146 40 återstå,
506 860 109 36 synes
642 848 71 35 den
741 847 154 37 sålunda
922 849 113 36 redan
1063 850 222 35 verkställda
1311 850 250 49 utredningen
1588 850 115 37 blifva
1730 853 55 34 till

176 899 183 47 väsentlig
386 898 103 47 hjälp
517 898 69 35 och
614 898 165 49 ledning.

278 948 69 35 Val
375 949 67 35 har
469 950 11 33 i
509 948 178 36 samband
715 950 83 35 med
826 949 44 36 de
898 953 246 46 rättegångar,
1173 964 78 23 som
1276 954 20 32 å
1314 952 161 35 kronans
1493 959 138 41 vägnar
1649 952 137 37 utförts

175 998 229 36 beträffande
444 999 118 48 yrkad
599 1002 177 46 återgång
804 1000 41 36 af
869 1001 375 36 skattemannarätten
1272 1003 58 34 till
1358 1003 427 47 rekognitionshemman

175 1049 69 35 och
271 1050 228 47 lägenheter,
528 1053 20 32 å
576 1050 149 48 kollegii
752 1051 417 37 advokatfiskalskontor
1188 1053 210 35 verkställts
1416 1054 72 34 viss
1509 1053 278 49 undersökning

175 1100 156 36 rörande
358 1100 45 36 de
431 1100 120 36 under
570 1100 247 49 afdelningen
845 1101 27 36 B
901 1108 190 42 upptagna
1118 1103 232 48 egendomar.
1386 1104 80 35 Den
1494 1103 203 49 utredning
1724 1111 61 29 rö-

175 1151 113 36 rande
330 1151 448 49 rekognitionsskogarna,
812 1165 77 23 som
917 1154 154 35 sålunda
1097 1153 291 45 åstadkommits,
1418 1167 106 35 synes
1552 1155 31 46 ej
1613 1167 87 23 vara
1729 1161 58 30 ut-

174 1201 212 36 tömmande
427 1202 70 35 och
538 1202 105 36 torde
674 1204 12 33 i
713 1203 90 35 flera
830 1202 199 37 afseenden
1056 1204 89 35 böra
1173 1205 272 47 kompletteras.
1498 1205 53 35 På
1578 1210 72 31 sätt
1676 1206 111 35 kolle-

174 1254 103 46 gium
318 1252 174 36 särskildt
533 1252 204 37 framhållit
764 1255 12 33 i
804 1254 65 35 sitt
896 1253 71 36 den
998 1256 18 33 7
1045 1255 93 47 april
1168 1254 100 36 detta
1295 1258 41 32 år
1362 1253 142 49 afgifna
1532 1255 255 49 underdåniga

174 1303 190 35 utlåtande
391 1305 12 33 i
432 1302 105 48 fråga
563 1316 59 22 om
652 1303 203 48 uppgjordt
883 1303 138 49 förslag
1039 1306 57 34 till
1115 1304 371 37 öfverenskommelse
1506 1307 133 34 mellan
1653 1305 132 37 Stock-

173 1353 120 35 holms
336 1353 79 35 stad
452 1354 68 35 och
561 1354 143 35 kronan
743 1354 190 48 angående
969 1354 321 49 tillgodogörande
1330 1355 39 36 af
1407 1354 266 50 Storgysingen
1702 1356 84 36 med

173 1403 89 35 flera
288 1403 192 36 vattenfall
507 1403 13 36 i
546 1403 207 44 Dalälfven,
782 1404 65 36 har
874 1405 62 35 vid
964 1406 277 47 skattläggning
1268 1405 40 36 af
1332 1407 95 34 vissa
1448 1406 127 36 utmed
1593 1406 193 36 Dalälfven

174 1454 193 48 befintliga
406 1455 388 48 rekognitionsskogar
835 1457 189 47 ansenliga
1064 1456 167 36 sträckor
1263 1456 104 49 dylik
1395 1458 213 47 skogsmark
1635 1457 150 36 alldeles

173 1503 187 49 afglömts,
389 1506 57 34 till
474 1504 94 48 följd
596 1505 132 36 hvaraf
753 1505 106 36 dessa
886 1504 83 37 från
997 1507 278 48 skattläggning
1295 1508 188 35 uteslutna
1502 1508 145 35 marker
1666 1511 119 33 såsorn

174 1554 186 36 saknande
401 1556 48 35 all
478 1555 427 49 jordeboksbeteckning
931 1557 32 47 ej
995 1556 125 37 vidare
1148 1557 178 36 anträffas
1353 1560 12 33 i
1393 1558 171 47 gällande
1588 1558 196 46 jordeböc-

173 1606 75 34 ker.
283 1605 126 49 Enligt
436 1606 95 35 hvad
559 1606 225 49 byråchefen
812 1607 12 35 i
851 1607 420 49 landtmäteristyrelsen
1299 1608 175 36 Eriksson
1502 1608 186 36 meddelat
1715 1622 70 22 un-

174 1655 225 36 dertecknad
439 1656 201 47 Björkman
681 1658 95 35 lärer
816 1657 121 49 dylikt
974 1657 272 37 »förbiseende>
1279 1664 73 30 rätt
1379 1658 78 36 ofta
1484 1658 109 36 hafva
1620 1665 165 42 passerat

172 1706 62 35 vid
262 1707 279 47 skattläggning
568 1706 40 35 af
633 1708 390 47 rekognitionsskogar
1050 1709 125 35 landet
1202 1709 126 35 rundt.
1357 1709 55 35 En
1441 1709 180 48 ingående
1649 1709 137 36 under-

174 1757 157 47 sökning
366 1758 68 34 och
463 1758 159 34 revision
650 1757 40 35 af
715 1757 62 35 det
805 1758 158 35 särdeles
991 1759 197 47 rikhaltiga
1215 1760 289 34 kartmaterialet
1531 1762 20 32 å
1578 1759 102 36 detta
1707 1772 79 23 om-

173 1806 87 36 råde
302 1807 116 35 skulle
459 1807 77 35 helt
563 1808 120 35 säkert
710 1807 118 36 blotta
855 1811 133 45 många
1016 1808 356 36 missförhållanden.
1427 1809 210 47 Kollegium
1666 1810 119 35 finner

173 1856 62 36 det
274 1857 204 47 ingalunda
514 1870 87 23 vara
629 1859 165 47 otroligt,
823 1863 53 30 att
903 1857 136 49 lagfart
1066 1860 69 34 kan
1166 1858 107 36 hafva
1300 1859 202 36 meddelats
1530 1863 20 32 å
1577 1860 104 35 dessa
1708 1860 78 36 helt

172 1907 268 36 bortslarfvade
481 1908 297 48 skogsområden,
822 1908 239 48 hvarigenom
1103 1909 202 48 kronojord
1345 1909 40 36 af
1427 1910 108 47 högst
1574 1910 210 49 betydande

171 1957 112 36 värde
319 1958 71 35 kan
418 1959 148 35 komma
593 1964 53 29 att
673 1960 57 34 till
759 1958 91 46 följd
878 1959 40 35 af
942 1959 237 48 häfdelagens
1207 1961 238 47 tillämpning
1473 1961 57 35 för
1557 1962 46 33 all
1632 1961 153 35 framtid

173 2007 183 36 afhändas
385 2009 141 35 kronan
555 2014 89 30 utan
672 2012 122 45 någon
824 2021 79 23 som
932 2010 95 35 helst
1055 2012 208 46 ersättning
1290 2011 56 34 till
1376 2011 228 35 statsverket.
1643 2009 141 38 Gifvet-

172 2059 55 33 vis
255 2058 100 44 böra,
384 2058 67 36 där
478 2059 142 35 bruken
649 2066 63 28 äro
740 2059 192 47 nedlagda,
963 2059 125 48 dylika
1116 2061 31 46 ej
1179 2061 223 35 skattesålda
1421 2060 175 36 områden
1616 2060 168 36 återfalla

170 2108 58 34 till
256 2108 159 36 kronans
443 2108 72 36 fria
543 2108 232 48 disposition.

273 2157 15 35 I
316 2157 104 49 fråga
449 2171 59 23 om
537 2159 45 35 de
610 2158 119 36 under
757 2158 239 46 afdelningen
1024 2160 32 34 A
1084 2160 156 35 berörda
1268 2160 223 47 egendomar
1519 2161 64 34 har
1611 2161 70 34 den
1710 2160 75 35 för-

170 2207 209 36 beredande
407 2208 325 48 undersökningen
759 2210 12 33 i
800 2212 72 34 viss
902 2212 83 32 mån
1015 2209 181 36 slutförts.
1234 2209 161 36 Sålunda
1422 2210 66 35 har
1516 2210 188 35 härstädes
1732 2223 51 22 nu

171 2262 208 43 upprättats
421 2260 152 46 specifik
615 2258 244 51 förteckning,
903 2260 237 47 upptagande
1182 2260 43 35 de
1262 2260 172 35 hemman
1462 2261 67 35 och
1557 2261 225 47 lägenheter,
