2208 2622
434 178 41 31 32
849 179 362 43 Bevillningsutskottets
1238 181 202 32 Betänkande
1464 182 63 31 N:o
1549 184 52 30 54.

392 256 40 37 af
472 256 268 49 skattepliktig
775 257 69 36 och
873 257 178 38 skattefri
1079 258 252 49 tillverkning
1359 259 81 37 dels
1470 260 71 36 ock
1569 265 53 31 att
1653 260 216 37 underlätta
1897 262 94 36 kon-

390 308 140 36 trollen
558 308 108 36 öfver
693 308 302 50 tillverkningen
1023 310 101 36 inom
1153 310 234 49 bryggeriet.

521 358 234 51 Stadgandet
784 361 11 35 i
824 363 47 34 23
901 361 71 37 och
1002 363 44 34 31
1078 361 44 49 $$
1152 362 197 48 angående
1374 363 211 48 stämpling
1603 363 42 36 af
1661 363 47 37 de
1727 363 96 49 kärl,
1844 364 146 49 hvarpå

391 410 227 50 svagdricka
659 411 200 46 utlämnas,
897 413 69 36 har
994 413 58 36 till
1080 414 175 36 ändamål
1283 419 54 31 att
1366 415 233 48 möjliggöra
1627 415 220 37 införandet
1874 416 10 36 i
1914 417 76 35 för-

391 463 466 50 säljningsförordningen
899 465 41 35 af
979 465 99 36 olika
1118 465 138 37 villkor
1295 466 60 36 för
1397 466 231 49 försäljning
1660 467 42 36 af
1732 470 21 33 å
1782 481 71 23 ena
1882 469 109 35 sidan

390 514 230 51 svagdricka
649 516 71 36 och
748 519 20 33 å
797 516 73 36 den
899 516 119 37 andra
1047 517 124 48 öfriga
1200 518 264 48 maltdrycker.

520 557 315 47 Öfverinseendet
862 568 110 36 öfver
999 568 403 49 bryggerikontrollen
1430 570 70 36 bör
1522 570 245 49 naturligtvis
1787 571 203 37 öfverläm-

391 632 70 23 nas
490 621 37 34 åt
555 631 143 24 samma
727 619 237 49 myndighet,
994 633 81 24 som
1103 621 68 36 har
1190 621 308 37 öfverinseendet
1517 622 106 36 öfver
1642 622 219 37 kontrollen
1881 624 110 36 öfver

389 670 227 37 brännvins-
645 670 69 37 och
742 671 614 50 hvitbetssockertillverkningen,
1386 673 197 49 nämligen
1612 674 136 36 chefen
1766 675 61 36 för
1845 675 144 37 finans-

391 722 322 49 departementets
741 723 183 37 kontroll-
953 724 69 36 och
1046 724 317 49 justeringsbyrå.
1422 725 81 36 Den
1531 725 126 37 lokala
1685 726 215 37 kontrollen
1921 727 70 36 bör

389 774 155 37 utöfvas
573 774 40 36 af
637 774 363 38 öfverkontrollörer
1027 776 69 36 och
1118 776 122 37 under
1260 777 84 36 dem
1365 777 41 37 af
1421 776 256 38 kontrollörer
1695 777 64 37 vid
1778 779 47 36 de
1846 778 142 37 skatte-

388 825 165 49 pliktiga
581 826 70 36 och
679 826 313 50 tillsyningsmän
1022 827 62 37 vid
1113 828 46 36 de
1189 828 197 37 skattefria
1415 828 288 50 bryggerierna.

554 877 340 38 fverkontrollörer
930 879 65 36 vid
1030 879 226 37 brännvins-
1285 880 68 36 och
1382 880 607 50 hvitbetssockertillverkningen

388 929 198 37 förordnas
627 929 59 37 för
727 930 238 37 närvarande
1006 931 39 36 af
1081 931 143 49 Kungl.
1267 932 107 49 Maj:t
1415 932 60 36 för
1516 937 55 32 ett
1612 935 41 34 år
1694 933 12 35 i
1743 933 139 37 sänder
1910 939 80 31 mot

389 981 169 47 arfvode,
604 994 80 23 som
732 982 114 36 äfven
894 982 230 37 bestämmes
1167 983 41 36 af
1245 983 137 49 Kungl.
1425 984 119 49 Maj:t,
1587 984 71 36 och
1700 984 290 38 kommitterade

389 1033 115 36 hafva
553 1033 197 48 föreslagit
786 1033 181 37 liknande
1011 1034 284 37 bestämmelser
1336 1036 200 47 angående
1578 1036 412 38 öfverkontrollörerna

390 1085 65 35 vid
484 1084 548 50 maltdryckstillverkningen.
1088 1086 74 36 Till
1190 1086 274 49 befattningar,
1494 1101 80 23 som
1602 1091 49 46 på
1680 1088 135 37 sådant
1834 1089 58 36 vis
1912 1089 76 36 till-

389 1141 131 41 sättas,
548 1141 41 31 är
617 1136 65 37 det
710 1137 247 49 naturligtvis
987 1140 103 33 svårt
1118 1143 55 31 att
1201 1143 114 31 annat
1343 1143 48 32 än
1416 1139 278 48 undantagsvis
1714 1140 142 37 erhålla
1875 1141 113 37 verk-

388 1188 75 49 ligt
492 1187 196 50 skickliga,
718 1188 171 37 tekniskt
918 1188 148 37 bildade
1094 1202 193 36 personer,
1310 1195 92 31 utan
1422 1196 104 31 utses
1546 1191 56 36 till
1622 1191 368 38 öfverkontrollörer

389 1239 204 37 mestadels
620 1240 273 48 pensionerade
923 1241 205 48 officerare,
1149 1254 82 24 som
1251 1242 101 36 förut
1370 1242 227 49 tjänstgjort
1616 1246 124 34 såsom
1761 1244 227 37 brännvins-

388 1291 264 37 kontrollörer.
709 1292 74 36 Vid
812 1292 351 37 sockerkontrollen
1191 1298 64 31 äro
1283 1293 289 38 förhållandena
1600 1298 119 45 något
1739 1296 249 37 annorlunda.

389 1343 57 36 Då
474 1343 64 37 det
566 1343 212 37 emellertid
807 1343 122 37 skulle
959 1357 90 24 vara
1075 1345 58 36 till
1162 1345 122 37 fördel
1311 1346 106 36 såväl
1445 1346 59 36 för
1525 1346 217 38 kontrollen
1763 1361 80 23 gom
1865 1349 60 36 för
1945 1349 46 35 de

388 1395 218 48 industrier,
635 1408 82 23 som
745 1400 65 32 äro
839 1396 168 36 kontroll
1035 1397 291 48 underkastade,
1356 1402 56 32 att
1439 1398 117 36 bland
1581 1399 408 49 kontrollpersonalen,

389 1446 180 37 särskildt
597 1447 116 37 bland
741 1448 429 48 öfverkontrollörerna,
1190 1449 136 37 funnes
1343 1449 229 37 åtminstone
1588 1456 56 31 ett
1658 1451 121 37 flertal
1794 1465 195 36 personer,

389 1512 81 23 som
499 1512 138 35 genom
667 1499 106 36 såväl
799 1500 208 36 teoretiska
1035 1500 143 37 studier
1206 1514 79 23 som
1314 1501 173 49 praktisk
1515 1502 245 37 verksamhet
1780 1504 210 36 förvärfvat

387 1550 248 49 grundligare
677 1550 161 37 insikter
879 1565 60 22 om
983 1552 45 36 de
1056 1552 216 46 industrier,
1302 1553 45 36 de
1376 1553 98 37 hade
1504 1558 54 32 att
1586 1554 245 49 kontrollera,
1860 1556 129 36 kunde

389 1601 85 37 skäl
511 1602 224 49 visserligen
764 1616 110 23 anses
902 1603 188 49 föreligga
1119 1609 55 31 att
1202 1618 62 33 nu,
1294 1604 46 37 då
1367 1605 227 49 ytterligare
1623 1619 43 24 en
1698 1607 163 36 industri
1890 1608 98 36 skall

389 1653 133 37 ställas
562 1654 121 36 under
725 1654 178 48 kontroll,
946 1655 70 36 och
1059 1655 46 36 då
1145 1656 46 36 de
1231 1656 82 36 från
1354 1656 292 49 ifrågavarande
1688 1658 206 37 industrier
1931 1659 57 36 till

388 1705 232 37 statsverket
648 1705 211 49 inflytande
888 1706 195 37 skatterna
1113 1707 151 37 komme
1292 1713 56 32 att
1376 1712 130 46 uppgå
1534 1709 59 36 till
1614 1723 79 23 mer
1712 1715 47 31 än
1779 1712 50 35 40
1848 1711 139 36 millio-

388 1770 69 24 ner
499 1757 138 37 kronor
679 1758 159 48 årligen,
880 1758 217 49 framlägga
1139 1759 145 49 förslag
1325 1773 59 24 om
1428 1760 235 38 kontrollens
1705 1762 194 37 ordnande
1940 1766 48 46 på

388 1809 137 36 sådant
553 1814 85 43 sätt,
668 1814 56 32 att
752 1814 55 31 ett
835 1809 104 37 antal
959 1810 363 38 öfverkontrollörer
1341 1812 86 36 med
1447 1812 154 37 teknisk
1620 1813 222 50 utbildning
1860 1814 128 38 blefve

388 1860 187 37 anställda
602 1863 48 47 på
679 1866 75 31 stat
781 1861 86 37 med
894 1861 66 37 lön
988 1862 70 36 och
1078 1862 184 49 rättighet
1280 1862 57 37 till
1356 1864 173 49 pension,
1558 1864 4 36 i
1582 1865 278 49 sammanhang
1876 1867 111 36 hvar-

387 1912 89 36 med
518 1913 69 36 ock
628 1912 119 37 borde
787 1918 109 44 tagas
930 1913 121 37 under
1079 1915 256 48 ompröfning,
1364 1916 190 36 huruvida
1581 1916 84 37 icke
1694 1920 38 33 åt
1760 1918 74 36 den
1863 1918 124 36 öfver-

388 1963 169 38 ordnade
585 1964 448 50 kontrollmyndigheten
1062 1965 117 38 borde
1207 1966 158 37 beredas
1394 1981 48 23 en
1462 1967 308 50 själfständigare
1791 1969 195 49 ställning,

387 2020 49 31 än
478 2016 220 36 densamma
738 2030 51 23 nu
829 2017 172 36 innehar.
1057 2017 68 36 Att
1161 2018 72 49 jag
1273 2018 63 37 det
1377 2019 156 37 oaktadt
1560 2020 82 37 icke
1671 2034 51 22 nu
1750 2021 239 50 framlägger

387 2069 121 46 något
547 2066 146 49 förslag
733 2067 13 36 i
787 2068 104 37 detta
932 2068 114 49 syfte,
1088 2074 41 31 är
1171 2069 186 38 beroende
1399 2070 129 50 därpå,
1560 2076 54 32 att
1642 2072 143 49 Kungl.
1814 2073 109 50 Maj:t
1952 2076 37 34 åt

387 2118 189 37 särskilda
615 2118 290 39 kommitterade
947 2119 116 50 gifvit
1103 2121 12 35 i
1143 2122 174 48 uppdrag
1344 2126 56 32 att
1427 2123 134 36 utreda
1588 2123 138 49 frågan
1754 2138 59 23 om
1844 2125 144 36 ändrad

387 2169 398 51 sockerbeskattning,
813 2170 157 38 hvarför
999 2172 63 36 det
1089 2185 114 36 synes
1232 2187 88 23 vara
1348 2173 221 50 lämpligast
1597 2180 55 31 att
1675 2175 77 37 låta
1770 2176 86 37 med
1877 2177 111 36 dessa

388 2221 410 51 organisationstrågor
840 2226 120 45 anstå,
1003 2224 54 36 till
1091 2224 86 37 dess
1205 2225 118 48 sagda
1352 2225 291 38 kommitterade
1672 2227 138 37 hunnit
1839 2229 149 48 afgifva
