2220 2626
440 182 41 30 80
823 182 357 41 Bevillningsutskottets
1207 183 203 31 Betänkande
1434 183 61 31 N:o
1518 185 49 30 54.

396 258 106 37 ende.
558 259 53 36 På
652 258 52 37 tal
745 272 58 23 om
846 260 188 37 villkoren
1074 261 61 35 för
1176 261 173 36 skattefri
1392 260 251 49 tillverkning
1671 260 40 36 af
1735 260 257 49 maltdrycker

395 315 123 44 yttrar
537 310 195 49 nämligen
752 311 437 49 departementschefen:
1212 325 65 23 »—
1295 335 51 4 —
1369 334 44 5 —
1436 313 58 47 då,
1515 312 122 49 enligt
1652 312 247 36 kommitténs
1915 312 75 36 för-

396 361 96 50 slag,
532 362 138 37 hinder
697 363 83 36 icke
809 368 121 32 möter
959 364 57 36 för
1043 377 47 23 en
1118 377 138 36 person
1285 369 55 32 att
1368 364 198 49 samtidigt
1594 364 12 35 1
1635 364 102 36 olika
1764 364 228 49 bryggerier

396 414 91 36 idka
519 414 79 36 dels
627 414 268 50 skattepliktig
923 416 71 36 och
1022 415 79 37 dels
1130 416 174 37 skattefri
1332 416 260 48 tillverkning,
1623 416 170 36 ansluter
1816 416 70 48 jag
1914 415 79 49 mig

396 465 56 36 till
483 466 308 37 kommitterades
821 467 110 47 åsikt,
962 473 53 31 att
1044 468 244 36 skattefrihet
1316 468 68 36 bör
1413 469 167 47 åtnjutas
1610 468 41 35 af
1665 467 72 36 alla
1753 467 237 49 bryggerier,

396 530 80 23 som
506 518 134 36 endast
668 518 175 37 tillverka
872 519 261 48 svagdricka.»

1139 642 47 35 28
1215 640 32 49 8.

525 726 127 36 Andra
693 731 207 31 momentet
943 727 41 36 af
1021 727 124 36 denna
1186 727 181 48 paragraf
1404 727 109 49 lyder
1542 726 123 49 enligt
1695 726 138 49 Kungl.
1867 726 123 48 Maj:ts

396 777 145 49 förslag
582 778 173 36 sålunda:
798 778 37 36 »I
877 778 209 37 skattefritt
1126 779 183 48 bryggeri
1349 781 59 34 må
1443 779 63 36 vid
1535 778 249 49 tillverkning
1813 778 41 36 af
1877 791 113 35 svag-

396 829 130 36 dricka
554 830 33 48 ej
618 830 192 36 användas
839 830 186 47 sackarin,
1055 830 70 36 och
1153 833 60 33 må
1241 831 134 35 sådant
1403 831 35 48 ej
1468 830 292 48 finnas
1602 825 23 58 i
1642 830 118 48 dylikt
1774 830 217 49 bryggeri.»

396 880 16 36 I
445 886 158 31 motsats
632 887 80 31 mot
740 882 99 36 hvad
868 882 12 35 i
909 884 23 34 4
961 882 21 49 &
1010 882 253 36 föreskrifvits
1292 882 235 37 beträffande
1556 881 291 50 skattepliktiga
1876 881 115 49 bryg-

396 933 126 48 gerier
562 933 124 37 skulle
728 934 145 36 således
914 934 13 35 i
957 934 216 46 skattefritt
1205 934 186 49 bryggeri
1420 934 37 36 få
1487 933 193 37 användas
1710 933 281 49 maltsurrogat,

396 984 98 37 dock
535 985 86 36 med
662 986 197 48 undantag
901 986 60 36 för
996 986 184 37 sackarin.
1236 986 431 49 Departementschefen
1696 990 124 44 yttrar
1847 985 144 47 härom,

396 1041 57 31 att
485 1036 64 36 det
578 1037 139 36 funnes
744 1037 114 49 ingen
892 1038 207 48 anledning
1127 1037 176 48 förbjuda
1331 1038 293 48 maltsurrogats
1654 1037 247 48 användning
1930 1037 63 35 vid

396 1088 198 36 skattefria
639 1088 237 49 bryggerier,
920 1089 179 36 eftersom
1137 1090 44 47 ju
1222 1089 64 36 vid
1328 1090 110 36 dessa
1480 1089 229 49 bryggerier
1745 1089 117 47 ingen
1891 1089 102 36 skatt

396 1140 122 36 skulle
546 1139 202 49 debiteras,
778 1154 87 23 men
896 1146 54 30 att
978 1141 103 36 detta
1109 1141 157 36 oaktadt
1294 1141 65 37 det
1388 1141 107 37 torde
1524 1154 91 23 vara
1643 1140 176 50 lämpligt
1848 1146 55 30 att
1917 1141 76 35 för-

395 1192 116 48 bjuda
552 1192 248 49 användning
841 1192 42 36 af
913 1193 184 47 sackarin,
1128 1198 91 31 enär
1246 1192 235 49 tillsättning
1510 1193 40 36 af
1574 1198 56 31 ett
1659 1192 134 37 sådant
1821 1197 171 31 sötämne

396 1244 55 36 till
482 1257 44 23 en
555 1244 215 49 maltdryck
799 1247 120 34 måste
949 1258 108 23 anses
1086 1249 123 32 såsom
1238 1258 47 23 en
1313 1244 258 50 förfalskning
1600 1245 40 36 af
1665 1244 74 37 den
1767 1257 145 23 senare.

522 1295 16 36 I
567 1296 280 36 ofvanberörda
876 1297 155 47 motion,
1061 1310 61 23 n:o
1152 1298 85 46 168,
1268 1297 160 37 föreslår
1455 1297 88 36 herr
1571 1298 221 46 Andersson,

522 1352 76 31 »att
639 1348 218 49 Riksdagen
900 1351 117 34 måtte
1059 1348 146 37 besluta
1247 1349 134 36 sådant
1418 1349 139 48 tillägg
1592 1349 11 35 i
1633 1350 47 34 28
1710 1347 21 50 &
1761 1351 20 34 2
1812 1362 111 23 mom.
1956 1349 40 36 af

393 1399 142 49 Kungl.
566 1400 130 48 Maj:ts
725 1401 143 48 förslag
897 1400 56 36 till
984 1400 225 49 förordning
1238 1401 199 47 angående
1460 1400 252 49 tillverkning
1732 1401 70 36 och
1821 1400 170 36 beskatt-

394 1452 96 48 ning
529 1451 41 36 af
604 1452 268 49 maltdrycker,
903 1457 56 31 att
987 1453 71 36 alla
1086 1458 174 43 surrogat
1291 1452 57 37 för
1377 1453 93 37 malt
1496 1451 120 37 blifva
1644 1452 205 49 förbjudna
1878 1452 114 36 äfven

395 1503 61 36 vid
487 1503 253 50 tillverkning
767 1504 12 36 i
807 1504 210 37 skattefritt
1044 1504 217 50 bryggeri.»

524 1555 72 36 Till
638 1556 85 36 stöd
763 1556 129 36 härför
921 1556 107 37 anför
1056 1556 237 37 motionären
1322 1579 49 4 —
1401 1557 98 36 efter
1526 1563 55 30 att
1609 1558 116 36 hafva
1753 1558 154 47 erinrat,
1938 1564 55 31 att

395 1607 65 37 det
487 1607 12 35 i
527 1607 208 37 allmänhet
762 1621 90 23 vore
882 1609 42 35 af
947 1608 198 49 synnerlig
1173 1609 94 47 vikt,
1294 1614 54 31 att
1367 1609 84 37 icke
1471 1609 60 36 vid
1553 1609 254 50 tillverkning
1828 1610 41 36 af
1885 1610 106 36 födo-

395 1664 138 31 ämnen
561 1659 148 36 mindre
736 1659 213 37 värdefulla
977 1666 177 43 surrogat
1183 1661 148 36 komme
1352 1661 59 36 till
1432 1662 261 48 användning,
1715 1662 68 36 och
1804 1667 55 31 att
1879 1662 112 36 äfven

395 1712 11 35 i
450 1713 81 34 vårt
571 1711 91 36 land
704 1710 144 50 förslag
877 1712 12 35 i
919 1712 133 36 sådant
1080 1713 100 48 syfte
1209 1712 61 36 vid
1299 1712 92 37 flera
1419 1713 175 37 tillfällen
1625 1713 125 37 blifvit
1778 1714 136 36 väckta
1943 1736 49 4 —

396 1768 54 31 att
478 1763 45 36 de
551 1762 10 36 i
591 1776 50 22 nu
671 1762 292 49 ifrågavarande
992 1764 394 49 författningsförslag
1414 1765 221 37 meddelade
1663 1765 135 37 förbud
1826 1771 80 30 mot
1927 1779 64 22 an-

395 1814 198 37 vändande
623 1814 41 37 af
688 1815 273 49 maltsurrogat
987 1815 217 37 tillkommit
1233 1816 11 35 i
1263 1822 86 30 rent
1368 1816 188 37 fiskaliskt
1576 1817 111 49 syfte,
1709 1817 148 37 hvilket
1877 1817 114 36 fram-

395 1866 119 49 ginge
555 1866 41 37 af
634 1867 442 48 departementschefens
1119 1881 91 36 nyss
1251 1868 249 37 omförmälda
1538 1869 192 49 yttrande,
1769 1869 149 37 hvilket
1956 1870 41 36 af

396 1918 237 36 motionären
663 1919 224 48 återgifves;
917 1919 193 37 hvarefter
1137 1919 239 38 motionären
1405 1920 128 37 vidare
1562 1921 108 37 anför
1698 1921 188 49 följande:

524 1970 134 37 »Detta
699 1970 106 37 torde
834 1971 12 36 i
875 1972 70 36 och
986 1972 58 36 för
1084 1972 60 48 sig
1185 1985 90 23 vara
1316 1977 55 31 ett
1412 1973 90 48 föga
1529 1973 166 36 hållbart
1723 1986 264 36 resonemang.

396 2021 254 49 Svagdrickat
692 2027 40 31 är
763 2023 44 48 ju
849 2036 47 23 en
939 2023 199 49 folkdryck
1180 2023 69 36 och
1291 2024 67 36 har
1400 2024 59 37 sin
1488 2024 32 49 ej
1552 2024 175 49 oviktiga
1755 2024 153 50 uppgift
1936 2031 55 30 att

395 2073 94 49 fylla
531 2074 149 36 oafsedt
715 2074 45 36 de
789 2075 182 36 moderna
998 2076 190 36 teorierna
1216 2088 58 23 om
1304 2076 87 37 dess
1420 2081 101 31 stora
1550 2077 82 35 vikt
1660 2077 59 36 för
1748 2076 242 50 nykterhets-

395 2125 180 36 rörelsen.
631 2126 73 36 Det
746 2126 73 36 kan
862 2127 158 37 sålunda
1060 2127 82 37 icke
1176 2140 89 23 vara
1293 2127 199 49 likgiltigt,
1523 2141 61 23 om
1612 2128 87 37 dess
1730 2128 261 37 beskaffenhet

394 2177 128 36 undan
554 2177 60 35 för
641 2178 130 36 undan
798 2178 205 38 försämras
1031 2192 141 35 genom
1201 2179 248 37 användande
1479 2180 40 35 af
1543 2184 46 31 än
1618 2185 67 42 ett,
1716 2185 48 31 än
1793 2186 55 32 ett
1877 2187 115 30 annat

395 2233 177 44 surrogat
600 2229 92 36 eller
719 2230 89 36 flere
836 2230 12 35 i
877 2231 189 48 förening.
1124 2230 80 37 Och
1233 2244 48 23 en
1309 2231 230 48 försämring
1567 2234 119 34 måste
1715 2233 153 36 inträffa
1886 2232 12 36 i
1919 2233 72 36 den

394 2281 192 47 händelse,
617 2286 56 31 att
701 2282 142 48 majsen
873 2296 140 36 genom
1039 2282 151 37 inträdd
1211 2282 189 38 tullfrihet
1420 2283 137 37 blifver
1577 2288 56 31 ett
1652 2284 224 48 tillräckligt
1895 2285 96 48 pris-
