2212 2626
442 167 39 31 12
818 171 359 44 Bevillningsutskottets
1202 177 208 34 Betänkande
1433 182 62 30 N:o
1518 184 52 30 54.

500 245 107 37 Efter
656 253 56 30 att
762 249 114 37 hafva
918 253 186 48 anmärkt,
1148 259 55 32 att
1244 255 250 52 indelningen
1537 261 40 36 af
1614 261 46 38 de
1703 264 287 51 skattepliktiga

395 296 212 49 dryckerna
636 299 11 36 i
666 304 59 32 tre
745 301 272 39 skatteklasser
1035 306 221 49 ytterligare
1276 308 219 39 försvårade
1516 312 322 40 kontrollörernas
1859 318 130 37 arbete

393 349 87 35 med
509 351 241 49 granskning
778 354 35 35 af
841 354 201 50 böckerna,
1071 362 103 44 yttra
1204 359 290 40 kommitterade
1521 364 13 35 i
1561 365 109 49 fråga
1691 380 60 23 om
1771 368 218 39 kontrollen

393 399 103 48 därå,
540 406 54 31 att
636 403 73 36 den
751 404 211 39 fastställda
990 408 317 50 alkoholgränsen
1337 413 138 37 mellan
1505 416 293 52 skattepliktiga
1827 421 161 49 drycker

391 452 234 49 uppehålles,
656 460 55 30 att
740 455 45 37 de
814 463 125 31 ansett
967 459 113 37 äfven
1108 461 219 39 densamma
1355 479 92 23 vara
1476 467 381 41 otillfredsställande.
1901 474 85 36 Vig-

391 503 169 49 serligen
588 505 96 38 hade
714 507 291 40 kommitterade
1034 512 59 36 till
1120 513 212 50 skärpande
1363 517 40 36 af
1428 518 125 37 denna
1582 520 168 38 kontroll
1777 524 11 35 i
1812 520 173 57 utkastet,

390 556 156 36 utöfver
573 556 99 38 hvad
701 558 145 38 danska
873 561 116 49 lagen
1018 563 202 50 innehölle,
1241 566 140 50 intagit
1401 568 305 53 bestämmelsen,
1727 579 56 32 att
1803 577 184 37 särskilda

389 606 107 36 invid
528 607 276 51 bryggerierna
831 612 151 38 bosatta
1009 615 310 51 tillsyningsmän
1348 620 123 38 skulle
1500 622 190 51 tillsättas,
1712 639 80 23 som
1813 627 97 37 hade
1930 634 57 31 att

390 657 13 36 i
432 657 279 50 bryggerierna
739 664 217 37 undersöka
984 672 154 32 vörtens
1167 670 131 48 styrka
1318 672 69 36 och
1408 678 133 44 uttaga
1559 677 90 47 prof
1665 679 21 34 å
1706 678 149 49 färdiga
1875 681 109 36 malt-

388 709 173 49 drycker.
606 712 73 37 Vid
708 715 140 36 sådana
868 717 197 38 skattefria
1084 719 237 50 bryggerier,
1343 737 82 23 som
1446 725 160 38 allenast
1624 728 227 39 tillverkade
1871 745 112 36 Svag-

387 760 143 49 dricka,
568 762 183 40 innebure
780 767 40 49 ju
847 767 406 52 tillsyningsmannens
1281 775 289 51 undersökning
1598 780 40 36 af
1663 786 136 32 vörten
1828 796 47 23 en
1905 784 77 37 viss

385 814 153 46 garanti
574 815 58 36 för
673 821 56 32 att
770 818 247 39 tillverkaren
1059 824 32 48 ej
1135 823 175 50 bryggde
1344 829 246 47 svagdrickat
1618 832 59 36 för
1705 834 132 36 starkt.
1893 836 89 37 Men

385 864 199 49 bryggdes
611 867 63 36 vid
704 869 108 37 dessa
840 870 227 51 bryggerier
1095 880 103 31 utom
1228 879 227 47 svagdricka
1485 881 116 38 andra
1630 883 210 50 skattefria,
1870 888 111 36 malt-

385 916 173 38 starkare
587 919 173 49 drycker,
790 923 107 36 torde
925 924 174 38 hvarken
1126 927 390 50 tillsyningsmännen
1545 934 91 37 eller
1664 931 315 60 kontrollörerna,

384 967 46 36 då
460 968 47 37 de
535 969 247 51 tillfälligtvis
810 974 158 38 besökte
997 977 291 50 bryggerierna,
1318 982 130 37 kunna
1476 984 244 51 kontrollera,
1752 994 54 31 att
1833 990 147 37 tillver-

383 1019 117 37 karen
529 1022 280 39 underkastade
838 1026 213 49 dryckerna
1075 1030 116 37 sådan
1211 1033 160 37 särskild
1391 1035 245 52 behandling,
1658 1044 56 31 att
1735 1040 45 36 de
1800 1042 32 48 ej
1856 1042 123 37 öfver-

382 1071 137 37 skrede
557 1073 329 50 alkoholgränsen.
944 1078 189 51 Slutligen
1162 1083 96 36 hade
1288 1084 290 41 kommitterade
1605 1090 128 37 funnit
1749 1090 226 57 uppenbart,

381 1127 55 31 att
477 1123 211 39 kontrollen
733 1128 108 36 öfver
873 1129 341 51 alkoholgränsens
1242 1135 251 50 iakttagande
1521 1140 63 36 vid
1614 1142 45 36 de
1689 1143 290 51 skattepliktiga

380 1173 277 51 bryggerierna
685 1179 168 37 saknade
882 1181 132 50 hvarje
1044 1187 85 45 spår
1157 1186 58 36 till
1244 1188 241 50 effektivitet,
1516 1204 60 23 om
1596 1193 74 36 den
1691 1194 121 38 skulle
1831 1198 146 36 utföras

380 1226 42 35 af
462 1227 277 49 kringresande
781 1231 263 40 kontrollörer.
1101 1236 69 37 Om
1201 1243 47 31 än
1277 1239 303 40 kontrollörerna
1607 1246 136 48 gjorde
1772 1248 97 36 huru
1898 1254 79 32 täta

380 1277 119 37 besök
539 1280 63 35 vid
639 1281 277 50 bryggerierna
944 1299 82 23 som
1054 1288 99 36 helst
1181 1290 70 36 och
1280 1291 132 37 därvid
1441 1295 233 38 undersökte
1702 1298 46 37 de
1778 1299 198 39 skattefria

379 1330 317 50 maltdryckerna,
728 1334 126 37 kunde
878 1337 44 47 ju
951 1337 248 40 tillverkaren
1228 1342 116 48 alltid,
1367 1347 41 33 så
1428 1352 105 30 snart
1553 1347 261 40 kontrollören
1833 1352 142 38 lämnat

378 1380 223 50 bryggeriet
625 1385 69 36 och
723 1386 113 36 innan
867 1388 306 51 maltdryckerna
1202 1393 166 38 därifrån
1397 1396 164 50 försålts,
1591 1413 140 35 genom
1761 1415 47 24 en
1836 1404 138 38 tillsats

377 1432 40 36 af
456 1433 270 52 skattepliktig
768 1438 212 51 maltdryck
1025 1443 229 38 »förbättra»
1300 1447 57 36 sin
1386 1449 199 38 skattefria
1613 1465 103 36 vara,
1747 1457 41 33 så
1817 1460 54 31 att
1900 1457 73 36 den

376 1484 197 51 öfversteg
601 1487 328 51 alkoholgränsen.

505 1538 83 36 Den
628 1539 12 36 i
682 1539 161 51 Sverige
872 1544 168 38 önskade
1069 1547 68 36 och
1166 1547 12 36 i
1205 1550 169 37 utkastet
1402 1551 218 51 föreslagna
1649 1556 322 51 alkoholgränsen

374 1587 124 38 skulle
536 1590 71 36 ock
634 1613 50 5 —
713 1606 80 23 mer
820 1599 49 31 än
896 1596 101 36 hvad
1025 1598 106 37 fallet
1159 1600 127 38 kunde
1312 1616 89 23 vara
1429 1604 13 36 i
1469 1605 196 38 Danmark
1693 1631 51 4 —
1772 1610 11 35 i
1813 1610 68 36 och
1911 1612 60 36 för

374 1639 60 48 sig
472 1642 129 36 stärka
629 1643 125 38 denna
782 1646 184 38 frestelse.
1022 1649 273 41 Förhållandet
1322 1668 89 23 vore
1441 1657 195 49 nämligen
1661 1660 72 44 det,
1764 1666 56 31 att
1848 1664 121 48 enligt

372 1690 145 38 danska
558 1694 277 51 ölskattelagen
878 1699 323 51 alkoholgränsen
1242 1710 95 32 satts
1378 1710 40 33 så
1447 1708 96 49 högt
1573 1723 80 24 som
1683 1712 62 36 vid
1776 1713 64 41 2!/,
1869 1715 97 36 vikt-

370 1750 173 42 procent,
584 1749 267 37 motsvarande
882 1750 64 42 2'/;
975 1753 299 51 volymprocent,
1303 1758 122 37 under
1453 1760 64 36 det
1546 1762 421 48 nykterhetsvännerna

370 1794 12 35 1
411 1794 162 51 Sverige
602 1798 101 37 höllo
731 1802 50 47 på
809 1814 46 33 en
883 1808 117 43 gräns
1030 1805 42 35 af
1097 1808 20 33 2
1147 1807 300 51 volymprocent,
1478 1816 266 36 motsvarande
1767 1816 77 42 1';,,
1865 1818 100 37 vikt-

369 1853 168 41 procent.
593 1849 55 36 Då
677 1850 64 37 det
770 1866 90 23 vore
890 1858 151 34 svårare
1070 1857 58 36 för
1155 1858 246 40 tillverkaren
1431 1868 55 31 att
1513 1864 178 39 tillverka
1711 1881 44 23 en
1778 1869 77 48 god
1874 1884 91 24 vara

364 1897 45 48 ju
436 1898 109 49 lägre
573 1906 164 43 gränsen
767 1910 126 43 sattes,
923 1907 133 48 skulle,
1085 1922 58 24 om
1173 1911 169 38 utkastet
1370 1914 127 38 blefve
1524 1917 77 48 lag,
1630 1919 108 36 faran
1766 1921 59 36 för
1848 1927 115 43 grän-

369 1961 88 24 sens
486 1951 285 51 öfverstigande
800 1956 117 38 blifva
947 1964 123 33 större
1097 1960 12 36 i
1134 1961 161 51 Sverige
1325 1970 47 31 än
1401 1966 12 36 i
1440 1967 204 39 Danmark.

497 2003 136 38 Härtill
663 2006 151 38 komme
841 2011 227 49 ytterligare
1097 2012 71 37 den
1198 2015 225 50 skillnaden,
1453 2024 66 42 att,
1550 2021 46 35 då
1620 2022 343 51 alkoholgränsens

366 2053 273 49 uppdragande
684 2058 60 35 vid
790 2059 299 52 tillverkningen
1131 2066 128 38 tänkts
1287 2069 107 37 skola
1423 2070 136 50 läggas
1586 2073 57 36 till
1671 2076 127 46 grund
1826 2077 60 36 för
1913 2091 49 23 en

366 2103 106 49 dylik
500 2112 117 41 gräns
645 2109 115 36 äfven
789 2111 61 35 vid
880 2113 166 38 handeln
1074 2117 85 35 med
1187 2119 264 50 maltdrycker,
1481 2123 217 39 kontrollen
1726 2128 109 36 öfver
1855 2129 104 36 alko-

365 2154 252 50 holgränsens
645 2162 334 47 upprätthållande
1007 2167 13 35 i
1049 2166 156 51 Sverige
1234 2171 116 37 borde
1378 2173 115 37 hafva
1521 2175 64 36 det
1605 2177 141 37 dubbla
1766 2180 120 48 syftet
1905 2186 55 31 att

363 2206 138 38 hindra
541 2212 198 46 uppenbar
780 2214 370 54 skatteförsnillning
1182 2222 71 36 och
1281 2228 56 31 att
1363 2225 106 48 gifva
1498 2228 280 50 återförsäljare
1807 2233 151 46 garanti

363 2258 57 36 för
463 2260 157 38 hvilken
658 2276 89 24 vara
776 2278 80 24 som
883 2269 239 39 utlämnades
1150 2272 84 38 från
1264 2274 286 51 bryggerierna.
1607 2280 17 36 I
1652 2281 193 38 Danmark
1875 2286 83 34 åter
