2228 2624
427 206 62 32 116
813 201 362 43 Bevillningsutskottets
1199 199 207 33 Betänkande
1429 199 61 32 N:o
1513 200 52 30 54.

380 281 227 48 fullständig
647 279 239 51 planritning
927 279 70 36 och
1037 278 244 48 beskrifning
1308 277 109 37 öfver
1444 276 224 49 bryggeriet
1696 275 71 36 och
1796 272 179 49 samtliga

380 334 126 36 därtill
547 332 169 37 hörande
756 331 227 49 lägenheter
1023 330 84 36 med
1149 329 143 49 tydligt
1333 328 234 49 angifvande
1601 327 41 37 af
1666 327 116 35 hvars
1810 325 70 36 och
1908 337 66 24 ens

381 385 186 38 ändamål.
640 384 66 36 Ett
734 382 195 49 exemplar
957 382 41 36 af
1021 381 148 49 ritning
1196 381 72 37 och
1295 380 244 49 beskrifning
1566 379 172 36 förvaras
1762 376 68 37 vid
1858 377 116 48 bryg-

381 437 126 50 geriet
545 436 71 37 och
658 436 65 36 det
764 434 116 37 andra
920 434 176 36 insändes
1140 433 40 37 af
1205 432 373 37 öfverkontrollören
1605 429 56 37 till
1692 429 183 37 kontroll-
1904 428 70 37 och

378 488 351 51 justeringsbyrån.

513 543 32 33 2.
600 539 80 36 När
707 538 12 36 i
740 537 188 38 anseende
948 536 57 37 till
1024 536 186 49 vidtagna
1225 536 270 49 förändringar
1515 535 100 36 inom
1635 532 186 50 bryggeri
1841 532 136 37 chefen

385 593 61 36 för
486 590 182 38 kontroll-
698 590 71 37 och
792 589 337 49 justeringsbyrån
1158 601 112 24 anser
1292 588 198 48 ritningen
1518 587 108 37 öfver
1654 585 211 36 detsamma
1894 583 84 37 icke

381 644 131 36 vidare
555 641 232 47 användbar,
823 641 151 48 åligger
1002 640 64 37 det
1093 639 248 38 tillverkaren
1371 644 56 33 att
1456 638 169 38 anskaffa
1653 650 52 35 ny
1733 635 148 49 ritning
1909 635 70 36 och

381 694 257 50 beskrifning,
669 693 221 37 äfvenledes
918 692 13 36 i
958 695 66 33 två
1052 692 205 49 exemplar.

1130 831 44 34 17
1205 828 32 50 8.

518 938 30 34 1.
605 934 245 51 Byggnader,
893 932 235 50 lägenheter,
1171 932 292 49 bryggredskap
1499 931 91 36 eller
1613 930 145 48 jäskar,
1788 942 79 23 som
1897 928 82 37 icke

385 988 128 38 blifvit
553 993 200 43 upptagna
793 986 11 36 i
833 986 74 36 den
935 984 56 37 uti
1021 986 44 35 16
1096 984 20 49 $
1146 984 229 37 omnämnda
1403 982 252 48 beskrifning,
1684 980 93 37 eller
1805 994 78 22 som
1914 979 66 36 där

385 1039 211 51 upptagits,
638 1052 90 23 men
769 1037 213 37 sedermera
1023 1036 167 47 ändrats,
1232 1038 60 33 må
1320 1035 83 37 icke
1432 1034 64 37 vid
1523 1032 254 49 tillverkning
1804 1032 42 36 af
1869 1031 110 37 malt-

385 1092 164 49 drycker
577 1090 195 37 användas
800 1094 91 31 utan
920 1093 55 32 att
1002 1087 115 37 hafva
1145 1086 129 37 blifvit
1301 1087 41 36 af
1366 1085 372 38 öfverkontrollören
1763 1083 219 49 skriftligen

388 1142 213 51 godkända.

517 1196 33 35 2.
606 1194 46 49 Ej
693 1195 60 34 må
780 1191 205 38 maltkross
1014 1191 90 37 eller
1134 1189 373 51 själfregistrerande
1536 1191 77 47 våg
1641 1188 139 36 ändras
1809 1186 92 38 eller
1928 1200 52 35 ny

388 1247 117 37 sådan
546 1245 165 49 redskap
752 1244 12 36 i
804 1243 185 49 bryggeri
1016 1242 171 48 insättas,
1217 1242 116 37 innan
1362 1239 370 40 öfverkontrollören
1761 1238 218 50 skriftligen

389 1298 115 50 gifvit
531 1297 66 37 sitt
625 1296 197 50 samtycke
849 1295 58 36 till
936 1294 195 50 åtgärden.

1130 1433 45 35 18
1205 1431 31 50 $.

522 1540 30 35 1.
608 1537 260 37 Tillverkaren
898 1540 41 32 är
967 1534 153 50 skyldig
1149 1540 56 31 att
1233 1537 46 47 på
1306 1548 99 35 egen
1433 1533 212 38 bekostnad
1675 1533 170 36 anskaffa
1873 1532 70 37 och
1972 1531 11 37 i

389 1590 179 49 behörigt
609 1589 108 37 skick
758 1587 219 38 underhålla
1018 1587 12 36 i
1066 1589 24 34 4
1123 1586 21 50 &
1187 1586 251 38 omförmälda
1465 1586 203 37 maltkross
1697 1585 70 36 och
1795 1584 188 49 själfregi-

390 1642 197 38 strerande
615 1644 87 45 våg.

521 1696 32 34 2.
609 1693 87 36 Kan
738 1692 72 36 den
839 1691 87 37 med
954 1693 123 46 vågen
1104 1690 217 37 förbundna
1349 1690 254 36 maltkrossen
1632 1689 41 36 af
1698 1692 129 45 någon
1855 1687 128 37 anled-

391 1746 96 48 ning
515 1745 33 49 ej
580 1744 205 46 användas,
814 1743 95 37 skall
937 1742 260 36 kontrollören
1226 1747 161 31 närvara
1417 1741 63 36 vid
1509 1741 151 36 maltets
1689 1739 217 49 krossning.

524 1800 32 33 3.
611 1796 116 38 Utom
768 1794 247 38 förenämnda
1058 1793 205 37 maltkross
1304 1796 60 34 må
1406 1792 83 38 icke
1530 1793 12 35 i
1578 1792 185 50 bryggeri
1791 1791 92 37 eller
1911 1790 74 37 till-

391 1849 170 37 hörande
594 1848 223 49 lägenheter
844 1846 124 37 finnas
995 1848 127 46 någon
1150 1845 59 36 till
1237 1845 205 49 krossning
1471 1844 40 37 af
1536 1844 90 37 malt
1654 1843 221 37 användbar
1902 1841 84 37 red-

392 1901 107 49 skap,
529 1900 84 37 med
643 1899 145 37 mindre
817 1898 73 37 den
918 1896 127 39 ställes
1072 1897 121 37 under
1221 1897 166 37 kronans
1415 1897 55 36 lås
1498 1896 91 37 eller
1616 1895 226 51 försegling.

1132 2036 46 36 19
1208 2035 32 49 8.

522 2139 177 37 Omältad
739 2139 196 50 spannmål
965 2141 59 34 må
1052 2138 82 37 icke
1163 2138 105 36 inom
1296 2137 185 50 bryggeri
1510 2137 122 36 finnas
1662 2137 249 37 annorstädes
1939 2140 48 32 än

393 2193 12 36 i
441 2193 46 36 de
524 2191 313 48 förvaringsrum,
867 2191 131 36 hvilka
1025 2190 12 36 i
1066 2189 291 50 beskrifningen
1386 2190 107 37 öfver
1522 2189 227 49 bryggeriet
1778 2188 209 50 uppgifvas

392 2247 124 35 såsom
544 2243 59 37 för
631 2242 114 38 sådan
776 2243 199 51 spannmål
1003 2242 165 38 afsedda.
