2202 2634
638 179 359 42 Bevillningsutskottets
1023 177 206 34 Betänkande
1254 176 60 33 N:o
1337 177 51 33 54.
1725 174 41 33 33

210 263 68 37 sitt
304 260 255 44 betänkande,
589 264 98 32 samt
716 263 56 32 att
799 258 77 37 tills
904 259 129 37 vidare
1063 256 364 38 öfverkontrollörer
1455 260 104 32 utses
1587 257 48 47 på
1665 267 146 24 samma

211 320 76 32 sätt
315 327 78 24 som
422 311 147 38 hittills.

342 366 106 36 Inom
490 364 44 37 de
563 364 75 47 län,
668 363 67 37 där
763 361 461 49 brännvinstillverkning
1251 360 266 46 förekommer,
1546 359 92 36 böra
1667 371 142 23 samma

212 417 360 39 öfverkontrollörer
612 417 217 48 tjänstgöra
864 414 62 37 vid
953 414 197 37 bränneri-
1181 413 71 37 och
1280 410 418 52 bryggerikontrollen.
1755 409 54 36 Då

212 468 414 41 öfverkontrollörerna
656 470 120 34 måste
804 467 175 49 företaga
1007 471 78 32 täta
1115 478 106 24 resor
1240 465 101 36 inom
1363 465 82 36 sina
1464 463 164 47 distrikt,
1649 462 77 37 kan
1748 462 65 36 det

212 524 65 36 vid
306 523 45 36 de
379 521 99 37 tider
506 524 47 46 på
581 523 92 44 året,
704 520 46 36 då
779 517 464 51 expeditionsgöromålen
1262 522 65 31 äro
1348 521 98 32 mest
1465 514 243 44 omfattande,
1722 527 90 23 vara

214 575 185 49 behöfligt
426 574 60 36 för
515 573 84 37 dem
629 577 56 32 att
713 571 143 38 erhålla
885 570 148 37 biträde
1062 570 64 36 vid
1156 569 118 49 sagda
1301 568 183 50 göromål,
1513 567 70 37 och
1612 566 124 37 skulle
1756 565 58 37 till

214 628 133 37 sådant
375 625 147 38 biträde
550 624 208 50 lämpligen
788 623 127 36 kunna
940 622 194 37 användas
1163 624 129 46 någon
1320 624 48 46 på
1397 620 73 37 den
1499 625 71 42 ort,
1599 619 68 36 där
1685 618 125 37 öfver-

213 678 261 38 kontrollören
516 682 41 32 är
593 676 161 43 boende,
797 674 291 50 tjänstgörande
1129 672 407 51 bryggerikontrollör,
1570 671 157 37 hvilken
1756 670 58 36 till

214 732 95 48 följd
352 732 40 35 af
431 730 57 37 sin
531 729 125 48 öfriga
697 727 262 50 tjänstgöring
1000 726 117 37 borde
1157 726 130 36 kunna
1320 725 128 48 åtnöja
1476 724 60 49 sig
1564 723 87 37 med
1680 736 47 23 en
1758 723 54 35 af-

214 784 135 48 löning
390 783 41 36 af
468 784 64 34 två
572 781 141 36 kronor
754 793 60 23 om
856 779 136 48 dagen.
1048 777 275 38 Förordnande
1362 782 56 32 att
1445 777 217 48 tjänstgöra
1690 777 123 34 såsom

215 836 148 36 biträde
404 834 69 37 hos
511 832 321 38 öfverkontrollör
860 831 69 36 bör
956 830 172 37 utfärdas
1158 829 41 37 af
1222 829 73 37 den
1324 828 277 37 öfverordnade
1630 827 184 36 kontroll-

216 886 288 51 myndigheten,
547 899 81 22 som
670 885 12 35 i
722 884 134 48 hvarje
892 883 68 36 fall
997 883 84 36 bäst
1114 883 69 36 bör
1216 881 129 37 kunna
1373 880 161 37 bedöma
1562 879 183 37 behofvet
1774 879 42 35 af

217 940 135 36 sådant
379 938 159 37 biträde.

347 991 131 37 Såsom
507 988 156 38 arfvode
693 991 39 34 åt
758 988 210 36 kontrollör
997 986 63 37 vid
1089 984 284 51 skattepliktigt
1400 983 184 50 bryggeri
1612 983 69 36 har
1704 983 72 49 jag
1804 982 11 35 i

216 1044 121 37 likhet
366 1043 85 36 med
480 1040 292 38 kommitterade
800 1040 201 49 föreslagit
1028 1044 56 31 tre
1114 1038 140 36 kronor
1283 1038 58 36 för
1364 1036 132 49 tillsyn
1516 1039 19 33 å
1556 1040 55 32 ett
1631 1035 187 49 bryggeri

218 1097 72 36 och
318 1109 48 23 en
393 1095 120 36 krona
542 1094 59 36 för
629 1093 134 48 hvarje
791 1091 225 50 ytterligare
1044 1090 199 49 bryggeri,
1273 1089 64 36 vid
1365 1088 148 37 hvilket
1541 1087 75 37 han
1644 1087 70 36 har
1742 1086 75 36 till-

218 1162 83 36 syn,
331 1147 147 37 hvilket
505 1145 265 37 förstnämnda
799 1144 168 47 arfvode,
988 1143 67 36 där
1075 1146 20 33 å
1115 1141 267 49 landsbygden
1403 1139 185 38 särskilda
1608 1138 208 38 förhållan-

219 1201 72 36 den
320 1202 40 34 så
388 1199 146 46 kräfva,
564 1197 75 37 kan
667 1197 109 48 höjas
804 1196 58 36 till
890 1196 75 36 fem
995 1195 152 47 kronor,
1176 1194 214 48 hvarjämte
1414 1192 248 37 tillverkaren
1682 1191 12 36 i
1713 1190 103 37 vissa

218 1252 65 37 fall
312 1252 75 36 kan
416 1251 159 48 åläggas
605 1254 55 31 att
688 1253 80 32 mot
796 1247 215 48 ersättning
1038 1244 290 38 tillhandahålla
1358 1244 259 36 kontrollören
1638 1243 87 36 kost
1746 1242 71 37 och

218 1303 146 37 bostad.
408 1303 122 36 Dessa
557 1302 193 35 förmåner
770 1300 130 36 kunna
920 1298 227 48 visserligen
1167 1310 116 36 synas
1303 1296 61 36 väl
1384 1295 220 49 obetydliga
1625 1294 11 37 i
1657 1307 160 37 synner-

219 1356 66 36 het
313 1355 63 36 vid
399 1354 222 49 jämförelse
650 1352 87 37 med
766 1350 505 38 brännerikontrollörernas
1300 1348 168 47 arfvode,
1498 1361 80 23 som
1599 1350 115 46 utgår
1733 1346 86 36 med

223 1409 46 35 10
310 1407 142 36 kronor
495 1419 60 23 om
593 1405 139 48 dagen,
770 1417 88 23 men
892 1403 41 36 af
963 1403 74 36 den
1064 1401 256 49 redogörelse,
1344 1401 72 48 jag
1443 1399 118 37 redan
1589 1399 145 36 lämnat
1761 1398 59 36 för

221 1458 320 38 kontrollörernas
571 1456 246 50 åligganden,
846 1456 180 48 framgår,
1057 1459 55 31 att
1140 1453 111 37 dessa
1278 1452 83 37 icke
1384 1452 132 36 kräfva
1539 1450 281 37 kontrollörens

222 1511 156 49 dagliga
405 1510 119 37 besök
552 1512 11 33 i
591 1508 237 50 bryggeriet,
858 1512 48 32 än
934 1506 148 37 mindre
1111 1506 96 36 hans
1237 1504 175 48 ständiga
1429 1508 162 32 närvaro
1611 1502 208 47 därstädes,

221 1563 250 47 hvarigenom
513 1562 96 36 hans
645 1560 263 49 tjänstgöring
945 1559 73 36 blir
1051 1558 153 49 mycket
1231 1556 208 49 lindrigare
1469 1561 48 31 än
1546 1568 47 23 en
1622 1554 197 37 bränneri-

221 1615 241 37 kontrollörs.
518 1612 137 38 Därtill
694 1613 181 45 kommer,
905 1614 124 33 såsom
1059 1610 114 37 också
1203 1608 291 37 kommitterade
1523 1607 212 46 framhålla,
1766 1611 56 31 att

221 1668 48 35 då
310 1665 325 50 ölbryggerierna,
675 1664 112 36 äfven
821 1662 298 49 landsbygdens,
1155 1660 106 37 alltid
1290 1665 64 31 äro
1384 1659 163 49 belägna
1577 1662 21 33 å
1625 1672 105 23 mera
1759 1657 61 37 be-

222 1718 148 37 folkade
413 1723 114 41 orter,
569 1717 63 36 det
669 1716 83 36 icke
788 1715 108 36 torde
929 1719 103 31 möta
1059 1716 130 45 någon
1217 1712 197 48 svårighet
1443 1716 53 30 att
1523 1710 58 36 till
1609 1709 213 37 kontrollör

223 1770 142 37 erhålla
394 1783 47 23 en
469 1781 151 36 person,
649 1767 147 37 boende
824 1769 21 33 å
869 1766 72 36 den
970 1770 70 42 ort,
1070 1765 68 36 där
1165 1763 227 49 bryggeriet
1421 1767 41 31 är
1490 1762 163 48 beläget.

326 1821 224 36 Kontrollen
589 1820 108 36 öfver
735 1819 46 36 de
810 1817 199 37 skattefria
1038 1816 283 49 bryggerierna
1348 1814 70 37 bör
1446 1814 129 36 kunna
1603 1814 153 36 utöfvas
1787 1813 39 36 af

223 1872 414 38 öfverkontrollörerna
666 1871 84 36 med
779 1869 164 49 tillhjälp
973 1869 12 36 i
1014 1868 101 36 vissa
1143 1867 66 37 fall
1234 1866 41 37 af
1292 1866 185 37 särskilda
1495 1865 325 49 tillsyningsmän.

223 1927 141 46 Många
393 1926 41 35 af
459 1924 110 37 dessa
597 1923 231 49 bryggerier
856 1926 63 31 äro
949 1920 194 48 nämligen
1172 1922 41 33 så
1232 1919 176 48 belägna,
1430 1923 54 31 att
1504 1917 318 37 öfverkontrollö-

223 1991 67 23 ren
319 1977 62 36 vid
411 1977 81 36 sina
521 1975 124 48 öfriga
672 1988 105 23 resor
805 1975 75 35 kan
909 1973 37 36 få
975 1972 148 36 tillfälle
1153 1976 56 31 att
1236 1975 75 31 rätt
1340 1971 79 35 ofta
1438 1969 142 37 besöka
1600 1969 97 37 dem.
1750 1968 70 36 Vid

224 2029 124 47 öfriga
376 2027 228 50 bryggerier
633 2029 120 34 måste
781 2025 309 48 tillsyningsman
1120 2022 190 37 tillsättas.
1358 2022 87 36 Med
1475 2021 178 36 afseende
1682 2023 48 46 på
1758 2021 63 35 be-

224 2081 261 36 skaffenheten
515 2079 40 35 af
580 2078 410 48 tillsyningsmannens
1018 2074 173 49 göromål
1217 2074 108 36 torde
1347 2087 45 22 en
1416 2072 213 47 ersättning
1649 2073 42 35 af
1707 2072 110 48 högst

226 2133 107 47 tjugo
377 2132 140 34 kronor
558 2130 11 35 i
612 2129 188 36 månaden
838 2128 11 35 i
887 2127 45 36 de
968 2127 104 35 flesta
1104 2125 66 37 fall
1199 2138 90 22 vara
1318 2124 218 48 tillräcklig,
1568 2136 86 23 men
1683 2123 137 36 under-

225 2183 189 46 stundom,
435 2181 181 37 särskildt
635 2180 62 36 vid
719 2185 118 32 större
858 2178 237 49 bryggerier,
1118 2177 67 36 där
1206 2176 124 48 brygd
1352 2175 253 36 förekommer
1625 2174 195 48 dagligen,

228 2236 69 35 kan
327 2239 121 31 större
479 2232 153 37 arfvode
662 2232 165 36 behöfva
854 2230 158 46 lämnas,
1043 2229 67 36 och
1143 2229 67 35 har
1226 2228 126 35 därför
1372 2226 231 47 föreslagits,
1625 2231 56 30 att
1701 2228 41 33 så
1762 2240 56 21 må

317 2294 67 32 Bih.
410 2295 49 29 till.
488 2292 106 32 Riksd.
623 2292 84 31 Prot.
740 2293 88 30 1903.
875 2293 19 29 5
921 2291 95 30 Saml.
1049 2291 13 29 1
1093 2288 73 40 Afd.
1193 2290 41 30 44
1262 2287 80 41 Hiäft
1761 2287 17 28 2
