2121 2657
346 209 17 27 2
833 205 267 42 Lag-Utskottets
1129 206 173 33 Utlåtande
1324 206 62 32 N:o
1409 209 28 29 6.

427 293 81 36 Den
534 295 53 34 uti
613 294 259 44 propositionen
900 294 226 35 omförmälda
1153 294 206 45 förordning
1387 294 39 35 af
1437 295 65 33 den
1520 295 44 34 29
1583 292 203 46 September
1817 295 96 34 1874

300 347 101 44 lyder
428 357 70 25 som
525 346 116 46 följer:

305 552 128 40 Kongl.
470 549 118 44 Maj:ts
622 550 129 40 nådiga
785 549 228 40 Förordning
1046 549 181 40 angående
1262 549 172 40 åtgärder
1468 549 60 32 till
1551 548 297 32 förekommande
1875 548 41 32 af

436 602 249 34 öfverdrifven
720 601 216 40 afverkning
962 602 20 31 å
1005 600 163 41 ungskog
1191 600 95 32 inom
1310 600 240 33 Norrbottens
1575 600 76 39 län;
1686 604 100 35 gifven
1812 602 99 30 Stock-

436 660 93 28 holms
553 657 79 30 Slott
655 658 52 29 den
734 659 38 27 29
796 656 172 38 September
995 656 88 29 1874.

434 846 68 35 WwI
542 845 174 45 OSCAR,
756 846 77 33 med
874 843 98 36 Guds
1003 842 114 46 Näåde,
1147 843 175 46 Sveriges,
1350 843 150 45 Norges,
1530 842 109 36 Götes
1667 844 64 33 och
1757 842 155 35 Wendes

301 898 166 45 Konung,
508 901 82 42 göre
630 897 180 44 veterligt:
855 897 58 33 det
942 896 33 35 vi
1002 893 92 47 uppå
1121 895 220 45 Riksdagens
1368 892 241 47 underdåniga
1637 894 144 44 förslag,
1810 895 102 35 hvar-

302 951 99 35 öfver
438 950 56 34 Wi
525 950 81 34 hört
642 947 37 36 så
706 950 59 33 väl
792 948 41 34 de
861 948 171 34 särskilda
1060 948 249 34 kommunerna
1336 947 11 34 i
1374 946 236 35 Norrbottens
1637 947 57 33 län
1723 956 69 24 som
1822 943 91 36 Wär

302 1001 138 45 Högsta
480 1000 170 43 Domstol,
691 1000 117 34 funnit
846 1000 84 43 godt
969 1001 54 32 att
1055 998 54 34 för
1136 999 41 34 de
1205 999 96 34 delar
1328 998 39 34 af
1391 999 150 33 nämnda
1568 998 69 43 län,
1667 1008 70 23 som
1766 996 29 45 ej
1826 997 86 33 höra

301 1054 54 34 till
381 1052 259 44 Lappmarken,
669 1052 11 34 i
707 1049 109 37 nåder
843 1051 124 44 stadga
996 1060 70 24 som
1093 1050 117 45 följer:

1064 1185 20 46 8
1106 1163 41 74 1.

438 1291 186 43 Barrträd,
666 1301 82 32 som,
790 1289 90 35 efter
919 1290 94 35 hvad
1045 1289 65 34 här
1142 1289 114 34 nedan
1285 1289 10 34 i
1323 1288 22 46 8
1375 1291 19 32 2
1424 1293 90 40 sägs,
1543 1292 41 31 är
1611 1291 54 32 att
1693 1298 82 24 anse
1803 1284 110 37 såsom

304 1341 246 46 undermåligt,
579 1339 55 37 må
661 1342 88 43 icke,
779 1341 11 34 i
816 1342 87 33 form
933 1340 39 35 af
995 1341 117 43 rundt,
1140 1340 112 34 biladt
1279 1341 84 33 eller
1391 1337 125 47 sågadt
1542 1340 113 43 virke,
1684 1339 54 34 till
1765 1339 47 33 in-
1833 1338 83 34 eller

303 1395 166 34 utländsk
510 1396 55 32 ort
605 1394 149 42 skeppas
788 1393 85 33 eller
898 1392 12 33 i
936 1392 122 44 fartyg
1085 1392 147 33 inlastas
1261 1392 83 33 eller
1371 1391 60 36 vid
1457 1392 232 44 lastageplats
1716 1390 54 34 till
1796 1389 118 35 inlast-

302 1446 86 43 ning
428 1446 195 42 uppläggas
663 1444 63 34 och
760 1443 30 44 ej
826 1444 110 33 heller
975 1443 54 34 till
1060 1443 119 43 plank,
1212 1443 127 33 bräder
1367 1443 84 33 eller
1479 1445 108 31 annat
1616 1442 113 44 dylikt
1756 1438 159 46 försågas

305 1497 83 34 eller
415 1496 140 44 intagas
582 1495 92 34 inom
701 1491 272 47 såginrättning,
1002 1494 11 33 i
1042 1491 175 46 sågränna
1245 1494 84 34 eller
1356 1493 89 35 inom
1476 1491 150 46 område,
1647 1503 71 24 som
1736 1493 180 43 begagnas

304 1548 56 33 till
386 1545 155 46 sågplats
570 1547 83 33 eller
681 1543 174 46 sågbacke
882 1545 60 33 vid
969 1542 261 46 såginrättning
1257 1545 39 33 af
1320 1545 94 33 hvad
1440 1544 243 35 beskaffenhet
1710 1553 72 24 som
1812 1543 102 42 helst,

307 1598 64 34 allt
398 1598 59 34 vid
483 1595 135 46 påföljd
646 1598 53 32 att
726 1596 119 35 virket
872 1598 100 41 tages
999 1595 11 34 i
1037 1596 121 43 beslag
1187 1596 63 34 och
1278 1596 116 33 dömes
1420 1595 186 44 förbrutet,
1635 1592 37 37 så
1699 1594 106 34 framt
1825 1593 89 40 icke,

307 1646 45 47 på
379 1651 69 32 sätt
477 1649 11 33 i
516 1647 22 46 $
567 1649 19 33 3
616 1647 155 44 stadgas,
800 1646 237 44 vederbörligt
1064 1644 158 36 tillstånd
1237 1650 40 30 är
1291 1645 112 45 gifvet
1417 1647 55 33 till
1485 1648 136 33 trädets
1636 1645 213 43 afverkning
1863 1644 55 34 för

310 1700 196 43 skeppning
534 1699 85 34 eller
648 1696 158 46 sågning.
861 1697 103 35 Dock
990 1707 86 25 vare
1103 1697 286 44 hemmansegare
1417 1698 85 33 eller
1529 1696 64 37 åbo
1622 1697 30 44 ej
1682 1696 149 35 förment
1851 1697 65 41 att,

309 1750 105 35 äfven
454 1753 87 31 utan
582 1746 125 37 sådant
739 1746 169 46 tillstånd,
943 1748 39 34 af
1006 1749 215 33 hemmanets
1248 1749 97 43 skog,
1373 1748 55 34 till
1456 1748 252 45 oundgängligt
1734 1746 182 44 husbehof,

308 1799 73 37 låta
409 1801 60 35 vid
496 1798 133 47 gården
657 1797 84 47 såga
770 1800 60 34 och
861 1799 161 35 använda
1049 1797 235 46 undermåligt
1310 1800 112 34 virke.

1066 1935 20 46 8
1108 1912 42 75 2.

440 2038 106 35 Mom.
580 2040 29 33 1.
665 2036 120 36 Såsom
825 2035 235 47 undermåligt
1100 2048 101 24 anses
1241 2038 91 43 träd,
1374 2048 71 24 som
1486 2036 190 36 afverkadt
1708 2035 30 45 ej
1768 2033 149 37 håller
1900 2029 22 57 i

308 2090 296 44 genomskärning
635 2089 105 34 minst
770 2091 18 32 7
818 2089 221 34 decimaltum
1071 2086 45 47 på
1144 2091 51 32 ett
1223 2086 141 37 afstånd
1392 2088 39 35 af
1458 2090 43 32 16
1530 2088 51 34 fot
1608 2086 79 36 från
1715 2087 200 35 storändan.

307 2141 73 35 Vid
407 2141 105 43 sagde
540 2138 88 37 mått
654 2138 56 36 får
736 2140 31 44 ej
796 2141 135 33 barken
957 2140 221 34 inberäknas.

440 2191 106 35 Mom.
578 2193 31 33 2.
664 2190 55 35 Af
755 2191 91 43 träd,
887 2201 72 23 som
991 2192 133 33 lemnar
1150 2201 74 24 mer
1251 2194 45 31 än
1324 2201 42 24 en
1393 2188 175 47 sågstock,
1596 2186 56 37 må
1678 2189 135 35 trädets
1841 2187 73 35 öfre

307 2243 56 33 del
403 2244 85 33 eller
527 2243 229 43 toppstocken
798 2242 29 44 ej
870 2242 165 34 hänföras
1076 2242 53 34 till
1168 2239 236 47 undermåligt
1430 2241 101 36 virke
1560 2240 63 34 och
1651 2237 111 38 såsom
1790 2236 126 37 sådant

304 2296 104 41 tagas
435 2294 11 33 i
473 2294 132 43 beslag,
635 2294 61 33 der
723 2294 58 33 det
808 2293 157 43 tydligen
992 2293 96 35 visar
1115 2293 53 43 sig
1195 2294 85 33 eller
1307 2291 250 46 ådagalägges,
1587 2293 51 32 att
1668 2291 58 35 det
1753 2291 101 35 virke
1873 2293 41 30 är
