2228 2628
400 194 39 30 14
838 193 406 33 Konstibutionsutskottets
1266 195 168 31 utlåtande
1456 195 53 30 Nr
1530 198 50 28 21.

398 279 150 36 munala
576 277 143 37 arbetet
747 278 83 37 icke
859 279 102 35 alltid
991 281 58 34 stå
1077 279 55 36 till
1160 279 108 46 buds,
1286 279 63 36 det
1377 282 117 34 måste
1522 292 109 24 anses
1657 293 80 23 som
1757 294 46 22 en
1823 282 170 48 nackdel,

397 335 66 41 att,
493 343 59 22 om
581 342 47 23 en
656 330 102 36 inom
801 343 124 23 annan
953 336 57 31 ort
1037 330 60 37 för
1124 330 133 37 sådant
1298 331 126 37 arbete
1465 331 149 36 använd
1653 345 138 35 person
1827 333 166 49 inflyttat

398 382 88 35 eller
513 383 140 45 någon,
682 395 81 23 som
790 385 49 45 på
866 382 123 48 grund
1018 396 46 22 av
1083 382 189 49 offentligt
1296 384 174 48 uppdrag
1488 383 161 48 nödgats
1668 389 143 44 avsäga
1831 385 59 47 sig
1910 385 84 36 full-

397 432 288 50 mäktigskapet,
729 436 77 33 åter
846 434 127 36 ställes
1014 434 56 36 till
1112 434 235 49 förfogande,
1390 435 62 36 det
1492 438 117 33 måste
1650 435 105 49 dröja
1792 449 47 23 en
1875 439 119 46 något

397 485 130 47 längre
564 484 65 47 tid,
657 485 116 36 innan
814 499 87 22 man
942 485 74 36 kan
1056 491 89 43 taga
1172 499 46 23 en
1247 486 105 49 dylik
1393 500 139 35 person
1559 487 12 35 i
1600 488 161 48 anspråk
1799 488 57 36 för
1888 488 106 36 kom-

397 536 420 50 munalförvaltningen.

501 587 148 37 Sådana
676 589 66 35 fall
771 589 108 36 torde
907 589 207 36 emellertid
1142 602 90 23 vara
1255 589 279 49 jämförelsevis
1563 591 181 48 sällsynta
1772 591 70 36 och
1861 591 129 36 kunna

396 639 169 49 tydligen
607 640 31 48 ej
683 654 109 23 anses
830 654 91 23 vara
949 654 46 22 av
1024 640 71 37 den
1124 641 91 48 vikt,
1245 647 56 30 att
1329 642 44 36 de
1402 642 119 36 skulle
1549 642 37 36 få
1613 648 136 43 utgöra
1776 642 132 37 hinder
1934 643 59 37 för

397 691 70 36 den
496 691 222 49 ifrågasatta
746 692 279 49 förändringen.

499 743 52 36 På
579 744 122 48 grund
730 757 48 23 av
807 743 62 37 det
896 744 157 36 sålunda
1095 744 156 36 anförda
1290 745 123 36 finner
1445 745 70 48 jag
1541 745 80 48 mig
1648 745 125 37 därför
1800 746 91 36 böra
1919 746 73 36 till-

397 795 129 48 styrka
557 795 205 49 ändringar
789 809 47 22 av
865 796 328 36 bestämmelserna
1233 797 103 35 såväl
1378 810 60 23 om
1466 797 418 49 landstingsmannaval
1911 811 81 23 som

397 859 60 23 om
486 846 385 49 stadsfullmäktigval
899 848 11 35 i
938 848 117 36 sådan
1083 848 181 48 riktning,
1295 854 56 30 att
1379 848 72 36 den
1479 849 211 36 successiva
1710 850 215 48 förnyelsen
1945 863 47 22 av

398 898 107 36 dessa
532 898 284 49 korporationer
851 900 159 48 upphör,
1044 899 96 36 dock
1167 900 84 36 med
1281 900 46 36 de
1356 900 204 49 ändringar
1588 901 12 35 i
1627 901 106 48 fråga
1762 914 61 23 om
1852 902 141 35 antalet

397 949 341 49 stadsfullmäktige
780 951 70 36 och
898 951 414 49 valkretsindelningen
1361 952 63 36 vid
1474 952 394 49 stadsfullmäktigval,
1911 966 81 23 som

396 1015 91 35 nyss
515 1002 110 36 blivit
653 1002 257 37 omförmälda.

499 1053 73 37 Det
600 1054 66 36 har
705 1054 232 48 ifrågasatts,
979 1060 53 30 att
1060 1055 280 49 inskränkning
1368 1055 12 36 i
1408 1055 45 36 de
1480 1055 239 37 kommunala
1747 1056 245 49 valkampan-

392 1105 109 48 jerna
529 1106 119 36 skulle
675 1106 128 36 kunna
831 1107 66 36 ske
924 1109 47 46 på
1000 1120 124 22 annan
1152 1112 76 43 väg
1255 1112 49 31 än
1324 1107 74 36 den
1417 1121 50 22 nu
1494 1121 47 22 av
1560 1108 80 48 mig
1658 1108 209 48 förordade,
1888 1113 104 31 näm-

395 1156 103 49 ligen
526 1170 138 35 genom
693 1158 244 48 förlängning
964 1172 46 22 av
1038 1158 269 47 mandattiden,
1324 1159 12 35 i
1355 1159 116 36 vilket
1490 1159 65 36 fall
1574 1159 71 36 den
1665 1159 133 36 hittills
1817 1159 176 49 gällande

394 1209 130 47 regeln
566 1222 61 23 om
668 1210 212 36 successiva
913 1210 113 48 nyval
1055 1209 58 37 för
1141 1210 143 36 hälften
1314 1223 47 23 av
1387 1210 281 37 vederbörande
1695 1211 298 49 representation

397 1261 104 45 varje
541 1264 105 45 gång
685 1261 127 36 kunde
854 1262 163 36 kvarstå.
1075 1261 56 36 Då
1172 1262 118 47 enligt
1332 1261 62 37 det
1425 1262 149 36 vilande
1600 1262 393 50 grundlagsförslaget

397 1311 399 38 andrakammarvalen
838 1313 119 36 skulle
998 1313 152 36 komma
1190 1318 53 31 att
1270 1313 173 36 förrättas
1475 1319 82 30 vart
1584 1314 119 49 fjärde
1732 1317 50 45 år,
1811 1314 107 37 torde
1946 1328 46 23 en

397 1363 243 49 förlängning
680 1378 46 22 av
768 1364 103 37 tiden
899 1365 57 36 för
984 1365 46 36 de
1058 1365 241 36 kommunala
1326 1365 213 48 mandaten,
1569 1366 57 36 för
1654 1371 53 31 att
1734 1366 32 48 ej
1798 1366 195 36 motverka

398 1415 115 49 syftet
540 1416 85 36 med
654 1416 46 36 de
728 1417 215 47 föreslagna
970 1416 264 48 ändringarna,
1265 1417 92 36 böra
1399 1417 183 36 innefatta
1601 1431 46 23 en
1665 1418 262 48 utsträckning
1947 1432 46 22 av

397 1466 123 37 denna
548 1468 53 35 tid
630 1468 55 35 till
712 1471 77 33 åtta
816 1471 50 33 år.
923 1468 77 36 Mot
1028 1473 52 31 ett
1109 1468 120 49 dylikt
1255 1468 265 42 utsträckande
1548 1482 48 23 av
1622 1469 259 37 mandattiden
1900 1470 94 35 talar

397 1519 206 36 emellertid
640 1519 73 36 vad
753 1520 12 35 i
808 1520 202 35 allmänhet
1051 1520 151 36 anföres
1242 1525 80 31 mot
1362 1521 112 47 långa
1513 1521 246 47 valperioder,
1801 1522 191 47 nämligen

397 1575 53 30 att
476 1571 534 47 representantförsamlingen
1042 1571 83 36 icke
1153 1571 170 36 kommer
1351 1577 52 30 att
1429 1585 90 22 vara
1547 1577 53 31 ett
1626 1572 216 48 tillräckligt
1870 1578 123 43 troget

395 1622 151 49 uttryck
573 1622 58 36 för
659 1622 297 48 folkmeningen,
986 1635 82 24 som
1092 1623 44 48 ju
1163 1623 119 36 under
1311 1625 41 34 så
1379 1623 89 48 lång
1493 1623 55 45 tid
1574 1624 75 35 kan
1668 1624 98 36 hava
1784 1624 132 36 ändrat
1934 1625 59 48 sig

396 1673 198 50 betydligt.
639 1674 72 36 Det
729 1674 74 36 kan
823 1675 31 48 ej
877 1675 114 35 heller
1010 1674 186 46 förnekas,
1217 1680 55 30 att
1291 1677 75 33 åtta
1386 1678 39 33 år
1451 1680 95 31 även.
1558 1689 42 22 ur
1619 1676 117 36 andra
1755 1677 237 49 synpunkter

396 1730 41 31 är
474 1739 46 23 en
561 1726 65 35 allt
667 1726 56 36 för
756 1726 90 48 lång
873 1726 54 36 tid
955 1726 57 36 för
1039 1726 242 36 kommunala
1308 1726 163 36 mandat.
1528 1727 71 37 Om
1627 1728 11 35 i
1667 1741 47 22 en
1742 1728 54 35 tid
1824 1742 47 22 av
1897 1728 96 36 brist

396 1780 49 45 på
486 1777 155 48 dugliga
676 1777 222 37 kandidater
934 1778 54 35 till
1016 1778 214 48 fullmäktig
1256 1779 98 50 valts
1383 1791 45 23 en
1457 1792 150 35 person,
1637 1792 80 23 som
1747 1779 115 37 sedan
1891 1780 103 36 visar

397 1829 61 48 sig
485 1829 145 36 mindre
658 1829 169 49 lämplig,
857 1832 40 34 så
925 1829 130 47 skulle,
1085 1843 61 22 om
1174 1829 257 37 mandattiden
1458 1843 89 24 vore
1576 1834 75 33 åtta
1678 1834 50 42 år,
1759 1831 62 36 det
1847 1845 145 35 uppen-

396 1880 170 48 barligen
593 1880 152 37 komma
773 1887 53 30 att
858 1881 106 49 dröja
992 1881 125 36 alltför
1143 1882 89 47 lång
1259 1882 65 47 tid,
1353 1882 115 36 innan
1496 1882 73 36 han
1597 1882 125 37 kunde
1748 1883 104 36 bliva
1879 1889 114 31 ersatt

396 1932 84 36 med
522 1935 126 45 någon
689 1946 136 22 annan.
881 1933 57 36 Då
978 1947 88 22 man
1102 1933 126 37 vidare
1256 1936 121 33 måste
1404 1934 176 47 beräkna,
1610 1940 52 30 att
1688 1935 120 36 under
1836 1938 41 33 så
1904 1935 90 48 lång

396 1983 54 36 tid
491 1997 80 23 som
614 1986 75 33 åtta
730 1987 41 33 år
801 1984 12 36 i
843 1997 46 23 en
917 1985 140 47 mängd
1086 1985 64 36 fall
1179 1985 186 36 ordinarie
1392 1985 204 37 ledamöter
1622 1986 150 36 komme
1801 1992 54 30 att
1882 1990 109 44 avgå,

397 2035 71 36 och
496 2035 47 36 då
571 2036 260 37 erfarenheten
858 2036 111 48 visar,
998 2041 54 31 att
1079 2036 62 37 det
1169 2037 77 36 ofta
1273 2037 83 36 icke
1384 2043 40 30 är
1451 2038 67 35 lätt
1545 2043 53 30 att
1625 2038 37 36 få
1680 2039 180 48 lämpliga
1878 2052 114 22 namn

396 2090 48 46 på
472 2087 411 49 efterträdarplatserna
910 2091 21 33 å
957 2088 246 47 valsedlarna,
1233 2094 40 30 är
1302 2089 79 35 fara
1407 2094 93 42 värt,
1520 2094 53 31 att
1595 2089 165 37 kvalitén
1779 2090 70 36 hos
1868 2103 124 36 repre-

397 2139 465 48 sentantförsamlingarna
903 2140 150 36 komme
1081 2145 54 31 att
1162 2146 175 31 avsevärt
1365 2141 168 36 minskas
1560 2154 138 35 genom
1727 2154 48 24 en
1803 2142 105 49 dylik
1934 2148 57 30 ut-

397 2191 218 48 sträckning
642 2204 47 22 av
716 2191 269 37 mandattiden.
1040 2192 77 48 Jag
1143 2192 75 36 kan
1244 2195 48 47 på
1322 2192 110 37 dessa
1457 2193 164 48 grunder
1648 2193 82 37 icke
1750 2194 145 36 ansluta
1914 2194 79 48 mig

396 2242 55 35 till
493 2242 179 48 förslaget
712 2256 61 23 om
816 2256 47 23 en
898 2243 244 49 förlängning
1168 2258 47 22 av
1234 2244 269 37 mandattiden.
1559 2244 250 37 Uttalandena
1837 2246 79 35 från
1946 2245 45 37 de

396 2294 116 36 hörda
553 2294 313 49 myndigheterna
907 2295 70 36 och
1012 2295 334 49 korporationerna
1378 2299 49 45 gå
1449 2296 45 49 ju
1522 2297 112 36 också
1662 2297 150 49 avgjort
1840 2303 77 31 mot
1945 2310 46 23 en

397 2346 114 36 sådan
539 2345 173 50 ändring.
