2214 2594
385 204 19 31 2
832 202 347 33 Jordbruksutskottets
1201 201 171 32 utlåtande
1394 200 53 31 Nr
1470 201 56 31 52.

491 285 144 35 Statens
664 283 233 36 verksamhet
920 283 56 35 för
1004 281 306 47 fiskerinäringen
1334 294 106 35 synes
1464 280 293 47 huvudsakligen
1780 281 88 35 böra
1886 281 93 36 hava

383 338 58 36 till
465 337 147 48 uppgift
641 337 75 35 dels
746 340 54 32 att
829 336 252 48 systematiskt
1104 335 150 36 bedriva
1273 335 315 47 undersökningar
1608 339 85 31 över
1713 335 44 34 de
1777 334 98 35 olika
1893 334 86 36 fisk-

384 396 161 31 arternas
589 391 225 35 levnadssätt
856 391 66 34 och
947 395 84 30 över
1060 390 43 34 de
1133 389 172 43 faktorer,
1337 401 75 23 som
1440 389 154 35 inverka
1623 388 122 46 därpå,
1773 388 76 35 dels
1874 388 67 35 ock
1965 387 14 35 i

384 445 117 46 övrigt
525 447 54 33 att
602 444 145 46 vidtaga
771 443 174 47 lämpliga
972 443 168 47 åtgärder
1164 442 56 36 till
1240 442 325 47 fiskerinäringens
1586 441 162 35 fromma.
1789 442 73 34 Det
1882 441 97 35 förra

382 498 411 36 verksamhetsområdet
817 509 106 35 synes
947 509 86 23 vara
1062 496 157 36 särdeles
1239 495 146 48 viktigt.
1432 496 53 47 Ty
1505 496 127 35 endast
1652 507 126 35 genom
1799 494 178 47 ingående

383 551 311 47 undersökningar
712 551 75 35 kan
807 563 84 22 man
909 550 136 35 erhålla
1065 550 70 35 den
1154 550 183 45 kunskap,
1359 561 74 24 som
1453 549 75 35 kan
1547 548 100 36 bilda
1665 561 46 22 en
1731 548 106 35 säker
1856 548 121 47 grund

382 606 56 35 för
474 605 128 36 fiskets
638 604 190 36 rationella
857 603 242 48 utnyttjande.
1157 603 107 35 Utom
1289 603 45 35 de
1363 603 157 35 nämnda
1543 602 279 46 vetenskapliga
1846 602 129 34 under-

382 659 246 47 sökningarna
669 659 89 34 höra
792 658 58 34 till
883 658 99 34 detta
1005 656 192 36 arbetsfält
1224 656 276 48 hydrografiska
1529 654 328 48 undersökningar,
1887 667 89 34 upp-

382 713 176 35 sökandet
592 724 43 24 av
669 724 73 35 nya
775 707 305 76 fångstområden,
1112 710 121 47 frågor
1256 722 58 23 om
1339 709 247 43 minimimått,
1617 708 236 48 fridlysning,
1884 708 93 35 föro-

381 766 129 47 rening
533 778 45 23 av
605 765 217 36 fiskevatten
851 768 66 31 etc.

486 820 103 34 Inom
619 819 60 35 det
702 830 126 24 senare
857 817 411 36 verksamhetsområdet
1292 816 89 35 falla
1403 819 25 33 t.
1460 828 56 23 ex.
1549 815 141 36 arbetet
1719 815 56 35 för
1803 814 95 36 ökad
1918 827 58 23 av-

381 872 163 47 gättning
567 873 67 35 och
658 871 233 36 konsumtion
920 883 43 23 av
991 870 83 44 fisk,
1105 870 123 35 försök
1256 870 82 35 med
1361 882 73 35 nya
1460 869 241 46 fiskredskap,
1734 868 167 47 åtgärder
1919 868 58 35 till

380 926 266 36 förbättrandet
680 938 44 23 av
766 923 416 48 fiskarebefolkningens
1225 923 188 47 ställning,
1452 922 184 48 juridiska
1676 922 121 47 frågor
1821 922 155 35 rörande

381 980 106 35 fisket
515 992 30 23 0.
577 992 27 23 8.
632 991 32 23 Vv.

486 1033 88 36 Ofta
596 1033 101 35 torde
726 1032 44 35 de
793 1032 94 35 båda
914 1031 194 35 områdena
1135 1029 56 36 för
1220 1030 118 34 denna
1366 1041 52 22 nu
1445 1028 93 36 blott
1563 1028 162 47 antydda
1742 1027 234 36 verksamhet

380 1089 130 45 övergå
534 1086 13 35 i
572 1086 186 36 varandra.

485 1141 88 34 Med
602 1140 43 35 de
669 1152 49 22 nu
738 1138 205 37 skisserade
962 1136 238 48 uppgifterna
1219 1136 57 35 för
1295 1138 140 33 statens
1455 1133 424 37 fiskeriadministration
1898 1146 76 23 som

380 1193 277 48 utgångspunkt
680 1193 102 35 torde
802 1193 72 34 den
892 1191 210 36 nuvarande
1123 1189 312 47 organisationens
1454 1188 214 47 lämplighet
1687 1188 87 35 böra
1793 1187 179 36 bedömas.

379 1248 101 35 Inom
509 1248 45 34 de
579 1259 65 24 sex
667 1213 535 83 fiskeriintendentsdistrikten
1226 1243 101 35 torde
1355 1242 58 36 till
1442 1245 74 32 stor
1544 1242 59 34 del
1626 1241 181 35 likartade
1840 1241 135 35 arbets-

378 1300 187 48 uppgifter
602 1299 184 47 föreligga.
846 1299 46 36 Så
927 1298 222 35 förekomma
1172 1296 209 60 säkerligen
1409 1295 96 35 inom
1535 1295 72 35 alla
1632 1294 197 36 distrikten
1853 1294 122 47 frågor

377 1355 152 35 rörande
554 1352 376 47 vattenföroreningar
953 1352 66 35 och
1039 1350 167 44 laxfiske,
1231 1349 97 36 inom
1349 1349 72 35 alla
1440 1347 287 37 kustdistrikten
1743 1348 132 46 frågor,
1898 1360 74 23 som

377 1408 127 36 beröra
527 1407 170 36 sillfisket
721 1419 30 23 o.
779 1418 28 24 g.
835 1419 33 23 v.
912 1405 57 36 En
997 1404 323 36 fiskeriintendent
1348 1403 55 35 får
1431 1402 139 36 således
1591 1402 44 35 de
1659 1404 94 33 mest
1772 1401 204 36 olikartade

377 1461 120 47 frågor
532 1460 57 48 sig
624 1460 195 47 förelagda,
853 1471 44 24 av
931 1458 100 36 vilka
1059 1458 88 35 flera
1171 1457 195 36 förutsätta
1388 1468 45 23 en
1461 1455 203 48 betydande
1688 1453 283 49 specialisering.

376 1515 70 35 För
469 1517 53 33 att
546 1514 84 35 fullt
657 1517 183 32 motsvara
864 1513 44 34 de
932 1512 100 43 krav,
1064 1524 76 23 som
1163 1509 306 47 fiskerinäringen
1487 1522 52 22 nu
1558 1509 125 35 ställer
1702 1511 47 44 på
1768 1521 46 22 en
1833 1508 141 36 fiskeri-

376 1568 231 48 tjänsteman,
642 1570 112 33 måste
787 1567 75 34 han
891 1578 84 23 vara
1003 1566 133 45 zoolog,
1167 1564 170 43 botanist,
1364 1562 144 44 kemist,
1533 1562 209 48 hydrograf,
1769 1562 114 47 jurist
1907 1563 66 34 och

377 1622 181 35 dessutom
601 1621 93 35 hava
731 1619 171 48 praktisk
942 1619 208 35 erfarenhet
1176 1617 15 36 i
1214 1617 116 48 själva
1353 1616 250 47 fiskareyrket.
1662 1616 72 34 Det
1763 1621 40 29 är
1826 1616 69 34 lätt
1919 1618 54 33 att

376 1675 123 43 förstå,
545 1678 53 33 att
636 1674 99 35 detta
779 1679 39 30 är
856 1672 172 48 omöjligt.
1087 1672 73 35 Det
1194 1676 39 30 är
1257 1671 183 35 dessutom
1469 1682 45 23 en
1538 1668 329 47 misshushållning
1891 1669 82 34 med

375 1728 233 44 arbetskraft,
635 1731 53 32 att
706 1726 410 37 fiskeriintendenterna
1144 1724 75 36 ofta
1242 1724 37 35 få
1308 1724 125 35 arbeta
1461 1725 46 44 på
1530 1734 136 25 samma
1685 1722 87 35 eller
1791 1722 182 35 likartade

376 1782 157 47 problem
560 1783 66 34 och
654 1782 59 34 det
742 1780 176 47 tämligen
942 1779 200 36 oberoende
1167 1791 44 23 av
1240 1778 189 35 varandra.

481 1836 91 34 Helt
605 1834 90 37 visst
731 1834 119 36 skulle
875 1832 439 48 fiskeritjänstemännens
1344 1830 122 36 arbete
1494 1828 84 48 giva
1602 1831 53 33 ett
1683 1829 146 47 mycket
1853 1829 120 35 bättre

374 1889 163 40 resultat,
569 1901 55 23 om
654 1889 44 34 de
726 1889 99 45 finge
853 1886 146 36 tillfälle
1028 1889 55 32 att
1101 1884 231 48 specialisera
1351 1883 56 47 sig
1427 1885 46 44 på
1492 1883 98 35 olika
1610 1883 99 35 delar
1730 1895 44 23 av
1795 1883 61 34 det
1875 1887 97 31 stora

375 1943 237 35 arbetsfältet.
671 1942 56 34 En
756 1942 113 35 sådan
898 1938 330 47 arbetsfördelning
1247 1938 214 35 förutsätter
1481 1937 92 35 dbck
1593 1937 84 34 med
1696 1935 275 47 nödvändighet

374 2009 46 23 en
445 1995 275 47 centralisering
744 2007 44 23 av
813 1992 479 43 fiskeriadministrationen,
1324 1993 39 33 så
1392 1993 53 33 att
1474 1990 69 35 den
1572 1990 142 35 komme
1734 1992 53 33 ett
1806 1990 99 34 bilda
1925 2002 45 22 en

375 2048 357 44 centralinstitution,
758 2048 99 36 inom
882 2047 125 37 vilken
1026 2047 45 35 de
1091 2046 98 35 olika
1208 2045 296 48 tjänstemännen
1523 2044 118 34 skulle
1662 2044 94 35 hava
1775 2046 53 32 att
1848 2043 124 35 arbeta

374 2106 45 43 på
438 2103 120 36 skilda
578 2103 97 35 delar
694 2115 43 23 av
758 2099 484 38 fiskeriadministrationens
1263 2098 264 35 arbetsområde
1542 2100 88 32 utan
1651 2100 54 32 att
1724 2109 86 23 vara
1821 2097 149 34 bundna

372 2157 57 35 till
457 2156 180 36 särskilda
661 2155 160 36 distrikt.
878 2155 104 35 Inom
1007 2166 45 22 en
1076 2154 112 35 sådan
1208 2151 275 36 centralanstalt
1502 2151 120 35 skulle
1642 2150 92 35 först
1753 2151 66 34 och
1841 2150 129 35 främst

371 2209 321 37 saltvattensfisket
720 2209 68 35 och
813 2207 359 37 färskvattensfisket
1200 2205 127 48 skiljas
1356 2207 46 33 åt.
1447 2204 177 47 Möjligen
1651 2204 119 35 skulle
1794 2204 61 34 det
1884 2215 85 23 vara

373 2263 209 47 lämpligast
620 2266 52 32 att
709 2263 163 46 förlägga
905 2262 102 35 dessa
1036 2261 93 35 båda
1156 2259 117 36 fisken
1302 2258 59 36 till
1385 2270 62 24 var
1476 2257 57 36 sin
1557 2257 219 36 institution.
1831 2256 139 36 Härför
