2185 2704
718 186 128 30 Banko-
860 174 183 51 Utskottets
1062 184 206 31 Betänkande
1297 184 62 29 N:o
1394 178 48 35 I7.

988 708 96 39 N:o
1112 707 80 42 I;

1097 861 68 25 Ank.
1186 863 38 23 till
1245 864 87 23 Riksd.
1353 863 90 24 Kansli
1465 864 47 24 den
1533 866 13 21 9
1567 864 75 31 April
1661 864 34 23 kl.
1716 867 14 20 4
1750 872 22 17 e.
1792 873 32 15 m.

592 1030 13 7 -
634 1005 217 36 Betänkande,
883 1005 139 30 rörande
1053 1005 86 30 Herr
1174 1005 38 30 PP.
1255 1005 209 31 Ehrenheins
1492 1007 119 29 motion
1638 1017 49 19 om
1712 1007 133 38 pension
1859 1006 34 30 åt

832 1056 169 31 Kassören
1036 1056 223 31 Löwenadlers
1288 1058 88 29 cnka.

436 1205 17 35 I
483 1205 130 36 motion
642 1205 65 35 N:o
736 1206 58 45 48,
822 1205 106 34 väckt
956 1205 10 34 i
994 1205 125 35 Första
1146 1204 227 48 Kammaren,
1403 1205 64 35 har
1497 1206 93 36 Herr
1625 1211 39 29 P.
1695 1211 195 31 Ehrenheim

282 1257 181 46 föreslagit
504 1256 197 48 beviljande
744 1256 37 35 af
805 1268 43 22 en
876 1255 89 47 årlig
993 1256 147 47 pension
1168 1257 35 34 åt
1230 1256 180 36 Kassören
1437 1257 38 34 F.
1512 1258 249 35 Löwenadlers
1789 1258 102 46 enka,

280 1308 57 35 fru
382 1307 148 37 Isabella
570 1307 241 46 Löwenadler,
852 1307 83 35 född
976 1307 88 46 Feit,
1106 1307 51 35 till
1188 1307 126 49 belopp
1343 1308 38 35 af
1404 1312 49 31 ett
1480 1311 103 33 tusen
1611 1309 139 47 kronor,
1779 1313 51 32 att
1858 1309 38 35 af

280 1359 251 36 Riksbankens
559 1359 115 35 medel
714 1359 85 46 utgå
839 1358 79 35 från
946 1358 65 35 och
1039 1359 79 34 med
1145 1359 173 36 månaden
1347 1363 79 31 näst
1453 1360 88 36 efter
1569 1360 78 44 den,
1674 1361 45 35 då
1745 1361 148 35 Löwen-

280 1411 97 34 adler
416 1410 100 43 afled,
558 1410 54 35 till
654 1410 67 35 och
760 1410 80 34 med
874 1410 69 35 den
971 1410 140 46 månad,
1140 1410 45 35 då
1213 1411 57 35 det
1297 1414 128 44 yngsta
1455 1411 39 35 af
1519 1412 88 35 hans
1641 1412 252 35 efterlemnade

281 1463 87 34 barn
395 1462 107 46 fyller
531 1462 145 35 aderton
704 1462 48 35 år.

433 1513 17 34 I
491 1513 53 34 till
571 1512 182 36 Utskottet
780 1512 196 35 infordradt
1003 1512 180 35 utlåtande
1212 1512 107 35 hafva
1347 1512 238 47 Fullmäktige
1623 1535 47 4 —
1698 1515 80 35 med
1809 1513 84 35 vits-

283 1565 155 35 ordande
479 1564 39 35 af
555 1564 41 35 de
637 1564 10 34 i
687 1563 178 36 motionen
892 1563 160 35 lemnade
1085 1563 186 48 uppgifter,
1299 1567 50 32 att
1376 1564 241 47 Löwenadler,
1647 1577 74 23 som
1750 1566 11 34 i
1787 1564 105 36 Riks-

281 1616 140 34 banken
463 1615 201 47 tjenstgjort
704 1615 111 35 under
855 1627 43 22 en
938 1615 50 34 tid
1029 1615 37 34 af
1091 1615 116 34 trettio
1250 1616 48 45 år,
1339 1619 89 31 samt
1457 1616 174 35 derunder
1659 1617 39 35 så
1714 1618 58 34 väl
1799 1615 12 34 1
1838 1616 55 35 sin

282 1666 230 46 tienstgöring
552 1678 73 23 som
654 1666 11 34 i
693 1666 59 35 sitt
780 1665 160 35 enskilda
967 1666 43 34 lif
1034 1665 91 36 varit
1152 1667 157 34 utmärkt
1338 1666 53 35 för
1405 1667 197 46 redbarhet,
1620 1667 272 48 ordningssinne

281 1718 66 34 och
377 1717 247 46 arbetsamhet,
655 1717 57 34 vid
742 1716 59 36 sitt
828 1716 165 35 frånfälle
1022 1717 221 35 efterlemnat
1271 1729 44 23 en
1343 1717 110 47 familj
1483 1718 38 35 af
1547 1719 92 34 enka
1667 1719 66 34 och
1761 1719 132 47 fjorton

282 1769 97 43 barn,
409 1769 37 34 af
470 1768 122 35 hvilka
620 1768 58 35 det
706 1768 114 35 äldsta
848 1772 95 30 ännu
971 1768 29 47 ej
1029 1768 149 47 uppnått
1207 1770 44 33 22
1281 1769 39 34 år
1349 1768 65 35 och
1442 1769 41 35 de
1512 1770 47 34 tio
1587 1776 130 40 yngsta
1746 1775 59 31 äro
1834 1770 59 34 vid

280 1831 44 23 en
365 1820 97 35 ålder
503 1819 37 34 af
583 1819 130 35 mellan
744 1820 42 33 17
817 1818 66 35 och
911 1820 19 32 2
960 1819 47 46 år,
1037 1819 53 34 till
1118 1819 140 35 hvilkas
1286 1819 210 48 uppfostran
1525 1820 65 35 och
1618 1821 190 36 underhåll
1834 1820 58 35 vid

281 1870 142 36 fadrens
451 1870 65 35 död
547 1871 29 46 ej
605 1869 78 36 fans
716 1882 118 23 annan
861 1869 151 47 tillgång
1040 1874 45 31 än
1114 1882 42 23 en
1185 1870 239 46 lifförsäkring
1440 1871 37 35 af
1494 1873 131 45 15,000
1641 1872 130 36 kronor
1784 1874 108 46 jemte

280 1934 44 23 en
354 1921 146 48 pension
527 1921 11 34 i
566 1921 250 35 Riksbankens
849 1921 104 35 enke-
982 1921 66 35 och
1078 1921 235 48 pupill-kassa
1342 1923 19 34 å
1390 1924 71 33 600
1490 1923 130 35 kronor
1650 1946 45 2 -—
1725 1925 168 46 derjemte

281 1973 141 42 erinrat,
454 1976 51 31 att
532 1972 233 35 Löwenadler
795 1985 60 22 var
883 1984 43 24 en
953 1973 107 35 bland
1076 1973 41 35 de
1131 1973 210 46 tjenstemän
1364 1973 57 35 vid
1441 1973 313 49 hufvudkontoret,
1772 1976 123 34 hvilka

281 2025 92 35 förut
414 2024 119 35 beredt
575 2024 52 45 sig
669 2036 95 23 mera
805 2023 186 36 afsevärda
1031 2024 195 35 inkomster
1267 2037 128 34 genom
1436 2026 265 47 ombesörjande
1735 2027 38 35 af
1798 2027 96 35 låne-

282 2075 277 46 kommissioner,
588 2075 67 35 och
682 2074 133 46 hvilka,
846 2075 44 35 då
918 2075 58 35 det
1003 2075 154 47 förbjöds
1186 2076 281 46 tjenstemännen
1494 2080 51 32 att
1574 2077 133 36 befatta
1737 2078 54 47 sig
1815 2078 80 36 med

281 2127 121 47 dylika
443 2126 265 35 kommissioner
750 2126 65 35 och
855 2126 11 34 i
898 2126 118 35 stället
1053 2127 438 36 kommissions-anstalten
1518 2128 12 34 i
1559 2128 234 37 Riksbanken
1808 2142 86 36 upp-

282 2179 164 45 rättades,
487 2177 125 46 skulle,
655 2176 111 47 enligt
806 2177 200 47 föreslagna
1033 2178 67 35 och
1127 2178 190 46 godkända
1351 2179 164 46 grunder,
1543 2180 11 34 i
1581 2181 155 35 nämnda
1764 2181 131 36 anstalt

441 2243 79 30 Bih.
550 2242 52 31 tull
635 2241 114 31 Rikesd.
785 2242 91 30 Prot.
909 2238 102 35 1875.
1042 2240 21 33 6
1093 2242 101 31 Samwl.
1225 2242 19 31 1
1275 2244 78 36 Afd.
1384 2240 45 33 14
1462 2244 92 36 Ilaft.
