1880 2838
274 173 19 30 6
677 171 301 35 Statsutskottets
1002 173 187 34 memorial
1212 173 55 34 Nr
1291 176 73 32 166.

273 250 106 33 civila
413 251 371 43 statsförvaltningen,
818 252 142 34 införda
993 253 225 42 löneplanen,
1252 253 121 34 därest
1405 254 154 34 lästiden
1593 258 106 39 utgör
1723 259 42 30 39

273 304 132 33 veckor
438 304 143 42 årligen,
615 305 56 34 till
702 306 215 42 lönegraden
942 307 30 32 B
988 310 51 36 16,
1065 307 122 33 därest
1210 307 154 33 lästiden
1389 311 105 38 utgör
1518 308 91 41 36'/2
1634 309 132 33 veckor

274 357 144 42 årligen,
452 358 66 33 och
543 359 54 33 till
622 359 216 42 lönegraden
863 360 30 33 B
909 363 51 36 15,
985 360 122 33 därest
1131 360 154 34 lästiden
1309 364 106 38 utgör
1439 361 90 41 34!'/,;
1555 362 132 33 veckor
1712 363 53 33 år-

273 411 103 42 ligen,
402 416 94 29 samt
520 417 56 29 att
600 413 106 33 lönen
730 413 90 33 skall
845 413 113 34 under
974 414 97 33 förra
1088 414 139 33 hälften
1245 427 45 21 av
1307 415 250 33 kalenderåret
1576 419 85 30 1938
1678 417 88 41 utgå

272 465 47 41 på
352 468 76 30 sätt
461 466 181 33 utskottet
675 466 11 33 i
718 466 61 34 det
814 467 213 42 föregående
1063 468 140 42 angivit
1227 471 171 30 ävensom
1423 473 56 29 att
1503 468 113 34 sådan
1640 469 125 40 lärare,

273 530 77 21 som
375 519 69 33 den
470 523 15 29 1
511 518 65 43 juli
603 523 85 30 1940
714 520 161 42 åtnjuter
899 521 171 42 avlöning
1093 521 112 42 enligt
1228 522 217 41 lönegraden
1462 522 30 33 B
1508 526 51 36 15,
1577 522 90 34 skall
1685 522 80 34 från

273 572 66 33 och
363 573 83 33 med
470 572 224 35 sistnämnda
719 574 70 42 dag
812 574 201 43 uppflyttas
1038 575 55 33 till
1118 575 214 42 lönegraden
1350 576 30 32 B
1396 579 51 36 16,
1464 576 11 33 i
1492 576 176 33 samband
1685 588 80 21 var-

273 626 81 33 med
386 626 177 34 ordinarie
587 628 136 41 manlig
746 628 114 33 lärare
884 628 63 33 vid
971 628 180 34 folkskola
1175 629 140 42 ålägges
1340 641 43 21 en
1408 629 357 44 tjänstgöringsskyl-

273 679 124 42 dighet
421 691 46 21 av
491 680 92 42 lägst
607 681 92 33 36!/2
724 681 131 33 veckor
879 682 148 41 årligen;

316 736 30 30 3.
382 733 152 40 besluta,
568 739 57 28 att
658 735 179 33 ordinarie
871 735 161 42 kvinnlig
1067 736 114 33 lärare
1205 736 62 33 vid
1290 736 180 41 folkskola
1493 737 102 39 skall,
1619 737 48 42 på
1691 740 75 30 sätt

272 786 113 34 under
416 792 30 28 2.
479 787 155 42 angivits
659 788 225 34 beträffande
909 789 134 42 manlig
1067 789 113 34 sådan
1204 790 123 39 lärare,
1352 790 171 33 hänföras
1548 790 55 33 till
1627 802 139 21 samma

272 840 170 42 lönegrad
467 853 75 21 som
566 841 136 43 manlig
725 842 124 40 lärare,
874 842 92 34 dock
995 847 91 29 utan
1111 846 75 30 rätt
1210 848 57 28 att
1290 842 146 43 åtnjuta
1460 844 60 33 lön
1544 843 112 43 enligt
1680 844 85 42 hög-

272 898 57 29 sta
353 894 222 34 löneklassen
600 895 98 33 inom
722 895 268 34 vederbörande
1014 896 186 42 lönegrad;

316 950 30 30 4,
384 947 151 41 besluta,
565 953 57 29 att
646 949 180 34 ordinarie
850 949 114 34 lärare
987 950 64 33 vid
1074 950 180 33 småskola
1278 950 90 34 skall
1393 950 80 34 från
1498 950 66 34 och
1589 951 81 33 med
1696 951 69 33 den

275 1004 15 30 1
316 1000 66 42 juli
414 1004 84 30 1988
522 1002 170 33 hänföras
717 1002 54 34 till
795 1003 216 42 lönegraden
1035 1004 64 33 B9
1125 1003 11 33 i
1160 1004 256 33 ovannämnda
1439 1004 179 42 löneplan,
1645 1004 121 34 därest

272 1054 155 34 lästiden
452 1058 104 39 utgör
580 1059 42 30 39
647 1056 132 33 veckor
803 1056 144 42 årligen,
972 1057 55 33 till
1051 1057 216 42 lönegraden
1292 1058 23 32 B
1335 1061 31 36 8,
1392 1057 121 34 därest
1536 1058 156 33 lästiden
1709 1063 56 28 ut-

272 1111 63 39 gör
367 1108 92 40 36!/2
493 1109 131 33 veckor
655 1109 145 42 årligen,
825 1111 67 32 och
916 1110 55 34 till
995 1111 217 41 lönegraden
1236 1111 74 40 B”7,
1335 1111 122 34 därest
1480 1111 155 33 lästiden
1660 1115 106 38 utgör

272 1160 91 38 34!/2
388 1162 131 34 veckor
544 1163 145 42 årligen,
714 1168 95 29 samt
833 1168 57 29 att
914 1164 105 33 lönen
1043 1164 91 34 skall
1161 1165 111 33 under
1296 1164 96 34 förra
1416 1164 140 34 hälften
1581 1177 46 21 av
1643 1165 122 33 kalen-

272 1215 142 34 deråret
449 1219 84 30 1938
567 1217 88 42 utgå
687 1217 48 42 på
766 1220 74 30 sätt
865 1218 181 33 utskottet
1069 1218 12 33 i
1106 1218 62 33 det
1192 1217 213 43 föregående
1430 1218 139 42 angivit
1594 1221 172 31 ävensom

272 1273 57 29 att
362 1269 112 33 sådan
505 1270 124 40 lärare,
664 1282 77 22 som
774 1271 69 33 den
879 1275 15 29 1
929 1271 66 42 juli
1032 1275 86 30 1940
1155 1271 160 42 åtnjuter
1339 1271 172 43 avlöning
1534 1272 113 42 enligt
1670 1272 95 33 löne-

272 1322 134 42 graden
439 1323 74 40 B7,
538 1323 90 34 skall
653 1323 81 34 från
758 1324 67 33 och
848 1324 82 34 med
955 1324 226 34 sistnämnda
1206 1325 69 42 dag
1299 1325 202 43 uppflyttas
1526 1325 55 34 till
1605 1326 160 42 lönegra-

272 1375 69 34 den
374 1376 75 40 B3,
482 1376 11 33 i
527 1377 176 33 samband
736 1378 148 33 varmed
918 1378 178 33 ordinarie
1127 1378 114 34 lärare
1265 1379 61 33 vid
1351 1379 180 33 småskola
1556 1379 142 42 ålägges
1722 1391 43 21 en

272 1428 468 45 tjänstgöringsskyldighet
764 1443 45 21 av
834 1431 94 42 lägst
951 1431 91 36 36!/2
1067 1432 133 33 veckor
1224 1432 147 42 årligen;

316 1486 29 30 5.
382 1483 152 40 besluta,
568 1488 56 29 att
657 1484 45 33 de
735 1485 113 33 lärare
872 1485 66 33 och
964 1485 113 33 andra
1101 1485 369 43 befattningshavare,
1495 1498 78 21 som
1596 1486 115 33 under
1736 1490 28 29 1.

272 1537 168 42 angivits,
465 1538 101 33 skola
589 1538 11 33 i
626 1538 119 42 övrigt
769 1538 11 33 i
805 1538 157 42 enlighet
986 1538 82 34 med
1093 1539 72 33 vad
1190 1539 397 42 departementschefen
1611 1539 55 34 till
1691 1552 74 21 om-

272 1590 178 34 förmälda
485 1591 360 43 statsrådsprotokoll
880 1597 119 37 yttrat
1034 1604 83 21 men
1152 1593 82 33 med
1269 1593 237 42 iakttagande
1541 1605 47 21 av
1612 1593 72 33 vad
1710 1598 55 28 ut-

273 1644 140 34 skottet
436 1645 11 33 i
472 1644 62 34 det
557 1644 214 43 föregående
795 1645 122 34 anfört
940 1645 147 42 åtnjuta
1111 1646 170 42 avlöning
1303 1645 147 43 jämlikt
1466 1646 62 34 det
1544 1646 11 33 i
1572 1647 193 33 statsråds-

271 1698 220 42 protokollet
514 1698 152 34 berörda
691 1698 170 43 förslaget
885 1699 54 33 till
964 1699 405 42 avlöningsreglemente
1392 1700 56 33 för
1464 1700 115 33 lärare
1595 1700 63 33 vid
1675 1700 90 34 folk-

272 1751 66 34 och
363 1752 212 39 småskolor;

317 1811 29 27 6.
383 1805 65 34 hos
473 1806 133 41 Kungl.
632 1805 104 43 Maj:t
761 1806 144 34 anhålla
929 1819 58 21 om
1012 1807 195 42 utredning
1230 1807 66 33 och
1321 1807 134 42 förslag
1478 1807 152 34 rörande
1647 1808 118 41 åtgär-

272 1859 62 33 der
370 1863 57 29 att
458 1859 11 33 i
493 1859 204 42 möjligaste
720 1860 85 33 mån
829 1859 168 34 effektivt
1021 1859 168 44 utnyttja
1213 1861 68 33 den
1306 1861 256 33 ovannämnda
1586 1860 178 43 tjänstgö-

272 1912 349 43 ringsskyldigheten
650 1913 56 33 för
730 1914 114 33 lärare
868 1914 62 33 vid
955 1913 90 34 folk-
1070 1914 67 34 och
1162 1914 197 33 småskolor
1383 1914 66 34 och
1474 1914 154 34 rörande
1652 1915 113 33 sådan

270 1965 190 44 jämkning
493 1967 12 33 i
540 1967 236 42 åliggandena
812 1967 55 34 för
902 1968 158 33 nämnda
1093 1968 125 40 lärare,
1243 1972 56 30 att
1322 1967 363 44 tjänstgöringstiden
1710 1968 55 34 för

271 2020 82 33 dem
378 2021 201 33 utsträckes
603 2021 56 34 till
683 2025 42 30 39
749 2022 131 33 veckor
905 2021 132 42 årligen
1045 2009 30 46 »'

316 2091 208 35 Stockholm
549 2097 42 29 22
615 2092 74 43 maj
717 2097 94 30 1937.

746 2184 52 33 På
822 2184 294 33 statsutskottets
1141 2187 149 38 vägnar:

766 2255 201 34 ANDERS
991 2254 277 35 ANDERSON.
