1848 2778
496 138 313 32 Bankoutskottets
830 139 178 31 utlåtande
1027 150 43 20 nr
1088 141 20 29 5
1125 141 40 30 år
1185 141 83 30 1965
1610 145 18 29 7

142 215 84 41 ning
250 217 66 30 och
342 217 213 40 förvaltning
581 218 112 30 under
718 219 66 29 den
809 219 51 30 tid
885 220 262 39 granskningen
1174 220 175 35 omfattat,
1376 221 169 30 utskottet
1574 221 54 30 för

142 269 54 29 sin
216 269 54 30 del
290 279 103 21 anser
414 272 51 29 att
484 271 255 31 ansvarsfrihet
760 271 62 30 bör
844 272 145 39 beviljas
1012 272 232 40 fullmäktige.

185 322 178 31 Utskottet
384 323 202 31 hemställer
609 324 112 35 alltså,

503 379 50 28 att
580 377 221 41 fullmäktige
828 379 10 29 i
862 379 340 39 riksgäldskontoret
1227 380 58 30 må
1311 380 230 31 tillerkännas
1568 390 61 21 an-

460 430 208 31 svarsfrihet
684 431 31 40 ej
735 431 137 31 mindre
892 432 54 30 för
964 432 68 30 den
1050 442 43 20 av
1111 433 206 40 riksdagens
1337 434 170 30 revisorer
1527 442 102 32 gran-

460 484 107 30 skade
586 484 260 40 förvaltningen
865 494 42 21 av
926 485 339 40 riksgäldskontoret
1286 486 110 31 under
1415 487 96 30 tiden
1535 488 14 29 1
1572 487 57 40 ju-

459 537 24 30 li
510 537 172 30 1963—30
707 538 78 39 juni
814 538 83 30 1964
922 539 45 29 än
994 539 87 29 även
1108 539 54 30 för
1190 539 67 30 alla
1283 540 114 30 beslut
1422 540 65 30 och
1515 540 113 41 åtgär-

459 590 70 35 der,
555 599 76 21 som
658 591 115 30 finnes
799 591 218 31 antecknade
1043 593 11 29 i
1080 592 239 40 fullmäktiges
1345 594 174 39 protokoll
1546 594 81 30 från

459 644 65 29 och
547 644 80 30 med
649 644 68 30 den
743 644 38 30 10
805 644 142 40 januari
973 644 83 31 1964
1080 646 53 29 till
1158 646 65 29 och
1247 646 78 30 med
1350 646 66 30 den
1442 646 19 30 9
1484 647 143 39 januari

459 697 236 30 innevarande
712 697 48 30 år.

186 766 202 31 Stockholm
406 767 66 30 den
490 768 18 29 2
527 777 95 21 mars
643 768 82 30 1965

607 875 49 29 På
676 875 306 31 bankoutskottets
1004 876 146 39 vägnar:

721 963 35 31 C.
776 963 38 31 G.
838 964 201 31 REGNÉLL

756 1185 242 31 Närvarande:

183 1254 79 31 från
298 1255 167 31 första
502 1256 223 31 kammaren:
752 1257 121 30 herrar
900 1256 127 36 Ståhle,
1055 1257 127 31 Gustaf
1208 1257 119 41 Henry
1351 1258 174 35 Hansson,
1554 1258 72 31 Åke

138 1299 163 35 Larsson,
319 1300 110 34 Palm,
446 1300 73 30 Nils
535 1301 161 30 Theodor
712 1300 163 36 Larsson,
892 1301 190 35 Åkerlund,
1100 1301 221 41 Augustsson
1339 1303 65 30 och
1421 1303 203 35 Stefanson;

183 1361 79 30 från
328 1362 122 30 andra
481 1362 223 31 kammaren:
728 1363 121 30 herrar
872 1364 152 38 Regnéll,
1046 1363 158 40 Hagnell,
1228 1364 186 40 Berglund,
1438 1365 155 30 Larsson
1615 1365 12 29 i

139 1405 118 35 Umeå,
276 1406 165 30 Ekström
461 1407 11 29 i
492 1406 184 40 Iggesund,
696 1407 173 39 Haglund,
890 1407 190 40 Börjesson
1101 1408 11 29 i
1133 1407 217 41 Glömminge
1371 1409 66 30 och
1458 1409 169 30 Fridolfs-

140 1459 64 20 son
222 1450 11 30 1
252 1450 151 40 Rödeby.

766 1668 230 33 Reservation

182 1770 42 21 av
241 1761 122 30 herrar
381 1761 125 40 Gustaf
520 1761 121 39 Henry
659 1761 174 37 Hansson,
852 1761 190 37 Åkerlund,
1061 1761 198 40 Stefanson,
1279 1762 143 39 Regnéll
1440 1763 66 29 och
1523 1763 104 30 Lars-

138 1823 63 20 son
220 1814 11 29 i
252 1814 109 30 Umeå

183 1866 221 31 beträffande
426 1867 187 30 utskottets
634 1867 234 30 omförmälan
889 1868 110 29 under
1019 1868 160 39 punkten
1202 1868 88 34 1:0).

151 2479 81 16 MARCUS
242 2479 73 16 BOKTR.
325 2479 64 16 STHLM
404 2479 34 16 1965
455 2477 76 18 650029
