1848 2794
548 156 285 31 Statsutskottets
859 157 179 29 utlåtande
1064 167 42 20 nr
1132 158 50 29 13.
1597 157 18 31 7

111 243 167 31 indexens
298 242 291 41 allmängiltighet
609 243 65 30 och
694 243 144 30 därmed
857 252 152 31 anpassa
1027 242 238 40 beräkningen
1285 242 51 30 till
1356 243 57 30 det
1432 243 184 39 praktiska

110 294 101 30 livets
233 294 85 30 krav
339 294 45 40 på
406 293 178 41 uppgifter
606 302 57 21 om
687 292 430 41 detaljprisutvecklingen
1139 293 65 30 har
1228 293 83 30 1952
1333 293 56 30 års
1412 293 204 30 indexkom-

111 344 100 30 mitté
232 343 188 40 föreslagit,
444 346 50 28 att
515 344 115 30 denna
649 343 235 41 begränsning
906 344 126 39 slopas.
1062 343 5 29 I
1090 343 169 31 samband
1279 344 147 30 härmed
1448 344 89 30 skall
1559 354 57 20 en-

112 395 62 40 ligt
200 394 226 31 kommitténs
455 394 130 40 förslag
611 395 41 30 de
679 395 202 29 nuvarande
908 394 330 31 levnadskostnads-
1264 394 64 30 och
1354 394 262 31 konsumtions-

111 444 335 41 prisindexserierna
473 446 147 29 ersättas
645 445 82 30 med
751 454 42 20 en
819 445 404 39 konsumentprisindex,
1250 445 169 30 avseende
1445 445 78 30 hela
1549 446 67 29 den

111 495 137 40 privata
268 495 271 30 konsumtionen
560 496 12 29 i
592 496 119 30 landet
732 496 63 29 och
816 496 79 30 med
917 495 38 30 år
978 494 81 31 1949
1081 495 116 30 såsom
1218 495 111 30 basår.
1351 495 103 31 Detta
1474 495 141 40 förslag,

113 555 74 21 som
209 546 136 40 överlag
365 545 189 39 tillstyrkts
576 546 57 30 vid
655 545 394 41 remissbehandlingen,
1071 555 103 21 anser
1193 546 59 40 jag
1273 546 70 40 mig
1364 546 85 30 böra
1469 545 147 31 biträda.

112 597 13 29 I
152 596 169 31 samband
345 596 147 31 härmed
516 595 59 31 vill
599 596 59 39 jag
684 596 116 31 erinra
823 605 58 21 om
905 598 50 29 att
981 595 19 30 4
1027 595 15 37 $
1069 597 132 30 statens
1227 596 390 40 löneplansförordning

114 647 112 40 aldrig
248 648 85 28 satts
356 647 12 29 i
391 646 96 31 kraft
510 647 64 29 och
597 648 50 29 att
670 647 111 29 behov
803 646 77 30 icke
904 646 185 41 föreligger
1110 656 43 21 av
1174 647 193 40 beräkning
1391 656 42 21 av
1455 648 56 29 det
1533 657 25 20 s.
1582 648 34 29 k.

111 696 169 40 pristalet.

157 747 65 41 Jag
242 747 192 40 tillslyrker
455 747 105 30 också
580 748 12 29 i
612 747 137 40 princip
770 747 229 31 kommitténs
1020 747 141 41 förslag,
1184 749 50 28 att
1255 747 132 40 årligen
1409 748 87 30 skall
1518 748 99 29 verk-

114 798 121 31 ställas
262 798 174 30 särskilda
462 797 339 40 indexberäkningar
826 815 44 3 —
896 798 95 30 såväl
1018 799 78 29 med
1123 807 75 21 som
1224 799 85 29 utan
1336 798 134 30 skatter
1493 815 44 3 —
1562 798 56 30 för

113 848 94 31 olika
224 848 254 30 inkomstskikt
497 849 64 29 och
580 848 238 40 familjetyper
836 849 98 29 inom
953 849 121 29 enbart
1094 848 311 40 löntagarhushåll.
1424 848 64 39 Jag
1507 849 110 29 förut-

114 898 108 28 sätter
246 897 87 30 dock
356 898 61 33 att,
441 897 109 29 innan
573 897 101 30 dessa
697 897 235 39 beräkningar
956 897 144 34 utföres,
1125 897 294 40 ansträngningar
1444 898 97 38 göres
1566 898 51 29 att

113 949 55 31 för
191 951 41 29 de
255 949 113 31 skilda
390 957 197 32 grupperna
610 950 37 30 få
669 949 91 31 fram
783 951 47 28 ett
852 949 325 31 tillfredsställande
1200 949 244 40 prismaterial.

157 1000 136 30 Jämväl
315 1001 11 29 i
348 1000 113 39 övrigt
482 1000 64 30 har
566 999 229 31 kommitténs
817 1000 131 40 förslag
970 1000 221 30 beträffande
1214 1001 267 39 omläggningen
1504 1010 42 20 av
1566 1001 52 29 in-

114 1049 111 28 dexen
242 1049 44 39 på
304 1049 41 29 de
361 1048 249 39 väsentligaste
627 1048 200 40 punkterna
844 1049 109 29 mötts
973 1057 42 21 av
1032 1048 283 30 instämmanden
1334 1057 43 21 av
1395 1048 42 30 de
1456 1048 92 30 olika
1565 1057 53 21 re-

114 1101 309 30 missinstanserna
443 1101 64 30 och
526 1110 102 30 synes
645 1102 56 29 väl
719 1102 104 39 ägnat
840 1103 51 28 att
908 1101 13 29 i
938 1101 76 30 sina
1031 1101 207 40 huvuddrag
1254 1101 90 39 ligga
1361 1101 53 30 till
1433 1101 111 40 grund
1562 1102 56 29 för

114 1150 225 40 anvisningar
363 1152 55 29 för
443 1151 239 30 beräknandet
707 1161 43 21 av
772 1152 66 29 den
862 1161 70 30 nya
956 1151 158 30 indexen.
1141 1151 201 30 Metoderna
1366 1152 54 29 för
1445 1151 173 31 framräk-

115 1202 131 29 nandet
263 1211 41 21 av
320 1201 268 40 bostadsposten
606 1201 12 30 i
635 1203 67 29 den
720 1202 197 40 föreslagna
934 1202 148 30 indexen
1099 1202 65 30 har
1182 1202 88 30 dock
1286 1201 198 31 kritiserats
1501 1202 11 29 i
1530 1202 88 30 flera

114 1251 324 40 remissyttranden.
460 1251 13 29 I
495 1252 189 39 synnerhet
704 1252 315 39 bostadsstyrelsen
1040 1253 64 29 och
1125 1252 203 38 hyresrådet
1349 1253 64 29 har
1434 1252 185 39 ifrågasatt

115 1302 57 30 det
197 1301 300 41 ändamålsenliga
521 1303 10 29 i
558 1303 40 30 de
624 1302 198 40 föreslagna
848 1303 497 39 undersökningsmetoderna.
1371 1302 121 40 Någon
1518 1303 101 30 alter-

114 1352 97 31 nativ
233 1354 115 29 metod
371 1353 56 29 för
449 1352 286 40 bostadspostens
758 1352 193 40 beräkning
975 1353 146 30 erhålles
1145 1353 90 30 dock
1256 1353 72 29 inte
1350 1362 44 21 ur
1417 1354 99 29 dessa
1540 1354 79 29 sak-

115 1401 158 39 kunniga
295 1401 260 39 myndigheters
579 1401 121 30 kritik.
724 1402 64 38 Jag
810 1401 64 30 har
897 1401 120 30 därför
1040 1402 166 30 anmodat
1231 1401 278 40 socialstyrelsen
1534 1403 51 28 att
1608 1402 11 29 i

117 1452 141 29 samråd
283 1452 79 29 med
389 1452 317 39 bostadsstyrelsen
735 1452 63 29 och
824 1452 205 38 hyresrådet
1055 1452 202 29 överarbeta
1284 1452 335 30 indexkommittens

117 1502 132 39 förslag
265 1502 44 40 på
325 1502 115 30 denna
458 1502 113 39 punkt
589 1502 65 30 och
672 1504 117 28 senast
806 1502 66 29 den
894 1502 14 29 1
929 1502 70 39 maj
1022 1501 83 31 1954
1122 1502 181 30 inkomma
1321 1503 79 29 med
1419 1502 129 40 förslag
1567 1504 52 28 rö-

116 1554 109 29 rande
246 1553 238 39 beräkningen
505 1563 42 20 av
567 1553 268 40 bostadsposten
857 1554 10 29 i
890 1563 43 20 en
955 1554 403 39 konsumentprisindex.

158 1603 227 31 Beträffande
407 1603 249 31 intervallerna
678 1603 127 31 mellan
827 1604 514 40 hushållsundersökningarna
1364 1606 148 29 rörande
1534 1605 86 30 kon-

116 1653 217 30 sumtionens
360 1654 319 40 sammansättning
706 1653 117 31 finner
846 1654 60 40 jag
934 1655 56 30 det
1017 1655 54 29 för
1096 1656 218 29 närvarande
1341 1655 94 30 svårt
1461 1657 49 28 att
1536 1656 83 38 göra

116 1704 105 39 något
248 1705 190 34 uttalande,
467 1703 165 31 eftersom
661 1705 57 30 det
746 1714 41 21 av
812 1704 335 31 indexkommitténs
1176 1705 261 40 framställning
1464 1705 155 40 framgår

116 1755 50 28 att
186 1763 82 20 man
286 1754 71 31 inte
377 1754 62 29 bör
460 1754 180 30 överdriva
659 1754 200 39 betydelsen
880 1764 42 21 av
941 1753 354 41 viktjusteringarnas
1315 1755 170 30 inverkan
1506 1755 44 40 på
1569 1754 53 29 in-

115 1804 359 40 dexberäkningarna.
497 1805 67 30 För
586 1806 48 29 ett
657 1804 336 41 ställningstagande
1014 1806 53 29 till
1089 1805 124 39 frågan
1236 1806 177 30 erfordras
1436 1806 119 30 därför
1576 1816 44 20 en

115 1854 262 41 undersökning
402 1855 88 29 även
512 1855 148 30 rörande
684 1856 57 29 det
763 1855 111 30 behov
897 1865 42 20 av
961 1856 476 39 hushållsundersökningar,
1462 1866 73 21 som
1559 1858 60 38 gör

116 1904 50 40 sig
192 1905 157 38 gällande
373 1905 96 29 inom
495 1905 108 30 andra
628 1904 177 31 områden.

161 1953 223 41 Övergången
405 1954 51 30 till
479 1955 66 30 den
565 1964 69 30 nya
654 1955 148 29 indexen
822 1956 98 29 torde
941 1955 37 30 få
997 1955 96 40 tillgå
1113 1955 38 31 så
1172 1957 49 28 att
1242 1955 250 41 prisuppgifter
1513 1956 107 40 enligt

116 2005 67 29 den
207 2014 67 30 nya
296 2005 162 29 metoden
480 2004 168 30 insamlas
671 2005 79 31 från
774 2006 64 29 och
860 2006 80 30 med
961 2005 71 39 maj
1061 2004 93 31 1954.
1178 2005 230 41 Uppgifterna
1430 2006 105 40 enligt
1558 2016 59 21 nu-

116 2056 152 29 varande
291 2056 116 29 metod
431 2054 167 31 insamlas
623 2055 85 31 sista
731 2055 133 39 gången
886 2056 12 29 i
919 2056 80 39 juni
1025 2055 92 31 1954.
1142 2055 129 31 Genom
1295 2057 50 30 att
1367 2057 45 40 på
1435 2058 95 29 detta
1552 2058 69 29 sätt

118 2103 69 29 läta
212 2103 351 39 prisinsamlingarna
589 2104 108 39 enligt
723 2104 40 29 de
787 2104 90 29 båda
903 2105 212 33 metoderna,
1142 2105 66 29 den
1234 2105 202 29 nuvarande
1462 2105 64 30 och
1552 2106 67 30 den

117 2154 207 39 föreslagna,
347 2155 42 38 gå
410 2162 56 21 om
487 2154 64 29 lott
573 2162 102 30 synes
697 2154 175 38 garantier
894 2154 150 30 erhållas
1066 2155 54 29 för
1143 2156 50 28 att
1215 2155 69 29 inte
1306 2155 313 40 metodändringen

117 2204 57 28 vid
198 2204 347 38 övergångstillfället
568 2204 12 29 i
604 2205 65 29 och
695 2205 54 29 för
775 2205 49 38 sig
850 2205 90 29 skall
965 2205 158 29 medföra
1150 2205 124 30 ändrat
1298 2205 231 39 indexutslag.

161 2255 75 31 Vad
262 2256 106 37 angår
394 2255 303 31 indexnämndens
725 2257 174 39 ställning,
927 2257 58 31 vill
1010 2257 59 41 jag
1095 2257 142 30 förorda
1263 2258 55 29 det
1344 2267 42 20 av
1412 2258 209 29 kommittén

116 2305 196 39 uppgjorda
337 2305 175 41 förslaget.
537 2306 148 30 Tilltron
710 2306 51 29 till
785 2306 387 40 indexberäkningarna
1197 2307 111 29 skulle
1333 2307 176 30 sannolikt
1533 2307 86 30 ökas

117 2364 56 20 om
198 2365 42 19 cen
264 2356 262 38 expertnämnd,
551 2355 279 39 huvudsakligen
853 2357 126 29 utsedd
1003 2356 86 30 efter
1113 2357 130 37 förslag
1267 2357 78 29 från
1369 2356 93 30 olika
1485 2357 135 39 organi-

117 2404 162 34 sationer,
303 2405 152 29 förutom
482 2405 283 30 kontrollerande
787 2405 246 39 befogenheter
1057 2415 56 31 ges
1138 2407 275 29 beslutanderätt
1437 2407 9 29 i
1470 2407 148 40 princip-

118 2455 117 39 frågor
257 2454 221 31 beträffande
501 2455 266 40 tillämpningen
789 2465 42 20 av
853 2456 55 29 för
930 2455 384 39 indexberäkningarna
1338 2458 201 29 meddelade
1561 2467 55 20 an-
