1882 2786
252 139 20 29 4
707 142 262 29 Statsutskottets
992 143 167 28 utlåtande
1181 152 39 19 nr
1246 144 48 28 79.

255 214 113 37 darna,
403 214 102 31 sedan
538 215 236 41 byggnaderna
807 226 121 31 genom
962 216 271 42 engångsanslag
1267 219 84 29 satts
1386 217 11 30 i
1422 216 102 38 skick,
1550 216 87 33 skall
1661 216 88 32 åvila

255 265 284 32 arrendatorerna.
580 266 209 42 Härigenom
818 267 109 32 skulle
956 267 170 33 särskilda
1155 268 108 31 medel
1292 268 53 31 för
1374 268 175 31 underhåll
1581 280 40 21 av
1651 268 98 32 dessa

254 317 197 42 byggnader
472 318 70 31 icke
564 318 131 32 behöva
717 319 173 31 beräknas.
925 319 326 42 Engångsanslagen
1274 320 54 31 för
1351 320 266 42 iståndsättning
1641 320 108 32 skulle

255 369 105 41 enligt
378 369 240 42 utredningens
638 370 129 43 förslag
788 371 134 31 anvisas
944 371 105 31 under
1070 382 40 20 en
1130 371 252 42 femårsperiod.
1418 371 92 32 Utan
1532 375 50 28 att
1602 383 46 20 nu
1670 375 79 38 taga

252 419 160 42 ställning
435 420 52 30 till
510 420 11 30 i
545 420 112 31 vilken
681 420 73 31 takt
777 420 240 41 utredningens
1042 421 129 41 förslag
1194 421 62 31 bör
1279 422 214 40 genomföras
1516 422 61 31 har
1601 423 148 40 departe-

250 471 232 31 mentschefen
506 471 110 31 funnit
641 472 54 41 sig
718 472 112 31 kunna
855 472 11 30 i
891 472 131 42 princip
1047 473 174 40 tillstyrka
1245 473 195 31 detsamma.
1477 474 272 40 Departements-

251 522 119 31 chefen
391 523 63 31 har
476 525 82 29 även
580 523 142 33 anslutit
745 524 51 41 sig
818 524 54 31 till
894 524 245 40 utredningens
1162 525 136 41 förslag,
1322 527 50 29 att
1394 526 40 30 de
1457 527 19 29 å
1497 526 251 40 övningsfälten

250 574 179 42 befintliga
449 575 408 41 uthyrningsbostäderna
876 576 95 31 skola
990 579 167 38 upptagas
1177 577 53 30 till
1250 577 217 41 redovisning
1486 579 112 29 såsom
1617 578 132 30 kasern-

251 626 201 41 fastigheter
471 627 61 30 och
553 627 217 31 underhållas
791 630 43 38 på
853 638 127 21 samma
1000 630 68 29 sätt
1087 638 73 21 som
1180 629 116 40 dylika
1315 629 209 40 fastigheter.

301 677 240 32 Kostnaderna
559 680 51 31 för
626 679 216 32 underhållet
857 690 40 20 av
915 680 152 40 övnings-
1084 680 62 31 och
1163 680 201 40 skjutfälten
1382 681 141 31 omfatta
1539 681 142 39 utgifter
1697 682 52 29 för

253 731 248 42 vägunderhåll,
531 732 182 32 kostnader
741 733 53 31 för
821 733 200 42 jordbruket
1048 734 63 31 och
1140 734 236 42 skogsbruket,
1406 735 199 42 avlöningar
1634 747 41 19 m.
1706 747 40 19 m.

253 783 119 42 Någon
389 794 96 20 norm
501 784 53 31 för
570 784 183 42 beräkning
771 796 40 20 av
829 785 101 32 dessa
947 785 183 32 kostnader
1148 786 66 32 kan
1232 786 105 42 enligt
1354 787 242 42 utredningens
1616 787 133 41 mening

249 832 71 32 icke
341 833 197 32 fastställas.
572 834 236 42 Utredningen
825 835 63 31 har
908 835 115 31 därför
1042 836 163 37 förordat,
1227 837 49 30 att
1296 837 229 30 kostnaderna
1544 837 124 30 liksom
1688 838 61 29 hit-

250 885 70 33 tills
338 885 203 32 bestämmas
559 886 87 32 efter
662 886 247 42 uppskattning
925 887 53 31 för
993 887 93 41 varje
1105 888 140 31 särskilt
1260 888 174 41 budgetår.
1465 889 74 30 Mot
1556 889 66 30 vad
1640 890 109 30 utred-

249 936 122 41 ningen
389 937 142 32 sålunda
547 938 178 41 föreslagit
739 938 60 31 har
815 938 375 42 departementschefen
1206 940 86 31 intet
1308 940 74 31 haft
1400 942 50 29 att
1466 941 120 30 erinra.

303 990 68 31 För
390 990 218 33 bestridande
629 1002 41 21 av
691 992 228 32 kostnaderna
939 993 54 31 för
1015 993 214 33 underhållet
1250 1004 40 22 av
1312 994 178 41 flygfälten
1512 994 44 31 ha
1579 994 167 42 enhetliga

252 1052 130 21 normer
401 1042 126 33 hittills
549 1043 147 32 saknats.
730 1043 233 43 Utredningen
984 1045 62 31 har
1068 1045 187 42 föreslagit,
1279 1048 51 29 att
1351 1046 258 41 ifrågavarande
1632 1046 115 32 under-

251 1094 272 32 hållskostnader
549 1095 96 32 skola
670 1095 166 33 beräknas
863 1096 12 31 i
901 1096 70 32 viss
999 1096 143 32 relation
1169 1097 55 32 till
1252 1097 348 42 anläggningsvärdet,
1629 1098 118 32 varvid

251 1146 53 31 för
323 1146 180 42 flygfälten
522 1147 74 31 med
618 1147 81 32 därå
717 1147 182 43 befintliga
920 1148 174 32 rullbanor
1115 1149 63 31 och
1200 1149 105 32 andra
1324 1150 53 31 för
1398 1150 348 42 flygverksamhetens

251 1197 204 33 bedrivande
487 1198 206 32 omedelbart
724 1199 146 32 avsedda
902 1200 228 42 anordningar
1161 1200 64 32 bör
1258 1200 172 42 tillämpas
1464 1213 41 20 en
1539 1202 206 32 underhålls-

251 1249 79 32 kvot
355 1260 40 21 av
422 1250 46 37 1,5
486 1252 26 29 &
540 1261 40 21 av
605 1250 341 43 anläggningsvärdet
970 1262 58 31 per
1053 1252 63 31 den
1143 1253 16 30 1
1186 1252 64 42 juli
1277 1253 89 37 1946,
1393 1254 122 31 medan
1542 1254 204 31 underhålls-

250 1301 120 32 kvoten
395 1302 53 31 för
472 1304 19 29 å
515 1302 178 42 flygfälten
717 1302 180 42 befintliga
921 1303 459 43 befästningsanläggningar
1409 1305 250 42 (flygplanvärn
1684 1306 62 31 och

250 1353 268 42 flygplanvägar)
547 1354 62 31 bör
633 1354 166 32 beräknas
826 1354 85 32 efter
937 1366 128 21 samma
1090 1355 91 38 kvot,
1208 1367 73 20 som
1307 1356 196 42 föreslagits
1530 1357 216 32 beträffande

247 1403 244 42 befästningar,
516 1403 82 32 eller
621 1404 47 37 0,5
688 1406 37 29 4.
760 1404 52 31 De
836 1404 142 31 sålunda
1001 1405 183 31 förordade
1208 1406 190 40 grunderna
1422 1407 54 29 för
1498 1407 186 41 beräkning
1707 1418 40 19 av

248 1455 425 32 underhållskostnaderna
690 1457 54 30 för
761 1456 180 40 flygfälten
959 1456 60 31 har
1039 1457 373 40 departementschefen
1432 1458 113 31 funnit
1563 1459 53 39 sig
1633 1459 113 30 kunna

247 1507 154 40 godtaga.
432 1507 383 41 Departementschefen
832 1508 62 31 har
911 1508 161 34 beräknat
1090 1509 258 40 ifrågavarande
1365 1510 383 31 underhållskostnader

248 1558 105 42 enligt
374 1558 144 41 angivna
539 1559 154 41 grunder.

298 1611 18 30 I
339 1610 153 42 enlighet
513 1611 75 31 med
611 1611 243 42 utredningens
879 1612 127 43 förslag
1030 1612 92 37 böra,
1147 1612 194 31 framhåller
1364 1613 380 41 departementschefen,

248 1661 181 32 framdeles
450 1662 104 32 under
573 1663 65 31 den
658 1663 11 31 i
688 1664 112 30 staten
819 1663 53 31 för
891 1663 311 41 fastighetsfonden
1221 1666 171 39 upptagna
1411 1665 261 40 anslagsposten
1693 1667 53 29 till

247 1714 224 41 reparations-
495 1714 61 32 och
581 1714 383 32 underhållskostnader
987 1717 166 40 upptagas
1179 1716 167 31 särskilda
1371 1716 182 41 delposter,
1579 1718 166 30 avseende

248 1764 71 33 dels
337 1766 148 41 löpande
504 1765 178 32 underhåll
700 1777 40 21 av
759 1766 209 41 övningsfält
985 1778 41 19 m.
1046 1778 52 26 m.,
1119 1767 73 31 dels
1212 1768 265 42 iståndsättning
1494 1779 40 20 av
1552 1769 193 40 jordbruks-

247 1817 208 41 fastigheter.
495 1817 117 32 Under
638 1818 215 42 flygvapnets
881 1818 139 32 delfond
1046 1819 63 31 bör
1135 1820 175 30 dessutom
1336 1821 168 40 upptagas
1532 1831 40 20 en
1600 1822 145 30 särskild

248 1868 134 42 delpost
402 1869 53 31 för
475 1869 177 31 underhåll
672 1880 41 21 av
732 1870 137 41 flygfält
888 1881 40 20 m.
950 1882 40 19 m.

298 1921 118 42 Enligt
446 1921 392 41 departementschefens
867 1922 128 41 förslag
1023 1923 108 31 skulle
1161 1923 123 41 jämväl
1313 1924 169 33 marinens
1511 1924 233 41 hamnanlägg-

246 1971 119 42 ningar
387 1972 211 42 undantagas
621 1973 74 31 från
718 1973 63 32 den
805 1974 231 41 procentuella
1058 1975 319 41 beräkningsmetod
1401 1986 72 21 som
1497 1977 172 30 användes
1693 1977 53 30 för

246 2023 187 42 beräkning
472 2035 40 20 av
551 2024 215 32 underhållet
805 2036 40 21 av
873 2025 217 34 huvuddelen
1120 2037 40 20 av
1191 2027 183 31 försvarets
1404 2028 339 41 fastighetsbestånd.

246 2075 318 32 Underhållsmedel
589 2076 52 32 för
665 2076 102 32 dessa
790 2077 243 42 anläggningar
1057 2078 109 31 skulle
1192 2079 131 31 således
1348 2079 181 34 framdeles
1554 2080 190 31 fastställas

246 2126 85 32 efter
357 2127 202 32 individuell
587 2128 247 42 uppskattning
862 2129 61 31 och
952 2130 109 30 medel
1089 2130 137 31 anvisas
1254 2132 18 29 å
1301 2131 145 31 särskild
1475 2132 135 41 delpost
1638 2124 107 39 under

246 2178 219 33 förenämnda
490 2180 216 41 anslagspost
729 2180 54 31 till
808 2181 221 41 reparations-
1055 2182 61 31 och
1143 2183 381 32 underhållskostnader
1549 2194 40 20 m.
1616 2195 42 20 m.

297 2282 158 32 Rörande
492 2282 336 43 detaljberäkningen
866 2294 39 21 av
931 2284 277 32 medelsbehovet
1234 2285 106 31 under
1364 2286 303 41 anslagsposterna
1691 2287 53 30 till

245 2334 222 41 reparations-
501 2334 61 32 och
595 2334 383 33 underhållskostnader
1010 2347 40 20 m.
1076 2347 41 20 m.
1142 2337 53 30 för
1217 2338 141 36 arméns,
1382 2338 168 31 marinens
1575 2338 63 31 och
1662 2339 81 41 flyg-

245 2387 142 39 vapnets
408 2385 177 33 delfonder
605 2386 52 32 för
676 2386 203 42 budgetåret
898 2387 135 32 1948/49
1053 2388 50 31 får
1123 2388 168 32 utskottet
1308 2389 141 31 hänvisa
1468 2390 53 31 till
1542 2391 202 41 propositio-

243 2447 65 21 nen
338 2437 38 41 (s.
405 2438 148 41 26—35).
