1926 2776
288 126 39 30 62
657 126 284 29 Statsutskottets
962 126 180 29 utlåtande
1163 135 42 21 nr
1226 126 39 29 10
1285 126 39 29 år
1345 126 83 28 1960

294 218 61 20 sen
375 211 84 28 utan
479 209 110 30 större
609 209 220 39 olägenheter
850 209 53 29 för
924 209 172 39 sjöfarten
1116 209 69 29 kan
1206 210 180 38 överlagas
1406 218 41 20 av
1467 209 227 39 närliggande
1714 210 81 29 lots-

294 260 140 39 platser,
460 268 101 21 anser
587 259 70 29 han
683 260 51 38 sig
759 259 84 29 böra
868 259 141 29 förorda
1035 261 50 28 alt
1112 260 84 29 även
1223 259 197 39 Käringöns
1446 259 161 40 Jotsplats
1633 260 164 38 indrages

294 309 79 30 från
398 309 64 30 och
485 309 78 29 med
590 310 100 29 nästa
713 309 179 39 budgetår.
916 309 131 30 Genom
1072 310 41 29 de
1138 319 47 19 nu
1210 309 191 40 tillstyrkta
1425 310 369 39 rationaliseringarna

293 359 173 31 heräknas
489 360 39 29 15
550 360 151 38 tjänster
722 360 121 29 kunna
864 359 164 39 indragas
1050 360 65 29 och
1137 360 40 29 de
1200 359 92 30 fasta
1314 359 319 30 lönekostnaderna
1655 360 140 30 minska

294 410 79 29 med
392 410 11 29 i
422 412 81 28 runt
522 410 47 29 tal
589 409 63 30 200
667 409 62 30 000
747 410 141 29 kronor.

338 460 97 29 Inom
464 459 242 40 fyrväsendets
734 460 142 29 område
904 460 65 29 har
996 460 169 30 likaledes
1193 469 42 20 en
1264 460 219 29 omfattande
1511 460 282 39 rationalisering

293 510 190 39 påbörjats.
503 511 64 28 Det
586 511 38 28 är
641 510 63 30 här
723 511 156 29 närmast
897 510 99 39 fråga
1013 519 57 20 om
1089 512 48 28 ett
1156 510 224 39 utnyttjande
1399 519 41 21 av
1458 519 69 31 nya
1544 510 165 30 tekniska
1727 510 69 30 för-

296 560 244 39 utsättningar,
559 560 95 30 vilka
671 560 186 39 möjliggör
874 560 211 39 indragning
1103 570 42 20 av
1163 560 167 40 fyrskepp
1349 561 65 29 och
1432 570 43 20 en
1493 561 126 39 vidgad
1639 563 157 27 automa-

293 610 145 40 tisering
458 610 64 30 och
543 610 246 39 fjärrkontroll
810 620 42 20 av
873 610 153 40 fyrarna.
1049 611 48 30 På
1118 611 118 39 längre
1258 611 69 30 sikt
1348 611 70 29 kan
1439 611 205 39 härigenom
1665 611 132 30 räknas

293 661 80 29 med
397 660 195 40 betydande
615 660 420 40 personalminskningar.
1060 661 120 30 Redan
1204 661 80 29 från
1308 661 64 29 och
1396 661 80 29 med
1500 662 102 29 nästa
1626 661 172 40 budgetår

292 710 148 30 föreslår
473 710 330 40 sjöfartsstyrelsen,
838 711 10 29 i
883 711 170 29 samband
1088 711 79 29 med
1202 711 167 39 slopande
1392 720 42 21 av
1456 711 57 30 två
1537 711 168 40 fyrskepp
1729 712 65 29 och

292 760 289 40 automatisering
605 770 41 20 av
669 770 42 21 en
734 760 152 40 landfyr,
909 761 211 39 indragning
1143 771 41 20 av
1208 761 233 40 sammanlagt
1467 762 39 29 19
1530 762 175 30 ordinarie
1729 762 65 29 och

291 813 99 27 extra
413 811 177 30 ordinarie
614 811 149 39 tjänster
786 811 59 31 vid
870 810 183 41 fyrstaten.
1079 811 210 40 Härigenom
1315 811 174 30 beräknas
1514 812 282 40 avlöningskost-

291 861 156 30 naderna
468 861 140 30 minska
629 861 78 29 med
730 861 146 40 tillhopa
897 861 163 40 omkring
1082 861 62 31 300
1159 861 62 30 000
1243 862 140 29 kronor.

338 910 99 31 Såväl
458 920 42 20 ur
519 911 285 39 sjösäkerhetens
825 911 179 40 synpunkt
1027 920 76 21 som
1123 921 42 20 av
1186 912 230 29 ekonomiska
1436 912 76 29 skäl
1531 921 104 30 synes
1655 912 138 30 moder-

291 961 200 39 niseringen
513 971 42 20 av
578 961 224 39 fyrväsendet
826 964 138 28 snarast
986 962 85 30 böra
1094 962 232 39 genomföras.
1353 962 344 40 Sjöfartsstyrelsens
1721 963 73 30 för-

292 1011 74 39 slag
387 1012 50 29 till
459 1012 411 39 personalminskningar
889 1012 194 39 tillstyrker
1104 1013 386 39 departementschefen
1511 1013 65 30 och
1598 1013 161 30 förordar
1779 1013 13 30 i

293 1062 169 30 samband
481 1062 146 30 därmed
646 1062 106 30 också
769 1062 99 30 bifall
888 1063 52 29 till
958 1063 58 30 det
1033 1063 157 39 yrkande
1210 1072 56 21 om
1287 1072 43 20 en
1348 1063 137 30 mindre
1505 1064 285 39 anslagsökning,

293 1112 17 29 7
327 1112 62 30 000
408 1112 139 35 kronor,
567 1122 76 21 som
663 1122 99 20 avser
779 1113 67 29 den
865 1122 67 30 nya
951 1113 101 39 fyren
1070 1113 58 30 vid
1147 1113 249 30 Grundkallen.
1415 1114 78 29 Han
1510 1114 65 30 har
1592 1114 119 30 vidare
1728 1114 64 30 bli-

290 1162 51 30 vit
360 1163 185 39 övertygad
566 1172 57 21 om
643 1163 145 30 behovet
807 1172 43 21 av
868 1163 229 30 kvalificerad
1117 1164 139 30 teknisk
1276 1164 162 39 personal
1459 1164 55 30 för
1534 1164 258 30 handhavande

292 1213 66 30 och
375 1214 146 38 översyn
540 1223 44 20 av
602 1214 67 29 den
687 1223 68 29 nya
772 1216 191 37 apparatur
982 1223 75 21 som
1076 1214 214 30 tillkommer
1308 1215 12 28 i
1339 1214 170 30 samband
1528 1214 80 30 med
1628 1215 163 39 fyrarnas

292 1263 288 40 modernisering.
607 1265 13 29 I
647 1264 152 39 enlighet
824 1265 80 29 med
931 1264 338 41 sjöfartsstyrelsens
1297 1265 130 40 förslag
1454 1265 194 40 tillstyrkes
1673 1265 124 30 därför

290 1313 201 30 inrättande
509 1313 81 31 från
610 1315 65 29 och
694 1315 79 29 med
792 1314 204 40 budgetåret
1019 1315 147 36 1960/61
1188 1324 42 21 av
1250 1322 44 23 en
1312 1315 113 39 tjänst
1445 1324 76 21 som
1539 1315 221 40 fyringenjör
1778 1316 13 29 i

292 1364 49 29 Ae
363 1365 38 29 19
420 1364 63 30 och
502 1364 58 30 två
578 1364 151 39 tjänster
748 1374 74 20 som
841 1365 161 39 ingenjör
1021 1365 11 29 i
1050 1366 49 29 Ae
1120 1366 48 30 15.

337 1414 13 29 I
375 1414 169 30 samband
569 1415 79 29 med
672 1415 41 29 de
736 1415 66 30 här
826 1415 203 30 redovisade
1052 1416 513 39 rationaliseringsåtgärderna
1589 1417 96 29 inom
1708 1416 85 30 lots-

291 1465 66 28 och
379 1464 170 40 fyrstaten
569 1465 70 29 kan
662 1465 212 39 svårigheter
895 1466 217 39 uppkomma
1132 1466 11 30 i
1164 1466 93 30 vissa
1279 1466 60 30 fall
1362 1468 50 28 att
1433 1466 139 39 placera
1592 1466 198 30 överbliven

290 1515 162 38 personal
472 1517 63 28 etc.
559 1515 126 39 Kungl.
708 1516 106 39 Maj:t
835 1516 97 30 torde
952 1516 122 30 därför
1094 1516 85 30 böra
1199 1517 159 29 inhämta
1381 1517 207 39 riksdagens
1609 1516 182 39 bemyndi-

291 1565 112 39 gande
422 1567 50 28 att
491 1565 11 30 i
522 1565 83 30 mån
625 1575 43 20 av
686 1566 112 30 behov
816 1566 160 30 överföra
996 1567 176 29 ordinarie
1193 1567 160 39 personal
1374 1567 45 39 på
1439 1567 264 39 övergångsstat
1724 1567 68 30 och

291 1617 50 28 att
363 1616 10 29 i
395 1616 111 39 övrigt
526 1616 142 39 vidtaga
689 1617 42 29 de
754 1616 356 40 övergångsåtgärder
1132 1626 74 21 som
1229 1617 70 30 kan
1321 1617 163 30 befinnas
1505 1617 239 39 erforderliga.

337 1666 343 39 Sjöfartsstyrelsens
708 1667 118 39 övriga
852 1667 182 39 yrkanden
1064 1668 111 29 under
1203 1667 229 31 förevarande
1461 1668 122 39 anslag
1610 1677 100 21 avser
1737 1670 56 27 ut-

290 1716 336 40 giftsförändringar
644 1727 42 20 av
705 1717 214 30 automatisk
937 1718 169 30 karaktär
1124 1718 65 30 och
1209 1718 197 30 föranleder
1424 1718 104 39 ingen
1548 1718 142 29 erinran
1709 1717 81 30 från

291 1766 407 40 departementschefens
716 1767 85 31 sida.
822 1768 67 30 För
907 1768 131 40 ökning
1058 1778 42 20 av
1120 1768 130 30 antalet
1269 1768 141 39 fridygn
1430 1768 55 30 för
1504 1768 83 30 lots-
1606 1768 66 30 och
1692 1768 100 30 land-

291 1816 219 39 fyrpersonal
533 1817 99 30 torde
652 1817 148 31 sålunda
819 1818 173 31 beräknas
1011 1819 150 39 höjning
1180 1819 78 30 med
1278 1818 63 31 340
1356 1819 62 30 000
1437 1818 132 30 kronor
1587 1819 66 29 och
1673 1818 55 30 för
1747 1827 44 22 av

292 1867 84 30 1959
402 1867 56 31 års
483 1867 144 40 riksdag
651 1868 181 30 beslutade
857 1868 471 40 lönegradsuppflyttningar
1352 1871 92 28 samt
1469 1868 320 40 arvodesreglering

291 1917 132 39 ökning
442 1918 78 29 med
540 1918 195 39 respektive
757 1919 40 30 55
812 1919 63 31 600
896 1919 64 30 och
981 1919 41 31 50
1037 1919 63 31 000
1122 1919 139 30 kronor.

338 1968 245 30 Kostnaderna
615 1968 56 30 för
701 1968 450 41 tjänstetidsbefordringar
1182 1969 174 30 beräknas
1387 1969 142 30 minska
1560 1969 79 30 med
1674 1969 119 30 10200

290 2018 141 35 kronor,
449 2018 126 30 medan
595 2018 307 40 anslagsposterna
921 2019 51 30 till
992 2020 134 39 Rörligt
1145 2020 119 39 tillägg
1284 2020 65 29 och
1367 2019 51 30 till
1438 2019 277 40 Kompensation
1734 2019 58 30 för

289 2067 110 39 höjda
434 2068 394 40 folkpensionsavgifter
861 2069 63 31 bör
958 2070 206 39 uppräknas
1198 2070 80 30 med
1313 2070 196 39 respektive
1545 2070 61 30 261
1623 2070 63 31 000
1724 2069 66 30 och

291 2118 64 30 220
370 2119 62 30 000
447 2119 141 30 kronor.

336 2220 184 30 Utskottet.
545 2220 100 30 Inom
669 2220 318 40 sjöfartsstyrelsen
1010 2221 109 39 pågår
1141 2221 55 30 för
1218 2221 218 30 närvarande
1460 2221 188 39 utredning
1670 2222 122 29 röran-

290 2269 43 30 de
363 2270 269 39 möjligheterna
663 2273 50 27 att
742 2271 243 30 rationalisera
1016 2271 448 40 lotsplatsorganisationen
1496 2279 124 31 genom
1651 2271 141 39 indrag-

290 2320 126 39 ningar
440 2321 64 29 och
528 2321 366 39 sammanslagningar
918 2331 43 20 av
984 2321 94 30 olika
1104 2322 209 39 lotsplatser.
1340 2322 176 30 Utskottet
1543 2324 140 27 noterar
1710 2321 80 30 med

290 2370 306 31 tillfredsställelse
616 2372 94 29 detta
730 2372 117 29 arbete
868 2372 65 29 och
953 2381 112 25 anser,
1086 2374 50 28 att
1156 2372 57 30 det
1233 2372 121 30 därvid
1376 2372 88 30 skall
1484 2372 76 30 visa
1581 2372 51 39 sig
1651 2372 138 39 möjligt

290 2422 52 28 att
361 2422 118 39 uppnå
497 2422 197 39 betydande
713 2422 228 39 besparingar
961 2425 85 27 utan
1068 2425 51 27 att
1139 2422 190 40 sjöfartens
1350 2423 65 29 och
1434 2422 357 39 kustbefolkningens
