1882 2808
292 168 19 29 4
765 168 229 27 Statsutskottets
1014 167 151 27 utlåtande
1184 176 35 18 nr
1240 168 62 25 186.

335 248 65 29 Vid
419 248 92 30 olika
531 248 89 30 tider
639 249 64 29 har
721 258 82 20 man
823 248 9 29 i
854 258 104 20 norra
977 248 193 29 Värmland
1188 247 142 38 påtalat,
1351 249 50 27 att
1419 247 115 29 denna
1554 246 54 30 del
1627 255 42 20 av
1689 246 93 29 länet

291 293 37 28 är
348 292 228 39 missgynnad
597 293 80 29 med
697 293 171 29 avseende
889 292 19 30 å
929 292 358 30 kommunikationer.
1321 291 81 30 Man
1422 291 64 29 har
1507 289 205 35 framhållit,
1733 293 48 26 att

289 336 95 30 detta
408 336 222 31 förhållande
654 337 9 29 i
686 337 87 29 flera
797 337 197 29 avseenden
1017 336 139 30 medför
1179 336 196 38 betydande
1400 335 224 38 olägenheter
1649 334 56 30 för
1726 334 56 29 be-

290 380 217 39 folkningen,
529 391 76 20 som
627 381 45 38 på
693 382 112 37 grund
825 391 42 19 av
889 381 52 30 sin
961 381 172 29 isolerade
1154 381 64 29 och
1239 381 166 37 avlägsna
1425 379 203 38 bosättning
1648 379 66 29 har
1732 381 49 27 ali

291 425 128 38 kämpa
438 426 79 29 med
535 425 224 38 svårigheter.
789 425 137 38 Frågan
945 435 56 20 om
1019 428 48 27 ett
1084 425 324 29 tillfredsställande
1427 424 181 30 ordnande
1625 433 43 20 av
1685 424 97 29 kom-

290 470 303 30 munikationerna
612 470 9 29 i
641 470 242 29 Klarälvdalen
903 479 59 20 var
981 470 108 29 under
1112 469 181 30 1920-talet
1311 468 146 30 föremål
1476 468 54 30 för
1548 468 233 38 utredningar.

291 514 106 30 Dessa
418 514 224 38 utredningar
664 514 125 39 avsågo
812 514 51 29 till
885 514 165 38 väsentlig
1073 514 54 29 del
1148 514 181 37 byggande
1348 522 44 20 av
1413 513 144 38 järnväg
1580 520 124 30 genom
1725 512 56 29 da-

290 559 63 29 len.
373 559 12 29 I
403 558 96 39 fråga
517 560 124 29 härom
657 558 141 39 ingåvos
816 559 50 29 till
885 559 121 38 Kungl.
1025 558 100 38 Maj:t
1142 558 234 38 ansökningar
1393 567 56 20 om
1462 557 205 30 koncession
1680 557 70 30 dels
1763 556 19 30 å

290 603 272 39 normalspåriga
579 604 71 30 dels
667 603 20 30 å
703 603 226 39 smalspåriga
945 603 273 39 järnvägslinjer.
1237 602 513 38 Koncessionsansökningarna
1763 600 19 30 å

291 648 278 38 normalspåriga
592 648 271 38 järnvägslinjer
887 648 193 30 omfattade
1106 647 156 39 följande
1287 647 94 29 olika
1405 646 256 37 sträckningar,
1685 646 96 29 näm-

290 692 89 38 ligen
399 692 79 30 från
497 687 192 44 Åsbyholm
711 687 229 44 (Åstbyholm)
965 693 56 29 vid
1040 692 135 38 Torsby
1193 692 10 29 i
1223 691 204 38 Fryksände
1448 692 129 28 socken
1596 692 82 28 över
1697 690 84 29 Eks-

290 736 109 30 härad
418 737 52 29 till
487 737 133 30 Slättne
639 737 10 29 i
667 737 111 38 Dalby
798 738 139 33 socken,
956 736 80 30 från
1055 731 191 43 Åsbyholm
1265 737 82 28 över
1364 735 205 39 Vägsjöfors
1589 736 9 28 i
1617 735 164 29 Vitsands

290 781 128 29 socken
443 781 51 29 till
521 781 133 30 Slättne
679 785 89 26 samt
793 781 80 30 från
899 781 115 30 Sunne
1039 782 82 28 över
1148 781 185 29 Ekshärad
1357 780 51 29 till
1432 780 120 38 Höljes
1577 780 10 29 i
1614 780 38 28 N.
1678 779 103 29 Finn-

290 825 106 37 skoga
427 826 129 29 socken
586 826 83 29 eller
699 826 201 29 alternativt
930 826 51 29 till
1011 824 306 35 Brattmålsviken,
1349 824 271 34 Sundhultmon,
1651 823 90 30 båda
1773 823 8 29 i

291 869 110 39 Dalby
422 871 138 29 socken,
582 870 84 30 eller
685 871 101 29 söder
807 871 124 29 därom
951 870 146 38 belägen
1119 870 90 37 plats
1231 870 9 29 i
1262 869 256 30 Klarälvdalen.
1552 868 229 30 Beträffande

288 914 519 39 koncessionsansökningarna
853 914 19 30 å
915 914 230 38 smalspåriga
1188 913 281 39 järnvägslinjer,
1512 913 172 30 avseende
1727 922 54 20 ur-

289 959 224 38 sprungligen
540 958 57 30 två
622 959 93 29 olika
741 958 255 38 sträckningar,
1021 958 178 38 nämligen
1223 958 78 30 från
1326 958 164 29 Edebäck
1514 958 10 28 i
1550 957 111 29 Norra
1686 956 95 30 Råda

290 1004 127 29 socken
442 1003 51 30 till
517 1003 133 30 Slättne
675 1004 66 29 och
763 1003 79 30 från
868 1002 95 31 Råda
989 1004 9 28 i
1024 1003 111 29 Norra
1161 1002 95 30 Råda
1281 1003 128 29 socken
1433 1002 52 30 till
1509 1001 271 30 Sundhultmon.

289 1048 109 29 enade
425 1057 82 20 man
536 1048 51 38 sig
615 1058 58 19 om
701 1058 41 19 en
772 1055 202 29 gemensam
1003 1047 214 34 sträckning,
1246 1047 73 30 vari
1346 1056 83 20 man
1456 1047 81 29 med
1565 1047 138 37 hänsyn
1731 1046 51 29 till

288 1092 279 30 bibanefondens
594 1092 271 37 otillräcklighet
891 1092 216 38 begränsade
1135 1091 243 38 ansökningen
1403 1094 50 27 att
1478 1090 149 30 omfatta
1652 1091 129 29 sträck-

290 1137 83 38 ning
397 1136 80 30 från
501 1136 98 31 Råda
624 1137 51 29 till
698 1136 153 30 Likenäs
877 1136 7 29 i
912 1136 110 38 Dalby
1048 1137 129 29 socken
1202 1136 80 29 med
1307 1136 102 29 södra
1435 1135 100 30 delen
1560 1135 139 38 förlagd
1723 1144 58 20 an-

290 1181 118 36 tingen
427 1180 44 39 på
491 1182 94 29 östra
607 1181 82 30 eller
708 1182 115 29 västra
845 1181 99 29 sidan
964 1190 42 20 av
1027 1180 196 30 Klarälven.

334 1225 131 30 Genom
488 1226 83 29 brev
595 1226 67 29 den
686 1226 39 28 24
747 1225 141 38 januari
912 1226 82 28 1930
1016 1225 88 29 fann
1128 1224 123 38 Kungl.
1275 1224 99 38 Maj:t
1397 1224 237 29 omförmälda
1656 1224 125 29 ansök-

290 1270 125 38 ningar
433 1280 57 19 om
508 1270 211 29 koncession
740 1269 19 30 å
777 1269 258 39 normalspårig
1055 1269 147 38 järnväg
1222 1269 75 29 icke
1316 1269 184 29 föranleda
1519 1268 117 38 någon
1657 1268 123 38 Kungl.

291 1314 115 38 Maj:ts
429 1314 118 30 vidare
569 1314 124 38 åtgärd
714 1317 89 27 samt
826 1314 199 30 anbefallde
1047 1315 79 35 väg-
1149 1314 65 29 och
1236 1312 475 39 vattenbyggnadsstyrelsen
1732 1315 49 27 att

290 1359 9 29 i
324 1359 170 29 samband
518 1359 81 29 med
623 1357 124 40 frågan
772 1368 58 20 om
854 1358 209 30 koncession
1090 1358 20 30 å
1137 1357 207 39 smalspårig
1370 1358 146 38 järnväg
1542 1357 10 29 i
1577 1357 204 29 Klarälvens

290 1403 149 38 dalgång
457 1406 80 35 taga
556 1403 112 30 under
688 1403 242 37 övervägande
949 1403 66 29 och
1035 1403 10 29 i
1065 1402 142 30 samråd
1225 1403 79 29 med
1324 1403 248 37 länsstyrelsen
1593 1402 188 29 verkställa

292 1447 193 39 utredning,
507 1447 175 30 huruvida
702 1448 149 29 behovet
873 1457 43 20 av
936 1447 217 29 förbättrade
1174 1446 349 30 kommunikationer
1545 1446 9 29 i
1574 1446 43 29 de
1638 1446 143 29 trakter.

290 1501 75 20 som
390 1492 141 29 komme
556 1495 51 26 att
632 1492 142 29 beröras
799 1501 41 20 av
865 1492 42 29 de
932 1490 205 39 ifrågasatta
1163 1491 245 38 järnvägarna,
1435 1491 110 29 skulle
1570 1491 121 28 kunna
1717 1490 64 29 till-

290 1537 145 37 godoses
455 1536 147 30 medelst
623 1536 229 30 anordnande
873 1545 43 20 av
935 1535 299 39 automobillinjer
1256 1535 186 30 eventuellt
1462 1535 89 29 efter
1571 1534 211 37 förbättring

290 1590 41 20 av
350 1581 183 38 befintliga
554 1581 115 37 vägar.
702 1580 97 30 Efter
820 1581 189 29 verkställd
1030 1580 187 38 utredning
1239 1579 201 30 förklarade
1461 1579 51 38 sig
1532 1579 250 37 länsstyrelsen

292 1625 8 29 i
320 1624 217 39 underdånig
557 1625 166 29 skrivelse
742 1625 66 29 den
827 1626 18 28 2
865 1634 93 20 mars
980 1625 79 29 1931
1082 1624 188 29 instämma
1291 1624 10 28 i
1320 1624 67 29 den
1407 1633 42 20 av
1468 1624 78 37 väg-
1565 1623 66 29 och
1651 1626 131 26 vatten-

289 1670 353 38 byggnadsstyrelsen
665 1669 154 29 uttalade
843 1669 285 38 uppfattningen,
1152 1671 50 27 att
1223 1667 244 38 ansökningen
1491 1677 58 20 om
1571 1667 211 30 koncession

290 1713 19 30 å
327 1713 208 39 smalspårig
551 1714 147 38 järnväg
716 1714 9 29 i
744 1713 246 30 Klarälvdalen
1006 1713 108 29 borde
1132 1713 193 37 avstyrkas,
1344 1712 171 38 varjämte
1532 1712 248 38 länsstyrelsen

291 1758 163 35 uttalade,
479 1761 50 27 att
557 1758 248 38 länsstyrelsen
834 1758 9 29 i
872 1758 109 29 likhet
1005 1757 79 29 med
1111 1758 78 36 väg-
1216 1757 65 29 och
1307 1757 474 38 vattenbyggnadsstyrelsen

289 1802 139 39 ansåge,
450 1806 49 26 att
520 1803 150 29 behovet
691 1812 42 20 av
754 1802 218 30 förbättrade
994 1801 349 30 kommunikationer
1365 1801 10 29 i
1397 1800 270 39 ifrågavarande
1690 1802 91 29 trak-

290 1850 50 26 ter
363 1847 117 30 kunde
505 1847 201 38 tillgodoses
730 1854 125 31 genom
878 1846 168 30 biltrafik.
1084 1847 12 28 I
1123 1846 190 29 skrivelsen
1336 1846 173 29 framlade
1532 1846 249 37 länsstyrelsen

290 1901 41 20 en
353 1892 193 38 detaljerad
565 1892 84 38 plan
668 1892 52 29 till
739 1892 78 37 väg-
836 1891 67 30 och
922 1890 385 39 brobyggnadsföretag
1327 1891 10 28 i
1359 1890 257 30 Klarälvdalen.
1649 1890 49 29 De
1718 1890 63 30 dit-

292 1936 67 29 tills
379 1937 96 28 ännu
493 1936 192 38 oavgjorda
704 1935 519 38 koncessionsansökningarna
1243 1935 99 29 blevo
1364 1935 154 29 därefter
1537 1935 67 29 den
1626 1935 39 29 16
1686 1935 95 29 okto-

289 1980 61 30 ber
377 1981 79 29 1931
483 1990 41 20 av
551 1980 125 38 Kungl.
703 1980 100 39 Maj:t
828 1980 176 37 avslagna.

334 2024 118 30 Under
477 2024 102 31 årens
603 2025 82 38 lopp
709 2025 89 29 hava
823 2024 153 30 därefter
1000 2024 91 30 vissa
1118 2023 161 38 åtgärder
1303 2024 163 38 vidtagits
1490 2024 55 29 för
1569 2023 212 37 förbättring

290 2079 42 19 av
347 2069 397 30 kommunikationerna
762 2069 9 29 i
789 2078 106 20 norra
912 2069 201 29 Värmland.
1143 2069 161 29 Rörande
1321 2069 42 29 de
1380 2069 204 29 nuvarande
1603 2068 178 38 järnvägs-

291 2114 64 29 och
371 2113 471 39 landsvägsförbindelserna
861 2116 89 27 samt
965 2113 237 38 busslinjerna
1221 2112 125 31 tillåter
1364 2113 50 38 sig
1431 2113 249 38 länsstyrelsen
1697 2113 84 29 hän-

291 2157 70 30 visa
388 2157 49 30 till
465 2157 153 38 Sveriges
646 2157 356 30 kommunikationers
1028 2157 100 31 karta
1154 2158 80 29 över
1259 2157 144 38 Sverige,
1430 2157 100 30 karta
1557 2158 80 28 över
1664 2157 117 29 Värm-

289 2202 99 29 lands
421 2203 66 34 län,
521 2202 263 37 vägdirektören
818 2197 71 34 Åke
922 2202 210 29 Petterssons
1166 2202 60 29 PM
1260 2201 177 38 angående
1470 2202 177 29 allmänna
1678 2202 104 37 vägar

291 2247 8 28 i
325 2246 208 31 Värmlands
560 2248 58 29 län
647 2251 89 26 samt
762 2247 223 38 förteckning
1011 2248 82 28 över
1121 2247 269 38 omnibuslinjer
1416 2247 9 28 i
1451 2247 104 34 länet,
1584 2246 92 30 vilka
1703 2246 78 39 fyra

290 2291 209 39 handlingar
526 2292 65 29 här
620 2291 145 39 bifogas.
807 2291 228 30 Beträffande
1063 2291 236 38 busslinjerna
1325 2292 65 29 bör
1417 2290 166 39 påpekas,
1612 2294 50 27 att
1689 2293 92 36 post-

290 2335 136 30 verkets
455 2336 236 39 diligenslinje
719 2336 80 30 från
828 2336 97 30 Råda
954 2336 296 38 järnvägsstation
1282 2345 145 20 numera
1459 2337 38 28 är
1528 2336 173 29 utsträckt
1730 2335 50 29 till

290 2379 174 38 Långflon
483 2381 56 29 vid
559 2381 130 29 norska
709 2382 149 37 gränsen
880 2381 9 28 i
909 2381 37 29 N.
967 2380 202 38 Finnskoga
1190 2381 138 34 socken,
1352 2381 37 29 15
1408 2380 62 29 mil
1489 2390 84 20 norr
1592 2390 58 20 om
1670 2380 110 29 Norra

290 2423 105 31 Råda.
429 2424 52 30 En
502 2425 158 35 resande,
684 2435 74 20 som
781 2424 154 39 påstiger
957 2425 192 37 diligensen
1172 2425 10 29 i
1204 2424 174 39 Långflon
1401 2425 45 29 kl.
1480 2425 8 29 5
1511 2424 44 39 på
1576 2432 203 30 morgonen.

290 2469 206 29 ankommer
524 2470 45 28 kl.
602 2470 93 29 14.10
724 2470 50 29 till
802 2469 97 30 Råda
927 2469 306 38 järnvägsstation,
1262 2469 150 30 varefter
1440 2470 66 29 den
1536 2469 147 30 resande
1711 2469 68 29 kan
