2252 2608
179 1606 161 34 Ändringar
359 1609 11 25 i

168 1644 206 26 mantalsskriv-

185 1680 186 33 ningsförord-

220 1716 104 31 mingen.

388 190 20 29 4
599 189 117 31 Andra
743 188 201 32 kammarens
962 190 129 37 femte
1118 188 169 41 tillfälliga
1311 187 136 32 utskotts
1470 187 169 32 utlåtande
1663 187 54 30 Nr
1741 190 29 28 7.

387 268 110 32 under
533 268 116 40 andra,
685 279 93 22 mera
802 266 178 33 bestämda
1003 266 301 41 yrkeskategorier.
1353 267 15 31 I
1394 267 168 32 samband
1585 266 144 32 härmed
1755 266 67 32 kan
1847 267 62 32 ock
1934 268 53 41 på-

387 313 104 41 pekas
516 314 64 31 den
606 312 308 40 omständigheten,
942 314 50 29 att
1015 322 41 21 en
1082 312 63 31 och
1171 321 133 22 samma
1327 311 211 41 benämning
1562 312 67 31 kan
1647 312 10 31 i
1676 310 90 33 olika
1782 311 208 32 landsändar

387 358 36 30 få
458 368 40 22 en
534 359 159 31 stundom
733 358 103 39 något
872 356 182 38 skiftande,
1080 356 162 32 stundom
1275 357 71 30 åter
1371 356 71 32 helt
1467 356 192 32 avvikande
1684 355 176 33 innebörd.
1909 356 79 32 Som

387 402 155 41 exempel
578 403 44 40 på
658 401 57 31 det
743 401 91 31 förra
863 402 57 30 må
945 401 137 31 anföras
1107 400 296 40 benämningarna
1428 405 132 37 torpare
1586 400 64 33 och
1674 401 209 41 nybyggare.
1932 400 57 32 Be-

387 446 169 31 träffande
592 446 98 31 dessa
726 445 90 31 båda
851 445 62 31 har
948 445 187 32 statistiska
1172 444 239 41 centralbyrån
1449 446 72 31 icke
1555 448 111 28 ansett
1691 445 52 40 sig
1767 446 118 31 kunna
1909 448 81 35 göra

388 493 106 28 annat
519 495 42 26 än
585 490 162 32 bearbeta
771 489 221 42 uppgifterna
1017 489 128 32 sådana
1171 490 41 31 de
1237 499 42 21 av
1303 489 317 42 pastorsämbetena
1645 488 159 40 lämnats,
1830 492 84 29 utan
1936 498 54 21 av-

388 534 123 32 seende
547 535 106 40 därpå
690 538 47 28 att
776 535 236 40 »nybyggare»
1052 534 61 32 och
1145 537 171 38 »torpare»
1344 534 10 30 i
1380 534 40 31 de
1446 534 206 40 nordligaste
1678 532 101 32 länen
1804 534 118 31 kunna
1946 533 45 30 ha

388 589 42 22 en
455 581 104 38 något
582 578 92 33 olika
698 578 163 41 ställning
886 583 42 26 än
953 579 11 30 i
989 579 117 40 övriga
1132 578 93 32 delar
1250 588 41 21 av
1316 578 97 32 riket.
1461 578 58 32 Ett
1543 576 156 43 exempel
1724 579 71 29 åter
1819 579 44 40 på
1878 577 111 41 yrkes-

387 624 211 41 benämning
623 624 77 31 med
726 623 70 32 helt
820 623 196 41 skiljaktiga
1041 623 192 41 betydelser
1261 622 132 32 lämnar
1418 623 96 31 ordet
1542 621 312 38 »bruksarbetare»,
1885 620 105 33 vilket

388 669 10 30 i
434 672 105 28 större
575 668 99 32 delen
712 678 43 22 av
787 668 87 30 riket
909 667 183 32 betecknar
1133 667 153 32 arbetare
1321 667 58 31 vid
1416 667 165 41 järnbruk
1618 685 43 3 —
1697 666 121 32 endast
1841 666 10 30 i
1877 666 113 32 denna

387 712 172 41 betydelse
595 713 63 30 har
683 712 55 32 det
763 714 144 29 använts
931 712 11 30 i
967 711 257 42 centralbyråns
1249 711 251 42 publikationer
1541 730 42 3 —
1619 721 79 21 men
1728 712 20 30 å
1776 711 90 31 vissa
1901 713 89 29 orter

388 759 10 29 i
434 757 179 40 sydvästra
649 756 139 41 Sverige
824 756 175 32 användes
1035 767 54 21 om
1127 756 390 37 sockerbruksarbetare,
1548 757 19 30 å
1591 755 110 31 andra
1726 759 87 28 orter
1838 756 71 30 åter
1934 765 54 21 om

388 801 362 41 tegelbruksarbetare.
799 800 191 42 Självfallet
1014 801 90 31 hava
1129 801 59 31 vid
1207 800 255 41 centralbyråns
1480 800 225 40 bearbetning
1723 800 96 31 dessa
1837 799 150 32 arbetare

387 846 155 31 hänförts
578 846 51 31 till
664 845 320 39 sockerindustrien,
1021 856 86 31 resp.
1138 845 363 41 tegeltillverkningen.
1550 844 80 32 Som
1659 855 42 21 en
1727 844 179 41 olägenhet
1931 843 57 31 vid

387 889 475 41 församlingsboksutdragen
898 891 57 30 må
987 889 159 42 slutligen
1172 895 153 33 nämnas,
1352 893 50 28 att
1427 890 41 31 de
1492 888 169 42 svårligen
1687 889 121 40 medge
1832 899 41 21 en
1899 888 90 32 stati-

388 935 65 31 stik
490 938 80 28 över
606 934 281 32 kombinationen
913 944 43 22 av
980 934 89 32 olika
1093 935 117 40 yrken,
1237 945 117 21 varom
1380 944 94 21 mera
1498 934 9 30 i
1533 934 56 31 det
1612 932 162 42 följande.
1823 932 166 32 Fullstän-

388 979 74 40 digt
486 979 119 31 kunna
629 979 98 32 dessa
751 979 119 32 brister
895 980 9 30 i
929 979 190 32 statistiken
1145 979 179 41 avhjälpas
1349 979 121 31 endast
1495 988 121 31 genom
1643 988 42 21 en
1711 977 141 32 särskild
1878 977 111 40 yrkes-

388 1023 155 41 räkning,
592 1023 66 32 Det
683 1028 37 27 är
744 1023 171 32 måhända
940 1024 30 40 ej
997 1034 40 20 ur
1060 1028 111 36 vägen
1198 1027 50 28 att
1271 1024 62 31 här
1357 1024 112 31 erinra
1494 1033 55 21 om
1573 1022 193 32 skillnaden
1794 1020 125 33 mellan
1947 1021 41 32 de

388 1068 259 41 upplysningar,
686 1079 72 21 som
794 1067 145 33 erhållas
976 1068 55 31 vid
1066 1078 42 21 en
1143 1068 95 41 dylik
1262 1068 143 31 särskild
1430 1067 257 41 yrkesräkning,
1714 1066 62 32 och
1802 1066 87 38 dem,
1915 1076 73 21 som

389 1113 118 31 kunna
543 1113 145 31 erhållas
724 1113 59 32 vid
819 1123 40 21 en
897 1112 116 41 vanlig
1048 1112 231 41 folkräkning.
1326 1112 301 40 Yrkesräkningen
1657 1111 68 31 kan
1750 1111 79 40 giva
1853 1110 136 41 mycket

389 1167 237 31 noggrannare
661 1157 126 32 besked
812 1168 55 20 om
893 1157 41 32 de
959 1156 165 33 särskilda
1148 1157 358 42 yrkesspecialitéerna
1531 1159 97 36 samt,
1654 1155 114 32 därest
1792 1157 37 30 så
1852 1155 133 37 önskas,

389 1201 217 32 kombineras
631 1202 80 31 med
735 1202 296 40 undersökningar
1056 1212 55 21 om
1137 1202 161 31 använda
1322 1201 274 38 arbetsmetoder,
1615 1200 229 32 växelverkan
1862 1198 123 33 mellan

390 1246 41 31 de
456 1245 91 32 olika
571 1247 310 40 näringsgrenarna
905 1256 28 22 o.
960 1256 24 21 s.
1004 1256 30 20 v.
1073 1245 104 42 Varje
1195 1246 243 40 yrkesutövare
1454 1244 119 42 plägar
1590 1245 59 31 vid
1666 1255 43 21 en
1732 1244 92 41 dylik
1842 1244 146 40 räkning

390 1293 168 38 upptagas
594 1290 109 31 under
740 1290 55 32 det
831 1289 219 39 arbetsställe,
1077 1290 60 31 där
1162 1291 69 31 han
1257 1295 36 26 är
1317 1290 184 40 sysselsatt.
1548 1289 68 32 Vid
1643 1289 42 31 de
1710 1288 174 32 allmänna
1908 1287 83 31 folk-

389 1335 232 41 räkningarna
656 1335 55 31 får
746 1345 80 21 man
863 1335 119 32 endast
1018 1334 80 32 reda
1133 1336 45 40 på
1214 1334 127 32 antalet
1376 1344 169 32 personer,
1580 1344 73 21 som
1679 1332 212 42 sysselsättas
1915 1332 11 30 i
1952 1331 40 32 de

390 1378 90 33 olika
505 1380 138 40 yrkena,
671 1382 83 28 utan
779 1381 107 39 några
909 1390 72 21 som
1007 1378 86 33 helst
1118 1378 252 42 upplysningar
1394 1389 55 21 om
1475 1378 114 41 yrkets
1614 1377 97 39 drift;
1738 1387 78 21 men
1841 1387 81 20 man
1947 1386 45 21 er-

390 1423 108 32 håller
533 1424 10 31 i
584 1422 110 33 stället
730 1434 41 21 en
798 1434 114 21 annan
941 1423 210 41 upplysning
1176 1433 42 21 av
1243 1423 112 38 värde,
1382 1423 10 30 i
1418 1423 57 30 det
1500 1425 49 28 att
1574 1422 262 39 folkräkningen
1861 1421 133 31 lämnar

391 1468 136 41 uppgift
551 1468 30 41 ej
608 1467 86 32 blott
719 1469 20 30 å
764 1467 127 32 antalet
915 1467 254 41 yrkesutövare,
1194 1471 84 28 utan
1303 1472 86 26 även
1415 1468 20 30 å
1460 1467 57 31 det
1541 1466 93 31 antal
1659 1475 169 32 personer,
1843 1475 73 22 som
1933 1475 58 21 un:

391 1511 166 32 derhålles
583 1522 42 21 av
651 1512 42 31 de
717 1512 249 40 yrkesidkande
990 1511 346 41 huvudpersonernas
1362 1511 145 31 arbete.»

502 1603 183 35 Utskottet
712 1602 66 34 har
806 1602 106 35 också
941 1605 117 31 ansett
1085 1601 166 46 lämpligt
1279 1601 118 34 erinra
1426 1613 56 22 om
1504 1600 93 34 vissa
1617 1599 227 35 föreskrifter
1863 1599 130 35 beträf-

394 1656 109 35 fande
541 1655 445 46 mantalsskrivningarna.
1043 1654 126 46 Enligt
1198 1655 22 44 8
1250 1656 22 32 4
1302 1666 104 22 mom.
1443 1656 16 31 1
1493 1652 500 46 mantalsskrivningsförord-

395 1709 135 46 ningen
549 1709 94 35 skall
663 1721 45 22 en
727 1721 74 31 var,
823 1721 74 22 som
918 1708 30 47 ej
970 1709 64 34 hos
1054 1720 120 22 annan
1196 1707 305 43 mantalsskrives,
1522 1707 119 34 lämna
1661 1705 147 47 uppgift
1826 1706 55 35 till
1898 1718 95 22 man-

394 1763 308 45 talsskrivningen
722 1762 113 46 enligt
854 1762 170 34 fastställt
1043 1761 186 34 formulär.
1259 1760 125 46 Enligt
1403 1772 136 22 samma
1555 1760 21 44 $
1593 1772 105 22 mom.
1720 1762 19 31 5
1757 1764 65 41 äga
1836 1759 157 34 emeller-

391 1816 53 34 tid
474 1816 150 46 allmoge
653 1816 66 34 och
748 1815 140 35 mindre
916 1814 267 46 skrivkunniga
1212 1817 52 32 att
1291 1813 113 47 själva
1424 1813 86 35 eller
1529 1825 126 34 genom
1677 1825 120 22 annan
1818 1812 175 46 uppgifts-

393 1869 132 46 pliktig
544 1881 128 34 person
695 1868 200 47 muntligen
916 1868 162 35 meddela
1098 1868 79 34 sina
1193 1866 194 47 uppgifter.
1420 1866 17 34 I
1453 1866 223 35 sistnämnda
1692 1866 197 45 stadgande
1904 1865 89 35 före-

392 1923 94 45 slogs
515 1934 126 34 genom
673 1922 126 46 kungl.
822 1921 219 47 proposition
1060 1921 55 34 till
1139 1923 99 33 1909
1261 1923 56 32 års
1343 1920 148 46 riksdag
1510 1919 146 35 särskilt
1676 1919 82 34 med
1777 1920 141 45 hänsyn
1938 1918 56 35 till

393 1976 69 34 den
492 1977 39 32 år
563 1978 99 32 1910
693 1975 209 34 tillämnade
930 1974 283 46 folkräkningen
1242 1986 44 22 en
1315 1973 155 46 ändring
1494 1972 175 35 avseende
1689 1975 52 32 att
1762 1971 232 47 uppgifterna

393 2029 119 34 skulle
532 2028 251 46 ovillkorligen
803 2029 137 34 lämnas
960 2027 218 46 skriftligen,
1202 2027 172 47 varjämte
1390 2027 60 34 det
1465 2026 118 34 skulle
1598 2025 118 46 åligga
1732 2026 69 34 den
1816 2025 178 46 uppgifts-

393 2081 166 47 skyldige
588 2085 52 31 att
669 2082 112 34 redan
808 2082 12 34 i
849 2081 126 47 förväg
1002 2082 46 33 ha
1077 2080 79 35 låtit
1185 2080 94 35 förse
1308 2079 192 47 uppgiften
1529 2079 80 34 med
1628 2079 106 47 intyg
1753 2091 55 22 om
1830 2082 52 31 att
1906 2091 87 33 upp-

393 2135 115 45 giften
536 2135 106 35 blivit
667 2135 157 47 jämförd
855 2135 79 34 med
964 2134 359 46 församlingsboken.
1369 2133 183 45 Förslaget
1576 2135 102 32 rönte
1699 2132 178 35 motstånd
1897 2132 97 34 såväl

393 2188 64 34 hos
487 2188 143 35 enskild
660 2189 175 34 motionär
863 2201 74 22 som
967 2189 64 34 hos
1060 2186 407 47 bevillningsutskottet,
1490 2185 143 36 vilket
1625 2180 22 58 i
1661 2185 148 35 ärendet
1828 2184 163 35 anförde:
