1892 2827
510 184 312 30 Bankoutskottets
848 184 178 31 utlåtande
1050 194 43 20 nr
1117 184 41 31 30
1183 185 39 30 år
1248 185 83 30 1969
1623 185 39 30 19

174 267 236 39 ningsökning
431 267 72 29 inte
524 267 137 39 uppnås
683 276 81 20 men
784 267 258 39 investeringen
1063 267 94 29 leder
1177 267 53 30 till
1253 268 90 29 ökad
1366 268 209 29 effektivitet
1596 269 65 28 och

173 312 144 29 därmed
331 312 52 29 till
398 312 110 29 större
522 312 159 39 trygghet
694 312 55 29 för
762 312 41 29 de
817 312 183 29 anställda.

221 357 13 29 I
253 356 100 40 fråga
371 365 57 21 om
446 357 376 40 lokaliseringsstödets
841 357 101 36 form,
961 361 53 27 art
1032 359 63 29 och
1114 358 211 40 omfattning
1342 359 63 30 bör
1422 359 68 30 den
1507 360 154 29 sakkun-

173 402 78 39 nige
270 403 179 38 klarlägga
468 402 118 29 vilken
604 402 65 29 roll
689 402 56 29 det
766 402 139 39 statliga
925 402 112 29 stödet
1057 403 110 38 spelat
1186 402 58 30 vid
1262 403 276 39 finansieringen
1558 413 42 19 av
1619 404 41 29 de

177 446 421 39 företagslokaliseringar
621 455 75 21 som
719 447 57 39 ägt
797 457 79 20 rum
899 448 110 30 under
1031 448 316 39 försöksperioden.
1371 448 78 31 Han
1469 449 63 30 bör
1553 450 108 39 pröva

176 500 56 21 om
255 491 57 31 det
334 491 285 40 kapitaltillskott
642 501 74 20 som
738 494 114 29 staten
871 493 65 30 har
956 493 133 29 lämnat
1110 493 71 30 kan
1202 503 101 21 anses
1325 494 158 39 lämpligt
1505 495 122 39 avvägt
1649 495 10 28 i

176 536 220 31 förhållande
420 537 54 29 till
498 538 118 39 övriga
640 537 250 40 kreditgivares
915 538 159 30 insatser.
1106 538 6 29 I
1138 539 171 29 samband
1333 539 144 30 därmed
1501 539 63 30 bör
1588 539 70 30 han

175 582 169 39 överväga
368 591 57 20 om
450 591 82 21 man
556 583 63 29 bör
643 583 102 29 ställa
767 583 218 39 preciserade
1009 583 85 31 krav
1118 584 45 39 på
1186 584 319 39 riskfördelningen
1530 585 128 30 mellan

174 628 113 28 staten
306 627 66 29 och
392 628 110 29 andra
521 627 233 39 kreditgivare
773 637 75 20 som
868 628 253 39 förutsättning
1141 628 54 30 för
1215 629 132 39 statligt
1366 636 246 32 engagemang.

216 671 76 30 Den
308 672 220 40 sakkunnige
544 672 62 30 bör
623 673 116 29 sträva
755 672 88 31 efter
859 675 49 28 att
925 681 38 31 ge
980 673 40 30 de
1037 673 412 40 lokaliseringspolitiska
1465 674 192 39 stödåtgär-

173 716 109 31 derna
299 716 110 31 sådan
426 716 93 30 form
536 719 49 27 att
601 717 44 30 de
663 718 37 29 så
717 717 141 39 smidigt
875 718 63 29 och
956 718 291 39 ändamålsenligt
1265 727 75 21 som
1356 718 138 40 möjligt
1511 718 71 30 kan
1599 728 58 20 an-

172 770 123 29 passas
314 761 52 29 till
384 761 43 32 de
446 761 227 31 individuella
691 762 342 40 förutsättningarna
1049 764 11 29 i
1078 763 98 39 varje
1194 763 142 30 särskilt
1355 763 72 30 fall.
1447 763 130 30 Härvid
1595 764 62 29 bör

171 807 67 29 den
261 807 221 38 sakkunnige
503 816 84 20 vara
609 806 229 30 oförhindrad
862 808 50 28 att
935 807 169 39 överväga
1125 816 56 20 om
1205 807 87 29 även
1314 808 111 29 andra
1447 808 210 29 stödformer

171 852 46 28 än
232 852 42 29 de
291 852 203 29 nuvarande
510 851 139 30 behövs.
667 852 126 29 Vidare
810 852 62 29 bör
888 852 72 29 han
975 852 108 39 pröva
1099 852 125 39 frågan
1241 861 56 20 om
1315 862 43 20 en
1374 853 144 39 lämplig
1536 853 122 39 avväg-

172 895 84 40 ning
276 895 129 31 mellan
425 895 122 41 bidrag
567 897 65 29 och
652 896 58 30 lån
728 897 56 30 vid
806 897 93 30 olika
919 897 303 40 förutsättningar.
1243 898 79 29 Han
1340 898 63 30 bör
1422 898 105 30 också
1547 898 109 30 förut-

173 940 243 40 sättningslöst
434 942 108 38 pröva
560 950 57 21 om
634 942 58 29 det
712 943 37 29 är
767 945 89 27 mest
875 942 291 40 ändamålsenligt
1185 945 49 28 att
1254 943 113 30 stödet
1385 943 127 30 liksom
1531 943 124 30 hittills

171 986 154 30 bestäms
351 995 75 21 som
451 996 42 20 en
516 987 71 29 viss
613 987 101 29 andel
739 996 42 21 av
805 988 300 38 investeringarna
1128 989 11 28 i
1164 987 199 40 byggnader
1387 988 65 29 och
1476 988 179 29 maskiner

173 1030 82 30 eller
279 1040 56 20 om
359 1031 56 29 det
439 1031 62 30 bör
524 1031 228 30 konstrueras
776 1032 44 39 på
843 1034 107 27 annat
975 1032 77 29 sätt.
1077 1032 65 40 Jag
1163 1032 61 30 vill
1247 1033 10 29 i
1282 1032 94 30 detta
1400 1032 254 40 sammanhang

170 1076 116 28 erinra
308 1084 56 21 om
387 1078 50 26 att
459 1076 323 39 lokaliseringsstöd
803 1077 11 28 i
836 1076 105 39 något
963 1076 62 30 fall
1047 1077 151 29 lämnats
1221 1077 55 29 för
1298 1077 220 39 uppförande
1542 1086 41 20 av
1604 1077 52 28 in-

171 1119 248 31 dustrilokaler
443 1120 54 30 för
521 1121 190 40 uthyrning
734 1121 53 30 till
811 1121 203 40 företagare.
1039 1122 74 30 Den
1138 1122 218 39 sakkunnige
1379 1122 63 30 bör
1465 1123 189 38 uppmärk-

172 1173 135 22 samma
324 1164 139 31 utfallet
480 1174 41 22 av
538 1166 77 29 stöd
632 1165 55 31 för
703 1166 125 30 sådant
844 1166 173 30 ändamål.
1035 1166 75 30 Den
1126 1167 219 39 sakkunnige
1361 1167 63 30 bör
1439 1167 105 30 också
1561 1168 93 29 över-

171 1211 86 38 väga
280 1218 59 21 om
359 1209 386 41 företagsekonomiska
767 1212 76 29 skäl
864 1211 71 31 kan
956 1213 169 29 motivera
1147 1212 131 39 statligt
1298 1212 231 40 delägarskap
1551 1213 11 29 i
1585 1213 70 29 sär-

171 1254 113 31 skilda
307 1254 71 36 fall,
401 1257 23 27 t.
439 1264 50 21 ex.
512 1257 64 28 när
597 1265 42 20 en
661 1256 150 30 solvens-
832 1256 83 30 eller
935 1256 436 40 likviditetsförstärkning
1392 1267 42 20 av
1454 1257 124 29 snabbt
1600 1267 54 19 ex-

170 1299 223 40 panderande
412 1299 133 41 företag
560 1301 94 29 visar
671 1301 50 39 sig
737 1301 207 39 nödvändig.

215 1362 368 41 Utredningsmannen
605 1364 117 40 åläggs
744 1365 118 30 vidare
885 1365 11 29 i
918 1365 196 30 direktiven
1136 1367 50 28 att
1208 1365 169 40 överväga
1397 1365 68 31 vad
1487 1374 75 21 som
1585 1365 69 30 kan

168 1425 84 23 vara
270 1418 50 29 att
337 1417 107 31 vinna
461 1417 44 39 på
523 1420 50 28 att
590 1427 97 21 mera
705 1419 239 39 systematiskt
962 1419 156 39 utnyttja
1135 1418 229 40 möjligheten
1382 1422 50 27 att
1449 1419 205 30 kombinera

170 1469 325 41 lokaliseringsstöd
512 1472 79 30 med
610 1473 110 29 andra
738 1472 220 31 stödformer.
977 1473 179 39 Frågorna
1173 1482 57 20 om
1246 1473 95 30 vilka
1359 1472 202 31 säkerheter
1579 1482 74 20 som

168 1523 63 31 bör
252 1525 120 30 ställas
394 1526 63 29 och
479 1534 57 21 om
558 1526 130 30 statens
709 1526 104 40 insyn
832 1528 10 28 i
863 1527 41 30 de
924 1526 134 40 företag
1079 1536 76 20 som
1175 1526 55 30 får
1249 1527 324 39 lokaliseringsstöd
1591 1526 62 30 bör

170 1577 106 30 också
292 1579 136 38 prövas.
446 1579 75 29 Den
538 1580 221 39 sakkunnige
774 1580 64 30 har
855 1581 86 29 även
957 1582 50 28 att
1024 1580 142 30 studera
1181 1580 305 40 handläggningen
1503 1590 43 21 av
1562 1581 90 29 stöd-

169 1631 175 32 ärendena
367 1633 65 29 och
455 1632 129 31 föreslå
607 1634 41 30 de
672 1633 250 40 förbättringar
945 1643 42 22 av
1009 1633 259 31 administrativ
1290 1634 64 29 och
1378 1634 275 39 organisatorisk

171 1687 52 28 art
247 1694 74 21 som
343 1686 70 30 kan
435 1696 82 21 vara
539 1687 194 39 påkallade.

212 1739 75 29 Den
305 1740 219 39 sakkunnige
543 1741 37 28 är
598 1740 229 30 oförhindrad
846 1743 49 27 att
913 1743 36 27 ta
967 1750 69 30 upp
1055 1742 86 29 även
1158 1742 111 29 andra
1285 1742 117 39 frågor
1421 1752 74 20 som
1512 1744 58 28 rör
1588 1744 66 29 den

169 1792 412 40 lokaliseringspolitiska
605 1794 345 31 stödverksamheten
974 1796 44 29 än
1040 1796 80 29 dem
1143 1805 75 21 som
1242 1796 142 31 särskilt
1406 1798 142 30 nämnts
1570 1798 11 29 i
1602 1798 50 29 di-

168 1845 168 30 rektiven.

212 1899 239 40 Utredningen
466 1900 65 30 har
546 1909 124 31 genom
687 1912 42 20 en
745 1902 105 32 enkät
866 1903 165 30 insamlat
1046 1903 177 40 uppgifter
1240 1913 56 20 om
1312 1904 338 40 planeringsrådens,

169 1954 434 29 länsarbetsnämndernas
638 1955 64 29 och
737 1955 465 40 företagareföreningarnas
1238 1957 236 30 erfarenheter
1510 1967 42 20 av
1587 1958 66 30 den

168 2008 123 29 hittills
304 2008 168 30 bedrivna
485 2009 410 40 lokaliseringspolitiska
908 2010 278 30 verksamheten.

213 2062 238 40 Utredningen
474 2071 98 21 avser
595 2065 50 28 att
668 2063 194 39 framlägga
884 2066 48 28 ett
955 2065 276 30 delbetänkande
1254 2066 111 29 under
1387 2066 38 29 år
1450 2066 92 30 1969.

166 2187 285 40 Arbetsgruppen
468 2188 56 40 för
539 2189 305 40 glesbygdsfrågor
859 2200 45 19 m.
919 2199 45 21 m.

211 2250 99 29 Inom
331 2250 125 39 Kungl.
479 2251 124 39 Maj:ts
624 2251 114 31 kansli
759 2252 64 30 har
843 2253 142 30 tillsatts
1007 2263 43 20 en
1071 2253 228 40 arbetsgrupp
1321 2254 55 30 för
1397 2254 253 40 glesbygdsfrå-

166 2310 71 32 gor,
258 2306 232 28 sammansatt
509 2314 42 21 av
568 2305 217 39 tjänstemän
804 2306 80 30 från
901 2307 148 30 berörda
1067 2307 240 39 departement
1327 2310 90 27 samt
1436 2308 214 30 företrädare

166 2356 55 31 för
244 2356 154 32 Svenska
420 2357 362 33 kommunförbundet
804 2360 64 29 och
891 2359 154 32 Svenska
1067 2360 396 40 landstingsförbundet.
1487 2361 163 40 Gruppen

165 2410 65 30 har
251 2411 52 30 till
324 2411 139 39 uppgift
485 2413 50 28 att
555 2413 108 38 pröva
683 2413 64 29 och
768 2414 188 31 successivt
977 2413 194 40 framlägga
1191 2414 131 40 förslag
1342 2415 52 30 till
1415 2415 161 40 åtgärder
1596 2415 54 30 för

165 2466 51 28 att
243 2463 173 32 förbättra
442 2465 414 31 levnadsförhållandena
883 2467 54 30 för
963 2467 249 40 befolkningen
1238 2469 11 28 i
1277 2469 218 39 glesbygden,
1525 2469 124 30 främst

165 2518 66 29 vad
250 2518 107 38 gäller
376 2517 66 31 den
461 2519 240 40 samhälleliga
719 2520 163 30 servicen.
902 2520 301 40 Arbetsgruppens
1220 2522 223 30 verksamhet
1461 2522 64 30 har
1542 2523 106 29 inrik-
