1882 2830
319 169 39 29 14
767 170 277 29 Bankoutskottets
1064 172 158 27 utlåtande
1243 173 43 27 Nr
1308 174 44 26 19.

317 249 164 30 omfattar
507 251 17 28 2
540 251 64 29 250
630 249 108 40 linjer,
765 251 31 29 d.
824 261 30 20 v.
883 261 23 20 s.
934 252 193 36 bokstäver,
1155 253 223 39 skiljetecken
1404 254 65 29 och
1494 254 236 39 mellanrum),
1758 265 48 20 er-

315 293 114 30 hållas
449 294 153 39 följande
625 295 125 30 siffror.

360 337 283 39 Stomprotokoll:
668 340 58 29 180
746 340 313 31 handskriftssidor
1072 353 43 12 =
1132 343 60 29 180
1211 342 260 31 avskriftssidor
1484 355 43 12 —
1540 344 42 29 90
1603 344 202 38 trycksidor.

357 382 332 39 Extraktprotokoll:
714 385 62 29 332
803 385 443 31 handskriftssidor
1143 378 20 51 =
1178 378 65 51 498
1272 386 393 32 avskriftssidor
1557 378 20 51 —
1602 378 62 51 249
1692 390 111 35 tryck-

316 427 101 30 sidor.

359 471 309 32 Protokollstexten
693 473 53 30 för
773 474 81 29 1731
883 473 54 31 års
961 475 141 39 riksdag
1128 476 108 30 skulle
1262 476 132 31 således
1419 478 142 29 komma
1586 480 49 27 att
1660 478 145 30 omfatta

315 516 63 29 339
403 516 101 37 sidor,
527 516 55 31 för
605 518 175 30 säkerhets
804 519 93 29 skull
919 520 171 30 avrundat
1114 520 106 39 uppåt
1243 521 50 29 till
1316 522 64 29 350
1405 521 100 30 sidor.
1531 522 125 29 Härtill
1678 523 62 29 bör
1761 540 44 3 —

314 560 125 30 liksom
464 561 57 30 vid
545 562 111 30 under
681 562 179 39 utgivning
885 564 151 30 varande
1061 565 116 37 volym
1201 583 43 3 —
1269 566 99 37 fogas
1394 569 173 35 utrymme
1592 566 54 31 för
1672 567 132 35 företal,

313 604 403 41 innehållsförteckning,
736 607 177 40 inledning
934 608 49 31 till
1002 609 196 39 riksdagen,
1219 610 289 39 kapitelrubriker
1534 610 43 39 (d.
1600 622 28 19 v.
1651 621 23 20 s.
1696 611 109 31 rubri-

312 649 62 30 ker
394 650 54 30 för
468 651 40 29 de
529 651 93 30 olika
643 653 458 39 sammanträdesdagarna),
1124 658 104 31 noter,
1251 655 203 39 mellanslag
1475 656 65 30 och
1560 666 70 28 nya
1652 657 151 38 stycken.

314 693 100 30 Detta
436 697 172 35 utrymme
629 696 172 30 beräknas
821 697 51 30 till
894 707 53 20 c:a
969 699 41 29 40
1033 699 103 29 sidor.
1160 699 123 30 Härtill
1305 701 142 29 komma
1468 701 143 37 bilagor.
1635 701 48 29 Av
1705 702 99 29 dessa

312 738 70 29 kan
405 739 120 30 endast
547 749 43 21 en
614 740 44 38 på
681 740 150 31 förhand
854 742 181 36 beräknas,
1060 743 172 39 nämligen
1256 745 191 38 allmogens
1471 746 177 30 allmänna
1671 746 131 35 besvär,

312 791 78 21 vars
410 783 167 39 ingående
597 784 10 30 i
627 785 93 38 varje
739 785 159 40 riksdags
917 786 131 40 bilagor
1068 788 63 29 bör
1150 798 99 20 anses
1269 789 55 30 för
1345 789 188 39 självklart.
1556 790 66 30 För
1646 791 79 29 1731
1748 789 55 31 års

310 827 142 39 riksdag
471 830 121 37 utgöra
613 829 42 30 de
675 830 176 30 allmänna
871 831 165 30 besvären
1060 833 60 29 164
1141 833 321 31 handskriftssidor.
1484 834 13 29 I
1519 835 190 30 allmänhet
1729 844 73 21 sva-

310 880 57 21 rar
390 872 57 30 två
470 873 310 32 handskriftssidor
803 875 148 39 ungefär
973 879 73 27 mot
1069 886 43 21 en
1135 877 251 37 avskriftssida,
1411 879 116 30 varför
1551 879 114 30 denna
1688 880 114 38 bilaga

311 916 63 30 bör
398 917 169 30 beräknas
593 919 141 30 komma
758 922 49 27 att
832 921 122 37 utgöra
979 930 54 20 c:a
1058 922 41 29 45
1125 922 202 38 trycksidor.
1355 923 67 30 För
1446 923 117 39 övriga
1588 924 132 38 bilagor
1744 924 58 30 må

310 960 171 31 beräknas
502 962 59 30 155
580 962 102 31 sidor.
702 963 64 30 För
783 964 161 38 volymen
961 965 120 39 nödigt
1098 975 137 28 person-
1253 967 66 30 och
1337 968 204 38 sakregister
1558 969 107 36 torde,
1683 969 54 29 för
1753 972 50 27 att

310 1004 44 39 på
379 1008 46 27 ett
448 1005 315 33 tillfredsställande
789 1010 67 28 sätt
880 1010 118 30 kunna
1023 1020 100 20 svara
1148 1014 70 27 mot
1243 1011 56 30 sitt
1323 1011 173 37 ändamål,
1521 1013 86 30 böra
1631 1014 171 29 beräknas

309 1049 148 31 omfatta
485 1051 40 29 32
555 1051 94 30 sidor
677 1053 78 30 eller
783 1052 57 31 två
870 1054 172 38 tryckark.
1073 1055 14 29 I
1117 1054 52 31 sin
1197 1056 115 30 helhet
1342 1057 110 30 skulle
1480 1057 162 38 volymen
1670 1057 133 31 således

310 1094 142 30 komma
474 1098 49 27 att
545 1097 140 37 utgöras
708 1106 41 21 av
772 1098 64 29 622
860 1099 193 37 trycksidor
1076 1100 81 29 eller
1179 1109 53 21 c:a
1255 1101 41 29 39
1320 1102 174 37 tryckark.

352 1191 406 38 Avskriftskostnaderna
781 1195 96 36 böra,
902 1196 85 31 efter
1010 1197 108 30 bland
1143 1198 306 33 avskriverskorna
1473 1199 8 30 i
1507 1199 207 31 riksarkivet
1738 1210 61 21 nu-

307 1245 96 21 mera
422 1238 124 37 gängse
564 1238 126 38 praxis,
708 1239 173 31 beräknas
899 1240 84 31 efter
1001 1242 18 28 2
1038 1242 130 30 kronor
1185 1242 10 30 i
1213 1242 156 31 timman.
1389 1243 64 30 Vid
1472 1245 267 30 verkställandet
1757 1255 42 20 av

307 1282 245 30 ovannämnda
575 1283 251 39 avskriftsprov
848 1284 64 30 har
934 1285 240 36 konstaterats,
1198 1289 49 27 att
1268 1287 11 29 i
1302 1288 209 38 genomsnitt
1534 1284 38 43 !/+
1595 1289 121 31 timma
1737 1290 63 30 bör

307 1325 172 31 beräknas
496 1335 60 30 per
574 1327 295 32 handskriftssida
888 1329 79 30 eller
985 1333 49 27 att
1052 1331 80 29 med
1151 1331 107 30 andra
1277 1332 63 29 ord
1359 1332 77 38 fyra
1455 1333 118 38 dylika
1592 1334 207 30 medhinnas

307 1378 60 29 per
393 1369 129 31 timma.
550 1371 68 30 För
643 1373 323 37 protokollstextens
991 1375 224 38 avskrivning
1241 1376 112 30 skulle
1379 1376 130 32 således
1536 1378 173 31 erfordras
1738 1380 62 29 128

307 1414 140 30 timmar
467 1415 64 30 och
551 1416 194 30 kostnaden
765 1417 111 30 skulle
896 1418 122 39 belöpa
1038 1418 51 39 sig
1109 1419 50 30 till
1179 1421 62 29 256
1262 1421 139 30 kronor.
1423 1422 176 31 Beräknas
1619 1423 179 39 bilagorna

305 1458 51 30 till
379 1459 64 29 400
465 1459 268 37 avskriftssidor,
756 1462 111 30 skulle
890 1463 233 31 kostnaderna
1146 1464 54 30 för
1221 1465 99 30 deras
1343 1466 224 39 avskrivning
1590 1470 121 36 utgöra
1734 1469 65 29 200

306 1503 138 30 kronor.
463 1504 484 40 Avskrivningskostnaderna
964 1507 9 30 i
991 1507 52 30 sin
1061 1509 115 29 helhet
1193 1510 109 30 skulle
1320 1509 131 32 således
1468 1512 92 30 bliva
1578 1513 63 29 456
1659 1513 138 34 kronor,

305 1557 81 20 men
409 1548 55 30 för
485 1549 178 30 säkerhets
687 1551 88 29 skull
799 1551 66 29 och
888 1552 78 29 med
989 1552 196 31 erfarenhet
1208 1553 78 31 från
1310 1555 111 30 under
1443 1556 181 40 utgivning
1646 1558 152 31 varande

305 1592 117 38 volym
442 1593 171 30 beräknas
634 1595 41 29 de
694 1596 201 30 avrundade
915 1596 106 39 uppåt
1041 1597 51 30 till
1112 1598 62 29 675
1195 1599 137 30 kronor.

347 1680 439 34 Redaktörskostnaderna:
805 1684 51 30 Av
877 1685 41 30 de
938 1686 40 29 39
999 1687 108 30 arken
1128 1688 96 30 torde
1244 1697 74 21 som
1339 1690 138 30 nämnts
1498 1690 56 31 två
1575 1691 84 30 böra
1679 1691 115 31 anslås

304 1724 49 31 till
382 1734 137 29 person-
548 1728 66 29 och
644 1728 213 39 sakregister,
887 1729 55 31 för
969 1730 105 32 vilket
1105 1732 136 30 särskilt
1269 1734 137 36 arvode,
1437 1734 199 39 förslagsvis
1666 1737 129 30 kronor

302 1769 78 29 200:
394 1788 52 18 —,
470 1770 62 31 bör
553 1771 181 32 beräknas.
757 1773 67 31 För
847 1774 117 39 övriga
985 1776 40 29 37
1051 1776 62 30 ark
1136 1776 170 32 beräknas
1330 1779 128 30 kronor
1484 1780 73 29 175:
1571 1800 45 3 —
1637 1790 60 25 per
1718 1782 74 30 ark.

301 1813 425 34 Redaktörskostnaderna
747 1817 92 31 bliva
862 1819 97 30 alltså

346 1877 41 29 37
396 1874 340 35 X175—6
606 1870 84 51 475:
708 1870 33 51 —

369 1919 184 34 2X500
521 1915 23 51 =
570 1924 13 28 1
601 1924 133 29 000:
706 1915 32 51 —

347 1983 134 31 Kronor
569 1986 111 29 7475:
693 2004 52 12 —,

347 2081 464 39 Tryckningskostnaderna:
832 2084 52 31 Då
904 2086 64 30 den
988 2087 111 30 under
1118 2088 178 39 utgivning
1314 2091 153 30 varande
1485 2091 100 30 delen
1604 2102 42 20 av
1665 2093 126 30 bonde-

300 2124 154 31 ståndets
483 2126 332 41 riksdagsprotokoll
846 2130 135 38 tryckes
1012 2131 64 31 hos
1107 2132 166 39 Almqvist
1305 2134 26 30 &
1364 2134 161 32 Wiksells
1556 2132 235 48 boktryckeri-

299 2170 205 40 aktiebolag,
525 2172 65 30 har
611 2172 104 31 offert
735 2172 19 31 å
775 2175 439 39 tryckningskostnaderna
1235 2178 54 30 för
1309 2188 48 22 nu
1378 2180 186 38 planerade
1586 2182 54 30 del
1661 2182 129 30 inford-

298 2218 71 26 rats
390 2214 78 31 från
489 2217 154 30 nämnda
661 2217 113 31 firma.
798 2218 122 31 Denna
940 2220 63 30 har
1022 2221 170 31 beräknat
1212 2232 41 20 en
1274 2223 150 31 kostnad
1445 2234 41 21 av
1507 2226 130 31 kronor
1660 2227 73 30 145:
1747 2244 45 3 —

297 2267 61 30 per
381 2260 155 39 16-sidigt
557 2262 174 38 tryckark,
752 2262 101 31 alltså

341 2319 151 36 37X145
506 2335 43 12 —
562 2324 19 30 5
596 2325 78 30 365:
687 2343 52 13 —

343 2392 68 30 För
432 2394 249 38 registerarken
704 2396 210 32 tillkommer
935 2408 41 21 en
998 2400 151 31 kostnad
1171 2410 41 22 av
1236 2402 129 31 kronor
1389 2404 88 30 7:30
1498 2414 61 30 per
1582 2405 83 36 sida,
1689 2404 99 32 alltså

296 2445 61 30 per
378 2439 161 36 tryckark
563 2441 61 29 145
641 2440 36 35 +
695 2442 72 29 116:
782 2442 42 30 80
837 2454 44 12 =
895 2444 76 29 261:
986 2444 50 30 80.
1061 2444 67 31 För
1149 2445 55 31 två
1225 2446 118 38 dylika
1364 2449 63 29 ark
1446 2449 66 30 blir
1533 2449 131 32 således
1685 2450 107 39 priset

296 2481 129 31 kronor
445 2483 76 30 523:
536 2485 52 29 60.
