2176 2628
395 210 40 30 26
950 210 216 41 Lagutskottets
1187 214 149 28 utlåtande
1358 214 48 28 Nr
1428 215 30 29 2.

394 289 247 44 räderimålet,
684 290 233 48 undanröjes.
971 290 14 35 I
1014 290 123 35 stället
1178 291 68 35 har
1284 290 319 38 ombudsmannen
1639 293 191 35 inskränkt
1857 296 59 46 sig
1942 295 58 35 till

394 345 55 30 att
481 340 12 35 i
526 341 146 35 korthet
712 342 132 44 erinra,
885 346 55 30 att
981 341 328 48 angelägenheten,
1338 346 54 31 att
1420 341 70 35 den
1531 343 216 49 härigenom
1788 345 213 47 uppkomna

394 391 239 35 osäkerheten
672 403 61 23 om
773 396 95 30 rätta
908 392 287 47 tillämpningen
1231 404 43 23 av
1308 394 44 33 10
1380 392 83 48 kap.
1495 394 43 34 14
1567 391 18 47 $
1613 393 214 49 strafflagen
1855 395 145 35 undan-

394 441 109 47 röjes,
531 441 112 36 vilket
671 444 115 33 måste
812 455 96 30 vara,
938 449 106 41 säger
1070 442 83 44 han,
1183 447 54 30 ett
1267 442 187 36 önskemål
1483 444 95 34 såväl
1606 443 59 37 för
1692 444 213 49 föreningar
1932 446 67 35 och

394 493 378 47 sammanslutningar
806 505 78 23 som
912 492 68 36 ock
1008 491 57 37 för
1090 492 274 36 vederbörande
1392 493 261 48 myndigheter
1681 501 52 30 att
1759 495 37 36 få
1822 495 109 48 bragt
1957 509 44 22 ur

393 541 161 36 världen.

496 625 38 42 d)
563 639 43 23 av
633 627 127 35 herrar
785 627 180 47 Klefbeck,
985 626 191 49 Lindqvist
1201 629 5 34 i
1225 627 213 38 Stockholm
1458 629 68 35 och
1546 629 155 35 Persson
1720 630 12 35 i
1750 631 248 48 Norrköping,

394 689 79 23 som
514 679 151 34 instämt
706 677 77 36 dels
810 677 84 36 med
922 678 85 35 herr
1034 678 278 37 Alexanderson
1340 679 69 35 och
1437 678 77 36 dels
1542 681 11 34 i
1582 679 193 37 huvudsak
1802 681 84 36 med
1914 681 85 35 herr

394 726 219 49 Lindhagen
641 728 13 35 i
683 727 105 49 fråga
814 740 60 24 om
903 728 93 36 hans
1022 728 174 50 yttrande
1224 729 116 36 under
1367 730 121 48 punkt
1515 732 20 34 3
1563 732 13 33 i
1603 731 284 37 reservationen.

495 809 34 49 e)
556 825 42 22 av
635 812 86 36 herr
752 812 96 36 Lars
876 811 138 46 Ölsson,
1043 826 78 23 som
1149 815 152 34 instämt
1330 813 84 36 med
1441 814 84 36 herr
1552 815 278 36 Alexanderson
1857 815 141 37 beträf-

394 861 112 37 fande
533 862 115 37 andra
674 863 107 35 delen
807 876 43 23 av
877 864 93 35 hans
998 863 178 37 särskilda
1203 864 183 49 yttrande.

488 945 41 49 f)
561 959 43 23 av
633 947 126 36 herrar
795 946 138 38 Schotte
959 948 68 36 och
1055 948 112 44 Rehn,
1197 961 77 23 som
1301 950 156 35 instämt
1484 949 83 36 med
1595 950 85 36 herr
1707 950 290 37 Alexanderson.

787 2277 153 27 Stockholm
962 2278 73 31 1917,
1053 2279 61 25 Ivar
1133 2279 175 32 Heggströms
1326 2279 170 33 Boktryckeri
1517 2281 28 24 A.
1568 2281 27 25 B.
