1856 2782
450 176 286 32 Statsutskottets
756 172 180 31 utlåtande
954 180 43 20 nr
1016 172 18 28 5
1053 170 39 29 år
1112 169 82 29 1963
1540 164 38 30 31

79 263 151 40 grunder
247 262 109 32 träffa
373 262 90 30 avtal
481 260 79 30 med
578 259 187 36 Göteborgs
783 256 77 30 stad
876 256 64 30 och
958 254 151 31 Svenska
1126 249 365 39 nationalföreningen
1508 249 72 28 mot

79 314 110 40 hjärt-
210 314 66 30 och
298 311 295 41 lungsjukdomar
617 308 179 40 angående
819 308 132 28 statens
974 303 230 40 övertagande
1228 311 43 20 av
1293 294 289 50 BCG-vaccintill-

79 364 214 39 verkningen
317 363 11 29 i
352 361 170 39 Göteborg
544 368 46 21 m.
614 368 55 25 m.,
693 357 74 30 dels
791 355 208 39 bemyndiga
1023 353 125 40 Kungl.
1172 352 106 39 Maj:t
1303 353 50 28 att
1376 350 139 39 vidtaga
1541 350 40 28 de

79 414 190 40 ändringar
289 414 10 29 i
320 409 431 44 personalförteckningen
774 408 55 29 för
851 408 133 29 statens
1003 402 295 41 bakteriologiska
1319 401 262 33 laboratorium,

82 473 74 22 som
180 463 199 31 föranledes
401 472 42 20 av
464 461 67 30 vad
555 459 252 39 föredragande
832 456 188 31 statsrådet
1043 454 166 34 förordat,
1234 453 74 30 dels
1331 452 187 40 godkänna
1542 460 41 20 av

81 513 253 40 föredragande
361 512 188 30 statsrådet
576 509 165 30 förordad
768 507 254 40 avlöningsstat
1047 506 55 30 för
1130 506 132 29 statens
1288 497 296 49 bakteriologiska

82 564 262 36 laboratorium,
362 565 50 29 att
429 562 179 38 tillämpas
625 561 71 30 tills
713 560 119 29 vidare
850 558 43 30 fr.
912 567 28 20 o.
959 566 46 21 m.
1023 556 204 40 budgetåret
1247 552 161 37 1963/64,
1427 553 73 30 dels
1519 552 65 30 ock

82 615 52 31 till
161 615 138 31 Statens
323 611 296 40 bakteriologiska
642 609 268 31 laboratorium:
937 607 212 39 Avlöningar
1175 605 54 30 för
1256 613 135 22 samma
1415 602 169 41 budgetår

83 665 121 30 anvisa
222 667 49 28 ett
290 662 275 40 förslagsanslag
583 671 42 20 av
646 660 15 30 7
676 660 63 30 618
754 659 63 32 000
837 659 52 30 kr.

128 748 165 39 Anslaget
312 748 40 29 är
369 748 11 29 i
399 746 158 40 gällande
576 744 145 30 riksstat
740 742 145 41 uppfört
903 742 79 30 med
1001 741 20 31 6
1033 740 63 31 630
1110 739 62 31 000
1191 740 53 29 kr.

130 832 185 29 Utskottet.
347 832 6 29 I
377 829 230 31 förevarande
630 827 256 39 sammanhang
910 825 164 40 framlagt
1098 824 131 39 förslag
1252 832 57 21 om
1332 822 190 40 infogande
1546 831 41 20 av

84 882 71 31 viss
171 879 447 40 BCG-vaccintillverkning
634 879 10 30 i
661 877 285 41 organisationen
962 876 55 30 för
1034 878 131 28 statens
1182 872 296 40 bakteriologiska
1495 872 93 30 labo-

86 932 171 30 ratorium
275 931 198 30 föranleder
491 931 104 38 ingen
613 929 142 29 erinran
773 928 81 29 från
872 927 189 29 utskottets
1081 926 84 29 sida.

129 982 50 31 De
207 992 42 21 av
278 981 253 39 föredragande
562 979 187 30 statsrådet
779 978 199 39 föreslagna
1006 974 496 42 personalförstärkningarna
1530 973 58 30 vid

87 1032 223 30 laboratoriet
332 1031 72 31 kan
426 1031 172 30 utskottet
621 1029 183 30 ävenledes
827 1027 187 40 tillstyrka.
1039 1027 13 29 I
1077 1026 169 31 samband
1270 1025 80 30 med
1373 1024 216 30 inrättandet

87 1092 42 21 av
148 1093 44 20 en
210 1081 383 41 driftingenjörstjänst
612 1081 11 29 i
643 1081 46 29 Be
711 1081 14 29 1
749 1079 55 30 för
824 1078 236 30 innevarande
1079 1076 171 40 budgetår
1270 1075 124 40 avsågs
1414 1084 43 21 en
1477 1074 112 40 tjänst

89 1141 74 22 som
183 1132 372 39 laboratorieingenjör
575 1131 11 29 i
606 1131 48 29 Ae
675 1129 41 31 24
737 1130 99 30 skola
856 1129 175 39 indragas.
1053 1127 115 40 Enligt
1188 1127 67 29 vad
1275 1126 172 30 utskottet
1467 1124 123 30 erfarit

88 1183 183 40 föreligger
293 1182 244 40 övergångsvis
559 1181 111 30 behov
691 1189 42 21 av
757 1179 220 31 sistnämnda
999 1178 121 39 tjänst,
1144 1177 54 30 för
1220 1176 117 30 vilken
1361 1176 156 39 anslaget
1539 1175 51 29 in-

89 1242 153 30 rymmer
259 1233 227 39 erforderliga
504 1231 123 31 medel.
646 1231 132 30 Hinder
797 1231 62 29 bör
878 1229 106 40 enligt
1003 1228 189 31 utskottets
1211 1227 142 40 mening
1371 1226 30 40 ej
1424 1226 166 40 föreligga

90 1286 50 29 att
162 1285 157 39 tjänsten
342 1284 71 30 tills
434 1283 120 30 vidare
577 1281 200 31 bibehålles.

134 1335 52 30 Då
200 1335 126 39 Kungl.
341 1335 125 38 Maj:ts
480 1333 156 39 förslag
621 1323 18 55 i
651 1332 111 39 övrigt
776 1331 76 30 icke
868 1330 198 30 föranleder
1081 1329 190 39 anledning
1284 1328 53 30 till
1353 1327 141 31 erinran
1509 1327 83 30 eller

91 1385 141 30 särskilt
254 1383 191 35 uttalande,
467 1382 203 31 hemställer
692 1381 181 33 utskottet,

441 1435 50 28 att
517 1433 187 39 riksdagen
729 1432 58 30 må

442 1485 36 34 a)
514 1482 207 40 bemyndiga
752 1481 127 40 Kungl.
911 1481 105 39 Maj:t
1046 1482 50 28 att
1127 1480 10 29 i
1167 1478 237 40 huvudsaklig
1435 1479 159 29 överens-

399 1533 200 30 stämmelse
628 1533 78 29 med
735 1542 42 20 av
805 1531 253 39 föredragande
1087 1530 188 30 statsrådet
1303 1530 11 29 i
1344 1529 250 39 statsrådspro-

397 1584 145 30 tokollet
566 1583 81 29 över
669 1582 262 30 socialärenden
955 1581 54 30 för
1032 1581 67 29 den
1123 1581 18 29 3
1163 1580 142 39 januari
1332 1579 83 30 1963
1438 1579 156 29 förorda-

402 1635 42 30 de
472 1634 153 40 grunder
653 1633 109 30 träffa
791 1633 92 30 avtal
912 1632 79 30 med
1020 1631 187 39 Göteborgs
1239 1631 77 30 stad
1345 1630 66 30 och
1440 1630 154 30 Svenska

399 1684 364 39 nationalföreningen
792 1686 73 27 mot
893 1683 111 39 hjärt-
1031 1682 65 30 och
1124 1681 296 40 lungsjukdomar
1447 1680 149 40 angåen-

403 1735 42 30 de
475 1737 133 28 statens
637 1734 233 40 övertagande
899 1743 42 20 av
970 1731 491 40 BCG-vaccintillverkningen
1491 1731 11 29 i
1532 1730 64 30 Gö-

399 1786 120 39 teborg
543 1795 46 20 m.
615 1794 61 26 m.;

445 1835 37 35 b)
517 1834 209 39 bemyndiga
756 1834 126 39 Kungl.
912 1833 106 39 Maj:t
1047 1835 51 27 att
1126 1832 140 39 vidtaga
1296 1832 41 30 de
1367 1831 190 40 ändringar
1586 1831 10 29 i

401 1884 432 41 personalförteckningen
861 1884 55 29 för
944 1885 131 28 statens
1103 1881 296 40 bakteriologiska
1426 1882 172 29 laborato-

401 1935 102 35 rium,
525 1944 74 21 som
620 1935 197 29 föranledes
837 1943 42 21 av
897 1934 66 29 vad
983 1933 253 39 föredragande
1256 1932 188 30 statsrådet
1463 1932 10 29 i
1495 1934 103 27 stats-

401 1985 293 40 rådsprotokollet
721 1985 81 29 över
831 1983 261 31 socialärenden
1120 1982 54 30 för
1201 1983 67 29 den
1297 1983 18 29 3
1342 1982 142 39 januari
1514 1982 83 30 1963

406 2038 90 27 samt
521 2035 170 30 utskottet
716 2034 173 36 förordat;

449 2087 34 34 c)
514 2085 186 40 godkänna
726 2085 157 39 följande
909 2084 252 38 avlöningsstat
1187 2083 55 30 för
1268 2085 132 28 statens
1426 2082 173 30 bakterio-

403 2136 135 39 logiska
557 2135 262 34 laboratorium,
840 2136 50 28 att
909 2134 177 39 tillämpas
1105 2134 71 29 tills
1195 2133 120 30 vidare
1335 2133 43 30 fr.
1398 2142 30 21 o.
1448 2142 45 20 m.
1513 2133 87 29 bud-

403 2186 131 39 getåret
559 2184 164 37 1963/64:

869 2250 262 39 Avlöningsstat

411 2309 28 29 1.
465 2308 213 40 Avlöningar
727 2308 52 29 till
829 2307 176 30 ordinarie
1054 2307 226 39 tjänstemän,
1330 2307 71 39 för-

464 2358 147 40 SläGSOLS
655 2381 28 6 cs
699 2381 50 5 mee
767 2381 94 5 ve
946 2381 48 6 KR
1033 2381 70 6 KRA
1121 2381 49 6 KR
1186 2381 206 6 KINNA
1458 2358 62 29 758
1535 2358 63 29 000

408 2409 29 29 2.
463 2409 159 29 Arvoden
651 2409 63 29 och
744 2408 176 31 särskilda
948 2408 243 39 ersättningar,
1222 2408 181 29 bestämda

463 2469 42 20 av
523 2459 125 39 Kungl.
669 2458 115 39 Maj:t,
805 2457 203 41 förslagsvis
1031 2481 364 7 ..sssssssserse
1344 2453 56 49 rss
1461 2458 62 30 218
1538 2458 63 30 000
