1882 2796
251 150 18 30 6
637 149 388 29 Jordbruksutskottets
1051 149 182 29 utlåtande
1258 158 41 20 nr
1324 149 52 29 24.

257 243 74 20 som
354 243 58 20 om
435 234 98 37 fråga
555 242 80 20 vore
659 233 178 38 angående
861 242 46 29 ny
929 233 194 39 upplåtelse
1146 242 42 20 av
1211 232 217 40 lägenheten.
1451 233 13 29 I
1489 233 170 29 samband
1683 233 79 29 med

257 285 109 28 sådan
390 284 192 39 upplåtelse
607 284 71 28 kan
702 283 418 39 lägenhetsinnehavaren
1144 284 143 28 komma
1311 284 10 28 i
1346 283 209 39 åtnjutande
1579 293 42 20 av
1644 283 120 29 inven-

257 335 148 29 tarielån
425 335 105 38 enligt
549 334 241 38 nyssnämnda
809 333 219 39 kungörelse.

302 386 74 28 Lån
393 385 55 29 för
466 393 134 21 samma
617 384 175 33 ändamål,
811 393 74 20 som
903 392 47 20 nu
968 384 152 33 nämnts,
1139 384 121 29 kunna
1277 384 83 38 utgå
1377 385 86 28 även
1481 384 51 29 till
1550 384 212 29 innehavare

258 443 41 21 av
320 435 396 39 jordbrukslägenheter
739 435 56 28 för
818 434 122 39 lappar
963 434 107 38 enligt
1093 434 235 38 kungörelsen
1353 434 67 29 den
1443 435 19 28 6
1485 434 79 38 juni
1592 434 81 29 1941
1705 434 59 33 (nr

258 486 80 32 484)
365 486 177 38 angående
564 485 194 39 upplåtelse
779 485 34 29 åt
835 485 122 38 lappar
978 493 41 21 av
1039 484 201 39 lägenheter
1261 484 20 30 å
1300 485 217 29 kronomark
1537 494 45 20 m.
1604 494 46 19 m.
1673 486 89 28 samt

257 537 52 28 till
328 536 211 29 innehavare
558 543 42 22 av
618 535 235 29 norrländska
872 535 268 38 fjällägenheter
1159 535 106 38 enligt
1284 535 234 38 kungörelsen
1537 536 67 28 den
1624 535 41 29 20
1683 535 79 39 juni

260 587 81 28 1947
372 587 59 32 (nr
455 586 78 33 267)
562 594 58 21 om
642 585 193 40 upplåtelse
859 595 43 19 av
923 585 119 39 dylika
1065 585 210 39 lägenheter.
1298 585 137 30 Jämväl
1459 586 10 28 i
1492 586 102 29 dessa
1616 586 63 29 fall
1703 586 60 29 äro

258 637 102 29 lånen
382 636 235 29 maximerade
638 636 53 29 till
716 636 93 29 1500
830 636 141 29 kronor.

300 721 177 29 Utskottet
504 721 64 29 har
597 720 10 29 i
637 720 216 38 vederbörlig
881 720 149 39 ordning
1059 719 176 30 inhämtat
1266 719 182 30 utlåtande
1476 720 80 28 över
1584 719 180 29 motionen

258 772 80 29 från
361 771 314 38 domänstyzrelsen,
699 770 361 39 egnahemsstyrelsen
1084 770 65 29 och
1173 770 262 29 statskontoret.

301 821 311 40 Domänstyrelsen
636 821 65 29 har
724 822 10 29 i
757 821 99 38 fråga
879 829 56 21 om
958 820 319 30 inventarielånens
1301 820 130 30 storlek
1455 821 117 29 anfört
1595 821 11 28 i
1629 820 136 30 huvud-

259 873 62 29 sak
343 872 169 38 följande.

303 931 78 29 Med
399 931 138 38 hänsyn
554 930 53 30 till
626 930 296 39 angelägenheten
941 939 42 20 av
1001 932 49 27 att
1069 930 211 29 iståndsätta
1299 929 247 39 byggnaderna
1564 929 20 30 å
1603 929 95 30 äldre
1717 929 48 29 lä-

259 974 174 37 genheter,
457 973 108 29 innan
589 973 301 39 nyanläggningar
912 972 226 39 igångsättas,
1162 972 45 30 ha
1230 972 123 29 endast
1376 974 48 27 ett
1448 972 87 29 fåtal
1558 981 69 30 nya
1650 971 116 39 lägen-

258 1016 98 29 heter
372 1016 108 38 enligt
498 1015 83 30 1943
598 1015 58 30 års
673 1015 208 39 kungörelse
898 1014 179 40 upplåtits.
1095 1014 115 39 Några
1226 1014 240 39 ansökningar
1481 1023 58 20 om
1556 1014 210 30 inventarie-

259 1058 58 29 lån
334 1058 82 29 från
434 1058 101 29 dessa
553 1058 254 38 kronotorpare
825 1057 46 29 ha
890 1058 95 28 ännu
1003 1057 76 29 icke
1098 1057 198 30 inkommit.
1316 1056 52 30 Av
1386 1057 95 30 äldre
1500 1057 202 38 lägenheter
1719 1056 46 29 ha

258 1100 126 29 hittills
403 1100 105 38 något
526 1109 75 20 mer
620 1101 45 28 än
685 1100 63 29 500
767 1099 169 40 upplåtits
957 1108 73 21 som
1050 1100 193 38 kronotorp
1262 1099 107 38 enligt
1390 1108 135 20 samma
1545 1098 219 39 kungörelse.

258 1142 93 30 Från
370 1142 211 30 innehavare
602 1151 43 21 av
664 1142 132 30 sådana
814 1142 191 39 kronotorp
1025 1142 46 29 ha
1090 1141 142 39 ingivits
1251 1141 39 30 21
1311 1141 241 39 ansökningar
1569 1149 58 22 om
1645 1140 121 31 inven-

258 1185 159 33 tarielån,
445 1194 75 20 som
544 1185 12 29 i
580 1184 189 30 huvudsak
793 1184 173 39 beviljats.
993 1184 50 29 Av
1068 1183 105 30 lånen
1199 1183 79 39 lyda
1304 1184 58 29 nio
1387 1183 46 40 på
1457 1183 308 40 maximibeloppet

261 1228 95 29 1500
375 1228 141 33 kronor,
536 1227 57 39 sju
612 1227 46 40 på
678 1226 94 30 1000
790 1227 141 32 kronor,
950 1226 58 29 två
1025 1226 45 39 på
1088 1226 63 29 500
1170 1226 141 33 kronor,
1330 1225 59 30 två
1406 1225 46 40 på
1468 1225 64 29 400
1550 1226 132 29 kronor
1701 1225 65 30 och

259 1272 48 27 ett
327 1270 47 40 på
396 1270 63 29 350
481 1270 140 29 kronor.
644 1269 13 29 I
681 1268 170 31 samband
872 1269 80 29 med
973 1268 102 30 dessa
1097 1267 239 39 ansökningar
1358 1277 103 29 synes
1482 1268 87 29 intet
1591 1268 45 29 ha
1658 1267 109 30 fram-

259 1313 160 33 kommit,
440 1321 75 21 som
533 1312 101 39 tyder
653 1311 45 40 på
718 1313 49 28 att
787 1311 104 30 lånen
909 1311 90 29 varit
1017 1310 243 39 otillräckliga.
1280 1310 104 30 Detta
1403 1310 71 30 kan
1493 1309 194 31 emellertid
1707 1318 60 21 an-

258 1357 99 37 tagas
376 1355 94 30 bliva
489 1354 107 33 fallet,
617 1355 66 28 när
702 1353 278 40 nyuppsättning
999 1362 43 21 av
1061 1352 145 30 levande
1226 1352 65 30 och
1311 1352 92 30 döda
1421 1352 214 30 inventarier
1654 1351 112 31 måste

260 1398 61 29 ske
340 1398 59 29 vid
420 1405 47 31 ny
487 1396 171 39 lägenhet.
679 1396 95 29 även
794 1405 57 20 om
871 1395 194 40 upplåtelse
1086 1404 43 21 av
1149 1394 120 40 dylika
1288 1395 113 29 under
1420 1395 42 29 de
1482 1395 179 29 närmaste
1682 1394 85 30 åren

259 1440 98 29 torde
381 1440 143 29 komma
547 1441 50 28 att
622 1439 61 30 ske
707 1438 123 30 endast
854 1439 11 29 i
889 1438 138 39 mycket
1051 1437 195 39 begränsad
1269 1437 224 38 omfattning,
1518 1446 103 20 anser
1645 1436 122 40 styrel-

260 1491 61 21 sen
345 1482 108 30 likväl
478 1482 76 29 skäl
579 1481 71 30 tala
675 1481 56 29 för
755 1482 49 28 att
828 1480 311 33 inventarielånen,
1164 1480 64 29 när
1252 1479 175 30 särskilda
1451 1479 76 30 skäl
1552 1479 118 30 därtill
1695 1480 71 31 äro,

260 1525 58 30 må
335 1525 123 29 kunna
476 1523 117 40 uppgå
608 1523 54 30 till
680 1523 102 39 högst
801 1523 18 29 2
834 1523 63 29 500
916 1523 140 29 kronor.

304 1592 227 29 Beträffande
552 1591 174 39 yrkandet
748 1592 49 28 att
818 1590 212 29 innehavare
1052 1599 42 20 av
1117 1590 183 40 skogstorp
1322 1598 45 20 m.
1389 1589 38 30 fl.
1449 1589 95 30 äldre
1566 1588 201 40 lägenheter

260 1643 57 31 må
338 1643 146 29 beredas
504 1642 185 39 möjlighet
711 1643 49 27 att
782 1641 133 29 erhålla
937 1640 254 30 inventarielån
1213 1640 64 29 har
1299 1640 303 38 domänstyrelsen
1624 1640 143 31 erinrat,

261 1695 50 27 att
330 1693 212 29 innehavare
562 1701 43 20 av
623 1692 155 33 kolonat,
799 1691 194 39 skogstorp,
1013 1690 341 39 odlingslägenheter
1373 1690 65 29 och
1459 1690 202 39 kronotorp,
1682 1698 87 31 upp-

261 1744 97 29 låtna
384 1743 142 39 jämlikt
556 1742 85 30 1929
668 1742 58 30 års
754 1741 219 39 kungörelse,
1001 1741 107 39 enligt
1136 1750 48 20 nu
1213 1740 159 39 gällande
1400 1740 264 30 bestämmelser
1691 1740 76 30 icke

261 1794 118 29 kunde
407 1794 231 28 tillerkännas
665 1792 265 30 inventarielån.
958 1792 53 29 Då
1037 1791 195 30 emellertid
1258 1790 112 31 behov
1396 1791 108 30 därav
1532 1792 118 38 syntes
1678 1786 104 34 före-

261 1844 90 39 ligga
372 1844 13 29 i
406 1844 127 38 många
554 1843 73 34 fall,
649 1843 66 29 har
737 1843 170 38 styrelsen
929 1844 114 27 ansett
1065 1842 58 29 det
1144 1841 150 39 befogat,
1317 1843 50 28 att
1389 1841 124 39 frågan
1535 1841 124 30 härom
1682 1849 87 31 upp-

259 1897 95 36 toges
373 1894 53 29 till
447 1894 238 38 övervägande
706 1893 56 30 vid
782 1893 68 29 den
870 1894 147 37 översyn
1037 1902 42 20 av
1098 1892 160 39 gällande
1276 1891 264 30 bestämmelser
1560 1891 12 29 i
1592 1891 100 38 fråga
1711 1899 57 21 om

262 1945 214 39 upplåtelser
497 1945 57 29 vid
577 1943 315 39 kronolägenheter
914 1952 45 20 m.
983 1952 56 24 m.,
1064 1952 75 20 som
1163 1952 42 20 av
1227 1942 124 30 chefen
1375 1942 55 29 för
1451 1942 318 39 jordbruksdepar-

261 1997 167 28 tementet
451 1995 201 29 förebådats
674 1994 12 30 i
708 1994 92 29 årets
824 1993 422 40 statsverksproposition.

305 2045 374 40 Egnahemsstyrelsen
700 2045 64 29 har
785 2044 158 38 avstyrkt
962 2044 99 29 bifall
1081 2044 53 29 till
1155 2044 189 29 motionen.
1366 2043 175 39 Styrelsen
1561 2043 65 29 har
1646 2042 123 30 därvid

263 2096 206 33 framhållit,
489 2097 49 28 att
557 2095 57 29 lån
633 2095 20 30 å
670 2095 102 38 högst
793 2094 94 30 1500
906 2094 130 29 kronor
1054 2094 11 29 i
1083 2094 42 29 de
1144 2094 104 29 flesta
1266 2093 62 30 fall
1347 2095 119 37 syntes
1485 2093 211 39 tillräckliga
1714 2093 55 29 för

263 2147 51 29 att
330 2146 183 39 tillgodose
531 2146 41 29 de
590 2146 122 33 behov,
731 2154 119 20 varom
868 2145 65 29 här
950 2154 80 20 vore
1048 2144 111 39 fråga.
1178 2144 126 29 Härtill
1321 2144 152 34 komme,
1491 2146 51 27 att
1559 2153 43 20 en
1621 2143 149 39 höjning

264 2204 41 22 av
332 2197 300 29 inventarielånen
658 2196 54 29 till
739 2196 280 38 kronotorparna
1044 2195 77 29 icke
1148 2194 106 30 borde
1282 2194 60 30 ske
1369 2196 87 28 utan
1483 2196 50 28 att
1559 2194 12 29 i
1598 2193 172 31 samband

263 2247 145 30 därmed
429 2247 215 38 justeringar
665 2247 155 38 vidtoges
842 2245 220 30 beträffande
1084 2245 120 39 dylika
1226 2244 57 30 lån
1304 2245 53 29 till
1378 2244 212 30 innehavare
1612 2254 43 20 av
1674 2244 97 39 jord-

263 2298 313 37 brukslägenheter
601 2297 57 29 för
684 2297 123 39 lappar
832 2297 66 29 och
923 2296 212 29 innehavare
1162 2305 42 20 av
1230 2295 233 30 norrländska
1490 2294 280 40 fjällägenheter.

264 2348 14 29 I
299 2348 205 39 anslutning
524 2348 118 29 härtill
663 2347 65 29 har
749 2347 170 39 styrelsen
939 2347 131 29 erinrat
1091 2348 51 28 att
1163 2346 229 30 förevarande
1413 2345 100 39 fråga
1533 2345 55 30 för
1610 2345 41 30 de
1673 2354 99 20 norr-

264 2398 150 29 ländska
437 2398 335 38 fjällägenheternas
795 2397 55 29 del
874 2398 141 38 prövats
1040 2397 38 29 så
1102 2399 76 27 sent
1203 2405 74 21 som
1300 2397 57 29 vid
1384 2396 81 29 1947
1491 2396 57 30 års
1572 2396 154 38 riksdag.

308 2449 53 29 Då
383 2449 211 29 innehavare
618 2456 42 21 av
682 2448 144 29 kolonat
848 2448 76 29 icke
947 2449 117 37 syntes
1087 2447 123 29 kunna
1232 2446 131 30 erhålla
1386 2446 255 30 inventarielån
1664 2445 106 38 enligt

267 2499 83 29 1943
373 2499 57 29 års
452 2499 208 37 kungörelse
682 2498 65 29 har
769 2498 169 39 styrelsen
960 2498 75 29 icke
1057 2499 115 28 ansett
1194 2497 56 30 det
1272 2497 194 33 motiverat,
1490 2498 49 28 att
1561 2496 134 30 sådana
1716 2495 56 30 be-
