2215 2687
732 164 335 32 Jordbruksutskottets
1096 164 165 33 Utlåtande
1283 167 49 29 Nr
1355 167 28 31 1.
1794 170 19 31 3

388 241 156 38 Bifalles
572 243 115 48 detta,
716 245 171 38 kommer
915 246 62 37 det
1004 246 120 37 under
1148 247 246 38 omförmälda
1413 249 237 49 anslagstitel
1670 251 187 50 uppförda

258 293 196 38 bestämda
495 295 136 50 anslag
672 302 55 31 att
766 298 172 50 undergå
977 300 263 36 motsvarande
1276 300 173 50 höjning,
1480 302 153 37 hvartill
1668 304 188 37 utskottet

260 347 251 38 återkommer
540 349 119 36 under
687 355 108 32 nästa
822 352 133 48 punkt.

390 454 73 48 2:0)
512 453 129 37 Under
686 455 173 48 punkten
902 459 21 33 2
967 456 41 36 af
1044 457 249 37 förevarande
1334 458 230 38 hufvudtitel
1605 459 68 37 har
1713 460 139 48 Kungl.

260 503 110 50 Maj:t
396 504 199 49 föreslagit
622 505 221 50 Riksdagen
868 513 55 31 att
941 508 119 37 under
1079 509 263 49 anslagstiteln
1361 511 495 50 »undervisningsanstalter

260 557 59 35 för
342 556 187 49 jordbruk
558 558 71 36 och
656 559 448 50 landtmannanäringar»
1133 562 162 49 uppföra
1315 567 54 32 ett
1389 563 134 49 anslag
1543 566 20 33 å
1582 566 113 45 4,000
1715 565 140 36 kronor

259 608 59 36 till
359 609 168 49 aflöning
568 612 38 35 åt
648 624 47 23 en
737 613 298 36 statskonsulent
1063 613 12 36 i
1103 614 241 46 svinskötsel,
1387 615 108 36 däraf
1529 617 113 47 2,500
1677 617 178 36 kronor
1835 604 24 64 i

260 661 65 36 lön
368 661 71 36 och
483 663 111 45 1,500
636 663 141 37 kronor
804 664 12 36 i
845 665 507 50 tjänstgöringspenningar,
1395 667 195 38 äfvensom
1632 669 32 48 ej
1708 669 146 36 mindre

259 713 205 49 medgifva,
506 719 55 31 att
596 715 347 38 statskonsulenten
970 720 59 33 må
1058 723 73 43 äga
1159 719 145 48 åtnjuta
1332 721 63 34 två
1424 720 273 49 ålderstillägg,
1727 721 126 37 hvart-

260 765 90 36 dera
379 769 21 33 å
428 767 74 35 500
545 766 152 50 kronor,
741 773 56 31 att
833 769 180 49 tilläggas
1045 771 124 46 lönen,
1199 776 48 31 än
1275 771 111 36 äfven
1415 772 203 48 godkänna
1647 773 45 36 de
1719 773 136 37 villkor

261 818 73 35 och
375 818 197 48 förbehåll,
617 833 81 23 som
727 821 12 35 i
767 822 412 49 statsrådsprotokollet
1221 823 215 49 föreslagits
1475 824 58 37 för
1570 825 220 48 åtnjutande
1818 825 41 37 af

262 870 46 35 de
337 870 351 38 statskonsulenten
717 872 195 50 medgifna
939 873 289 38 löneförmåner.

389 974 167 37 Berörda
584 975 138 37 villkor
750 976 70 37 och
848 977 186 37 förbehåll
1063 984 63 31 äro
1156 979 180 49 följande:

388 1032 55 30 att
471 1027 299 38 statskonsulent
798 1029 97 36 skall
922 1043 91 23 vara
1040 1031 254 37 underkastad
1324 1033 70 36 den
1421 1032 274 39 vidsträcktare
1724 1035 131 49 tjänst-

260 1078 384 50 göringsskyldighet
673 1081 90 35 eller
785 1082 206 49 jämkning
1018 1083 12 35 i
1058 1084 241 49 åligganden,
1329 1098 81 23 som
1438 1085 73 36 kan
1539 1086 118 36 varda
1677 1087 176 48 stadgad;

390 1135 54 32 att
484 1132 85 36 med
607 1133 518 51 statskonsulentbefattning
1159 1136 83 36 icke
1270 1139 61 33 må
1360 1137 148 37 förenas
1539 1151 124 23 annan
1691 1139 116 49 tjänst
1835 1142 21 33 å

258 1182 129 49 rikets,
416 1183 239 49 Riksdagens
685 1184 89 38 eller
802 1185 199 38 kommuns
1031 1193 86 39 stat;

388 1240 56 31 att
484 1236 85 36 med
611 1237 512 51 statskonsulentbefattning
1154 1240 82 36 icke
1264 1241 118 36 heller
1410 1244 60 33 må
1499 1242 148 37 förenas
1677 1256 90 24 vare
1796 1243 60 50 sig

257 1287 177 49 uppdrag
462 1290 123 34 såsom
614 1288 227 37 ordförande
870 1290 91 36 eller
987 1291 165 37 ledamot
1180 1293 12 35 i
1217 1293 159 48 styrelse
1406 1294 59 36 för
1491 1295 92 35 verk
1611 1294 90 37 eller
1728 1295 125 49 bolag,

259 1352 81 24 som
370 1344 40 31 är
438 1340 85 35 med
551 1340 142 49 Kungl.
722 1341 125 49 Maj:ts
885 1343 120 49 oktroj
1043 1344 143 37 försedt
1214 1345 90 36 eller
1331 1345 126 36 blifvit
1485 1349 124 34 såsom
1638 1347 217 49 aktiebolag

257 1391 260 48 registreradt,
547 1392 90 36 eller
664 1393 216 50 befattning
908 1398 124 33 såsom
1060 1396 228 48 tjänsteman
1314 1397 13 36 i
1356 1398 134 36 sådant
1517 1399 91 36 verk
1629 1399 92 36 eller
1739 1399 116 50 bolag

258 1443 92 37 eller
377 1456 125 23 annan
529 1444 361 50 tjänstebefattning
918 1447 40 35 af
982 1447 101 36 hvad
1111 1448 83 49 slag
1222 1462 80 24 som
1331 1449 109 49 helst,
1470 1453 41 33 så
1538 1451 114 36 framt
1680 1452 31 49 ej
1733 1451 121 37 landt-

258 1495 307 49 bruksstyrelsen
606 1500 100 46 uppå
742 1498 128 36 därom
906 1499 110 49 gjord
1046 1499 280 52 framställning
1359 1503 69 35 och
1456 1503 95 36 efter
1577 1504 195 49 pröfning,
1802 1510 53 30 att

257 1548 291 49 ifrågavarande
575 1550 178 48 uppdrag
780 1550 92 37 eller
890 1552 357 49 tjänstebefattning
1265 1554 30 48 ej
1319 1557 61 33 må
1400 1567 110 24 anses
1528 1554 157 38 inverka
1703 1556 151 36 hinder-

257 1599 73 49 ligt
359 1599 59 37 för
445 1600 305 50 tjänstgöringen
778 1604 123 34 såsom
939 1604 309 48 statskonsulent,
1281 1606 121 36 finner
1428 1607 215 49 uppdraget
1672 1608 90 37 eller
1789 1608 65 37 be-

259 1651 218 49 fattningen
505 1652 128 37 kunna
661 1653 37 36 få
726 1653 77 37 tills
835 1654 130 38 vidare
992 1661 191 44 mottagas
1212 1657 70 37 och
1309 1657 223 47 bibehållas;

389 1708 54 31 att
484 1705 299 36 statskonsulent
820 1709 60 33 må
916 1708 169 49 uppbära
1112 1710 492 50 tjänstgöringspenningar
1631 1711 136 37 endast
1794 1712 60 37 för

259 1755 73 37 den
373 1756 66 47 tid,
482 1756 74 36 han
597 1756 199 50 verkligen
836 1759 236 49 tjänstgjort;
1109 1762 180 36 skolande
1317 1763 58 35 för
1403 1763 73 36 den
1504 1763 64 47 tid,
1598 1764 76 36 han
1702 1765 150 48 åtnjutit

258 1808 301 49 tjänstledighet,
602 1809 192 37 desamma
821 1814 92 45 utgå
940 1812 57 36 till
1025 1812 84 49 den,
1139 1826 80 24 som
1248 1814 164 49 tjänsten
1440 1815 190 47 förrättat;

389 1865 55 31 att
467 1861 309 49 statskonsulent,
806 1876 81 23 som
916 1864 41 36 af
986 1865 173 49 sjukdom
1187 1866 154 37 hindras
1370 1872 55 32 att
1453 1868 58 36 sin
1539 1868 117 49 tjänst
1683 1869 169 48 förrätta,

258 1917 92 43 äger
390 1913 170 48 uppbära
601 1914 84 35 hela
725 1915 126 47 lönen,
889 1929 87 23 men
1011 1922 66 42 att,
1107 1930 61 24 om
1196 1919 76 35 han
1300 1919 108 49 eljest
1435 1920 136 36 undfår
1598 1921 169 49 ledighet
1794 1921 60 37 för

259 1977 96 34 svag
374 1964 126 37 hälsas
519 1965 202 48 vårdande,
739 1967 170 37 enskilda
925 1969 327 49 angelägenheter,
1268 1971 258 48 tjänstgöring
1540 1972 70 36 hos
1624 1973 228 48 Riksdagen,

259 2016 86 36 dess
372 2016 145 36 utskott
546 2017 90 36 eller
662 2017 186 38 revisorer
875 2019 91 37 eller
994 2021 117 36 andra
1140 2022 183 37 särskilda
1349 2023 177 49 uppdrag
1554 2023 91 38 eller
1663 2025 13 36 i
1694 2025 160 48 behörig

259 2067 167 49 ordning
458 2068 193 49 afstänges
681 2070 84 36 från
792 2071 258 50 tjänstgöring
1077 2073 90 37 eller
1195 2075 30 49 ej
1256 2075 75 35 kan
1359 2075 216 37 densamma
1602 2079 49 46 på
1671 2077 125 48 grund
1815 2077 42 36 af

258 2119 110 49 eljest
396 2120 309 38 förekommande
732 2122 139 50 lagligt
900 2125 276 48 tjänstehinder
1203 2127 167 47 förrätta,
1390 2127 77 36 han
1486 2127 75 36 kan
1580 2128 199 50 förpliktas
1799 2134 53 31 att

257 2171 122 37 under
406 2171 217 50 ledigheten
650 2174 154 36 utöfver
831 2174 82 37 sina
940 2177 493 50 tjänstgöringspenningar
1461 2179 96 37 afstå
1585 2183 41 33 så
1645 2181 152 49 mycket
1816 2181 40 36 af

257 2222 126 50 lönen,
414 2237 80 23 som
523 2224 60 37 för
610 2225 187 49 tjänstens
826 2226 235 40 förrättande
1080 2230 188 36 erfordras
1287 2231 90 36 eller
1396 2231 107 49 eljest
1521 2232 153 49 pröfvas
1695 2233 156 48 skäligt;

390 2282 54 30 att
472 2276 169 49 aflöning
669 2279 31 48 ej
736 2281 60 33 må
828 2282 92 46 utgå
948 2280 55 37 till
1032 2282 300 37 statskonsulent
1359 2283 58 37 för
1443 2283 65 48 tid,
1538 2284 212 37 hvarunder
1777 2285 76 37 han

1874 477 209 25 Statskonsulent

1885 513 10 23 i
1913 514 156 24 svinskötsel.

1941 549 65 47 [2-]
