2220 2620
630 161 418 38 Bevillningsutskottets
1068 161 225 33 betänkande
1310 162 52 32 Nr
1385 162 52 41 38.
1749 164 38 30 15

231 243 197 41 stamvört,
472 239 145 36 vilkens
646 238 232 37 extrakthalt
906 243 198 44 överstege
1134 241 20 32 6
1183 245 167 42 procent,
1381 239 81 37 från
1492 240 70 36 och
1593 240 83 36 med
1706 241 71 36 den
1811 244 15 33 1

229 289 157 36 oktober
444 292 96 34 1919
588 291 81 35 icke
711 290 103 48 finge
852 290 101 36 inom
996 290 101 36 riket
1138 290 206 47 tillverkas,
1388 298 99 29 samt
1529 297 53 30 att
1625 292 202 48 riksdagen

231 344 115 33 måtte
374 342 11 35 i
414 342 182 36 skrivelse
629 342 58 35 till
730 342 141 47 Kungl.
915 342 106 47 Maj:t
1055 342 149 36 anhålla
1236 355 60 22 om
1331 343 247 36 utarbetande
1607 344 69 36 och
1716 345 113 35 fram-

229 393 191 48 läggande
453 394 57 35 för
547 393 203 48 riksdagen
792 407 46 22 av
874 393 141 36 sådana
1052 393 206 48 ändringar
1295 394 10 35 i
1343 395 175 46 gällande
1547 395 282 49 författningar,

230 450 54 30 att
325 445 274 47 försäljningen
642 445 99 35 inom
786 445 69 35 och
890 445 185 35 införseln
1109 445 54 35 till
1192 445 95 38 riket
1317 459 44 21 av
1391 446 158 36 berörda
1579 447 251 49 maltdrycker

232 496 200 47 förbjödes.

357 547 16 35 I
403 548 67 34 sitt
498 547 11 34 i
538 547 206 47 anledning
769 560 46 22 av
837 547 191 35 motionen
1049 546 167 49 avgivna
1240 548 236 35 betänkande
1497 548 59 47 (nr
1577 549 60 47 13)
1658 549 172 36 erinrade

229 598 419 47 bevillningsutskottet
675 598 142 46 därom,
834 603 53 31 att
915 598 289 48 ifrågavarande
1233 599 185 35 motioner
1447 603 141 44 avsåge
1612 605 63 41 att,
1696 605 134 31 utöver

229 650 45 35 de
302 663 44 21 ur
375 650 422 48 nykterhetssynpunkt
823 649 211 36 värdefulla
1061 650 169 45 resultat,
1261 663 79 23 som
1366 653 183 45 uppnåtts
1569 663 139 36 genom
1733 654 93 33 1917

229 704 59 33 årg
329 701 463 49 rusdryckslagstiftning,
836 701 233 49 ytterligare,
1104 702 84 35 med
1218 702 233 48 frångående
1490 716 45 22 av
1564 702 225 49 riksdagens
1818 703 10 34 i

228 753 426 48 sammanjämkningen
694 753 63 36 vid
801 753 235 36 sistnämnda
1078 756 59 33 års
1176 754 158 47 riksdag
1363 755 191 47 uttryckta
1583 755 245 48 ståndpunkt,

229 805 37 35 få
307 805 116 35 infört
461 807 48 46 på
545 804 549 49 maltdryckslagstiftningens
1123 805 151 36 område
1303 811 54 30 ett
1387 805 147 44 förbud,
1564 806 117 36 vilket
1709 807 123 35 skulle

229 856 159 36 omfatta
429 862 95 30 även
567 856 45 36 de
653 856 266 49 maltdrycker,
962 856 234 36 beträffande
1232 857 103 35 vilka
1362 857 205 48 riksdagen
1596 858 135 47 begärt
1759 858 69 35 och

227 908 149 35 erhållit
405 908 144 46 förslag
576 908 55 35 till
660 921 51 35 ny
739 907 246 48 lagstiftning
1013 908 12 35 i
1059 908 255 48 huvudsaklig
1342 910 381 34 överensstämmelse
1743 909 85 36 med

230 960 96 35 1905
356 962 60 33 års
445 958 490 49 försäljningsförordning.
992 958 192 37 Utskottet
1212 959 157 41 anförde
1393 959 167 37 härefter
1580 960 113 36 bland
1715 967 114 29 annat

229 1010 181 49 följande:

358 1062 109 37 »Med
497 1062 146 50 hänsyn
674 1062 57 36 till
760 1062 62 36 det
851 1061 262 49 föreliggande
1144 1062 202 49 förslagets
1375 1076 51 22 nu
1456 1064 167 47 angivna
1642 1064 185 36 innebörd

227 1116 119 34 måste
390 1115 186 36 utskottet
620 1120 78 30 mot
744 1114 208 36 detsamma
998 1114 95 49 hysa
1135 1114 129 36 starka
1305 1115 316 49 betänkligheter.
1690 1116 137 36 Härtill

226 1167 181 45 kommer,
451 1172 54 30 att
546 1166 182 48 förslaget
768 1166 120 47 enligt
927 1166 207 36 utskottets
1178 1166 245 37 förmenande
1464 1167 140 36 saknar
1637 1168 193 48 väsentlig

227 1218 192 48 betydelse
462 1231 42 23 ur
531 1218 431 49 nykterhetssynpunkt.
1019 1217 75 36 För
1121 1218 45 36 de
1194 1218 168 37 starkare
1391 1219 326 49 maltdryckernas
1746 1220 80 35 vid-

226 1270 227 36 kommande
481 1275 41 31 är
550 1270 62 36 det
641 1275 53 31 att
723 1276 151 41 antaga,
905 1275 54 30 att
979 1269 73 36 den
1073 1270 425 49 försäljningskontroll,
1519 1284 128 23 varom
1670 1272 156 47 stadgas

225 1322 12 34 i
265 1321 748 49 rusdrycksförsäljningsförordningen,
1056 1321 95 35 skall
1178 1322 82 35 visa
1289 1322 60 48 sig
1377 1322 170 45 effektiv;
1578 1323 70 36 och
1677 1323 11 36 i
1717 1323 109 47 fråga

226 1386 58 23 om
329 1372 46 36 de
417 1373 268 35 mellanstarka
728 1372 304 49 maltdryckerna
1075 1386 46 22 av
1161 1373 308 48 pilsnerdrickats
1513 1381 67 41 typ
1622 1375 107 35 torde
1765 1375 60 36 väl

226 1424 173 48 avvägda
434 1424 490 49 försäljningsföreskrifter
951 1424 153 36 komma
1132 1429 54 31 att
1213 1425 82 35 visa
1323 1425 60 48 sig
1410 1438 92 23 vara
1530 1425 82 37 icke
1641 1426 95 36 blott
1763 1426 62 36 be-

225 1476 215 49 tryggande
459 1490 45 22 ur
523 1476 431 49 nykterhetssynpunkt,
975 1482 91 29 utan
1086 1481 94 31 även
1201 1476 147 48 ägnade
1369 1482 53 30 att
1440 1477 85 36 leda
1545 1490 47 23 en
1612 1477 217 50 betydande

226 1528 58 36 del
313 1541 47 23 av
387 1528 291 36 konsumtionen
708 1528 82 36 från
821 1527 45 37 de
893 1527 170 37 starkare
1090 1528 341 49 maltdryckerna.»

356 1579 194 38 Utskottet
592 1580 156 36 anförde
789 1579 142 47 vidare,
968 1586 55 29 att
1052 1584 55 31 ett
1134 1579 105 37 bifall
1267 1580 56 36 till
1351 1581 300 36 motionärernas
1681 1581 145 49 förslag

225 1631 215 49 säkerligen
483 1632 81 36 från
607 1632 46 36 de
694 1631 289 49 skattepliktiga
1027 1632 291 48 bryggeriernas
1359 1632 83 36 sida
1479 1633 120 36 skulle
1627 1633 198 36 framkalla

225 1684 331 48 ersättningskrav
585 1697 47 22 av
660 1683 212 50 betydande
900 1683 245 48 omfattning,
1174 1683 69 37 och
1273 1683 196 50 avstyrkte
1499 1685 109 35 alltså
1635 1684 106 36 bifall
1768 1685 56 35 till

224 1736 204 36 motionen.

353 1787 74 37 Vid
469 1786 256 37 betänkandet
765 1799 68 23 var
865 1786 206 37 emellertid
1106 1787 116 48 fogad
1250 1787 232 37 reservation
1512 1801 45 23 av
1585 1788 88 36 herr
1702 1788 46 36 K.
1778 1790 44 34 A.

223 1839 133 36 Nilson
376 1853 47 21 m.
441 1838 50 48 fl.,
521 1839 100 35 vilka
636 1841 154 45 ansågo,
807 1843 54 31 att
874 1838 186 36 utskottet
1075 1838 85 37 bort
1175 1839 198 36 hemställa
1390 1852 60 23 om
1467 1840 142 36 sådana
1620 1840 205 48 ändringar

222 1891 12 35 i
261 1891 178 47 gällande
466 1890 257 49 lagstiftning,
753 1895 55 31 att
836 1890 266 48 maltdrycker,
1130 1890 263 37 innehållande
1414 1904 79 23 mer
1511 1896 48 32 än
1579 1895 21 33 2
1619 1892 40 40 '/;
1678 1892 145 49 volym-

223 1948 157 44 procent
421 1942 162 45 alkohol,
626 1942 82 37 icke
748 1942 105 48 finge
890 1942 102 35 inom
1022 1942 98 36 riket
1148 1942 204 48 tillverkas,
1382 1943 57 36 hit
1466 1943 144 37 införas
1639 1944 89 36 eller
1755 1944 69 35 här

225 1995 185 48 försäljas,
441 1999 101 32 samt
569 2007 62 23 om
658 1994 124 37 beslut
801 1993 160 45 rörande
980 2006 46 24 en
1046 1994 234 49 provisorisk
1301 1994 238 49 förordning,
1560 1996 263 36 innehållande

224 2046 132 36 förbud
395 2052 80 31 mot
503 2046 248 48 tillverkning
778 2059 47 22 av
854 2045 129 49 dylika
1011 2045 173 49 drycker.
1241 2046 214 37 Utskottets
1483 2047 225 37 hemställan
1737 2048 86 36 blev

222 2098 209 36 emellertid
460 2111 47 22 av
535 2097 204 49 riksdagen
769 2097 165 36 bifallen.

352 2150 71 36 Vid
456 2151 98 34 1920
583 2152 60 33 års
672 2149 155 47 riksdag
850 2149 154 36 väcktes
1028 2151 99 47 ånyo
1153 2149 185 37 motioner
1359 2150 11 36 1
1387 2154 200 33 ämnet
1537 2145 48 57 av
1610 2152 86 36 herr
1713 2151 43 37 C.
1773 2150 46 37 G.

221 2201 148 36 Ekman
398 2216 48 21 m.
477 2201 35 36 fl.
544 2206 99 31 samt
672 2214 45 23 av
744 2201 86 36 herr
850 2199 195 38 Sävström
1067 2214 48 22 m.
1137 2201 48 47 fl.,
1207 2202 11 35 i
1237 2202 104 35 vilka
1361 2203 185 36 motioner
1566 2203 254 46 hemställdes,

221 2258 56 30 att
317 2254 205 48 riksdagen
565 2255 115 34 måtte
714 2253 11 36 1
756 2252 181 37 skrivelse
965 2252 57 36 till
1050 2253 139 48 Kungl.
1219 2254 109 48 Maj:t
1355 2254 211 48 hemställa,
1597 2261 54 31 att
1679 2255 142 48 Kungl.

1911 2171 79 24 1920.
