2246 2622
427 210 56 29 188
950 212 227 29 Statsutskottets
1207 213 152 28 Utlåtande
1383 214 56 27 N:o
1464 215 27 26 9.

425 287 148 36 erinran
609 293 52 30 att
687 287 221 47 Riksdagen,
924 288 82 36 med
1034 288 106 36 bifall
1167 290 57 35 till
1251 288 132 47 Kongl.
1411 290 119 48 Maj:ts
1559 291 125 36 derom
1712 291 217 37 framstälda
1955 291 72 37 för-

424 338 88 46 slag,
540 338 48 46 på
628 343 105 31 extra
773 343 74 31 stat
885 338 58 36 för
981 339 110 36 hvart
1131 340 66 36 och
1226 344 51 32 ett
1304 340 41 36 af
1368 340 86 37 åren
1487 344 105 41 1895,
1623 344 92 34 1896
1746 343 69 35 och
1847 345 91 34 1897
1967 344 60 36 be-

423 389 107 47 viljat
570 395 52 29 ett
661 389 126 47 anslag
827 388 41 36 af
906 392 106 40 4,000
1049 390 147 45 kronor,
1224 395 53 31 att
1303 396 80 31 mot
1409 391 467 50 redovisningsskyldighet
1903 394 123 35 ställas

423 439 57 35 till
521 440 156 35 svenska
715 440 437 47 nykterhetssällskapets
1188 440 219 47 förfogande
1434 441 60 37 för
1520 442 189 48 utgifning
1736 444 69 35 och
1834 444 193 48 spridning

423 488 40 36 af
500 489 365 49 nykterhetsskrifter
891 510 49 4 —
967 492 150 43 anmält,
1144 496 54 31 att
1223 492 163 36 nämnda
1412 493 179 47 sällskaps
1618 495 152 47 styrelse
1796 495 13 35 i
1836 493 191 39 skrifvelse

423 540 69 35 den
536 543 46 34 30
619 541 205 47 september
855 543 91 35 1896
975 541 158 36 anhållit
1159 555 59 23 om
1246 543 229 37 utverkande
1503 544 66 36 hos
1596 544 210 47 Riksdagen
1835 544 41 37 af
1898 546 129 46 anslag

422 589 58 37 för
508 590 114 46 sagda
649 591 171 36 ändamål
847 592 57 35 till
932 592 194 36 enahanda
1151 593 135 48 belopp
1313 592 59 37 för
1398 594 40 36 år
1469 597 92 34 1898
1591 600 94 31 samt
1703 595 128 37 dervid
1851 595 176 49 åberopat

422 640 98 36 hvad
548 642 177 48 styrelsen
752 642 13 35 i
792 641 192 38 skrifvelse
1011 643 71 36 den
1111 647 44 33 25
1184 645 205 45 september
1419 647 93 35 1893
1533 644 125 38 anfört
1675 646 158 36 rörande
1856 646 171 37 behofvet

421 690 41 37 af
498 697 53 30 ett
591 692 109 47 årligt
738 692 199 37 understöd
980 692 41 37 af
1052 694 188 36 allmänna
1265 695 121 36 medel
1412 694 58 37 för
1497 695 236 49 fullföljande
1759 696 42 37 af
1825 697 70 36 den
1923 698 104 36 verk-

422 742 152 45 samhet,
602 755 78 23 som
708 744 116 47 enligt
850 744 213 48 sällskapets
1091 744 149 48 stadgar
1267 744 102 47 ålåge
1396 745 211 38 detsamma.

521 843 16 35 I
578 845 267 45 sammanhang
884 845 151 36 härmed
1075 845 69 36 har
1182 847 178 35 utskottet
1400 846 79 37 haft
1514 853 54 31 att
1594 849 183 36 behandla
1806 862 42 23 en
1877 848 41 36 af
1942 849 85 36 herr

422 892 40 37 0.
508 893 42 36 G.
593 894 147 36 Eklund
767 896 11 34 i
806 894 214 37 Stockholm
1060 909 47 22 m.
1142 896 34 36 fl.
1208 897 101 36 inom
1335 896 135 37 Andra
1496 898 224 37 Kammaren
1749 900 108 35 väckt
1885 901 139 35 motion

421 944 73 42 (n:o
539 944 95 46 102),
671 945 76 36 deri
783 946 137 48 yrkats,
948 952 54 30 att
1028 946 210 47 Riksdagen
1266 947 114 37 måtte
1407 947 59 38 för
1492 948 41 37 år
1564 952 92 35 1898
1686 949 20 36 å
1734 955 105 30 extra
1865 955 72 31 stat
1964 951 61 36 be-

421 995 89 47 vilja
551 1000 52 30 ett
633 996 128 47 anslag
789 995 41 36 af
856 999 130 41 25,000
1014 997 141 36 kronor
1182 1003 54 30 att
1262 999 125 35 ställas
1414 1000 57 35 till
1499 999 134 47 Kongl.
1659 999 118 49 Maj:ts
1805 1000 220 47 förfogande

421 1043 58 37 för
506 1045 218 46 utgifvande
753 1066 45 2 —
827 1059 133 33 genom
989 1060 53 37 en
1061 1047 42 35 af
1125 1048 131 46 Kongl.
1284 1048 101 47 Maj:t
1412 1050 132 35 utsedd
1563 1051 250 45 kommission,
1829 1052 78 36 deri
1926 1052 100 35 olika

420 1096 380 48 nykterhetssällskap
835 1097 122 36 blefve
983 1098 296 47 representerade
1308 1118 45 4 —
1382 1098 41 37 af
1446 1100 138 36 sådana
1611 1101 158 45 skrifter,
1798 1115 78 23 som
1904 1101 122 47 afsåge

420 1151 54 30 att
515 1146 157 36 utbreda
712 1147 207 36 kännedom
960 1160 59 23 om
1060 1148 288 49 rusdryckernas
1388 1151 138 35 verkan
1566 1154 47 44 på
1645 1153 379 46 menniskokroppens

421 1197 187 48 organism
636 1198 69 35 och
732 1197 174 36 särskildt
933 1198 44 35 de
1004 1198 149 48 vådliga
1176 1198 182 49 följderna
1377 1201 11 35 i
1407 1200 39 36 så
1464 1202 60 35 väl
1543 1202 132 46 sedligt
1694 1215 77 24 som
1793 1204 231 35 ekonomiskt

420 1247 209 37 hänseende
656 1247 40 37 af
719 1248 104 37 dessa
851 1248 172 49 dryckers
1052 1250 193 36 missbruk.

521 1298 171 37 Rörande
731 1299 45 36 de
808 1299 89 44 skäl,
925 1312 78 23 som
1032 1301 272 35 motionärerna
1331 1302 56 35 till
1414 1303 82 35 stöd
1524 1302 125 37 härför
1677 1303 184 49 åberopat,
1890 1304 135 36 tillåter

419 1349 54 45 sig
501 1349 179 36 utskottet
707 1355 54 30 att
787 1350 155 36 hänvisa
969 1351 56 35 till
1053 1351 199 36 motionen.

519 1450 58 35 Då
604 1451 114 47 enligt
744 1451 196 36 utskottets
967 1452 152 47 mening
1146 1452 61 36 det
1233 1453 128 48 anslag
1389 1454 20 35 å
1437 1457 107 41 4,000
1572 1455 146 45 kronor,
1745 1468 78 23 som
1845 1456 116 36 under
1980 1457 44 36 de

419 1508 142 28 senaste
590 1501 85 36 ären
703 1501 122 46 utgått
851 1501 58 36 för
937 1502 188 46 utgifning
1152 1503 67 35 och
1247 1503 194 48 spridning
1468 1518 134 32 genom
1621 1506 156 36 svenska
1796 1508 228 47 nykterhets-

420 1551 216 47 sällskapets
674 1550 146 50 försorg
859 1551 41 36 af
936 1553 373 47 nykterhetsskrifter,
1349 1562 41 28 är
1425 1554 58 37 för
1511 1555 101 37 detta
1639 1556 173 37 ändamål
1838 1557 87 36 fullt
1952 1559 70 35 till-

420 1602 156 47 räckligt
603 1602 67 36 och
699 1602 46 36 då
772 1603 179 35 utskottet
978 1604 78 35 icke
1085 1604 66 35 har
1178 1604 200 47 anledning
1404 1605 158 45 betvifla,
1590 1613 54 29 att
1671 1608 164 36 nämnda
1862 1609 159 48 sällskap

419 1651 46 48 på
506 1657 52 31 ett
598 1651 87 37 fullt
723 1652 341 37 tillfredsställande
1100 1660 71 30 sätt
1197 1654 137 48 fullgör
1361 1656 61 36 det
1448 1655 90 45 värf,
1567 1657 62 36 det
1656 1659 8 33 i
1693 1658 131 36 sådant
1851 1659 171 37 afseende

420 1702 115 47 åtagit
575 1703 64 47 sig,
679 1716 106 23 anser
820 1704 55 45 sig
902 1705 179 35 utskottet
1109 1705 77 35 icke
1215 1706 88 35 böra
1329 1707 186 47 tillstyrka
1543 1707 121 48 någon
1690 1707 220 50 förändring
1936 1723 87 23 vare

418 1754 54 46 sig
498 1754 13 35 i
540 1755 181 46 anslagets
748 1754 134 47 belopp
911 1755 88 35 eller
1026 1755 229 37 beträffande
1281 1762 110 31 sättet
1416 1756 59 37 för
1503 1757 80 36 dess
1611 1759 247 47 användning.

519 1803 188 37 Utskottet
733 1805 211 36 hemställer
971 1805 116 44 alltså,

921 1911 54 30 att
1006 1906 218 47 Riksdagen,
1252 1907 84 37 med
1365 1908 104 36 bifall
1496 1909 58 35 till
1580 1908 131 48 Kongl.
1739 1910 119 49 Maj:ts
1885 1911 137 47 förslag

821 1956 69 36 och
929 1957 84 36 med
1053 1956 120 48 afslag
1199 1958 20 35 å
1247 1958 70 36 den
1353 1958 41 37 af
1425 1959 85 36 herr
1544 1959 151 37 Eklund
1722 1974 46 23 m.
1796 1962 34 35 fl.
1858 1963 9 34 i
1898 1968 124 30 ämnet

820 2007 131 36 väckta
977 2008 154 45 motion,
1160 2008 56 36 må
1244 2009 46 47 på
1317 2015 103 30 extra
1447 2015 73 30 stat
1546 2009 59 37 för
1632 2010 39 37 år
1701 2014 93 34 1898
1824 2013 127 36 anvisa
1969 2019 52 30 ett

820 2058 128 47 anslag
988 2058 41 36 af
1059 2062 107 41 4,000
1194 2060 146 44 kronor,
1368 2066 53 30 att
1448 2066 78 30 mot
1552 2060 468 51 redovisningsskyldighet

819 2108 124 36 ställas
983 2110 57 35 till
1076 2110 157 35 svenska
1259 2111 430 49 nykterhetssällskapets
1715 2112 222 49 förfogande
1963 2113 58 37 för

820 2158 188 49 utgifning
1035 2160 70 35 och
1133 2159 193 48 spridning
1353 2161 40 36 af
1415 2162 373 49 nykterhetsskrifter.
