2252 2624
422 203 59 32 146
956 209 224 29 Statsutskottets
1210 210 154 29 Utlåtande
1386 210 57 30 N:o
1467 212 19 27 9

218 281 181 63 gm
398 315 20 30 p
519 285 90 34 54:0.
669 267 253 64 Åberopande
961 285 99 36 hvad
1100 286 179 36 utskottet
1318 286 67 36 här
1425 286 111 37 ofvan
1578 287 118 36 under
1734 288 168 46 punkten
1939 291 43 34 12
2012 289 10 35 :i

243 349 60 22 drist
322 350 8 21 i
348 349 43 23 au-
420 333 151 37 ärendet
611 333 131 47 anfört,
781 333 58 38 får
877 335 189 46 utskottet,
1101 336 12 36 i
1140 336 203 47 anledning
1368 336 41 38 af
1433 337 134 48 Kongl.
1594 337 118 48 Maj:ts
1740 338 127 37 derom
1893 338 131 48 gjorda

226 385 90 20 männa
335 387 71 19 mate
416 383 284 48 framställning,
728 385 202 47 hemställa,

232 417 165 30 rielanslaget.

272 455 92 51 [49.]
918 476 54 31 att
998 470 212 50 Riksdagen
1238 472 71 46 må,
1335 473 58 36 till
1419 472 168 49 fyllande
1614 473 41 37 af
1678 473 95 45 brist,
1800 486 79 24 som
1912 474 24 35 då
1961 474 62 37 det

819 521 187 36 allmänna
1055 523 325 48 materielanslaget
1419 524 61 35 vid
1512 524 173 36 institutet
1711 523 168 50 uppstått
1904 524 120 38 under

818 571 87 36 åren
945 575 94 34 1894
1076 573 67 36 och
1179 576 105 41 1895,
1311 573 49 49 på
1386 579 105 31 extra
1517 580 74 31 stat
1616 574 59 37 för
1701 574 42 37 år
1772 578 95 34 1898
1895 576 128 37 anvisa

817 628 53 30 ett
895 623 136 48 belopp
1059 622 41 37 af
1124 627 108 41 2,850
1261 625 149 36 kronor.

230 721 62 30 Ang.
312 721 85 31 anslag
517 726 91 33 55:0.
667 722 140 38 Vidare
844 723 68 36 och
952 724 120 36 under
1111 725 224 48 hänvisning
1373 727 58 36 till
1464 727 98 37 hvad
1593 728 183 36 utskottet
1810 728 67 36 här
1908 728 111 37 ofvan

235 755 22 22 ill
282 756 92 21 inredni
857 775 6 7 :
1084 776 6 7 .
1277 776 12 12 Ö
1836 780 7 6 ön
1894 779 7 8 de

213 758 32 60 af
262 763 94 48 lokaler
371 759 50 65 för
428 772 106 37 UNder
560 774 165 47 punkten
757 778 43 33 13
829 774 63 36 vid
919 775 227 47 behandling
1172 776 41 36 af
1236 776 131 49 frågan
1385 791 59 22 om
1470 778 551 47 tandläkareundervisningens

212 825 33 20 ett
258 823 349 37 tandläkareeordnande
632 824 135 45 anfört,
793 824 58 37 får
877 826 188 45 utskottet,
1092 827 12 36 i
1132 827 202 47 anledning
1360 827 40 37 af
1424 828 134 49 Kongl.
1585 828 120 50 Maj:ts
1738 829 127 37 derom
1890 829 132 49 gjorda

263 858 103 23 institut.

272 898 85 45 [50]
413 873 284 48 framställning,
724 876 204 45 hemställa,

915 966 54 31 att
994 961 210 48 Riksdagen
1231 962 62 37 må
1318 962 59 38 för
1403 963 72 37 den
1494 964 123 49 första
1643 964 235 47 inredningen
1905 967 44 44 af
1970 966 50 35 lo-

813 1011 102 37 kaler
934 1013 67 47 för
1028 1015 57 33 det
1111 1013 184 48 blifvande
1323 1015 406 37 tandläkareinstitutets
1752 1016 187 47 poliklinik
1959 1017 61 36 och

816 1062 254 36 laboratorium
1102 1062 162 48 uppföra
1297 1063 49 47 på
1373 1070 105 31 extra
1505 1071 73 31 stat
1602 1064 60 37 för
1687 1065 41 37 år
1758 1069 94 35 1898
1880 1072 52 31 ett
1960 1080 61 23 an-

813 1112 80 48 slag
919 1112 41 37 af
984 1116 107 42 5,000
1118 1114 148 37 kronor.

750 1261 218 39 Allmänna
994 1262 245 39 läroverken
1266 1265 76 37 och
1367 1266 311 47 pedagogierna.

228 1357 60 39 Ang.
307 1343 100 61 anslag
436 1372 11 11 «
514 1352 90 33 56:0.
664 1347 86 38 Med
789 1349 202 49 anledning
1026 1348 40 38 af
1095 1349 133 50 Kongl.
1268 1350 119 49 Maj:ts
1426 1351 129 38 derom
1586 1352 132 48 gjorda
1744 1351 275 49 framställning

227 1390 165 64 oneforvar.
410 1399 212 37 hemställer
649 1400 190 45 utskottet,

210 1460 54 27 ring
275 1459 25 22 åt
310 1461 100 20 lärarne

219 1493 40 21 vid
278 1493 123 22 allmänna
913 1490 54 31 att
1004 1485 211 48 Riksdagen
1252 1486 62 36 må
1351 1487 59 35 till
1450 1487 164 48 tillfällig
1650 1487 299 50 löneförbättring
1981 1489 37 36 åt

208 1526 201 64 Tälsgödlerna.
813 1536 148 36 lärarne
995 1537 61 35 vid
1083 1537 188 36 allmänna
1300 1537 207 36 läroverken
1534 1539 60 35 och
1620 1539 277 48 pedagogierna,
1927 1538 91 38 efter

264 1599 91 50 [51]
812 1599 140 23 samma
987 1587 163 48 grunder
1181 1600 80 23 som
1293 1587 60 37 för
1386 1588 251 37 innevarande
1664 1588 50 46 år,
1741 1588 47 50 på
1815 1595 105 31 extra
1946 1596 72 31 stat

811 1637 59 36 för
897 1637 39 36 år
966 1641 94 33 1898
1089 1638 133 46 bevilja
1250 1641 157 43 345,725
1436 1639 148 37 kronor.

225 1731 61 30 Äng.
307 1729 84 31 onsläg
511 1741 90 34 57:o.
661 1738 140 37 Vidare
827 1737 57 37 får
909 1739 181 36 utskottet
1116 1739 205 46 hemställa,

219 1764 37 22 till
279 1773 26 20 ar
307 1764 90 27 fvoden

208 1797 25 23 åt
245 1802 71 19 extra
327 1798 82 22 lärare

268 1841 30 14 m.
318 1840 29 15 m.
913 1828 54 31 att
1005 1823 210 48 Riksdagen
1256 1824 56 36 tll
1352 1825 174 49 arfvoden
1562 1825 39 36 åt
1636 1832 101 30 extra
1773 1826 123 37 lärare
1923 1834 93 29 samt

266 1870 91 50 [52.]
812 1874 56 35 till
894 1874 374 49 arfvodesförhöjning
1296 1876 39 36 åt
1361 1882 99 29 extra
1488 1876 183 37 ordinarie
1690 1878 246 37 ämneslärare
1955 1879 61 35 vid

811 1925 43 35 de
892 1925 187 36 allmänna
1119 1926 206 36 läroverken
1364 1929 61 33 må
1457 1925 46 49 på
1535 1932 105 31 extra
1666 1933 73 31 stat
1764 1927 59 37 för
1850 1927 40 37 år
1919 1931 94 35 1898

810 1975 136 47 bevilja
986 1976 193 36 enahanda
1218 1977 148 48 belopp,
1397 1990 78 23 som
1516 1978 119 36 under
1673 1979 46 36 de
1749 1984 146 31 senaste
1928 1979 86 37 åren

810 2026 126 36 härtill
963 2027 171 45 anvisats,
1162 2028 89 36 eller
1276 2028 245 36 tillsammans
1552 2031 155 43 100,000
1734 2029 148 37 kronor.

225 2112 72 55 Ang
296 2110 95 64 rörd
511 2112 91 34 58:o.
658 2109 135 47 Kongl.
825 2109 102 49 Maj:t
958 2111 68 36 har
1056 2111 198 49 föreslagit,
1282 2117 64 40 att,
1373 2113 58 36 till
1457 2112 236 38 bestridande
1720 2113 41 37 af
1781 2113 148 58 förhöjd
1957 2115 56 49 af-

218 2178 25 22 åt
262 2179 133 29 tecknings-
409 2160 120 48 löning
556 2161 39 35 åt
621 2162 191 39 ordinarie.
830 2162 299 48 teckningslärare
1157 2164 60 34 vid
1245 2163 107 36 rikets
1371 2164 190 36 allmänna
1582 2164 161 36 läroverk
1762 2165 114 36 under
1895 2171 119 41 tjenst-

217 2212 85 22 lärare
322 2213 76 21 under
408 2210 148 49 ledighet
577 2210 56 49 på
654 2213 124 45 grund
805 2211 46 50 af
868 2212 174 48 sjukdom,
1070 2212 113 38 måtte
1208 2212 48 49 på
1283 2219 106 31 extra
1415 2219 72 32 stat
1512 2213 60 38 för
1596 2213 41 38 år
1666 2218 94 35 1898
1789 2215 145 37 anvisas
1961 2221 54 32 ett

247 2245 117 89 [53]
408 2259 286 50 förslagsanslag
721 2261 41 38 af
788 2265 107 43 3,000
923 2262 146 38 kronor.
