2169 2679
190 864 136 32 Angående

186 899 122 31 anslaget

180 933 45 24 till
241 933 83 31 skogs-

187 967 123 25 väsendet

208 1010 32 16 m.
264 1009 32 17 Mm

406 201 39 33 18
827 198 95 33 Stats-
934 198 161 33 Utskottets
1128 196 165 34 Utlåtande
1320 195 63 33 N:o
1411 198 51 30 13.

488 288 53 36 På
568 292 72 32 sätt
667 286 138 50 Kongl.
834 285 104 49 Maj:t
965 284 207 48 föreslagit,
1201 283 216 36 hemställer
1444 280 194 38 Utskottet
1665 279 117 45 alltså,

806 395 54 31 att
893 388 225 48 Riksdagen,
1151 386 83 37 med
1262 384 277 52 godkännande
1567 383 39 37 af
1631 383 46 37 de
1705 383 58 37 för
1791 386 39 33 år
1863 384 94 35 1880

755 441 218 48 ifrågasatta
1015 439 304 47 förändringarne
1353 438 11 35 i
1397 436 225 37 tullverkets
1650 441 129 38 stater,
1809 437 59 34 må
1895 435 63 35 be-

751 500 158 30 stämma
950 492 166 47 anslaget
1158 490 56 37 för
1254 489 204 37 tullverket
1499 488 54 36 till
1587 493 53 31 ett
1669 493 78 30 mot
1775 491 182 32 staternas

752 545 223 36 slutsumma
1015 542 179 38 svarande
1234 542 133 48 belopp
1408 539 40 37 af
1486 541 198 44 2,490,000
1726 539 149 44 kronor,
1905 543 54 31 att

752 600 121 33 såsom
903 594 285 49 förslagsanslag
1215 593 143 37 direkte
1388 595 90 45 utgå
1507 590 39 37 af
1570 590 227 37 tullmedlen.

977 741 369 52 Skogsväsendet.

493 856 71 35 8:o.
618 851 136 50 Kongl.
783 851 102 48 Maj:t
914 851 63 35 har
1005 849 193 48 föreslagit
1226 848 209 46 Riksdagen
1466 845 311 45 att,beträffande
1794 846 166 48 anslaget

357 907 58 36 till
443 904 302 49 skogsväsendet,
774 904 61 36 det
863 916 27 22 s.
920 903 34 36 k.
984 901 194 37 bestämda
1206 900 166 46 anslaget
1400 901 114 33 måtte
1543 898 88 36 ökas
1649 896 84 37 med
1750 902 53 30 ett
1819 897 139 48 belopp

357 957 40 37 af
424 959 107 44 1,500
559 957 139 35 kronor
725 975 47 4 —
802 953 108 38 deraf
944 955 106 44 1,000
1091 952 137 35 kronor
1257 951 55 36 till
1341 950 258 46 ålderstillägg
1626 949 68 35 och
1725 950 71 35 500
1825 948 134 35 kronor

357 1009 58 36 till
443 1009 161 47 aflöning
639 1010 38 33 åt
705 1020 43 23 en
780 1006 245 47 kronojägare
1055 1003 60 36 vid
1144 1003 199 46 Tullgarns
1373 1001 213 48 kronopark
1606 1020 48 4 —
1677 1013 83 22 men
1790 1012 167 23 reserva-

358 1061 265 46 tionsanslaget
651 1059 161 35 minskas
841 1057 82 36 med
956 1054 259 38 motsvarande
1244 1054 153 48 belopp;
1428 1060 94 29 samt
1541 1057 54 31 att
1615 1051 208 48 Riksdagen
1842 1054 116 33 måtte

357 1111 202 47 medgifva,
589 1117 55 30 att
673 1109 57 37 för
758 1113 38 32 år
826 1110 96 35 1880
950 1108 99 47 finge
1080 1106 37 36 af
1130 1105 419 46 reservationsanslaget
1570 1103 180 36 utbetalas
1772 1103 101 35 löne-
1890 1102 69 36 och

355 1163 283 48 dyrtidstillägg
667 1164 37 33 åt
736 1160 321 48 Skogsstyrelsens
1085 1156 88 38 chef
1196 1164 94 29 samt
1318 1156 82 36 dess
1429 1156 224 47 tjenstemän
1684 1154 67 36 och
1779 1153 177 48 betjente,

357 1220 54 30 att
440 1217 90 44 utgå
557 1212 93 37 efter
678 1212 131 35 hittills
838 1210 124 36 derför
991 1208 192 37 bestämda
1210 1207 175 48 grunder.

489 1263 108 37 Hvad
639 1262 92 37 först
771 1265 116 46 angår
927 1261 70 36 den
1032 1259 209 47 föreslagna
1269 1257 246 47 tillökningen
1543 1257 10 35 i
1582 1255 62 37 det
1671 1254 192 37 bestämda
1892 1268 66 23 an-

356 1317 122 46 slaget
505 1316 55 34 till
589 1314 290 48 skogsväsendet
912 1311 85 37 med
1029 1312 105 43 1,500
1163 1310 136 35 kronor
1326 1315 96 30 samt
1450 1306 264 38 motsvarande
1745 1307 214 47 minskning

355 1368 11 34 i
407 1365 429 47 reservationsanslaget,
879 1364 67 35 har
973 1362 68 36 den
1075 1363 12 34 i
1119 1360 411 48 statsrådsprotokollet
1569 1357 84 46 (Bil.
1694 1357 67 36 N:o
1791 1359 19 34 6
1840 1357 23 35 d
1892 1357 66 36 sid.

359 1415 61 47 16)
450 1416 218 37 meddelade
697 1415 213 46 utredning,
927 1412 229 38 beträffande
1173 1410 177 37 behofvet
1366 1409 40 37 af
1417 1409 248 37 anställandet
1681 1408 60 36 vid
1759 1408 199 48 Tullgarns

356 1468 214 48 kungsgård
611 1467 39 37 af
688 1480 43 23 en
759 1465 160 37 särskild
954 1464 256 47 kronojägare,
1239 1468 104 43 synts
1371 1461 192 36 Utskottet
1590 1459 369 50 tillfyllestgörande;

358 1521 68 34 och
469 1519 47 36 då
556 1519 30 46 ej
617 1519 114 35 heller
759 1517 252 46 beräkningen
1040 1516 39 34 af
1103 1513 243 46 erforderliga
1374 1526 71 34 nya
1474 1512 257 47 ålderstillägg
1758 1510 107 47 gifvit
1893 1523 65 23 an-

358 1570 153 47 ledning
538 1570 56 35 till
624 1572 120 44 någon
774 1569 162 42 erinran,
964 1566 109 36 torde
1106 1566 106 35 alltså
1240 1564 134 47 Kongl.
1395 1563 122 46 Maj:ts
1534 1562 134 48 nådiga
1683 1561 276 47 framställning

356 1621 11 35 i
396 1619 244 38 förevarande
668 1619 206 37 hänseende
903 1618 91 36 böra
1022 1617 110 36 vinna
1159 1615 233 46 Riksdagens
1420 1613 115 37 bifall.

490 1670 296 37 Vidkommande
827 1669 163 36 derefter
1021 1668 131 46 frågan
1186 1680 59 21 om
1273 1665 212 37 beredande
1515 1664 56 36 för
1598 1667 40 33 år
1667 1665 96 36 1880
1791 1662 37 37 af
1853 1663 106 36 löne-

357 1723 69 36 och
468 1722 281 49 dyrtidstillägg
790 1723 36 33 åt
867 1719 322 49 Skogsstyrelsens
1230 1716 86 37 chef
1353 1723 96 29 samt
1482 1715 81 36 dess
1591 1716 223 47 tjenstemän
1843 1715 118 48 enligt

358 1774 132 35 hittills
535 1773 121 36 derför
697 1771 194 38 bestämda
923 1770 178 49 grunder,
1136 1769 64 35 har
1229 1767 191 37 Utskottet
1447 1767 229 47 visserligen,
1704 1765 63 37 vid
1796 1764 64 37 det
1887 1764 72 37 för-

358 1824 174 37 hållande
574 1830 55 30 att
668 1827 118 45 någon
829 1823 186 46 reglering
1055 1820 39 36 af
1130 1820 185 47 styrelsen
1358 1826 98 28 ännu
1497 1819 80 35 icke
1618 1823 61 41 egt
1712 1830 95 30 rum,
1836 1822 124 31 ansett

357 1875 113 36 sådan
499 1875 143 36 förmån
673 1875 90 35 böra
791 1874 104 36 desse
924 1873 158 36 embets-
1100 1871 65 35 och
1183 1872 224 46 tjenstemän
1423 1869 253 44 tillerkännas;
1694 1880 82 23 men
1792 1867 168 37 deremot

358 1927 66 35 har
461 1925 194 37 Utskottet
691 1926 78 35 icke
798 1925 140 35 kunnat
965 1924 90 46 gilla
1083 1922 133 46 Kongl.
1245 1920 123 49 Maj:ts
1396 1919 138 48 förslag
1563 1920 138 44 derom,
1731 1924 54 30 att
1813 1918 63 36 det
1904 1918 56 36 för

358 1977 211 37 ändamålet
610 1976 241 47 erforderliga
893 1975 183 48 beloppet,
1118 1974 109 43 3,380
1256 1973 145 40 kronor,
1430 1971 139 35 hvilket
1597 1971 131 35 hittills
1756 1969 123 36 blifvit
1900 1968 59 37 för

359 2029 125 47 hvarje
529 2032 40 32 år
609 2030 120 33 såsom
770 2026 178 36 särskildt
988 2032 103 29 extra
1127 2024 128 47 anslag
1288 2022 182 44 anvisadt,
1500 2035 50 22 nu
1579 2022 120 35 skulle
1729 2020 146 36 komma
1904 2026 55 30 att

359 2082 91 44 utgå
482 2079 80 36 från
596 2077 420 47 reservationsanslaget
1044 2075 58 36 till
1134 2074 322 47 kronoskogarnes
1485 2072 237 47 förvaltning.
1776 2071 71 36 Till
1874 2070 84 37 stöd

358 2129 58 37 för
444 2129 159 38 berörda
630 2128 138 48 förslag
796 2129 65 34 har
889 2124 414 52 departementschefen
1332 2123 132 45 anfört,
1493 2128 67 40 att,
1589 2123 47 36 då
1665 2122 38 37 af
1716 2121 243 37 omförmälda

360 2182 130 46 anslag
529 2181 118 36 redan
688 2179 193 37 bestredes
922 2179 88 35 flera
1052 2178 99 35 olika
1179 2175 154 48 utgifter
1361 2174 108 37 äfven
1498 2174 38 36 af
1559 2173 160 48 tillfällig
1747 2173 65 36 och
1840 2172 120 37 öfver-

360 2232 141 48 gående
529 2238 68 38 art,
626 2231 118 36 borde
774 2230 64 35 det
866 2229 63 36 vid
958 2230 64 35 det
1049 2227 243 44 förhållande,
1321 2232 54 30 att
1403 2226 167 46 anslaget
1598 2225 85 36 med
1699 2225 78 36 sina
1797 2236 164 24 reserva-

360 2284 124 36 tioner
525 2283 126 37 dertill
693 2287 127 44 syntes
860 2281 123 36 lemna
1022 2279 66 37 full
1122 2278 167 48 tillgång,
1320 2278 80 35 icke
1430 2282 99 30 möta
1556 2278 120 45 någon
1705 2275 258 50 betänklighet
