1898 2790
306 163 43 29 22
724 159 291 34 Statsutskottets
1037 157 181 37 utlåtande
1241 169 42 25 nr
1302 162 74 32 193.

310 239 242 43 ganisationen
571 239 109 34 skulle
701 239 174 43 nämligen
895 239 107 34 redan
1020 240 10 33 i
1048 240 37 33 år
1104 252 126 30 genom
1249 240 258 43 upprättandet
1528 253 44 22 av
1591 240 200 35 seminariet

310 292 10 34 i
341 292 112 42 Växjö
475 292 80 34 med
576 293 63 33 två
659 292 130 34 klasser
812 292 66 34 och
901 304 126 31 genom
1047 293 236 42 utvidgandet
1304 297 103 30 nästa
1429 295 38 32 år
1490 306 44 22 av
1557 294 201 34 seminariet
1780 295 11 33 i

309 345 243 34 Kristianstad
571 346 80 33 med
670 346 202 42 ytterligare
894 347 63 32 två
984 341 23 52 —
1038 346 109 34 vilket
1167 347 68 33 lätt
1255 347 88 33 låter
1364 347 51 42 sig
1431 350 85 39 göra
1533 368 45 4 —
1597 347 36 34 få
1653 360 43 21 en
1715 347 75 35 icke

310 399 9 32 i
339 399 263 42 propositionen
624 399 178 34 beräknad
823 399 93 34 ökad
936 399 182 43 intagning
1137 412 46 21 av
1204 403 63 30 112
1289 400 190 42 lärjungar.
1501 401 288 42 Departements-

310 452 123 33 chefen
453 452 63 33 har
536 452 173 34 beräknat
730 452 175 43 ökningen
925 465 125 30 genom
1071 465 42 21 en
1134 453 184 43 intagning
1340 466 46 21 av
1408 457 42 30 32
1472 454 11 33 i
1504 454 97 42 varje
1623 454 93 34 klass
1737 455 53 33 till

310 506 84 33 allra
416 505 104 43 högst
543 509 76 30 180.
642 506 72 33 Det
736 506 132 34 behövs
892 506 131 34 således
1047 507 202 41 ytterligare
1274 507 126 34 endast
1420 508 66 33 två
1506 507 132 35 klasser
1659 508 55 34 för
1736 513 54 29 att

308 558 144 34 komma
467 559 132 41 ganska
616 562 84 30 nära
717 559 99 34 detta
833 559 109 40 antal,
959 560 64 33 och
1039 560 66 34 den
1121 560 141 39 lätthet,
1279 560 80 34 med
1375 560 118 34 vilken
1509 561 281 42 organisationen

309 612 108 34 redan
432 612 11 33 i
460 613 38 33 år
511 612 138 34 kunnat
665 613 84 33 ökas
766 613 79 33 med
861 613 79 42 fyra
956 613 130 34 klasser
1101 618 88 29 utan
1207 615 108 41 några
1333 626 75 21 som
1424 614 93 34 helst
1532 615 162 42 åtgärder
1712 615 78 34 från

309 665 132 42 Kungl.
459 665 126 42 Maj:ts
603 665 86 40 sida,
706 666 87 33 låter
811 665 162 35 förmoda
991 671 53 29 att
1062 666 59 34 det
1138 666 74 34 inte
1232 670 37 30 är
1286 666 161 43 omöjligt
1467 672 54 29 att
1539 667 134 43 ganska
1692 673 98 29 snart

308 718 121 34 kunna
450 718 36 34 få
504 719 52 33 till
576 719 104 33 stånd
701 718 105 34 också
828 719 101 34 dessa
946 720 95 33 två.»

709 2482 131 21 Stockholm
856 2482 48 20 1947
918 2482 53 21 Ivar
984 2482 152 24 Heggströms
1150 2482 147 24 Boktryckeri
1311 2482 27 21 A.
1349 2482 27 21 B.

1008 2518 69 15 471886
