1858 2792
438 154 285 31 Statsutskottets
744 153 179 31 utlåtande
943 162 42 20 nr
1005 154 61 29 119
1084 154 39 29 år
1144 154 83 29 1956
1566 154 20 30 9

82 240 197 39 riksdagen.
306 240 67 29 Det
400 239 218 30 sistnämnda
646 238 106 39 gäller
778 238 222 30 beträffande
1027 238 133 40 förslag
1185 238 53 29 till
1265 246 93 22 vissa
1385 237 160 40 åtgärder
1571 237 13 29 i

83 291 90 38 syfte
200 292 52 28 att
279 290 114 30 bättre
421 290 122 29 kunna
571 289 219 39 tillvarataga
820 289 41 29 de
890 288 154 40 partiellt
1073 288 213 30 arbetsföras
1316 288 268 31 arbetsinsatser

81 340 97 30 inom
198 340 348 39 statsförvaltningen
568 340 165 29 ävensom
753 339 132 41 förslag
906 338 177 40 angående
1104 338 41 30 de
1167 338 139 39 statliga
1327 338 258 40 myndigheter-

82 400 63 21 nas
171 391 213 30 medverkan
407 390 57 31 vid
490 390 160 40 uppbörd
675 400 42 21 av
739 390 94 29 vissa
858 388 372 41 försäkringspremier
1255 389 65 29 och
1347 389 238 39 föreningsav-

83 441 102 39 gifter
204 451 45 20 m.
268 451 46 20 m.

127 492 13 29 I
161 491 229 31 förevarande
408 490 218 42 proposition
646 490 156 36 föreslås,
824 493 51 27 att
894 490 187 40 riksdagen
1101 490 107 30 måtte
1228 490 210 39 bemyndiga
1458 490 126 40 Kungl.

83 542 106 39 Maj:t
209 544 59 32 att,
297 543 4 29 i
322 542 236 40 huvudsaklig
580 542 348 29 överensstämmelse
950 541 77 30 med
1050 540 115 30 såsom
1186 540 116 39 bilaga
1324 541 53 29 till
1399 540 186 31 statsråds-

83 592 209 39 protokollet
316 592 11 30 i
351 592 143 31 ärendet
519 592 95 39 fogat
640 592 372 39 författningsförslag,
1037 591 139 39 vidtaga
1201 591 190 40 ändringar
1415 591 12 30 i
1453 593 133 28 statens

81 642 180 30 allmänna
288 642 406 39 avlöningsreglemente,
722 641 183 40 Därjämte
932 641 142 40 begäres
1102 641 206 39 riksdagens
1335 641 250 40 bemyndigan-

83 692 41 31 de
148 695 50 27 att
219 693 141 39 vidtaga
381 693 94 29 vissa
498 692 189 40 ändringar
710 692 12 29 i
745 692 410 39 avlöningsreglementet
1178 692 54 30 för
1256 691 212 35 folkskolan,
1494 692 93 29 avlö-

83 742 330 41 ningsreglementet
451 743 54 30 för
543 743 272 39 övningslärare,
854 742 413 40 prästlönereglementet,
1307 742 278 40 polislöneregle-

84 795 131 28 mentet
235 794 65 29 och
319 793 234 40 kungörelsen
573 802 57 21 om
651 792 369 40 sjukvårdsförmåner
1040 793 55 30 för
1113 792 95 30 vissa
1227 792 176 40 polismän
1423 793 91 29 samt
1535 792 51 29 att

82 844 143 29 utfärda
248 844 221 30 föreskrifter
493 843 177 40 angående
694 843 154 40 partiellt
872 843 212 30 arbetsföras
1109 843 231 30 användande
1363 843 97 30 inom
1484 844 103 29 stats-

83 894 259 39 förvaltningen
368 895 165 30 ävensom
558 894 221 30 beträffande
803 894 43 30 de
873 893 139 40 statliga
1038 893 308 39 myndigheternas
1373 893 213 30 medverkan

82 943 58 31 vid
162 944 158 40 uppbörd
341 954 43 21 av
401 944 94 31 vissa
516 944 373 40 försäkringspremier
909 944 65 30 och
994 943 330 40 föreningsavgifter
1345 953 45 20 m.
1414 952 45 22 m.

129 995 227 30 Beträffande
376 996 68 29 den
464 996 162 29 närmare
647 995 216 30 innebörden
883 1004 43 21 av
945 995 58 30 det
1023 994 236 39 föreliggande
1280 993 310 41 propositionsför-

86 1045 109 40 slaget
216 1045 55 31 får
290 1046 172 30 utskottet
481 1045 147 30 hänvisa
648 1045 53 31 till
722 1045 384 40 statsrådsprotokollet
1127 1054 25 20 s.
1174 1044 118 30 3—38.

130 1145 185 31 Utskottet.
344 1147 75 30 Vad
446 1146 90 30 först
562 1146 172 30 beträffar
762 1147 42 29 de
832 1146 200 39 föreslagna
1060 1145 237 39 ändringarna
1327 1145 11 29 i
1366 1146 133 28 statens
1527 1144 63 29 all-

85 1197 130 29 männa
234 1197 395 39 avlöningsreglemente
650 1196 64 30 och
734 1197 146 30 därmed
900 1196 346 39 sammanhängande
1268 1195 173 40 spörsmål
1462 1195 55 30 får
1537 1196 55 28 ut-

85 1248 130 30 skottet
237 1248 125 30 anföra
383 1248 168 39 följande.

128 1298 227 30 Beträffande
386 1298 125 39 frågan
542 1307 57 22 om
629 1298 211 39 förbättring
871 1307 42 21 av
944 1297 282 41 fyrpersonalens
1258 1297 152 39 ledighet
1440 1296 148 30 innebär

85 1349 125 39 Kungl.
229 1349 125 39 Maj:ts
374 1349 141 39 förslag,
534 1350 52 28 att
604 1350 154 29 nämnda
777 1349 163 39 personal
960 1350 90 28 samt
1068 1348 208 40 personalen
1295 1348 21 30 å
1334 1347 131 30 Ölands
1486 1347 104 30 södra

86 1400 132 39 grunds
241 1400 56 39 fyr
320 1400 91 29 skall
433 1400 79 29 med
533 1399 139 39 hänsyn
694 1399 53 30 till
771 1399 77 29 sina
871 1399 162 39 speciella
1056 1398 366 30 arbetsförhållanden
1444 1397 147 30 beredas

86 1459 43 21 en
148 1451 208 39 garanterad
376 1450 241 39 tjänstefrihet
636 1450 79 29 med
734 1450 193 29 oavkortad
947 1450 58 29 lön
1023 1449 111 29 under
1155 1449 41 30 30
1216 1449 108 38 dagar
1343 1448 56 30 för
1418 1448 48 29 år.
1487 1448 14 29 I
1521 1447 71 29 frå-

86 1509 43 31 ga
148 1509 57 21 om
224 1500 400 40 fyrskeppspersonalen
644 1500 90 29 skall
753 1499 287 40 tjänstefriheten
1060 1499 10 29 i
1092 1499 110 29 första
1222 1498 97 30 hand
1341 1498 175 39 förläggas
1537 1497 54 30 till

83 1551 97 29 tiden
202 1551 54 29 för
279 1551 187 39 fyrskepps
489 1550 248 40 uppläggning,
761 1550 65 30 och
850 1550 11 29 i
885 1550 68 29 den
975 1550 82 29 mån
1082 1549 38 30 så
1143 1551 125 38 prövas
1294 1548 294 39 ändamålsenligt

87 1602 90 29 skall
197 1601 217 40 tjänsteman
433 1601 176 40 utnyttjas
630 1601 54 30 för
703 1601 152 30 vikariat
877 1601 112 29 under
1009 1601 67 29 den
1097 1600 54 29 del
1173 1609 42 20 av
1235 1598 356 41 uppläggningstiden

87 1661 77 21 som
186 1652 222 39 överskjuter
430 1652 41 30 30
495 1653 117 38 dagar.
637 1652 177 29 Utskottet
836 1651 194 39 tillstyrker
1053 1651 96 29 detta
1171 1650 132 40 förslag
1327 1650 64 30 och
1415 1649 65 30 har
1502 1649 89 30 intet

87 1705 51 27 att
154 1702 116 31 erinra
287 1705 73 27 mot
375 1704 68 29 vad
459 1702 388 40 departementschefen
864 1702 11 29 i
893 1702 170 30 samband
1079 1701 145 30 härmed
1244 1701 128 30 anfört.

131 1754 13 29 I
169 1753 99 39 fråga
291 1762 58 21 om
373 1754 207 39 gottgörelse
608 1753 55 29 för
686 1752 390 40 övertidstjänstgöring
1101 1752 147 30 föreslås
1272 1751 71 30 viss
1367 1750 187 40 jämkning
1578 1750 13 29 i

87 1804 203 30 nuvarande
313 1804 265 29 bestämmelser
602 1804 55 29 för
680 1805 51 28 att
754 1803 12 29 i
789 1803 138 40 princip
952 1802 208 39 möjliggöra
1182 1802 167 29 valfrihet
1372 1801 12 29 i
1409 1801 100 39 fråga
1533 1809 59 21 om

87 1855 67 29 den
180 1854 102 35 form,
308 1854 12 29 i
344 1854 118 29 vilken
488 1854 216 39 tjänsteman
730 1854 90 29 skall
845 1853 134 30 erhålla
1004 1852 270 40 kompensation
1301 1852 56 29 för
1383 1851 210 30 övertidsar-

86 1905 87 34 bete,
198 1905 31 31 d.
253 1914 31 20 v.
309 1914 26 20 s.
360 1903 444 41 kompensationsledighet
827 1904 84 29 eller
936 1902 358 39 övertidsersättning.
1321 1902 177 29 Utskottet
1526 1901 66 29 har

86 1955 73 30 inte
180 1955 105 39 något
307 1957 51 27 att
380 1955 117 29 erinra
518 1956 74 28 mot
613 1955 95 29 detta
729 1954 142 39 förslag.

128 2005 227 30 Beträffande
373 2004 397 40 utrikesförvaltningen
786 2004 148 30 föreslås
950 2004 44 29 bl.
1012 2013 29 20 a.
1057 2003 71 30 viss
1145 2003 207 39 utvidgning
1369 2012 42 20 av
1428 2003 67 29 den
1513 2002 23 29 f.
1554 2011 33 20 n.

85 2055 139 31 relativt
251 2057 101 29 snävt
378 2056 215 39 avgränsade
620 2055 236 39 personkrets,
884 2064 76 20 som
986 2056 80 37 äger
1092 2054 133 29 erhålla
1250 2053 123 39 bidrag
1399 2053 56 30 för
1481 2052 110 39 inköp

88 2116 43 20 av
153 2106 49 30 bil
226 2107 64 29 och
315 2106 195 39 ersättning
535 2106 55 29 för
615 2105 163 30 hållande
803 2114 42 20 av
870 2105 59 29 bil.
955 2104 176 30 Utskottet
1157 2104 116 29 finner
1301 2103 51 39 sig
1377 2103 122 29 kunna
1524 2103 68 28 till-

88 2157 121 39 styrka
234 2157 96 29 detta
352 2157 142 38 förslag.
517 2155 183 30 Likaledes
723 2156 64 29 har
810 2156 172 28 utskottet
1005 2156 114 28 ansett
1142 2154 51 39 sig
1216 2154 123 29 kunna
1361 2153 139 30 biträda
1522 2153 71 29 för-

89 2207 108 39 slaget
221 2209 50 27 att
295 2207 217 38 tjänstemän
537 2207 79 28 med
642 2207 87 37 lägst
754 2205 167 39 ställning
946 2214 75 20 som
1046 2205 107 29 andre
1179 2205 215 28 sekreterare
1425 2203 168 33 (motsva-

88 2257 125 32 rande)
239 2257 228 29 tillerkännes
487 2258 49 27 ett
556 2258 78 37 nylt
654 2256 209 38 lönetillägg,
886 2265 25 20 s.
932 2255 33 29 k.
986 2254 271 39 hemmatillägg,
1279 2254 108 38 enligt
1408 2262 43 20 av
1471 2254 121 38 depar-

89 2307 276 29 tementschefen
384 2306 186 30 förordade
588 2306 161 38 grunder.
771 2306 122 29 Såsom
911 2314 43 20 av
970 2304 262 40 propositionen
1252 2303 156 39 framgår
1427 2303 64 29 har
1510 2311 82 20 man

89 2358 86 29 även
196 2356 11 29 i
228 2359 48 27 ett
299 2366 63 30 par
382 2366 42 20 av
444 2357 83 29 våra
548 2356 235 39 grannländer
805 2356 67 28 löst
893 2356 57 28 det
971 2353 414 39 omställningsproblem,
1409 2362 75 20 som
1506 2361 87 30 upp-

88 2407 159 30 kommer
273 2415 125 31 genom
424 2407 267 38 ifrågavarande
717 2406 235 38 tjänslemäns
980 2405 198 38 temporära
1204 2403 230 39 stlationering
1460 2403 10 28 i
1498 2403 95 29 hem-

90 2458 127 34 landet,
243 2465 125 32 genom
395 2457 174 30 särskilda
595 2456 109 39 årliga
730 2455 200 40 lönetillägg
956 2455 110 29 under
1093 2454 280 39 tjänstgöringen
1400 2453 193 30 därstädes.
