1850 2762
506 159 276 31 Statsutskottets
799 160 175 31 utlåtande
992 171 40 20 nr
1049 163 39 29 90
1106 160 37 31 år
1159 163 81 29 1965
1576 167 39 28 27

487 243 53 27 att
558 238 174 41 riksdagen
749 239 55 31 må
823 239 49 31 till
890 239 210 31 Stockholms
1118 239 207 31 universitet:
1343 239 156 32 Materiel
1516 250 100 21 m.m.

446 291 50 32 för
535 292 198 40 budgetåret
774 292 142 36 1965/66
957 292 115 32 anvisa
1112 296 51 28 ett
1202 292 332 41 reservationsanslag
1573 304 43 21 av

447 348 19 27 2
478 348 59 28 388
550 348 59 28 000
627 345 48 31 kr.

168 450 86 41 25:0)
278 451 225 32 Stockholms
517 453 222 30 universitet:
755 451 288 41 Nyanskaffning
1056 463 42 20 av
1112 459 189 33 apparater
1315 463 48 20 m.
1378 463 48 21 m,
1442 452 18 32 I
1474 452 144 41 enlighet

127 504 75 31 med
218 503 122 41 Kungl.
356 504 119 39 Maj:ts
490 504 120 40 förslag
626 504 124 39 (punkt
764 505 29 31 E
805 507 51 35 25,
870 516 25 20 s.
911 508 60 28 417
987 505 61 31 och
1064 505 87 39 418),
1167 504 102 32 vilket
1285 505 137 32 innebär
1436 505 180 32 anvisande

126 567 44 21 av
186 567 126 21 samma
329 557 250 40 anslagsbelopp
596 568 70 20 som
683 557 50 31 för
750 557 223 32 innevarande
990 558 172 40 budgetår,
1179 559 189 31 hemställer
1384 559 176 37 utskottet,

486 615 53 27 att
557 610 173 40 riksdagen
750 611 55 31 må
824 611 49 31 till
892 611 211 31 Stockholms
1121 612 207 30 universitet:
1382 612 234 39 Nyanskaffning

446 674 42 20 av
507 668 178 35 apparater
701 675 100 20 m.m.
821 664 50 31 för
890 664 198 40 budgetåret
1109 665 140 35 1965/66
1269 664 116 32 anvisa
1404 669 51 28 ett
1473 676 144 20 reserva-

446 716 201 41 tionsanslag
663 728 42 20 av
722 719 60 29 490
795 720 59 28 000
873 717 48 32 kr.

168 822 86 41 26:0)
278 822 225 32 Stockholms
517 824 222 31 universitet:
757 823 193 41 Bokinköp
966 824 68 31 och
1048 823 250 41 bokbindning
1312 835 48 20 m.
1377 835 47 22 m,
1441 824 18 32 I
1473 824 143 41 enlighet

127 876 75 31 med
217 875 123 40 Kungl.
355 875 120 39 Maj:ts
490 875 120 40 förslag
626 875 124 40 (punkt
763 876 28 31 E
804 878 50 35 26,
870 887 24 20 s.
910 879 60 28 418
986 876 61 32 och
1063 877 87 40 419),
1165 876 104 32 vilket
1285 876 136 32 innebär
1436 877 180 32 anvisande

127 940 43 20 av
190 933 50 27 ett
259 933 78 34 nytt
357 929 114 39 anslag
490 940 41 20 av
552 932 61 27 254
625 932 60 28 000
706 929 47 31 kr.
775 930 104 30 under
897 930 238 31 förutnämnda
1155 929 253 40 anslagsrubrik,
1428 931 189 31 hemställer

128 982 175 37 utskottet,

486 1039 53 27 att
559 1034 174 41 riksdagen
754 1035 55 31 må
830 1035 50 31 till
900 1035 210 31 Stockholms
1130 1036 207 31 universitet:
1357 1036 176 40 Bokinköp
1555 1036 61 31 och

447 1088 226 39 bokbindning
692 1098 100 21 m.m.
812 1088 52 31 för
884 1088 199 40 budgetåret
1105 1089 141 36 1965/66
1266 1089 116 32 anvisa
1403 1093 50 28 ett
1473 1100 143 21 reserva-

447 1141 200 40 tionsanslag
666 1152 42 21 av
728 1144 60 28 254
801 1144 60 28 000
881 1141 48 32 kr.

168 1256 85 40 27:0)
277 1257 112 31 Umeå
405 1257 221 31 universitet:
644 1256 227 40 Avlöningar.
889 1257 124 39 Kungl.
1029 1256 105 39 Maj:t
1150 1257 60 31 har
1227 1257 124 39 (punkt
1366 1258 29 31 E
1408 1261 49 34 27,
1474 1269 24 20 s.
1515 1261 103 28 419—

130 1309 75 40 439)
225 1309 168 40 föreslagit
411 1309 173 40 riksdagen
603 1314 53 27 att
674 1309 69 32 dels
761 1309 201 41 bemyndiga
982 1310 123 40 Kungl.
1125 1310 104 40 Maj:t
1247 1314 54 29 att
1320 1311 137 40 vidtaga
1476 1312 40 31 de
1535 1312 80 31 änd-

130 1362 109 40 ringar
264 1362 9 31 i
300 1362 399 40 personalförteckningen
726 1362 51 32 för
803 1363 108 31 Umeå
937 1363 206 37 universitet,
1171 1374 70 21 som
1267 1363 185 33 föranledes
1478 1375 44 21 av
1550 1365 65 31 vad

130 1415 363 39 departementschefen
514 1414 121 38 anfört,
656 1415 69 32 dels
746 1416 177 39 godkänna
945 1427 43 20 av
1010 1416 363 39 departementschefen
1396 1417 140 40 angiven
1558 1429 57 20 av-

129 1468 198 40 löningsstat
348 1468 51 31 för
419 1468 105 31 Umeå
546 1467 204 38 universitet,
772 1472 53 28 att
847 1468 168 40 tillämpas
1037 1469 66 32 tills
1125 1468 113 32 vidare
1259 1468 39 32 fr.
1310 1480 29 21 o.
1353 1480 42 20 m.
1418 1469 197 41 budgetåret

133 1521 151 37 1965/66,
312 1521 68 31 dels
408 1521 61 30 ock
496 1521 48 31 till
572 1520 106 32 Umeå
704 1521 207 31 universitet:
938 1521 204 40 Avlöningar
1168 1521 50 32 för
1245 1521 199 41 budgetåret
1473 1523 142 36 1965/66

130 1574 115 32 anvisa
262 1578 50 27 ett
329 1573 251 40 förslagsanslag
597 1585 43 20 av
659 1577 37 28 17
710 1577 60 28 078
783 1577 60 28 000
861 1575 49 31 kr.

171 1681 16 31 I
206 1682 162 32 samband
386 1683 136 32 härmed
540 1683 60 32 har
617 1684 167 31 utskottet
802 1684 48 31 till
868 1683 202 41 behandling
1087 1683 143 32 förehaft

171 1735 69 31 dels
264 1736 60 31 två
348 1736 211 39 likalydande
584 1736 171 37 motioner,
782 1737 123 31 väckta
931 1737 65 31 den
1021 1748 62 20 ena
1109 1736 89 31 inom
1224 1736 105 32 första
1354 1737 191 31 kammaren
1573 1747 42 21 av

130 1787 111 32 herrar
260 1788 204 32 Lundström
484 1790 61 30 och
565 1789 129 32 Sundin
716 1788 41 38 (I:
771 1790 74 40 162)
868 1794 88 27 samt
977 1790 65 31 den
1062 1790 105 32 andra
1187 1789 90 32 inom
1299 1790 104 31 andra
1423 1790 193 30 kammaren

125 1851 43 21 av
188 1841 111 31 herrar
317 1842 160 31 Hedlund
496 1842 61 31 och
579 1842 99 31 Ohlin
700 1842 60 40 (II:
775 1843 86 39 196),
882 1842 10 31 i
913 1842 89 31 vilka
1022 1842 195 37 hemställts,
1237 1842 105 31 såvitt
1361 1853 45 20 nu
1427 1844 37 29 är
1484 1841 10 31 i
1514 1841 102 39 fråga,

130 1897 52 28 att
202 1894 173 39 riksdagen
396 1895 106 31 måtte
521 1895 130 31 besluta
671 1900 52 26 att
744 1895 124 31 inrätta
889 1906 40 20 en
950 1895 166 39 professur
1135 1895 9 31 i
1165 1894 150 40 praktisk
1336 1895 193 40 pedagogik,
1550 1897 66 29 sär-

131 1946 77 32 skilt
231 1947 302 40 vuxenpedagogik,
556 1947 56 32 vid
635 1948 105 31 Umeå
762 1948 197 31 universitet
981 1947 39 31 fr.
1032 1958 29 21 o.
1075 1958 42 21 m.
1141 1948 63 31 den
1229 1950 14 28 1
1268 1947 60 39 juli
1353 1950 79 28 1965
1456 1951 88 28 samt
1566 1947 51 32 för

130 1999 190 32 ändamålet
345 2000 105 32 under
473 2000 490 40 ecklesiastikdepartementets
987 1999 190 33 huvudtitel
1203 2000 49 31 till
1278 2000 106 32 Umeå
1410 2000 206 32 universitet:

129 2052 202 40 Avlöningar
350 2053 115 31 anvisa
485 2053 209 40 erforderliga
713 2054 117 36 medel;

171 2105 68 31 dels
256 2105 58 31 två
331 2105 212 39 likalydande
559 2106 172 37 motioner,
748 2107 124 31 väckta
888 2107 63 31 den
969 2117 62 20 ena
1047 2106 90 31 inom
1154 2106 102 31 första
1273 2106 193 31 kammaren
1483 2117 43 20 av
1542 2106 75 31 herr

128 2157 153 39 Hjalmar
301 2158 136 31 Nilsson
456 2169 44 20 m.
520 2159 35 38 fl.
579 2159 43 39 (I:
637 2159 73 39 165)
733 2159 61 31 och
816 2159 64 31 den
902 2159 104 31 andra
1028 2158 89 31 inom
1139 2159 103 30 andra
1264 2158 192 31 kammaren
1478 2169 43 21 av
1542 2158 74 32 herr

132 2212 199 39 Gustafsson
352 2213 9 30 i
383 2212 175 31 Skellefteå
578 2224 46 19 om.
635 2212 35 39 fl.
694 2211 62 39 (II:
771 2212 86 39 194),
880 2211 10 31 i
913 2212 89 31 vilka
1025 2211 185 31 hemställts
1232 2215 53 28 att
1307 2211 175 40 riksdagen
1504 2211 10 31 i
1537 2211 79 32 skri-

131 2265 86 31 velse
235 2265 49 31 till
303 2265 123 39 Kungl.
445 2264 102 39 Maj:t
567 2264 106 31 måtte
691 2265 107 30 uttala
817 2264 280 39 angelägenheten
1116 2274 43 20 av
1177 2267 53 27 att
1248 2274 40 20 en
1307 2263 166 40 professur
1491 2264 10 31 i
1519 2264 97 31 barn-

130 2317 161 40 psykiatri
310 2321 130 28 snarast
457 2316 141 32 inrättas
617 2317 56 31 vid
691 2316 106 32 Umeå
815 2316 208 37 universitet;

172 2371 68 30 dels
265 2370 59 31 två
349 2369 212 39 likalydande
586 2369 171 37 motioner,
783 2369 123 32 väckta
932 2370 62 30 den
1021 2380 63 21 ena
1110 2369 88 32 inom
1224 2370 105 32 första
1354 2371 192 32 kammaren
1573 2382 43 21 av

129 2423 115 31 fröken
265 2422 163 39 Stenberg
448 2433 44 20 m.
513 2422 35 39 fl.
573 2422 43 39 (I:
631 2423 72 38 171)
727 2422 61 31 och
811 2422 65 31 den
898 2422 104 31 andra
1025 2422 89 31 inom
1136 2423 103 31 andra
1263 2423 191 32 kammaren
1477 2435 42 20 av
1542 2424 74 31 herr

130 2476 141 31 Larsson
287 2476 8 31 i
311 2476 190 31 Hedenäset
515 2487 44 19 mm.
570 2475 35 39 fl.
623 2475 62 39 (II:
698 2476 87 39 201),
801 2475 9 32 i
827 2475 88 32 vilka
931 2475 186 32 hemställts
1133 2479 52 28 att
1199 2476 173 40 riksdagen
1390 2477 105 32 måtte
1511 2477 105 32 beslu-
