1850 2758
265 156 40 28 42
643 150 275 31 Statsutskottets
934 150 175 31 utlåtande
1127 162 39 19 nr
1183 153 39 29 90
1240 150 37 31 år
1292 152 82 29 1965

266 230 125 40 gående
415 230 191 31 inrättande
631 229 55 32 vid
710 230 155 31 vartdera
888 228 344 40 journalistinstitutet
1256 240 43 20 av
1323 239 41 21 en
1388 228 107 40 tjänst
1518 239 72 21 som
1614 228 106 31 lektor
1744 228 8 31 i

266 283 170 39 praktiska
452 286 132 34 ämnen,
600 282 102 33 såvitt
717 283 61 31 här
793 285 37 29 är
845 282 10 32 i
870 282 101 40 fråga.

306 335 216 32 Beträffande
544 335 239 41 motiveringen
805 335 50 32 för
877 336 42 31 de
940 334 196 33 motionsvis
1158 334 115 41 gjorda
1295 334 194 40 yrkandena
1511 334 51 32 får
1586 333 167 33 utskottet

265 389 138 32 hänvisa
419 389 49 31 till
484 388 170 32 motionen
670 388 47 31 IT:
730 391 70 29 336.

318 495 122 40 Kungl.
460 494 120 40 Maj:ts
601 494 119 40 förslag
740 494 104 32 under
863 494 108 32 denna
991 493 110 40 punkt
1121 493 136 32 innebär
1276 493 44 32 bl.
1332 504 29 21 a.
1381 504 128 21 samma
1529 492 223 40 förstärkning

264 559 43 20 av
322 547 415 40 personalorganisationen
754 547 55 32 vid
825 546 344 41 göteborgsinstitutet
1181 557 71 21 som
1267 546 102 40 enligt
1383 546 66 32 vad
1464 557 72 21 som
1551 546 143 40 framgår
1708 556 43 21 av

264 601 150 39 punkten
431 604 39 28 46
487 600 11 32 i
514 601 58 31 det
589 600 193 41 föregående
799 599 182 41 föreslagits
998 600 51 31 för
1066 599 168 32 institutet
1257 599 4 31 i
1276 598 203 33 Stockholm.

309 706 173 32 Utskottet
498 706 181 39 tillstyrker
695 706 91 31 bifall
803 706 48 31 till
868 706 122 40 Kungl.
1007 705 120 40 Maj:ts
1143 705 120 40 förslag
1280 705 104 32 under
1400 705 216 32 förevarande
1634 705 117 39 punkt,

264 759 104 32 vilket
385 759 136 32 innebär
538 770 41 21 en
596 758 136 41 höjning
747 770 42 21 av
807 759 147 40 anslaget
970 759 77 31 med
1065 761 39 29 58
1116 762 59 28 000
1192 758 49 32 kr.

305 813 113 31 Under
436 812 199 40 hänvisning
654 812 49 32 till
724 812 65 31 vad
809 812 104 31 under
930 812 151 39 punkten
1101 815 39 28 46
1161 812 10 31 i
1190 812 57 31 det
1267 811 195 40 föregående
1482 811 127 32 anförts
1629 811 122 32 beträf-

262 866 100 31 fande
385 866 165 39 yrkandet
575 865 9 31 i
608 865 168 31 motionen
800 865 100 31 I:269
925 865 62 31 och
1010 865 48 31 II:
1072 868 59 28 336
1155 875 55 21 om
1234 864 190 32 inrättande
1449 864 56 32 vid
1529 865 155 31 vartdera
1708 875 43 21 av

261 918 352 40 journalistinstituten
635 929 42 20 av
700 922 49 27 ett
773 918 143 32 lektorat
938 918 11 31 i
972 917 171 40 praktiska
1166 921 120 28 ämnen
1310 917 9 32 i
1341 918 50 31 Ao
1403 921 40 28 27
1466 918 76 31 med
1566 917 184 40 avlönings-

262 971 223 41 förstärkning
504 983 43 20 av
569 975 18 27 4
602 974 56 29 140
679 971 47 32 kr.
746 971 176 39 avstyrker
940 971 167 32 utskottet
1126 970 92 33 bifall
1237 970 50 32 till
1306 971 145 31 nämnda
1472 970 163 32 motioner
1655 970 10 31 i
1685 970 65 32 vad

262 1025 41 31 de
324 1035 95 21 avser
438 1024 345 40 journalistinstitutet
804 1024 10 31 i
835 1024 178 40 Göteborg.

303 1078 175 32 Utskottet
495 1077 199 38 hemställer,

622 1131 27 31 I.
682 1135 52 27 att
757 1130 205 32 motionerna
986 1130 28 31 I:
1027 1133 60 28 269
1110 1130 61 32 och
1194 1130 47 31 II:
1254 1132 71 36 336,
1348 1130 10 31 i
1381 1130 65 32 vad
1468 1130 41 31 de
1532 1140 95 21 avser
1649 1129 101 32 inrät-

581 1184 101 31 tande
703 1183 56 32 vid
779 1183 345 39 journalistinstitutet
1149 1183 5 31 i
1175 1182 169 41 Göteborg
1364 1194 43 21 av
1428 1194 40 20 en
1489 1182 231 40 lektorstjänst
1740 1183 11 31 i

581 1236 169 40 praktiska
780 1239 130 35 ämnen,
938 1236 106 32 tillika
1073 1236 225 32 föreståndare
1326 1236 51 31 för
1405 1236 64 32 den
1497 1236 171 39 praktiska
1698 1240 52 27 ut-

583 1289 198 40 bildningen,
814 1289 9 31 i
854 1290 155 39 lönegrad
1039 1290 51 31 Ao
1102 1292 39 28 27
1172 1289 76 32 med
1280 1289 396 40 avlöningsförstärkning
1706 1300 43 20 av

582 1346 18 28 4
615 1346 57 28 140
691 1343 57 37 kr.,
766 1342 70 32 icke
854 1343 53 31 må
925 1342 129 32 bifallas
1072 1353 42 21 av
1132 1342 184 40 riksdagen;

622 1396 45 31 II.
699 1399 52 28 att
774 1395 174 40 riksdagen
969 1395 66 38 må,
1057 1395 76 32 med
1156 1395 91 32 bifall
1270 1395 49 32 till
1341 1395 123 40 Kungl.
1486 1395 121 39 Maj:ts
1630 1395 119 40 förslag

580 1453 87 27 samt
685 1449 76 31 med
780 1449 113 40 avslag
912 1449 19 31 å
949 1448 207 32 motionerna
1175 1448 29 32 I:
1216 1451 60 29 269
1296 1448 61 32 och
1376 1448 48 31 II:
1437 1451 70 35 336,
1525 1448 105 32 såvitt
1649 1460 44 20 nu
1713 1451 36 29 är

580 1502 10 31 i
609 1502 101 40 fråga,

621 1555 33 40 a)
683 1554 198 40 bemyndiga
898 1554 123 40 Kungl.
1039 1554 103 39 Maj:t
1158 1558 52 28 att
1227 1554 103 32 ändra
1347 1553 401 41 personalförteckningen

580 1607 50 32 för
651 1607 342 40 journalistinstitutet
1020 1607 5 31 i
1048 1607 167 40 Göteborg
1237 1607 10 31 i
1268 1606 144 40 enlighet
1433 1608 76 31 med
1530 1607 66 32 vad
1619 1607 9 31 i
1650 1611 98 27 stats-

579 1661 276 39 rådsprotokollet
872 1660 194 40 föreslagits;

620 1713 36 40 b)
686 1713 176 40 godkänna
881 1713 146 39 följande
1046 1711 241 41 avlöningsstat
1306 1712 50 32 för
1374 1711 344 41 journalistinstitutet
1738 1713 10 31 i

580 1766 176 40 Göteborg,
773 1770 52 28 att
840 1766 166 39 tillämpas
1022 1765 66 32 tills
1104 1765 111 32 vidare
1231 1766 39 31 fr.
1281 1776 30 21 o.
1323 1776 43 21 m.
1382 1765 198 41 budgetåret
1594 1767 152 36 1965/66:

975 1871 375 41 Avlöningsstat

581 1946 26 28 1.
639 1941 202 41 Avlöningar
860 1942 49 31 till
928 1941 163 32 ordinarie
1111 1941 214 40 tjänstemän,
1342 1941 189 40 förslagsvis
1557 1968 27 6 ..
1634 1944 39 30 69
1686 1945 59 29 800

578 1999 29 28 2.
639 1995 154 32 Arvoden
816 1995 61 32 och
898 1994 160 33 särskilda
1080 1994 230 40 ersättningar,
1332 1994 174 33 bestämda
1528 2006 43 21 av

639 2048 121 40 Kungl.
780 2048 113 39 Maj:t,
910 2048 190 40 förslagsvis
1124 2072 440 8 ...........ssssersessrs
1656 2051 17 28 7
1686 2051 60 30 200

578 2105 28 28 3.
638 2101 203 40 Avlöningar
855 2101 49 32 till
919 2101 93 40 övrig
1026 2100 248 33 icke-ordinarie
1289 2101 160 39 personal:

638 2155 34 39 a)
695 2154 203 40 Avlöningar
912 2154 50 32 till
979 2154 87 32 vissa
1082 2154 103 32 lärare
1201 2164 43 21 m.
1256 2164 55 27 m.,
1326 2153 188 40 förslagsvis
1534 2179 28 7 ..
1615 2157 129 29 122300

638 2207 36 40 b)
697 2207 202 40 Avlöningar
913 2207 49 32 till
977 2218 111 21 annan
1103 2206 248 33 icke-ordinarie
1365 2207 150 39 personal
1535 2233 27 6 ..
1633 2210 111 29 29000

576 2264 28 27 4.
637 2259 128 41 Rörligt
787 2260 121 40 tillägg,
928 2259 190 40 förslagsvis
1144 2284 419 7 ...........ss.s-,sess-
1634 2263 39 28 78
1685 2263 59 29 700

1363 2324 136 32 Summa
1520 2324 48 32 kr.
1613 2328 59 29 307
1684 2328 59 29 000

616 2414 32 40 c)
682 2413 49 32 till
753 2413 353 32 Journalistinstitutet
1137 2414 2 31 i
1162 2413 181 40 Göteborg:
1364 2414 203 39 Avlöningar
1589 2415 51 31 för
1662 2414 82 32 bud-

576 2466 126 39 getåret
724 2467 141 35 1965/66
884 2466 115 32 anvisa
1020 2471 50 28 ett
1090 2466 250 41 förslagsanslag
1359 2478 43 21 av
1422 2470 60 29 307
1494 2471 61 28 000
1575 2468 48 32 kr.
