1846 2760
251 155 40 28 56
626 147 276 31 Statsutskottets
919 146 173 31 utlåtande
1110 156 40 20 nr
1167 148 40 28 90
1225 145 37 31 år
1279 147 80 29 1965

293 228 84 40 84:0)
398 228 219 31 Akademien
637 227 61 31 för
718 227 45 31 de
781 226 71 31 fria
871 226 193 30 konsterna
1083 225 83 31 med
1185 224 323 40 konsthögskolan:
1530 224 211 31 Omkostna-

252 281 73 31 der.
347 281 17 30 I
384 280 143 39 enlighet
547 280 75 30 med
642 279 124 40 Kungl.
786 278 118 39 Maj:ts
924 278 121 39 förslag
1066 277 125 39 (punkt
1210 277 28 31 E
1251 279 49 34 84,
1320 287 26 21 s.
1367 279 60 28 537
1447 276 61 31 och
1530 276 85 40 538),
1637 275 103 32 vilket

251 333 135 32 innebär
406 344 41 20 en
467 331 268 40 anslagshöjning
755 331 75 31 med
852 334 39 28 47
904 334 59 28 000
985 331 58 36 kr.,
1064 330 190 31 hemställer
1275 329 176 37 utskottet,

611 389 54 28 att
684 385 173 39 riksdagen
879 384 54 31 må
954 384 49 31 till
1023 384 207 31 Akademien
1249 383 52 39 för
1321 383 40 31 de
1381 383 63 39 fria
1465 383 178 30 konsterna
1664 381 77 31 med

572 439 292 38 konsthögskolan:
889 437 244 32 Omkostnader
1157 436 51 31 för
1233 436 198 39 budgetåret
1458 436 142 35 1965/66
1625 434 115 32 anvisa

571 496 49 27 ett
636 491 251 40 förslagsanslag
901 502 42 19 av
959 494 60 27 298
1032 493 59 28 000
1109 490 47 30 kr.

293 600 85 41 85:0)
401 600 221 31 Akademien
643 599 62 30 för
727 598 45 31 de
794 598 70 31 fria
886 597 194 31 konsterna
1101 596 84 31 med
1208 595 322 40 konsthögskolan:
1556 594 185 32 Undervis-

251 652 266 41 ningsmateriel
535 663 47 19 m.
597 663 47 19 m.
665 651 18 31 I
703 650 143 40 enlighet
865 650 75 31 med
959 649 123 40 Kungl.
1101 648 121 39 Maj:ts
1241 648 121 39 förslag
1382 647 124 40 (punkt
1524 647 29 31 E
1566 650 50 34 85,
1634 657 26 21 s.
1681 649 60 29 538

253 706 61 31 och
332 706 86 39 539),
437 705 104 30 vilket
559 704 136 30 innebär
713 714 41 20 en
772 702 266 40 anslagshöjning
1054 702 76 30 med
1149 705 39 27 80
1202 704 60 28 000
1281 701 58 36 kr.,
1357 700 189 31 hemställer
1564 699 177 37 utskottet,

612 761 53 27 att
686 756 174 39 riksdagen
880 755 56 31 må
957 755 49 31 till
1024 755 207 31 Akademien
1250 754 53 39 för
1322 754 40 31 de
1383 753 63 39 fria
1467 753 178 31 konsterna
1664 752 78 31 med

572 809 292 39 konsthögskolan:
898 807 407 39 Undervisningsmateriel
1333 818 100 20 m.m.
1464 806 50 31 för
1543 806 199 39 budgetåret

575 863 141 36 1965/66
734 862 116 32 anvisa
866 866 50 27 ett
932 860 335 40 reservationsanslag
1282 871 42 20 av
1342 863 61 28 272
1416 863 60 28 000
1494 859 48 31 kr.

293 976 85 39 86:0)
404 974 232 32 Musikaliska
660 973 211 32 akademien
896 972 82 32 med
1003 971 335 40 musikhögskolan:
1364 970 228 39 Avlöningar.
1618 969 123 40 Kungl.

254 1028 103 39 Maj:t
380 1028 61 31 har
465 1027 124 40 (punkt
613 1027 27 30 E
654 1029 50 33 86,
730 1037 25 20 s.
780 1026 177 39 539—548)
984 1024 166 40 föreslagit
1173 1024 176 39 riksdagen
1372 1027 54 27 att
1448 1023 69 30 dels
1542 1021 200 40 bemyndiga

254 1082 121 39 Kungl.
396 1080 105 39 Maj:t
521 1084 52 27 att
592 1079 137 40 vidtaga
748 1079 42 31 de
807 1078 176 40 ändringar
1002 1077 10 31 i
1030 1076 403 40 personalförteckningen
1452 1075 51 31 för
1520 1074 222 32 Musikaliska

254 1134 194 32 akademien
475 1134 76 30 med
577 1132 300 40 musikhögskolan,
906 1142 68 20 som
1003 1131 184 31 föranledes
1213 1141 43 20 av
1284 1130 66 30 vad
1377 1127 364 41 departementschefen

254 1188 119 36 anfört,
390 1187 69 31 dels
476 1187 175 39 godkänna
669 1196 43 21 av
728 1183 363 41 departementschefen
1107 1183 143 40 angiven
1266 1181 242 40 avlöningsstat
1525 1181 50 31 för
1591 1180 151 32 Musika-

254 1241 81 31 liska
354 1239 196 33 akademien
567 1239 74 31 med
660 1238 299 40 musikhögskolan,
979 1241 52 27 att
1049 1237 168 38 tillämpas
1235 1236 66 31 tills
1318 1235 114 31 vidare
1449 1234 39 31 fr.
1500 1245 30 20 o.
1542 1245 44 20 m.
1603 1234 139 39 budget-

254 1295 71 31 året
348 1294 153 36 1965/66,
522 1293 68 31 dels
612 1292 62 31 ock
696 1291 49 31 till
766 1290 219 32 Musikaliska
1007 1289 195 32 akademien
1222 1289 76 31 med
1319 1287 302 40 musikhögskolan:
1643 1287 99 31 Avlö-

254 1347 115 40 ningar
389 1346 51 31 för
460 1345 198 40 budgetåret
681 1345 142 35 1965/66
844 1343 114 32 anvisa
979 1347 50 27 ett
1050 1343 252 39 förslagsanslag
1322 1353 42 20 av
1386 1345 18 28 3
1418 1344 59 28 549
1491 1344 59 28 000
1573 1340 58 37 kr.,
1652 1340 90 31 inne-

254 1401 145 31 bärande
415 1411 41 19 en
474 1397 268 41 anslagshöjning
759 1397 74 31 med
853 1400 60 28 544
925 1400 60 28 000
1005 1397 47 30 kr.

296 1507 17 30 I
337 1507 94 31 detta
457 1504 239 39 sammanhang
721 1504 60 31 har
805 1503 167 31 utskottet
996 1502 48 31 till
1068 1502 202 39 behandling
1293 1501 144 32 förehaft
1462 1513 40 19 en
1526 1501 88 31 inom
1639 1502 104 31 andra

256 1561 192 30 kammaren
469 1570 43 20 av
534 1558 74 31 herr
628 1557 159 39 Kellgren
807 1568 43 19 m.
871 1556 35 39 fl.
929 1556 102 31 väckt
1052 1555 127 31 motion
1203 1555 63 39 (II:
1279 1555 87 39 466),
1388 1555 71 31 vari
1481 1555 186 30 hemställts
1690 1558 53 28 att

256 1613 171 39 riksdagen
434 1603 14 53 i
469 1611 155 32 skrivelse
639 1610 50 31 till
705 1610 123 39 Kungl.
845 1608 102 39 Maj:t
963 1609 106 30 måtte
1084 1618 39 30 ge
1136 1608 138 38 uttryck
1289 1607 51 31 för
1354 1607 49 31 sin
1420 1607 127 31 önskan
1563 1611 52 27 att
1632 1607 111 40 kungl.

255 1665 306 40 musikhögskolans
580 1663 222 40 personalstat
818 1662 61 31 blir
897 1661 136 32 föremål
1051 1661 51 31 för
1119 1661 180 38 skyndsam
1318 1663 141 36 översyn
1478 1660 10 31 i
1505 1660 87 39 syfte
1609 1664 53 27 att
1680 1660 63 31 till-

255 1720 119 40 godose
394 1718 185 40 trängande
597 1717 109 31 behov
726 1727 43 20 av
790 1727 65 27 nya
875 1714 228 39 lärartjänster
1122 1714 62 31 och
1204 1713 201 40 förbättring
1425 1724 42 20 av
1487 1713 256 31 lärarvillkoren.

296 1771 215 33 Beträffande
527 1769 240 40 motiveringen
783 1769 51 31 för
848 1768 260 32 motionärernas
1123 1767 151 39 yrkande
1289 1766 51 32 får
1355 1767 167 31 utskottet
1538 1765 137 32 hänvisa
1694 1766 49 31 till

255 1825 178 32 motionen.

300 1932 174 31 Utskottet
492 1934 132 27 noterar
643 1930 77 30 med
741 1928 279 32 tillfredsställelse
1040 1931 51 28 att
1112 1928 64 30 den
1197 1927 104 30 under
1321 1937 112 20 senare
1454 1926 36 31 år
1510 1925 130 32 inledda
1661 1937 83 28 upp-

253 1985 192 39 rustningen
484 1994 43 21 av
566 1982 307 40 musikhögskolans
912 1979 297 34 administrations-
1249 1980 61 31 och
1350 1978 394 40 undervisningsresurser

256 2038 171 31 fortsätter
442 2040 86 28 även
545 2036 50 31 för
610 2038 97 29 nästa
725 2035 171 39 budgetår.

297 2092 82 32 Med
395 2091 178 40 anledning
589 2102 42 20 av
648 2091 58 31 det
724 2090 10 31 i
750 2089 169 32 motionen
936 2089 47 30 II:
996 2092 59 28 466
1072 2088 207 31 framställda
1295 2087 165 39 yrkandet
1476 2097 54 20 om
1548 2098 40 20 en
1607 2085 137 32 särskild

256 2145 305 40 riksdagsskrivelse
581 2144 75 31 med
678 2143 144 40 begäran
843 2153 53 21 om
918 2142 179 39 skyndsam
1119 2143 142 36 översyn
1281 2151 42 20 av
1345 2139 307 40 musikhögskolans
1673 2150 71 28 per-

257 2199 161 31 sonalstat
442 2198 56 31 vill
522 2198 167 31 utskottet
712 2196 174 31 framhålla
908 2199 53 27 att
985 2206 40 20 en
1051 2194 102 31 sådan
1177 2196 142 36 översyn
1344 2204 41 20 av
1408 2193 121 39 många
1554 2193 70 31 skäl
1648 2203 96 28 synes

257 2263 79 20 vara
354 2251 206 39 synnerligen
577 2250 188 40 angelägen.
782 2249 54 31 Då
853 2246 364 41 departementschefen
1234 2246 9 31 i
1260 2246 247 40 propositionen
1523 2245 222 32 förutskickar

256 2309 54 28 att
331 2316 39 20 en
392 2304 177 39 utredning
590 2303 149 31 kommer
761 2306 53 28 att
834 2301 203 41 igångsättas
1058 2300 211 32 beträffande
1289 2300 247 39 utformningen
1557 2311 42 20 av
1622 2299 123 31 musik-

257 2358 229 39 utbildningen
504 2357 61 31 och
582 2360 53 27 att
652 2355 218 40 utredningen
887 2357 85 29 även
990 2365 95 21 avses
1102 2354 33 31 få
1154 2354 10 31 i
1182 2354 152 39 uppdrag
1351 2357 53 28 att
1421 2356 104 36 pröva
1543 2352 202 40 organisato-

257 2411 87 32 riska
364 2411 109 39 frågor
494 2410 94 32 torde
609 2410 58 31 det
687 2408 103 40 enligt
811 2408 182 31 utskottets
1013 2407 132 40 mening
1165 2407 168 38 knappast
1353 2417 80 21 vara
1455 2406 148 39 påkallat
1624 2409 53 28 att
1698 2405 47 31 bi-

258 2465 96 30 träda
376 2463 300 39 motionsförslaget
699 2473 55 20 om
779 2472 40 21 en
842 2461 136 31 särskild
1003 2460 153 31 skrivelse
1181 2460 10 31 i
1214 2459 115 40 frågan
1353 2459 73 31 från
1449 2458 190 41 riksdagens
1664 2458 81 31 sida.
