1846 2762
489 163 276 33 Statsutskottets
782 166 175 31 utlåtande
974 178 40 20 nr
1031 170 40 29 90
1088 168 37 30 år
1141 170 82 30 1965
1560 177 38 27 17

152 242 84 38 12:0)
260 242 120 32 Lunds
395 244 221 31 universitet:
634 244 275 33 Omkostnader.
926 246 17 31 I
958 246 143 40 enlighet
1116 248 75 30 med
1207 247 123 41 Kungl.
1345 248 120 40 Maj:ts
1480 249 121 41 förslag

110 294 124 38 (punkt
255 294 28 31 E
298 298 48 34 12,
369 306 24 21 s.
416 297 189 39 381—383),
628 297 102 32 vilket
753 298 138 32 innebär
911 299 67 31 dels
1000 300 289 32 sammanförande
1311 312 43 20 av
1376 302 41 31 de
1439 302 50 31 för
1511 301 88 33 inne-

108 348 145 30 varande
269 348 163 40 budgetår
447 350 43 38 på
506 349 178 33 riksstaten
700 351 165 39 uppförda
880 352 60 31 två
955 352 292 41 förslagsanslagen
1264 354 112 32 Lunds
1394 354 205 33 universitet:

107 399 245 34 Omkostnader
372 402 61 32 och
455 403 371 41 Tandläkarhögskolan
848 405 10 31 i
879 406 140 31 Malmö:
1041 406 245 32 Omkostnader
1307 407 49 32 till
1378 412 51 28 ett
1449 409 150 40 förslags-

107 453 113 41 anslag
236 455 105 31 under
356 455 237 33 förutnämnda
610 458 254 40 anslagsrubrik,
881 459 68 31 dels
966 470 41 20 en
1024 460 268 41 anslagshöjning
1307 462 76 31 med
1400 465 61 29 428
1473 466 60 29 000
1550 463 48 31 kr.

107 505 10 31 i
132 506 185 39 jämförelse
333 509 77 31 med
427 509 62 31 den
506 511 247 39 sammanlagda
770 512 340 40 medelsanvisningen
1129 514 102 31 under
1247 514 146 32 nämnda
1410 516 59 31 två
1485 515 114 41 anslag

106 559 51 32 för
174 559 223 34 innevarande
414 562 172 40 budgetår,
604 563 188 32 hemställer
809 565 177 38 utskottet,

466 620 53 27 att
543 616 173 40 riksdagen
744 618 55 31 må
827 618 49 31 till
902 618 114 31 Lunds
1041 620 209 31 universitet:
1276 620 245 33 Omkostnader
1547 622 51 32 för

424 668 197 41 budgetåret
646 671 141 35 1965/66
811 671 115 32 anvisa
950 676 50 27 ett
1022 672 251 41 förslagsanslag
1295 685 43 20 av
1361 678 18 28 2
1393 678 58 28 931
1465 678 59 29 000
1548 676 47 31 kr.

147 790 84 39 13:0)
253 791 121 32 Lunds
394 794 221 31 universitet:
637 793 160 33 Materiel
816 805 48 21 m.
885 806 47 20 m.
953 795 17 32 I
991 796 143 40 enlighet
1153 797 76 31 med
1249 797 123 41 Kungl.
1392 798 119 40 Maj:ts
1531 799 64 32 för-

104 843 69 40 slag
196 844 124 38 (punkt
343 844 28 32 E
386 848 47 34 13,
456 856 26 20 s.
505 846 86 40 383),
615 846 103 32 vilket
741 847 137 32 innebär
901 849 67 30 dels
991 850 289 32 sammanförande
1302 863 43 20 av
1368 852 41 31 de
1432 852 51 31 för
1505 852 89 32 inne-

103 897 145 31 varande
270 897 164 40 budgetår
456 899 42 38 på
520 899 178 32 riksstaten
721 900 166 39 uppförda
909 902 59 31 två
990 903 375 41 reservationsanslagen
1388 904 112 33 Lunds
1523 906 72 31 uni-

102 949 147 32 versitet:
272 950 156 32 Materiel
462 962 32 21 m.
515 963 34 21 m.
571 953 60 31 och
655 953 372 41 Tandläkarhögskolan
1051 955 9 32 i
1082 955 141 33 Malmö:
1245 956 155 33 Materiel
1429 969 37 21 m.
1482 945 34 53 m.
1544 959 49 32 till

102 1007 50 27 ett
171 1003 334 42 reservationsanslag
524 1006 104 31 under
647 1006 237 33 förutnämnda
904 1008 254 40 anslagsrubrik,
1178 1009 68 32 dels
1266 1021 39 21 en
1326 1011 268 41 anslagshöjning

101 1056 75 31 med
200 1059 59 29 620
272 1060 60 28 000
357 1057 47 32 kr.
428 1058 10 31 i
460 1057 185 40 jämförelse
668 1060 75 31 med
767 1061 64 30 den
854 1062 249 40 sammanlagda
1126 1063 340 41 medelsanvisningen
1489 1066 104 31 under

100 1110 145 31 nämnda
262 1110 59 31 två
338 1111 114 40 anslag
467 1110 51 32 för
533 1111 223 33 innevarande
772 1113 173 40 budgetår,
961 1114 189 32 hemställer
1165 1116 178 39 utskottet,

461 1169 52 27 att
535 1164 172 42 riksdagen
729 1167 55 31 må
807 1166 49 32 till
878 1167 115 32 Lunds
1014 1169 208 31 universitet:
1242 1169 157 33 Materiel
1419 1182 100 21 m.m.
1541 1172 51 32 för

419 1217 197 41 budgetåret
639 1219 141 36 1965/66
802 1220 116 32 anvisa
939 1225 50 27 ett
1009 1222 334 42 reservationsanslag
1363 1235 42 21 av
1427 1228 91 29 4865
1531 1229 59 28 000

419 1271 47 31 kr.

142 1393 83 40 14:0)
248 1394 121 32 Lunds
385 1396 221 31 universitet:
624 1396 287 43 Nyanskaffning
927 1410 42 20 av
984 1406 191 34 apparater
1190 1411 47 21 m.
1255 1412 48 20 m.
1321 1401 18 32 I
1355 1402 143 40 enlighet
1513 1404 77 31 med

98 1446 122 39 Kungl.
241 1446 120 39 Maj:ts
381 1447 120 40 förslag
522 1448 124 39 (punkt
666 1449 28 31 E
710 1452 47 35 14,
778 1461 24 20 s.
824 1451 86 39 384),
931 1451 103 32 vilket
1055 1452 136 32 innebär
1211 1453 68 31 dels
1299 1455 290 33 sammanförande

97 1510 42 20 av
158 1499 40 31 de
214 1499 50 31 för
281 1499 223 32 innevarande
521 1501 163 40 budgetår
700 1503 43 38 på
759 1503 178 32 riksstaten
955 1505 165 38 uppförda
1138 1506 58 31 två
1213 1507 375 42 reservationsanslagen

97 1552 112 31 Lunds
227 1552 207 32 universitet:
452 1553 268 41 Nyanskaffning
738 1567 42 20 av
798 1561 178 34 apparater
992 1568 43 21 m.
1049 1569 42 21 m.
1109 1559 60 31 och
1188 1559 372 42 Tandläkarhögskolan
1579 1563 9 31 i

96 1606 140 31 Malmö:
260 1606 270 41 Nyanskaffning
552 1607 61 31 och
637 1609 170 31 underhåll
831 1621 43 20 av
897 1611 191 40 utrustning
1110 1611 49 32 till
1182 1616 50 28 ett
1255 1614 333 42 reservationsanslag

96 1659 105 30 under
219 1658 237 33 förutnämnda
476 1661 252 39 anslagsrubrik,
748 1663 69 30 dels
836 1674 41 20 en
896 1664 268 41 anslagshöjning
1181 1666 76 31 med
1278 1669 39 28 25
1330 1670 60 28 000
1410 1668 47 32 kr.
1476 1668 10 31 i
1503 1668 84 39 jäm-

96 1711 114 31 förelse
230 1712 76 31 med
326 1712 63 31 den
409 1713 247 40 sammanlagda
677 1715 339 41 medelsanvisningen
1037 1718 104 31 under
1160 1719 146 32 nämnda
1326 1720 59 32 två
1404 1721 114 40 anslag
1537 1721 50 32 för

95 1763 223 32 innevarande
336 1764 173 41 budgetår,
527 1765 189 33 hemställer
735 1768 177 38 utskottet,

456 1825 52 26 att
532 1820 173 40 riksdagen
729 1822 55 31 må
808 1821 48 31 till
881 1822 113 30 Lunds
1018 1823 208 32 universitet:
1249 1824 270 42 Nyanskaffning
1543 1839 42 19 av

414 1877 177 34 apparater
616 1885 100 19 m.m.
745 1874 50 31 för
824 1874 197 40 budgetåret
1052 1876 140 36 1965/66
1221 1877 115 32 anvisa
1365 1882 50 28 ett
1442 1890 143 21 reserva-

414 1925 201 40 tionsanslag
632 1938 42 19 av
693 1929 59 28 840
765 1930 60 28 000
844 1927 47 31 kr.

136 2055 84 40 15:0)
243 2056 121 32 Lunds
385 2059 221 30 universitet:
631 2059 193 40 Bokinköp
847 2060 67 31 och
935 2060 251 41 bokbindning
1206 2061 61 32 för
1288 2064 298 33 universitetsbib-

92 2107 155 32 lioteket.
262 2108 17 31 I
293 2109 145 40 enlighet
451 2111 75 30 med
540 2110 122 41 Kungl.
676 2111 120 39 Maj:ts
811 2112 121 40 förslag
947 2113 123 38 (punkt
1085 2114 27 30 E
1130 2117 46 34 15,
1190 2126 25 20 s.
1230 2115 87 40 385),
1332 2116 103 32 vilket
1449 2117 136 32 innebär

93 2160 68 31 dels
180 2161 288 32 sammanförande
486 2173 41 20 av
546 2163 40 30 de
605 2163 50 31 för
673 2164 223 32 innevarande
914 2165 163 39 budgetår
1095 2167 42 37 på
1155 2167 178 31 riksstaten
1352 2170 163 37 uppförda
1534 2175 49 26 tre

93 2212 374 41 reservationsanslagen
486 2215 111 30 Lunds
616 2215 205 32 universitet:
840 2217 175 39 Bokinköp
1034 2219 60 30 och
1114 2218 228 42 bokbindning
1360 2221 50 31 för
1427 2222 157 32 universi-

93 2265 272 38 tetsbiblioteket,
384 2267 370 40 Tandläkarhögskolan
775 2269 9 30 i
803 2269 140 31 Malmö:
963 2270 175 39 Bokinköp
1157 2272 61 30 och
1238 2271 228 43 bokbindning
1484 2286 42 21 m.
1539 2286 43 21 m.

91 2322 88 27 samt
205 2318 166 31 Tekniska
396 2319 179 39 högskolan
602 2320 8 30 i
636 2321 107 31 Lund:
770 2321 176 40 Bokinköp
972 2323 60 30 och
1059 2323 228 41 bokbindning
1312 2326 50 30 för
1386 2326 197 40 högskolans

92 2370 158 32 bibliotek
276 2370 49 32 till
350 2375 50 27 ett
424 2372 332 41 reservationsanslag
781 2374 104 31 under
909 2374 237 33 förutnämnda
1171 2376 253 41 anslagsrubrik,
1450 2380 68 32 dels
1542 2391 40 21 en

91 2423 268 40 anslagshöjning
375 2424 75 31 med
471 2427 56 29 137
540 2428 59 28 000
617 2426 47 31 kr.
683 2426 8 30 i
707 2426 186 38 jämförelse
911 2428 73 30 med
1003 2429 63 30 den
1086 2430 247 39 sammanlagda
1351 2431 231 33 medelsanvis-

91 2476 118 39 ningen
227 2477 104 30 under
348 2478 144 31 nämnda
510 2483 49 26 tre
575 2479 113 39 anslag
705 2480 50 30 för
772 2479 222 33 innevarande
1011 2481 172 40 budgetår,
1200 2483 189 32 hemställer
1407 2486 175 39 utskottet,

90 2551 16 22 2
123 2562 33 4 —
174 2547 100 31 Bihang
291 2548 38 24 till
343 2548 149 31 riksdagens
506 2549 129 31 protokoll
650 2552 72 23 1965.
757 2554 15 22 6
787 2551 73 25 saml.
896 2552 39 25 Nr
950 2555 30 22 90
