2212 2640
656 198 258 35 Statsutskottets
947 196 176 35 Utlåtande
1149 196 64 32 N:o
1243 196 53 31 85.
1698 190 18 32 7

180 283 253 51 byggnadens
460 281 217 49 inredning,
706 280 82 38 dels
818 280 69 37 ock
920 277 315 49 nödvändiggöra
1264 280 55 32 ett
1347 274 160 48 tidigare
1535 270 237 52 uppförande

181 338 41 36 af
246 337 75 36 den
350 335 115 38 andra
494 333 251 49 arkivflygeln
774 332 93 37 eller
894 330 250 49 företagande
1172 329 41 37 af
1238 325 298 52 tillbyggnader,
1557 338 79 23 som
1662 323 112 49 eljest

180 387 185 51 möjligen
391 387 81 38 icke
500 386 165 38 behöfts.
720 385 88 37 Med
838 383 180 38 afseende
1048 382 32 49 ej
1110 381 146 36 mindre
1285 380 93 36 härå
1405 384 48 31 än
1482 378 114 36 äfven
1625 379 20 34 å
1669 376 46 36 de
1736 374 41 37 af

181 440 308 47 riksarkivarien,
518 442 49 47 på
597 443 74 32 sätt
697 437 103 37 förut
829 450 88 23 vore
945 435 170 46 nämndt,
1144 432 138 51 gjorda
1310 431 211 48 erinringar
1550 429 70 36 och
1644 428 47 37 då
1709 427 66 37 det

181 494 12 36 i
220 493 97 49 följd
346 493 41 37 af
412 490 338 49 omständigheter,
784 502 83 23 som
898 488 62 37 vid
994 487 65 37 det
1090 486 128 48 kongl.
1252 483 204 49 förslagets
1483 479 291 50 framläggande

182 546 60 37 för
269 545 219 46 Riksdagen
517 544 34 48 ej
582 543 144 43 kunnat
753 541 177 46 förutses,
959 539 100 37 visat
1087 538 61 49 sig
1174 537 84 37 icke
1287 549 91 23 vara
1405 533 152 51 möjligt
1579 537 54 33 att
1651 532 125 36 utföra

183 598 63 37 det
274 610 51 24 nu
365 595 290 50 ifrågavarande
690 592 354 50 byggnadsarbetet
1082 590 57 37 för
1175 589 64 37 det
1259 588 42 37 af
1333 586 217 49 Riksdagen
1587 583 188 50 beviljade

183 649 186 49 anslaget,
413 649 161 47 164,563
617 646 152 47 kronor,
807 644 144 38 hvilket
992 641 185 39 måhända
1216 641 85 37 icke
1340 652 66 24 ens
1435 638 120 37 skulle
1583 650 90 23 vara
1700 635 75 37 till-

183 701 176 49 räckligt,
388 714 60 23 om
475 700 47 36 de
554 699 41 37 af
629 695 497 40 öfverintendentsembetet
1153 693 223 49 ifrågasatta
1402 689 375 49 inskränkningarna

182 755 13 36 i
221 752 348 51 byggnadsplanen
593 750 234 49 medgåfves,
855 747 212 38 hemstälde
1090 743 433 52 departementschefen,
1550 741 63 37 det
1632 740 141 49 Kongl.

184 807 106 48 Maj:t
318 808 114 34 måtte
459 804 143 37 föreslå
630 802 218 49 Riksdagen
876 805 54 33 att
957 799 58 37 till
1043 797 266 39 fullbordande
1338 795 121 49 enligt
1486 793 174 38 faststäld
1685 793 92 49 plan

184 858 42 37 af
250 856 196 38 beslutade
474 854 226 51 byggnader
727 854 61 36 för
817 857 54 33 ett
897 850 221 39 landsarkiv
1144 850 14 37 i
1184 849 123 48 Lund,
1336 847 151 38 utöfver
1515 846 126 37 derför
1658 844 120 37 redan

184 910 191 48 beviljade
404 908 133 47 medel,
568 906 128 38 anvisa
726 909 50 47 på
804 910 106 32 extra
939 909 75 32 stat
1041 903 60 37 för
1129 905 39 34 år
1199 903 96 35 1901
1327 905 55 32 ett
1407 899 142 50 belopp
1573 897 40 38 af
1638 898 136 47 26,437

185 963 151 36 kronor.

289 1065 54 37 På
370 1063 124 50 grund
521 1063 42 37 af
587 1061 99 38 hvad
715 1060 158 38 sålunda
899 1060 13 37 i
940 1060 104 37 detta
1072 1057 139 38 ärende
1238 1055 255 48 förekommit,
1513 1054 58 37 får
1594 1052 185 38 utskottet

185 1117 212 47 hemställa,

688 1170 55 32 att
770 1164 231 49 Riksdagen,
1031 1161 86 38 med
1144 1161 107 38 bifall
1279 1160 58 37 till
1365 1158 141 49 Kongl.
1533 1157 126 50 Maj:ts
1678 1156 101 37 före-

586 1217 163 38 varande
778 1216 249 50 proposition,
1058 1216 58 34 må
1142 1213 58 37 till
1227 1211 265 38 fullbordande
1522 1210 119 48 enligt
1665 1208 115 37 fram-

587 1269 97 37 stäld
711 1269 92 49 plan
840 1268 35 36 af
912 1266 196 38 beslutade
1136 1264 226 51 byggnader
1389 1264 60 36 för
1478 1267 55 32 ett
1560 1260 220 38 landsarkiv

585 1322 12 36 i
624 1322 119 47 Lund,
774 1320 148 37 utöfver
959 1318 129 38 derför
1120 1317 116 36 redan
1264 1315 187 49 beviljade
1484 1313 134 48 medel,
1647 1312 133 38 anvisa

586 1376 48 47 på
661 1378 106 32 extra
796 1376 76 33 stat
898 1371 60 37 för
987 1373 40 34 år
1058 1371 93 36 1901
1179 1373 54 33 ett
1251 1368 140 49 belopp
1412 1367 40 36 af
1469 1367 136 47 26,437
1627 1365 152 36 kronor.

293 1460 221 38 Stockholm
544 1459 73 38 den
647 1461 18 34 7
696 1457 73 49 maj
803 1458 108 36 1900.

700 1614 53 36 På
782 1612 302 38 statsutskottets
1111 1615 162 43 vägnar:

757 1767 112 37 CHR.
899 1764 323 39 LUNDEBERG.
