1900 2826
284 181 18 30 2
697 183 107 27 Andra
824 182 224 35 lagutskottets
1071 181 162 28 utlåtande
1256 181 45 27 Nr
1324 180 47 27 31.

336 256 50 30 På
408 255 146 42 begäran
578 273 39 4 —
642 274 39 3 —
705 274 38 2 —
766 256 110 30 finnes
899 255 104 40 villig.

336 306 197 41 Föreligger
555 306 53 31 för
632 325 36 2 —
694 325 38 2 —
756 324 40 3 —
819 305 254 41 ifrågavarande
1097 304 223 32 verksamhet.

337 356 83 38 Har,
446 356 106 41 enligt
575 375 40 3 —
638 375 40 3 —
701 375 39 3 —
763 356 127 41 nödiga
912 355 222 32 föreskrifter.

337 407 250 31 Föreståndare
610 407 53 31 för
685 407 11 30 i
719 407 106 30 andra
848 406 131 41 stycket
1003 405 203 32 omförmäld
1230 404 184 42 poliklinik
1438 403 95 38 skall,
1558 402 61 31 där
1637 402 29 41 ej
1685 401 101 32 medi-

283 457 260 41 cinalstyrelsen
578 457 173 40 medgiver
784 456 183 41 undantag,
992 456 86 31 hava
1105 456 136 31 erhållit
1265 454 148 32 särskild
1436 453 198 41 utbildning
1657 453 11 30 i
1690 453 95 40 fråga

284 518 55 20 om
374 507 296 42 könssjukdomar.
715 508 122 30 Annan
860 507 58 31 vid
941 507 106 31 sådan
1071 506 182 41 poliklinik
1275 505 150 32 anställd
1448 504 123 37 läkare,
1596 503 53 31 till
1672 503 114 30 vilken

284 557 126 32 arvode
443 560 98 38 utgår
574 569 41 20 av
648 557 210 37 statsmedel,
882 559 162 29 ävensom
1068 556 140 32 särskilt
1230 555 187 32 förordnad
1439 555 123 37 läkare,
1589 565 73 20 som
1687 564 98 20 avses

284 608 11 31 i
319 608 110 41 tredje
453 609 82 31 eller
557 608 109 41 fjärde
684 608 140 41 stycket,
850 608 95 38 skall,
970 608 60 31 där
1054 608 58 30 det
1135 607 65 31 kan
1224 607 69 37 ske,
1318 606 86 31 hava
1427 605 136 31 erhållit
1586 603 201 41 utbildning

286 669 74 21 som
384 670 83 30 nyss
491 661 104 39 sagts.

340 710 95 31 Skall
472 709 57 31 vid
563 709 191 41 poliklinik,
790 720 74 20 som
898 719 98 21 avses
1030 708 12 31 i
1076 708 106 31 andra
1216 708 142 40 stycket,
1383 706 180 32 förordnas
1586 705 124 38 läkare,
1734 704 53 31 till

283 760 115 31 vilken
433 759 123 32 arvode
590 761 100 40 utgår
723 771 39 19 av
796 759 209 38 statsmedel,
1031 758 86 32 skall
1150 758 206 41 kungörelse
1380 757 116 31 därom
1513 767 40 20 av
1576 754 212 32 hälsovårds-

285 810 173 32 nämnden
481 810 131 31 införas
628 810 12 31 i
656 810 172 31 allmänna
850 809 220 41 tidningarna
1093 808 78 32 med
1188 807 322 41 tillkännagivande,
1529 808 50 29 att
1595 805 193 40 ansökning

284 861 53 31 till
361 861 237 41 befattningen
623 860 86 32 skall
731 860 132 41 ingivas
886 860 71 31 före
980 859 146 32 klockan
1150 859 69 31 tolv
1243 861 18 29 å
1284 857 166 42 tjugonde
1473 857 109 41 dagen
1607 856 85 31 efter
1709 855 78 38 den,

284 911 44 31 då
343 911 231 41 kungörelsen
597 911 153 31 infördes
773 910 12 31 i
808 910 170 31 allmänna
1001 909 228 41 tidningarna.
1254 909 18 31 I
1296 908 201 32 Stockholm
1521 907 64 31 och
1610 906 178 40 Göteborg

284 963 98 30 utses
417 961 104 32 sådan
555 961 114 31 läkare
703 972 39 20 av
766 960 130 32 staden.
942 960 18 31 I
983 960 117 41 övriga
1131 960 114 31 städer
1268 959 87 32 skall
1379 958 192 40 ansökning
1595 957 118 31 ställas
1737 956 53 31 till

284 1012 355 41 medicinalstyrelsen
674 1023 76 20 men
786 1011 131 41 ingivas
951 1011 53 31 till
1037 1009 387 38 hälsovårdsnämnden,
1460 1019 73 20 som
1568 1008 62 30 har
1665 1009 50 29 att
1748 1008 44 39 på

284 1063 129 40 förslag
435 1062 52 31 till
511 1062 237 41 befattningen
771 1063 164 39 uppsätta
958 1064 50 28 tre
1032 1061 164 41 behöriga
1219 1060 152 32 sökande
1395 1059 77 31 med
1492 1058 117 31 förord
1625 1057 53 31 för
1694 1068 40 20 en
1752 1068 40 19 av

285 1113 87 31 dem.
395 1112 359 42 Medicinalstyrelsen
778 1114 95 29 utser
896 1112 148 31 därefter
1067 1123 42 20 en
1133 1123 40 19 av
1196 1110 42 32 de
1262 1110 146 32 sålunda
1430 1109 204 40 föreslagna.

339 1281 124 31 Denna
485 1281 55 41 lag
562 1280 116 31 träder
699 1279 12 31 i
732 1279 90 32 kraft
845 1279 65 31 den
936 1280 15 30 1
974 1279 64 41 juli
1065 1279 89 30 1942.

338 1331 93 32 Utan
465 1331 123 31 hinder
622 1341 41 20 av
696 1329 64 32 vad
793 1330 11 30 i
837 1329 19 31 5
883 1329 21 41 8
927 1329 101 41 sjätte
1053 1329 133 41 stycket
1210 1327 139 41 stadgas
1374 1327 86 31 skall
1483 1326 125 36 läkare,
1634 1336 75 21 som
1732 1325 60 31 vid

286 1382 150 31 nämnda
469 1381 163 41 tidpunkt
665 1382 36 29 är
733 1379 235 32 föreståndare
1001 1379 52 31 för
1087 1378 190 41 poliklinik,
1302 1379 62 39 äga
1397 1377 136 31 kvarstå
1567 1376 11 31 i
1603 1376 53 31 sin
1682 1376 108 40 tjänst

286 1436 84 29 även
405 1444 54 20 om
493 1433 67 30 han
595 1432 73 31 icke
703 1431 172 41 uppfyller
909 1430 57 31 det
1000 1430 11 31 i
1045 1430 147 31 berörda
1226 1429 117 41 stycke
1375 1427 164 42 stadgade
1564 1426 228 40 utbildnings-

286 1484 169 31 villkoret.

339 1617 221 32 Beträffande
594 1617 43 31 de
672 1616 81 38 skäl,
779 1627 74 20 som
877 1616 131 30 anförts
1032 1615 53 31 till
1110 1614 79 31 stöd
1212 1614 52 31 för
1286 1613 229 41 lagförslaget,
1540 1613 51 30 får
1614 1612 179 37 utskottet,

286 1670 11 30 i
331 1669 67 31 den
434 1669 77 30 mån
534 1667 220 41 redogörelse
778 1666 114 31 därför
914 1666 74 31 icke
1011 1665 134 31 lämnas
1168 1665 61 30 här
1250 1663 123 37 nedan,
1397 1663 144 32 hänvisa
1564 1663 52 31 till
1640 1662 153 42 proposi-

288 1719 131 32 tionen.

430 1837 245 33 Föreskrifter
698 1836 150 32 rörande
872 1835 201 41 uppdraget
1095 1835 54 32 att
1172 1843 82 23 vara
1277 1832 372 41 sundhetsinspektör.

288 1912 175 27 Gällande
481 1911 279 28 bestämmelser.

343 1973 120 41 Enligt
490 1974 19 30 2
531 1972 21 42 8
574 1973 95 40 lagen
692 1973 61 31 den
774 1974 43 28 20
832 1970 80 41 juni
934 1973 84 29 1918
1041 1970 56 40 (nr
1119 1969 79 41 460)
1223 1969 165 40 angående
1411 1968 153 40 åtgärder
1586 1970 64 29 mot
1671 1967 125 31 utbred-

288 2024 84 41 ning
405 2035 40 20 av
477 2023 264 41 könssjukdomar
774 2021 198 32 handhaves
1006 2020 68 32 den
1108 2022 171 29 närmaste
1313 2018 236 42 befattningen
1584 2017 79 32 med
1686 2017 42 31 de
1752 2018 45 30 åt-

288 2074 132 41 gärder,
446 2085 73 20 som
554 2084 79 21 avse
668 2074 49 30 att
748 2071 210 32 förekomma
982 2071 106 31 sådan
1111 2070 219 41 utbredning,
1354 2069 12 31 i
1390 2068 85 39 stad,
1499 2068 61 32 där
1584 2067 212 32 stadsläkare

288 2125 122 38 finnes,
435 2136 39 20 av
509 2124 113 31 denne
657 2123 82 31 eller
772 2133 55 20 om
860 2122 83 31 flera
973 2121 129 32 sådana
1125 2123 57 29 äro
1206 2122 147 39 antagna
1376 2131 40 20 av
1439 2119 65 31 den
1527 2119 141 31 främste
1691 2117 105 32 bland

289 2174 80 32 dem
393 2175 65 31 och
481 2176 19 29 å
524 2185 113 20 annan
668 2175 53 30 ort
743 2184 40 20 av
806 2173 106 31 förste
935 2171 330 42 provinsialläkaren
1288 2170 11 31 i
1322 2170 104 31 länet.
1471 2169 141 37 Läkare,
1637 2179 75 21 som
1735 2168 63 31 här

289 2236 111 27 avses,
425 2225 189 31 benämnas
650 2222 359 42 sundhetsinspektör.
1055 2222 18 31 I
1107 2221 66 32 den
1200 2222 78 30 mån
1301 2221 107 31 förste
1432 2219 304 42 provinsialläkare
1760 2220 36 30 är

290 2275 353 41 sundhetsinspektör
666 2276 97 39 utgår
785 2273 89 32 intet
896 2273 139 31 särskilt
1051 2272 125 31 arvode
1192 2272 52 30 för
1259 2270 256 42 ifrågavarande
1531 2269 162 42 göromål.
1715 2269 82 31 Där-

290 2327 94 30 emot
407 2327 79 40 äger
508 2324 258 33 vederbörande
790 2323 211 32 stadsläkare
1024 2323 53 31 för
1101 2321 229 42 tjänstgöring
1353 2323 114 30 såsom
1491 2319 307 41 sundhetsinspek-

290 2378 55 30 tör
368 2376 108 41 enligt
509 2375 210 41 kungörelsen
741 2374 60 32 den
823 2376 42 29 30
881 2373 80 41 juni
982 2376 85 29 1922
1091 2381 55 32 (nr
1168 2375 76 38 412)
1267 2373 166 39 angående
1455 2370 199 40 statsbidrag
1679 2370 51 31 till
1753 2371 45 30 be-

288 2427 173 31 stridande
483 2437 40 20 av
550 2426 139 31 arvoden
716 2427 35 29 åt
771 2425 213 37 stadsläkare,
1008 2424 89 31 vilka
1122 2423 177 40 tjänstgöra
1321 2424 103 30 såsom
1447 2420 351 41 sundhetsinspektörer

290 2477 141 42 [ändrad
453 2487 123 31 genom
598 2475 229 41 kungörelsen
845 2474 65 32 den
929 2475 38 30 19
984 2474 65 40 maj
1070 2474 80 31 1933
1166 2472 51 42 (nr
1233 2472 84 42 240)j
1336 2472 155 41 uppbära
1507 2471 70 32 viss
1596 2472 200 39 ersättning.
