1904 2786
390 138 406 40 Bevillningsutskottets
819 137 219 31 betänkande
1059 147 44 20 nr
1112 137 41 30 58
1168 137 40 31 år
1229 137 85 30 1960
1618 135 18 32 7

177 224 182 30 Utskottet.
385 223 187 34 Utskottet,
600 231 74 22 som
700 222 76 30 icke
803 221 118 30 funnit
947 221 190 42 anledning
1163 221 51 30 till
1241 221 140 30 erinran
1408 222 72 28 mot
1508 220 127 40 Kungl.

132 273 124 40 Maj:ts
277 273 141 40 förslag,
438 273 55 31 får
512 272 196 36 hemställa,

487 325 50 28 att
559 323 188 40 riksdagen
768 322 119 35 måtte,
908 322 80 31 med
1010 322 100 30 bifall
1132 321 52 31 till
1207 322 125 40 Kungl.
1355 321 124 40 Maj:ts
1503 321 134 31 föreva-

440 374 109 30 rande
569 373 218 40 proposition
808 383 42 21 nr
873 372 72 37 148,
966 375 129 38 antaga
1116 372 41 32 de
1177 372 57 30 vid
1256 372 263 40 propositionen
1541 372 95 40 foga-

442 425 42 29 de
501 424 177 40 förslagen
694 424 52 30 till

489 474 35 35 1)
554 474 207 41 förordning
787 483 58 21 om
872 473 225 42 tillverkning
1124 474 65 30 och
1215 473 224 40 beskattning
1466 482 42 22 av
1534 473 102 31 malt-

442 525 65 30 och
528 525 264 39 läskedrycker;

484 575 36 34 2)
550 574 207 41 förordning
777 584 57 21 om
855 574 134 31 ändrad
1009 575 131 39 lydelse
1161 584 42 21 av
1222 574 19 30 9
1263 574 16 38 8
1302 574 19 31 3
1341 583 105 22 mom.
1467 574 65 31 och
1555 575 39 29 12
1617 574 16 37 $

442 625 19 30 3
480 634 107 21 mom.
607 625 677 41 rusdrycksförsäljningsförordningen
1306 625 66 30 den
1393 625 41 30 26
1455 625 71 40 maj
1552 624 84 31 1954

447 675 59 33 (nr
530 675 102 37 521);
659 677 91 29 samt

485 725 37 34 3)
552 725 206 41 förordning
777 735 56 21 om
854 725 134 31 ändrad
1006 725 132 40 lydelse
1158 735 41 21 av
1220 726 16 30 7
1259 725 16 38 8
1296 726 339 40 ölförsäljningsför-

438 776 196 40 ordningen
650 776 67 30 den
735 776 41 30 26
793 777 72 40 maj
887 775 84 31 1954
993 776 60 34 (nr
1070 775 97 35 522).

176 842 199 31 Stockholm
394 844 66 30 den
479 843 18 30 5
517 843 70 38 maj
610 843 79 31 1960

560 935 48 31 På
630 935 400 40 bevillningsutskottets
1051 936 148 39 vägnar:

701 1019 117 31 JOHN
843 1019 212 32 ERICSSON

756 1195 242 31 Naårvarande:

173 1261 80 30 från
286 1261 164 31 första
483 1262 223 31 kammaren:
732 1262 122 29 herrar
875 1262 94 31 John
992 1262 175 38 Ericsson,
1191 1263 168 40 Hagberg,
1383 1263 108 31 Einar
1513 1263 119 31 Eriks-

129 1312 74 26 son,
223 1305 124 39 Snygg,
366 1305 109 38 Spetz,
493 1305 165 36 Jansson,
677 1303 125 31 Gustaf
819 1303 175 35 Elofsson,
1014 1304 214 41 Söderquist,
1245 1306 175 39 Bengtson
1439 1306 65 30 och
1523 1307 109 30 Oscar

126 1345 181 36 Carlsson;
328 1347 91 29 samt

173 1403 80 30 från
290 1403 153 30 andra
479 1403 223 31 kammaren:
729 1404 123 29 herrar
878 1404 219 35 Sundström,
1124 1404 132 31 Brandt
1281 1404 12 30 i
1319 1405 197 39 Aspabruk,
1541 1405 91 31 Nils-

127 1454 65 21 son
212 1446 12 29 i
244 1446 133 34 Svalöv,
398 1445 172 40 Kollberg,
592 1445 130 37 Allard,
744 1445 170 40 Vigelsbo,
936 1446 214 39 Magnusson
1172 1446 11 30 i
1203 1447 119 34 Borås,
1342 1446 183 36 Wiklund,
1546 1447 86 30 Gus-

127 1487 118 30 tafson
263 1487 11 30 i
292 1487 170 40 Göteborg
479 1487 66 30 och
563 1487 207 30 Kristenson
788 1487 11 30 i
817 1487 181 40 Göteborg.

361 2444 96 23 600888
496 2441 166 26 Stockholm
677 2441 75 25 1960.
772 2441 81 24 Isaac
864 2441 113 24 Marcus
988 2440 188 33 Boktryckeri
1190 2441 170 31 Aktiebolag
