1904 2802
260 151 17 28 2
652 154 119 31 Andra
792 154 236 37 lagutskottets
1053 153 174 31 utlåtande
1249 163 42 21 nr
1316 154 50 30 46.

307 238 115 37 Lagen
441 238 68 30 den
526 239 41 30 30
586 238 181 30 december
787 239 82 29 1939
888 237 59 37 (nr
965 237 81 37 934)
1067 246 56 21 om
1142 236 215 38 tjänsteplikt
1375 238 108 35 gäller
1499 255 44 3 —
1562 238 106 30 sedan
1689 237 76 30 dess

264 288 222 37 giltighetstid
509 289 96 29 blivit
627 289 170 36 förlängd,
823 292 113 26 senast
956 296 125 28 genom
1103 289 55 36 lag
1181 289 65 29 den
1269 289 39 29 27
1333 297 93 21 mars
1453 288 93 36 1942,
1571 298 41 20 nr
1638 289 62 29 138
1722 304 45 4 —

263 340 49 29 till
333 340 65 29 och
419 340 81 29 med
521 340 65 29 den
606 339 40 30 30
668 339 76 36 juni
768 340 92 29 1943.

307 390 114 35 Lagen
442 399 58 20 om
518 389 217 36 tjänsteplikt
755 390 46 35 är,
824 389 10 30 i
856 389 107 31 likhet
982 389 80 30 med
1081 388 87 30 flera
1188 390 110 29 andra
1318 388 246 37 författningar
1584 398 43 21 av
1646 389 118 30 bered-

263 440 337 36 skapslagstiftnings
622 442 112 33 natur,
759 439 37 31 så
817 440 197 36 uppbyggd,
1038 442 48 27 att
1109 441 75 29 dess
1208 439 151 30 centrala
1381 440 267 34 bestämmelser,
1673 439 93 30 vilka

263 489 191 31 återfinnas
477 490 11 29 i
512 491 82 29 2—7
619 490 153 36 kapitlen
796 500 42 20 av
861 490 108 35 lagen,
994 490 98 29 träda
1115 490 11 29 i
1149 489 222 36 tillämpning
1395 489 89 30 först
1509 490 107 29 sedan
1641 489 123 36 Kungl.

264 540 101 36 Maj:t
388 541 143 29 särskilt
554 540 186 30 förordnat
765 541 132 29 därom.
923 539 131 31 Sådant
1077 540 240 30 förordnande
1341 539 58 30 må
1423 539 160 31 utfärdas
1607 540 59 29 vid
1689 540 77 35 krig

264 591 80 30 eller
366 591 183 36 krigsfara,
572 592 73 29 vari
668 592 88 30 riket
779 591 157 30 befinner
960 591 59 36 sig,
1044 591 80 30 eller
1148 590 96 36 eljest
1267 591 110 29 under
1399 590 299 38 utomordentliga,
1725 600 42 20 av

264 641 76 36 krig
363 641 210 30 föranledda
597 640 257 31 förhållanden.
879 641 119 30 Under
1020 641 59 35 tid,
1105 640 44 31 då
1171 641 188 36 riksdagen
1383 641 38 29 är
1445 641 145 35 samlad,
1614 640 59 30 må
1695 640 70 30 för-

265 692 182 30 ordnande
478 691 159 31 utfärdas
669 692 123 30 endast
824 692 80 29 med
935 692 205 35 riksdagens
1171 692 190 35 samtycke.
1394 691 264 35 Förordnande,
1691 700 76 21 som

263 742 179 30 meddelas
467 742 106 36 enligt
596 743 111 35 lagen,
732 743 89 29 skall
845 742 104 36 enligt
972 741 494 37 övergångsbestämmelserna
1490 742 50 30 till
1564 742 203 30 densamma

265 793 30 36 ej
316 793 89 36 gälla
423 793 119 36 längre
559 794 44 29 än
620 794 100 35 lagen
739 794 79 35 äger
834 793 164 36 giltighet.

308 842 48 31 På
383 843 257 37 framställning
666 852 43 21 av
735 843 122 36 Kungl.
885 843 101 36 Maj:t
1018 842 224 39 (proposition
1268 853 42 20 nr
1335 843 63 30 215
1426 843 51 30 till
1506 844 82 29 1940
1615 841 55 32 års
1698 843 68 36 lag-

264 893 84 31 tima
368 893 151 39 riksdag)
548 894 64 29 har
631 894 185 36 riksdagen
844 893 175 39 (skrivelse
1040 903 42 20 nr
1105 893 72 39 190)
1206 893 80 37 givit
1309 893 57 30 sitt
1389 894 176 36 samtycke
1586 894 51 29 till
1658 893 108 30 utfär-

265 944 115 29 dande
403 953 45 21 av
471 943 251 36 förordnande,
747 946 50 28 att
822 945 83 28 2—7
930 945 81 35 kap.
1036 944 100 36 lagen
1161 953 57 21 om
1242 944 222 36 tjänsteplikt
1489 944 99 30 skola
1612 944 64 35 äga
1701 943 66 30 till-

264 994 192 36 lämpning.
482 994 78 30 Med
582 995 78 29 stöd
683 1004 43 20 av
748 995 154 29 nämnda
925 995 179 34 samtycke
1126 995 64 29 har
1215 994 123 36 Kungl.
1362 994 102 35 Maj:t
1486 1002 125 28 genom
1635 994 132 35 kungö-

265 1045 106 29 relser
391 1045 69 29 den
479 1045 41 29 26
539 1045 90 35 april
649 1045 83 29 1940
756 1044 52 39 (nr
827 1043 88 40 269),
936 1045 68 29 den
1023 1045 40 29 28
1083 1044 76 36 juni
1181 1045 83 29 1940
1287 1044 53 39 (nr
1361 1043 74 40 636)
1460 1045 66 29 och
1545 1045 68 30 den
1633 1045 41 28 29
1695 1043 71 36 maj

267 1096 82 29 1942
376 1094 54 39 (nr
448 1094 75 40 266)
549 1095 190 35 förordnat,
760 1099 47 27 att
825 1097 18 28 2
863 1096 79 35 kap.
963 1095 190 36 respektive
1173 1096 16 29 7
1211 1096 64 30 och
1295 1096 19 29 3
1334 1096 79 35 kap.
1433 1096 100 36 lagen
1551 1104 57 21 om
1627 1095 140 36 tjänste-

264 1145 88 36 plikt
372 1146 99 30 skola
491 1147 63 34 äga
574 1145 228 37 tillämpning.

309 1198 18 28 2
353 1197 93 35 kap.,
476 1206 73 20 som
573 1196 170 30 omfattar
770 1196 82 30 5—7
881 1194 53 38 SS,
963 1197 148 29 handlar
1138 1206 56 20 om
1221 1195 333 36 arbetsförmedling.
1584 1195 78 30 Med
1692 1195 75 30 stöd

266 1256 41 20 av
328 1247 28 35 5,
379 1247 20 29 6
421 1247 66 30 och
507 1247 41 29 48
569 1246 40 37 838
630 1247 10 29 i
661 1247 101 35 lagen
779 1247 65 29 har
863 1247 66 29 den
951 1247 17 28 7
991 1245 70 37 maj
1086 1247 82 29 1940
1189 1246 171 31 utfärdats
1382 1247 206 35 kungörelse
1613 1245 54 39 (nr
1687 1244 75 40 329)

266 1306 58 21 om
350 1297 117 36 statlig
491 1297 141 36 ledning
656 1306 43 21 av
725 1297 68 30 den
818 1296 184 36 offentliga
1027 1296 376 36 arbetsförmedlingen.
1430 1297 115 35 Enligt
1571 1297 14 29 1
1614 1296 18 37 8
1658 1296 11 30 i
1694 1296 73 30 sist-

265 1348 154 29 nämnda
443 1348 204 35 kungörelse
676 1347 145 38 (ändrad
844 1356 124 27 genom
991 1347 223 35 kungörelser
1236 1347 68 30 den
1329 1348 39 28 14
1391 1356 93 21 mars
1511 1347 93 35 1941,
1628 1357 43 20 nr
1696 1347 71 35 128,

267 1398 65 29 och
354 1398 68 29 den
447 1398 40 29 27
512 1406 93 21 mars
631 1397 94 36 1942,
749 1406 42 21 nr
815 1396 72 40 140)
915 1397 100 30 skola
1038 1396 81 31 från
1142 1397 66 30 och
1231 1397 81 30 med
1334 1397 68 30 den
1427 1398 41 29 20
1492 1396 71 36 maj
1590 1397 83 30 1940
1698 1397 70 30 tills

266 1448 119 30 vidare
410 1447 54 31 till
488 1448 66 30 och
578 1448 81 30 med
682 1448 68 30 den
774 1448 41 29 30
839 1447 76 37 juni
943 1448 83 29 1943
1050 1447 11 30 i
1085 1447 97 36 varje
1207 1448 58 29 län
1290 1450 91 27 samt
1405 1448 11 29 i
1443 1447 222 31 Stockholms
1692 1447 78 30 stad

266 1499 67 29 den
358 1499 86 29 eller
468 1499 42 29 de
534 1498 514 36 arbetsförmedlingsanstalter,
1075 1507 75 21 som
1174 1498 115 30 finnas
1316 1498 201 31 anordnade
1541 1498 103 36 enligt
1671 1499 99 35 lagen

265 1550 66 30 den
354 1550 39 29 15
415 1549 78 36 juni
518 1550 80 30 1934
629 1549 55 39 (nr
704 1548 75 40 267)
807 1559 57 20 om
886 1549 160 36 offentlig
1068 1549 332 36 arbetsförmedling,
1425 1548 51 31 stå
1497 1549 112 30 under
1628 1549 142 36 ledning

265 1609 44 20 av
327 1599 259 30 vederbörande
605 1599 324 30 länsarbetsnämnd
950 1599 65 30 och
1037 1600 119 29 utöver
1177 1600 78 29 dem
1275 1599 99 36 eljest
1394 1598 180 38 åliggande
1594 1599 177 36 uppgifter

267 1649 149 36 fullgöra
442 1649 68 31 vad
536 1649 102 36 enligt
664 1651 100 34 lagen
789 1659 57 21 om
872 1649 216 36 tjänsteplikt
1114 1650 203 30 ankommer
1342 1649 47 37 på
1414 1649 355 37 arbetsförmedlings-

267 1700 126 30 anstalt
416 1701 165 29 ävensom
603 1701 10 29 i
637 1700 110 36 övrigt
768 1700 137 31 biträda
927 1700 378 30 länsarbetsnämnden.

311 1751 19 29 3
351 1751 79 36 kap.
450 1750 11 30 i
481 1751 98 35 lagen
597 1759 57 21 om
673 1749 224 38 tjänsteplikt,
918 1760 74 20 som
1012 1750 165 30 omfattar
1196 1751 105 29 8—11
1326 1750 51 37 $$,
1397 1750 150 30 handlar
1565 1759 57 21 om
1643 1751 128 29 arbets-

267 1800 331 37 förmedlingstvång
624 1801 65 29 och
714 1800 459 31 företrädesbestämmelser.
1202 1800 112 30 Sedan
1341 1800 123 36 Kungl.
1491 1799 101 37 Maj:t
1616 1799 156 31 utfärdat

268 1851 223 36 kungörelser
512 1851 67 30 den
600 1851 41 30 29
665 1850 71 38 maj
763 1851 81 30 1942
875 1850 53 39 (nr
951 1850 75 40 267)
1055 1860 57 21 om
1134 1850 447 38 arbetsförmedlingstvång
1605 1850 56 31 för
1682 1853 89 28 torv-

268 1901 228 37 hanteringen
517 1911 45 20 m.
589 1911 44 20 m.
662 1904 88 27 samt
775 1901 65 30 den
867 1901 38 30 19
929 1900 76 37 juni
1033 1901 81 30 1942
1149 1900 53 39 (nr
1226 1900 74 40 563)
1334 1910 58 21 om
1416 1900 355 37 arbetsförmedlings-

267 1950 104 38 tvång
391 1952 56 30 för
465 1952 399 36 byggnadsverksamhet
885 1961 45 20 m.
951 1961 56 26 m.,
1030 1952 90 29 hava
1138 1952 100 29 dessa
1262 1952 222 35 kungörelser
1505 1950 79 31 från
1605 1952 66 29 och
1693 1950 80 31 med

269 2002 66 30 den
357 2003 14 29 1
393 2001 140 37 januari
556 2002 82 30 1943
658 2002 127 30 avlösts
806 2010 42 21 av
866 2011 42 20 en
930 2002 203 36 kungörelse
1154 2002 65 29 den
1244 2002 36 29 11
1305 2001 181 30 december
1507 2002 83 30 1942
1618 2000 54 40 (nr
1690 1999 76 39 925)

268 2061 58 21 om
348 2051 448 38 arbetsförmedlingstvång
818 2052 55 29 för
891 2052 399 36 byggnadsverksamhet
1312 2061 46 20 m.
1380 2062 57 25 m.,
1460 2061 42 20 av
1526 2051 123 37 Kungl.
1672 2049 101 37 Maj:t

268 2102 167 31 utfärdad
457 2103 79 30 med
557 2103 76 29 stöd
655 2112 44 20 av
719 2103 30 35 8,
771 2102 30 35 9,
824 2102 41 30 40
888 2103 65 29 och
975 2103 42 29 48
1041 2102 39 37 $$
1106 2102 98 37 lagen
1227 2111 57 21 om
1309 2101 226 37 tjänsteplikt.
1559 2102 115 37 Enligt
1696 2101 76 30 sist-

269 2153 156 30 nämnda
451 2153 204 36 kungörelse
684 2151 56 32 får
767 2153 231 35 arbetstagare
1029 2152 74 30 icke
1132 2153 163 29 anställas
1327 2153 10 29 i
1366 2152 296 37 byggnadsarbete
1691 2152 82 29 eller

268 2203 261 37 torvhantering
550 2203 204 30 annorledes
775 2203 43 30 än
842 2202 103 37 enligt
969 2202 181 37 anvisning
1172 2211 43 21 av
1235 2202 160 37 offentlig
1417 2202 355 35 arbetsförmedlings-

269 2254 127 30 anstalt
423 2254 83 30 eller
534 2252 96 37 eljest
657 2253 80 30 med
763 2253 78 30 dess
869 2253 236 36 medgivande.
1135 2251 53 31 Då
1215 2252 470 37 arbetsförmedlingsanstalt
1712 2260 60 21 an-

269 2304 91 30 visar
385 2305 117 29 arbete
523 2304 82 30 eller
629 2304 127 36 prövar
780 2302 98 37 fråga
901 2312 57 21 om
986 2302 225 37 medgivande
1235 2303 51 29 till
1312 2302 210 39 anställning
1547 2303 96 35 skall,
1672 2302 10 30 i
1707 2301 66 30 den

268 2354 242 38 utsträckning
526 2356 127 28 statens
668 2352 533 32 arbetsmarknadskommission
1220 2352 217 37 föreskriver,
1456 2353 112 30 behov
1587 2362 42 21 av
1646 2352 127 30 arbets-

270 2404 93 30 kraft
387 2404 52 30 till
462 2403 169 38 jordbruk
655 2404 66 30 och
747 2403 192 36 skogsbruk
963 2402 195 37 tillgodoses
1184 2403 73 29 före
1281 2403 113 30 behov
1422 2412 42 21 av
1489 2402 210 31 arbetskraft
1723 2400 51 31 till

269 2455 297 35 byggnadsarbete
593 2454 65 30 och
684 2453 269 36 torvhantering.
984 2452 178 37 Därjämte
1189 2453 105 36 gäller
1322 2456 50 27 att
1399 2454 57 29 vid
1483 2452 182 36 anvisning
1692 2452 83 29 eller

271 2504 179 37 prövning,
478 2514 73 21 som
579 2513 81 28 nyss
684 2506 103 34 sagts,
817 2504 111 30 behov
958 2512 43 21 av
1029 2503 208 30 arbetskraft
1263 2503 51 30 till
1342 2503 262 38 torvhantering
1631 2503 65 30 och
1725 2502 49 30 till
