1872 2788
264 155 40 30 16
600 155 107 26 Andra
730 154 218 34 lagutskottets
972 155 161 27 utlåtande
1156 163 39 18 nr
1217 155 36 26 25
1277 155 36 27 år
1336 155 75 27 1955

260 233 160 39 familjen
447 233 52 29 till
527 243 43 20 en
599 234 258 39 semesterplats
885 233 87 31 både
998 234 59 30 vid
1085 243 120 21 resans
1233 235 217 29 anträdande
1478 235 65 29 och
1570 235 59 29 vid
1656 234 89 30 åter-

259 286 134 29 färden.
433 287 66 29 För
528 287 215 29 husmodern
772 287 107 39 gäller
908 287 119 30 därför
1055 288 10 28 i
1095 288 142 29 särskilt
1266 288 68 39 hög
1362 288 94 39 grad,
1485 290 51 28 att
1564 288 95 30 tiden
1686 289 58 29 vid

256 339 125 29 endast
400 339 70 29 tolv
488 340 125 38 dagars
633 341 165 28 semester
815 340 67 29 blir
901 340 54 30 för
973 341 81 29 kort
1071 340 54 30 för
1144 342 50 28 att
1212 340 182 40 tillgodose
1413 342 210 29 semesterns
1643 341 101 39 syfte.

259 391 79 30 Icke
367 392 107 29 minst
502 393 80 29 från
611 393 113 29 denna
753 393 181 40 synpunkt
962 395 39 28 är
1029 393 119 30 därför
1176 403 43 20 en
1248 394 92 39 regel
1369 403 56 20 om
1454 403 43 21 en
1526 395 123 29 odelad
1678 397 67 27 tre-

256 445 314 30 veckorssemester
595 446 186 29 önskvärd.

313 506 174 30 Utskottet
509 508 148 28 förbiser
678 507 76 30 icke
777 509 50 28 att
850 517 43 20 en
915 508 214 40 uppdelning
1151 518 42 20 av
1215 510 191 28 semestern
1429 510 78 29 med
1531 510 139 38 hänsyn
1690 509 54 30 till

257 559 398 38 produktionstekniska
676 561 64 29 och
762 560 167 31 liknande
949 561 87 29 krav
1056 562 11 29 i
1090 561 174 30 särskilda
1285 561 63 30 fall
1369 562 71 29 kan
1461 562 85 30 böra
1567 563 176 39 godtagas.

257 611 45 30 Så
323 612 61 29 bör
407 613 88 29 dock
517 614 124 28 endast
664 614 59 29 ske
747 622 57 21 om
828 614 121 29 skälen
972 614 55 30 för
1049 624 43 20 en
1114 614 142 40 delning
1278 616 38 29 är
1339 615 139 39 mycket
1501 616 130 29 starka.
1666 616 13 29 I
1702 616 42 30 de

258 664 62 30 fall
346 666 61 28 där
433 666 128 38 sakligt
586 667 179 37 grundade
793 667 76 29 skäl
894 667 71 29 kan
991 667 218 39 förebringas
1234 668 56 30 för
1316 677 43 20 en
1384 669 216 39 uppdelning
1626 678 41 20 av
1694 678 50 20 se-

257 720 153 27 mestern
433 719 112 29 skulle
570 720 66 29 den
660 720 197 38 föreslagna
882 720 193 39 ändringen
1099 730 40 20 av
1165 721 39 29 12
1229 726 16 34 &
1270 721 110 29 andra
1404 721 135 39 stycket
1564 724 180 27 semester-

257 770 100 39 lagen
382 771 75 30 icke
482 771 170 31 innebära
676 773 105 38 något
805 773 125 29 hinder
955 774 56 29 för
1036 773 355 31 arbetsmarknadens
1416 776 117 38 parter
1559 776 51 28 att
1635 775 108 30 träffa

255 824 339 30 överenskommelse
619 825 133 29 härom.
789 825 117 40 Enligt
930 826 188 30 utskottets
1142 827 142 39 mening
1309 827 116 30 finnes
1448 828 77 30 icke
1551 828 108 30 heller
1684 838 60 20 an-

256 876 141 40 ledning
419 877 130 34 befara,
575 880 50 27 att
649 878 132 30 sådana
803 879 358 30 överenskommelser
1184 880 76 30 icke
1284 880 90 30 skall
1398 881 142 30 komma
1564 881 53 29 till
1641 881 103 30 stånd

255 929 55 29 för
331 930 40 29 de
390 930 168 29 områden
576 931 95 29 inom
692 931 236 39 näringslivet,
948 932 64 29 där
1030 932 155 40 verkliga
1204 933 76 30 skäl
1300 933 56 30 för
1375 943 43 20 en
1436 934 217 40 uppdelning
1672 935 71 29 kan

254 981 150 40 påvisas.
442 983 295 31 Erfarenheterna
775 984 81 29 från
894 985 494 40 arbetsmarknadsparternas
1426 986 268 41 förhandlingar
1732 987 11 29 i

255 1035 120 38 dylika
396 1035 116 39 frågor
534 1044 58 31 ger
614 1037 188 39 anledning
824 1038 111 29 räkna
956 1039 79 29 med
1055 1040 52 28 att
1128 1039 204 29 arbetarnas
1353 1040 279 38 organisationer
1654 1040 89 30 skall

254 1088 188 29 medverka
462 1089 52 29 till
535 1091 51 27 att
605 1090 358 31 överenskommelser
983 1100 57 20 om
1059 1091 217 40 uppdelning
1296 1092 159 30 kommer
1474 1093 53 29 till
1548 1093 102 30 stånd
1671 1093 10 29 i
1701 1094 42 29 de

255 1140 73 34 fall,
352 1141 43 29 då
417 1142 148 38 verkligt
588 1142 111 30 behov
719 1143 110 29 därav
850 1143 194 40 föreligger.

311 1193 66 30 Vid
407 1196 288 37 genomförandet
725 1205 42 20 av
796 1197 392 30 treveckorssemestern
1219 1198 174 30 uttalades
1421 1199 11 29 i
1463 1199 170 30 samband
1663 1200 80 29 med

255 1246 68 29 den
342 1247 177 39 samtidigt
536 1249 179 29 beslutade
733 1249 118 39 regeln
869 1259 56 20 om
944 1250 214 40 uppdelning
1177 1260 41 20 av
1237 1252 201 33 semestern,
1457 1254 51 27 att
1525 1262 83 20 man
1627 1253 116 29 därest

253 1308 44 20 en
318 1300 346 40 sammanhängande
683 1303 166 29 semester
867 1302 165 39 lagfästes
1051 1303 117 30 kunde
1186 1304 120 30 befara
1326 1306 51 28 att
1395 1305 260 39 arbetsgivaren
1673 1306 70 29 för-

255 1351 77 30 lade
360 1352 76 30 hela
465 1355 191 28 semestern
682 1355 52 28 till
762 1363 119 21 annan
907 1355 51 31 tid
985 1356 46 29 än
1059 1365 208 21 sommaren.
1307 1357 176 30 Utskottet
1510 1368 103 20 anser
1640 1359 102 29 dessa

257 1405 164 39 farhågor
445 1407 212 37 ogrundade.
695 1407 95 29 Även
816 1408 55 30 för
896 1409 259 38 arbetsgivaren
1180 1411 38 28 är
1245 1410 57 30 det
1327 1412 49 28 ett
1401 1410 90 40 givet
1517 1411 148 30 intresse
1691 1413 50 29 att

254 1457 156 39 förlägga
437 1460 191 28 semestern
653 1460 51 29 till
731 1469 201 21 sommaren
956 1462 79 29 med
1062 1462 137 39 hänsyn
1226 1463 51 29 till
1304 1463 42 30 de
1372 1472 88 21 ovan
1486 1464 172 40 påtalade,
1686 1465 55 30 för

253 1511 260 38 produktionen
537 1520 230 31 gynnsamma
793 1514 212 39 verkningar
1030 1523 74 21 som
1129 1517 48 28 ett
1201 1517 70 28 rätt
1296 1516 226 39 utnyttjande
1547 1527 43 20 av
1615 1527 126 20 semes-

253 1565 79 27 tern
358 1581 43 3 —
427 1564 108 30 vilket
563 1566 55 29 för
646 1566 56 29 det
731 1567 94 29 stora
855 1566 151 31 flertalet
1034 1567 235 40 arbetstagare
1298 1570 38 28 är
1365 1569 138 40 möjligt
1531 1571 124 29 endast
1682 1571 57 30 vid

252 1619 323 28 sommarsemester
597 1636 44 3 —
663 1619 69 29 kan
756 1620 123 29 väntas
902 1628 49 31 ge.

309 1670 67 28 Till
402 1670 117 39 övriga
547 1671 76 29 skäl
650 1672 169 34 kommer,
846 1674 51 28 att
924 1675 191 28 semestern
1140 1674 112 30 måste
1278 1675 179 30 betraktas
1485 1676 116 30 såsom
1628 1686 43 21 en
1698 1687 42 20 av

252 1722 260 39 arbetstagaren
544 1724 131 39 intjänt
707 1725 231 35 löneförmån,
971 1727 65 29 och
1069 1727 56 30 det
1157 1727 112 31 måste
1299 1728 123 30 därför
1451 1728 180 32 betraktas
1665 1739 74 21 som

251 1776 186 38 oegentligt
456 1778 52 28 att
530 1777 259 39 arbetsgivaren
810 1779 89 29 skall
920 1779 122 30 kunna
1063 1779 136 40 förfoga
1220 1782 82 28 över
1323 1782 114 29 denna
1459 1782 280 40 arbetstagarens

251 1828 70 29 rätt
345 1836 122 31 genom
491 1831 51 28 att
564 1831 75 29 dela
664 1832 201 28 semestern.

307 1881 125 29 Rätten
455 1882 51 29 till
530 1883 347 39 sammanhängande
900 1887 166 28 semester
1087 1886 62 30 bör
1172 1886 133 31 således
1329 1887 106 39 enligt
1457 1888 189 31 utskottets
1669 1899 71 20 me-

251 1932 85 40 ning
361 1943 45 20 nu
432 1935 180 38 lagfästas.

307 1986 273 40 Semesterlagen
604 1989 236 30 tillförsäkrar
863 1990 261 40 arbetstagarna
1149 2002 43 20 en
1216 1994 166 29 semester
1405 2003 56 20 om
1484 1996 52 28 tre
1559 1995 142 35 veckor;
1728 1996 10 28 i

250 2039 94 29 vissa
368 2039 60 30 fall
454 2041 101 39 utgår
579 2042 192 30 emellertid
796 2043 107 39 enligt
926 2044 92 29 avtal
1043 2044 118 40 längre
1186 2047 176 29 semester.
1399 2047 125 30 Starka
1548 2048 76 30 skäl
1649 2049 89 29 talar

251 2091 54 30 för
331 2094 50 28 att
406 2094 86 29 även
516 2103 43 20 en
586 2095 108 29 sådan
719 2095 119 39 längre
865 2097 165 29 semester
1056 2097 171 40 förlägges
1251 2099 12 29 i
1289 2100 49 29 ett
1363 2100 266 40 sammanhang.
1665 2101 72 31 Här

250 2144 71 30 kan
341 2154 82 21 man
442 2147 193 30 emellertid
656 2148 10 28 i
687 2149 110 29 större
818 2150 245 40 utsträckning
1082 2151 111 30 räkna
1213 2152 78 30 med
1313 2154 50 28 att
1384 2153 263 40 arbetstagarna
1667 2155 70 29 kan

250 2197 45 29 ha
314 2198 180 30 önskemål
514 2209 56 20 om
590 2210 42 20 en
651 2201 141 39 delning
810 2211 41 20 av
871 2204 200 33 semestern,
1090 2204 64 30 och
1173 2214 43 20 en
1235 2204 110 31 sådan
1364 2206 142 40 delning
1523 2208 39 29 är
1580 2207 64 30 här
1660 2208 77 29 icke

250 2260 42 19 av
319 2260 133 21 samma
476 2252 176 39 betydelse
678 2254 53 29 för
757 2255 270 39 möjligheterna
1052 2257 51 28 till
1128 2257 210 30 rekreation.
1375 2259 176 30 Utskottet
1575 2260 60 29 vill
1660 2261 78 29 där-

249 2303 56 29 för
327 2303 75 31 icke
424 2314 47 20 nu
494 2306 130 29 föreslå
645 2308 49 28 att
716 2307 10 29 i
750 2307 55 39 lag
828 2308 150 39 stadgas,
1002 2310 50 28 att
1075 2310 87 29 även
1184 2310 110 30 sådan
1317 2311 118 39 längre
1459 2314 166 29 semester
1647 2313 89 30 skall

249 2356 83 39 utgå
356 2356 9 29 i
389 2358 47 29 ett
460 2360 265 38 sammanhang.
761 2360 245 31 Motsvarande
1027 2362 64 30 bör
1113 2363 91 39 gälla
1226 2363 221 31 beträffande
1471 2367 167 29 semester
1661 2375 75 21 som

249 2409 102 38 utgår
371 2410 106 39 enligt
498 2412 100 38 lagen
620 2413 66 29 den
706 2413 40 29 25
768 2414 71 39 maj
865 2413 80 30 1951
970 2424 56 20 om
1048 2415 161 39 förlängd
1231 2418 166 29 semester
1418 2417 54 30 för
1493 2419 93 30 vissa
1607 2419 130 30 arbets-

251 2464 117 36 tagare
393 2464 77 29 med
496 2464 220 40 hälsofarligt
742 2466 127 30 arbete.
