1854 2792
461 183 331 30 Utrikesutskottets
815 183 179 30 utlåtande
1016 193 44 21 nr
1081 184 20 29 5
1122 184 39 29 år
1186 184 84 29 1959
1605 184 20 30 3

112 266 164 31 inbördes
294 276 75 21 som
385 267 12 29 i
413 267 221 30 förhållande
650 267 52 30 till
719 267 218 30 existerande
952 267 252 31 multilaterala
1221 276 174 31 program,
1413 268 97 30 torde
1527 268 91 30 dock

113 325 84 21 vara
223 317 87 30 värd
339 319 50 28 att
417 317 162 30 närmare
607 317 229 30 undersökas.
869 318 74 30 Vad
972 318 109 40 angår
1110 318 327 30 rekommendation
1469 318 60 30 159
1560 327 58 21 om

112 366 143 31 Afrikas
275 366 209 41 utveckling,
505 376 103 31 synes
627 368 58 30 det
703 368 174 30 tveksamt
896 377 56 21 om
973 368 229 40 erforderliga
1221 368 165 40 politiska
1405 369 65 30 och
1490 369 128 30 ekono-

113 416 115 31 miska
248 417 295 40 förutsättningar
563 417 117 31 finnes
700 417 55 30 för
775 418 161 40 åtgärder
956 428 43 20 av
1018 418 196 40 föreslagen
1235 421 53 27 art
1308 419 65 30 och
1393 419 225 40 omfattning.

158 518 185 30 Utskottet.
370 518 65 30 Vid
461 518 249 40 föredragning
734 519 94 30 inför
853 520 171 31 utskottet
1050 520 64 29 har
1138 520 201 41 ytterligare
1364 520 254 41 upplysningar

112 568 152 31 lämnats
286 569 10 29 i
318 569 40 29 de
379 569 127 39 frågor,
529 578 75 21 som
625 569 118 31 berörs
763 570 11 29 i
794 570 275 39 propositionen.

156 620 12 29 I
187 619 203 40 anslutning
408 619 52 30 till
478 620 66 30 vad
563 620 387 39 departementschefen
969 621 118 29 anfört
1105 621 149 30 rörande
1272 621 271 40 församlingens
1561 621 56 30 be-

110 669 170 40 handling
303 680 42 20 av
367 670 230 29 ekonomiska
619 670 351 40 integrationsfrågor
990 671 61 29 vill
1075 671 171 30 utskottet
1269 671 116 30 erinra
1407 681 56 20 om
1487 674 49 28 att
1560 672 57 29 det

111 720 11 29 i
143 720 58 31 sitt
218 720 181 30 utlåtande
419 720 98 30 1958:
535 721 18 29 6
571 721 243 29 understrukit
833 721 271 39 församlingens
1122 722 64 29 roll
1205 721 115 30 såsom
1338 722 205 39 mötesplats
1562 722 55 30 för

111 770 41 30 de
172 771 132 34 länder,
325 780 75 21 som
419 771 165 39 planerar
601 774 49 27 ett
670 770 394 31 frihandelssamarbete
1082 771 97 30 inom
1201 772 151 30 OEEC:s
1371 781 86 26 ram,
1475 772 67 30 och
1562 772 56 30 för

110 821 41 30 de
168 822 132 34 länder,
319 831 74 21 som
410 822 96 29 inom
524 822 218 39 Europeiska
759 822 230 31 ekonomiska
1004 822 156 30 unionen
1174 822 136 40 antagit
1327 824 48 28 ett
1392 822 224 31 ekonomiskt

110 873 370 39 samarbetsprogram.

154 923 77 30 Med
253 923 106 30 tanke
378 923 75 29 icke
471 923 108 30 minst
597 923 46 40 på
662 923 56 29 det
736 923 227 40 brydsamma
980 924 87 39 läge,
1085 923 75 30 vari
1180 924 41 29 de
1239 923 208 40 europeiska
1465 924 151 39 integra-

110 973 330 30 tionssträvandena
459 973 54 30 för
532 973 219 30 närvarande
769 973 160 30 befinner
948 973 62 40 sig,
1029 974 110 29 fäster
1156 974 172 29 utskottet
1346 974 269 39 uppmärksam-

108 1023 104 30 heten
232 1024 58 29 vid
312 1024 41 29 de
373 1024 222 39 möjligheter
616 1024 53 29 till
689 1023 151 30 insatser
861 1024 44 39 på
926 1024 95 29 detta
1041 1024 132 39 viktiga
1195 1024 152 37 område,
1370 1033 73 21 som
1466 1024 148 30 försam-

108 1074 117 39 lingen
246 1074 165 40 erbjuder
431 1082 124 31 genom
577 1074 178 40 skapande
777 1084 41 20 av
837 1074 164 30 tillfällen
1021 1075 52 29 till
1095 1074 233 40 åsiktsutbyte
1351 1075 130 29 mellan
1500 1075 115 39 parla-

107 1125 218 30 mentariska
350 1126 280 38 representanter
656 1125 55 29 för
736 1124 270 40 Europarådets,
1034 1125 151 30 OEEC:s
1213 1125 64 29 och
1303 1124 67 30 den
1396 1124 219 40 Europeiska

107 1175 230 31 ekonomiska
360 1175 277 40 gemenskapens
658 1175 303 30 medlemsländer.

153 1227 176 29 Utskottet
349 1226 60 30 vill
431 1227 86 29 öven
540 1227 112 28 uttala
676 1225 283 40 förhoppningen
981 1228 50 27 att
1051 1235 84 20 man
1157 1225 81 30 från
1260 1225 126 30 svensk
1409 1225 75 30 sida
1504 1225 11 29 1
1538 1226 76 38 gör-

105 1276 124 40 ligaste
251 1276 83 30 mån
356 1276 207 30 medverkar
586 1276 53 30 till
662 1278 50 28 att
735 1276 120 31 stärka
876 1276 271 39 församlingens
1170 1275 223 40 möjligheter
1414 1277 50 28 att
1487 1275 45 39 på
1553 1284 61 21 an-

106 1329 67 38 tytt
196 1329 68 28 sätt
286 1327 131 40 främja
438 1327 102 30 dessa
561 1326 135 41 frågors
718 1327 143 29 lösande
883 1327 64 30 och
970 1327 203 39 därigenom
1196 1326 178 39 samtidigt
1395 1326 144 39 bidraga
1559 1325 53 32 till

107 1380 50 28 att
182 1377 54 31 för
261 1378 67 29 den
356 1378 178 29 allmänna
560 1377 188 39 opinionen
772 1378 163 38 klargöra
960 1377 101 29 dessa
1085 1376 175 40 problems
1285 1376 175 39 betydelse
1484 1385 43 20 ur
1551 1376 62 29 all-

103 1429 86 29 män
207 1428 186 40 europeisk
413 1428 190 39 synpunkt.

151 1478 227 30 Beträffande
401 1477 270 40 församlingens
693 1477 213 40 behandling
929 1487 41 20 av
992 1477 118 39 frågor
1132 1487 43 20 av
1195 1476 144 40 politisk
1360 1476 170 30 innebörd
1552 1485 60 20 an-

107 1539 54 20 ser
177 1530 172 30 utskottet
365 1529 29 39 ej
414 1529 175 39 behövligt
605 1530 83 38 göra
705 1528 104 39 något
829 1528 141 29 särskilt
987 1527 192 35 uttalande,
1197 1528 83 28 enär
1297 1527 41 29 de
1354 1526 11 30 i
1381 1526 231 30 utlåtandena

107 1579 98 30 1957:
222 1580 19 29 6
263 1580 65 28 och
353 1579 133 30 1958:6
510 1578 150 40 angivna
683 1578 267 39 synpunkterna
971 1578 11 29 i
1005 1578 62 29 allt
1088 1577 186 38 väsentligt
1296 1578 316 29 överensstämmer

104 1630 80 29 med
206 1630 89 35 dem,
320 1639 74 21 som
417 1629 386 40 departementschefen
825 1629 126 30 uttalat
973 1628 11 29 i
1007 1628 59 30 sitt
1094 1628 5 29 i
1122 1628 56 30 det
1201 1627 207 40 föregående
1431 1626 181 40 återgivna

106 1680 204 31 anförande.

146 1731 268 39 Möjligheterna
433 1733 50 28 att
501 1730 206 40 genomföra
725 1730 41 30 de
785 1729 141 39 förslag,
948 1738 74 21 som
1042 1729 192 29 behandlas
1253 1728 11 29 i
1282 1727 328 31 rekommendation

106 1782 61 29 176
187 1791 57 20 om
263 1781 233 39 likvärdighet
517 1790 41 22 av
577 1779 350 31 lantbruksexamina
946 1780 65 29 och
1030 1778 328 30 rekommendation
1379 1778 60 30 186
1459 1777 151 30 rörande

104 1832 77 30 stöd
207 1832 55 30 för
285 1831 352 40 yrkesutbildningen
662 1840 42 21 av
728 1831 166 33 arbetare,
922 1839 73 20 som
1022 1831 124 28 ämnar
1170 1832 78 35 taga
1277 1827 332 39 arbetsanställning

104 1882 213 34 utomlands,
337 1891 101 30 synes
456 1882 106 38 enligt
579 1881 189 30 utskottets
786 1880 141 39 mening
945 1880 53 29 väl
1017 1879 110 30 värda
1144 1881 49 27 att
1211 1879 162 29 närmare
1389 1878 220 29 undersökas

102 1933 46 39 på
168 1933 128 29 svensk
318 1932 85 30 sida.

147 1983 177 30 Utskottet
350 1982 115 29 finner
490 1982 30 39 ej
546 1980 188 40 anledning
758 1980 167 39 föreligga
948 1979 51 30 till
1025 1979 142 31 särskilt
1191 1978 180 30 uttalande
1395 1977 148 31 rörande
1567 1977 40 29 de

102 2033 118 39 övriga
242 2033 10 29 i
274 2032 262 40 propositionen
560 2031 235 32 omförmälda
815 2031 169 29 besluten.

146 2084 177 30 Utskottet
345 2083 212 33 hemställer,

450 2135 49 27 att
523 2132 187 38 riksdagen
734 2131 108 30 måtte
866 2133 11 28 i
902 2130 167 31 skrivelse
1094 2129 51 30 till
1170 2129 126 38 Kungl.
1322 2128 104 39 Maj:t
1451 2137 75 22 som
1553 2128 51 29 sin

408 2183 141 38 mening
573 2182 76 38 giva
670 2182 51 28 till
742 2182 119 29 känna
880 2181 66 29 vad
966 2180 171 30 utskottet
1159 2179 127 30 anfört.

147 2267 201 29 Stockholm
369 2266 64 29 den
455 2267 17 29 5
492 2265 70 39 maj
588 2265 83 29 1959

570 2365 48 29 På
639 2363 325 30 utrikesutskottets
983 2363 146 37 vägnar:

684 2447 98 29 NILS
807 2445 203 32 AASTRUP
