1872 2840
445 144 399 33 Jordbruksutskottets
874 143 187 32 memorial
1087 144 52 31 Nr
1167 143 52 31 66.
1533 142 18 30 1

766 554 59 38 Nr
855 551 63 42 66.

587 682 110 24 Ankom
715 681 45 24 till
778 681 163 31 riksdagens
961 681 92 24 kansli
1072 680 54 24 den
1148 681 28 23 12
1196 681 71 30 april
1289 681 67 23 1935
1375 679 36 24 kl.
1434 680 28 23 11
1486 680 16 24 f.
1522 687 38 16 m.

192 784 189 32 Memorial
408 784 79 31 med
515 782 277 33 överlämnande
825 782 55 32 till
911 782 193 38 riksdagen
1133 792 45 21 av
1208 781 272 37 förteckningar
1511 782 84 30 över

393 847 44 21 av
466 834 307 38 domänstyrelsen
800 833 160 37 försålda
986 834 174 36 hemman,
1187 833 170 31 områden
1383 833 65 31 och
1476 832 120 38 lägen-

393 888 109 32 heter.

134 1008 151 32 Medelst
304 1009 125 31 remiss
449 1010 71 30 den
540 1009 18 30 5
581 1008 92 36 april
694 1008 77 31 1935
792 1008 65 30 har
879 1007 135 36 Kungl.
1036 1006 109 36 Maj:t
1164 1006 84 31 låtit
1270 1006 58 31 till
1349 1005 247 37 jordbruksut-

93 1062 133 31 skottet
250 1061 208 31 överlämna
483 1061 83 30 från
592 1060 308 35 domänstyrelsen
924 1059 170 30 inkomna
1118 1057 270 37 förteckningar
1412 1059 84 30 över
1522 1057 75 31 dels

96 1113 168 37 försålda,
290 1112 112 32 under
430 1112 325 36 domänstyrelsens
782 1110 225 37 förvaltning
1033 1109 131 32 ställda
1192 1110 167 30 hemman
1385 1109 66 31 och
1478 1110 119 35 lägen-

95 1165 107 37 heter,
228 1166 21 30 å
274 1164 100 32 vilka
400 1163 177 37 köpebrev
602 1163 182 31 utfärdats
811 1162 112 32 under
948 1164 41 29 år
1014 1161 87 37 1934,
1128 1161 74 32 dels
1227 1160 261 38 försäljningar
1514 1161 84 31 från

95 1216 243 37 kronoparker
360 1226 44 21 m.
423 1226 56 26 m.,
500 1215 228 32 beträffande
748 1214 100 31 vilka
869 1214 177 36 köpebrev
1065 1213 182 32 utfärdats
1268 1214 40 31 år
1329 1212 87 38 1934,
1439 1213 75 32 dels
1533 1213 66 31 ock

96 1268 169 38 försålda,
287 1269 113 31 under
420 1266 327 38 domänstyrelsens
770 1265 225 37 förvaltning
1018 1265 131 32 ställda
1170 1264 207 37 lägenheter
1398 1265 66 31 och
1485 1265 113 30 områ-

95 1321 78 36 den,
196 1322 20 30 å
239 1320 101 31 vilka
362 1319 177 37 köpebrev
563 1319 181 31 utfärdats
768 1318 113 31 under
904 1319 88 30 åren
1016 1317 88 36 1924,
1128 1317 87 36 1925,
1241 1316 78 31 1932
1344 1317 64 31 och
1432 1316 78 32 1983
1534 1316 65 31 och

97 1382 73 22 som
191 1372 33 37 ej
247 1371 185 37 upptagits
453 1373 11 30 i
486 1371 212 36 föregående
720 1372 59 29 års
801 1369 280 36 förteckningar.

137 1425 50 31 De
213 1435 50 20 nu
290 1424 171 31 inkomna
490 1422 320 36 förteckningarna
839 1422 57 30 får
925 1421 174 31 utskottet
1128 1421 146 31 härmed
1303 1420 57 31 till
1387 1420 212 36 riksdagens

96 1475 201 31 kännedom

701 1551 217 30 överlämna.

138 1656 206 32 Stockholm
367 1656 69 31 den
461 1656 38 30 11
525 1655 94 36 april
643 1654 87 31 1935.

526 1759 52 31 På
603 1757 386 37 jordbruksutskottets
1014 1758 152 33 vägnar:

644 1826 35 33 C.
707 1827 34 31 J.
770 1824 291 34 JOHANSSON.

146 2089 199 25 Närvarande:
364 2095 27 17 se
411 2084 147 28 utlåtande
579 2094 32 16 nr
631 2088 40 22 64.

109 2507 108 32 Bihang
241 2507 41 26 till
304 2506 164 31 riksdagens
490 2505 144 32 protokoll
656 2505 75 24 1935.
768 2505 30 23 10
817 2505 81 23 saml.
938 2504 39 23 Nr
996 2504 41 22 66.
1567 2499 8 22 1
