2252 2650
721 223 243 35 Statsutskottets
987 221 170 34 Memorial
1179 221 64 33 N:o
1264 222 51 30 73.
1802 215 22 36 5

216 313 159 42 göromål,
413 322 71 22 som
521 310 135 33 tillhöra
695 306 447 41 sekreterarebefattningen
1174 305 62 32 hos
1265 300 380 45 tryckfrihetskomitén,
1669 300 74 32 dels
1765 301 60 37 att,

217 365 113 32 derest
363 364 67 32 han
465 363 90 32 förut
586 360 142 34 innehar
755 359 103 42 tjenst
880 359 44 41 på
946 357 104 32 rikets
1075 360 74 35 stat,
1174 365 124 23 samma
1320 353 108 33 vilkor
1451 352 63 33 och
1538 351 169 33 förbehåll
1730 350 95 32 skola

216 416 51 32 vid
291 414 233 43 uppbärandet
546 412 35 33 af
602 413 96 32 ofvan
722 409 142 34 berörda
888 408 145 41 aflöning
1056 407 180 41 iakttagas,
1261 416 71 22 som
1359 408 57 28 äro
1441 403 164 42 stadgade
1628 403 14 31 i
1664 400 159 35 äfseende

216 468 43 41 på
284 465 254 41 utbetalningen
567 464 35 32 af
618 460 476 45 justitieombudsmanslönen
1117 458 54 32 vid
1196 456 178 34 enahanda
1397 455 66 32 fall.

973 571 19 39 8
1015 571 50 31 27.

353 652 65 33 Till
449 651 168 33 kostnader
650 649 52 33 för
736 647 404 43 justitieombudsmannens
1172 642 199 34 embetsresor
1398 641 64 33 bör
1488 638 341 42 Riksgäldskontoret

220 706 88 41 uppå
340 704 85 33 hans
459 702 196 41 reqvisition
692 700 61 33 och
788 701 90 31 emot
906 697 113 33 derför
1040 697 91 32 inom
1153 694 115 42 hvarje
1293 695 52 30 års
1368 693 122 41 utgång
1514 689 190 43 afgifvande
1728 688 100 34 redo-

221 756 133 42 görelse
377 753 212 34 förskottsvis
612 751 153 34 utbetala
789 761 40 22 en
858 759 126 23 summa
1007 747 36 34 af
1063 748 55 32 två
1141 749 96 29 tusen
1261 740 134 50 kronor.

354 806 66 32 För
455 803 270 43 upphandlingen
764 801 35 33 af
828 798 279 44 skrifmaterialier
1130 797 64 32 och
1228 796 52 32 för
1317 791 105 37 andra
1449 803 150 32 expenser
1621 791 52 33 vid
1694 790 136 43 justitie-

220 858 284 33 ombudsmannens
538 854 63 33 och
637 851 353 44 tryckfrihetskomiténs
1023 848 178 42 expedition
1233 847 64 32 bör
1336 849 49 29 ett
1421 845 99 40 årligt
1551 843 124 41 belopp
1704 842 36 32 af
1763 841 67 32 fem

221 909 130 33 hundra
376 908 133 40 kronor,
533 908 89 30 emot
643 904 143 40 behörig
808 901 227 42 redogörelse,
1062 898 211 34 förskottsvis
1297 896 37 33 af
1346 894 357 43 Riksgäldskontorets
1721 892 109 32 medel

223 959 218 38 utanordnas.

358 1008 232 43 Tryckningen
625 1006 64 33 och
717 1004 198 41 häftningen
938 1002 34 32 af
985 1000 413 44 justitieombudsmannens
1419 995 292 35 embetsberättelser
1727 994 103 42 jemte

225 1061 111 34 dertill
358 1059 152 34 hörande
534 1058 131 41 bilagor
688 1056 81 32 böra
795 1050 198 38 verkställas
1018 1053 63 32 och
1105 1054 162 40 papperet
1289 1050 53 32 för
1365 1049 101 32 dessa
1488 1047 218 40 handlingars
1722 1044 107 42 tryck-

225 1114 78 39 ning
340 1110 169 35 anskaffas
546 1119 121 31 genom
704 1106 238 40 Fullmäktiges
981 1104 145 39 försorg;
1161 1102 87 33 dock
1277 1100 85 33 skall
1385 1100 61 31 den
1470 1098 117 33 dervid
1611 1096 222 40 erforderliga

224 1162 348 40 korrekturläsningen
608 1159 150 41 besörjas
792 1159 44 40 på
859 1160 65 29 sätt
946 1155 89 33 förut
1058 1154 104 40 skett;
1185 1152 152 33 börande
1362 1150 155 41 samtliga
1539 1149 207 42 trycknings-
1770 1146 62 33 och

225 1211 401 43 häftningskostnaderna
663 1210 52 32 för
748 1207 250 42 ifrågavarande
1035 1204 202 34 berättelser
1272 1203 63 32 och
1370 1202 132 40 bilagor
1531 1199 208 34 omedelbart
1762 1196 74 33 utaf

226 1264 338 41 Riksgäldskontoret
598 1261 194 41 godtgöras,
822 1262 81 29 utan
927 1257 118 40 afdrag
1069 1258 19 30 å
1111 1256 41 31 de
1177 1254 50 33 till
1251 1263 166 32 expenser
1439 1252 52 32 för
1513 1251 107 41 sagda
1643 1249 190 42 expedition

225 1315 164 42 beviljade
414 1314 127 40 anslag,
563 1312 174 32 hvaremot
760 1311 40 32 de
824 1309 117 39 medel,
964 1307 113 32 hvilka
1098 1306 116 42 inflyta
1237 1315 119 31 genom
1382 1313 125 22 samma
1529 1301 220 33 berättelsers
1769 1300 64 31 för-

228 1367 142 42 säljning
403 1366 11 31 i
447 1363 227 38 bokhandeln,
711 1361 90 33 skola
830 1360 35 32 af
881 1357 430 45 justitieombudsmannen,
1337 1365 70 22 som
1431 1354 118 32 härom
1573 1363 80 30 eger
1675 1351 80 41 foga
1778 1361 57 21 an-

228 1418 89 39 stalt,
339 1417 90 32 inför
450 1414 222 41 Fullmäktige
696 1411 158 34 särskildt
879 1410 185 33 redovisas.

990 1513 20 39 8
1032 1513 51 30 28.

366 1602 118 33 Såsom
508 1600 137 42 arfvode
666 1599 145 42 åtnjuter
832 1596 236 40 Fullmäktiges
1082 1592 209 34 Ordförande
1308 1595 50 29 tre
1375 1594 97 29 tusen
1487 1591 56 31 två
1557 1588 130 33 hundräå
1702 1587 137 40 kronor,

231 1657 85 31 samt
350 1654 82 32 hvar
468 1652 63 33 och
560 1662 40 21 en
624 1650 34 33 af
680 1650 40 32 de
747 1650 103 40 öfrige
874 1646 220 40 Fullmäktige
1119 1647 48 29 ett
1189 1647 98 29 tusen
1312 1654 58 21 sex
1393 1641 131 33 hundra
1546 1640 126 32 kronor
1695 1638 145 41 årligen;

231 1705 227 33 hvarförutom
490 1701 210 41 Fullmäktig,
738 1711 70 21 som
843 1699 28 41 ej
912 1702 37 28 är
977 1698 11 31 i
1013 1695 195 34 Stockholm
1231 1694 123 38 bosatt,
1379 1703 79 30 eger
1481 1694 50 30 att
1553 1691 52 32 för
1629 1701 37 21 en
1687 1699 76 22 resa
1786 1690 53 31 år-

231 1757 90 40 ligen
355 1755 50 32 till
439 1753 63 32 och
538 1752 73 32 från
647 1752 161 31 hemorten
842 1750 153 41 uppbära
1023 1744 362 40 kostnadsersättning,
1408 1741 174 34 beräknad
1606 1741 85 32 efter
1715 1750 125 22 samma

233 1806 153 43 grunder,
423 1815 71 21 som
529 1803 88 41 gälla
649 1803 52 31 för
729 1800 234 34 beräknandet
991 1798 35 32 af
1053 1794 472 40 resekostnadsersättningen
1550 1794 34 30 åt
1605 1791 114 32 Andra
1742 1791 94 31 Kam-

235 1867 129 23 marens
386 1855 198 33 ledamöter.

368 1904 250 42 Fullmäktiges
651 1902 199 42 Deputerade
877 1899 137 44 åtnjuta
1040 1897 166 44 härjemte
1230 1893 172 36 särskilda
1425 1892 112 44 årliga
1569 1890 176 42 arfvoden,
1770 1901 70 22 som

237 1957 92 44 utgå,
365 1956 74 33 med
472 1956 65 33 fem
559 1958 102 30 tusen
682 1953 128 33 kronor
832 1952 56 33 till
911 1951 65 33 den
998 1947 208 46 Deputerad,
1245 1958 70 22 som
1338 1945 141 33 utöfvar
1501 1944 58 32 det
1580 1943 12 32 i
1615 1946 19 38 &
1657 1945 38 30 55
1720 1937 122 48 omför-

236 2008 112 33 mälda
375 2006 166 45 uppdrag,
577 2004 135 34 hvilket
734 2002 91 34 skall
849 2003 37 32 af
906 2014 40 21 en
973 2001 38 32 af
1031 1997 218 46 Deputerade
1275 1995 182 40 bestridas,
1483 1994 60 34 och
1566 1993 75 34 med
1663 1995 54 31 tre
1739 1995 101 30 tusen

236 2060 126 32 kronor
384 2057 59 34 till
465 2056 63 34 den
552 2055 104 34 andre
679 2054 39 34 af
736 2052 226 45 Deputerade.

994 2154 19 39 8
1037 2154 51 29 29.

372 2241 190 40 Aflöningen
584 2240 51 31 för
657 2231 728 48 Riksgäldskontorets'tjenstemannapersonal
1411 2230 60 33 och
1488 2227 228 43 vaktbetjening
1734 2228 107 39 utgår,

243 2294 101 40 enligt
372 2292 64 32 den
465 2291 35 33 af
520 2289 192 41 Riksdagen
735 2289 51 31 för
808 2287 145 33 nämnda
977 2286 78 32 verk
1079 2284 178 33 faststälda
1281 2282 245 40 aflöningsstat,
1551 2279 132 32 hvilken
1706 2278 73 32 icke
1793 2277 52 33 får
