1920 2830
295 137 19 31 2
735 142 275 30 Statsutskottets
1036 142 176 30 utldtande
1236 142 50 31 Nr
1306 143 70 30 137.

303 226 162 30 utveckla
487 225 113 31 denna
622 225 226 37 ståndpunkt.
884 226 79 30 Han
985 234 63 28 gav
1071 226 122 30 därvid
1217 226 139 38 uttryck
1382 225 35 31 åt
1442 226 66 29 den
1530 226 280 37 uppfattningen,

305 278 49 27 att
373 285 42 20 en
435 275 275 37 differentiering
728 284 124 28 genom
871 276 220 36 tillämpning
1111 286 42 20 av
1173 276 93 30 olika
1286 277 122 29 kvoter
1429 276 55 30 för
1504 277 41 30 de
1565 275 109 37 årliga
1693 276 117 38 förny-

303 325 460 37 elsefondsavsättningarna
786 327 111 29 skulle
922 326 158 31 medföra
1104 326 177 31 bristande
1305 326 278 37 överskådlighet
1607 327 57 29 vid
1687 327 121 30 beräk-

304 376 130 30 nandet
457 385 42 21 av
522 376 66 30 den
609 377 107 30 totala
739 377 241 35 avsättningen
1000 377 50 30 till
1072 377 272 36 förnyelsefond.
1381 378 13 29 I
1418 377 112 30 stället
1554 377 86 31 fann
1661 378 71 29 han
1753 378 57 29 be-

303 427 104 29 hovet
428 436 42 20 av
490 435 43 21 en
554 426 262 31 differentierad
838 427 224 36 avskrivning
1083 427 187 36 lämpligen
1291 427 87 31 böra
1398 427 197 36 tillgodoses
1616 436 125 27 genom
1761 430 49 28 att

304 476 56 30 vid
383 476 318 37 kapitalanvisning
722 477 55 30 för
799 477 357 36 byggnadsändamål,
1179 478 93 29 vilka
1294 477 187 36 påkallade
1504 487 43 20 en
1571 478 239 30 extraordinär

304 527 233 36 avskrivning,
559 527 111 30 medel
692 527 214 31 omedelbart
927 528 138 30 ställdes
1086 528 51 29 till
1158 527 208 37 förfogande
1387 528 56 30 för
1466 528 67 30 viss
1557 528 253 36 grundläggan-

304 577 42 30 de
370 577 240 30 extraordinär
631 578 233 36 avskrivning.
900 578 389 36 Departementschefen
1311 578 202 30 förklarade
1534 578 50 36 sig
1606 579 47 29 ha
1674 578 56 30 för
1753 588 57 21 av-

304 627 68 30 sikt
396 631 49 26 att
467 627 158 36 tillämpa
648 628 113 30 denna
783 628 137 36 princip
946 629 55 29 vid
1025 628 240 30 utformandet
1287 638 43 21 av
1356 629 84 30 1938
1464 628 55 31 års
1542 630 267 35 statsverkspro-

304 677 161 36 position,
488 677 55 30 för
567 679 66 29 den
656 678 165 30 händelse
843 678 184 36 riksdagen
1048 679 76 30 icke
1146 678 119 37 gjorde
1286 678 116 37 någon
1423 679 140 30 erinran
1585 682 72 27 mot
1681 688 43 21 en
1746 680 63 29 lös-

304 728 82 36 ning
415 737 41 21 av
484 727 124 37 frågan
635 738 57 20 om
719 729 198 35 grunderna
944 729 56 30 för
1029 729 197 36 avsättning
1253 729 51 30 till
1333 729 262 36 förnyelsefond
1624 729 11 29 i
1664 729 145 36 angiven

303 778 163 36 riktning.
507 778 112 31 Sedan
645 779 184 36 riksdagen
854 779 142 36 anmält,
1022 782 49 27 att
1096 779 184 36 riksdagen
1306 780 77 30 icke
1407 779 116 30 funnit
1549 779 186 36 anledning
1759 780 51 29 till

301 827 109 32 sådan
434 828 148 36 erinran,
607 830 65 29 har
693 829 216 36 preliminärt
932 829 129 37 förslag
1083 830 51 30 till
1157 840 68 26 nya
1248 830 325 36 avsättningsregler
1595 830 181 36 framlagts
1800 830 11 30 i

304 878 90 31 årets
413 879 405 36 statsverksproposition
836 880 11 29 i
866 880 172 30 avvaktan
1058 879 46 37 på
1121 881 57 29 det
1195 880 45 30 då
1256 881 95 29 ännu
1369 880 31 36 ej
1420 880 235 36 föreliggande
1673 880 137 36 slutliga

303 930 178 29 resultatet
506 939 42 20 av
572 930 66 29 den
664 930 192 36 utredning,
883 939 75 21 som
983 930 411 36 riksräkenskapsverket
1418 931 66 29 och
1509 931 300 38 byggnadsstyrel-

303 988 60 21 sen
388 979 136 31 erhållit
546 980 10 29 i
579 980 159 36 uppdrag
762 983 49 27 att
835 980 187 31 verkställa
1043 981 10 29 i
1075 981 151 30 ärendet.
1262 981 13 29 I
1298 981 201 36 anslutning
1520 981 52 30 till
1594 982 93 29 detta
1709 981 100 36 preli-

303 1030 138 30 minära
468 1029 140 37 förslag,
636 1030 105 30 vilket
768 1031 156 30 baserats
952 1030 45 37 på
1027 1031 286 36 överläggningar
1341 1032 80 29 med
1451 1034 275 33 representanter
1754 1031 56 30 för

303 1079 420 37 riksräkenskapsverket,
749 1080 209 37 framlägges
982 1091 46 20 nu
1053 1081 45 36 på
1122 1082 169 35 grundval
1316 1091 43 21 av
1382 1082 428 35 riksräkenskapsverkets

303 1131 65 29 och
393 1130 365 39 byggnadsstyrelsens
780 1131 11 30 i
812 1131 180 31 utlåtande
1015 1132 66 30 den
1107 1132 39 29 16
1170 1131 154 31 februari
1349 1132 84 30 1938
1458 1132 146 35 avgivna
1626 1132 184 36 utredning

303 1180 174 31 definitivt
497 1181 130 36 förslag
647 1182 11 29 i
678 1182 150 30 ärendet.

347 1230 117 37 Enligt
483 1231 56 30 det
560 1230 147 32 sålunda
726 1231 197 36 framlagda
945 1232 163 36 förslaget
1128 1233 111 29 skulle
1257 1232 224 31 beträffande
1501 1232 136 36 statliga
1659 1232 151 37 nybygg-

304 1281 118 38 nader,
445 1281 55 30 för
522 1281 94 30 vilka
637 1282 111 30 medel
769 1282 188 30 framdeles
979 1282 137 30 anvisas
1140 1282 21 31 å
1182 1283 119 35 anslag
1323 1283 52 30 till
1397 1283 324 37 fastighetsfonden,
1744 1283 63 30 till-

302 1331 136 36 lämpas
465 1334 46 27 ett
536 1331 46 36 på
609 1332 171 36 enhetliga
807 1331 323 37 årsavskrivningar
1159 1333 66 29 och
1251 1333 264 30 differentierad
1542 1333 268 36 grundavskriv-

302 1381 83 37 ning
411 1382 137 30 baserat
574 1382 382 36 avskrivningssystem.
994 1383 49 29 De
1068 1382 108 37 årliga
1200 1383 314 36 avskrivningarna
1537 1383 146 30 föreslås
1710 1383 100 31 alltså

303 1432 221 31 fortfarande
550 1433 99 30 skola
678 1433 202 30 verkställas
908 1432 86 31 efter
1019 1442 43 20 en
1089 1433 66 30 och
1182 1442 136 21 samma
1344 1436 216 33 procentsats
1589 1434 11 29 i
1627 1433 99 37 fråga
1752 1443 56 21 om

303 1483 161 36 samtliga
484 1483 208 38 byggnader.
728 1483 122 30 Denna
872 1486 215 33 procentsats
1109 1493 98 21 avses
1229 1484 98 30 skola
1351 1484 190 30 fastställas
1563 1484 52 30 till
1640 1481 71 34 1'/i
1732 1494 77 27 pro-

303 1536 77 27 cent
401 1533 21 31 å
443 1534 311 35 byggnadsvärdet,
775 1534 128 29 medan
924 1534 67 29 den
1012 1534 283 36 grundläggande
1317 1534 269 36 avskrivningen
1609 1534 200 31 förutsättes

303 1584 100 30 skola
427 1585 60 29 ske
508 1584 79 30 med
610 1584 41 29 50
675 1587 141 32 procent
838 1583 222 31 beträffande
1081 1584 209 36 byggnader,
1313 1584 11 30 1
1347 1584 170 31 avseende
1539 1584 20 31 å
1583 1585 94 31 vilka
1698 1586 111 29 behov

303 1643 42 21 av
368 1633 240 31 extraordinär
631 1634 223 36 avskrivning
876 1634 191 36 föreligger,
1090 1635 67 29 och
1178 1635 79 29 med
1279 1635 41 30 25
1343 1638 144 33 procent
1509 1635 222 31 beträffande
1753 1637 56 29 öv-

303 1684 73 36 riga
401 1684 209 39 byggnader.
648 1685 13 29 I
685 1685 41 29 de
749 1684 73 36 fall,
846 1684 46 31 då
917 1684 21 31 å
960 1684 313 37 fastighetsfonden
1297 1686 204 29 redovisade
1525 1686 199 38 byggnader
1747 1695 59 21 un-

303 1735 200 36 dantagsvis
529 1734 31 39 ej
585 1734 207 31 finansieras
818 1744 43 21 av
885 1736 208 35 statsmedel,
1119 1744 100 21 anses
1243 1736 383 36 grundavskrivningen
1650 1737 86 30 böra
1761 1746 46 21 er-

304 1785 107 30 sättas
429 1785 79 30 med
527 1794 42 21 en
588 1784 146 37 höjning
752 1785 11 30 i
780 1786 246 30 motsvarande
1046 1786 85 36 grad
1151 1795 42 21 av
1212 1789 260 33 procentsatsen
1491 1786 56 30 för
1565 1787 41 29 de
1627 1786 108 37 årliga
1753 1796 56 22 av-

303 1835 277 37 skrivningarna.
605 1854 44 4 —
674 1835 64 30 Vid
762 1845 42 20 en
828 1836 221 36 tillämpning
1073 1845 43 21 av
1141 1845 48 20 nu
1216 1836 149 36 angivna
1392 1837 353 36 avskrivningsregler
1767 1854 40 4 —

303 1886 94 30 vilka
418 1887 155 29 närmast
596 1885 185 31 utformats
803 1886 55 30 för
880 1886 42 30 de
942 1886 374 36 byggnadskategorier
1338 1896 74 21 som
1435 1887 55 30 för
1512 1888 219 30 närvarande
1753 1897 53 21 av-

304 1945 52 21 ses
379 1937 80 30 med
484 1936 313 36 fastighetsfonden
819 1953 46 4 —
889 1937 111 30 skulle
1023 1936 149 31 erhållas
1196 1936 58 31 två
1278 1937 94 31 olika
1398 1937 412 37 avskrivningsperioder,

303 1986 219 31 omfattande
542 1987 67 29 den
629 1996 65 21 ena
717 1987 41 29 40
782 1986 38 31 år
842 1988 66 29 och
930 1987 66 30 den
1017 1987 110 30 andra
1148 1988 41 29 60
1214 1987 47 30 år.
1296 1988 75 29 Den
1392 1988 139 30 kortare
1554 1988 255 37 avskrivnings-

299 2037 165 36 perioden
499 2046 97 21 avses
629 2037 55 30 för
717 2037 363 36 fängelsebyggnader,
1114 2037 148 36 sjukhus
1286 2038 67 30 och
1375 2038 434 36 forskningsinstitutioner

304 2088 66 29 och
388 2088 68 29 den
474 2087 119 36 längre
612 2087 55 30 för
686 2088 251 30 ämbetsverks-
957 2088 65 30 och
1042 2088 380 36 legationsbyggnader,
1443 2098 144 26 museer,
1609 2090 117 29 skolor
1744 2090 66 30 och

304 2138 145 30 därmed
470 2137 200 37 jämförliga
689 2138 209 36 byggnader.
919 2155 45 4 —
986 2138 176 36 Förslaget
1182 2141 49 28 att
1251 2148 42 20 en
1314 2139 349 37 grundavskrivning,
1685 2149 58 21 om
1765 2140 45 29 än

304 2188 87 30 efter
415 2191 47 27 ett
482 2188 94 36 lägre
597 2189 202 35 procenttal,
824 2188 89 31 skall
936 2189 59 30 ske
1017 2190 87 29 även
1126 2189 10 29 i
1159 2189 42 30 de
1223 2188 72 36 fall,
1318 2189 63 30 där
1405 2192 47 27 ett
1475 2190 253 30 extraordinärt
1753 2200 55 21 av-

304 2238 311 36 skrivningsbehov
633 2239 32 37 ej
687 2238 191 37 föreligger,
900 2248 98 21 avser
1016 2257 45 3 —
1079 2238 115 31 såsom
1217 2240 107 29 redan
1345 2239 211 31 framhållits
1576 2240 11 30 i
1607 2242 201 29 statsverks-

303 2289 261 35 propositionen
583 2306 45 4 —
649 2292 49 27 att
717 2289 11 29 i
748 2289 201 36 anslutning
969 2289 50 30 till
1042 2290 66 29 den
1130 2299 69 29 nya
1219 2290 392 36 budgetutformningen
1630 2291 180 36 tillgodose

303 2339 106 36 syftet
431 2340 79 29 med
532 2339 201 36 riksdagens
755 2339 180 30 uttalande
958 2340 56 29 vid
1036 2339 332 37 fastighetsfondens
1393 2341 178 35 tillkomst,
1595 2344 49 27 att
1666 2341 143 31 investe-

304 2389 117 36 ringar
442 2390 11 29 i
476 2389 131 30 fonden
629 2390 117 35 borde,
769 2390 64 30 när
854 2390 42 30 de
917 2389 198 31 finansiella
1138 2389 269 32 förhållandena
1429 2390 38 31 så
1490 2391 175 36 medgåve,
1690 2392 120 30 täckas

304 2440 71 29 helt
391 2449 43 21 av
451 2440 235 30 skattemedel.
715 2440 13 29 I
745 2440 261 36 propositionen
1022 2450 41 20 nr
1081 2441 62 30 199
1159 2441 64 30 har
1240 2441 382 36 departementschefen
1639 2442 51 30 till
1707 2445 102 34 ytter-
