1866 2794
471 141 406 40 Bevillningsutskottets
903 143 219 31 betänkande
1146 154 43 20 nr
1214 148 49 30 50.

263 226 125 39 Kungl.
409 225 124 40 Maj:ts
552 226 150 40 förslag:

116 292 183 39 föreligger
323 293 31 40 ej
380 292 72 36 fall,
477 301 75 21 som
576 302 99 21 avses
700 293 113 31 nedan
836 293 11 29 i

116 342 85 31 sista
230 343 143 39 stycket,
402 343 88 30 skall
519 343 116 31 såsom
663 344 114 30 intäkt
805 353 44 22 av

116 393 210 39 fastigheten
350 396 170 38 upptagas
543 396 48 29 ett
614 395 123 42 belopp
761 396 87 29 mot-

116 445 170 29 svarande
311 445 54 29 för
389 445 70 30 helt
482 445 37 30 år
543 445 128 30 räknat
696 447 50 29 tre
770 455 78 31 pro-

117 497 78 27 cent
228 505 42 20 av
303 495 227 39 fastighetens
563 496 284 40 taxeringsvärde

115 544 73 31 året
217 547 78 29 näst
324 546 73 30 före
426 546 263 40 taxeringsåret.
718 547 128 30 Finnes

115 596 30 39 ej
172 596 282 40 taxeringsvärde
478 597 91 30 åsatt
593 597 54 31 för
671 597 74 31 året
768 598 79 30 näst

115 646 74 31 före
210 647 261 39 taxeringsåret,
493 648 173 31 beräknas
687 649 160 30 intäkten

114 697 45 39 på
192 698 170 38 grundval
394 707 42 21 av
467 698 231 40 fastighetens
730 700 115 34 värde,

114 748 205 39 uppskattat
358 749 106 39 enligt
501 750 41 29 de
580 750 162 39 grunder,
770 758 76 22 som

114 799 83 38 gällt
219 799 55 30 för
295 800 182 30 åsättande
499 809 41 21 av
562 801 283 39 taxeringsvärde

114 849 54 30 för
189 849 73 31 året
283 851 78 30 näst
382 850 73 33 före
475 851 263 40 taxeringsåret.

1586 147 37 31 17

1071 228 194 31 Utskottets
1290 230 149 39 förslag:

889 293 183 40 föreligger
1096 296 30 39 ej
1153 295 72 36 fall,
1250 305 75 21 som
1349 305 99 22 avses
1472 297 113 30 nedan
1609 298 11 29 i

889 344 84 31 sista
1002 346 144 39 stycket,
1175 346 90 30 skall
1292 347 116 30 såsom
1436 348 114 30 intäkt
1578 358 43 20 av

889 395 210 39 fastigheten
1122 399 171 38 upptagas
1316 400 48 28 ett
1386 398 123 43 belopp
1531 400 89 29 mot-

888 447 169 29 svarande
1082 447 55 30 för
1160 448 71 30 helt
1254 448 38 30 år
1316 449 127 30 räknat
1467 451 51 28 tre
1541 459 79 30 pro-

888 499 78 27 cent
999 507 42 21 av
1073 498 231 39 fastighetens
1335 499 285 41 taxeringsvärde

887 547 73 31 året
986 549 79 29 näst
1091 548 75 30 före
1192 549 262 41 taxeringsåret.
1480 551 140 31 Använ-

887 598 60 30 des
969 598 213 40 fastigheten
1207 601 122 30 enbart
1351 610 75 21 som
1451 611 169 21 sommar-

889 649 122 30 bostad
1039 650 91 30 skall
1158 651 115 30 såsom
1304 651 115 32 intäkt
1449 654 170 38 upptagas

890 701 49 29 ett
971 700 123 40 belopp
1124 703 248 29 motsvarande
1403 711 42 21 en
1477 703 63 30 och
1573 713 42 21 en

886 750 80 30 halv
984 755 144 35 procent
1147 761 43 20 av
1211 753 307 39 taxeringsvärdet.
1539 754 80 29 Fin-

887 809 60 21 nes
974 801 30 40 ej
1033 802 284 40 taxeringsvärde
1344 803 91 30 åsatt
1462 803 55 32 för
1544 804 74 31 året

886 853 78 28 näst
988 852 73 30 före
1085 853 262 40 taxeringsåret,
1370 854 173 31 beräknas
1566 855 52 29 in-

886 903 120 29 täkten
1037 903 44 41 på
1113 905 169 37 grundval
1314 914 42 21 av
1387 905 230 41 fastighetens

884 953 115 35 värde,
1025 954 206 40 uppskattat
1256 955 106 40 enligt
1388 957 41 29 de
1455 957 161 39 grunder,

886 1012 74 21 som
982 1004 82 39 gällt
1085 1004 55 30 för
1161 1005 182 32 åsättande
1364 1015 42 22 av
1426 1007 191 40 taxerings-

885 1054 104 30 värde
1021 1054 53 31 för
1106 1055 73 32 året
1210 1057 79 30 näst
1320 1057 74 33 före
1425 1057 191 40 taxerings-

884 1104 84 31 året.

159 1152 74 31 Vad
256 1153 10 29 i
291 1153 289 39 nästföregående
603 1172 44 3 —
668 1172 45 3 —
733 1172 44 4 —
800 1156 162 30 använda
987 1156 297 40 fastighetsdelen.

159 1203 71 30 Har
252 1204 164 39 fastighet
436 1222 45 4 —
499 1222 44 3 —
561 1222 45 4 —
627 1204 76 31 icke
726 1205 70 30 ske.

158 1254 75 30 Vad
254 1254 11 29 i
286 1254 94 30 detta
399 1273 44 3 —
461 1273 45 3 -—
523 1273 44 3 —
587 1256 82 29 eller
689 1256 195 40 prästgård.

1055 1310 60 34 (Se
1130 1311 117 31 vidare
1264 1312 301 41 anvisningarna.)

747 1433 232 36 Anvisningar

774 1518 52 29 till
853 1517 41 30 24
921 1517 27 37 8.

157 1583 29 29 6.
212 1582 49 30 De
280 1583 11 29 i
312 1583 41 30 24
376 1583 15 37 8
414 1585 18 29 2
451 1592 105 22 mom,
576 1602 45 3 —
638 1602 45 3 —
700 1602 44 3 —
765 1584 115 30 såsom
902 1585 133 31 bostad.

157 1633 66 30 Till
244 1634 177 39 fastighet,
447 1644 73 20 som
547 1635 11 29 i
581 1636 42 29 24
648 1634 21 38 $
692 1636 21 29 2
736 1645 105 20 mom.

110 1692 109 29 avses,
245 1685 40 29 är
309 1685 51 29 att
385 1685 150 39 hänföra
561 1687 87 29 även
674 1686 167 39 fastighet

109 1742 76 22 som
212 1735 133 40 nyttjas
373 1736 123 29 endast
523 1736 68 30 viss
619 1737 56 29 del
700 1746 41 20 av
767 1737 75 29 året

112 1785 84 30 eller
227 1785 178 40 tillfälligt,
437 1786 116 30 såsom
585 1786 251 38 sommarvilla,

109 1836 200 38 sportstuga
335 1836 82 30 eller
441 1836 192 40 jaktstuga,
659 1837 82 30 eller
765 1847 74 20 som

110 1888 85 28 utan
223 1888 52 29 att
302 1887 179 29 användas
510 1887 74 30 står
614 1888 53 30 till
694 1888 146 38 ägarens

108 1936 218 39 förfogande.

155 1986 91 30 Från
269 1987 265 39 tillämpningen
555 2004 46 5 —
619 2005 45 4 —
683 2005 44 3 —
748 1987 230 40 fastighetens
1000 1988 293 40 taxeringsvärde.

156 2037 110 39 Fråga
286 2037 174 30 huruvida
479 2055 44 4 —
543 2056 43 3 —
604 2056 45 3 —
670 2038 114 30 denna
804 2039 61 30 tid.

462 2156 41 31 B)
533 2158 50 28 att
604 2157 156 39 följande
780 2157 182 38 motioner,
983 2159 175 39 nämligen

468 2205 32 32 1)
531 2205 41 29 de
601 2205 223 39 likalydande
853 2206 217 30 motionerna
1101 2207 29 29 1:
1147 2206 63 30 282
1239 2216 42 21 av
1308 2208 80 29 herr
1418 2208 194 40 Lundqvist

418 2265 44 20 m.
485 2256 36 29 fl.
543 2257 65 28 och
629 2256 45 29 II:
691 2257 63 29 360
775 2267 42 20 av
837 2258 82 29 herr
939 2257 138 30 Nilsson
1099 2259 9 28 i
1130 2258 261 40 Göingegården
1412 2269 45 19 m.
1479 2260 47 34 fl.,

464 2304 35 32 2)
530 2305 40 29 de
588 2305 222 38 likalydande
827 2305 219 30 motionerna
1064 2306 28 29 I:
1109 2306 63 29 474
1189 2316 43 20 av
1247 2307 80 30 herr
1344 2307 151 30 Ewerlöf
1510 2317 45 21 m.
1574 2308 37 29 fl.

415 2356 65 29 och
502 2355 45 29 II:
564 2356 63 29 596
651 2366 41 20 av
714 2356 81 31 herr
816 2357 225 39 Hjalmarson
1065 2368 44 19 m.
1134 2359 47 36 fl.,

138 2510 16 26 2
193 2511 112 31 Bihang
327 2511 45 24 till
392 2512 168 31 riksdagens
580 2512 147 31 protokoll
750 2513 74 25 1953.
845 2514 14 24 7

879 2514 83 24 saml.
982 2514 48 24 Nr.
1049 2515 41 23 50.
