1876 2792
425 160 391 31 Jordbruksutskottets
833 161 180 30 utlåtande
1029 170 43 20 nr
1086 162 42 29 22
1144 161 39 30 år
1202 162 84 29 1959
1593 162 18 30 9

147 245 121 31 Såsom
295 245 484 39 arbetsmarknadsstyrelsen
806 245 117 30 anfört
948 245 64 29 bör
1036 244 223 31 beträffande
1286 245 254 39 dispositionen
1566 255 41 20 av

104 295 266 40 ifrågavarande
400 295 287 40 kapitaltillskott
716 295 52 30 till
800 295 339 30 fiskerilånefonden
1168 295 94 30 vissa
1293 295 174 30 särskilda
1496 296 111 39 regler

104 346 204 39 uppställas.
333 346 200 30 Tillskottet
557 346 63 29 bör
644 345 149 31 sålunda
817 346 112 30 hållas
955 345 83 30 skilt
1065 345 79 30 från
1170 345 120 40 övriga
1314 346 211 30 fondmedel.
1551 346 55 30 Vi-

103 396 82 30 dare
211 396 62 30 bör
298 396 204 40 långivning
528 396 80 30 med
635 396 179 30 anlitande
840 405 41 21 av
906 396 311 30 tillskottsmedlen
1243 396 125 30 endast
1393 397 213 39 ifrågakom-

103 455 67 26 ma,
201 448 65 28 när
295 447 485 39 arbetsmarknadsstyrelsen
810 446 92 40 gjort
932 446 262 40 framställning
1223 447 123 29 därom
1375 447 64 30 hos
1469 447 138 30 fiskeri-

104 497 180 39 styrelsen,
305 506 75 21 som
399 497 11 29 i
429 497 133 31 sådana
581 497 153 30 ärenden
753 497 63 30 bör
835 497 149 40 fungera
1005 506 75 21 som
1101 497 302 30 låneförmedlare.
1424 498 78 29 Med
1521 498 85 29 hän-

104 557 63 29 syn
188 548 52 29 till
263 548 199 29 ändamålet
483 548 81 30 med
584 548 68 30 den
673 557 47 20 nu
743 547 200 40 föreslagna
963 548 248 39 långivningen
1233 548 63 30 bör
1319 548 149 30 sålunda
1491 548 114 30 såsom

103 598 291 30 låneförmedlare
422 598 77 29 icke
528 598 127 30 anlitas
683 598 451 40 hushållningssällskapen
1162 599 94 34 eller,
1283 598 12 30 i
1325 599 189 39 Göteborgs
1542 599 64 29 och

103 648 118 30 Bohus
246 648 68 36 län,
340 648 224 40 landstinget,
589 648 95 30 vilka
709 648 102 40 eljest
838 649 192 29 förmedlar
1055 649 240 30 fiskerilånen.
1321 649 65 30 Vid
1412 649 195 39 fiskeristy-

103 698 132 30 relsens
255 698 213 40 behandling
490 708 42 20 av
553 698 153 30 ärenden
727 708 57 20 om
806 699 58 30 lån
887 708 42 20 ur
948 699 270 39 ifrågavarande
1239 699 284 30 tillskottsmedel
1544 699 63 30 bör

103 748 216 31 företrädare
339 748 54 31 för
412 749 485 39 arbetsmarknadsstyrelsen
916 749 146 30 beredas
1081 749 137 31 tillfälle
1238 752 50 27 att
1308 750 159 29 närvara.
1487 750 119 29 Lånen

103 798 62 30 bör
184 799 123 30 kunna
326 799 147 39 beviljas
494 799 55 30 för
569 809 72 20 om-
660 799 84 30 eller
764 800 209 39 nybyggnad
995 809 42 21 av
1059 800 210 40 fiskefartyg
1292 802 90 28 samt
1403 800 55 30 för
1478 802 128 28 motor-

103 848 104 40 byten
229 849 45 39 på
295 849 118 40 dylika
435 849 126 41 fartyg.
583 850 59 30 Att
665 850 116 30 såsom
804 850 485 40 arbetsmarknadsstyrelsen
1312 851 179 39 föreslagit
1513 851 94 30 med-

103 907 39 31 ge
165 899 116 30 kredit
302 900 52 29 till
377 909 84 21 varv
485 900 56 30 för
563 900 180 40 byggande
767 910 42 21 av
832 900 125 40 fartyg,
982 902 87 28 även
1092 910 56 20 om
1173 901 92 30 avtal
1289 901 79 30 med
1393 902 131 38 köpare
1549 910 57 20 om

104 949 140 30 förvärv
263 959 42 20 av
325 950 150 39 fartyget
494 950 76 31 icke
591 950 194 40 föreligger,
805 951 116 30 finner
939 951 61 40 jag
1018 951 71 40 mig
1108 952 89 29 dock
1217 952 76 29 icke
1312 952 122 29 kunna
1453 952 152 29 förorda.

104 1000 305 40 Maximibeloppet
429 1000 56 30 för
505 1001 59 29 lån
585 1001 80 30 från
686 1001 340 30 fiskerilånefonden
1048 1003 101 38 utgör
1172 1002 107 30 sedan
1300 1002 39 30 år
1362 1003 82 30 1953
1468 1003 61 29 120
1544 1003 62 29 000

103 1050 141 30 kronor.
273 1050 493 41 Arbetsmarknadsstyrelsen
795 1052 64 29 har
887 1052 56 29 för
971 1061 48 20 nu
1049 1052 268 39 ifrågavarande
1347 1053 174 29 särskilda
1548 1053 57 29 lån

103 1100 180 40 föreslagit
306 1103 49 27 ett
379 1101 273 40 maximibelopp
676 1110 61 31 per
760 1101 115 41 fartyg
899 1112 42 20 av
964 1103 63 29 250
1042 1103 62 29 000
1127 1103 141 29 kronor.
1293 1103 78 29 Med
1392 1103 139 39 hänsyn
1554 1103 52 30 till

103 1152 50 28 att
177 1150 107 40 syftet
308 1151 79 30 med
412 1151 221 31 sistnämnda
656 1152 58 30 lån
739 1153 38 29 är
802 1155 50 27 att
876 1153 12 29 i
912 1153 179 39 dagsläget
1116 1153 110 39 skapa
1250 1153 111 30 ökade
1384 1153 223 40 möjligheter

105 1200 49 30 till
178 1201 269 40 sysselsättning
471 1202 96 29 inom
592 1202 302 31 varvsindustrien
919 1212 104 21 anser
1045 1203 60 40 jag
1128 1203 129 30 liksom
1282 1203 325 31 arbetsmarknads-

103 1251 181 39 styrelsen,
308 1254 49 27 att
379 1252 308 40 maximibeloppet
710 1253 62 29 bör
794 1254 109 29 sättas
925 1253 107 40 högre
1056 1255 44 28 än
1122 1254 57 29 vid
1203 1254 67 30 den
1294 1255 159 29 normala
1475 1254 131 40 långiv-

103 1301 140 40 ningen.
271 1302 98 30 Efter
397 1303 266 39 överväganden
690 1303 65 29 har
782 1304 59 39 jag
871 1304 194 30 emellertid
1095 1304 119 30 funnit
1242 1305 71 39 mig
1340 1305 85 29 böra
1453 1305 152 34 förorda,

103 1353 49 28 att
180 1352 109 39 sagda
314 1352 125 40 belopp
466 1353 212 30 bestämmes
705 1354 51 29 till
784 1354 101 39 högst
915 1355 62 29 150
992 1355 63 30 000
1083 1355 140 29 kronor.
1251 1355 98 30 Dock
1375 1355 62 30 bör
1464 1355 59 30 lån
1552 1355 55 30 för

105 1402 231 40 anskaffning
364 1412 41 20 av
432 1403 153 30 fiskebåt
612 1412 124 31 genom
764 1404 209 40 nybyggnad
999 1405 77 29 icke
1104 1415 79 20 avse
1210 1405 106 39 högre
1342 1406 126 39 belopp
1495 1406 45 29 än
1567 1406 41 29 80

102 1454 143 37 procent
269 1462 42 20 av
333 1453 57 29 det
413 1452 55 31 för
491 1453 151 40 fartyget
666 1454 158 31 avtalade
848 1455 118 39 priset.
991 1456 138 29 Räntan
1152 1455 21 30 å
1194 1455 59 30 lån
1276 1465 42 20 ur
1340 1456 266 30 tillskottsmed-

104 1502 56 29 len
185 1502 64 30 bör
274 1503 83 39 utgå
382 1503 89 30 efter
498 1504 277 35 normalräntan,
802 1505 55 30 för
883 1506 220 29 närvarande
1129 1506 74 34 4,25
1229 1508 154 37 procent.
1411 1507 68 29 För
1504 1506 105 29 lånen

104 1552 61 30 bör
191 1552 36 30 få
253 1552 214 32 föreskrivas
493 1554 41 30 de
561 1555 174 30 särskilda
761 1555 127 30 villkor
914 1556 11 29 i
951 1556 123 39 övrigt,
1100 1566 74 20 som
1200 1556 158 40 betingas
1384 1566 42 20 av
1451 1556 157 30 medlens

106 1603 224 40 användning
354 1604 10 29 i
387 1605 495 41 arbetslöshetsbekämpande
907 1607 101 40 syfte.
1034 1608 255 39 Amorterings-
1313 1608 64 30 och
1401 1608 209 31 räntefrihet

105 1654 61 30 bör
192 1654 159 39 åtnjutas
376 1655 112 29 under
514 1656 56 30 två
596 1656 39 30 år
660 1657 64 29 och
750 1657 330 40 amorteringstiden
1107 1658 97 30 torde
1229 1658 84 31 böra
1338 1658 195 31 fastställas
1557 1659 52 31 till

105 1704 101 39 högst
241 1704 48 30 tio
326 1705 48 30 år.
410 1705 200 40 Inflytande
645 1708 253 38 amorteringar
923 1708 20 30 å
967 1717 47 20 nu
1039 1708 268 40 ifrågavarande
1331 1709 194 30 lånemedel
1548 1709 62 30 bör

103 1754 70 30 tills
200 1754 119 30 vidare
346 1755 151 30 tillföras
525 1756 337 31 fiskerilånefonden
890 1757 55 30 för
971 1759 51 29 att
1049 1758 180 30 användas
1257 1758 55 30 för
1339 1758 150 30 fondens
1516 1759 89 29 ordi-

103 1805 95 29 narie
226 1805 174 30 ändamål.
429 1807 13 28 I
470 1806 112 40 övrigt
609 1806 62 30 bör
698 1807 223 31 beträffande
949 1808 163 30 säkerhet
1138 1809 66 29 och
1232 1808 374 40 försäkringsskyldig-

103 1854 56 29 het
184 1857 91 27 samt
298 1855 230 40 utbetalning,
552 1857 212 39 amortering
788 1858 65 29 och
877 1858 222 39 uppsägning
1122 1868 42 20 av
1184 1858 105 30 lånen
1312 1859 91 39 gälla
1424 1859 183 30 föreskrif-

103 1906 60 35 ter,
193 1905 94 29 vilka
316 1905 10 29 i
356 1905 187 31 huvudsak
573 1909 195 27 motsvarar
799 1908 88 34 dem,
919 1917 75 21 som
1024 1908 107 40 enligt
1161 1909 234 39 kungörelsen
1427 1910 179 29 1957:340

101 1955 108 38 gäller
230 1955 57 29 vid
309 1955 160 40 utlåning
491 1956 80 30 från
593 1959 132 28 statens
746 1957 168 30 lånefond
936 1958 56 29 för
1013 1958 67 30 den
1102 1959 137 29 mindre
1262 1959 257 39 skeppsfarten.
1542 1960 63 29 Det

102 2005 98 29 torde
228 2004 37 30 få
293 2006 190 30 ankomma
510 2007 45 38 på
582 2008 126 38 Kungl.
739 2008 105 39 Maj:t
874 2010 51 28 att
953 2008 11 30 i
992 2009 236 39 huvudsaklig
1258 2010 347 29 överensstämmelse

106 2055 76 28 med
204 2056 65 29 vad
292 2065 72 21 som
386 2066 46 20 nu
455 2057 136 31 anförts
612 2059 159 29 meddela
791 2059 228 40 erforderliga
1039 2060 263 31 bestämmelser
1322 2061 10 29 i
1353 2062 147 28 ämnet.»

724 2196 60 32 VI.
808 2196 181 32 Utskottet

154 2273 7 27 I
188 2272 108 30 likhet
321 2273 77 28 med
423 2274 125 37 Kungl.
574 2275 104 38 Maj:t
703 2275 115 29 finner
842 2276 170 29 utskottet
1036 2277 56 28 det
1116 2277 180 38 angeläget
1318 2280 50 26 att
1392 2278 65 28 den
1482 2278 130 29 arbets-

113 2321 119 34 löshet,
256 2331 74 19 som
352 2322 67 29 kan
442 2324 125 28 väntas
589 2325 126 38 uppstå
737 2325 55 28 vid
815 2325 41 28 de
879 2326 149 28 svenska
1051 2326 215 34 småvarven,
1288 2327 44 38 på
1354 2327 60 28 allt
1436 2328 68 28 sätt
1525 2329 86 27 mot-

107 2372 134 28 verkas.
261 2373 129 28 Genom
413 2383 41 19 en
476 2373 241 39 förstärkning
738 2385 41 19 av
801 2375 356 31 fiskerilånefondens
1177 2386 157 19 resurser
1355 2377 127 39 skapas
1502 2377 110 30 förut-

109 2421 195 38 sättningar
328 2423 53 28 för
404 2423 111 29 ökade
540 2424 250 38 beställningar
814 2425 53 29 vid
894 2425 267 38 ifrågavarande
1186 2436 82 20 varv
1293 2426 53 30 för
1370 2436 72 19 om-
1464 2427 63 29 och
1552 2436 60 29 ny-
