1874 2790
423 161 390 30 Jordbruksutskottets
831 162 179 30 utlåtande
1026 171 42 20 nr
1083 164 41 28 22
1141 163 38 29 år
1199 164 84 29 1959
1589 165 19 30 5

103 249 48 27 ett
169 247 159 39 lämpligt
347 248 66 28 sätt
431 249 47 27 att
497 247 169 30 förbättra
685 247 176 29 fiskarnas
881 246 174 31 situation.
1074 248 70 29 Mot
1164 248 144 37 tidigare
1327 248 192 38 framlagda
1539 249 68 29 för-

104 289 73 40 slag
195 291 49 28 att
261 289 71 30 helt
350 289 129 29 ersätta
498 288 130 30 fonden
645 289 79 29 med
741 291 48 27 ett
807 288 112 40 dylikt
937 291 128 37 system
1084 289 89 30 hade
1192 290 136 29 anförts
1345 290 156 39 vägande
1520 291 85 30 skäl.

103 332 14 28 I
139 331 188 30 huvudsak
351 333 117 37 syntes
492 340 135 20 samma
651 331 75 29 skäl
750 331 122 29 kunna
898 330 168 40 åberopas
1089 334 73 27 mot
1185 341 42 20 en
1251 331 356 40 kreditgarantiverk-

104 373 135 30 samhet
259 373 59 29 vid
342 373 99 29 sidan
463 382 42 20 av
526 372 201 31 fondlånen.
752 373 154 31 Sålunda
927 373 97 30 torde
1047 373 66 30 den
1136 373 183 39 praktiska
1341 374 265 40 utformningen

104 416 90 30 stöta
213 415 45 39 på
278 414 224 40 svårigheter,
522 415 166 29 eftersom
706 434 44 3 —
769 415 115 30 såsom
905 415 251 30 statskontoret
1177 415 196 30 framhållit
1390 434 45 3 —
1454 416 57 30 det
1531 416 75 30 icke

103 457 105 31 borde
224 457 189 30 ankomma
429 456 44 40 på
488 457 76 29 icke
583 457 139 39 statliga
738 465 108 31 organ
862 459 50 27 att
927 457 142 30 handha
1085 457 96 40 dylik
1197 458 235 30 verksamhet.
1448 458 159 31 Bibehöl-

103 499 48 30 les
172 499 293 39 fondutlåningen
487 499 10 29 i
518 499 214 30 oförändrad
754 498 102 38 form,
878 499 111 30 skulle
1011 499 221 40 följaktligen
1254 499 235 31 låneärenden
1510 501 97 29 kom-

103 550 58 21 ma
183 543 49 28 att
253 541 192 30 behandlas
467 551 41 20 av
531 541 114 30 skilda
664 541 187 29 instanser.
872 541 40 39 Ej
936 541 108 29 heller
1065 541 97 30 torde
1185 542 57 29 det
1263 551 83 22 vara
1368 543 167 29 önskvärt
1557 545 49 27 att

105 583 54 30 för
185 592 136 21 samma
346 583 162 29 ändamål
535 583 221 39 tillämpades
782 585 48 27 ett
859 585 128 37 system
1012 583 79 30 med
1118 583 314 32 subventionerade
1457 584 70 37 lån,
1552 584 54 30 för

103 625 94 30 vilka
213 625 259 30 vederbörande
490 625 404 39 hushållningssällskap
911 626 82 29 eller
1010 625 178 40 landsting
1206 626 97 29 stode
1322 635 137 25 ansvar,
1476 627 65 29 och
1559 629 47 27 ett

103 667 75 30 icke
197 667 285 30 subventionerat
502 667 133 39 statligt
654 667 397 39 kreditgarantisystem.

148 709 74 30 Vad
248 708 233 40 utredningen
507 709 149 29 sålunda
680 709 158 34 anförde,
863 709 63 29 har
951 709 232 39 utredningen
1209 709 77 30 icke
1312 709 118 30 funnit
1455 710 76 30 skäl
1556 712 50 28 att

104 751 134 39 frångå.
257 751 239 39 Utredningen
513 751 59 29 vill
591 750 193 30 emellertid
803 751 151 39 tillägga,
973 753 49 27 att
1040 750 95 30 inom
1153 751 233 39 utredningen
1405 752 64 29 har
1488 752 119 30 disku-

103 795 118 31 terats,
243 792 175 30 huruvida
439 792 438 30 fondlåneverksamheten
899 793 61 30 bör
980 793 71 29 helt
1071 794 149 29 ersättas
1242 802 43 21 av
1305 795 48 28 ett
1376 796 129 36 system
1527 794 79 30 med

104 835 117 39 statlig
241 835 265 39 kreditgaranti.
528 834 161 31 Rörande
708 834 250 39 lämpligheten
980 844 41 20 av
1044 844 41 20 en
1107 835 96 39 dylik
1225 835 173 40 övergång
1419 836 64 30 har
1504 836 103 30 emel-

103 877 102 30 lertid
227 877 230 39 meningarna
478 877 88 29 varit
588 876 120 30 delade
729 877 64 29 och
816 876 117 39 slutlig
955 876 217 40 ståndpunkt
1193 877 11 29 i
1225 877 124 40 frågan
1371 878 64 29 har
1456 879 95 28 ännu
1573 878 30 38 ej

105 919 112 39 tagits.

486 1007 59 33 IV.
569 1007 196 33 Yttranden
787 1009 83 31 över
891 1007 181 32 motionen
1096 1008 49 32 II:
1158 1007 68 33 440

146 1097 260 29 Statskontoret
427 1097 64 29 har
512 1096 11 29 i
545 1096 59 30 sitt
626 1095 66 30 den
717 1096 37 29 17
777 1096 156 29 februari
957 1095 83 30 1959
1063 1095 237 39 dagtecknade
1323 1096 181 30 utlåtande
1526 1097 80 29 över

104 1146 177 30 motionen
300 1148 45 29 II:
363 1146 62 31 440
444 1146 280 40 huvudsakligen
744 1146 118 30 anfört
881 1146 167 40 följande.

148 1205 215 39 Spörsmålet
384 1214 56 20 om
464 1205 207 29 säkerheten
693 1205 55 30 för
770 1205 40 30 de
832 1205 68 34 lån,
924 1214 74 21 som
1023 1205 176 29 utlämnas
1221 1205 79 30 från
1323 1205 282 30 fiskerilånefon-

104 1247 77 35 den,
201 1247 65 30 har
287 1247 146 39 tidigare
454 1247 349 39 uppmärksammats
823 1247 10 29 i
853 1247 42 30 de
914 1247 57 29 vid
995 1247 81 29 1956
1098 1247 56 30 års
1175 1246 142 41 riksdag
1337 1248 125 31 väckta
1483 1247 122 30 motio-

104 1298 109 21 nerna
234 1290 28 29 1:
279 1289 63 30 378
364 1289 64 29 och
450 1290 44 29 II:
512 1289 73 30 311.
607 1290 12 29 I
642 1289 181 30 utlåtande
845 1290 81 28 över
947 1289 100 30 dessa
1068 1288 173 30 motioner
1267 1289 51 33 (se
1340 1290 189 30 utskottets
1553 1292 53 27 ut-

104 1331 140 30 låtande
269 1341 43 20 nr
338 1332 37 29 15
402 1341 25 20 s.
453 1331 103 34 3—4)
586 1331 166 29 framhöll
779 1331 252 29 statskontoret
1056 1330 44 29 bl.
1127 1340 40 26 a.,
1193 1332 50 28 att
1269 1330 335 41 låneförfattningen

103 1374 76 28 icke
200 1373 176 31 innehölle
397 1373 109 39 några
526 1373 222 30 föreskrifter
769 1382 56 20 om
849 1373 161 29 säkerhet
1033 1372 64 29 och
1119 1374 50 27 att
1193 1372 58 30 det
1272 1373 156 30 närmast
1450 1374 97 29 torde
1569 1373 36 30 få

104 1415 190 29 ankomma
315 1416 44 38 på
380 1414 319 32 låneförmedlarna
721 1416 50 28 att
792 1415 168 38 överväga
980 1413 124 40 frågan
1125 1423 57 20 om
1205 1414 171 30 säkerhet.
1399 1416 12 29 I
1433 1415 94 30 detta
1550 1424 55 20 av-

104 1457 124 29 seende
250 1456 156 30 uttalade
427 1457 105 29 också
553 1456 307 39 fiskeristyrelsen,
883 1458 50 27 att
952 1456 57 29 det
1028 1465 80 20 vore
1130 1455 179 39 naturligt,
1331 1458 48 27 att
1401 1456 204 30 förmedlar-

104 1508 45 20 na
167 1498 112 31 måste
300 1499 45 28 ha
365 1498 106 29 frihet
492 1500 50 28 att
560 1498 139 39 betinga
720 1498 50 38 sig
789 1498 66 29 den
876 1497 171 34 säkerhet,
1068 1506 73 21 som
1162 1497 41 29 de
1223 1497 119 30 funnit
1362 1497 242 40 betryggande.

104 1541 220 29 Motionerna
344 1540 203 30 föranledde
567 1540 76 30 icke
662 1540 114 39 någon
797 1539 132 40 åtgärd.

148 1583 131 29 Genom
301 1582 66 29 den
389 1591 46 20 nu
456 1582 125 29 väckta
603 1581 179 30 motionen
803 1582 65 29 har
889 1580 206 40 spörsmålet
1116 1590 56 20 om
1195 1581 163 29 säkerhet
1379 1581 87 39 ånyo
1487 1582 117 39 bragts

106 1624 110 30 under
239 1624 207 39 riksdagens
470 1623 172 40 prövning
667 1623 78 30 med
771 1623 57 30 det
855 1623 175 39 förslaget,
1056 1625 49 27 att
1130 1623 275 30 statsmakterna
1430 1624 95 30 skola
1550 1624 55 29 be-

105 1666 68 30 fria
191 1665 321 31 låneförmedlarna
532 1665 79 30 från
632 1665 253 34 förlustrisker,
908 1674 71 21 som
1001 1664 57 30 må
1078 1665 121 31 kunna
1219 1664 139 40 uppstå,
1379 1674 56 20 om
1457 1665 149 31 förmed-

104 1709 99 29 larna
227 1717 75 21 som
328 1708 161 29 säkerhet
513 1707 148 40 godtaga
685 1707 204 39 inteckning
912 1707 11 29 i
947 1707 49 29 till
1022 1706 235 40 betryggande
1282 1706 124 40 belopp
1431 1706 174 32 försäkrat

105 1749 221 40 fiskefartyg.
355 1750 49 28 Av
430 1749 179 30 motionen
636 1749 156 38 framgår
818 1749 86 36 icke,
930 1749 93 29 vilka
1052 1749 41 29 de
1121 1749 74 29 skäl
1225 1750 71 32 äro,
1324 1758 74 20 som
1426 1748 179 31 föranleda

103 1791 321 30 låneförmedlarna
447 1793 49 27 att
518 1791 76 30 icke
618 1800 73 20 som
715 1791 163 29 säkerhet
900 1790 148 39 godtaga
1070 1790 96 39 dylik
1189 1790 214 39 inteckning.
1427 1791 51 30 Då
1501 1791 103 39 enligt

103 1833 220 29 motionären
342 1833 287 30 erfarenheterna
649 1833 79 29 från
747 1832 279 30 hittillsvarande
1045 1832 293 39 låneförmedling
1356 1833 100 33 visat,
1476 1835 48 27 att
1546 1833 59 29 fis-

104 1876 111 28 karna
235 1876 94 28 skött
350 1875 75 29 sina
445 1875 56 29 lån
518 1875 44 37 på
580 1877 45 27 ett
643 1875 229 37 mönstergillt
892 1875 75 32 sätt,
986 1874 63 29 och
1068 1874 43 30 då
1130 1874 286 29 förlustriskerna
1435 1884 40 19 av
1495 1884 41 20 en
1555 1877 51 27 ut-

105 1917 116 37 låning
246 1919 72 27 mot
344 1917 158 29 säkerhet
527 1917 10 28 i
563 1917 199 35 inteckning
787 1916 361 38 erfarenhetsmässigt
1174 1916 166 29 bedömas
1368 1925 74 20 som
1469 1917 136 37 mycket

105 1959 86 34 små,
216 1959 71 29 kan
312 1958 339 29 låneförmedlarnas
676 1958 205 37 inställning
907 1957 50 30 till
985 1957 308 39 säkerhetsfrågan
1319 1959 33 27 te
1378 1957 50 38 sig
1453 1958 153 29 överras-

105 2000 125 29 kande.
254 2000 202 30 Emellertid
480 2000 69 29 kan
574 2000 250 29 statskontoret
847 1999 75 29 icke
946 1999 99 29 finna
1069 1999 66 29 vad
1158 1999 11 28 i
1193 1999 179 29 motionen
1397 1998 134 31 anförts
1553 2001 53 28 ut-

104 2043 82 37 göra
209 2042 209 38 tillräckliga
442 2042 74 29 skäl
542 2044 50 27 att
616 2041 122 40 frångå
761 2040 159 39 gällande
944 2043 128 37 system
1097 2040 223 30 beträffande
1344 2041 157 38 utlåning
1526 2041 77 30 från

105 2084 348 29 fiskerilånefonden.
478 2083 143 30 Erinras
644 2084 56 29 må
724 2083 55 28 för
802 2082 109 39 övrigt
936 2092 55 20 om
1016 2083 66 28 den
1106 2082 251 39 motsvarighet
1382 2083 50 29 till
1457 2083 147 30 låneför-

104 2126 199 29 medlarnas
327 2134 125 21 ansvar
475 2125 221 29 beträffande
721 2124 153 29 nämnda
898 2124 169 38 utlåning,
1093 2133 73 21 som
1191 2125 107 37 gäller
1322 2124 54 29 för
1398 2124 207 39 företagare-

106 2167 201 38 föreningar
328 2167 77 29 med
427 2167 169 29 avseende
617 2167 18 29 å
655 2167 57 29 lån
734 2166 78 29 från
835 2166 127 28 fonden
983 2166 53 28 för
1057 2166 56 29 lån
1135 2166 49 29 till
1208 2166 397 38 företagareföreningar

106 2218 44 21 m.
173 2209 36 29 fl.
233 2209 258 29 Statskontoret
514 2209 69 29 kan
607 2208 132 29 således
763 2208 75 30 icke
861 2206 99 31 finna
982 2207 177 29 motionen
1183 2208 82 30 böra
1290 2207 179 29 föranleda
1495 2208 109 38 någon

106 2250 132 39 åtgärd.

149 2317 13 29 I
184 2316 163 39 yttrande
371 2316 65 28 den
462 2316 37 29 13
524 2315 154 30 februari
703 2315 82 29 1959
808 2315 62 28 har
892 2314 294 39 fiskeristyrelsen
1212 2315 118 29 anfört
1354 2315 166 38 följande.

150 2374 77 29 Med
246 2373 202 29 nuvarande
466 2373 219 37 utformning
702 2382 41 20 av
761 2372 229 37 kungörelsen
1010 2372 63 28 den
1094 2373 15 28 7
1128 2372 139 38 augusti
1288 2373 81 28 1907
1394 2373 57 31 (nr
1469 2373 35 28 61
1528 2382 23 20 s.
1574 2373 29 34 1;

106 2415 159 39 omtryck
287 2416 186 33 112/1932;
495 2415 97 28 ändr.
613 2414 182 35 627/1937,
814 2413 184 34 313/1948,
1020 2414 178 35 160/1949,
1216 2414 191 35 240/1953)
1430 2414 176 38 angående

108 2457 153 29 ändrade
296 2457 263 29 bestämmelser
590 2456 147 29 rörande
771 2455 128 28 fonden
933 2455 53 28 för
1018 2455 313 39 fiskerinäringens
1366 2456 240 37 befrämjande
