1908 2818
275 175 21 29 4
717 177 263 28 Statsutskottets
1003 177 167 28 utlåtande
1192 177 45 28 Nr
1261 177 70 28 221.

278 250 152 31 normala
457 252 35 29 år
519 250 52 31 för
596 250 153 31 årstiden
775 249 144 42 vanliga.
959 249 252 42 Skogsbrukets
1239 248 335 32 arbetskraftsbehov
1601 258 102 31 synes
1730 249 47 29 så-

279 292 102 31 lunda
406 303 121 30 genom
551 292 40 31 de
616 292 161 41 vidtagna
800 292 201 41 åtgärderna
1024 292 43 31 ha
1090 292 131 32 kunnat
1244 291 108 31 under
1376 293 36 29 år
1437 291 77 30 1941
1540 289 202 42 tillgodoses
1767 289 10 30 i

279 335 134 30 relativt
437 334 319 31 tillfredsställande
780 334 242 41 utsträckning.
1057 334 104 31 Detta
1186 333 212 31 förhållande
1422 332 184 41 undergick
1629 331 72 31 icke
1724 333 53 29 nå-

279 387 65 30 gon
368 376 200 41 förändring
590 376 109 31 under
724 376 131 41 januari
880 376 64 31 och
967 376 149 31 februari
1142 376 89 30 1942.
1267 375 119 31 Under
1409 386 88 19 mars
1521 374 62 31 och
1607 373 87 42 april
1717 373 60 31 har

280 418 206 41 efterfrågan
505 420 41 39 på
565 418 207 31 arbetskraft
790 418 62 31 hos
874 418 66 31 den
960 418 179 41 offentliga
1158 417 365 41 arbetsförmedlingen
1543 416 78 31 ökat
1640 415 54 32 till
1714 426 63 20 om-

278 460 99 41 kring
396 461 93 37 3,000
509 471 84 20 man.

331 502 69 31 För
424 505 49 28 att
497 504 79 39 göra
601 502 59 31 det
683 502 133 41 möjligt
840 504 51 30 att
914 501 54 32 till
992 501 126 32 sådana
1143 501 169 38 områden,
1337 501 94 30 inom
1455 500 89 31 vilka
1570 500 58 32 det
1652 501 126 29 största

279 545 373 31 arbetskraftsbehovet
679 545 137 41 förelåg,
844 544 182 41 överflytta
1053 545 85 30 även
1166 554 85 21 ovan
1277 543 207 31 arbetskraft
1509 542 85 31 hava
1623 542 155 41 åtgärder

279 587 163 41 vidtagits
465 587 53 31 för
537 587 216 41 omskolning
772 598 40 20 av
831 586 214 32 arbetskraft.
1066 586 69 31 För
1155 585 195 41 utbildning
1370 596 41 20 av
1430 584 161 38 arbetare,
1612 594 74 21 som
1705 583 72 32 icke

280 629 84 41 ägde
386 640 87 20 vana
494 629 56 31 vid
572 629 359 41 skogsavverkningar,
954 628 84 31 hava
1060 628 184 31 anordnats
1267 639 25 20 s.
1315 627 30 31 k.
1368 626 258 42 huggarkurser.
1660 625 119 32 Under

280 672 94 31 tiden
395 672 67 31 den
483 673 15 29 1
518 672 132 41 januari
672 671 189 31 1941—den
880 672 41 30 30
941 670 85 42 april
1047 671 80 30 1942
1148 670 135 41 deltogo
1304 670 11 30 i
1336 669 127 31 sådana
1481 669 119 30 kurser
1618 679 160 20 samman-

280 714 69 41 lagt
367 714 113 37 13,900
497 724 171 31 personer.
697 713 177 41 Härjämte
891 713 86 31 hava
994 713 52 30 för
1062 711 272 42 tillgodoseende
1352 722 40 20 av
1409 710 368 32 verkstadsindustrins

280 756 111 31 behov
419 767 40 20 av
485 756 206 31 arbetskraft
716 755 183 31 anordnats
925 754 330 41 beredskapskurser
1280 754 54 30 för
1359 753 197 41 utbildning
1581 752 121 31 främst
1726 751 52 32 till

281 798 195 31 mekaniker
495 798 60 31 och
575 800 160 29 svetsare.
767 797 67 31 Till
855 797 200 41 deltagande
1075 796 11 31 i
1105 795 376 42 beredskapskurserna
1498 795 86 30 hava
1602 794 176 31 inskrivits

281 840 91 38 6,265
390 840 121 31 elever.

333 882 196 31 Härutöver
548 881 86 32 hava
655 881 167 32 särskilda
841 881 157 41 åtgärder
1018 880 163 41 vidtagits
1203 880 53 31 för
1275 878 218 42 utnyttjande
1514 889 40 21 av
1573 877 208 42 värnpliktig

282 924 205 32 arbetskraft
509 924 107 31 under
637 924 163 32 förstärkt
820 922 352 41 försvarsberedskap.
1205 922 76 31 Den
1302 921 227 42 värnpliktige
1550 920 65 32 kan
1638 920 142 31 sålunda

282 967 52 31 för
354 970 50 29 att
424 967 181 41 tillgodose
626 966 340 32 arbetsmarknadens
985 965 110 31 behov
1114 964 109 31 under
1242 963 90 32 olika
1351 962 284 42 förutsättningar
1654 961 127 32 erhålla

282 1008 412 42 mobiliseringsuppskov
726 1008 106 41 enligt
862 1007 413 42 uppskovskungörelsen,
1308 1006 148 32 anstånd
1485 1006 75 31 med
1591 1004 189 32 inställelse

283 1050 68 32 viss
377 1051 52 31 tid
454 1051 106 31 under
584 1050 191 42 beredskap
800 1049 83 32 eller
907 1048 315 43 hempermittering
1248 1048 53 31 för
1324 1048 117 41 längre
1467 1047 82 32 eller
1571 1047 135 31 kortare
1730 1046 50 31 tid

282 1094 192 41 respektive
496 1093 274 41 hemförlovning
791 1093 75 30 från
888 1092 173 42 pågående
1082 1090 450 42 beredskapstjänstgöring.

333 1136 223 31 Beträffande
593 1135 442 40 arbetslöshetsläget
1069 1134 110 31 under
1213 1133 57 31 det
1294 1135 116 29 senast
1433 1132 165 31 förflutna
1622 1133 72 29 året
1716 1131 65 31 kan

282 1179 224 37 konstateras,
524 1181 47 28 att
588 1189 41 20 en
646 1178 70 31 viss
733 1177 250 41 återhämtning
998 1178 56 39 ägt
1069 1187 74 20 rum
1159 1176 92 30 inom
1268 1175 40 31 de
1325 1173 455 43 sysselsättningsområden,

284 1232 71 20 som
374 1221 110 31 under
502 1221 55 31 det
576 1221 109 30 första
704 1222 71 29 året
792 1220 87 31 efter
896 1219 263 41 krigsutbrottet
1178 1217 190 31 drabbades
1388 1228 40 19 av
1446 1216 79 37 kris,
1545 1216 121 31 främst
1682 1215 100 41 bygg-

283 1263 344 32 nadsverksamheten
647 1262 64 31 och
729 1262 77 31 dess
825 1260 351 32 materialindustrier.
1207 1259 121 31 Denna
1347 1257 250 41 återhämtning
1615 1259 167 40 återspeg-

283 1306 49 31 las
351 1306 11 30 i
380 1306 42 31 de
439 1305 54 31 till
510 1306 128 30 statens
657 1301 521 34 arbetsmarknadskommission
1193 1300 239 32 inkommande
1449 1302 221 39 rapporterna
1686 1301 96 40 angå-

284 1348 85 31 ende
390 1346 295 42 nyanställningar
707 1346 62 31 och
790 1344 263 41 entlediganden
1074 1343 110 32 under
1205 1345 36 29 år
1262 1343 90 37 1941,
1374 1353 101 21 varav
1496 1343 154 41 framgår,
1673 1344 50 29 att
1742 1361 41 3 —

283 1390 149 32 bortsett
457 1390 74 30 från
556 1399 154 31 gruppen
736 1387 265 41 malmbrytning
1026 1386 61 31 och
1114 1385 276 38 metallindustri,
1417 1395 73 21 som
1515 1384 200 32 redovisade
1741 1395 41 20 en

284 1432 127 41 ökning
429 1432 11 31 i
459 1430 126 32 antalet
602 1429 217 43 nyanställda
836 1429 78 31 med
932 1429 89 37 7,861
1038 1447 43 4 —
1096 1427 395 42 byggnadsverksamhet
1509 1428 86 30 samt
1615 1426 88 42 jord-
1721 1426 62 31 och

284 1474 228 32 stenindustri
532 1473 78 32 ökat
630 1475 88 29 mest
738 1472 82 32 eller
839 1471 78 32 med
937 1470 190 42 respektive
1148 1471 92 37 3,801
1262 1470 62 31 och
1346 1469 92 38 1,363
1458 1468 177 32 anställda.
1657 1468 126 31 Minsk-

283 1517 82 41 ning
399 1517 12 30 i
445 1516 127 31 antalet
596 1515 202 42 sysselsatta
821 1513 175 32 redovisas
1021 1513 120 31 endast
1165 1513 53 31 för
1241 1512 113 38 läder-,
1379 1511 72 31 hår-
1477 1511 62 31 och
1562 1511 221 41 gummivaru-

284 1559 149 32 industri
454 1558 76 32 med
550 1558 61 31 696
633 1557 176 32 anställda.

336 1601 142 32 Antalet
507 1599 240 42 rapporterade
776 1597 247 43 hjälpsökande
1053 1597 190 31 arbetslösa
1272 1596 159 41 utgjorde
1460 1595 108 32 under
1596 1597 37 29 år
1664 1595 77 32 1941
1773 1595 11 30 i

285 1643 209 42 genomsnitt
512 1642 111 38 22,219
643 1644 72 29 mot
733 1642 108 37 13,367
861 1642 37 30 år
916 1640 88 31 1940.
1033 1639 76 32 Den
1127 1639 136 31 relativt
1280 1639 88 41 höga
1386 1638 122 31 siffran
1526 1638 53 31 för
1596 1639 37 30 år
1650 1638 79 30 1941
1748 1639 37 29 är

284 1685 272 42 huvudsakligen
571 1684 159 32 bestämd
746 1695 39 20 av
801 1683 58 31 det
875 1682 109 32 under
999 1683 89 30 årets
1105 1681 92 31 förra
1214 1681 55 31 del
1285 1683 91 29 ännu
1392 1680 161 41 tämligen
1570 1682 94 30 stora
1678 1679 105 42 hjälp-

283 1729 156 31 behovet.
473 1726 283 32 Arbetslösheten
777 1726 92 30 inom
890 1723 271 33 fackförbunden
1181 1723 91 31 visar
1292 1733 42 21 en
1355 1722 93 41 lägre
1469 1721 242 42 procentsiffra
1731 1722 53 30 för

286 1773 36 29 år
340 1771 80 31 1941
441 1772 42 29 än
502 1770 52 30 för
574 1771 37 29 år
630 1769 83 31 1940
731 1768 81 31 eller
831 1768 67 30 11.3
920 1768 70 30 mot
1011 1767 78 31 11.3.
1119 1765 70 31 Vid
1207 1766 170 40 utgången
1396 1775 41 20 av
1456 1775 87 20 mars
1561 1764 124 31 månad
1704 1764 79 31 1942

285 1812 159 42 utgjorde
469 1810 236 33 motsvarande
730 1810 47 31 tal
802 1810 67 30 11.3
897 1810 148 40 procent,
1071 1807 107 32 vilket
1202 1809 36 29 är
1263 1807 65 31 den
1353 1806 110 41 lägsta
1487 1806 199 37 marssiffra,
1712 1816 72 21 som

285 1856 152 30 noterats
458 1854 85 30 efter
562 1853 89 31 1920.
672 1853 69 30 Det
758 1851 209 32 förbättrade
987 1851 89 41 läget
1094 1850 93 31 inom
1205 1848 351 42 byggnadsindustrin
1575 1847 208 42 återspeglas

284 1896 125 41 jämväl
429 1896 11 31 i
460 1896 161 30 siffrorna
641 1895 75 30 från
736 1893 278 32 fackförbunden.
1046 1891 285 32 Arbetslösheten
1350 1891 94 31 inom
1462 1889 322 43 byggnadsträarbe-

285 1938 239 31 tarförbundet
546 1937 159 41 utgjorde
728 1936 11 30 i
762 1947 87 20 mars
874 1935 80 31 1941
978 1935 68 30 47.0
1071 1936 72 29 mot
1165 1934 68 31 39.3
1259 1936 49 29 ett
1330 1935 37 29 år
1390 1943 127 21 senare.
1552 1932 69 31 För
1642 1942 142 21 murare-

285 1980 187 32 förbundet
491 1990 80 21 voro
593 1978 237 32 motsvarande
852 1977 119 32 siffror
991 1977 67 31 58.5
1082 1976 63 31 och
1166 1976 81 31 48.3.

338 2023 143 31 Liksom
500 2021 107 32 under
624 2023 37 29 år
679 2020 80 31 1940
775 2030 58 21 var
850 2021 86 29 även
953 2018 107 32 under
1076 2020 38 29 år
1132 2018 79 31 1941
1231 2028 40 20 en
1290 2016 134 42 mycket
1441 2019 71 29 stor
1527 2019 142 39 procent
1685 2027 42 20 av
1743 2015 41 32 de

286 2065 190 32 arbetslösa
508 2067 49 29 att
588 2063 97 31 finna
717 2063 12 30 i
761 2061 232 32 storstäderna
1014 2062 87 29 samt
1123 2059 195 42 Göteborgs
1340 2059 63 31 och
1427 2059 118 31 Bohus
1568 2058 63 32 och
1652 2058 133 31 Väster-

286 2107 181 32 norrlands
486 2106 63 31 län.
579 2106 53 30 Av
650 2104 127 32 antalet
794 2103 247 42 hjälpsökande
1059 2102 135 31 kommo
1214 2101 107 32 under
1340 2103 37 29 år
1396 2101 79 31 1941
1495 2100 67 32 45.2
1584 2102 141 40 procent
1742 2101 43 40 på

286 2150 161 31 städerna
465 2147 206 38 Stockholm,
690 2146 175 41 Göteborg
882 2145 63 32 och
962 2144 135 32 Malmö.
1128 2144 106 31 Detta
1249 2143 97 33 torde
1364 2143 263 41 sammanhänga
1643 2142 76 32 med
1736 2144 49 29 att

287 2192 40 31 de
350 2203 41 20 av
413 2191 115 31 krisen
549 2189 141 32 hårdast
712 2188 171 32 drabbade
906 2187 182 32 områdena
1109 2188 59 30 äro
1190 2185 265 32 koncentrerade
1477 2184 53 31 till
1553 2183 232 33 storstäderna

286 2233 62 32 och
371 2236 51 29 att
444 2232 246 42 överflyttning
711 2242 40 20 av
773 2230 206 32 arbetskraft
1000 2230 74 30 från
1096 2228 234 32 storstäderna
1351 2227 54 31 till
1426 2226 251 32 bristområden
1699 2226 86 31 med-

287 2276 67 31 fört
370 2277 111 30 större
497 2274 210 42 svårigheter
723 2275 41 29 än
780 2275 44 39 på
839 2273 106 31 andra
960 2272 77 31 håll.
1055 2271 77 32 Den
1148 2270 223 32 kvarstående
1388 2269 273 32 arbetslösheten
1677 2269 11 30 i
1704 2271 81 29 stor-

286 2318 161 31 städerna
471 2317 95 31 torde
591 2317 54 31 till
671 2327 42 20 en
737 2315 132 42 mycket
893 2316 73 30 stor
990 2314 54 31 del
1069 2313 143 31 omfatta
1236 2311 342 43 byggnadsarbetare,
1603 2311 116 31 varför
1742 2312 44 29 åt-

287 2360 121 41 gärder
427 2359 54 31 för
499 2359 85 31 ökad
603 2356 395 44 byggnadsverksamhet
1015 2356 97 31 torde
1131 2355 134 31 komma
1283 2356 49 30 att
1351 2354 12 31 i
1381 2353 70 42 hög
1469 2353 82 42 grad
1569 2352 133 32 minska
1721 2352 64 32 den

288 2404 52 30 för
355 2401 209 33 närvarande
580 2401 91 41 höga
686 2399 272 33 arbetslösheten
974 2399 11 30 i
1003 2398 147 31 nämnda
1166 2397 122 32 städer.

338 2445 77 31 Vad
451 2444 102 41 angår
588 2443 66 31 den
690 2441 176 33 sannolika
892 2440 237 42 utvecklingen
1155 2441 45 40 på
1224 2438 321 32 arbetsmarknaden
1570 2437 62 32 har
1656 2439 129 29 statens

287 2485 521 34 arbetsmarknadskommission
828 2484 85 41 givit
933 2482 133 42 uttryck
1085 2482 54 31 för
1159 2481 66 32 den
1245 2480 273 43 uppfattningen,
1538 2482 51 29 att
1607 2480 11 31 i
1638 2479 148 32 fortsätt-
