<?xml version="1.0" encoding="UTF-8"?>
<alto xmlns="http://www.loc.gov/standards/alto/ns-v3#" xmlns:xlink="http://www.w3.org/1999/xlink" xmlns:xsi="http://www.w3.org/2001/XMLSchema-instance" xsi:schemaLocation="http://www.loc.gov/standards/alto/ns-v3# http://www.loc.gov/alto/v3/alto-3-0.xsd">
	<Description>
		<MeasurementUnit>pixel</MeasurementUnit>
		<sourceImageInformation>
			<fileName>/tmp/tess__w6nx6lc_input.PNG</fileName>
		</sourceImageInformation>
		<OCRProcessing ID="OCR_0">
			<ocrProcessingStep>
				<processingSoftware>
					<softwareName>tesseract 5.3.0</softwareName>
				</processingSoftware>
			</ocrProcessingStep>
		</OCRProcessing>
	</Description>
	<Layout>
		<Page WIDTH="2203" HEIGHT="2695" PHYSICAL_IMG_NR="0" ID="page_0">
			<PrintSpace HPOS="0" VPOS="0" WIDTH="2203" HEIGHT="2695">
				<ComposedBlock ID="cblock_0" HPOS="380" VPOS="206" WIDTH="1362" HEIGHT="42">
					<TextBlock ID="block_0" HPOS="380" VPOS="206" WIDTH="1362" HEIGHT="42">
						<TextLine ID="line_0" HPOS="380" VPOS="206" WIDTH="1362" HEIGHT="42">
							<String ID="string_0" HPOS="380" VPOS="209" WIDTH="39" HEIGHT="31" WC="0.95" CONTENT="12"/><SP WIDTH="172" VPOS="209" HPOS="419"/>
							<String ID="string_1" HPOS="591" VPOS="210" WIDTH="108" HEIGHT="29" WC="0.95" CONTENT="Första"/><SP WIDTH="22" VPOS="210" HPOS="699"/>
							<String ID="string_2" HPOS="721" VPOS="210" WIDTH="193" HEIGHT="29" WC="0.96" CONTENT="Kammarens"/><SP WIDTH="25" VPOS="210" HPOS="914"/>
							<String ID="string_3" HPOS="939" VPOS="208" WIDTH="164" HEIGHT="38" WC="0.93" CONTENT="Tillfälliga"/><SP WIDTH="28" VPOS="208" HPOS="1103"/>
							<String ID="string_4" HPOS="1131" VPOS="208" WIDTH="123" HEIGHT="30" WC="0.92" CONTENT="Utskotts"/><SP WIDTH="24" VPOS="208" HPOS="1254"/>
							<String ID="string_5" HPOS="1278" VPOS="206" WIDTH="71" HEIGHT="42" WC="0.96" CONTENT="(N:o"/><SP WIDTH="23" VPOS="206" HPOS="1349"/>
							<String ID="string_6" HPOS="1372" VPOS="208" WIDTH="34" HEIGHT="36" WC="0.96" CONTENT="2)"/><SP WIDTH="28" VPOS="208" HPOS="1406"/>
							<String ID="string_7" HPOS="1434" VPOS="206" WIDTH="152" HEIGHT="31" WC="0.96" CONTENT="Utlåtande"/><SP WIDTH="23" VPOS="206" HPOS="1586"/>
							<String ID="string_8" HPOS="1609" VPOS="207" WIDTH="57" HEIGHT="30" WC="0.95" CONTENT="N:o"/><SP WIDTH="24" VPOS="207" HPOS="1666"/>
							<String ID="string_9" HPOS="1690" VPOS="207" WIDTH="52" HEIGHT="30" WC="0.96" CONTENT="22."/>
						</TextLine>
					</TextBlock>
				</ComposedBlock>
				<ComposedBlock ID="cblock_1" HPOS="372" VPOS="285" WIDTH="1609" HEIGHT="2056">
					<TextBlock ID="block_1" HPOS="378" VPOS="285" WIDTH="1599" HEIGHT="218">
						<TextLine ID="line_1" HPOS="379" VPOS="285" WIDTH="1596" HEIGHT="55">
							<String ID="string_10" HPOS="379" VPOS="292" WIDTH="103" HEIGHT="36" WC="0.95" CONTENT="dessa"/><SP WIDTH="28" VPOS="292" HPOS="482"/>
							<String ID="string_11" HPOS="510" VPOS="304" WIDTH="138" HEIGHT="36" WC="0.96" CONTENT="vagnar"/><SP WIDTH="28" VPOS="304" HPOS="648"/>
							<String ID="string_12" HPOS="676" VPOS="291" WIDTH="256" HEIGHT="45" WC="0.95" CONTENT="tillsammans,"/><SP WIDTH="29" VPOS="291" HPOS="932"/>
							<String ID="string_13" HPOS="961" VPOS="294" WIDTH="87" HEIGHT="32" WC="0.96" CONTENT="utan"/><SP WIDTH="29" VPOS="294" HPOS="1048"/>
							<String ID="string_14" HPOS="1077" VPOS="290" WIDTH="112" HEIGHT="48" WC="0.96" CONTENT="gingo"/><SP WIDTH="30" VPOS="290" HPOS="1189"/>
							<String ID="string_15" HPOS="1219" VPOS="288" WIDTH="44" HEIGHT="37" WC="0.96" CONTENT="de"/><SP WIDTH="30" VPOS="288" HPOS="1263"/>
							<String ID="string_16" HPOS="1293" VPOS="287" WIDTH="103" HEIGHT="39" WC="0.93" CONTENT="öfver"/><SP WIDTH="24" VPOS="287" HPOS="1396"/>
							<String ID="string_17" HPOS="1420" VPOS="286" WIDTH="236" HEIGHT="50" WC="0.91" CONTENT="hinderpålen"/><SP WIDTH="32" VPOS="286" HPOS="1656"/>
							<String ID="string_18" HPOS="1688" VPOS="287" WIDTH="11" HEIGHT="36" WC="0.96" CONTENT="i"/><SP WIDTH="26" VPOS="287" HPOS="1699"/>
							<String ID="string_19" HPOS="1725" VPOS="299" WIDTH="109" HEIGHT="24" WC="0.96" CONTENT="norra"/><SP WIDTH="20" VPOS="299" HPOS="1834"/>
							<String ID="string_20" HPOS="1854" VPOS="285" WIDTH="121" HEIGHT="38" WC="0.96" CONTENT="ändan"/>
						</TextLine>
						<TextLine ID="line_2" HPOS="379" VPOS="341" WIDTH="1598" HEIGHT="54">
							<String ID="string_21" HPOS="379" VPOS="344" WIDTH="40" HEIGHT="38" WC="0.94" CONTENT="af"/><SP WIDTH="31" VPOS="344" HPOS="419"/>
							<String ID="string_22" HPOS="450" VPOS="344" WIDTH="222" HEIGHT="50" WC="0.92" CONTENT="bangården."/><SP WIDTH="57" VPOS="344" HPOS="672"/>
							<String ID="string_23" HPOS="729" VPOS="345" WIDTH="155" HEIGHT="50" WC="0.91" CONTENT="Företog"/><SP WIDTH="34" VPOS="345" HPOS="884"/>
							<String ID="string_24" HPOS="918" VPOS="344" WIDTH="37" HEIGHT="37" WC="0.96" CONTENT="så"/><SP WIDTH="27" VPOS="344" HPOS="955"/>
							<String ID="string_25" HPOS="982" VPOS="344" WIDTH="180" HEIGHT="50" WC="0.96" CONTENT="koppling"/><SP WIDTH="29" VPOS="344" HPOS="1162"/>
							<String ID="string_26" HPOS="1191" VPOS="346" WIDTH="45" HEIGHT="47" WC="0.96" CONTENT="på"/><SP WIDTH="30" VPOS="346" HPOS="1236"/>
							<String ID="string_27" HPOS="1266" VPOS="345" WIDTH="21" HEIGHT="36" WC="0.96" CONTENT="4"/><SP WIDTH="30" VPOS="345" HPOS="1287"/>
							<String ID="string_28" HPOS="1317" VPOS="343" WIDTH="138" HEIGHT="37" WC="0.92" CONTENT="ställen."/><SP WIDTH="57" VPOS="343" HPOS="1455"/>
							<String ID="string_29" HPOS="1512" VPOS="342" WIDTH="118" HEIGHT="37" WC="0.47" CONTENT="Sedan"/><SP WIDTH="30" VPOS="342" HPOS="1630"/>
							<String ID="string_30" HPOS="1660" VPOS="341" WIDTH="223" HEIGHT="50" WC="0.96" CONTENT="kopplingen"/><SP WIDTH="29" VPOS="341" HPOS="1883"/>
							<String ID="string_31" HPOS="1912" VPOS="353" WIDTH="65" HEIGHT="25" WC="0.96" CONTENT="var"/>
						</TextLine>
						<TextLine ID="line_3" HPOS="378" VPOS="394" WIDTH="1599" HEIGHT="54">
							<String ID="string_32" HPOS="378" VPOS="400" WIDTH="213" HEIGHT="46" WC="0.95" CONTENT="verkställd,"/><SP WIDTH="46" VPOS="400" HPOS="591"/>
							<String ID="string_33" HPOS="637" VPOS="400" WIDTH="142" HEIGHT="36" WC="0.95" CONTENT="visades"/><SP WIDTH="41" VPOS="400" HPOS="779"/>
							<String ID="string_34" HPOS="820" VPOS="401" WIDTH="103" HEIGHT="35" WC="0.96" CONTENT="sakta"/><SP WIDTH="29" VPOS="401" HPOS="923"/>
							<String ID="string_35" HPOS="952" VPOS="398" WIDTH="147" HEIGHT="46" WC="0.96" CONTENT="framåt,"/><SP WIDTH="31" VPOS="398" HPOS="1099"/>
							<String ID="string_36" HPOS="1130" VPOS="399" WIDTH="92" HEIGHT="49" WC="0.96" CONTENT="drog"/><SP WIDTH="29" VPOS="399" HPOS="1222"/>
							<String ID="string_37" HPOS="1251" VPOS="397" WIDTH="96" HEIGHT="37" WC="0.95" CONTENT="fram"/><SP WIDTH="31" VPOS="397" HPOS="1347"/>
							<String ID="string_38" HPOS="1378" VPOS="396" WIDTH="153" HEIGHT="51" WC="0.95" CONTENT="ungefär"/><SP WIDTH="28" VPOS="396" HPOS="1531"/>
							<String ID="string_39" HPOS="1559" VPOS="410" WIDTH="44" HEIGHT="23" WC="0.96" CONTENT="en"/><SP WIDTH="29" VPOS="410" HPOS="1603"/>
							<String ID="string_40" HPOS="1632" VPOS="397" WIDTH="79" HEIGHT="36" WC="0.92" CONTENT="half"/><SP WIDTH="27" VPOS="397" HPOS="1711"/>
							<String ID="string_41" HPOS="1738" VPOS="394" WIDTH="239" HEIGHT="51" WC="0.91" CONTENT="vagnslängd,"/>
						</TextLine>
						<TextLine ID="line_4" HPOS="379" VPOS="447" WIDTH="1574" HEIGHT="56">
							<String ID="string_42" HPOS="379" VPOS="453" WIDTH="187" HEIGHT="38" WC="0.96" CONTENT="hvarefter"/><SP WIDTH="28" VPOS="453" HPOS="566"/>
							<String ID="string_43" HPOS="594" VPOS="454" WIDTH="142" HEIGHT="36" WC="0.96" CONTENT="visades"/><SP WIDTH="29" VPOS="454" HPOS="736"/>
							<String ID="string_44" HPOS="765" VPOS="460" WIDTH="116" HEIGHT="43" WC="0.96" CONTENT="stopp."/><SP WIDTH="1064" VPOS="460" HPOS="881"/>
							<String ID="string_45" HPOS="1945" VPOS="447" WIDTH="8" HEIGHT="10" WC="0.35" CONTENT="i"/>
						</TextLine>
					</TextBlock>
					<TextBlock ID="block_2" HPOS="378" VPOS="501" WIDTH="1603" HEIGHT="1019">
						<TextLine ID="line_5" HPOS="486" VPOS="501" WIDTH="1491" HEIGHT="58">
							<String ID="string_46" HPOS="486" VPOS="507" WIDTH="60" HEIGHT="38" WC="0.96" CONTENT="Nu"/><SP WIDTH="40" VPOS="507" HPOS="546"/>
							<String ID="string_47" HPOS="586" VPOS="510" WIDTH="63" HEIGHT="49" WC="0.96" CONTENT="gaf"/><SP WIDTH="28" VPOS="510" HPOS="649"/>
							<String ID="string_48" HPOS="677" VPOS="507" WIDTH="62" HEIGHT="51" WC="0.96" CONTENT="tåg"/><SP WIDTH="28" VPOS="507" HPOS="739"/>
							<String ID="string_49" HPOS="767" VPOS="522" WIDTH="58" HEIGHT="23" WC="0.95" CONTENT="n:o"/><SP WIDTH="30" VPOS="522" HPOS="825"/>
							<String ID="string_50" HPOS="855" VPOS="510" WIDTH="49" HEIGHT="36" WC="0.96" CONTENT="40"/><SP WIDTH="30" VPOS="510" HPOS="904"/>
							<String ID="string_51" HPOS="934" VPOS="508" WIDTH="128" HEIGHT="49" WC="0.96" CONTENT="signal,"/><SP WIDTH="30" VPOS="508" HPOS="1062"/>
							<String ID="string_52" HPOS="1092" VPOS="520" WIDTH="84" HEIGHT="23" WC="0.96" CONTENT="men"/><SP WIDTH="27" VPOS="520" HPOS="1176"/>
							<String ID="string_53" HPOS="1203" VPOS="506" WIDTH="73" HEIGHT="37" WC="0.96" CONTENT="fick"/><SP WIDTH="29" VPOS="506" HPOS="1276"/>
							<String ID="string_54" HPOS="1305" VPOS="511" WIDTH="129" HEIGHT="32" WC="0.96" CONTENT="stanna"/><SP WIDTH="28" VPOS="511" HPOS="1434"/>
							<String ID="string_55" HPOS="1462" VPOS="506" WIDTH="149" HEIGHT="36" WC="0.93" CONTENT="utanför"/><SP WIDTH="27" VPOS="506" HPOS="1611"/>
							<String ID="string_56" HPOS="1638" VPOS="503" WIDTH="214" HEIGHT="38" WC="0.88" CONTENT="semaforen."/><SP WIDTH="49" VPOS="503" HPOS="1852"/>
							<String ID="string_57" HPOS="1901" VPOS="501" WIDTH="76" HEIGHT="39" WC="0.95" CONTENT="När"/>
						</TextLine>
						<TextLine ID="line_6" HPOS="378" VPOS="556" WIDTH="1600" HEIGHT="57">
							<String ID="string_58" HPOS="378" VPOS="577" WIDTH="52" HEIGHT="23" WC="0.94" CONTENT="nu"/><SP WIDTH="43" VPOS="577" HPOS="430"/>
							<String ID="string_59" HPOS="473" VPOS="563" WIDTH="63" HEIGHT="50" WC="0.96" CONTENT="tåg"/><SP WIDTH="41" VPOS="563" HPOS="536"/>
							<String ID="string_60" HPOS="577" VPOS="577" WIDTH="57" HEIGHT="23" WC="0.95" CONTENT="n:o"/><SP WIDTH="31" VPOS="577" HPOS="634"/>
							<String ID="string_61" HPOS="665" VPOS="565" WIDTH="48" HEIGHT="36" WC="0.96" CONTENT="40"/><SP WIDTH="30" VPOS="565" HPOS="713"/>
							<String ID="string_62" HPOS="743" VPOS="562" WIDTH="66" HEIGHT="51" WC="0.96" CONTENT="gaf"/><SP WIDTH="21" VPOS="562" HPOS="809"/>
							<String ID="string_63" HPOS="830" VPOS="563" WIDTH="129" HEIGHT="50" WC="0.96" CONTENT="signal,"/><SP WIDTH="28" VPOS="563" HPOS="959"/>
							<String ID="string_64" HPOS="987" VPOS="562" WIDTH="163" HEIGHT="49" WC="0.96" CONTENT="springer"/><SP WIDTH="28" VPOS="562" HPOS="1150"/>
							<String ID="string_65" HPOS="1178" VPOS="561" WIDTH="130" HEIGHT="36" WC="0.96" CONTENT="Möller"/><SP WIDTH="28" VPOS="561" HPOS="1308"/>
							<String ID="string_66" HPOS="1336" VPOS="560" WIDTH="118" HEIGHT="37" WC="0.96" CONTENT="under"/><SP WIDTH="29" VPOS="560" HPOS="1454"/>
							<String ID="string_67" HPOS="1483" VPOS="572" WIDTH="184" HEIGHT="38" WC="0.96" CONTENT="vagnarna"/><SP WIDTH="28" VPOS="572" HPOS="1667"/>
							<String ID="string_68" HPOS="1695" VPOS="571" WIDTH="77" HEIGHT="24" WC="0.96" CONTENT="som"/><SP WIDTH="28" VPOS="571" HPOS="1772"/>
							<String ID="string_69" HPOS="1800" VPOS="558" WIDTH="102" HEIGHT="37" WC="0.96" CONTENT="stodo"/><SP WIDTH="29" VPOS="558" HPOS="1902"/>
							<String ID="string_70" HPOS="1931" VPOS="556" WIDTH="47" HEIGHT="50" WC="0.96" CONTENT="på"/>
						</TextLine>
						<TextLine ID="line_7" HPOS="379" VPOS="613" WIDTH="1597" HEIGHT="55">
							<String ID="string_71" HPOS="379" VPOS="620" WIDTH="83" HEIGHT="48" WC="0.96" CONTENT="spår"/><SP WIDTH="28" VPOS="620" HPOS="462"/>
							<String ID="string_72" HPOS="490" VPOS="631" WIDTH="58" HEIGHT="24" WC="0.96" CONTENT="n:o"/><SP WIDTH="33" VPOS="631" HPOS="548"/>
							<String ID="string_73" HPOS="581" VPOS="620" WIDTH="32" HEIGHT="42" WC="0.93" CONTENT="6,"/><SP WIDTH="28" VPOS="620" HPOS="613"/>
							<String ID="string_74" HPOS="641" VPOS="617" WIDTH="218" HEIGHT="50" WC="0.91" CONTENT="afkopplade"/><SP WIDTH="30" VPOS="617" HPOS="859"/>
							<String ID="string_75" HPOS="889" VPOS="617" WIDTH="44" HEIGHT="37" WC="0.97" CONTENT="de"/><SP WIDTH="29" VPOS="617" HPOS="933"/>
							<String ID="string_76" HPOS="962" VPOS="630" WIDTH="151" HEIGHT="36" WC="0.96" CONTENT="vagnar,"/><SP WIDTH="30" VPOS="630" HPOS="1113"/>
							<String ID="string_77" HPOS="1143" VPOS="629" WIDTH="79" HEIGHT="23" WC="0.96" CONTENT="som"/><SP WIDTH="29" VPOS="629" HPOS="1222"/>
							<String ID="string_78" HPOS="1251" VPOS="616" WIDTH="121" HEIGHT="36" WC="0.96" CONTENT="skulle"/><SP WIDTH="28" VPOS="616" HPOS="1372"/>
							<String ID="string_79" HPOS="1400" VPOS="616" WIDTH="169" HEIGHT="36" WC="0.96" CONTENT="fortsätta"/><SP WIDTH="28" VPOS="616" HPOS="1569"/>
							<String ID="string_80" HPOS="1597" VPOS="613" WIDTH="91" HEIGHT="39" WC="0.96" CONTENT="med"/><SP WIDTH="17" VPOS="613" HPOS="1688"/>
							<String ID="string_81" HPOS="1705" VPOS="615" WIDTH="61" HEIGHT="48" WC="0.96" CONTENT="tåg"/><SP WIDTH="18" VPOS="615" HPOS="1766"/>
							<String ID="string_82" HPOS="1784" VPOS="626" WIDTH="57" HEIGHT="23" WC="0.96" CONTENT="n:o"/><SP WIDTH="22" VPOS="626" HPOS="1841"/>
							<String ID="string_83" HPOS="1863" VPOS="614" WIDTH="113" HEIGHT="44" WC="0.96" CONTENT="1401,"/>
						</TextLine>
						<TextLine ID="line_8" HPOS="379" VPOS="668" WIDTH="1599" HEIGHT="54">
							<String ID="string_84" HPOS="379" VPOS="673" WIDTH="142" HEIGHT="37" WC="0.93" CONTENT="hvilket"/><SP WIDTH="41" VPOS="673" HPOS="521"/>
							<String ID="string_85" HPOS="562" VPOS="672" WIDTH="104" HEIGHT="50" WC="0.91" CONTENT="afgår"/><SP WIDTH="43" VPOS="672" HPOS="666"/>
							<String ID="string_86" HPOS="709" VPOS="673" WIDTH="51" HEIGHT="37" WC="0.95" CONTENT="kl."/><SP WIDTH="36" VPOS="673" HPOS="760"/>
							<String ID="string_87" HPOS="796" VPOS="674" WIDTH="87" HEIGHT="36" WC="0.91" CONTENT="3.15"/><SP WIDTH="37" VPOS="674" HPOS="883"/>
							<String ID="string_88" HPOS="920" VPOS="684" WIDTH="27" HEIGHT="24" WC="0.90" CONTENT="e"/><SP WIDTH="30" VPOS="684" HPOS="947"/>
							<String ID="string_89" HPOS="977" VPOS="685" WIDTH="48" HEIGHT="23" WC="0.91" CONTENT="m."/><SP WIDTH="57" VPOS="685" HPOS="1025"/>
							<String ID="string_90" HPOS="1082" VPOS="671" WIDTH="197" HEIGHT="36" WC="0.82" CONTENT="Fortsätter"/><SP WIDTH="27" VPOS="671" HPOS="1279"/>
							<String ID="string_91" HPOS="1306" VPOS="670" WIDTH="39" HEIGHT="37" WC="0.96" CONTENT="så"/><SP WIDTH="27" VPOS="670" HPOS="1345"/>
							<String ID="string_92" HPOS="1372" VPOS="670" WIDTH="219" HEIGHT="49" WC="0.96" CONTENT="springande"/><SP WIDTH="27" VPOS="670" HPOS="1591"/>
							<String ID="string_93" HPOS="1618" VPOS="669" WIDTH="60" HEIGHT="36" WC="0.96" CONTENT="till"/><SP WIDTH="28" VPOS="669" HPOS="1678"/>
							<String ID="string_94" HPOS="1706" VPOS="668" WIDTH="104" HEIGHT="36" WC="0.93" CONTENT="södra"/><SP WIDTH="28" VPOS="668" HPOS="1810"/>
							<String ID="string_95" HPOS="1838" VPOS="672" WIDTH="140" HEIGHT="31" WC="0.91" CONTENT="vatten-"/>
						</TextLine>
						<TextLine ID="line_9" HPOS="379" VPOS="721" WIDTH="1600" HEIGHT="52">
							<String ID="string_96" HPOS="379" VPOS="729" WIDTH="179" HEIGHT="42" WC="0.89" CONTENT="kastaren,"/><SP WIDTH="30" VPOS="729" HPOS="558"/>
							<String ID="string_97" HPOS="588" VPOS="728" WIDTH="66" HEIGHT="34" WC="0.96" CONTENT="där"/><SP WIDTH="29" VPOS="728" HPOS="654"/>
							<String ID="string_98" HPOS="683" VPOS="727" WIDTH="70" HEIGHT="35" WC="0.96" CONTENT="han"/><SP WIDTH="29" VPOS="727" HPOS="753"/>
							<String ID="string_99" HPOS="782" VPOS="727" WIDTH="68" HEIGHT="35" WC="0.96" CONTENT="har"/><SP WIDTH="30" VPOS="727" HPOS="850"/>
							<String ID="string_100" HPOS="880" VPOS="729" WIDTH="19" HEIGHT="33" WC="0.95" CONTENT="2"/><SP WIDTH="32" VPOS="729" HPOS="899"/>
							<String ID="string_101" HPOS="931" VPOS="727" WIDTH="131" HEIGHT="35" WC="0.96" CONTENT="växlar"/><SP WIDTH="30" VPOS="727" HPOS="1062"/>
							<String ID="string_102" HPOS="1092" VPOS="729" WIDTH="54" HEIGHT="32" WC="0.96" CONTENT="att"/><SP WIDTH="27" VPOS="729" HPOS="1146"/>
							<String ID="string_103" HPOS="1173" VPOS="726" WIDTH="221" HEIGHT="47" WC="0.96" CONTENT="inspektera,"/><SP WIDTH="29" VPOS="726" HPOS="1394"/>
							<String ID="string_104" HPOS="1423" VPOS="728" WIDTH="95" HEIGHT="31" WC="0.96" CONTENT="samt"/><SP WIDTH="29" VPOS="728" HPOS="1518"/>
							<String ID="string_105" HPOS="1547" VPOS="723" WIDTH="126" HEIGHT="48" WC="0.96" CONTENT="gjorde"/><SP WIDTH="25" VPOS="723" HPOS="1673"/>
							<String ID="string_106" HPOS="1698" VPOS="723" WIDTH="111" HEIGHT="42" WC="0.96" CONTENT="detta,"/><SP WIDTH="19" VPOS="723" HPOS="1809"/>
							<String ID="string_107" HPOS="1828" VPOS="721" WIDTH="69" HEIGHT="36" WC="0.96" CONTENT="och"/><SP WIDTH="19" VPOS="721" HPOS="1897"/>
							<String ID="string_108" HPOS="1916" VPOS="723" WIDTH="63" HEIGHT="46" WC="0.96" CONTENT="såg"/>
						</TextLine>
						<TextLine ID="line_10" HPOS="380" VPOS="775" WIDTH="1598" HEIGHT="55">
							<String ID="string_109" HPOS="380" VPOS="781" WIDTH="92" HEIGHT="36" WC="0.96" CONTENT="efter"/><SP WIDTH="28" VPOS="781" HPOS="472"/>
							<String ID="string_110" HPOS="500" VPOS="785" WIDTH="55" HEIGHT="32" WC="0.96" CONTENT="att"/><SP WIDTH="28" VPOS="785" HPOS="555"/>
							<String ID="string_111" HPOS="583" VPOS="780" WIDTH="172" HEIGHT="37" WC="0.96" CONTENT="bommen"/><SP WIDTH="29" VPOS="780" HPOS="755"/>
							<String ID="string_112" HPOS="784" VPOS="779" WIDTH="62" HEIGHT="51" WC="0.96" CONTENT="låg"/><SP WIDTH="28" VPOS="779" HPOS="846"/>
							<String ID="string_113" HPOS="874" VPOS="778" WIDTH="57" HEIGHT="38" WC="0.95" CONTENT="för"/><SP WIDTH="27" VPOS="778" HPOS="931"/>
							<String ID="string_114" HPOS="958" VPOS="779" WIDTH="59" HEIGHT="36" WC="0.93" CONTENT="till"/><SP WIDTH="28" VPOS="779" HPOS="1017"/>
							<String ID="string_115" HPOS="1045" VPOS="778" WIDTH="46" HEIGHT="38" WC="0.89" CONTENT="H."/><SP WIDTH="32" VPOS="778" HPOS="1091"/>
							<String ID="string_116" HPOS="1123" VPOS="777" WIDTH="44" HEIGHT="38" WC="0.92" CONTENT="N."/><SP WIDTH="20" VPOS="777" HPOS="1167"/>
							<String ID="string_117" HPOS="1187" VPOS="777" WIDTH="172" HEIGHT="51" WC="0.69" CONTENT="J-spåret."/><SP WIDTH="43" VPOS="777" HPOS="1359"/>
							<String ID="string_118" HPOS="1402" VPOS="776" WIDTH="56" HEIGHT="38" WC="0.96" CONTENT="Då"/><SP WIDTH="19" VPOS="776" HPOS="1458"/>
							<String ID="string_119" HPOS="1477" VPOS="776" WIDTH="63" HEIGHT="51" WC="0.94" CONTENT="såg"/><SP WIDTH="17" VPOS="776" HPOS="1540"/>
							<String ID="string_120" HPOS="1557" VPOS="777" WIDTH="149" HEIGHT="44" WC="0.96" CONTENT="Möller,"/><SP WIDTH="21" VPOS="777" HPOS="1706"/>
							<String ID="string_121" HPOS="1727" VPOS="777" WIDTH="54" HEIGHT="35" WC="0.96" CONTENT="att"/><SP WIDTH="20" VPOS="777" HPOS="1781"/>
							<String ID="string_122" HPOS="1801" VPOS="775" WIDTH="177" HEIGHT="37" WC="0.96" CONTENT="Karlsson"/>
						</TextLine>
						<TextLine ID="line_11" HPOS="381" VPOS="830" WIDTH="1598" HEIGHT="54">
							<String ID="string_123" HPOS="381" VPOS="836" WIDTH="85" HEIGHT="35" WC="0.96" CONTENT="kom"/><SP WIDTH="28" VPOS="836" HPOS="466"/>
							<String ID="string_124" HPOS="494" VPOS="835" WIDTH="219" HEIGHT="49" WC="0.95" CONTENT="springande"/><SP WIDTH="29" VPOS="835" HPOS="713"/>
							<String ID="string_125" HPOS="742" VPOS="834" WIDTH="67" HEIGHT="37" WC="0.96" CONTENT="och"/><SP WIDTH="29" VPOS="834" HPOS="809"/>
							<String ID="string_126" HPOS="838" VPOS="834" WIDTH="131" HEIGHT="36" WC="0.96" CONTENT="ställde"/><SP WIDTH="29" VPOS="834" HPOS="969"/>
							<String ID="string_127" HPOS="998" VPOS="834" WIDTH="55" HEIGHT="48" WC="0.95" CONTENT="sig"/><SP WIDTH="28" VPOS="834" HPOS="1053"/>
							<String ID="string_128" HPOS="1081" VPOS="833" WIDTH="63" HEIGHT="37" WC="0.93" CONTENT="vid"/><SP WIDTH="28" VPOS="833" HPOS="1144"/>
							<String ID="string_129" HPOS="1172" VPOS="833" WIDTH="263" HEIGHT="50" WC="0.91" CONTENT="olycksväxeln"/><SP WIDTH="24" VPOS="833" HPOS="1435"/>
							<String ID="string_130" HPOS="1459" VPOS="845" WIDTH="58" HEIGHT="23" WC="0.96" CONTENT="n:o"/><SP WIDTH="21" VPOS="845" HPOS="1517"/>
							<String ID="string_131" HPOS="1538" VPOS="834" WIDTH="20" HEIGHT="35" WC="0.96" CONTENT="2"/><SP WIDTH="24" VPOS="834" HPOS="1558"/>
							<String ID="string_132" HPOS="1582" VPOS="831" WIDTH="67" HEIGHT="36" WC="0.96" CONTENT="och"/><SP WIDTH="15" VPOS="831" HPOS="1649"/>
							<String ID="string_133" HPOS="1664" VPOS="831" WIDTH="93" HEIGHT="36" WC="0.96" CONTENT="hade"/><SP WIDTH="19" VPOS="831" HPOS="1757"/>
							<String ID="string_134" HPOS="1776" VPOS="830" WIDTH="70" HEIGHT="36" WC="0.96" CONTENT="den"/><SP WIDTH="19" VPOS="830" HPOS="1846"/>
							<String ID="string_135" HPOS="1865" VPOS="835" WIDTH="114" HEIGHT="43" WC="0.96" CONTENT="gröna"/>
						</TextLine>
						<TextLine ID="line_12" HPOS="381" VPOS="884" WIDTH="1598" HEIGHT="54">
							<String ID="string_136" HPOS="381" VPOS="890" WIDTH="145" HEIGHT="48" WC="0.96" CONTENT="flaggan"/><SP WIDTH="43" VPOS="890" HPOS="526"/>
							<String ID="string_137" HPOS="569" VPOS="890" WIDTH="12" HEIGHT="34" WC="0.95" CONTENT="i"/><SP WIDTH="43" VPOS="890" HPOS="581"/>
							<String ID="string_138" HPOS="624" VPOS="889" WIDTH="153" HEIGHT="36" WC="0.94" CONTENT="handen."/><SP WIDTH="56" VPOS="889" HPOS="777"/>
							<String ID="string_139" HPOS="833" VPOS="887" WIDTH="74" HEIGHT="38" WC="0.96" CONTENT="När"/><SP WIDTH="28" VPOS="887" HPOS="907"/>
							<String ID="string_140" HPOS="935" VPOS="901" WIDTH="51" HEIGHT="23" WC="0.96" CONTENT="nu"/><SP WIDTH="28" VPOS="901" HPOS="986"/>
							<String ID="string_141" HPOS="1014" VPOS="888" WIDTH="133" HEIGHT="36" WC="0.95" CONTENT="Möller"/><SP WIDTH="28" VPOS="888" HPOS="1147"/>
							<String ID="string_142" HPOS="1175" VPOS="886" WIDTH="73" HEIGHT="50" WC="0.96" CONTENT="såg,"/><SP WIDTH="31" VPOS="886" HPOS="1248"/>
							<String ID="string_143" HPOS="1279" VPOS="891" WIDTH="54" HEIGHT="32" WC="0.96" CONTENT="att"/><SP WIDTH="28" VPOS="891" HPOS="1333"/>
							<String ID="string_144" HPOS="1361" VPOS="886" WIDTH="172" HEIGHT="36" WC="0.96" CONTENT="Karlsson"/><SP WIDTH="29" VPOS="886" HPOS="1533"/>
							<String ID="string_145" HPOS="1562" VPOS="885" WIDTH="80" HEIGHT="36" WC="0.96" CONTENT="stod"/><SP WIDTH="24" VPOS="885" HPOS="1642"/>
							<String ID="string_146" HPOS="1666" VPOS="884" WIDTH="61" HEIGHT="36" WC="0.95" CONTENT="vid"/><SP WIDTH="28" VPOS="884" HPOS="1727"/>
							<String ID="string_147" HPOS="1755" VPOS="884" WIDTH="135" HEIGHT="37" WC="0.95" CONTENT="växeln"/><SP WIDTH="28" VPOS="884" HPOS="1890"/>
							<String ID="string_148" HPOS="1918" VPOS="896" WIDTH="61" HEIGHT="23" WC="0.96" CONTENT="n:o"/>
						</TextLine>
						<TextLine ID="line_13" HPOS="383" VPOS="936" WIDTH="1598" HEIGHT="55">
							<String ID="string_149" HPOS="383" VPOS="946" WIDTH="33" HEIGHT="43" WC="0.95" CONTENT="2,"/><SP WIDTH="40" VPOS="946" HPOS="416"/>
							<String ID="string_150" HPOS="456" VPOS="944" WIDTH="125" HEIGHT="35" WC="0.96" CONTENT="räckte"/><SP WIDTH="41" VPOS="944" HPOS="581"/>
							<String ID="string_151" HPOS="622" VPOS="943" WIDTH="70" HEIGHT="36" WC="0.96" CONTENT="han"/><SP WIDTH="42" VPOS="943" HPOS="692"/>
							<String ID="string_152" HPOS="734" VPOS="943" WIDTH="138" HEIGHT="48" WC="0.96" CONTENT="hastigt"/><SP WIDTH="42" VPOS="943" HPOS="872"/>
							<String ID="string_153" HPOS="914" VPOS="948" WIDTH="41" HEIGHT="30" WC="0.96" CONTENT="ut"/><SP WIDTH="33" VPOS="948" HPOS="955"/>
							<String ID="string_154" HPOS="988" VPOS="955" WIDTH="125" HEIGHT="23" WC="0.95" CONTENT="armen"/><SP WIDTH="31" VPOS="955" HPOS="1113"/>
							<String ID="string_155" HPOS="1144" VPOS="944" WIDTH="19" HEIGHT="34" WC="0.96" CONTENT="2"/><SP WIDTH="29" VPOS="944" HPOS="1163"/>
							<String ID="string_156" HPOS="1192" VPOS="944" WIDTH="145" HEIGHT="47" WC="0.93" CONTENT="gånger,"/><SP WIDTH="29" VPOS="944" HPOS="1337"/>
							<String ID="string_157" HPOS="1366" VPOS="954" WIDTH="25" HEIGHT="23" WC="0.92" CONTENT="s."/><SP WIDTH="32" VPOS="954" HPOS="1391"/>
							<String ID="string_158" HPOS="1423" VPOS="941" WIDTH="34" HEIGHT="36" WC="0.89" CONTENT="k."/><SP WIDTH="29" VPOS="941" HPOS="1457"/>
							<String ID="string_159" HPOS="1486" VPOS="939" WIDTH="231" HEIGHT="50" WC="0.91" CONTENT="klartsignal,"/><SP WIDTH="29" VPOS="939" HPOS="1717"/>
							<String ID="string_160" HPOS="1746" VPOS="938" WIDTH="12" HEIGHT="35" WC="0.92" CONTENT="i"/><SP WIDTH="29" VPOS="938" HPOS="1758"/>
							<String ID="string_161" HPOS="1787" VPOS="936" WIDTH="111" HEIGHT="38" WC="0.92" CONTENT="afsikt"/><SP WIDTH="28" VPOS="936" HPOS="1898"/>
							<String ID="string_162" HPOS="1926" VPOS="942" WIDTH="55" HEIGHT="31" WC="0.96" CONTENT="att"/>
						</TextLine>
						<TextLine ID="line_14" HPOS="380" VPOS="991" WIDTH="1601" HEIGHT="53">
							<String ID="string_163" HPOS="380" VPOS="998" WIDTH="111" HEIGHT="36" WC="0.96" CONTENT="sedan"/><SP WIDTH="28" VPOS="998" HPOS="491"/>
							<String ID="string_164" HPOS="519" VPOS="996" WIDTH="169" HEIGHT="38" WC="0.96" CONTENT="fortsätta"/><SP WIDTH="28" VPOS="996" HPOS="688"/>
							<String ID="string_165" HPOS="716" VPOS="1002" WIDTH="43" HEIGHT="31" WC="0.96" CONTENT="ut"/><SP WIDTH="27" VPOS="1002" HPOS="759"/>
							<String ID="string_166" HPOS="786" VPOS="998" WIDTH="60" HEIGHT="35" WC="0.96" CONTENT="till"/><SP WIDTH="28" VPOS="998" HPOS="846"/>
							<String ID="string_167" HPOS="874" VPOS="997" WIDTH="135" HEIGHT="36" WC="0.96" CONTENT="växeln"/><SP WIDTH="29" VPOS="997" HPOS="1009"/>
							<String ID="string_168" HPOS="1038" VPOS="1009" WIDTH="60" HEIGHT="23" WC="0.96" CONTENT="n:o"/><SP WIDTH="30" VPOS="1009" HPOS="1098"/>
							<String ID="string_169" HPOS="1128" VPOS="998" WIDTH="20" HEIGHT="34" WC="0.95" CONTENT="2"/><SP WIDTH="32" VPOS="998" HPOS="1148"/>
							<String ID="string_170" HPOS="1180" VPOS="996" WIDTH="67" HEIGHT="35" WC="0.95" CONTENT="och"/><SP WIDTH="19" VPOS="996" HPOS="1247"/>
							<String ID="string_171" HPOS="1266" VPOS="996" WIDTH="208" HEIGHT="48" WC="0.95" CONTENT="inspektera"/><SP WIDTH="20" VPOS="996" HPOS="1474"/>
							<String ID="string_172" HPOS="1494" VPOS="994" WIDTH="129" HEIGHT="45" WC="0.95" CONTENT="denna,"/><SP WIDTH="19" VPOS="994" HPOS="1623"/>
							<String ID="string_173" HPOS="1642" VPOS="993" WIDTH="140" HEIGHT="37" WC="0.96" CONTENT="hvilket"/><SP WIDTH="20" VPOS="993" HPOS="1782"/>
							<String ID="string_174" HPOS="1802" VPOS="992" WIDTH="70" HEIGHT="36" WC="0.96" CONTENT="han"/><SP WIDTH="20" VPOS="992" HPOS="1872"/>
							<String ID="string_175" HPOS="1892" VPOS="991" WIDTH="89" HEIGHT="50" WC="0.96" CONTENT="godt"/>
						</TextLine>
						<TextLine ID="line_15" HPOS="380" VPOS="1045" WIDTH="1601" HEIGHT="56">
							<String ID="string_176" HPOS="380" VPOS="1052" WIDTH="136" HEIGHT="36" WC="0.96" CONTENT="hunnit"/><SP WIDTH="27" VPOS="1052" HPOS="516"/>
							<String ID="string_177" HPOS="543" VPOS="1052" WIDTH="94" HEIGHT="45" WC="0.95" CONTENT="med,"/><SP WIDTH="32" VPOS="1052" HPOS="637"/>
							<String ID="string_178" HPOS="669" VPOS="1052" WIDTH="76" HEIGHT="36" WC="0.96" CONTENT="tills"/><SP WIDTH="27" VPOS="1052" HPOS="745"/>
							<String ID="string_179" HPOS="772" VPOS="1050" WIDTH="100" HEIGHT="51" WC="0.96" CONTENT="tåget"/><SP WIDTH="29" VPOS="1050" HPOS="872"/>
							<String ID="string_180" HPOS="901" VPOS="1051" WIDTH="127" HEIGHT="36" WC="0.96" CONTENT="hinner"/><SP WIDTH="28" VPOS="1051" HPOS="1028"/>
							<String ID="string_181" HPOS="1056" VPOS="1050" WIDTH="64" HEIGHT="43" WC="0.96" CONTENT="dit,"/><SP WIDTH="28" VPOS="1050" HPOS="1120"/>
							<String ID="string_182" HPOS="1148" VPOS="1051" WIDTH="12" HEIGHT="34" WC="0.96" CONTENT="i"/><SP WIDTH="29" VPOS="1051" HPOS="1160"/>
							<String ID="string_183" HPOS="1189" VPOS="1050" WIDTH="150" HEIGHT="49" WC="0.96" CONTENT="vanliga"/><SP WIDTH="27" VPOS="1050" HPOS="1339"/>
							<String ID="string_184" HPOS="1366" VPOS="1047" WIDTH="78" HEIGHT="47" WC="0.96" CONTENT="fall,"/><SP WIDTH="29" VPOS="1047" HPOS="1444"/>
							<String ID="string_185" HPOS="1473" VPOS="1061" WIDTH="84" HEIGHT="24" WC="0.95" CONTENT="men"/><SP WIDTH="20" VPOS="1061" HPOS="1557"/>
							<String ID="string_186" HPOS="1577" VPOS="1048" WIDTH="73" HEIGHT="36" WC="0.96" CONTENT="fick"/><SP WIDTH="20" VPOS="1048" HPOS="1650"/>
							<String ID="string_187" HPOS="1670" VPOS="1047" WIDTH="132" HEIGHT="36" WC="0.96" CONTENT="Möller"/><SP WIDTH="19" VPOS="1047" HPOS="1802"/>
							<String ID="string_188" HPOS="1821" VPOS="1047" WIDTH="31" HEIGHT="48" WC="0.96" CONTENT="ej"/><SP WIDTH="18" VPOS="1047" HPOS="1852"/>
							<String ID="string_189" HPOS="1870" VPOS="1045" WIDTH="111" HEIGHT="49" WC="0.96" CONTENT="något"/>
						</TextLine>
						<TextLine ID="line_16" HPOS="381" VPOS="1101" WIDTH="1600" HEIGHT="53">
							<String ID="string_190" HPOS="381" VPOS="1119" WIDTH="80" HEIGHT="24" WC="0.96" CONTENT="svar"/><SP WIDTH="36" VPOS="1119" HPOS="461"/>
							<String ID="string_191" HPOS="497" VPOS="1105" WIDTH="80" HEIGHT="37" WC="0.96" CONTENT="från"/><SP WIDTH="43" VPOS="1105" HPOS="577"/>
							<String ID="string_192" HPOS="620" VPOS="1106" WIDTH="89" HEIGHT="36" WC="0.95" CONTENT="sting"/><SP WIDTH="31" VPOS="1106" HPOS="709"/>
							<String ID="string_193" HPOS="740" VPOS="1105" WIDTH="46" HEIGHT="49" WC="0.96" CONTENT="på"/><SP WIDTH="34" VPOS="1105" HPOS="786"/>
							<String ID="string_194" HPOS="820" VPOS="1107" WIDTH="53" HEIGHT="34" WC="0.89" CONTENT="sin"/><SP WIDTH="30" VPOS="1107" HPOS="873"/>
							<String ID="string_195" HPOS="903" VPOS="1105" WIDTH="230" HEIGHT="49" WC="0.91" CONTENT="klartsignal,"/><SP WIDTH="28" VPOS="1105" HPOS="1133"/>
							<String ID="string_196" HPOS="1161" VPOS="1110" WIDTH="90" HEIGHT="30" WC="0.96" CONTENT="utan"/><SP WIDTH="28" VPOS="1110" HPOS="1251"/>
							<String ID="string_197" HPOS="1279" VPOS="1104" WIDTH="135" HEIGHT="36" WC="0.96" CONTENT="vänder"/><SP WIDTH="28" VPOS="1104" HPOS="1414"/>
							<String ID="string_198" HPOS="1442" VPOS="1104" WIDTH="73" HEIGHT="35" WC="0.96" CONTENT="han"/><SP WIDTH="29" VPOS="1104" HPOS="1515"/>
							<String ID="string_199" HPOS="1544" VPOS="1103" WIDTH="54" HEIGHT="49" WC="0.96" CONTENT="sig"/><SP WIDTH="28" VPOS="1103" HPOS="1598"/>
							<String ID="string_200" HPOS="1626" VPOS="1115" WIDTH="72" HEIGHT="30" WC="0.95" CONTENT="om,"/><SP WIDTH="29" VPOS="1115" HPOS="1698"/>
							<String ID="string_201" HPOS="1727" VPOS="1102" WIDTH="57" HEIGHT="35" WC="0.95" CONTENT="för"/><SP WIDTH="29" VPOS="1102" HPOS="1784"/>
							<String ID="string_202" HPOS="1813" VPOS="1106" WIDTH="54" HEIGHT="30" WC="0.93" CONTENT="att"/><SP WIDTH="29" VPOS="1106" HPOS="1867"/>
							<String ID="string_203" HPOS="1896" VPOS="1101" WIDTH="85" HEIGHT="35" WC="0.92" CONTENT="fort-"/>
						</TextLine>
						<TextLine ID="line_17" HPOS="383" VPOS="1155" WIDTH="1595" HEIGHT="52">
							<String ID="string_204" HPOS="383" VPOS="1163" WIDTH="93" HEIGHT="34" WC="0.92" CONTENT="sätta"/><SP WIDTH="33" VPOS="1163" HPOS="476"/>
							<String ID="string_205" HPOS="509" VPOS="1165" WIDTH="42" HEIGHT="31" WC="0.96" CONTENT="ut"/><SP WIDTH="28" VPOS="1165" HPOS="551"/>
							<String ID="string_206" HPOS="579" VPOS="1161" WIDTH="59" HEIGHT="35" WC="0.96" CONTENT="till"/><SP WIDTH="30" VPOS="1161" HPOS="638"/>
							<String ID="string_207" HPOS="668" VPOS="1161" WIDTH="131" HEIGHT="36" WC="0.96" CONTENT="växeln"/><SP WIDTH="28" VPOS="1161" HPOS="799"/>
							<String ID="string_208" HPOS="827" VPOS="1173" WIDTH="58" HEIGHT="22" WC="0.95" CONTENT="n:o"/><SP WIDTH="32" VPOS="1173" HPOS="885"/>
							<String ID="string_209" HPOS="917" VPOS="1162" WIDTH="19" HEIGHT="34" WC="0.95" CONTENT="2"/><SP WIDTH="31" VPOS="1162" HPOS="936"/>
							<String ID="string_210" HPOS="967" VPOS="1159" WIDTH="68" HEIGHT="36" WC="0.96" CONTENT="och"/><SP WIDTH="28" VPOS="1159" HPOS="1035"/>
							<String ID="string_211" HPOS="1063" VPOS="1159" WIDTH="209" HEIGHT="48" WC="0.96" CONTENT="inspektera"/><SP WIDTH="29" VPOS="1159" HPOS="1272"/>
							<String ID="string_212" HPOS="1301" VPOS="1158" WIDTH="129" HEIGHT="45" WC="0.96" CONTENT="denna,"/><SP WIDTH="31" VPOS="1158" HPOS="1430"/>
							<String ID="string_213" HPOS="1461" VPOS="1158" WIDTH="58" HEIGHT="35" WC="0.96" CONTENT="för"/><SP WIDTH="28" VPOS="1158" HPOS="1519"/>
							<String ID="string_214" HPOS="1547" VPOS="1162" WIDTH="55" HEIGHT="30" WC="0.96" CONTENT="att"/><SP WIDTH="28" VPOS="1162" HPOS="1602"/>
							<String ID="string_215" HPOS="1630" VPOS="1157" WIDTH="107" HEIGHT="35" WC="0.96" CONTENT="sedan"/><SP WIDTH="25" VPOS="1157" HPOS="1737"/>
							<String ID="string_216" HPOS="1762" VPOS="1155" WIDTH="216" HEIGHT="49" WC="0.95" CONTENT="ytterligare"/>
						</TextLine>
						<TextLine ID="line_18" HPOS="380" VPOS="1209" WIDTH="1598" HEIGHT="52">
							<String ID="string_217" HPOS="380" VPOS="1215" WIDTH="77" HEIGHT="36" WC="0.96" CONTENT="visa"/><SP WIDTH="28" VPOS="1215" HPOS="457"/>
							<String ID="string_218" HPOS="485" VPOS="1214" WIDTH="108" HEIGHT="35" WC="0.96" CONTENT="klart."/><SP WIDTH="56" VPOS="1214" HPOS="593"/>
							<String ID="string_219" HPOS="649" VPOS="1214" WIDTH="83" HEIGHT="36" WC="0.96" CONTENT="Men"/><SP WIDTH="29" VPOS="1214" HPOS="732"/>
							<String ID="string_220" HPOS="761" VPOS="1220" WIDTH="66" HEIGHT="28" WC="0.95" CONTENT="när"/><SP WIDTH="28" VPOS="1220" HPOS="827"/>
							<String ID="string_221" HPOS="855" VPOS="1214" WIDTH="131" HEIGHT="35" WC="0.95" CONTENT="Möller"/><SP WIDTH="28" VPOS="1214" HPOS="986"/>
							<String ID="string_222" HPOS="1014" VPOS="1213" WIDTH="137" HEIGHT="36" WC="0.96" CONTENT="vänder"/><SP WIDTH="24" VPOS="1213" HPOS="1151"/>
							<String ID="string_223" HPOS="1175" VPOS="1213" WIDTH="53" HEIGHT="48" WC="0.96" CONTENT="sig"/><SP WIDTH="29" VPOS="1213" HPOS="1228"/>
							<String ID="string_224" HPOS="1257" VPOS="1225" WIDTH="60" HEIGHT="23" WC="0.96" CONTENT="om"/><SP WIDTH="29" VPOS="1225" HPOS="1317"/>
							<String ID="string_225" HPOS="1346" VPOS="1210" WIDTH="59" HEIGHT="37" WC="0.96" CONTENT="för"/><SP WIDTH="28" VPOS="1210" HPOS="1405"/>
							<String ID="string_226" HPOS="1433" VPOS="1216" WIDTH="52" HEIGHT="31" WC="0.92" CONTENT="att"/><SP WIDTH="28" VPOS="1216" HPOS="1485"/>
							<String ID="string_227" HPOS="1513" VPOS="1212" WIDTH="169" HEIGHT="34" WC="0.92" CONTENT="fortsätta"/><SP WIDTH="28" VPOS="1212" HPOS="1682"/>
							<String ID="string_228" HPOS="1710" VPOS="1215" WIDTH="40" HEIGHT="30" WC="0.96" CONTENT="ut"/><SP WIDTH="18" VPOS="1215" HPOS="1750"/>
							<String ID="string_229" HPOS="1768" VPOS="1209" WIDTH="58" HEIGHT="36" WC="0.96" CONTENT="till"/><SP WIDTH="19" VPOS="1209" HPOS="1826"/>
							<String ID="string_230" HPOS="1845" VPOS="1209" WIDTH="133" HEIGHT="36" WC="0.96" CONTENT="växeln"/>
						</TextLine>
						<TextLine ID="line_19" HPOS="380" VPOS="1262" WIDTH="1596" HEIGHT="54">
							<String ID="string_231" HPOS="380" VPOS="1281" WIDTH="58" HEIGHT="23" WC="0.95" CONTENT="n:o"/><SP WIDTH="45" VPOS="1281" HPOS="438"/>
							<String ID="string_232" HPOS="483" VPOS="1271" WIDTH="33" HEIGHT="41" WC="0.96" CONTENT="2,"/><SP WIDTH="44" VPOS="1271" HPOS="516"/>
							<String ID="string_233" HPOS="560" VPOS="1267" WIDTH="161" HEIGHT="37" WC="0.96" CONTENT="brakade"/><SP WIDTH="28" VPOS="1267" HPOS="721"/>
							<String ID="string_234" HPOS="749" VPOS="1269" WIDTH="79" HEIGHT="46" WC="0.96" CONTENT="just"/><SP WIDTH="28" VPOS="1269" HPOS="828"/>
							<String ID="string_235" HPOS="856" VPOS="1269" WIDTH="107" HEIGHT="47" WC="0.96" CONTENT="tågen"/><SP WIDTH="29" VPOS="1269" HPOS="963"/>
							<String ID="string_236" HPOS="992" VPOS="1267" WIDTH="224" HEIGHT="36" WC="0.95" CONTENT="tillsamman"/><SP WIDTH="31" VPOS="1267" HPOS="1216"/>
							<String ID="string_237" HPOS="1247" VPOS="1265" WIDTH="45" HEIGHT="50" WC="0.95" CONTENT="på"/><SP WIDTH="27" VPOS="1265" HPOS="1292"/>
							<String ID="string_238" HPOS="1319" VPOS="1264" WIDTH="79" HEIGHT="50" WC="0.95" CONTENT="spår"/><SP WIDTH="27" VPOS="1264" HPOS="1398"/>
							<String ID="string_239" HPOS="1425" VPOS="1279" WIDTH="59" HEIGHT="22" WC="0.95" CONTENT="n:o"/><SP WIDTH="32" VPOS="1279" HPOS="1484"/>
							<String ID="string_240" HPOS="1516" VPOS="1266" WIDTH="32" HEIGHT="43" WC="0.96" CONTENT="6,"/><SP WIDTH="24" VPOS="1266" HPOS="1548"/>
							<String ID="string_241" HPOS="1572" VPOS="1265" WIDTH="63" HEIGHT="35" WC="0.93" CONTENT="där"/><SP WIDTH="28" VPOS="1265" HPOS="1635"/>
							<String ID="string_242" HPOS="1663" VPOS="1262" WIDTH="190" HEIGHT="50" WC="0.92" CONTENT="godståget"/><SP WIDTH="29" VPOS="1262" HPOS="1853"/>
							<String ID="string_243" HPOS="1882" VPOS="1262" WIDTH="94" HEIGHT="45" WC="0.96" CONTENT="stod,"/>
						</TextLine>
						<TextLine ID="line_20" HPOS="380" VPOS="1317" WIDTH="1597" HEIGHT="54">
							<String ID="string_244" HPOS="380" VPOS="1321" WIDTH="150" HEIGHT="38" WC="0.96" CONTENT="hvarför"/><SP WIDTH="27" VPOS="1321" HPOS="530"/>
							<String ID="string_245" HPOS="557" VPOS="1321" WIDTH="62" HEIGHT="50" WC="0.96" CONTENT="tåg"/><SP WIDTH="28" VPOS="1321" HPOS="619"/>
							<String ID="string_246" HPOS="647" VPOS="1335" WIDTH="57" HEIGHT="22" WC="0.95" CONTENT="n:o"/><SP WIDTH="30" VPOS="1335" HPOS="704"/>
							<String ID="string_247" HPOS="734" VPOS="1323" WIDTH="49" HEIGHT="36" WC="0.96" CONTENT="40"/><SP WIDTH="30" VPOS="1323" HPOS="783"/>
							<String ID="string_248" HPOS="813" VPOS="1322" WIDTH="66" HEIGHT="35" WC="0.96" CONTENT="har"/><SP WIDTH="27" VPOS="1322" HPOS="879"/>
							<String ID="string_249" HPOS="906" VPOS="1321" WIDTH="97" HEIGHT="37" WC="0.96" CONTENT="varit"/><SP WIDTH="27" VPOS="1321" HPOS="1003"/>
							<String ID="string_250" HPOS="1030" VPOS="1320" WIDTH="46" HEIGHT="49" WC="0.96" CONTENT="på"/><SP WIDTH="27" VPOS="1320" HPOS="1076"/>
							<String ID="string_251" HPOS="1103" VPOS="1319" WIDTH="179" HEIGHT="50" WC="0.96" CONTENT="ingående"/><SP WIDTH="29" VPOS="1319" HPOS="1282"/>
							<String ID="string_252" HPOS="1311" VPOS="1319" WIDTH="102" HEIGHT="50" WC="0.96" CONTENT="långt"/><SP WIDTH="27" VPOS="1319" HPOS="1413"/>
							<String ID="string_253" HPOS="1440" VPOS="1321" WIDTH="113" HEIGHT="34" WC="0.96" CONTENT="innan"/><SP WIDTH="25" VPOS="1321" HPOS="1553"/>
							<String ID="string_254" HPOS="1578" VPOS="1318" WIDTH="131" HEIGHT="36" WC="0.95" CONTENT="Möller"/><SP WIDTH="20" VPOS="1318" HPOS="1709"/>
							<String ID="string_255" HPOS="1729" VPOS="1318" WIDTH="122" HEIGHT="36" WC="0.96" CONTENT="visade"/><SP WIDTH="17" VPOS="1318" HPOS="1851"/>
							<String ID="string_256" HPOS="1868" VPOS="1317" WIDTH="109" HEIGHT="35" WC="0.96" CONTENT="klart."/>
						</TextLine>
						<TextLine ID="line_21" HPOS="379" VPOS="1370" WIDTH="1599" HEIGHT="53">
							<String ID="string_257" HPOS="379" VPOS="1376" WIDTH="251" HEIGHT="37" WC="0.96" CONTENT="Stationsvakt"/><SP WIDTH="27" VPOS="1376" HPOS="630"/>
							<String ID="string_258" HPOS="657" VPOS="1375" WIDTH="184" HEIGHT="36" WC="0.96" CONTENT="Lindblad"/><SP WIDTH="29" VPOS="1375" HPOS="841"/>
							<String ID="string_259" HPOS="870" VPOS="1376" WIDTH="67" HEIGHT="35" WC="0.96" CONTENT="har"/><SP WIDTH="28" VPOS="1376" HPOS="937"/>
							<String ID="string_260" HPOS="965" VPOS="1379" WIDTH="233" HEIGHT="44" WC="0.95" CONTENT="rapporterat"/><SP WIDTH="29" VPOS="1379" HPOS="1198"/>
							<String ID="string_261" HPOS="1227" VPOS="1375" WIDTH="96" HEIGHT="35" WC="0.95" CONTENT="klart"/><SP WIDTH="27" VPOS="1375" HPOS="1323"/>
							<String ID="string_262" HPOS="1350" VPOS="1374" WIDTH="62" HEIGHT="35" WC="0.93" CONTENT="till"/><SP WIDTH="28" VPOS="1374" HPOS="1412"/>
							<String ID="string_263" HPOS="1440" VPOS="1374" WIDTH="99" HEIGHT="43" WC="0.92" CONTENT="stins,"/><SP WIDTH="20" VPOS="1374" HPOS="1539"/>
							<String ID="string_264" HPOS="1559" VPOS="1372" WIDTH="66" HEIGHT="37" WC="0.96" CONTENT="och"/><SP WIDTH="29" VPOS="1372" HPOS="1625"/>
							<String ID="string_265" HPOS="1654" VPOS="1371" WIDTH="46" HEIGHT="50" WC="0.96" CONTENT="på"/><SP WIDTH="14" VPOS="1371" HPOS="1700"/>
							<String ID="string_266" HPOS="1714" VPOS="1372" WIDTH="88" HEIGHT="35" WC="0.96" CONTENT="hans"/><SP WIDTH="21" VPOS="1372" HPOS="1802"/>
							<String ID="string_267" HPOS="1823" VPOS="1370" WIDTH="69" HEIGHT="37" WC="0.96" CONTENT="ord"/><SP WIDTH="20" VPOS="1370" HPOS="1892"/>
							<String ID="string_268" HPOS="1912" VPOS="1370" WIDTH="66" HEIGHT="36" WC="0.96" CONTENT="har"/>
						</TextLine>
						<TextLine ID="line_22" HPOS="381" VPOS="1425" WIDTH="1597" HEIGHT="54">
							<String ID="string_269" HPOS="381" VPOS="1431" WIDTH="90" HEIGHT="36" WC="0.93" CONTENT="stins"/><SP WIDTH="41" VPOS="1431" HPOS="471"/>
							<String ID="string_270" HPOS="512" VPOS="1431" WIDTH="98" HEIGHT="48" WC="0.96" CONTENT="ringt"/><SP WIDTH="42" VPOS="1431" HPOS="610"/>
							<String ID="string_271" HPOS="652" VPOS="1430" WIDTH="38" HEIGHT="35" WC="0.96" CONTENT="in"/><SP WIDTH="41" VPOS="1430" HPOS="690"/>
							<String ID="string_272" HPOS="731" VPOS="1429" WIDTH="109" HEIGHT="49" WC="0.95" CONTENT="tåget."/><SP WIDTH="56" VPOS="1429" HPOS="840"/>
							<String ID="string_273" HPOS="896" VPOS="1430" WIDTH="88" HEIGHT="36" WC="0.95" CONTENT="Men"/><SP WIDTH="41" VPOS="1430" HPOS="984"/>
							<String ID="string_274" HPOS="1025" VPOS="1430" WIDTH="111" HEIGHT="35" WC="0.96" CONTENT="hvem"/><SP WIDTH="29" VPOS="1430" HPOS="1136"/>
							<String ID="string_275" HPOS="1165" VPOS="1441" WIDTH="77" HEIGHT="24" WC="0.96" CONTENT="som"/><SP WIDTH="29" VPOS="1441" HPOS="1242"/>
							<String ID="string_276" HPOS="1271" VPOS="1429" WIDTH="94" HEIGHT="35" WC="0.96" CONTENT="visat"/><SP WIDTH="28" VPOS="1429" HPOS="1365"/>
							<String ID="string_277" HPOS="1393" VPOS="1428" WIDTH="100" HEIGHT="35" WC="0.96" CONTENT="klart"/><SP WIDTH="27" VPOS="1428" HPOS="1493"/>
							<String ID="string_278" HPOS="1520" VPOS="1427" WIDTH="57" HEIGHT="36" WC="0.96" CONTENT="till"/><SP WIDTH="29" VPOS="1427" HPOS="1577"/>
							<String ID="string_279" HPOS="1606" VPOS="1425" WIDTH="196" HEIGHT="46" WC="0.96" CONTENT="Lindblad,"/><SP WIDTH="31" VPOS="1425" HPOS="1802"/>
							<String ID="string_280" HPOS="1833" VPOS="1425" WIDTH="72" HEIGHT="36" WC="0.96" CONTENT="blir"/><SP WIDTH="28" VPOS="1425" HPOS="1905"/>
							<String ID="string_281" HPOS="1933" VPOS="1437" WIDTH="45" HEIGHT="23" WC="0.95" CONTENT="en"/>
						</TextLine>
						<TextLine ID="line_23" HPOS="381" VPOS="1483" WIDTH="462" HEIGHT="37">
							<String ID="string_282" HPOS="381" VPOS="1485" WIDTH="64" HEIGHT="35" WC="0.95" CONTENT="sak"/><SP WIDTH="29" VPOS="1485" HPOS="445"/>
							<String ID="string_283" HPOS="474" VPOS="1497" WIDTH="75" HEIGHT="23" WC="0.96" CONTENT="som"/><SP WIDTH="30" VPOS="1497" HPOS="549"/>
							<String ID="string_284" HPOS="579" VPOS="1483" WIDTH="57" HEIGHT="37" WC="0.95" CONTENT="får"/><SP WIDTH="27" VPOS="1483" HPOS="636"/>
							<String ID="string_285" HPOS="663" VPOS="1484" WIDTH="180" HEIGHT="36" WC="0.95" CONTENT="utredas.»"/>
						</TextLine>
					</TextBlock>
					<TextBlock ID="block_3" HPOS="372" VPOS="1532" WIDTH="1607" HEIGHT="754">
						<TextLine ID="line_24" HPOS="487" VPOS="1532" WIDTH="1492" HEIGHT="53">
							<String ID="string_286" HPOS="487" VPOS="1538" WIDTH="72" HEIGHT="36" WC="0.96" CONTENT="Det"/><SP WIDTH="41" VPOS="1538" HPOS="559"/>
							<String ID="string_287" HPOS="600" VPOS="1538" WIDTH="69" HEIGHT="36" WC="0.95" CONTENT="har"/><SP WIDTH="39" VPOS="1538" HPOS="669"/>
							<String ID="string_288" HPOS="708" VPOS="1539" WIDTH="255" HEIGHT="39" WC="0.95" CONTENT="konstaterats,"/><SP WIDTH="41" VPOS="1539" HPOS="963"/>
							<String ID="string_289" HPOS="1004" VPOS="1542" WIDTH="54" HEIGHT="31" WC="0.96" CONTENT="att"/><SP WIDTH="41" VPOS="1542" HPOS="1058"/>
							<String ID="string_290" HPOS="1099" VPOS="1536" WIDTH="62" HEIGHT="37" WC="0.93" CONTENT="vid"/><SP WIDTH="34" VPOS="1536" HPOS="1161"/>
							<String ID="string_291" HPOS="1195" VPOS="1535" WIDTH="325" HEIGHT="50" WC="0.91" CONTENT="olyckshändelsen"/><SP WIDTH="28" VPOS="1535" HPOS="1520"/>
							<String ID="string_292" HPOS="1548" VPOS="1535" WIDTH="12" HEIGHT="35" WC="0.96" CONTENT="i"/><SP WIDTH="28" VPOS="1535" HPOS="1560"/>
							<String ID="string_293" HPOS="1588" VPOS="1533" WIDTH="195" HEIGHT="37" WC="0.96" CONTENT="Halmstad"/><SP WIDTH="28" VPOS="1533" HPOS="1783"/>
							<String ID="string_294" HPOS="1811" VPOS="1532" WIDTH="94" HEIGHT="36" WC="0.96" CONTENT="hade"/><SP WIDTH="29" VPOS="1532" HPOS="1905"/>
							<String ID="string_295" HPOS="1934" VPOS="1544" WIDTH="45" HEIGHT="24" WC="0.96" CONTENT="en"/>
						</TextLine>
						<TextLine ID="line_25" HPOS="380" VPOS="1586" WIDTH="1596" HEIGHT="54">
							<String ID="string_296" HPOS="380" VPOS="1605" WIDTH="87" HEIGHT="23" WC="0.96" CONTENT="man"/><SP WIDTH="14" VPOS="1605" HPOS="467"/>
							<String ID="string_297" HPOS="481" VPOS="1592" WIDTH="111" HEIGHT="48" WC="0.96" CONTENT="tagits"/><SP WIDTH="20" VPOS="1592" HPOS="592"/>
							<String ID="string_298" HPOS="612" VPOS="1593" WIDTH="83" HEIGHT="35" WC="0.96" CONTENT="bort"/><SP WIDTH="15" VPOS="1593" HPOS="695"/>
							<String ID="string_299" HPOS="710" VPOS="1591" WIDTH="81" HEIGHT="36" WC="0.96" CONTENT="från"/><SP WIDTH="20" VPOS="1591" HPOS="791"/>
							<String ID="string_300" HPOS="811" VPOS="1593" WIDTH="104" HEIGHT="34" WC="0.91" CONTENT="södra"/><SP WIDTH="20" VPOS="1593" HPOS="915"/>
							<String ID="string_301" HPOS="935" VPOS="1591" WIDTH="216" HEIGHT="48" WC="0.91" CONTENT="växellaget,"/><SP WIDTH="23" VPOS="1591" HPOS="1151"/>
							<String ID="string_302" HPOS="1174" VPOS="1596" WIDTH="87" HEIGHT="30" WC="0.96" CONTENT="utan"/><SP WIDTH="19" VPOS="1596" HPOS="1261"/>
							<String ID="string_303" HPOS="1280" VPOS="1595" WIDTH="56" HEIGHT="30" WC="0.96" CONTENT="att"/><SP WIDTH="18" VPOS="1595" HPOS="1336"/>
							<String ID="string_304" HPOS="1354" VPOS="1588" WIDTH="120" HEIGHT="50" WC="0.96" CONTENT="någon"/><SP WIDTH="16" VPOS="1588" HPOS="1474"/>
							<String ID="string_305" HPOS="1490" VPOS="1601" WIDTH="121" HEIGHT="23" WC="0.96" CONTENT="annan"/><SP WIDTH="16" VPOS="1601" HPOS="1611"/>
							<String ID="string_306" HPOS="1627" VPOS="1592" WIDTH="88" HEIGHT="32" WC="0.90" CONTENT="satts"/><SP WIDTH="14" VPOS="1592" HPOS="1715"/>
							<String ID="string_307" HPOS="1729" VPOS="1588" WIDTH="13" HEIGHT="34" WC="0.90" CONTENT="i"/><SP WIDTH="14" VPOS="1588" HPOS="1742"/>
							<String ID="string_308" HPOS="1756" VPOS="1587" WIDTH="92" HEIGHT="35" WC="0.96" CONTENT="hans"/><SP WIDTH="15" VPOS="1587" HPOS="1848"/>
							<String ID="string_309" HPOS="1863" VPOS="1586" WIDTH="113" HEIGHT="36" WC="0.96" CONTENT="ställe."/>
						</TextLine>
						<TextLine ID="line_26" HPOS="379" VPOS="1639" WIDTH="1599" HEIGHT="56">
							<String ID="string_310" HPOS="379" VPOS="1646" WIDTH="84" HEIGHT="37" WC="0.95" CONTENT="Med"/><SP WIDTH="28" VPOS="1646" HPOS="463"/>
							<String ID="string_311" HPOS="491" VPOS="1646" WIDTH="63" HEIGHT="36" WC="0.95" CONTENT="det"/><SP WIDTH="27" VPOS="1646" HPOS="554"/>
							<String ID="string_312" HPOS="581" VPOS="1650" WIDTH="132" HEIGHT="45" WC="0.93" CONTENT="ytterst"/><SP WIDTH="27" VPOS="1650" HPOS="713"/>
							<String ID="string_313" HPOS="740" VPOS="1650" WIDTH="130" HEIGHT="44" WC="0.92" CONTENT="trägna"/><SP WIDTH="27" VPOS="1650" HPOS="870"/>
							<String ID="string_314" HPOS="897" VPOS="1646" WIDTH="142" HEIGHT="35" WC="0.96" CONTENT="arbetet"/><SP WIDTH="27" VPOS="1646" HPOS="1039"/>
							<String ID="string_315" HPOS="1066" VPOS="1646" WIDTH="46" HEIGHT="47" WC="0.96" CONTENT="på"/><SP WIDTH="29" VPOS="1646" HPOS="1112"/>
							<String ID="string_316" HPOS="1141" VPOS="1644" WIDTH="120" HEIGHT="36" WC="0.96" CONTENT="denna"/><SP WIDTH="21" VPOS="1644" HPOS="1261"/>
							<String ID="string_317" HPOS="1282" VPOS="1643" WIDTH="134" HEIGHT="36" WC="0.95" CONTENT="station"/><SP WIDTH="13" VPOS="1643" HPOS="1416"/>
							<String ID="string_318" HPOS="1429" VPOS="1642" WIDTH="104" HEIGHT="37" WC="0.96" CONTENT="torde"/><SP WIDTH="24" VPOS="1642" HPOS="1533"/>
							<String ID="string_319" HPOS="1557" VPOS="1647" WIDTH="53" HEIGHT="32" WC="0.96" CONTENT="ett"/><SP WIDTH="18" VPOS="1647" HPOS="1610"/>
							<String ID="string_320" HPOS="1628" VPOS="1640" WIDTH="126" HEIGHT="38" WC="0.96" CONTENT="sådant"/><SP WIDTH="14" VPOS="1640" HPOS="1754"/>
							<String ID="string_321" HPOS="1768" VPOS="1639" WIDTH="210" HEIGHT="38" WC="0.96" CONTENT="förfarande"/>
						</TextLine>
						<TextLine ID="line_27" HPOS="380" VPOS="1694" WIDTH="1598" HEIGHT="55">
							<String ID="string_322" HPOS="380" VPOS="1701" WIDTH="30" HEIGHT="48" WC="0.96" CONTENT="ej"/><SP WIDTH="31" VPOS="1701" HPOS="410"/>
							<String ID="string_323" HPOS="441" VPOS="1712" WIDTH="90" HEIGHT="25" WC="0.96" CONTENT="vara"/><SP WIDTH="28" VPOS="1712" HPOS="531"/>
							<String ID="string_324" HPOS="559" VPOS="1698" WIDTH="173" HEIGHT="51" WC="0.96" CONTENT="förenligt"/><SP WIDTH="27" VPOS="1698" HPOS="732"/>
							<String ID="string_325" HPOS="759" VPOS="1700" WIDTH="84" HEIGHT="35" WC="0.91" CONTENT="med"/><SP WIDTH="27" VPOS="1700" HPOS="843"/>
							<String ID="string_326" HPOS="870" VPOS="1698" WIDTH="342" HEIGHT="37" WC="0.69" CONTENT="trafiksäkerhetens"/><SP WIDTH="27" VPOS="1698" HPOS="1212"/>
							<String ID="string_327" HPOS="1239" VPOS="1696" WIDTH="220" HEIGHT="51" WC="0.96" CONTENT="fordringar."/><SP WIDTH="57" VPOS="1696" HPOS="1459"/>
							<String ID="string_328" HPOS="1516" VPOS="1696" WIDTH="57" HEIGHT="37" WC="0.28" CONTENT="En"/><SP WIDTH="23" VPOS="1696" HPOS="1573"/>
							<String ID="string_329" HPOS="1596" VPOS="1708" WIDTH="121" HEIGHT="24" WC="0.96" CONTENT="annan"/><SP WIDTH="24" VPOS="1708" HPOS="1717"/>
							<String ID="string_330" HPOS="1741" VPOS="1694" WIDTH="139" HEIGHT="50" WC="0.96" CONTENT="åtgärd,"/><SP WIDTH="20" VPOS="1694" HPOS="1880"/>
							<String ID="string_331" HPOS="1900" VPOS="1706" WIDTH="78" HEIGHT="24" WC="0.96" CONTENT="som"/>
						</TextLine>
						<TextLine ID="line_28" HPOS="380" VPOS="1750" WIDTH="1595" HEIGHT="53">
							<String ID="string_332" HPOS="380" VPOS="1758" WIDTH="39" HEIGHT="31" WC="0.96" CONTENT="är"/><SP WIDTH="43" VPOS="1758" HPOS="419"/>
							<String ID="string_333" HPOS="462" VPOS="1754" WIDTH="120" HEIGHT="49" WC="0.96" CONTENT="ägnad"/><SP WIDTH="28" VPOS="1754" HPOS="582"/>
							<String ID="string_334" HPOS="610" VPOS="1759" WIDTH="81" HEIGHT="31" WC="0.96" CONTENT="rent"/><SP WIDTH="27" VPOS="1759" HPOS="691"/>
							<String ID="string_335" HPOS="718" VPOS="1752" WIDTH="41" HEIGHT="36" WC="0.95" CONTENT="af"/><SP WIDTH="25" VPOS="1752" HPOS="759"/>
							<String ID="string_336" HPOS="784" VPOS="1755" WIDTH="105" HEIGHT="35" WC="0.96" CONTENT="väcka"/><SP WIDTH="27" VPOS="1755" HPOS="889"/>
							<String ID="string_337" HPOS="916" VPOS="1756" WIDTH="198" HEIGHT="44" WC="0.96" CONTENT="uppseende,"/><SP WIDTH="28" VPOS="1756" HPOS="1114"/>
							<String ID="string_338" HPOS="1142" VPOS="1759" WIDTH="40" HEIGHT="28" WC="0.96" CONTENT="är"/><SP WIDTH="29" VPOS="1759" HPOS="1182"/>
							<String ID="string_339" HPOS="1211" VPOS="1756" WIDTH="54" HEIGHT="31" WC="0.93" CONTENT="att"/><SP WIDTH="27" VPOS="1756" HPOS="1265"/>
							<String ID="string_340" HPOS="1292" VPOS="1752" WIDTH="168" HEIGHT="47" WC="0.91" CONTENT="insläppa"/><SP WIDTH="17" VPOS="1752" HPOS="1460"/>
							<String ID="string_341" HPOS="1477" VPOS="1753" WIDTH="83" HEIGHT="48" WC="0.96" CONTENT="fem"/><SP WIDTH="30" VPOS="1753" HPOS="1560"/>
							<String ID="string_342" HPOS="1590" VPOS="1753" WIDTH="56" HEIGHT="44" WC="0.79" CONTENT="låg"/><SP WIDTH="20" VPOS="1753" HPOS="1646"/>
							<String ID="string_343" HPOS="1666" VPOS="1752" WIDTH="52" HEIGHT="45" WC="0.95" CONTENT="på"/><SP WIDTH="27" VPOS="1752" HPOS="1718"/>
							<String ID="string_344" HPOS="1745" VPOS="1762" WIDTH="40" HEIGHT="23" WC="0.95" CONTENT="en"/><SP WIDTH="23" VPOS="1762" HPOS="1785"/>
							<String ID="string_345" HPOS="1808" VPOS="1750" WIDTH="95" HEIGHT="45" WC="0.96" CONTENT="gång"/><SP WIDTH="20" VPOS="1750" HPOS="1903"/>
							<String ID="string_346" HPOS="1923" VPOS="1750" WIDTH="52" HEIGHT="45" WC="0.96" CONTENT="på"/>
						</TextLine>
						<TextLine ID="line_29" HPOS="380" VPOS="1801" WIDTH="1598" HEIGHT="55">
							<String ID="string_347" HPOS="380" VPOS="1822" WIDTH="37" HEIGHT="22" WC="0.93" CONTENT="en"/><SP WIDTH="29" VPOS="1822" HPOS="417"/>
							<String ID="string_348" HPOS="446" VPOS="1811" WIDTH="127" HEIGHT="33" WC="0.96" CONTENT="station"/><SP WIDTH="27" VPOS="1811" HPOS="573"/>
							<String ID="string_349" HPOS="600" VPOS="1811" WIDTH="75" HEIGHT="33" WC="0.96" CONTENT="med"/><SP WIDTH="26" VPOS="1811" HPOS="675"/>
							<String ID="string_350" HPOS="701" VPOS="1810" WIDTH="39" HEIGHT="33" WC="0.96" CONTENT="så"/><SP WIDTH="24" VPOS="1810" HPOS="740"/>
							<String ID="string_351" HPOS="764" VPOS="1811" WIDTH="126" HEIGHT="45" WC="0.93" CONTENT="ytterst"/><SP WIDTH="26" VPOS="1811" HPOS="890"/>
							<String ID="string_352" HPOS="916" VPOS="1809" WIDTH="206" HEIGHT="43" WC="0.91" CONTENT="begränsadt"/><SP WIDTH="26" VPOS="1809" HPOS="1122"/>
							<String ID="string_353" HPOS="1148" VPOS="1810" WIDTH="177" HEIGHT="44" WC="0.95" CONTENT="utrymme,"/><SP WIDTH="30" VPOS="1810" HPOS="1325"/>
							<String ID="string_354" HPOS="1355" VPOS="1805" WIDTH="66" HEIGHT="36" WC="0.96" CONTENT="och"/><SP WIDTH="29" VPOS="1805" HPOS="1421"/>
							<String ID="string_355" HPOS="1450" VPOS="1804" WIDTH="112" HEIGHT="37" WC="0.95" CONTENT="bland"/><SP WIDTH="29" VPOS="1804" HPOS="1562"/>
							<String ID="string_356" HPOS="1591" VPOS="1804" WIDTH="102" HEIGHT="36" WC="0.93" CONTENT="dessa"/><SP WIDTH="15" VPOS="1804" HPOS="1693"/>
							<String ID="string_357" HPOS="1708" VPOS="1805" WIDTH="158" HEIGHT="44" WC="0.91" CONTENT="snälltåg,"/><SP WIDTH="22" VPOS="1805" HPOS="1866"/>
							<String ID="string_358" HPOS="1888" VPOS="1801" WIDTH="90" HEIGHT="37" WC="0.91" CONTENT="hvil-"/>
						</TextLine>
						<TextLine ID="line_30" HPOS="380" VPOS="1856" WIDTH="1596" HEIGHT="53">
							<String ID="string_359" HPOS="380" VPOS="1862" WIDTH="64" HEIGHT="36" WC="0.96" CONTENT="ket"/><SP WIDTH="41" VPOS="1862" HPOS="444"/>
							<String ID="string_360" HPOS="485" VPOS="1863" WIDTH="128" HEIGHT="45" WC="0.96" CONTENT="hastigt"/><SP WIDTH="38" VPOS="1863" HPOS="613"/>
							<String ID="string_361" HPOS="651" VPOS="1864" WIDTH="104" HEIGHT="33" WC="0.96" CONTENT="måste"/><SP WIDTH="37" VPOS="1864" HPOS="755"/>
							<String ID="string_362" HPOS="792" VPOS="1864" WIDTH="200" HEIGHT="45" WC="0.95" CONTENT="expedieras"/><SP WIDTH="37" VPOS="1864" HPOS="992"/>
							<String ID="string_363" HPOS="1029" VPOS="1861" WIDTH="57" HEIGHT="35" WC="0.96" CONTENT="för"/><SP WIDTH="32" VPOS="1861" HPOS="1086"/>
							<String ID="string_364" HPOS="1118" VPOS="1863" WIDTH="54" HEIGHT="33" WC="0.96" CONTENT="att"/><SP WIDTH="27" VPOS="1863" HPOS="1172"/>
							<String ID="string_365" HPOS="1199" VPOS="1860" WIDTH="79" HEIGHT="36" WC="0.93" CONTENT="icke"/><SP WIDTH="28" VPOS="1860" HPOS="1278"/>
							<String ID="string_366" HPOS="1306" VPOS="1860" WIDTH="172" HEIGHT="46" WC="0.76" CONTENT="rubbning"/><SP WIDTH="27" VPOS="1860" HPOS="1478"/>
							<String ID="string_367" HPOS="1505" VPOS="1858" WIDTH="95" HEIGHT="37" WC="0.96" CONTENT="skall"/><SP WIDTH="27" VPOS="1858" HPOS="1600"/>
							<String ID="string_368" HPOS="1627" VPOS="1858" WIDTH="62" HEIGHT="36" WC="0.95" CONTENT="ske"/><SP WIDTH="25" VPOS="1858" HPOS="1689"/>
							<String ID="string_369" HPOS="1714" VPOS="1857" WIDTH="12" HEIGHT="35" WC="0.95" CONTENT="i"/><SP WIDTH="24" VPOS="1857" HPOS="1726"/>
							<String ID="string_370" HPOS="1750" VPOS="1856" WIDTH="71" HEIGHT="37" WC="0.91" CONTENT="den"/><SP WIDTH="24" VPOS="1856" HPOS="1821"/>
							<String ID="string_371" HPOS="1845" VPOS="1867" WIDTH="131" HEIGHT="36" WC="0.91" CONTENT="genom-"/>
						</TextLine>
						<TextLine ID="line_31" HPOS="372" VPOS="1910" WIDTH="1606" HEIGHT="56">
							<String ID="string_372" HPOS="372" VPOS="1917" WIDTH="134" HEIGHT="49" WC="0.95" CONTENT="gående"/><SP WIDTH="42" VPOS="1917" HPOS="506"/>
							<String ID="string_373" HPOS="548" VPOS="1917" WIDTH="156" HEIGHT="44" WC="0.95" CONTENT="trafiken."/><SP WIDTH="57" VPOS="1917" HPOS="704"/>
							<String ID="string_374" HPOS="761" VPOS="1915" WIDTH="73" HEIGHT="35" WC="0.95" CONTENT="För"/><SP WIDTH="41" VPOS="1915" HPOS="834"/>
							<String ID="string_375" HPOS="875" VPOS="1914" WIDTH="69" HEIGHT="36" WC="0.96" CONTENT="den"/><SP WIDTH="29" VPOS="1914" HPOS="944"/>
							<String ID="string_376" HPOS="973" VPOS="1913" WIDTH="170" HEIGHT="50" WC="0.96" CONTENT="oinvigde"/><SP WIDTH="29" VPOS="1913" HPOS="1143"/>
							<String ID="string_377" HPOS="1172" VPOS="1912" WIDTH="225" HEIGHT="37" WC="0.95" CONTENT="framställer"/><SP WIDTH="27" VPOS="1912" HPOS="1397"/>
							<String ID="string_378" HPOS="1424" VPOS="1913" WIDTH="55" HEIGHT="48" WC="0.96" CONTENT="sig"/><SP WIDTH="27" VPOS="1913" HPOS="1479"/>
							<String ID="string_379" HPOS="1506" VPOS="1918" WIDTH="114" HEIGHT="42" WC="0.95" CONTENT="gärna"/><SP WIDTH="27" VPOS="1918" HPOS="1620"/>
							<String ID="string_380" HPOS="1647" VPOS="1911" WIDTH="72" HEIGHT="36" WC="0.96" CONTENT="den"/><SP WIDTH="28" VPOS="1911" HPOS="1719"/>
							<String ID="string_381" HPOS="1747" VPOS="1910" WIDTH="140" HEIGHT="49" WC="0.96" CONTENT="frågan,"/><SP WIDTH="29" VPOS="1910" HPOS="1887"/>
							<String ID="string_382" HPOS="1916" VPOS="1922" WIDTH="62" HEIGHT="23" WC="0.96" CONTENT="om"/>
						</TextLine>
						<TextLine ID="line_32" HPOS="379" VPOS="1964" WIDTH="1598" HEIGHT="52">
							<String ID="string_383" HPOS="379" VPOS="1970" WIDTH="80" HEIGHT="35" WC="0.93" CONTENT="icke"/><SP WIDTH="31" VPOS="1970" HPOS="459"/>
							<String ID="string_384" HPOS="490" VPOS="1970" WIDTH="237" HEIGHT="46" WC="0.90" CONTENT="tågledningar"/><SP WIDTH="23" VPOS="1970" HPOS="727"/>
							<String ID="string_385" HPOS="750" VPOS="1968" WIDTH="125" HEIGHT="37" WC="0.96" CONTENT="kunde"/><SP WIDTH="19" VPOS="1968" HPOS="875"/>
							<String ID="string_386" HPOS="894" VPOS="1969" WIDTH="114" HEIGHT="35" WC="0.91" CONTENT="ordna"/><SP WIDTH="19" VPOS="1969" HPOS="1008"/>
							<String ID="string_387" HPOS="1027" VPOS="1967" WIDTH="210" HEIGHT="49" WC="0.90" CONTENT="tågmötena"/><SP WIDTH="15" VPOS="1967" HPOS="1237"/>
							<String ID="string_388" HPOS="1252" VPOS="1966" WIDTH="47" HEIGHT="50" WC="0.93" CONTENT="på"/><SP WIDTH="19" VPOS="1966" HPOS="1299"/>
							<String ID="string_389" HPOS="1318" VPOS="1967" WIDTH="284" HEIGHT="36" WC="0.92" CONTENT="västkustbanan"/><SP WIDTH="20" VPOS="1967" HPOS="1602"/>
							<String ID="string_390" HPOS="1622" VPOS="1967" WIDTH="46" HEIGHT="47" WC="0.96" CONTENT="på"/><SP WIDTH="19" VPOS="1967" HPOS="1668"/>
							<String ID="string_391" HPOS="1687" VPOS="1967" WIDTH="53" HEIGHT="34" WC="0.96" CONTENT="ett"/><SP WIDTH="19" VPOS="1967" HPOS="1740"/>
							<String ID="string_392" HPOS="1759" VPOS="1964" WIDTH="218" HEIGHT="48" WC="0.96" CONTENT="lämpligare"/>
						</TextLine>
						<TextLine ID="line_33" HPOS="379" VPOS="2018" WIDTH="1598" HEIGHT="54">
							<String ID="string_393" HPOS="379" VPOS="2028" WIDTH="80" HEIGHT="31" WC="0.90" CONTENT="sätt."/><SP WIDTH="56" VPOS="2028" HPOS="459"/>
							<String ID="string_394" HPOS="515" VPOS="2023" WIDTH="69" HEIGHT="36" WC="0.93" CONTENT="Att"/><SP WIDTH="42" VPOS="2023" HPOS="584"/>
							<String ID="string_395" HPOS="626" VPOS="2022" WIDTH="46" HEIGHT="50" WC="0.96" CONTENT="på"/><SP WIDTH="41" VPOS="2022" HPOS="672"/>
							<String ID="string_396" HPOS="713" VPOS="2035" WIDTH="45" HEIGHT="24" WC="0.96" CONTENT="en"/><SP WIDTH="28" VPOS="2035" HPOS="758"/>
							<String ID="string_397" HPOS="786" VPOS="2025" WIDTH="108" HEIGHT="46" WC="0.96" CONTENT="trång"/><SP WIDTH="27" VPOS="2025" HPOS="894"/>
							<String ID="string_398" HPOS="921" VPOS="2020" WIDTH="164" HEIGHT="50" WC="0.96" CONTENT="bangård"/><SP WIDTH="29" VPOS="2020" HPOS="1085"/>
							<String ID="string_399" HPOS="1114" VPOS="2033" WIDTH="191" HEIGHT="38" WC="0.95" CONTENT="arrangera"/><SP WIDTH="28" VPOS="2033" HPOS="1305"/>
							<String ID="string_400" HPOS="1333" VPOS="2021" WIDTH="160" HEIGHT="48" WC="0.96" CONTENT="växling,"/><SP WIDTH="27" VPOS="2021" HPOS="1493"/>
							<String ID="string_401" HPOS="1520" VPOS="2020" WIDTH="206" HEIGHT="49" WC="0.96" CONTENT="inspektera"/><SP WIDTH="27" VPOS="2020" HPOS="1726"/>
							<String ID="string_402" HPOS="1753" VPOS="2019" WIDTH="128" HEIGHT="36" WC="0.96" CONTENT="växlar"/><SP WIDTH="28" VPOS="2019" HPOS="1881"/>
							<String ID="string_403" HPOS="1909" VPOS="2018" WIDTH="68" HEIGHT="36" WC="0.96" CONTENT="och"/>
						</TextLine>
						<TextLine ID="line_34" HPOS="380" VPOS="2075" WIDTH="1596" HEIGHT="51">
							<String ID="string_404" HPOS="380" VPOS="2082" WIDTH="186" HEIGHT="44" WC="0.91" CONTENT="emottaga"/><SP WIDTH="32" VPOS="2082" HPOS="566"/>
							<String ID="string_405" HPOS="598" VPOS="2079" WIDTH="72" HEIGHT="47" WC="0.96" CONTENT="tåg,"/><SP WIDTH="35" VPOS="2079" HPOS="670"/>
							<String ID="string_406" HPOS="705" VPOS="2076" WIDTH="38" HEIGHT="37" WC="0.96" CONTENT="så"/><SP WIDTH="24" VPOS="2076" HPOS="743"/>
							<String ID="string_407" HPOS="767" VPOS="2079" WIDTH="54" HEIGHT="34" WC="0.96" CONTENT="att"/><SP WIDTH="28" VPOS="2079" HPOS="821"/>
							<String ID="string_408" HPOS="849" VPOS="2081" WIDTH="83" HEIGHT="44" WC="0.96" CONTENT="säga"/><SP WIDTH="28" VPOS="2081" HPOS="932"/>
							<String ID="string_409" HPOS="960" VPOS="2076" WIDTH="45" HEIGHT="49" WC="0.96" CONTENT="på"/><SP WIDTH="28" VPOS="2076" HPOS="1005"/>
							<String ID="string_410" HPOS="1033" VPOS="2089" WIDTH="44" HEIGHT="24" WC="0.96" CONTENT="en"/><SP WIDTH="28" VPOS="2089" HPOS="1077"/>
							<String ID="string_411" HPOS="1105" VPOS="2075" WIDTH="108" HEIGHT="50" WC="0.96" CONTENT="gång,"/><SP WIDTH="30" VPOS="2075" HPOS="1213"/>
							<String ID="string_412" HPOS="1243" VPOS="2075" WIDTH="72" HEIGHT="36" WC="0.96" CONTENT="kan"/><SP WIDTH="29" VPOS="2075" HPOS="1315"/>
							<String ID="string_413" HPOS="1344" VPOS="2081" WIDTH="89" HEIGHT="43" WC="0.96" CONTENT="göra"/><SP WIDTH="28" VPOS="2081" HPOS="1433"/>
							<String ID="string_414" HPOS="1461" VPOS="2079" WIDTH="113" HEIGHT="32" WC="0.96" CONTENT="större"/><SP WIDTH="29" VPOS="2079" HPOS="1574"/>
							<String ID="string_415" HPOS="1603" VPOS="2076" WIDTH="205" HEIGHT="45" WC="0.78" CONTENT="kapaciteter"/><SP WIDTH="28" VPOS="2076" HPOS="1808"/>
							<String ID="string_416" HPOS="1836" VPOS="2079" WIDTH="45" HEIGHT="29" WC="0.92" CONTENT="än"/><SP WIDTH="29" VPOS="2079" HPOS="1881"/>
							<String ID="string_417" HPOS="1910" VPOS="2078" WIDTH="66" HEIGHT="30" WC="0.92" CONTENT="sta-"/>
						</TextLine>
						<TextLine ID="line_35" HPOS="378" VPOS="2125" WIDTH="1600" HEIGHT="55">
							<String ID="string_418" HPOS="378" VPOS="2132" WIDTH="218" HEIGHT="36" WC="0.91" CONTENT="tionskarlar"/><SP WIDTH="33" VPOS="2132" HPOS="596"/>
							<String ID="string_419" HPOS="629" VPOS="2144" WIDTH="87" HEIGHT="36" WC="0.90" CONTENT="»yra"/><SP WIDTH="42" VPOS="2144" HPOS="716"/>
							<String ID="string_420" HPOS="758" VPOS="2132" WIDTH="11" HEIGHT="34" WC="0.96" CONTENT="i"/><SP WIDTH="29" VPOS="2132" HPOS="769"/>
							<String ID="string_421" HPOS="798" VPOS="2136" WIDTH="180" HEIGHT="40" WC="0.67" CONTENT="mössan»;"/><SP WIDTH="30" VPOS="2136" HPOS="978"/>
							<String ID="string_422" HPOS="1008" VPOS="2143" WIDTH="61" HEIGHT="23" WC="0.96" CONTENT="om"/><SP WIDTH="27" VPOS="2143" HPOS="1069"/>
							<String ID="string_423" HPOS="1096" VPOS="2130" WIDTH="61" HEIGHT="36" WC="0.96" CONTENT="till"/><SP WIDTH="27" VPOS="2130" HPOS="1157"/>
							<String ID="string_424" HPOS="1184" VPOS="2129" WIDTH="91" HEIGHT="49" WC="0.96" CONTENT="följd"/><SP WIDTH="29" VPOS="2129" HPOS="1275"/>
							<String ID="string_425" HPOS="1304" VPOS="2128" WIDTH="40" HEIGHT="37" WC="0.96" CONTENT="af"/><SP WIDTH="26" VPOS="2128" HPOS="1344"/>
							<String ID="string_426" HPOS="1370" VPOS="2128" WIDTH="131" HEIGHT="37" WC="0.96" CONTENT="sådana"/><SP WIDTH="28" VPOS="2128" HPOS="1501"/>
							<String ID="string_427" HPOS="1529" VPOS="2127" WIDTH="264" HEIGHT="37" WC="0.96" CONTENT="samverkande"/><SP WIDTH="20" VPOS="2127" HPOS="1793"/>
							<String ID="string_428" HPOS="1813" VPOS="2125" WIDTH="165" HEIGHT="37" WC="0.95" CONTENT="faktorer"/>
						</TextLine>
						<TextLine ID="line_36" HPOS="379" VPOS="2181" WIDTH="1597" HEIGHT="54">
							<String ID="string_429" HPOS="379" VPOS="2185" WIDTH="319" HEIGHT="50" WC="0.91" CONTENT="olyckshändelser"/><SP WIDTH="32" VPOS="2185" HPOS="698"/>
							<String ID="string_430" HPOS="730" VPOS="2183" WIDTH="158" HEIGHT="46" WC="0.96" CONTENT="inträffa,"/><SP WIDTH="33" VPOS="2183" HPOS="888"/>
							<String ID="string_431" HPOS="921" VPOS="2188" WIDTH="38" HEIGHT="33" WC="0.96" CONTENT="är"/><SP WIDTH="29" VPOS="2188" HPOS="959"/>
							<String ID="string_432" HPOS="988" VPOS="2185" WIDTH="60" HEIGHT="35" WC="0.96" CONTENT="det"/><SP WIDTH="23" VPOS="2185" HPOS="1048"/>
							<String ID="string_433" HPOS="1071" VPOS="2182" WIDTH="40" HEIGHT="37" WC="0.96" CONTENT="af"/><SP WIDTH="26" VPOS="2182" HPOS="1111"/>
							<String ID="string_434" HPOS="1137" VPOS="2184" WIDTH="203" HEIGHT="49" WC="0.95" CONTENT="synnerligt"/><SP WIDTH="27" VPOS="2184" HPOS="1340"/>
							<String ID="string_435" HPOS="1367" VPOS="2187" WIDTH="76" HEIGHT="32" WC="0.96" CONTENT="stor"/><SP WIDTH="27" VPOS="2187" HPOS="1443"/>
							<String ID="string_436" HPOS="1470" VPOS="2183" WIDTH="81" HEIGHT="36" WC="0.96" CONTENT="vikt"/><SP WIDTH="27" VPOS="2183" HPOS="1551"/>
							<String ID="string_437" HPOS="1578" VPOS="2181" WIDTH="58" HEIGHT="37" WC="0.96" CONTENT="för"/><SP WIDTH="19" VPOS="2181" HPOS="1636"/>
							<String ID="string_438" HPOS="1655" VPOS="2181" WIDTH="101" HEIGHT="37" WC="0.80" CONTENT="såväl"/><SP WIDTH="19" VPOS="2181" HPOS="1756"/>
							<String ID="string_439" HPOS="1775" VPOS="2184" WIDTH="103" HEIGHT="33" WC="0.86" CONTENT="rätts-"/><SP WIDTH="21" VPOS="2184" HPOS="1878"/>
							<String ID="string_440" HPOS="1899" VPOS="2192" WIDTH="77" HEIGHT="24" WC="0.96" CONTENT="som"/>
						</TextLine>
						<TextLine ID="line_37" HPOS="379" VPOS="2235" WIDTH="1349" HEIGHT="51">
							<String ID="string_441" HPOS="379" VPOS="2241" WIDTH="308" HEIGHT="44" WC="0.95" CONTENT="trafiksäkerheten,"/><SP WIDTH="30" VPOS="2241" HPOS="687"/>
							<String ID="string_442" HPOS="717" VPOS="2244" WIDTH="55" HEIGHT="31" WC="0.96" CONTENT="att"/><SP WIDTH="28" VPOS="2244" HPOS="772"/>
							<String ID="string_443" HPOS="800" VPOS="2240" WIDTH="75" HEIGHT="36" WC="0.93" CONTENT="inte"/><SP WIDTH="33" VPOS="2240" HPOS="875"/>
							<String ID="string_444" HPOS="908" VPOS="2239" WIDTH="183" HEIGHT="47" WC="0.68" CONTENT="»Bagaren"/><SP WIDTH="28" VPOS="2239" HPOS="1091"/>
							<String ID="string_445" HPOS="1119" VPOS="2238" WIDTH="137" HEIGHT="48" WC="0.91" CONTENT="hänges"/><SP WIDTH="27" VPOS="2238" HPOS="1256"/>
							<String ID="string_446" HPOS="1283" VPOS="2238" WIDTH="55" HEIGHT="36" WC="0.93" CONTENT="för"/><SP WIDTH="29" VPOS="2238" HPOS="1338"/>
							<String ID="string_447" HPOS="1367" VPOS="2237" WIDTH="165" HEIGHT="36" WC="0.92" CONTENT="smedens"/><SP WIDTH="28" VPOS="2237" HPOS="1532"/>
							<String ID="string_448" HPOS="1560" VPOS="2235" WIDTH="168" HEIGHT="49" WC="0.0" CONTENT="synder»."/>
						</TextLine>
					</TextBlock>
					<TextBlock ID="block_4" HPOS="488" VPOS="2289" WIDTH="1487" HEIGHT="52">
						<TextLine ID="line_38" HPOS="488" VPOS="2289" WIDTH="1487" HEIGHT="52">
							<String ID="string_449" HPOS="488" VPOS="2293" WIDTH="140" HEIGHT="38" WC="0.91" CONTENT="Hvilka"/><SP WIDTH="41" VPOS="2293" HPOS="628"/>
							<String ID="string_450" HPOS="669" VPOS="2291" WIDTH="111" HEIGHT="48" WC="0.96" CONTENT="faror,"/><SP WIDTH="44" VPOS="2291" HPOS="780"/>
							<String ID="string_451" HPOS="824" VPOS="2306" WIDTH="79" HEIGHT="23" WC="0.96" CONTENT="som"/><SP WIDTH="33" VPOS="2306" HPOS="903"/>
							<String ID="string_452" HPOS="936" VPOS="2293" WIDTH="124" HEIGHT="36" WC="0.96" CONTENT="kunna"/><SP WIDTH="28" VPOS="2293" HPOS="1060"/>
							<String ID="string_453" HPOS="1088" VPOS="2293" WIDTH="131" HEIGHT="48" WC="0.96" CONTENT="uppstå"/><SP WIDTH="28" VPOS="2293" HPOS="1219"/>
							<String ID="string_454" HPOS="1247" VPOS="2304" WIDTH="132" HEIGHT="36" WC="0.96" CONTENT="genom"/><SP WIDTH="29" VPOS="2304" HPOS="1379"/>
							<String ID="string_455" HPOS="1408" VPOS="2289" WIDTH="58" HEIGHT="38" WC="0.96" CONTENT="för"/><SP WIDTH="28" VPOS="2289" HPOS="1466"/>
							<String ID="string_456" HPOS="1494" VPOS="2289" WIDTH="125" HEIGHT="50" WC="0.94" CONTENT="trångt"/><SP WIDTH="27" VPOS="2289" HPOS="1619"/>
							<String ID="string_457" HPOS="1646" VPOS="2293" WIDTH="187" HEIGHT="46" WC="0.95" CONTENT="utrymme"/><SP WIDTH="24" VPOS="2293" HPOS="1833"/>
							<String ID="string_458" HPOS="1857" VPOS="2289" WIDTH="46" HEIGHT="47" WC="0.95" CONTENT="på"/><SP WIDTH="28" VPOS="2289" HPOS="1903"/>
							<String ID="string_459" HPOS="1931" VPOS="2300" WIDTH="44" HEIGHT="24" WC="0.94" CONTENT="en"/>
						</TextLine>
					</TextBlock>
				</ComposedBlock>
			</PrintSpace>
		</Page>
	</Layout>
</alto>
