1888 2794
262 153 20 28 4
428 179 13 14 ;
664 157 121 30 Första
805 157 240 36 lagutskottets
1064 157 176 31 utlåtande
1261 167 40 20 nr
1326 157 50 31 24.

268 240 173 30 inträffad
463 240 109 30 skada
597 241 81 29 eller
701 240 124 31 förlust
849 244 84 27 utan
956 241 43 30 de
1020 241 120 30 kunna
1164 241 159 30 utveckla
1346 240 50 37 sig
1420 240 51 30 till
1493 250 43 20 en
1560 239 177 38 rättegång
1761 241 12 30 i

267 291 148 36 egentlig
438 290 147 37 mening,
611 291 114 30 därest
747 291 111 30 under
881 291 252 36 förrättningen
1156 291 201 36 krigsfiskal
1381 292 81 29 eller
1486 300 119 21 annan
1631 300 75 21 som
1732 291 39 29 är

267 345 68 26 satt
360 345 49 26 att
432 342 133 29 bevaka
589 342 153 30 kronans
767 342 69 29 rätt
861 342 210 30 framställer
1095 342 156 36 yrkande
1277 351 58 21 om
1360 341 189 36 ersättning
1575 345 84 26 utan
1686 345 50 27 att
1759 342 12 29 i

267 392 255 36 sammanhang
546 392 144 31 därmed
715 392 109 30 väcka
851 393 250 29 ansvarstalan.

312 442 14 29 I
354 442 275 36 disciplin
640 441 43 31 mål
707 442 213 30 tillkommer
936 442 103 36 enligt
1056 442 205 37 strafflagen
1278 442 57 31 för
1352 442 239 37 krigsmakten
1608 442 162 30 bestraff-

267 491 171 37 ningsrätt
456 492 129 31 militär
601 493 234 30 befälhavare.
857 493 67 29 Till
943 492 232 37 disciplinmål
1192 494 128 29 räknas
1339 493 104 36 enligt
1464 494 61 29 185
1546 493 17 37 3
1584 493 114 30 denna
1716 493 55 36 lag

266 541 72 31 mål
362 542 177 37 angående
565 543 247 31 överträdelser
838 553 43 20 av
907 544 154 30 nämnda
1087 544 66 36 lag,
1180 543 43 31 då
1249 543 99 32 dessa
1374 544 249 29 överträdelser
1648 542 86 31 efter
1759 543 11 29 i

267 593 209 36 paragrafen
500 593 149 36 angivna
674 594 133 36 lagrum
831 594 120 30 kunna
975 594 159 30 försonas
1158 594 79 30 med
1261 593 224 31 arreststraff.
1511 593 44 31 Så
1579 594 40 29 är
1641 592 129 31 förhål-

266 643 119 30 landet
406 644 80 30 med
508 647 21 26 t.
555 653 51 21 ex.
630 644 160 36 rymning
814 645 67 29 och
906 644 139 37 olovligt
1068 644 293 36 undanhållande,
1386 645 130 36 vägran
1540 645 82 29 eller
1645 645 124 29 under-

266 691 154 33 låtenhet
453 697 49 27 att
537 694 150 36 fullgöra
721 695 157 30 förmans
913 695 200 36 befallning,
1149 695 329 36 persedelförseelse,
1504 695 266 36 förargelseväc-

265 743 117 31 kande
416 744 163 31 beteende
613 746 66 28 och
713 745 114 36 fylleri
861 748 90 27 samt
985 746 11 29 i
1029 746 191 30 allmänhet
1255 745 225 36 vårdslöshet,
1517 745 252 34 försummelse,

266 793 183 33 oförstånd
473 795 80 30 eller
577 795 228 36 oskicklighet
830 796 12 29 i
866 796 160 36 tjänsten.
1052 796 75 30 Den
1152 796 150 31 militära
1325 796 312 36 rättsskipningens
1660 796 110 29 hand-

266 845 162 31 havande
454 846 68 29 kan
547 845 228 37 följaktligen,
803 848 68 29 vad
896 845 107 38 angår
1027 846 109 32 första
1161 847 187 36 instansen,
1377 848 99 35 sägas
1502 856 84 21 vara
1612 846 161 30 fördelad

266 896 130 29 mellan
426 896 331 36 krigsdomstolarna
784 897 67 30 och
881 897 41 30 de
949 897 224 31 befälhavare
1201 897 35 31 åt
1263 897 94 31 vilka
1386 897 320 36 bestraffningsrätt
1731 897 42 29 är

266 945 217 31 anförtrodd.
510 945 107 32 Dessa
646 948 61 29 äro
732 946 115 31 såsom
873 949 91 35 regel
992 948 122 30 endast
1140 948 118 30 chefer
1285 948 56 30 för
1367 951 220 33 regementen
1613 948 65 30 och
1707 947 64 30 lik-

266 996 127 30 ställda
413 996 150 30 förband
583 997 82 30 eller
685 997 104 36 högre
810 998 225 30 befälhavare
1055 1002 91 26 samt
1166 998 58 30 vid
1243 998 127 30 flottan
1391 998 253 36 fartygschefer
1664 1008 46 20 m.
1733 997 37 30 fl.

264 1055 45 21 av
330 1046 107 31 minst
457 1047 332 35 regementsofficers
811 1048 96 36 grad.
933 1048 63 30 Vid
1019 1049 174 30 utövande
1214 1058 42 21 av
1279 1049 364 36 bestraffningsrätten
1664 1048 105 30 biträ-

267 1097 60 30 des
365 1097 249 31 befälhavaren
653 1107 42 21 av
733 1098 183 30 auditören
952 1098 58 31 vid
1048 1099 66 30 den
1154 1099 163 36 krigsrätt
1344 1109 76 21 som
1447 1100 65 29 har
1542 1102 50 27 att
1618 1103 154 32 upptaga

266 1146 71 30 mål
362 1146 79 31 från
464 1148 65 30 den
552 1147 267 36 ifrågavarande
842 1149 228 36 avdelningen
1093 1158 43 21 av
1160 1149 246 37 krigsmakten.
1433 1150 112 30 Innan
1569 1150 201 30 befälhava-

266 1206 63 21 ren
358 1196 137 38 ålägger
526 1198 274 36 disciplinstraff,
833 1199 41 30 är
901 1200 72 31 han
1003 1198 146 32 sålunda
1178 1200 136 36 skyldig
1343 1204 50 26 att
1422 1200 159 30 inhämta
1610 1200 162 37 yttrande

267 1257 43 20 av
334 1248 181 30 auditören
534 1248 150 30 rörande
707 1248 197 37 tillämpligt
925 1250 135 35 lagrum
1081 1250 67 30 och
1172 1250 105 30 vilket
1299 1250 114 35 straff,
1438 1260 75 20 som
1536 1251 64 29 bör
1621 1249 150 37 åläggas.

267 1298 190 30 Auditören
484 1298 66 30 blir
577 1298 109 36 jämte
714 1299 250 30 befälhavaren
992 1300 161 36 ansvarig
1181 1300 56 30 för
1265 1300 261 36 straffbeslutet,
1558 1301 114 32 därest
1700 1301 72 30 han

266 1348 79 30 icke
368 1350 185 29 antecknat
577 1349 210 30 reservation
811 1350 51 29 till
888 1351 216 34 protokollet.
1134 1350 13 30 I
1170 1350 166 31 händelse
1360 1354 47 27 ett
1432 1351 216 31 straffbeslut
1673 1351 99 31 blivit

267 1399 10 30 i
300 1408 50 21 nu
374 1399 152 30 nämnda
549 1399 146 36 ordning
718 1400 183 35 meddelat,
923 1392 73 38 kan
1018 1400 152 31 därefter
1192 1399 115 38 någon
1328 1402 242 30 ansvarstalan
1593 1402 58 31 vid
1675 1402 95 30 dom-

268 1450 67 29 stol
351 1449 77 31 icke
445 1450 126 30 väckas
589 1459 43 21 av
650 1459 79 21 vare
748 1450 50 36 sig
815 1449 163 37 åklagare
997 1451 81 30 eller
1094 1450 233 37 målsägande.
1348 1452 75 29 Den
1442 1452 126 31 dömde
1585 1452 71 30 står
1675 1453 96 30 däre-

268 1503 73 26 mot
358 1500 103 35 öppet
477 1502 49 27 att
541 1500 64 30 hos
623 1499 278 36 krigshovrätten
919 1500 123 30 anföra
1059 1501 124 30 besvär
1199 1505 91 26 emot
1307 1502 156 30 beslutet.
1481 1497 99 41 Älagt
1597 1502 174 36 disciplin-

268 1548 106 30 straff
397 1549 88 30 skall
509 1549 188 30 emellertid
719 1554 118 31 genast
860 1550 201 31 verkställas
1085 1554 85 26 utan
1191 1551 123 30 hinder
1337 1561 43 20 av
1404 1552 148 30 anförda
1574 1553 132 30 besvär.

312 1597 130 31 Militär
463 1598 223 31 befälhavare
706 1599 65 30 har
792 1599 79 30 icke
893 1600 121 30 endast
1036 1600 319 37 bestraffningsrätt
1376 1605 85 27 utan
1482 1603 88 29 även
1591 1602 12 30 i
1624 1602 68 31 viss
1714 1602 57 30 be-

268 1649 153 35 gränsad
444 1649 238 37 utsträckning
708 1650 67 30 rätt
799 1654 50 26 att
875 1649 120 37 ålägga
1029 1651 591 38 ersättningsskyldighet.
1657 1653 115 36 Enligt

268 1699 101 36 lagen
387 1699 67 30 den
470 1701 19 28 9
507 1699 75 37 juni
604 1700 82 30 1944
704 1699 178 37 angående
898 1701 202 36 behörighet
1119 1701 55 30 för
1194 1702 129 30 militär
1339 1702 225 31 befälhavare
1583 1707 50 27 att
1649 1703 122 36 ålägga

268 1749 405 37 ersättningsskyldighet
695 1750 58 30 må
775 1758 126 28 genom
925 1751 111 30 beslut
1060 1761 42 20 av
1126 1752 91 30 vissa
1241 1753 106 36 högre
1372 1753 150 31 militära
1547 1754 225 31 befälhavare

268 1800 405 36 ersättningsskyldighet
696 1800 49 30 till
769 1801 136 30 kronan
929 1800 137 37 åläggas
1092 1802 56 30 för
1170 1802 125 31 förlust
1317 1813 44 21 av
1386 1804 82 29 eller
1491 1804 110 31 skada
1626 1804 21 31 å
1672 1813 98 28 egen-

268 1851 93 35 dom,
388 1860 75 20 som
487 1851 116 30 tillhör
628 1851 81 30 eller
733 1851 130 36 nyttjas
889 1861 43 20 av
956 1852 246 36 krigsmakten,
1230 1852 147 32 såframt
1403 1854 368 37 ersättningsbeloppet

268 1900 31 37 ej
324 1901 186 35 överstiger
530 1901 186 30 etthundra
737 1902 140 29 kronor.

313 1950 225 31 Beträffande
564 1952 43 29 de
634 1951 149 30 militära
809 1951 133 32 målens
980 1953 450 37 anhängiggörande
1466 1956 60 29 äro
1554 1955 219 31 föreskrifter

267 2001 205 30 meddelade
493 2000 94 31 såväl
607 2001 12 30 i
640 2001 204 36 strafflagen
865 2002 57 31 för
942 2003 236 36 krigsmakten
1199 2013 74 21 som
1293 2004 12 30 i
1325 2005 101 36 lagen
1446 2015 57 20 om
1524 2006 246 36 krigsdomsto-

266 2051 67 35 lar;
359 2051 306 31 bestämmelserna
688 2061 79 21 avse
789 2052 11 30 i
826 2052 67 30 den
918 2052 95 31 förra
1037 2054 99 35 lagen
1163 2054 241 37 disciplinmål,
1428 2055 11 30 i
1464 2056 67 30 den
1554 2066 122 22 senare
1700 2056 71 31 mål

268 2111 77 20 som
367 2102 110 29 under
497 2103 67 29 alla
587 2101 242 32 förhållanden
853 2104 98 30 skola
972 2104 191 31 behandlas
1187 2105 57 30 vid
1265 2105 255 36 krigsdomstol.
1545 2106 120 38 Någon
1689 2108 83 29 reell

269 2151 153 31 skillnad
441 2153 126 29 mellan
589 2153 343 36 anhängiggörandet
951 2153 11 30 i
984 2163 64 21 ena
1069 2155 66 29 och
1156 2155 110 30 andra
1287 2155 97 31 fallet
1403 2156 191 32 förefinnes
1617 2159 88 30 dock
1726 2158 44 35 ej.

269 2202 265 30 Vederbörande
555 2202 224 31 befälhavare
800 2202 56 31 får
875 2203 11 30 i
907 2203 108 31 första
1035 2205 96 30 hand
1152 2205 194 37 befattning
1365 2207 81 30 med
1463 2208 161 37 samtliga
1645 2207 125 32 målen.

269 2252 154 30 Förmän
445 2253 64 29 och
533 2254 236 29 överordnade
790 2254 61 30 äro
874 2254 106 36 enligt
1001 2255 158 35 gällande
1182 2255 478 39 tjänstgöringsreglementen
1682 2258 87 36 plik-

269 2302 71 36 tiga
365 2306 51 27 att
441 2303 138 30 anmäla
606 2312 43 21 av
677 2304 265 31 underordnade
969 2305 9 29 i
1005 2306 80 29 eller
1111 2309 97 27 utom
1235 2305 150 37 tjänsten
1411 2307 179 38 begångna
1617 2309 46 30 fel
1689 2309 83 29 eller

269 2352 261 31 försummelser
557 2362 75 22 som
659 2354 147 30 kommit
831 2354 51 30 till
909 2355 98 30 deras
1034 2356 208 30 kännedom.
1272 2356 115 37 Enligt
1414 2360 237 34 nyssnämnda
1678 2357 93 32 båda

269 2402 98 36 lagar
388 2403 88 30 skall
498 2403 131 36 jämväl
652 2404 164 30 anmälan
839 2414 44 20 av
906 2403 161 38 åklagare
1089 2406 65 30 och
1177 2405 223 37 målsägande
1421 2409 149 31 rörande
1591 2410 91 30 brott
1704 2410 67 29 och

269 2452 183 32 förseelser
469 2454 59 30 ske
546 2454 64 30 hos
630 2453 65 31 den
713 2454 194 37 brottsliges
926 2455 232 31 befälhavare.
1178 2456 168 33 Närmare
1365 2459 183 37 utredning
1568 2470 57 20 om
1645 2461 126 29 brottet
