2206 2630
385 206 20 30 8
885 203 258 32 Statsutskottets
1164 201 169 33 utlåtande
1355 200 54 32 Nr
1433 200 54 31 57.

387 286 68 36 och
483 289 53 31 ett
564 297 44 23 av
636 284 172 46 samtliga
835 281 176 37 områden
1039 282 145 35 komme
1213 284 54 32 att
1293 277 156 39 omfatta
1477 283 52 31 ett
1548 277 150 37 område
1717 277 193 48 lappmark
1929 276 69 37 och

388 342 53 30 ett
480 334 150 38 område
669 333 186 37 kustland.
910 332 228 37 Kommittén
1165 330 94 37 hade
1288 329 56 37 för
1372 331 57 35 sin
1457 329 60 36 del
1545 330 31 47 ej
1607 330 97 35 velat
1732 329 116 35 uttala
1875 330 124 46 någon

389 386 168 37 bestämd
597 387 153 45 mening
789 386 12 33 i
829 389 134 38 ämnet,
993 388 91 30 utan
1111 381 205 48 föredragit
1344 386 53 30 att
1424 381 58 34 till
1510 379 256 48 övervägande
1793 378 206 48 framlägga

388 437 95 35 båda
510 437 44 34 de
582 435 161 36 nämnda
770 434 255 35 alternativen.
1062 430 416 50 Departementschefen
1505 431 77 42 har,
1611 435 89 30 utan
1728 434 53 30 att
1803 429 89 47 vilja
1910 435 90 41 göra

388 490 114 44 något
537 484 187 38 bindande
765 483 192 36 uttalande
998 484 12 34 i
1038 482 121 36 denna
1185 481 117 48 fråga,
1331 480 178 36 förklarat
1537 481 58 46 sig
1621 492 86 23 vara
1733 478 90 48 böjd
1850 483 54 31 att
1931 491 67 23 an-

389 537 98 36 sluta
527 537 58 47 sig
623 537 59 34 till
723 536 193 34 alternativ
956 533 40 36 B.
1050 532 127 37 Såsom
1219 533 182 34 utskottet
1441 543 94 23 ovan
1567 529 224 43 omförmält,
1820 529 66 35 har
1913 529 87 35 herr

388 588 201 47 Bergqvist
628 587 13 34 i
670 587 79 34 sina
776 586 12 34 i
816 589 124 31 ämnet
966 585 130 34 väckta
1123 584 184 34 motioner
1334 582 78 35 dels
1439 581 109 48 yrkat
1575 583 47 44 på
1648 579 228 36 anställande
1904 592 44 23 av
1977 581 20 34 6

389 637 234 47 inspektörer
650 637 12 33 i
690 635 114 35 Luleå
832 633 91 47 stift,
952 633 78 35 dels
1057 633 166 35 förordat
1250 630 254 38 ovanberörda
1532 630 196 35 alternativ
1751 630 43 34 A.

491 684 237 38 Beträffande
756 683 179 38 Gottland
962 683 94 36 hade
1083 683 222 36 kommittén
1332 680 203 48 föreslagit,
1564 684 54 31 att
1644 680 261 47 inspektionen
1933 678 67 35 där

390 738 117 35 skulle
535 737 77 36 tills
640 735 125 37 vidare
793 735 216 49 uppehållas
1038 737 46 45 på
1111 746 140 23 samma
1278 736 74 32 sätt
1379 744 78 23 som
1485 731 145 44 hittills,
1659 730 68 36 och
1755 734 54 31 att
1837 734 53 31 ett
1909 730 90 35 visst

390 789 147 48 belopp,
576 787 212 48 förslagsvis
826 787 109 41 2,000
963 786 148 43 kronor,
1140 785 118 35 skulle
1287 783 123 36 ställas
1438 782 58 35 till
1525 781 137 48 Kungl.
1690 780 123 48 Maj:ts
1840 779 160 49 disposi-

391 841 80 33 tion
507 843 66 37 att,
601 841 48 45 på
681 842 72 31 sätt
782 836 279 36 förhållandena
1089 835 188 48 medgåve,
1307 833 183 36 användas
1518 833 58 34 till
1604 831 135 36 arvode
1766 830 59 36 för
1851 831 150 48 inspek-

390 890 129 34 tionen
546 887 341 36 därsammastädes.
941 885 218 36 Emellertid
1187 885 93 35 hade
1299 883 432 46 folkskolöverstyrelsen
1750 880 176 44 förordat,
1947 886 53 29 att

390 937 188 38 Gottland:
609 939 12 33 i
660 935 442 50 inspektionshänseende
1144 935 117 35 skulle
1302 933 146 36 förenas
1489 931 85 36 med
1613 931 199 36 Södertörn
1848 931 69 35 och
1945 935 55 30 att

389 988 107 36 dessa
536 987 175 36 områden
752 987 246 35 tillsammans
1027 986 117 35 skulle
1171 984 101 36 bilda
1300 989 52 30 ett
1379 980 382 51 inspektionsområde
1789 994 44 22 av
1860 992 141 24 samma

390 1045 57 30 art
487 1052 79 23 som
595 1038 44 36 de
667 1039 137 46 övriga.
859 1037 73 35 Till
961 1036 101 36 detta
1089 1034 228 38 sistnämnda
1343 1033 140 48 förslag
1511 1033 164 35 ansluter
1703 1033 57 46 sig
1786 1044 53 22 nu
1867 1031 132 47 depar-

390 1088 296 37 tementschefen
722 1088 119 35 under
877 1089 160 42 erinran,
1067 1092 53 30 att
1147 1087 217 46 härigenom
1392 1083 193 36 föranletts
1613 1095 46 23 en
1687 1082 242 47 omläggning
1956 1094 44 22 av

391 1140 199 35 distrikten
617 1140 12 34 i
657 1137 347 48 mälarlandskapen
1032 1138 68 34 och
1127 1138 13 33 i
1168 1141 100 30 östra
1295 1135 151 35 delarna
1473 1147 42 22 av
1543 1132 193 36 Götaland.

492 1190 15 34 I
536 1189 265 46 sammanhang
828 1187 85 36 med
941 1186 131 48 frågan
1099 1199 60 22 om
1185 1185 243 47 indelningen
1456 1184 13 34 i
1495 1181 411 49 inspektionsområden
1933 1182 66 34 vill

391 1241 183 34 utskottet
601 1240 177 44 slutligen
806 1239 122 34 erinra
954 1250 60 23 om
1042 1237 85 35 herr
1154 1236 156 47 Helgers
1338 1233 251 37 ovanberörda
1617 1233 141 35 motion
1786 1244 60 24 om
1866 1232 135 35 anstäl-

389 1290 110 37 lande
527 1303 42 23 av
595 1295 56 31 tre
678 1289 393 47 folkskolinspektörer
1097 1288 100 35 inom
1224 1284 205 38 Värmland
1456 1284 69 36 och
1552 1282 188 37 Dalsland.

493 1341 190 35 Utskottet
723 1340 65 35 vill
828 1338 58 37 för
922 1340 56 34 sin
1008 1339 58 35 del
1094 1338 79 35 icke
1201 1337 196 35 underlåta
1424 1340 53 30 att
1504 1334 206 43 framhålla,
1740 1338 53 31 att
1819 1334 96 34 vissa
1942 1333 59 34 in-

393 1390 367 49 spektionsområden
788 1402 108 36 synas
923 1390 171 46 tilltagna
1120 1389 60 35 väl
1207 1392 110 38 stora,
1333 1387 69 34 och
1430 1390 54 30 ett
1511 1385 121 35 flertal
1656 1383 216 36 utlåtanden
1892 1396 45 22 av
1956 1383 45 34 de

392 1442 12 34 i
432 1441 152 35 ärendet
611 1440 115 36 hörda
754 1439 310 49 myndigheterna
1091 1439 92 34 hava
1202 1437 109 35 också
1329 1439 79 45 gått
1427 1437 11 33 i
1459 1435 120 35 denna
1597 1435 177 46 riktning.
1811 1433 56 35 Då
1885 1433 115 35 emel-

391 1491 113 36 lertid
532 1490 428 48 folkskolöverstyrelsen
989 1488 189 43 förklarat,
1207 1492 54 31 att
1289 1494 92 28 även
1408 1485 85 35 med
1520 1484 62 36 det
1608 1497 53 22 nu
1688 1482 207 48 framlagda
1923 1482 77 36 för-

392 1543 117 46 slaget
550 1554 44 22 en
621 1542 168 34 verksam
818 1540 210 47 inspektion
1057 1539 72 35 kan
1156 1537 282 42 åstadkommas,
1466 1536 120 34 finner
1614 1536 56 46 sig
1697 1535 190 41 utskottet,
1917 1532 85 36 med

392 1592 144 47 hänsyn
577 1592 58 34 till
678 1590 45 35 de
756 1590 114 35 ökade
897 1589 210 42 kostnader,
1136 1601 78 22 som
1243 1588 70 34 den
1341 1599 51 23 nu
1420 1585 218 47 ifrågasatta
1665 1584 296 47 omregleringen
1989 1583 13 34 i

395 1643 66 34 allt
488 1641 66 35 fall
589 1642 168 34 kommer
784 1645 54 30 att
865 1639 177 43 medföra,
1071 1639 33 47 ej
1133 1639 126 34 kunna
1286 1650 52 22 nu
1366 1635 148 36 förorda
1542 1640 116 30 större
1685 1634 103 35 antal
1815 1634 188 47 inspektö-

395 1705 59 22 rer
481 1699 46 28 än
556 1691 62 36 det
646 1704 42 23 av
717 1691 137 46 Kungl.
883 1690 106 47 Maj:t
1016 1689 219 47 föreslagna,
1265 1689 89 34 eller
1382 1688 45 34 34
1457 1685 57 36 för
1540 1686 83 34 hela
1650 1685 106 34 riket.

496 1741 236 37 Beträffande
760 1741 62 35 det
850 1754 43 22 av
921 1737 407 51 departementschefen
1356 1737 59 36 för
1434 1750 46 22 en
1496 1749 44 22 av
1558 1736 281 48 inspektörerna
1856 1734 13 35 i
1888 1734 115 35 Luleå

395 1792 82 37 stift
504 1792 216 48 ifrågasatta
746 1791 173 44 biträdet,
948 1791 66 35 har
1041 1791 179 35 utskottet
1247 1790 32 47 ej
1310 1788 128 36 funnit
1465 1787 120 35 denna
1612 1786 209 47 anordning
1847 1786 156 46 lämplig

395 1844 69 35 och
504 1844 72 34 kan
617 1842 235 47 följaktligen
892 1842 12 34 i
933 1841 121 35 denna
1081 1841 58 34 del
1168 1841 30 46 ej
1230 1840 147 35 ansluta
1404 1839 56 46 sig
1487 1838 58 34 till
1573 1835 428 48 departementschefens

397 1893 288 46 framställning.

495 1943 83 35 Vad
614 1943 176 46 slutligen
818 1944 114 45 angår
959 1941 236 47 regleringen
1223 1952 42 23 av
1292 1935 432 51 inspektionsområdena
1750 1935 92 35 hava
1868 1935 135 35 visser-

394 1995 101 47 ligen
523 1991 428 50 departementschefens
979 1991 217 35 uttalanden
1223 1991 12 34 i
1263 1989 102 36 detta
1392 1987 176 37 avseende
1595 1987 80 35 icke
1710 1985 95 49 givit
1823 1985 181 35 utskottet

395 2044 202 48 anledning
637 2044 58 34 till
736 2042 180 36 särskilda
943 2043 218 46 erinringar.
1213 2040 55 36 Då
1296 2038 207 37 emellertid
1531 2038 184 46 åtskilliga
1743 2035 261 50 myndigheter

394 2094 202 35 framställt
635 2094 199 40 önskemål,
864 2105 79 23 som
983 2093 157 46 givetvis
1167 2091 89 35 böra
1283 2092 147 33 komma
1457 2088 119 36 under
1603 2087 257 47 omprövning,
1889 2087 115 33 innan

395 2144 73 35 den
496 2144 188 35 definitiva
711 2144 234 46 regleringen
968 2141 211 43 fastställes,
1199 2141 122 35 finner
1340 2141 56 46 sig
1415 2140 181 34 utskottet
1615 2137 31 47 ej
1670 2138 88 34 böra
1775 2135 228 48 ifrågasätta,

395 2199 53 31 att
474 2194 197 47 riksdagen
699 2206 134 35 genom
860 2196 116 44 några
1002 2191 189 36 bestämda
1218 2190 218 36 uttalanden
1457 2189 117 35 skulle
1593 2187 115 36 binda
1724 2187 136 46 Kungl.
1880 2185 124 48 Maj:ts

397 2244 70 36 fria
494 2246 184 47 prövning
706 2257 43 22 av
776 2243 279 48 ifrågavarande
1084 2243 190 47 spörsmål,
1304 2245 89 30 utan
1421 2239 106 36 torde
1555 2238 62 36 det
1645 2238 151 47 slutliga
1824 2243 180 41 avgöran-

396 2294 61 37 det
496 2294 232 37 beträffande
760 2295 112 35 rikets
899 2294 195 47 indelning
1121 2294 13 34 i
1161 2289 408 51 inspektionsområden
1595 2289 90 35 böra
1713 2287 226 37 överlämnas
1967 2289 38 32 åt
