1916 2812
553 154 290 37 Statsutskottets
866 151 182 36 utlåtande
1072 163 41 23 nr
1134 155 73 38 146.
1606 153 20 30 3

183 236 35 41 2)
270 235 211 42 beträffande
501 233 249 44 granskningen
769 246 45 22 av
833 234 66 33 den
919 232 221 35 ekonomiska
1159 231 263 43 förvaltningen:
1443 236 53 29 att
1517 231 108 34 denna

139 280 82 35 skall
236 280 59 34 ske
309 291 122 31 genom
444 279 76 43 fyra
535 279 172 40 revisorer,
722 291 44 21 av
782 278 93 34 vilka
889 278 129 42 Kungl.
1035 277 109 42 Maj:t
1158 282 92 29 utser
1266 278 60 32 två
1340 276 64 34 och
1421 276 119 34 staden
1554 276 72 33 två.

184 325 41 35 V.
272 325 111 34 Detta
402 325 92 33 avtal
512 324 116 33 träder
646 323 11 34 1
674 323 94 34 kraft
788 323 66 33 den
876 326 16 30 1
913 322 62 42 juli
998 325 86 31 1949
1106 322 63 34 och
1189 322 100 42 gäller
1309 320 50 35 till
1379 321 63 34 och
1462 320 79 34 med
1562 320 65 34 den

140 373 42 31 30
202 369 73 43 juni
299 372 98 32 1964.
418 369 127 34 Därest
566 368 130 35 avtalet
717 368 74 34 icke
812 380 45 21 av
876 368 111 41 någon
1008 370 78 39 part
1105 369 168 40 uppsäges
1293 365 103 35 minst
1416 366 61 33 två
1499 366 37 33 år
1557 364 71 35 före

138 414 220 35 avtalstidens
375 414 141 42 utgång,
533 412 166 44 förlänges
717 412 144 34 avtalets
879 412 220 43 giltighetstid
1117 411 94 42 varje
1229 412 89 42 gång
1334 410 79 34 med
1430 410 131 34 femton
1579 410 47 33 år.

219 459 65 34 den
299 460 81 33 mån
397 471 43 21 av
457 458 119 34 staden
591 458 71 34 före
679 458 145 33 avtalets
841 457 166 42 ingående
1023 456 119 43 gjorda
1159 455 193 35 utfästelser
1367 467 59 22 om
1443 455 117 42 anslag
1576 454 50 34 till

138 504 202 43 högskolans
366 502 217 35 verksamhet
609 514 80 22 avse
713 502 63 40 tid,
802 501 169 34 varunder
996 501 96 34 detta
1118 501 94 34 avtal
1239 504 78 39 äger
1342 500 164 43 giltighet,
1534 499 94 34 skola

139 549 119 34 staden
279 548 142 34 sålunda
440 547 157 35 åvilande
616 547 234 42 förpliktelser,
871 547 36 33 så
927 547 98 41 länge
1046 546 132 34 avtalet
1198 546 112 42 gäller,
1331 556 95 23 anses
1446 544 180 42 fullgjorda

139 605 122 32 genom
273 593 130 43 bidrag,
416 605 72 21 som
503 592 119 34 staden
635 593 131 33 lämnar
779 592 105 42 enligt
897 591 298 34 bestämmelserna
1207 591 9 33 i
1230 602 105 22 mom.
1349 589 38 33 II
1401 590 34 42 a)
1452 589 62 34 här
1527 601 100 21 ovan.

184 692 110 34 Detta
316 691 94 35 avtal
433 690 62 34 har
516 693 197 40 upprättats
736 691 11 34 i
767 694 52 29 tre
841 689 216 43 likalydande
1080 688 180 43 exemplar,
1284 700 44 22 av
1351 687 93 34 vilka
1466 692 161 38 parterna

140 737 85 42 tagit
246 748 62 22 var
328 736 69 34 sitt.

185 798 197 35 Stockholm
400 798 65 34 den
484 800 41 31 12
542 796 135 43 januari
695 799 100 32 1948.

777 868 69 33 För
865 871 126 30 staten:

174 922 77 35 Nils
263 922 163 34 Löwbeer
580 921 79 35 Joh.
675 921 132 35 Dillner
940 920 105 34 Assar
1060 919 163 43 Hadding
1349 919 90 35 Sven
1451 920 147 33 Larsson

771 984 68 34 För
864 983 129 35 staden:

161 1039 86 34 Zeth
270 1038 163 43 Höglund
533 1038 142 42 Ragnar
690 1037 150 34 Tomson
974 1037 84 33 Ivar
1071 1035 111 35 Öman
1338 1035 137 35 Joakim
1490 1035 113 43 Garpe

637 1100 68 34 För
723 1099 214 35 Stockholms
956 1098 173 43 högskola:

164 1155 91 34 Sven
282 1155 156 42 Tunberg
582 1151 76 36 Äke
670 1153 139 34 Hassler
949 1152 117 34 M.G.
1085 1151 132 42 Stålfelt
1314 1150 77 35 Nils
1417 1151 52 34 W.
1494 1150 136 35 Öström

488 1251 149 33 Avtalet
658 1249 215 43 beträffande
896 1249 191 43 Göteborgs
1107 1248 174 43 högskola.

187 1323 18 33 I
220 1322 88 44 syfte
323 1326 51 30 att
388 1334 122 31 genom
525 1322 204 34 samverkan
743 1321 122 34 mellan
880 1325 113 30 staten
1009 1321 63 33 och
1089 1320 190 43 Göteborgs
1295 1321 76 34 stad
1386 1325 124 38 trygga
1525 1320 105 35 Göte-

142 1368 98 42 borgs
263 1367 178 43 högskolas
465 1367 162 33 fortsatta
650 1366 196 42 utveckling
869 1366 61 33 har
953 1366 123 33 mellan
1101 1369 122 37 staten,
1248 1365 190 43 Göteborgs
1464 1365 78 34 stad
1567 1365 63 34 och

142 1412 186 43 högskolan
341 1432 47 5 —
401 1412 107 33 under
523 1411 244 43 förutsättning
782 1423 44 22 av
841 1411 127 41 Kungl.
986 1410 125 42 Maj:ts
1126 1410 64 33 och
1205 1410 193 42 riksdagens
1416 1415 90 29 samt
1522 1410 108 33 stads-

144 1456 227 43 fullmäktiges
395 1457 4 34 i
418 1455 176 43 Göteborg
611 1455 64 34 och
694 1455 178 43 styrelsens
890 1454 53 34 för
959 1454 188 43 högskolan
1166 1454 248 43 godkännande
1431 1475 46 4 —
1494 1454 136 34 träffats

143 1501 149 42 följande
310 1500 336 34 överenskommelse:

187 1546 29 33 I.
261 1546 57 33 Av
332 1545 202 42 högskolans
551 1544 138 42 styrelse
705 1547 180 40 upprättat
899 1543 125 43 förslag
1036 1543 51 34 till
1103 1547 69 30 stat
1186 1543 53 34 för
1253 1543 197 43 högskolan,
1467 1543 165 34 avseende

143 1591 94 34 tiden
259 1591 63 33 den
347 1594 15 29 1
386 1589 175 43 juli-den
583 1593 42 30 30
647 1589 74 42 juni
746 1588 191 43 (budgetår)
965 1591 89 30 samt
1076 1588 220 42 upptagande
1318 1589 45 42 på
1384 1588 244 34 inkomstsidan

142 1635 202 43 högskolans
362 1634 53 34 för
433 1635 72 33 året
526 1634 188 42 disponibla
732 1645 86 31 egna
837 1633 108 34 medel
965 1633 64 33 och
1049 1633 45 42 på
1114 1632 215 43 utgiftssidan
1349 1632 53 34 för
1421 1633 71 33 året
1510 1632 120 34 beräk-

144 1681 86 33 nade
252 1679 274 40 driftkostnader,
550 1680 110 32 såsom
682 1679 89 33 löne-
795 1678 62 34 och
879 1677 342 43 pensionskostnader
1244 1681 89 30 samt
1356 1677 242 34 omkostnader
1619 1677 12 34 i

143 1725 121 42 övrigt,
285 1724 84 34 skall
390 1724 125 42 årligen
536 1723 72 34 före
629 1723 64 34 den
718 1726 15 30 1
757 1723 74 42 juni
851 1722 235 34 kalenderåret
1106 1725 153 31 närmast
1280 1722 72 34 före
1374 1722 57 34 det
1452 1722 179 42 budgetår,

144 1769 227 42 statförslaget
387 1781 106 28 avser,
509 1768 131 42 ingivas
656 1768 69 34 dels
741 1768 51 33 till
809 1767 128 42 Kungl.
954 1767 109 42 Maj:t
1080 1767 63 33 och
1161 1767 70 34 dels
1247 1766 49 34 till
1314 1766 317 43 stadsfullmäktige,

144 1826 71 22 som
233 1817 80 31 över
330 1813 158 42 förslaget
507 1813 123 42 avgiva
648 1812 161 43 yttrande
826 1812 49 34 till
893 1811 128 43 Kungl.
1040 1811 120 42 Maj:t.
1179 1811 77 34 Stat
1274 1811 53 34 för
1344 1811 188 43 högskolan
1549 1810 81 34 fast-

144 1859 110 34 ställes
274 1871 44 21 av
336 1858 128 41 Kungl.
482 1856 120 42 Maj:t.

187 1903 18 33 I
226 1902 169 34 fastställd
417 1906 68 29 stat
505 1906 176 37 upptagen
703 1900 197 43 utgiftspost
919 1901 58 32 må
997 1900 31 42 ej
1051 1900 213 33 överskridas
1284 1900 77 33 eller
1382 1899 178 34 användas
1580 1899 52 34 för

144 1953 105 29 annat
265 1951 43 30 än
324 1950 111 30 avsett
450 1946 171 40 ändamål,
638 1945 61 34 där
714 1945 28 42 ej
760 1945 129 42 Kungl.
904 1944 108 42 Maj:t
1028 1945 45 41 på
1089 1944 107 43 grund
1213 1957 44 21 av
1273 1944 163 33 särskilda
1450 1943 181 34 förhållan-

145 1992 62 34 den
223 1992 131 33 lämnat
371 1990 150 34 tillstånd
539 1990 123 34 härtill.

188 2036 49 33 II.
283 2036 65 33 Till
364 2034 216 35 bestridande
598 2047 43 21 av
658 2034 65 34 den
738 2033 267 43 utgiftssumma,
1023 2045 72 22 som
1113 2033 102 43 enligt
1232 2033 63 34 den
1311 2032 194 35 fastställda
1522 2036 109 33 staten

145 2081 72 34 icke
240 2081 115 33 täckes
379 2092 44 21 av
446 2079 204 43 högskolans
674 2091 84 30 egna
782 2078 110 34 medel
914 2098 46 5 —
987 2077 319 43 (anslagssumman)
1332 2098 46 5 —
1402 2077 94 35 skola
1521 2082 110 30 staten

145 2125 62 34 och
225 2125 118 34 staden
360 2124 141 42 bidraga
519 2123 103 43 enligt
639 2123 150 42 följande
806 2122 155 43 grunder:

189 2170 33 41 a)
250 2169 92 34 Intill
367 2169 74 33 dess
464 2168 291 42 anslagssumman
779 2168 132 41 uppgår
933 2167 49 33 till
1008 2170 65 30 825
1088 2170 65 30 000
1178 2166 133 40 kronor,
1335 2166 154 43 bidrager
1514 2167 118 33 staden

146 2214 77 34 med
244 2218 65 29 275
324 2217 64 30 000
408 2214 125 33 kronor
553 2212 63 34 och
637 2224 160 22 ansvarar
817 2217 112 28 staten
948 2211 53 33 för
1021 2211 204 34 återstoden.
1246 2211 76 33 När
1342 2211 289 42 anslagssumman

146 2259 130 42 uppgår
294 2258 50 32 till
363 2270 72 20 mer
454 2260 42 30 än
517 2260 65 29 825
598 2260 65 29 000
682 2256 135 40 kronor,
835 2259 100 38 utgör
954 2255 135 33 stadens
1109 2255 119 42 bidrag
1247 2255 68 33 dels
1337 2254 64 43 1/3
1422 2267 44 21 av
1486 2258 65 30 825
1566 2259 65 29 000

146 2304 133 38 kronor,
296 2302 67 33 dels
379 2301 62 33 ock
460 2300 64 42 1/4
542 2313 43 20 av
601 2300 57 33 det
672 2300 135 42 belopp,
823 2299 139 33 varmed
979 2299 289 41 anslagssumman
1286 2298 183 43 överstiger
1486 2302 65 30 825
1566 2303 65 29 000

148 2348 132 38 kronor,
299 2345 86 33 dock
405 2348 64 36 att,
489 2345 112 33 därest
620 2344 29 42 ej
669 2344 179 33 framdeles
868 2347 103 29 annat
989 2342 292 34 överenskommes
1300 2343 121 33 mellan
1442 2346 109 30 staten
1571 2343 62 33 och

146 2391 130 41 staden,
297 2390 135 33 stadens
452 2388 255 42 sammanlagda
727 2388 119 41 bidrag
865 2388 70 34 icke
956 2387 83 34 skall
1059 2387 166 41 överstiga
1247 2390 65 30 400
1327 2390 65 30 000
1412 2387 135 34 kronor.

191 2436 74 32 Har
281 2434 128 42 Kungl.
426 2433 108 41 Maj:t
551 2433 130 33 lämnat
697 2432 163 40 tillstånd,
878 2444 71 21 som
968 2444 94 21 avses
1084 2432 4 33 i
1106 2443 104 22 mom.
1227 2432 17 32 I
1263 2431 104 34 andra
1385 2431 147 43 stycket,
1550 2431 81 34 skall

147 2480 141 34 sålunda
311 2479 201 34 tillkommet
536 2477 242 42 utgiftsbelopp
802 2476 156 34 inräknas
984 2476 9 33 i
1018 2476 300 42 anslagssumman.
