1904 2760
274 170 40 30 54
639 170 286 30 Statsutskottets
946 170 179 29 utlåtande
1144 179 43 20 nr
1208 170 40 29 10
1268 170 40 30 år
1331 170 83 29 1962

589 254 29 30 4.
645 254 132 39 Rörligt
798 255 128 38 tillägg,
947 254 203 40 förslagsvis
1178 277 427 7 .ss.s.s..s.s.ssserers
1554 250 54 48 ers
1636 255 62 30 223
1713 255 63 30 900

588 305 29 29 5.
643 304 275 40 Kompensation
960 304 54 30 för
1058 305 108 39 höjda
1210 304 403 41 folkpensionsavgifter,

641 355 206 40 fÖRSlAGgSVIS
866 351 27 49 oc
913 351 49 49 viss
980 378 49 6 een
1038 351 13 49 te
1068 351 27 49 sie
1113 351 27 49 «le
1179 378 28 6 ee
1215 351 13 49 je
1237 351 14 49 ie
1270 378 25 6 ne
1304 351 13 49 Je
1326 351 14 49 le
1378 351 27 49 RTR
1414 351 20 49 JA)
1444 378 6 6 a
1466 378 28 6 HR
1511 351 12 49 el
1528 351 16 49 fEG
1555 378 27 6 AR
1586 351 19 49 DR
1658 356 40 29 20
1712 355 64 31 400

1357 431 144 30 Summa
1524 431 52 29 kr.
1604 431 14 29 1
1635 431 61 30 067
1712 431 64 30 000

632 531 34 34 ec)
720 531 53 30 till
799 532 139 29 Statens
965 531 139 31 institut
1128 531 58 40 för
1211 531 350 40 konsumentfrågor:
1590 531 187 39 Avlöning-

588 591 40 20 ar
665 581 54 31 för
755 581 205 40 budgetåret
997 582 149 35 1962/63
1184 582 121 30 anvisa
1341 584 48 28 ett
1426 582 272 40 förslagsanslag
1736 591 42 21 av

590 632 92 30 1067
698 632 62 30 000
782 632 52 29 kr.

321 748 97 36 536:0)
446 750 137 30 Statens
610 750 135 29 institut
771 750 58 29 för
854 750 342 36 konsumentfrågor:
1227 750 264 30 Omkostnader.
1519 750 125 40 Kungl.
1673 750 106 40 Maj:t

277 799 65 29 har
365 799 179 40 föreslagit
567 799 186 40 riksdagen
781 799 130 39 (punkt
935 801 50 34 57,
1009 810 26 20 s.
1061 800 189 37 144-—146)
1279 802 50 28 att
1353 801 52 29 till
1429 801 267 39 ifrågavarande
1720 802 58 29 än-

277 849 118 30 damål
416 849 55 31 för
491 850 204 39 budgetåret
717 850 151 35 1962/63
890 851 120 29 anvisa
1030 853 49 28 ett
1101 851 274 40 förslagsanslag
1396 861 42 20 av
1458 851 63 31 425
1534 852 63 30 000
1619 852 51 29 kr.

322 950 166 40 Anslaget
511 952 38 29 är
572 951 54 31 för
647 951 237 30 innevarande
906 952 170 39 budgetår
1100 954 164 38 upptaget
1287 953 80 29 med
1390 953 61 30 307
1467 953 62 30 000
1553 954 52 31 kr.

322 1001 275 39 Anslagsposten
623 1002 323 39 Reseersättningar
971 1003 98 29 torde
1096 1003 106 39 enligt
1229 1003 253 39 föredragande
1510 1004 187 30 statsrådet
1725 1003 54 30 för

278 1053 103 29 nästa
399 1052 170 40 budgetår
587 1053 84 29 böra
688 1053 214 31 bestämmas
921 1054 51 29 till
993 1054 38 30 13
1047 1055 63 29 500
1130 1055 62 35 kr.,
1213 1054 238 30 innebärande
1471 1064 42 20 en
1530 1055 147 39 höjning
1697 1055 79 29 med

280 1102 19 29 4
314 1103 63 30 000
401 1103 51 30 kr.
476 1103 52 29 Av
551 1104 265 39 anslagsposten
840 1104 62 29 bör
925 1104 94 31 3500
1044 1105 52 28 kr.
1121 1104 37 30 få
1181 1105 205 38 disponeras
1410 1105 56 29 för
1489 1104 222 30 bestridande
1737 1114 42 20 av

278 1153 191 29 kostnader
486 1153 55 30 för
554 1154 261 29 internordiska
832 1163 104 21 resor.

323 1203 13 28 I
364 1202 99 40 fråga
488 1212 58 21 om
571 1204 180 39 delposten
777 1203 127 40 Övriga
930 1213 167 31 expenser
1124 1204 160 31 förordas
1311 1214 43 20 en
1380 1205 148 40 höjning
1554 1206 80 29 med
1663 1205 39 30 19
1716 1205 63 30 000

278 1253 63 34 kr.,
366 1263 106 20 varav
496 1253 18 30 3
529 1253 62 31 000
616 1254 51 30 kr.
693 1263 100 21 avser
817 1255 68 30 den
909 1254 150 40 begärda
1084 1255 387 40 engångsanvisningen
1497 1256 52 29 till
1574 1256 204 39 komplette-

279 1303 77 41 ring
376 1313 41 21 av
435 1304 230 40 inredningen
684 1306 11 29 i
714 1305 287 40 föreläsningssal
1020 1315 46 20 m.
1086 1315 46 21 m.

322 1354 14 29 I
360 1354 112 40 övrigt
498 1354 197 31 föranleder
719 1355 72 31 inte
816 1355 193 31 institutets
1035 1356 235 40 beräkningar
1296 1366 43 21 av
1363 1357 278 30 medelsbehovet
1668 1358 110 29 under

277 1404 388 40 omkostnadsanslaget
691 1405 115 40 någon
832 1406 149 30 erinran.
1007 1406 166 40 Anslaget
1198 1407 99 30 torde
1324 1407 149 30 sålunda
1500 1407 83 31 böra
1609 1408 169 39 uppföras

278 1456 79 29 med
378 1455 64 31 425
455 1456 64 32 000
539 1457 52 29 kr.

323 1556 175 30 Utskottet
520 1556 192 40 tillstyrker
734 1557 68 31 den
826 1557 197 40 föreslagna
1046 1558 365 40 medelsanvisningen
1435 1559 65 29 och
1522 1559 211 34 hemställer,

632 1610 49 28 att
697 1608 188 40 riksdagen
901 1609 58 30 må
974 1608 52 31 till
1042 1609 140 30 Statens
1200 1609 141 29 institut
1356 1609 56 40 för
1428 1610 348 39 konsumentfrågor:

589 1658 259 31 Omkostnader
878 1659 55 30 för
963 1659 205 39 budgetåret
1201 1660 151 35 1962/63
1384 1660 121 30 anvisa
1536 1662 48 28 ett
1615 1660 164 39 förslags-

588 1709 120 39 anslag
729 1719 42 20 av
792 1709 64 30 425
870 1709 63 31 000
953 1711 51 29 kr.

322 1826 98 36 97:0)
442 1828 136 30 Statens
595 1829 282 29 konsumentråd.
895 1829 122 37 Kungl.
1035 1829 104 36 Maj:t
1156 1829 64 29 har
1239 1828 180 40 föreslagit
1438 1828 186 40 riksdagen
1649 1829 129 39 (punkt

278 1877 51 35 98,
354 1887 27 21 s.
407 1877 61 31 146
492 1878 65 30 och
583 1878 77 35 147)
689 1881 50 28 att
763 1879 53 29 till
840 1878 267 40 ifrågavarande
1132 1879 163 30 ändamål
1320 1879 56 30 för
1399 1879 204 39 budgetåret
1629 1879 149 36 1962/63

278 1928 122 31 anvisa
419 1930 49 29 ett
487 1928 273 40 förslagsanslag
780 1938 43 21 av
843 1929 40 30 75
898 1929 61 30 000
979 1930 52 29 kr.

321 2028 166 40 Anslaget
507 2030 39 29 är
566 2029 55 31 för
640 2029 237 32 innevarande
898 2030 168 39 budgetår
1087 2032 167 38 upptaget
1275 2031 80 29 med
1377 2030 42 30 73
1431 2030 63 30 000
1515 2031 52 29 kr.

321 2079 266 39 Föredragande
607 2079 187 31 statsrådet
814 2080 191 39 tillstyrker
1025 2080 191 31 anvisande
1236 2081 55 30 för
1310 2082 102 29 nästa
1431 2081 170 39 budgetår
1621 2091 41 20 av
1682 2081 18 30 2
1715 2080 63 30 000

277 2129 52 31 kr.
356 2129 55 31 för
436 2132 50 28 att
510 2130 208 39 möjliggöra
742 2130 56 31 för
823 2131 98 30 rådet
946 2133 49 28 att
1019 2131 11 29 i
1056 2131 262 30 kassarörelsen
1345 2132 110 29 anlita
1480 2131 150 30 särskild
1657 2131 122 30 bokfö-

276 2180 209 39 ringshjälp.
505 2180 69 31 Till
596 2180 460 41 löneklassuppflyttningar
1078 2182 65 30 och
1164 2182 121 39 rörligt
1307 2182 120 39 tillägg
1448 2182 62 30 bör
1532 2182 172 30 beräknas
1726 2185 52 36 yt-

276 2231 164 40 terligare
466 2240 91 31 resp.
589 2231 93 31 1400
712 2232 65 30 och
807 2232 63 32 600
900 2233 51 29 kr.
981 2232 275 40 Anslagsposten
1286 2233 325 39 Reseersättningar
1640 2233 97 29 torde
1767 2232 11 29 i

276 2281 154 40 enlighet
451 2282 79 30 med
552 2281 116 31 rådets
690 2282 132 41 förslag
843 2282 85 31 böra
948 2285 172 37 upptagas
1143 2283 78 30 med
1245 2283 18 30 9
1278 2283 63 30 000
1363 2283 63 37 kr.,
1449 2283 107 31 vilket
1580 2284 37 29 är
1641 2283 61 30 600
1725 2283 51 29 kr.

275 2331 138 31 mindre
432 2333 45 29 än
496 2342 59 21 nu.
575 2332 117 31 Under
711 2333 265 39 anslagsposten
997 2334 179 39 Expenser
1195 2334 210 39 uppskattas
1425 2333 278 30 medelsbehovet
1723 2333 55 30 för

277 2382 102 31 nästa
400 2382 170 40 budgetår
593 2383 52 30 till
668 2383 19 30 8
701 2384 63 31 800
787 2384 64 35 kr.,
875 2384 237 30 innebärande
1136 2394 42 20 en
1201 2384 206 39 minskning
1429 2385 79 29 med
1536 2384 91 30 1400
1652 2385 50 30 kr.
1727 2384 51 29 Av

276 2433 266 39 anslagsposten
567 2443 98 21 avses
690 2434 96 31 2100
811 2435 52 29 kr.
888 2434 54 31 för
966 2434 145 40 utgifter
1136 2445 42 20 av
1202 2435 261 39 engångsnatur
1487 2437 11 29 i
1524 2435 187 38 anledning
1737 2444 41 20 av

276 2483 118 30 rådets
419 2483 168 41 flyttning
612 2484 51 30 till
691 2494 67 29 nya
784 2485 133 30 lokaler
943 2486 64 29 och
1033 2485 199 30 återstoden
1260 2486 53 29 till
1341 2485 148 39 löpande
1517 2485 172 30 ändamål.
1716 2485 62 28 Yr-
