1888 2760
275 163 37 29 14
640 162 286 30 Statsutskottets
947 163 178 30 utlåtande
1145 172 42 20 nr
1208 164 38 30 10
1266 163 39 30 år
1328 163 83 30 1962

275 244 139 38 hänsyn
437 244 36 30 få
491 245 96 38 tagas
612 245 52 29 till
687 248 50 26 att
760 245 249 39 föreningarna
1033 246 219 30 fortfarande
1274 247 206 39 disponerar
1503 247 30 39 ej
1560 247 211 40 oväsentliga

276 294 227 39 besparingar
535 295 79 29 från
650 296 399 30 nettoränteinkomsten
1078 296 20 30 å
1130 297 292 35 statslånemedel,
1455 297 93 29 vilka
1581 298 193 29 inkomster

276 345 107 38 enligt
404 345 205 29 uttalanden
631 355 41 20 av
693 346 186 38 riksdagen
900 364 43 3 —
963 346 43 30 bl.
1029 356 28 20 a.
1081 347 37 29 år
1142 347 82 29 1958
1245 356 81 20 men
1348 348 86 29 även
1454 348 146 39 tidigare
1619 366 44 3 —
1684 348 89 29 skall

275 395 123 29 kunna
427 396 178 29 användas
636 405 74 20 som
739 396 122 39 bidrag
894 397 48 28 till
973 397 267 39 föreningarnas
1267 398 505 29 administrationskostnader.

277 445 169 29 Summan
468 454 41 21 av
531 446 118 38 dylika
670 446 226 39 besparingar
919 447 96 29 torde
1034 447 66 29 den
1127 448 13 28 1
1164 448 67 38 juli
1256 447 82 30 1962
1361 448 143 29 komma
1525 450 50 27 att
1597 457 83 20 vara
1702 457 71 21 om-

275 495 104 39 kring
414 496 18 29 2
468 496 87 39 milj.
591 496 52 29 kr.
680 496 76 29 Med
780 497 139 38 hänsyn
944 497 117 30 härtill
1087 506 103 20 anser
1213 497 69 39 jag,
1304 500 50 27 att
1380 498 56 29 det
1461 498 148 39 löpande
1634 499 139 38 statliga

275 546 461 40 administrationsbidraget
755 547 54 30 för
827 547 204 40 budgetåret
1051 548 147 41 1962/63
1217 549 62 29 bör
1296 549 215 30 bestämmas
1528 549 52 29 till
1601 550 14 29 1
1634 550 60 29 100
1709 550 63 29 000

274 597 51 29 kr.
348 597 193 30 Därutöver
563 598 97 29 torde
680 598 11 29 i
713 598 189 39 anledning
923 608 41 20 av
984 599 447 39 Tornedalsutredningens
1454 599 139 39 förslag,
1617 609 74 20 som
1713 600 59 39 jag

275 647 130 29 räknar
429 648 78 29 med
531 648 88 29 skall
645 648 121 29 kunna
791 648 170 30 innebära
984 651 47 28 ett
1054 650 179 29 verksamt
1257 650 78 29 stöd
1359 650 35 29 åt
1419 649 317 40 företagsamheten
1761 651 11 29 i

272 698 229 33 Tornedalen,
517 698 83 30 böra
616 699 110 29 under
743 699 156 39 anslaget
916 699 138 30 anvisas
1074 700 59 29 100
1149 700 61 29 000
1228 700 51 29 kr.
1296 702 50 27 att
1364 701 119 29 ställas
1500 701 51 29 till
1569 700 205 39 förfogande

275 747 54 30 för
348 747 402 40 företagareföreningen
769 749 11 29 i
800 749 228 31 Norrbottens
1048 750 68 29 län.
1138 750 438 40 Administrationsposten
1596 750 55 30 för
1671 752 101 29 nästa

274 798 170 39 budgetår
464 798 158 30 kommer
641 799 57 29 vid
718 799 99 29 bifall
837 799 119 30 härtill
977 802 50 27 att
1047 800 68 30 öka
1135 800 79 30 med
1238 801 234 39 sammanlagt
1494 801 63 29 400
1573 802 61 29 000
1656 801 51 30 kr.

318 848 67 29 Till
404 848 247 31 subventioner
668 850 64 29 har
750 850 55 29 för
821 850 237 30 innevarande
1077 850 169 40 budgetår
1265 850 156 31 anvisats
1440 851 62 30 300
1516 852 62 30 000
1598 852 51 29 kr.
1668 852 104 29 Kom-

273 899 285 39 merskollegium
576 899 173 30 beräknar
768 900 287 39 anslagsbehovet
1073 901 55 29 för
1145 901 205 39 budgetåret
1371 902 148 35 1962/63
1538 902 51 29 till
1609 902 163 30 oföränd-

274 950 54 28 rat
347 948 63 30 300
423 949 61 30 000
504 949 52 30 kr.
575 950 66 29 och
660 950 64 29 har
745 950 123 30 därvid
888 951 85 39 tagit
991 951 139 39 hänsyn
1149 951 52 30 till
1222 952 175 30 storleken
1418 962 42 20 av
1479 952 74 30 dels
1573 952 198 30 beräknade

274 998 167 30 förluster
463 999 236 31 innevarande
721 1000 180 40 budgetår,
926 1001 72 30 dels
1022 1001 237 40 föreliggande
1284 1002 215 30 reservation
1522 1003 112 29 under
1659 1003 112 30 ansla-

273 1051 64 37 get,
362 1049 74 30 dels
459 1051 220 29 reserverade
703 1050 339 31 subventionsmedel
1066 1052 64 29 hos
1155 1052 259 39 föreningarna.
1440 1053 186 39 Kollegiets
1650 1053 122 30 beräk-

273 1099 85 39 ning
378 1100 62 29 bör
461 1100 165 39 godtagas
648 1101 64 29 och
734 1101 486 40 subventionsmedelsposten
1242 1102 54 30 för
1317 1103 205 39 budgetåret
1547 1104 146 39 1962/63
1716 1104 52 29 be-

274 1150 169 30 stämmas
464 1150 51 29 till
539 1151 204 30 oförändrat
766 1152 63 30 300
843 1152 63 30 000
928 1152 50 29 kr.

318 1200 78 29 Med
423 1200 136 39 hänsyn
587 1201 51 29 till
665 1202 66 29 vad
759 1211 47 20 nu
836 1204 94 37 sagts
957 1203 98 30 torde
1083 1203 156 39 anslaget
1267 1204 128 39 Bidrag
1424 1204 51 30 till
1504 1204 267 39 företagareför-

273 1250 146 39 eningar
437 1259 45 21 m.
502 1250 36 30 fl.
560 1251 54 29 för
634 1252 204 39 budgetåret
862 1253 147 35 1962/63
1031 1253 169 39 uppföras
1221 1254 79 29 med
1323 1255 49 33 1,5
1395 1254 88 40 milj.
1505 1255 63 34 kr.,
1589 1255 81 29 eller
1691 1255 78 30 med

276 1301 52 34 0,4
346 1301 90 39 milj.
455 1302 51 30 kr.
524 1311 75 20 mer
616 1304 46 28 än
681 1312 73 21 som
775 1304 38 28 är
831 1303 136 30 anvisat
986 1303 55 30 för
1059 1304 249 30 närvarande.»

320 1401 185 30 Utskottet.
540 1402 6 29 I
573 1402 100 39 fråga
700 1412 55 20 om
783 1403 371 41 lånemedelsanslaget
1181 1405 44 39 på
1252 1405 309 40 kapitalbudgeten
1590 1406 69 29 kan
1687 1407 84 28 kon-

276 1453 159 32 stateras,
459 1454 49 28 att
532 1453 80 29 över
636 1454 194 29 detsamma
855 1454 111 30 under
991 1464 120 21 senare
1136 1455 38 30 år
1198 1458 132 27 avsatts
1354 1456 111 30 medel
1491 1457 49 29 till
1567 1457 205 30 hantverks-

274 1502 65 29 och
370 1502 366 31 industrilånefonden
766 1506 10 29 i
808 1514 43 20 en
882 1506 254 39 utsträckning,
1169 1515 73 20 som
1274 1507 218 39 möjliggjort
1524 1516 41 20 en
1598 1507 173 30 successiv

273 1552 133 40 ökning
432 1562 42 20 av
498 1552 466 42 företagareföreningarnas
989 1556 367 39 utlåningskapacitet.
1384 1557 210 40 Budgetåret
1624 1558 147 36 1959/60

274 1602 153 39 uppgick
446 1603 205 40 utlåningen
670 1604 148 32 sålunda
835 1605 53 30 till
910 1606 39 29 18
967 1606 165 39 miljoner
1150 1607 63 34 kr.,
1235 1608 146 35 1960/61
1403 1608 52 29 till
1475 1608 39 30 23
1534 1608 165 39 miljoner
1718 1608 52 30 kr.

274 1652 65 29 och
362 1652 56 30 för
439 1653 235 31 innevarande
696 1655 170 39 budgetår
887 1674 44 3 —
952 1657 44 29 då
1021 1657 38 30 10
1082 1658 165 38 miljoner
1270 1658 51 29 kr.
1345 1661 132 29 avsatts
1500 1659 51 29 till
1576 1659 129 29 fonden
1728 1677 44 4 —

272 1702 180 31 förväntas
474 1703 204 40 utlåningen
700 1705 143 30 komma
864 1708 50 28 att
937 1707 88 39 stiga
1045 1707 52 30 till
1119 1707 74 34 24,3
1214 1708 167 39 miljoner
1401 1709 52 29 kr.
1476 1710 66 28 För
1564 1710 100 29 nästa
1686 1710 83 29 bud-

272 1752 96 39 getår
389 1753 147 30 föreslår
553 1754 398 40 departementschefen,
971 1759 50 27 att
1044 1757 38 30 15
1103 1758 166 39 miljoner
1288 1759 52 28 kr.
1361 1759 150 29 tillföras
1533 1760 141 33 fonden,
1695 1769 73 20 som

272 1803 124 29 därvid
419 1804 110 29 skulle
552 1804 173 30 innefatta
747 1807 48 28 ett
819 1806 134 39 kapital
975 1816 56 20 om
1057 1808 61 29 115
1142 1808 164 39 miljoner
1330 1809 51 29 kr.
1405 1810 161 29 Nämnda
1589 1810 147 30 tillskott
1760 1810 9 29 i

274 1853 160 40 förening
458 1855 79 30 med
563 1854 196 40 inflytande
786 1856 253 40 amorteringar
1064 1857 164 30 bedömes
1255 1858 112 30 tillåta
1393 1869 42 20 en
1463 1859 159 39 utlåning
1649 1869 55 20 om
1730 1869 39 21 ca

271 1903 40 29 26
332 1903 165 40 miljoner
515 1905 51 29 kr.

317 1954 79 29 Med
416 1954 105 30 tanke
541 1955 45 39 på
606 1955 468 40 utlåningsverksamhetens
1094 1958 175 39 betydelse
1288 1958 59 30 för
1367 1959 206 30 hantverks-
1594 1960 64 29 och
1680 1961 89 29 små-

271 2003 336 41 industriföretagen
629 2005 116 30 finner
766 2007 171 30 utskottet
959 2008 11 29 i
991 2008 110 30 likhet
1123 2009 80 29 med
1226 2009 385 39 departementschefen
1634 2020 43 20 en
1700 2010 70 30 för-

273 2054 184 40 stärkning
489 2064 42 21 av
560 2055 206 31 hantverks-
798 2057 65 29 och
894 2058 367 30 industrilånefonden
1293 2060 55 29 väl
1381 2060 203 30 motiverad.
1617 2061 150 30 Därmed

272 2113 100 21 avses
390 2114 43 20 en
451 2106 80 29 reell
551 2105 250 41 förstärkning,
823 2116 75 21 som
915 2108 142 39 medger
1075 2118 44 20 en
1138 2109 133 30 faktisk
1290 2110 133 40 ökning
1442 2120 41 20 av
1503 2111 266 39 företagareför-

272 2155 211 39 eningarnas
509 2156 169 40 utlåning.
703 2157 53 29 Då
782 2157 404 39 departementschefens
1214 2160 131 40 förslag
1370 2161 53 29 till
1450 2161 319 40 medelsanvisning

272 2215 103 29 synes
401 2206 208 40 möjliggöra
633 2216 44 20 en
702 2208 115 39 rimlig
844 2208 109 30 sådan
979 2209 141 40 ökning,
1148 2211 38 28 är
1211 2211 171 29 utskottet
1408 2211 109 30 berett
1545 2215 49 27 att
1621 2213 146 39 godtaga

272 2255 206 31 detsamma.
501 2257 116 30 Härav
638 2257 105 39 följer
765 2260 49 27 att
838 2258 43 30 de
903 2260 9 29 i
934 2259 222 30 motionerna
1178 2261 28 29 I:
1222 2261 63 29 393
1309 2261 65 29 och
1398 2262 45 29 II:
1459 2262 63 30 469
1546 2266 90 27 samt
1660 2264 28 29 I:
1704 2264 62 29 396

269 2306 65 29 och
357 2307 45 28 II:
419 2306 64 29 479
504 2306 124 40 gjorda
649 2308 206 38 yrkandena
877 2318 56 20 om
955 2310 199 39 ytterligare
1178 2312 199 41 avsättning
1400 2313 193 39 avstyrkas.

315 2356 76 29 Vad
417 2356 107 40 angår
547 2356 377 40 kreditgarantiramen
950 2359 63 30 har
1038 2361 86 28 även
1148 2360 116 30 denna
1288 2362 112 29 under
1425 2372 120 20 senare
1571 2364 38 29 år
1635 2373 133 20 succes-

271 2406 67 29 sivt
357 2406 111 30 ökats.
487 2407 92 29 Från
599 2409 49 28 att
668 2407 38 30 år
727 2408 147 35 1959/60
893 2409 46 30 ha
956 2410 88 30 varit
1065 2410 40 30 30
1125 2411 165 39 miljoner
1309 2412 52 30 kr.
1381 2413 130 30 ökades
1530 2414 68 29 den
1620 2415 143 36 1960/61

270 2456 51 30 till
352 2457 40 30 35
421 2457 165 39 miljoner
613 2458 68 35 kr.;
712 2458 56 30 för
794 2458 238 32 innevarande
1059 2460 172 40 budgetår
1257 2462 66 29 har
1352 2463 66 29 den
1447 2463 167 33 bestämts
1644 2465 51 29 till
1725 2465 40 30 45
