1906 2762
262 143 40 33 48
627 144 287 31 Statsutskotiets
935 145 179 31 utlåtande
1133 155 43 21 nr
1197 147 39 30 10
1257 147 40 31 år
1319 148 85 30 1962

265 227 149 30 budetär
445 228 100 29 skola
574 228 204 39 disponeras
811 228 56 31 för
899 229 246 31 förberedelse-
1179 231 64 30 och
1274 232 404 40 projekteringsarbeten
1711 234 55 31 för

263 277 57 29 det
343 277 188 38 planerade
554 278 314 31 atomkraftverket
889 280 58 29 vid
971 280 181 31 Marviken
1175 282 45 39 på
1241 283 97 29 östra
1361 283 232 31 Vikbolandet
1616 285 11 29 i
1651 284 115 31 Öster-

264 327 153 39 götland.
445 328 268 40 Ifrågavarande
739 330 152 39 projekt,
917 330 52 31 till
995 339 81 22 vars
1102 332 274 39 genomförande
1402 334 12 29 i
1440 335 152 39 enlighet
1617 336 80 29 med
1724 345 42 21 av

264 378 387 39 departementschefen
679 381 150 38 angivna
857 381 176 40 riktlinjer
1063 382 186 40 riksdagen
1279 384 11 29 i
1318 384 138 40 princip
1485 385 85 40 tagit
1599 386 166 39 ställning

264 429 11 28 i
305 429 171 30 samband
504 430 81 30 med
615 431 230 40 anvisningen
875 441 42 20 av
945 433 242 38 nyssnämnda
1215 435 132 39 anslag,
1378 435 146 30 innebär
1554 438 49 28 ett
1633 436 133 31 fullföl-

263 479 108 40 jande
396 489 43 21 av
462 480 57 30 det
544 481 149 30 svenska
717 482 380 40 reaktorprogrammet
1122 484 65 29 och
1211 487 260 37 representerar
1496 488 48 28 ett
1570 486 86 31 sista
1679 487 85 31 mei-

265 529 113 30 lanled
404 530 45 39 på
473 530 110 39 vägen
608 533 73 27 mot
705 531 254 32 kommersiellt
984 532 164 31 fullstora
1176 535 358 40 atomanläggningar.
1562 537 202 31 Kostnaden

262 579 174 31 beräknas
461 581 103 30 totalt
588 582 53 29 till
666 582 60 30 320
753 582 166 40 miljoner
943 583 62 35 kr.,
1032 584 66 29 och
1123 584 291 41 idrifttagningen
1442 596 42 21 av
1509 588 255 41 anläggningen

262 630 207 31 förutsättes
493 632 61 29 ske
576 632 111 29 under
709 632 206 40 budgetåret
940 634 149 35 1967/68
1113 635 65 29 och
1200 635 45 30 då
1267 637 82 29 med
1371 646 43 20 en
1437 637 144 31 eleffekt
1604 639 11 29 i
1637 639 127 39 begyn-

262 680 218 31 nelseskedet
503 691 57 20 om
586 682 61 30 103
669 683 90 30 MW.

305 730 364 42 Medelsanvisningen
695 734 112 29 under
835 733 229 33 förevarande
1092 736 120 40 anslag
1240 746 98 21 avses
1365 737 55 31 för
1447 738 225 41 fullföljande
1697 741 67 29 och

260 781 87 30 drift
367 791 42 21 av
428 782 146 39 tidigare
593 782 180 32 beslutade
794 784 251 40 anläggningar
1064 786 11 29 i
1095 786 154 40 bolagets
1269 788 72 39 regi
1362 791 91 28 samt
1473 789 55 30 för
1547 789 142 32 fortsatt
1709 793 54 27 ut-

260 832 181 39 rednings-
467 833 66 30 och
560 834 348 40 utvecklingsarbete.
935 836 308 40 Medelsutrymme
1270 838 66 30 har
1361 839 45 30 bl.
1435 849 29 20 a.
1490 840 188 31 beräknats
1707 841 56 31 för

261 881 93 32 vissa
377 883 206 30 avslutande
606 884 140 30 arbeten
769 886 67 29 och
857 886 431 41 materielanskaffningar
1312 889 11 30 i
1349 890 203 40 anslutning
1576 891 53 30 till
1651 892 112 30 kraft-

259 933 241 31 värmeverket
525 935 28 30 R
579 935 18 29 3
611 935 19 35 /
644 935 111 35 Adam
780 936 11 29 i
816 935 134 41 Ågesta,
976 937 143 31 fortsatt
1143 938 201 40 utbyggnad
1370 950 42 20 av
1437 941 325 40 forskningsstatio-

260 992 69 20 nen
357 984 11 29 i
399 984 167 30 Studsvik
594 986 65 29 och
689 986 227 40 fullföljande
945 997 41 20 av
1016 989 445 41 Ranstadsanläggningen.
1492 992 175 31 Utskottet
1697 993 64 30 har

259 1034 76 30 icke
364 1034 106 40 något
499 1037 51 28 att
579 1036 115 32 erinra
720 1039 74 28 mot
824 1038 43 29 de
897 1038 148 30 sålunda
1074 1039 124 40 gjorda
1225 1041 443 41 anslagsbedömningarna
1695 1045 66 29 och

259 1084 204 40 tillstyrker,
492 1087 50 28 att
570 1086 11 29 i
610 1087 150 39 enlighet
788 1088 81 30 med
897 1089 404 39 departementschefens
1330 1092 131 40 förslag
1490 1095 48 28 ett
1565 1094 125 40 belopp
1719 1104 43 21 av

261 1135 61 30 123
349 1135 165 40 miljoner
540 1136 53 30 kr.
621 1138 117 30 ställes
765 1138 53 30 till
846 1139 250 40 atombolagets
1125 1140 218 41 förfogande,
1371 1143 108 30 därav
1508 1143 61 31 108
1596 1145 165 40 miljoner

257 1184 53 31 kr.
331 1186 46 39 på
397 1186 262 39 driftbudgeten
679 1188 64 30 och
764 1188 41 30 20
827 1188 165 40 miljoner
1012 1191 53 29 kr.
1087 1191 46 39 på
1152 1192 320 40 kapitalbudgeten.

301 1235 187 36 Utskottet,
512 1246 76 21 som
609 1237 222 32 beträffande
854 1240 155 39 anslaget
1031 1241 46 39 på
1098 1241 310 41 kapitalbudgeten
1431 1244 52 29 till
1505 1244 135 41 bolaget
1662 1246 98 30 kom-

257 1294 74 22 mer
355 1289 50 28 att
428 1288 84 38 göra
535 1287 210 32 hemställan
768 1290 113 30 under
904 1291 158 39 punkten
1088 1293 62 29 119
1173 1293 11 29 i
1207 1293 57 30 det
1288 1293 168 40 följande,
1480 1295 202 32 hemställer
1706 1297 54 30 så-

256 1336 65 31 vitt
346 1337 108 39 angår
476 1338 65 30 här
564 1338 228 32 förevarande
818 1341 130 39 anslag,

611 1391 51 28 att
684 1390 188 40 riksdagen
895 1392 58 30 må
975 1392 52 30 till
1050 1393 450 41 Atomenergiverksamhet
1523 1397 94 30 inom
1641 1397 118 31 Aktie-

569 1439 134 41 bolaget
729 1441 226 41 Atomenergi
982 1443 55 30 för
1065 1444 205 39 budgetåret
1301 1446 150 35 1962/63
1481 1448 121 30 anvisa
1630 1451 48 28 ett
1707 1458 52 21 re-

568 1490 317 42 servationsanslag
907 1502 42 21 av
972 1493 61 30 108
1048 1493 62 30 000
1126 1494 62 31 000
1210 1495 52 30 kr.

300 1638 99 36 48:0)
435 1640 274 31 Internationellt
738 1644 415 35 atomenergisamarbete.
1185 1646 126 40 Kungl.
1344 1648 107 40 Maj:t
1482 1648 65 30 har
1577 1649 180 41 föreslagit

255 1688 188 40 riksdagen
471 1690 131 39 (punkt
624 1691 51 35 49,
700 1702 25 21 s.
752 1692 189 37 133—135)
969 1697 50 28 att
1041 1696 53 29 till
1117 1695 267 40 ifrågavarande
1409 1699 162 30 ändamål
1594 1700 55 30 för
1672 1701 85 30 bud-

256 1739 133 40 getåret
411 1741 148 37 1962/63
581 1743 120 30 anvisa
720 1745 49 28 ett
790 1743 274 42 förslagsanslag
1084 1756 43 20 av
1147 1747 19 30 4
1180 1747 63 30 600
1257 1748 64 31 000
1341 1749 53 30 kr.

298 1839 167 41 Anslaget
489 1842 39 29 är
551 1841 56 31 för
630 1842 236 32 innevarande
889 1844 169 40 budgetår
1082 1849 166 37 upptaget
1271 1849 81 29 med
1376 1849 15 30 6
1409 1849 62 30 000
1486 1850 62 31 000
1573 1852 52 29 kr.

298 1889 66 31 Det
388 1890 283 33 internationella
694 1894 211 31 samarbetet
928 1895 45 40 på
997 1898 376 39 atomenergiområdet
1397 1900 185 41 möjliggör
1607 1902 150 31 framför

255 1940 61 30 allt
336 1941 56 30 för
412 1942 77 30 vårt
509 1943 84 30 land
613 1945 50 28 att
683 1944 51 30 till
755 1945 215 39 begränsade
989 1947 192 30 kostnader
1200 1949 115 30 direkt
1337 1950 227 41 tillgodogöra
1584 1961 58 22 oss
1661 1954 95 39 bety-

254 1990 185 32 delsefulla
461 1992 238 32 erfarenheter
721 1994 80 31 från
824 1996 150 39 projekt,
998 2007 75 20 som
1096 1998 34 30 vi
1152 1999 71 29 inte
1247 2000 113 39 själva
1383 2001 70 30 kan
1476 1999 214 48 genomföra.

297 2040 118 32 Under
437 2043 102 30 nästa
561 2043 169 40 budgetår
753 2045 155 31 förutser
930 2047 386 39 departementschefen
1341 2052 123 30 endast
1487 2053 190 31 kostnader
1700 2054 56 31 för

253 2091 147 40 tidigare
421 2092 181 32 beslutade
622 2102 246 34 engagemang.

298 2142 13 29 I
334 2142 96 31 detta
453 2145 255 41 sammanhang
730 2147 100 30 torde
854 2147 37 31 få
912 2148 143 36 erinras,
1080 2152 50 28 att
1154 2146 240 50 Aktiebolaget
1417 2153 222 42 Atomenergi
1668 2156 86 34 (skr.

253 2193 105 35 29/11
389 2194 99 36 1961)
520 2196 143 35 anmält,
689 2199 49 28 att
763 2199 172 38 styrelsen
959 2199 55 30 för
1039 2200 230 31 Eurochemic
1295 2202 120 31 funnit
1442 2204 50 40 sig
1516 2205 85 30 böra
1627 2206 129 31 föreslå

252 2244 201 40 ytterligare
478 2246 133 40 ökning
637 2256 42 21 av
704 2248 274 40 aktiekapitalet,
1006 2253 91 28 samt
1123 2251 11 30 i
1161 2252 204 41 anslutning
1391 2254 119 30 härtill
1536 2256 64 31 hos
1627 2257 126 40 Kungl.

252 2293 106 40 Maj:t
378 2295 147 30 anhållit
544 2305 57 21 om
620 2296 279 41 bemyndigande
918 2302 50 28 att
986 2301 127 30 teckna
1131 2303 201 39 ytterligare
1351 2304 49 30 tio
1420 2305 111 30 aktier
1550 2306 11 30 i
1581 2307 173 31 Euroche-

253 2344 79 37 mic,
360 2355 106 20 envar
492 2347 80 29 med
600 2349 48 28 ett
674 2349 183 31 nominellt
884 2351 105 29 värde
1017 2361 42 20 av
1086 2352 40 30 50
1141 2352 62 31 000
1231 2355 368 40 avräkningsenheter.
1629 2358 124 40 Kungl.

253 2394 106 40 Maj:t
380 2396 65 30 har
466 2397 68 29 den
558 2399 14 28 1
596 2398 180 31 december
800 2400 81 30 1961
907 2401 87 30 efter
1016 2402 202 40 tillstyrkan
1240 2414 41 20 av
1304 2405 240 40 delegationen
1568 2408 55 30 för
1645 2411 109 28 atom-

252 2446 235 38 energifrågor
507 2447 131 32 lämnat
658 2449 117 38 begärt
796 2451 286 38 bemyndigande.
1103 2454 66 30 Om
1189 2454 185 39 riksdagen
1396 2457 75 30 icke
1492 2458 64 29 har
1577 2459 105 39 något
1704 2462 50 27 att
