2155 2664
387 140 42 31 24
884 142 238 41 Lagutskottets
1150 143 172 34 Utlåtande
1345 144 63 34 N:o
1435 150 49 28 65.

386 235 59 24 om
487 223 278 49 handräckning
798 225 38 35 åt
869 225 175 37 utländsk
1074 226 164 38 domstol.
1295 228 69 36 Vid
1393 230 227 48 granskning
1648 231 39 36 af
1714 231 180 50 förslaget
1922 246 59 24 om

385 278 194 47 bevisning
607 278 96 36 inför
730 281 100 34 rätta
854 281 193 36 anmärkte
1067 282 186 48 nämligen
1272 283 65 36 två
1356 284 204 37 ledamöter
1578 285 13 35 i
1609 285 132 48 högsta
1761 287 217 47 domstolen,

386 336 55 33 att
479 333 112 47 enligt
621 333 20 35 6
673 333 21 49 8
723 334 10 35 i
762 335 162 36 nämnda
952 335 60 48 lag
1041 336 132 46 skulle,
1204 337 65 36 där
1298 350 125 25 annan
1452 341 49 34 än
1530 339 81 46 den,
1644 352 78 25 som
1750 342 12 35 i
1791 344 188 48 egenskap

385 388 39 36 af
451 388 119 36 vittne
599 388 120 36 blifvit
748 389 56 36 till
832 392 124 34 rätten
984 391 137 45 kallad,
1152 392 198 37 uteblifver
1379 394 90 35 eller
1497 395 214 37 underlåter
1739 400 56 32 att
1821 397 160 49 fullgöra

384 443 99 35 hvad
521 443 38 35 af
597 443 134 37 honom
760 444 125 45 äskas,
916 447 123 34 rätten
1068 446 77 36 låta
1174 447 128 36 därvid
1330 448 94 36 bero.
1480 449 136 37 Därest
1644 462 51 25 nu
1723 451 161 38 infördes
1912 453 66 35 be-

385 498 246 44 stämmelser,
672 498 113 48 enligt
813 498 129 37 hvilka
970 502 124 34 rätten
1122 501 95 36 hade
1247 505 55 33 att
1330 502 12 36 i
1370 504 206 48 rättegång,
1609 517 79 24 som
1717 506 68 36 här
1813 506 11 36 i
1852 507 127 37 landet

383 552 111 45 föres,
525 553 157 36 medelst
711 553 76 36 vite
816 554 158 36 tillhålla
1004 554 78 37 dels
1112 556 211 48 sakkunnig
1352 561 55 32 att
1435 558 158 48 fullgöra
1617 559 66 37 sitt
1702 561 175 48 uppdrag,
1900 562 78 36 dels

384 611 83 44 part
510 607 90 36 eller
639 619 125 25 annan
802 612 56 33 att
896 609 60 36 vid
994 612 124 34 rätten
1154 610 119 37 förete
1311 612 220 49 handlingar
1569 614 68 36 och
1666 615 117 37 andra
1810 616 167 45 föremål,

383 662 104 36 torde
526 662 114 47 enligt
669 662 111 37 dessa
807 663 223 38 ledamöters
1059 665 149 48 mening
1236 666 83 36 med
1348 667 147 48 hänsyn
1524 668 56 36 till
1608 669 205 37 innehållet
1841 671 39 35 af
1909 671 70 36 den

383 716 82 35 utaf
512 717 150 46 Sverige
704 717 169 35 biträdda
914 718 386 47 Haagkonventionen
1351 721 39 35 af
1436 721 97 37 1896
1577 723 156 36 berörda
1774 724 204 48 stadgande

383 770 90 36 böra
510 770 163 47 undergå
709 770 200 49 jämkning,
950 772 42 36 så
1028 776 55 33 att
1112 773 116 48 dylikt
1257 775 115 47 tvång
1399 775 123 37 kunde
1551 778 195 37 användas
1776 779 112 36 äfven
1917 779 60 36 vid

385 825 117 35 sådan
531 825 290 48 handräckning,
853 838 79 24 som
961 827 12 34 i
1001 828 115 46 sagda
1144 828 61 48 lag
1234 829 134 48 afsågs.

516 879 16 36 I
571 880 161 47 enlighet
769 880 83 36 med
902 881 122 36 denna
1062 882 143 36 erinran
1234 883 161 48 föreslog
1422 884 132 49 Kungl.
1583 885 101 48 Maj:t
1714 887 116 36 sådan
1858 888 119 47 jämk-

384 934 87 47 ning
508 934 12 35 i
547 934 213 36 förberörda
789 935 70 48 lag,
897 939 75 32 »att
1001 936 46 35 då
1075 936 106 48 fråga
1208 949 88 25 vore
1326 950 58 24 om
1413 939 276 49 undersökning
1716 941 58 37 för
1801 943 177 36 utländsk

383 988 235 47 myndighets
656 989 167 47 räkning,
864 990 44 34 de
937 991 149 47 vanliga
1115 992 283 47 tvångsmedlen
1425 994 62 36 må
1514 994 129 37 kunna
1672 997 194 36 användas
1896 997 80 36 icke

383 1043 93 36 blott
513 1047 77 32 mot
626 1043 146 37 vittnen
810 1048 91 32 utan
940 1045 112 35 äfven
1085 1050 76 31 mot
1190 1047 116 36 andra
1334 1059 187 35 personer,
1553 1050 92 35 dock
1674 1051 83 35 med
1788 1052 189 47 undantag

382 1097 57 35 för
468 1101 93 44 part,
593 1110 79 24 som
700 1098 122 37 blifvit
850 1098 54 36 till
933 1101 123 35 rätten
1084 1100 159 37 kallad».

516 1152 239 48 Antagandet
798 1153 38 36 af
877 1154 70 35 den
989 1154 118 36 under
1144 1156 118 46 punkt
1292 1156 67 48 3:0)
1388 1157 214 47 föreslagna
1629 1159 109 47 lagen
1766 1160 209 36 föranleder

383 1206 113 36 äfven
525 1207 104 35 vissa
658 1207 198 47 ändringar
874 1207 12 35 i
904 1207 261 49 förordningen
1186 1210 192 47 angående
1398 1211 294 37 handelsböcker
1711 1214 68 35 och
1798 1214 176 37 handels-

382 1260 207 47 räkningar.
645 1261 71 35 Vid
758 1261 276 48 framläggande
1071 1262 39 36 af
1137 1262 178 49 förslaget
1344 1276 58 25 om
1431 1277 50 36 ny
1509 1266 277 49 bevisningslag
1814 1268 161 48 föreslog

383 1314 131 47 Kungl.
557 1314 102 48 Maj:t
695 1315 263 48 upphäfvande
997 1316 38 36 af
1071 1317 61 36 nio
1170 1319 214 47 paragrafer
1421 1320 12 35 i
1470 1321 162 36 nämnda
1664 1321 213 49 förordning
1906 1323 66 36 och

383 1369 154 47 ändring
565 1370 12 34 1
604 1370 217 47 ytterligare
851 1382 46 24 en
926 1371 180 47 paragraf.
1162 1372 121 37 Dessa
1312 1374 174 46 åtgärder
1504 1375 236 37 föranleddes
1760 1377 56 35 till
1837 1378 138 35 största

382 1423 107 36 delen
523 1423 39 36 af
590 1423 211 37 införandet
829 1424 38 36 af
895 1424 47 36 fri
970 1425 287 49 bevispröfning,
1288 1427 142 37 hvilket
1459 1428 111 37 borde
1598 1430 177 45 medföra,
1807 1434 56 33 att
1891 1431 44 36 de
1964 1432 12 34 i

380 1477 245 37 förenämnda
652 1478 212 47 förordning
884 1483 188 43 upptagna
1092 1481 184 36 särskilda
1294 1482 337 48 bevisningsregler
1650 1485 218 47 upphäfdes,
1890 1497 86 25 men

381 1531 113 36 äfven
532 1532 11 35 i
582 1536 53 32 ett
672 1545 67 35 par
766 1532 66 36 fall
862 1533 38 35 af
929 1533 44 36 de
1001 1546 77 35 nya
1106 1535 333 37 bestämmelserna
1469 1549 57 24 om
1557 1538 211 48 skyldighet
1797 1543 55 32 att
1880 1540 96 35 inför

381 1588 100 33 rätta
508 1586 118 36 förete
655 1587 184 46 handling.

513 1641 72 35 Det
614 1643 41 33 är
685 1641 133 36 endast
846 1641 70 35 den
946 1641 93 36 sista
1068 1644 331 46 angelägenheten,
1431 1645 150 36 hvartill
1600 1658 51 23 nu
1672 1647 178 37 behöfver
1868 1652 107 44 tagas

380 1694 156 47 hänsyn.
592 1694 16 35 I
647 1695 135 36 sådant
819 1695 177 36 afseende
1026 1696 64 35 bör
1118 1697 47 46 på
1194 1700 77 33 sätt
1297 1699 232 36 motionären
1559 1701 68 35 ock
1655 1701 190 37 hemställt
1879 1703 43 36 17
1953 1701 21 50 8

382 1748 68 35 och
480 1760 45 24 en
556 1748 58 36 del
644 1749 38 36 af
714 1749 45 36 19
790 1748 21 50 &
841 1749 11 36 i
880 1750 164 36 nämnda
1071 1750 213 49 förordning
1312 1753 198 48 lämpligen
1538 1755 222 47 upphäfvas,
1792 1759 90 33 enär
1911 1756 64 36 där

380 1802 303 37 förekommande
721 1804 283 36 bestämmelser
1041 1809 137 32 ersatts
1217 1807 82 35 med
1328 1807 284 37 föreskrifterna
1640 1809 11 35 i
1681 1809 69 37 den
1780 1822 50 23 nu
1859 1811 116 35 under

380 1857 118 46 punkt
528 1857 54 36 3:o
611 1857 213 48 föreslagna
851 1858 117 47 lagen.
1024 1858 233 38 Motionären
1277 1861 68 35 har
1364 1862 113 36 äfven
1496 1862 197 48 ifrågasatt
1712 1864 262 48 upphäfvande

379 1910 39 36 af
450 1911 46 36 18
528 1910 31 49 $,
590 1924 85 24 men
704 1912 47 36 då
780 1913 121 35 denna
929 1911 21 50 &
980 1913 194 48 onekligen
1203 1915 75 36 kan
1308 1927 112 25 anses
1450 1917 11 35 i
1485 1917 213 37 hufvudsak
1718 1918 190 36 innehålla
1928 1931 46 23 en

380 1965 326 49 bevisningsregel,
737 1967 103 36 torde
870 1967 61 35 det
962 1979 89 24 vara
1080 1968 170 47 riktigast
1279 1973 55 32 att
1362 1970 79 36 låta
1469 1971 122 36 denna
1619 1972 24 47 $&
1672 1972 164 36 kvarstå.

513 2020 15 34 I
559 2020 391 37 öfverensstämmelse
979 2021 82 36 med
1090 2022 98 36 hvad
1218 2035 50 24 nu
1297 2024 142 37 anförts
1468 2025 229 37 hemställes:

940 2130 67 48 4:0)
1046 2134 56 31 att
1139 2131 226 48 Riksdagen,
1392 2133 117 36 under
1536 2134 277 48 förutsättning,
1845 2139 56 32 att
1929 2136 44 35 de

806 2184 116 35 under
942 2184 213 47 punkterna
1176 2185 66 49 2:0)
1264 2186 67 36 och
1353 2186 66 49 3:0)
1435 2187 124 47 gjorda
1577 2188 219 47 yrkandena
1810 2188 162 45 bifallas,

805 2239 116 35 måtte
950 2238 56 36 för
1035 2238 58 36 sin
1121 2238 59 37 del
1209 2244 138 43 antaga
1374 2241 138 47 jämväl

937 2292 77 37 dels
1043 2292 161 46 följande
