1874 2812
272 156 36 28 10
661 162 436 33 Konstitutionsutskottets
1121 165 176 31 utlåtande
1319 176 41 21 nr
1388 168 49 29 19.

323 246 63 29 Det
407 246 64 30 bör
491 246 196 36 visserligen
710 247 189 36 fasthållas,
924 252 49 26 att
995 250 65 29 den
1081 249 196 36 föreslagna
1300 251 192 30 reformens
1514 252 211 36 huvudsyfte
1746 255 39 29 är

277 290 48 28 att
347 287 242 32 åstadkomma
609 289 164 36 lämpliga
794 290 241 37 förvaltnings-
1055 293 64 28 och
1140 292 374 36 självstyrelseenheter
1533 295 65 29 och
1618 299 50 27 att
1686 295 96 30 kom-

278 339 169 22 munerna
469 330 44 37 på
532 332 112 35 grund
663 333 107 29 därav
790 331 107 31 måste
918 333 86 36 fylla
1023 334 89 30 vissa
1133 334 197 37 fordringar
1350 335 9 29 i
1381 335 98 36 fråga
1500 346 57 20 om
1579 337 204 37 folkmängd

277 373 64 28 och
364 373 287 36 skatteunderlag.
676 374 145 36 Hänsyn
841 374 107 31 måste
970 376 188 31 emellertid
1178 380 96 33 tagas
1294 379 86 28 även
1402 378 50 29 till
1473 381 46 27 ett
1539 379 112 30 flertal
1673 381 110 29 andra

279 414 161 37 faktorer,
464 419 20 27 t.
511 425 49 20 ex.
584 417 219 35 geografiska
825 417 211 36 betingelser,
1061 419 216 36 bebyggelse-
1300 421 64 28 och
1388 421 393 31 kommunikationsför-

277 456 195 37 hållanden,
497 458 213 31 existerande
734 459 225 37 indelningar,
983 462 40 28 de
1046 461 226 30 ekonomiska
1296 463 63 28 och
1385 462 186 32 kulturella
1594 464 187 30 förbindel-

277 508 117 21 sernas
421 500 198 36 inriktning,
647 501 91 30 vissa
767 502 201 30 traditioner
992 512 29 20 o.
1051 513 23 19 s.
1104 513 28 20 v.
1162 504 64 29 Det
1255 504 70 29 kan
1353 504 121 31 därför
1499 505 77 30 icke
1601 505 143 31 komma
1772 506 10 29 i

277 540 106 37 fråga,
407 545 49 27 att
478 543 392 35 kommunindelningen
895 544 111 31 skulle
1027 545 123 30 bindas
1172 545 59 30 vid
1255 546 89 30 vissa
1367 546 156 31 fixerade
1544 548 46 29 tal
1613 547 56 30 för
1692 548 89 29 folk-

277 585 128 35 mängd
424 585 65 29 och
508 585 292 35 skatteunderlag.
822 586 74 30 Vad
916 597 74 19 som
1013 588 70 28 kan
1103 588 65 29 och
1189 588 65 30 bör
1275 588 38 29 ske
1354 590 46 34 är,
1423 592 49 27 att
1494 599 43 20 en
1556 590 67 29 viss
1644 590 137 30 normal

276 625 127 30 storlek
424 626 56 30 för
501 627 254 31 kommunerna
777 628 193 36 fastställes,
996 629 114 30 vilken
1133 630 63 29 bör
1217 630 230 37 eftersträvas,
1471 632 66 29 och
1559 635 48 26 att
1631 635 46 26 ett
1698 632 84 30 visst

275 668 186 30 minimum
486 669 55 30 för
564 670 173 29 storleken
762 670 146 36 angives,
935 671 103 30 vilket
1064 671 75 31 icke
1165 676 96 26 utom
1287 673 9 29 i
1323 673 170 30 särskilda
1520 675 262 35 undantagsfall

275 710 62 30 bör
356 709 36 31 få
411 712 256 30 underskridas.

320 778 224 30 Beträffande
565 779 272 31 kommunernas
859 781 265 29 normalstorlek
1149 781 103 31 anför
1274 782 288 36 föredraganden:

319 828 78 31 Med
415 829 138 35 hänsyn
572 829 50 30 till
640 831 57 29 det
713 840 48 19 nu
779 831 148 30 anförda
944 841 101 20 anser
1060 831 67 36 jag,
1145 835 52 27 att
1214 832 94 30 inom
1326 832 176 37 områden,
1525 835 63 28 där
1605 834 42 30 de
1664 834 116 30 lokala

274 870 333 36 förutsättningarna
623 872 56 29 för
693 874 112 28 större
819 873 208 30 kommuner
1042 876 58 28 äro
1117 874 137 31 mindre
1270 884 238 27 gynnsamma,
1527 876 139 29 särskilt
1684 876 96 30 inom

274 922 81 20 rena
381 912 367 37 Jordbruksområden,
776 924 42 20 en
842 915 297 30 kommunstorlek
1166 915 20 30 å
1215 917 161 35 omkring
1401 918 18 29 3
1435 918 63 29 000
1524 917 167 31 invånare
1717 918 64 30 bör

273 954 230 34 eftersträvas,
525 956 120 30 därvid
661 966 85 20 man
764 957 231 30 dock
878 950 22 49 —
921 957 68 30 med
1014 958 135 35 hänsyn
1168 958 107 30 bland
1296 962 106 26 annat
1420 959 50 30 till
1488 960 292 35 angelägenheten

274 1000 47 26 att
344 997 204 36 möjliggöra
572 1007 42 21 en
636 998 161 35 tidsenlig
820 1000 196 35 utveckling
1038 1010 41 20 av
1105 1000 241 31 skolväsendet
1368 1019 44 2 —
1434 1002 109 30 hellre
1568 1002 63 30 bör
1655 1005 124 27 stanna

276 1038 52 30 för
350 1042 46 26 ett
418 1040 181 29 alternativ
622 1041 80 29 med
724 1040 103 36 något
849 1042 105 35 högre
979 1042 273 36 folkmängdstal
1277 1045 43 28 än
1345 1046 45 26 ett
1414 1045 81 28 med
1517 1045 100 34 lägre.
1645 1045 71 29 Där
1738 1045 43 29 de

273 1081 115 30 lokala
414 1082 334 36 förutsättningarna
777 1082 54 31 för
859 1085 107 28 större
991 1084 369 36 kommunbildningar
1385 1087 60 28 äro
1473 1095 94 20 mera
1594 1094 184 27 gynnsam-

272 1132 67 26 ma,
370 1123 139 30 särskilt
537 1124 94 30 inom
658 1124 168 31 områden
852 1127 79 28 med
958 1127 141 29 tätorter
1127 1127 82 30 eller
1237 1127 299 31 industrialiserad
1564 1128 213 36 befolkning,

272 1165 63 29 bör
358 1166 54 30 det
438 1166 10 29 i
474 1167 342 30 överensstämmelse
836 1169 78 28 med
937 1168 221 30 kommitténs
1183 1168 179 30 flerstädes
1386 1170 153 29 uttalade
1560 1170 217 29 rekommen-

272 1206 157 31 dationer
450 1209 185 34 övervägas
660 1211 49 27 att
732 1209 108 35 skapa
862 1209 207 30 kommuner
1094 1211 79 29 med
1196 1211 106 34 högre
1325 1211 213 36 folkmängd.
1566 1212 73 29 Den
1662 1212 116 29 lokala

272 1249 204 35 opinionens
500 1250 178 30 önskemål
701 1261 100 25 synes
824 1251 88 30 dock
934 1251 10 29 i
967 1251 130 30 sådana
1122 1252 62 30 fall
1205 1252 85 30 böra
1314 1252 162 31 tillmätas
1501 1257 71 26 stor
1594 1254 182 35 betydelse.

316 1317 76 30 Med
415 1319 167 29 avseende
604 1318 19 30 å
645 1319 66 29 den
734 1328 42 20 av
796 1319 203 30 kommittén
1024 1320 195 35 föreslagna
1241 1321 103 29 nedre
1368 1322 148 33 gränsen
1539 1322 55 29 för
1616 1322 158 28 kommu-

271 1377 123 21 nernas
416 1369 125 29 storlek
563 1369 125 29 uttalar
708 1369 289 35 föredraganden:

314 1418 71 30 Vad
415 1418 308 31 minimistorleken
752 1419 106 35 angår
886 1420 63 29 har
976 1421 10 29 i
1014 1420 89 31 vissa
1132 1421 308 35 remissyttranden
1472 1423 150 31 uttalats,
1653 1427 47 26 att
1730 1431 43 20 en

273 1460 237 35 minimigräns
529 1472 41 19 av
589 1462 17 28 2
621 1462 63 29 000
703 1461 164 31 invånare
887 1463 91 34 finge
998 1472 99 21 anses
1116 1465 54 28 väl
1192 1463 63 35 låg.
1276 1464 62 34 Jag
1357 1464 58 29 vill
1434 1464 9 29 i
1463 1464 186 35 anledning
1667 1464 109 28 härav

270 1502 121 34 erinra,
413 1507 48 26 att
480 1521 44 2 —
545 1503 112 31 såsom
678 1514 42 20 av
744 1506 64 28 den
830 1506 91 28 förut
943 1506 160 29 lämnade
1123 1506 238 34 redogörelsen
1384 1507 53 29 för
1459 1506 223 30 kommitténs
1704 1507 68 29 för-

270 1546 70 32 slag
359 1545 154 34 framgår
530 1563 43 2 —
590 1547 92 29 detta
701 1546 183 30 minimum
903 1547 103 34 enligt
1027 1547 222 31 kommitténs
1269 1548 139 35 mening
1429 1549 75 29 icke
1526 1559 79 20 vore
1625 1553 47 26 att
1692 1557 83 21 anse

269 1586 113 30 såsom
400 1588 181 33 riktpunkt
597 1589 57 29 vid
672 1589 236 34 avvägningen
925 1599 43 20 av
985 1590 41 29 de
1043 1590 92 30 olika
1153 1591 271 30 kommunernas
1446 1592 127 29 storlek
1591 1594 83 27 utan
1695 1593 77 28 när-

270 1632 87 27 mast
377 1639 81 21 vore
478 1633 107 27 avsett
606 1631 53 29 för
679 1631 90 30 vissa
792 1632 8 29 i
823 1632 235 33 redogörelsen
1082 1633 213 29 omnämnda
1320 1632 199 36 specialfall.
1544 1633 75 30 Med
1643 1634 66 29 den
1731 1644 42 20 av

269 1671 68 33 mig
363 1672 140 33 intagna
530 1672 259 34 ståndpunkten
817 1674 8 29 i
853 1673 95 34 fråga
978 1684 55 19 om
1060 1676 272 28 kommunernas
1360 1676 264 29 normalstorlek
1652 1678 39 28 är
1717 1676 56 28 det

270 1713 127 34 tydligt,
424 1718 46 26 att
495 1724 41 19 en
560 1714 239 35 minimigräns
824 1716 72 29 icke
920 1717 69 29 kan
1014 1716 34 30 få
1076 1725 114 21 annan
1218 1717 192 35 principiell
1436 1718 173 35 betydelse
1636 1720 44 28 än
1706 1719 63 29 den

270 1763 42 19 av
337 1754 206 30 kommittén
570 1755 158 36 angivna.
757 1756 69 30 Var
850 1756 284 36 minimigränsen
1160 1758 64 29 bör
1252 1759 132 35 dragas,
1412 1758 72 31 kan
1512 1759 140 35 givetvis
1679 1759 11 29 i
1716 1760 61 29 allt

269 1798 60 29 fall
352 1798 91 30 bliva
467 1798 144 30 föremål
635 1800 53 29 för
713 1800 204 29 diskussion.
944 1800 67 30 För
1036 1809 81 25 egen
1144 1802 53 29 del
1221 1810 100 21 anser
1344 1802 65 34 jag,
1434 1805 49 26 att
1506 1811 81 20 man
1612 1802 74 30 icke
1710 1803 63 29 bör

269 1840 167 30 fastställa
466 1841 103 33 högre
595 1843 103 32 gräns
730 1843 43 28 än
801 1842 203 30 kommittén
1034 1843 184 34 föreslagit.
1249 1843 62 30 Vid
1340 1854 41 19 en
1410 1844 223 35 nyindelning
1663 1843 109 31 måste

267 1882 183 34 nämligen,
478 1882 112 31 såsom
616 1883 57 34 jag
698 1884 92 30 förut
815 1884 159 35 påpekat,
1001 1886 135 33 hänsyn
1163 1888 95 32 tagas
1284 1886 49 30 till
1362 1889 45 27 ett
1435 1887 114 29 flertal
1575 1888 91 29 olika
1695 1888 74 30 fak-

267 1927 98 30 torer,
393 1924 114 30 såsom
534 1925 216 34 geografiska
777 1926 201 34 betingelser
1006 1937 42 20 m.
1077 1938 43 19 m.
1149 1927 212 30 Beaktandet
1388 1939 42 19 av
1459 1928 130 31 sådana
1617 1930 155 28 faktorer

266 1967 119 29 skulle,
410 1976 56 20 om
488 1967 283 34 minimigränsen
794 1968 130 34 höjdes,
948 1970 77 29 med
1048 1970 159 30 säkerhet
1231 1970 282 35 nödvändiggöra
1538 1975 44 26 ett
1605 1976 83 26 stort
1710 1982 59 20 an-

267 2009 46 29 tal
330 2009 177 33 undantag
525 2009 76 41 från
617 2010 261 34 minimiregeln.
897 2011 53 29 En
967 2011 94 34 dylik
1079 2012 218 35 tillämpning
1316 2022 78 20 vore
1412 2013 9 30 i
1439 2013 92 30 olika
1550 2013 221 30 hänseenden

266 2050 73 30 icke
361 2051 135 34 lycklig.
520 2052 25 28 Å
568 2052 108 29 andra
698 2053 99 30 sidan
820 2062 99 25 synes
941 2063 40 20 en
1007 2055 92 32 lägre
1121 2054 239 30 minimisiffra
1384 2055 75 30 icke
1483 2055 172 35 tillrådlig.
1682 2056 86 29 Här-

265 2092 56 30 vid
338 2094 81 32 göra
440 2094 50 33 sig
507 2094 135 30 särskilt
660 2095 41 29 de
719 2095 386 34 förvaltningstekniska
1125 2098 260 33 synpunkterna
1402 2098 169 34 gällande.
1593 2099 73 29 Den
1686 2098 83 29 fort-

266 2134 129 34 gående
411 2136 464 35 befolkningsminskningen
891 2137 44 35 på
951 2139 236 34 landsbygden
1206 2140 38 29 är
1262 2142 45 27 ett
1325 2140 194 35 ytterligare
1538 2142 74 28 skäl
1631 2144 47 26 att
1696 2141 75 29 icke

267 2178 168 29 fastställa
455 2188 41 19 en
516 2179 54 28 för
587 2178 54 34 låg
657 2179 248 30 minimisiffra.
928 2180 209 31 Bestämmes
1158 2183 146 32 gränsen
1325 2183 48 29 till
1394 2183 18 28 2
1428 2183 62 28 000
1512 2183 174 34 invånare,
1708 2182 63 29 bör

264 2219 65 29 den
349 2220 119 29 kunna
488 2220 36 30 så
544 2223 70 31 gott
634 2230 75 20 som
728 2222 260 33 undantagslöst
1011 2222 262 35 upprätthållas.
1298 2224 13 28 I
1333 2225 106 30 likhet
1462 2226 77 29 med
1563 2225 205 30 kommittén

264 2270 99 21 anser
382 2261 67 35 jag,
471 2265 47 27 att
538 2263 77 29 med
636 2264 113 29 denna
769 2264 272 35 gränsdragning
1062 2268 45 27 ett
1128 2266 299 30 underskridande
1449 2267 9 29 i
1480 2269 88 32 regel
1591 2268 61 29 bör
1674 2267 93 30 med-

263 2304 93 33 givas
377 2305 121 29 endast
519 2305 219 30 beträffande
761 2307 227 29 ökommuner
1010 2311 88 26 samt
1120 2309 207 29 kommuner
1351 2310 76 28 med
1451 2309 199 36 jämförliga
1671 2311 96 28 kom-

266 2346 458 34 munikationssvårigheter.

308 2388 12 28 I
345 2388 41 30 de
409 2389 71 33 fall,
505 2388 43 30 då
571 2390 113 29 lokala
708 2389 178 30 önskemål
909 2400 57 20 om
992 2392 318 35 sammanslagning
1337 2392 8 30 i
1383 2394 168 34 väsentligt
1577 2396 109 28 större
1710 2403 55 21 en-

263 2430 94 29 heter
379 2432 44 28 än
446 2431 256 29 normalramen
726 2432 138 33 angiver
887 2433 196 34 framföras,
1108 2435 96 28 torde
1228 2444 41 20 ur
1292 2435 128 29 allmän
1444 2437 176 34 synpunkt
1645 2438 9 28 i
1678 2435 89 35 regel

263 2472 74 30 icke
359 2471 115 31 finnas
493 2473 184 34 anledning
698 2475 48 29 att
768 2473 216 30 tillbakavisa
1005 2475 96 30 dessa
1123 2475 189 31 önskemål.
