1882 2812
455 193 437 31 Konstitutionsutskottets
917 191 175 31 utlåtande
1112 202 43 20 nr
1178 193 49 29 19.
1556 186 37 29 21

222 279 140 37 (Kungl.
382 279 119 35 Maj:ts
519 278 158 37 förslag.)
1034 276 208 37 (Utskottets
1262 276 157 37 förslag.)

91 372 118 36 gäldas
238 380 123 27 genom
389 371 230 36 utdebitering
645 371 10 29 i
682 370 243 30 förstnämnda
954 370 180 34 kommun,
1163 367 186 32 underlåtit
1378 371 49 27 att
1452 368 10 29 i
1488 367 107 30 erfor-

91 422 107 36 derlig
216 421 209 36 omfattning
444 422 184 29 verkställa
649 421 96 36 dylik
767 420 228 36 utdebitering
1015 420 81 31 eller
1115 419 210 36 obehörigen
1343 418 153 36 förfogat
1516 419 81 29 över

91 474 232 29 kommunens
351 471 189 37 tillgångar,
568 470 57 31 må
653 471 191 35 Konungen
873 470 58 31 vid
959 470 240 30 fastställande
1226 479 42 20 av
1294 469 203 36 uppgörelse
1522 478 75 20 som

91 524 10 29 i
127 523 109 31 första
259 524 133 35 stycket
416 523 76 35 sägs
514 522 177 35 förordna,
716 525 49 26 att
789 522 111 29 under
923 521 83 30 visst
1031 521 93 29 antal
1147 520 38 30 år
1209 520 148 30 särskild
1378 519 218 30 kommunal-

93 574 91 30 skatt
211 574 89 30 skall
325 572 141 37 påföras
491 573 95 30 inom
611 572 66 30 den
702 572 54 29 del
782 582 41 20 av
851 572 66 30 den
943 571 187 36 nybildade
1157 572 225 34 kommunen,
1410 580 75 20 som
1511 573 85 26 mot-

92 634 119 21 svarar
236 624 243 30 förstnämnda
501 624 178 29 kommun.
706 622 168 32 Närmare
897 621 261 32 bestämmelser
1183 631 57 20 om
1266 621 186 35 uttagande
1479 629 42 21 av
1545 618 51 31 så-

93 675 67 30 dan
182 674 150 31 särskild
354 674 299 30 kommunalskatt
674 673 177 30 meddelas
875 682 43 20 av
940 672 202 35 Konungen.

806 774 19 29 6
844 754 36 62 8.

139 842 239 31 Kostnaderna
405 842 55 30 för
489 841 183 36 utredning
701 850 73 21 som
805 840 10 30 i
846 841 112 29 denna
987 840 56 35 lag
1072 848 98 21 avses
1198 839 97 30 skola
1323 838 118 36 gäldas
1469 848 41 20 av
1539 838 59 29 all-

94 894 129 29 männa
246 893 122 30 medel.

807 959 16 28 7
843 941 36 59 8.

139 1028 14 29 I
176 1028 69 30 den
266 1026 83 31 mån
372 1026 30 36 ej
426 1029 106 27 annat
554 1025 103 37 följer
681 1035 43 20 av
746 1025 69 30 vad
838 1034 89 21 ovan
952 1026 91 34 sagts
1066 1024 107 35 gäller
1195 1025 67 30 vad
1285 1024 11 29 i
1318 1024 100 35 lagen
1442 1033 58 20 om
1523 1023 76 29 ord-

95 1079 82 35 ning
209 1078 67 30 och
308 1077 125 30 villkor
463 1076 55 30 för
547 1076 148 35 ändring
725 1076 10 29 i
767 1075 206 30 kommunal
1005 1074 65 30 och
1104 1074 218 30 ecklesiastik
1353 1073 177 35 indelning
1562 1073 40 29 är

96 1129 135 36 stadgat
254 1128 131 36 jämväl
409 1129 80 29 med
513 1127 169 29 avseende
706 1125 20 31 å
751 1125 205 31 förfarande
982 1124 103 36 enligt
1110 1125 114 29 denna
1249 1125 64 35 lag.

138 1230 120 30 Denna
279 1230 55 35 lag
354 1229 116 31 träder
491 1229 11 30 i
521 1228 95 31 kraft
637 1228 66 29 den
727 1228 13 29 1
765 1227 63 36 juli
911 1227 124 29 Denna
1056 1227 56 35 lag
1132 1226 116 30 träder
1267 1225 10 30 i
1297 1225 94 30 kraft
1411 1225 67 29 den
1499 1225 15 29 1
1539 1223 64 37 juli

97 1276 92 45 1946.
870 1277 83 30 1946
979 1277 65 30 och
1069 1276 107 37 gäller
1200 1275 49 31 till
1276 1276 63 30 och
1365 1275 78 30 med
1469 1274 67 30 den
1561 1275 39 29 31

867 1326 181 31 december
1069 1328 93 29 1951.

448 1425 35 40 b)
514 1429 185 36 godkänna
725 1429 41 29 de
794 1438 42 20 av
863 1429 166 29 utskottet
1055 1437 89 21 ovan
1172 1427 186 29 förordade
1385 1424 218 37 riktlinjerna

406 1479 56 30 för
482 1479 288 36 nyindelningens
793 1478 281 36 genomförande.

452 1579 30 39 2)
513 1583 48 26 att
588 1579 219 30 motionerna

452 1631 32 35 a)
516 1631 26 29 I:
559 1631 61 29 299
637 1630 66 29 och
720 1630 44 30 II:
780 1630 73 34 462,

451 1680 34 40 b)
516 1681 27 29 I:
559 1681 63 29 300
644 1680 66 30 och
733 1680 44 29 II:
793 1680 73 34 461,

452 1731 30 38 c)
513 1731 27 30 I:
555 1732 64 29 326
638 1731 66 30 och
724 1731 44 29 II:
785 1731 72 37 500,

453 1778 36 40 d)
516 1782 27 29 I:
563 1782 56 30 327
649 1782 66 29 och
742 1781 44 29 II:
806 1781 59 30 498
893 1784 89 26 samt

452 1829 28 40 e)
512 1832 44 30 II:
571 1832 64 29 499

453 1882 12 30 i
490 1882 66 30 den
582 1880 83 31 mån
692 1882 41 29 de
760 1881 77 30 icke
862 1880 98 30 blivit
985 1880 190 29 besvarade
1201 1887 123 28 genom
1348 1879 68 29 vad
1442 1878 165 30 utskottet

410 1942 90 20 ovan
518 1932 110 30 under
651 1928 29 39 1)
704 1931 185 35 hemställt,
910 1931 78 29 icke
1008 1929 106 30 måtte
1133 1929 50 30 till
1203 1928 116 36 någon
1337 1928 201 35 riksdagens
1557 1927 48 30 åt-

408 1983 84 35 gärd
522 1982 191 30 föranleda.

146 2084 200 30 Stockholm
369 2084 66 29 den
456 2084 18 28 4
498 2083 75 36 juni
598 2083 93 29 1946.

517 2198 48 30 På
587 2198 431 30 konstitutionsutskottets
1042 2197 142 34 vägnar:

569 2274 138 29 JONES
733 2273 105 29 ERIK
864 2271 275 30 ANDERSSON.
