1920 2852
511 180 319 32 Bankoutskottets
853 179 188 32 utlåtande
1065 180 52 31 Nr
1140 179 54 31 30.
1528 177 40 30 75

843 336 82 30 64:0.

149 424 18 31 I
189 434 45 21 en
256 424 96 31 inom
373 424 116 31 andra
511 424 209 31 kammaren
743 423 112 32 under
875 433 44 21 nr
941 423 59 31 151
1024 423 105 31 väckt
1152 423 136 31 motion
1310 422 66 31 har
1400 422 83 31 herr
1506 421 107 32 Sved-

109 485 84 22 man
212 475 193 36 hemställt,
426 477 73 30 »att
518 475 193 37 riksdagen
730 476 111 30 måtte
860 474 136 37 bevilja
1015 474 227 32 tvätterskan
1262 474 130 31 Hanna
1412 473 201 33 Jakobsson

110 527 11 31 i
144 527 116 37 Visby
283 529 51 30 ett
357 527 112 36 årligt
494 527 194 31 understöd
711 527 81 31 med
815 526 58 31 300
898 526 161 31 kronor».

148 579 238 31 Beträffande
410 578 264 37 motiveringen
698 578 56 31 för
777 578 116 31 denna
918 578 217 31 hemställan
1158 577 172 31 hänvisar
1356 577 176 31 utskottet
1555 576 58 32 till

109 630 190 32 motionen.

149 682 57 31 Av
233 682 233 36 tillgängliga
492 681 218 37 handlingar
736 681 13 30 i
775 681 148 31 ärendet
951 681 173 36 framgår,
1151 682 55 29 att
1233 680 210 36 Jakobsson,
1471 689 74 22 som
1572 682 40 29 är

109 733 87 32 född
215 733 68 31 den
302 734 18 30 7
338 733 149 36 augusti
504 733 77 30 1868
601 733 65 31 och
686 732 152 31 sålunda
857 734 84 29 över
962 732 38 30 61
1018 733 51 35 år,
1096 732 6 30 i
1121 741 75 22 mer
1217 734 47 28 än
1283 732 38 30 29
1342 732 41 30 år
1402 731 13 31 i
1434 731 178 36 egenskap

108 795 45 21 av
174 786 231 35 entreprenör
428 785 13 30 i
462 793 88 27 egen
571 784 126 31 bostad
718 783 115 32 utfört
854 783 218 36 tvättnings-
1094 783 66 31 och
1182 782 430 37 persedellagningsarbe-

109 838 59 29 ten
190 836 56 31 för
269 836 172 32 Gotlands
463 836 241 31 artillerikårs
726 835 166 36 räkning,
914 836 55 30 att
990 835 242 36 anledningen
1253 834 58 31 till
1333 836 54 29 att
1410 834 203 31 omförmäl-

109 889 46 31 da
179 887 122 32 arbete
326 888 134 31 utförts
485 888 13 30 i
523 887 152 32 hemmet
700 887 96 31 varit
821 888 54 30 att
900 886 112 31 kåren
1036 886 130 31 saknat
1189 894 88 28 egen
1300 885 313 37 tvättinrättning,

109 942 53 29 att
185 939 70 31 hon
277 939 109 32 sedan
410 939 67 31 den
499 940 18 29 1
537 939 73 36 maj
634 939 76 31 1929
732 938 77 31 icke
833 938 124 32 vidare
980 938 150 31 anlitats
1152 938 56 31 för
1233 938 117 36 dylikt
1373 937 131 36 arbete,
1526 939 87 29 enär

111 991 77 31 1925
215 992 59 30 års
303 991 279 31 försvarsbeslut
609 991 165 35 medfört,
802 991 54 30 att
884 989 288 32 artillerikårens
1199 991 95 29 tvätt
1322 998 44 22 m.
1392 999 45 20 m.
1466 998 149 21 numera

109 1042 215 36 ombesörjes
344 1053 46 20 av
411 1042 173 31 Gotlands
604 1041 261 32 infanterikårs
885 1041 303 36 tvättinrättning
1208 1042 22 30 å
1250 1040 173 36 Visborgs
1444 1041 97 35 slätt,
1561 1041 53 30 att

109 1094 133 31 hennes
269 1093 295 36 arbetsförtjänst
593 1094 153 36 uppgått
774 1093 56 31 till
858 1093 12 30 i
898 1092 218 37 genomsnitt
1144 1093 58 30 100
1229 1092 130 31 kronor
1387 1092 13 30 i
1426 1091 187 36 månaden,

107 1146 91 31 varå
222 1145 274 37 dyrtidstillägg
520 1144 77 31 icke
620 1145 132 36 utgått,
775 1145 52 30 att
849 1144 71 30 hon
943 1143 114 37 enligt
1080 1143 210 37 läkarintyg
1314 1144 67 31 den
1405 1144 39 30 10
1466 1142 147 37 januari

108 1197 78 31 1930
209 1197 91 31 lider
322 1207 45 20 av
391 1196 321 35 åderförkalkning
736 1196 65 31 och
824 1196 136 30 allmän
983 1195 334 35 kraftnedsättning
1341 1195 12 30 i
1377 1195 114 31 sådan
1513 1195 99 35 grad,

108 1250 55 30 att
182 1248 72 31 hon
271 1247 33 37 ej
324 1256 127 28 genom
470 1247 120 31 arbete
609 1247 72 31 kan
700 1247 172 31 förvärva
891 1247 64 31 sitt
975 1246 200 37 uppehälle,
1196 1247 53 30 att
1270 1246 70 31 hon
1358 1246 111 31 sedan
1489 1246 68 31 den
1575 1246 38 30 14

109 1299 164 32 februari
296 1299 78 31 1891
397 1301 41 29 är
462 1299 13 31 i
500 1299 197 36 äktenskap
724 1299 149 31 förenad
896 1298 82 31 med
1001 1297 191 32 arbetaren
1217 1297 119 31 Johan
1359 1297 159 32 Vilhelm
1542 1297 71 31 Ru-

109 1351 75 32 dolf
207 1350 211 37 Jakobsson,
443 1350 86 32 född
554 1350 68 31 den
646 1351 38 30 16
708 1349 73 37 maj
808 1350 88 36 1868,
922 1349 122 31 vilken
1068 1349 179 31 alltsedan
1271 1349 40 31 år
1337 1349 79 31 1924
1440 1349 97 31 varit
1562 1349 50 31 in-

108 1405 109 34 tagen
248 1402 56 31 för
334 1402 170 36 varaktig
535 1401 221 36 försörjning
786 1401 22 31 å
837 1401 115 36 Visby
981 1401 99 31 stads
1109 1400 295 36 ålderdomshem,
1434 1402 94 30 samt
1558 1402 53 29 att

108 1454 176 31 makarna
304 1454 96 31 hava
421 1456 54 29 tre
497 1463 121 21 vuxna
639 1453 100 36 barn,
762 1453 98 31 vilka
883 1453 78 31 icke
984 1462 108 27 synas
1116 1463 88 20 vara
1227 1453 12 30 i
1262 1453 67 30 den
1351 1452 174 36 ställning
1559 1454 53 30 att

109 1506 42 31 de
175 1506 124 30 kunna
322 1505 154 36 bidraga
501 1504 58 32 till
582 1504 165 31 moderns
772 1504 200 36 uppehälle.

149 1606 92 34 Över
267 1607 283 37 ifrågavarande
576 1607 135 31 motion
737 1607 66 31 har
829 1606 175 32 utskottet
1030 1606 13 30 i
1070 1606 225 36 vederbörlig
1322 1606 154 36 ordning
1502 1606 110 31 inför-

108 1660 140 31 skaffat
277 1659 188 31 utlåtande
494 1669 45 21 av
568 1659 266 35 statskontoret,
863 1668 76 21 som
968 1657 13 31 i
1009 1657 148 32 ärendet
1186 1657 81 32 hört
1297 1657 315 32 arméförvaltnin-

108 1719 86 28 gens
218 1710 462 36 intendentsdepartement.

149 1762 494 36 Intendentsdepartementet
663 1761 66 31 har
749 1760 179 37 tillstyrkt
947 1760 205 36 beviljande
1172 1771 47 21 av
1238 1760 149 37 pension
1406 1762 38 30 åt
1463 1762 150 30 tvätter-

107 1813 91 31 skan
218 1813 202 31 Jakobsson
439 1813 81 31 med
540 1812 58 31 300
618 1812 130 31 kronor
770 1812 56 31 för
846 1813 41 30 år
909 1812 65 31 och
996 1812 148 36 erinrat,
1165 1813 54 30 att
1241 1812 282 36 departementet
1545 1811 67 32 den

107 1865 18 29 2
150 1864 163 31 februari
336 1864 78 30 1926
436 1864 13 30 i
472 1864 172 31 skrivelse
666 1863 58 31 till
744 1863 134 36 Kungl.
901 1862 111 37 Maj:t
1035 1863 184 31 hemställt
1241 1873 57 20 om
1320 1863 224 31 utverkande
1566 1873 45 20 av

108 1917 111 36 årligt
245 1916 194 32 understöd
466 1917 37 30 åt
530 1915 124 36 henne,
680 1915 129 31 varvid
835 1915 283 36 departementet
1144 1914 58 31 till
1228 1914 79 31 stöd
1333 1914 57 31 för
1417 1914 194 31 framställ-

108 1970 134 35 ningen
265 1969 131 34 anfört,
420 1967 112 31 bland
555 1968 121 34 annat,
700 1965 173 36 följande:

147 2037 223 35 Visserligen
395 2036 67 30 har
488 2035 210 35 Jakobsson,
722 2034 113 31 under
862 2034 68 31 den
954 2034 55 30 tid
1034 2034 69 30 hon
1129 2033 141 31 arbetat
1296 2034 56 30 för
1379 2033 130 31 kårens
1533 2033 79 31 räk-

107 2081 99 36 ning,
234 2080 77 31 icke
339 2079 167 31 innehaft
534 2078 117 32 direkt
678 2077 327 36 statsanställning,
1033 2079 89 29 utan
1149 2077 141 31 arbetat
1319 2077 12 30 i
1359 2076 179 37 egenskap
1566 2087 45 21 av

105 2126 233 35 entreprenör
360 2125 37 30 åt
419 2123 122 31 kåren.
583 2122 210 31 Emellertid
815 2122 66 31 har
904 2122 12 30 i
938 2121 187 36 åtskilliga
1147 2121 67 31 fall
1237 2124 90 28 även
1351 2121 117 36 dylikt
1490 2120 121 32 arbete

107 2168 149 37 räkpats
277 2177 43 21 en
341 2166 324 37 pensionssökande
686 2166 57 30 till
766 2166 89 35 godo
876 2165 64 31 vid
962 2165 217 31 bedömande
1202 2175 45 20 av
1269 2165 140 35 frågan,
1429 2164 183 32 huruvida

106 2213 148 37 pension
274 2212 107 31 borde
404 2211 265 31 vederbörande
690 2210 247 30 tillerkännas.
960 2209 161 31 Sålunda
1141 2208 179 36 beviljade
1343 2208 78 30 1924
1442 2209 59 30 års
1522 2208 88 31 riks-

108 2257 70 35 dag
201 2255 144 37 jämlikt
368 2255 174 30 skrivelse
566 2254 67 30 den
655 2253 39 30 26
716 2253 94 35 april
834 2262 137 21 samma
994 2253 40 29 år
1057 2262 43 19 nr
1123 2252 67 35 108,
1214 2252 114 35 punkt
1352 2252 18 30 7
1393 2250 35 35 a)
1454 2252 37 30 åt
1515 2252 95 30 förre

107 2299 362 32 skräddarmästaren
498 2297 63 30 vid
591 2296 163 31 Skånska
786 2296 349 34 husarregementets
1166 2294 444 31 intendenturverkstäder

108 2342 81 31 Olof
216 2341 177 31 Svensson
419 2350 43 20 en
489 2339 94 36 årlig
609 2339 148 36 pension
783 2349 44 20 av
853 2339 59 30 800
939 2338 139 30 kronor.
1126 2337 172 31 Bemälda
1324 2337 196 31 Svenssons
1546 2337 64 31 och

107 2386 218 32 Jakobssons
348 2385 148 30 arbeten
518 2383 60 31 vid
598 2382 200 37 respektive
820 2381 267 37 truppförband
1110 2381 101 31 torde
1234 2380 121 31 kunna
1378 2381 12 30 i
1412 2380 91 31 visst
1526 2380 84 31 hän-

107 2429 127 32 seende
260 2428 188 31 likställas.
496 2427 54 30 Då
577 2425 201 31 Jakobsson
803 2435 105 26 synes
936 2424 95 31 hava
1057 2425 111 34 ägnat
1194 2425 132 30 största
1354 2424 102 31 delen
1482 2434 45 20 av
1555 2424 55 31 sin

109 2472 225 33 verksamhet
356 2471 37 31 åt
416 2469 173 32 Gotlands
610 2468 233 35 artillerikår,
866 2468 65 31 och
954 2467 132 31 hennes
1109 2467 287 36 arbetsförmåga
1419 2469 40 29 är
1482 2467 12 30 i
1517 2477 93 27 myc-

108 2517 58 31 ket
189 2515 69 36 hög
282 2514 89 36 grad
394 2513 153 35 nedsatt,
569 2513 46 35 på
638 2511 117 37 grund
778 2521 113 21 varav
915 2510 133 31 hennes
1069 2510 121 31 arbete
1213 2511 56 30 för
1292 2510 129 31 kårens
1444 2510 166 37 räkning,

1703 422 63 29 Ang.

1695 456 81 30 årligt

1641 492 143 23 understöd
1803 492 27 22 åt

1655 527 162 23 tvätterskan

1633 562 123 23 Hanna
1756 562 84 23 Jacobs-

1632 604 54 21 son,
1701 597 63 29 född
1774 597 65 22 Frö-

1702 632 66 30 berg.
