1930 2854
536 161 319 32 Bankoutskottets
878 158 188 33 utlåtande
1090 158 52 31 Nr
1167 158 51 30 30.
1546 154 40 31 47

166 243 83 32 Med
270 241 215 33 biträdande
508 252 45 20 av
577 239 69 32 vad
669 239 135 36 Kungl.
828 237 109 36 Maj:t
961 236 188 36 föreslagit
1174 235 206 31 hemställer
1404 233 184 35 utskottet,

568 336 55 30 att
643 334 193 35 riksdagen
857 333 59 30 må
937 331 130 31 bifalla
1086 330 134 36 Kungl.
1241 329 129 36 Maj:ts
1391 327 237 33 förevarande

529 385 280 36 framställning.

835 540 83 30 44:0.

167 647 18 31 I
219 656 43 22 en
295 645 56 32 till
383 645 186 36 riksdagen
592 645 150 36 avlåten,
766 644 64 32 den
855 644 18 31 7
898 642 156 32 februari
1078 641 83 31 1930
1185 639 213 37 dagtecknad
1422 639 209 37 proposition

123 710 42 20 nr
199 700 42 31 75
275 699 63 31 har
362 697 133 37 Kungl.
519 697 111 37 Maj:t,
654 697 109 31 under
785 695 215 37 åberopande
1024 704 43 21 av
1090 693 255 37 propositionen
1368 692 113 36 bilagt
1504 692 125 36 utdrag

123 762 45 21 av
190 750 371 37 statsrådsprotokollet
583 752 82 29 över
688 748 303 33 försvarsärenden
1014 747 53 31 för
1090 755 131 22 samma
1244 744 77 37 dag,
1345 744 178 36 föreslagit
1546 744 84 30 riks-

122 805 111 36 dagen
256 804 172 36 medgiva,

166 858 52 30 att
244 856 95 31 förra
362 854 394 33 tvättförestånderskan
781 853 59 32 vid
864 853 219 31 Karlskrona
1106 849 440 36 kustartilleriregementes
1569 859 60 21 nu-

122 919 95 21 mera
240 908 168 37 nedlagda
431 907 291 36 tvättinrättning
747 906 149 31 Matilda
921 904 215 35 Holmkvist,
1160 902 81 32 född
1265 901 198 37 Thunberg,
1479 902 56 30 må
1551 901 78 31 från

123 962 61 31 och
218 961 76 32 med
328 961 66 31 den
429 962 18 29 1
472 960 139 37 januari
635 960 85 31 1929
744 959 108 31 under
876 959 53 30 sin
952 955 214 33 återstående
1189 954 120 32 livstid
1332 955 22 30 å
1377 954 180 31 allmänna
1580 954 50 30 in-

122 1014 305 37 dragningsstaten
450 1012 155 36 uppbära
628 1022 43 21 en
693 1011 92 37 årlig
809 1011 141 36 pension
973 1020 44 20 av
1042 1009 62 30 696
1128 1008 142 34 kronor;
1293 1008 91 30 samt

166 1068 52 30 att
251 1076 108 21 envar
386 1075 45 21 av
456 1065 94 31 förra
572 1064 260 31 arbeterskorna
856 1063 60 31 vid
939 1071 135 22 samma
1096 1059 288 36 tvättinrättning
1407 1059 85 31 Elsa
1515 1058 114 31 Maria

123 1119 216 35 Holmkvist,
364 1118 114 31 Gerda
495 1117 185 31 Charlotta
695 1116 276 34 Abrahamsson,
989 1114 117 37 Sigrid
1122 1113 150 31 Matilda
1289 1111 195 36 Lindstedt,
1502 1110 128 32 Hanna

123 1172 136 31 Emelie
282 1170 275 35 Abrahamsson,
582 1169 81 31 född
687 1168 189 36 Lindstedt,
900 1167 115 32 Maria
1040 1166 231 34 Söderström,
1288 1163 81 32 född
1386 1162 164 37 Åkesson,
1567 1162 63 32 och

124 1224 114 32 Gerda
275 1223 125 32 Olsson
434 1223 57 30 må
526 1222 79 31 från
627 1222 179 30 allmänna
829 1220 342 36 indragningsstaten
1194 1217 154 36 uppbära
1371 1215 186 32 understöd
1578 1216 52 30 för

124 1287 42 21 en
201 1278 102 35 gång,
337 1277 52 30 att
423 1276 85 35 utgå
542 1274 52 31 för
628 1274 203 31 Holmkvist
860 1272 77 31 med
961 1272 96 35 1,400
1081 1271 136 35 kronor,
1242 1270 52 30 för
1317 1268 112 32 Gerda
1452 1267 178 33 Charlotta

123 1329 258 31 Abrahamsson
416 1327 78 32 med
519 1327 95 36 1,400
639 1327 136 35 kronor,
799 1326 53 30 för
875 1324 182 32 Lindstedt
1080 1323 76 31 med
1180 1323 62 31 700
1266 1322 137 36 kronor,
1428 1321 54 31 för
1505 1321 125 31 Hanna

124 1382 133 31 Emelie
291 1380 257 32 Abrahamsson
571 1379 77 31 med
672 1379 62 30 600
759 1379 135 35 kronor,
918 1377 53 31 för
994 1376 213 32 Söderström
1230 1374 77 31 med
1333 1375 62 30 500
1418 1374 128 30 kronor
1569 1373 61 31 och

123 1435 55 30 för
201 1433 118 32 Olsson
342 1432 78 32 med
445 1432 62 31 500
531 1432 137 30 kronor.

166 1538 87 31 Före
288 1535 279 38 genomförandet
601 1545 45 20 av
682 1534 84 31 1925
798 1535 56 29 års
888 1530 391 37 försvarsorganisation
1303 1530 103 31 fanns
1429 1529 60 31 vid
1512 1528 119 31 Karls-

122 1592 109 30 krona
253 1588 426 36 kustartilleriregemente
701 1596 43 22 en
767 1585 299 35 tvättinrättning.
1112 1582 70 33 Vid
1205 1582 111 31 denna
1339 1592 65 21 var
1420 1581 151 31 anställd
1587 1590 42 21 en

123 1642 284 35 förestånderska,
432 1650 74 21 som
529 1650 46 21 av
597 1639 135 31 kronan
755 1638 109 31 erhöll
887 1636 195 36 ersättning
1106 1636 54 30 för
1182 1635 56 31 det
1261 1635 140 31 utförda
1423 1634 130 31 arbetet
1576 1643 54 21 en-

123 1696 67 36 ligt
212 1694 312 38 styckeverkstaxa.
571 1691 314 32 Förestånderskan
907 1689 168 31 anställde
1100 1689 12 30 i
1134 1688 55 30 sin
1211 1690 58 29 tur
1292 1687 207 31 tvätterskor
1521 1687 44 36 på
1589 1685 40 32 de

123 1748 141 36 villkor,
298 1757 120 21 varom
452 1746 70 30 hon
557 1744 223 32 överenskom
803 1743 76 31 med
903 1743 95 31 dessa
1020 1741 223 31 arbeterskor.
1290 1740 84 31 1925
1398 1741 57 30 års
1478 1748 153 27 omorga-

123 1801 151 30 nisation
297 1798 187 36 medförde,
507 1800 50 29 att
580 1796 265 37 ifrågavarande
869 1794 288 35 tvättinrättning
1181 1793 157 31 nedlades
1361 1792 77 31 med
1455 1792 175 36 utgången

123 1863 44 20 av
202 1854 39 29 år
276 1852 82 31 1928
383 1851 63 31 och
470 1852 52 29 att
545 1849 129 32 sådana
697 1849 149 35 arbeten,
870 1858 72 20 som
965 1847 125 31 dittills
1113 1846 124 31 utförts
1270 1847 10 29 å
1304 1845 209 35 densamma,
1537 1845 93 29 över-

124 1905 159 37 flyttades
306 1904 55 31 till
385 1904 142 30 flottans
550 1902 296 35 tvättinrättning.

168 2009 72 30 Hos
263 2008 132 36 Kungl.
420 2007 101 36 Maj:t
544 2007 63 30 har
630 2005 378 35 marinförvaltningen
1032 2003 90 37 gjort
1138 2003 260 35 framställning
1416 2012 55 21 om
1487 2002 143 36 pension

124 2062 36 30 åt
183 2061 93 30 förra
300 2058 300 33 förestånderskan
624 2058 60 31 vid
704 2056 235 38 nyssnämnda
955 2055 288 35 tvättinrättning
1259 2056 90 29 samt
1366 2064 54 21 om
1436 2053 195 31 avskedser-

123 2114 155 35 sättning
301 2114 36 30 åt
360 2111 243 32 ovannämnda
621 2109 245 32 förutvarande
882 2108 211 31 arbeterskor
1110 2107 59 31 vid
1186 2117 130 21 samma
1331 2106 299 35 tvättinrättning.

168 2166 57 30 Av
249 2165 255 36 handlingarna
528 2164 11 30 i
562 2162 141 32 ärendet
725 2162 183 35 inhämtas,

169 2217 212 32 beträffande
407 2216 151 31 Matilda
587 2214 216 35 Holmkvist,
827 2215 51 30 att
901 2214 79 35 hon,
1004 2222 71 21 som
1098 2214 40 29 är
1161 2211 79 31 född
1264 2211 64 31 den
1352 2211 40 30 18
1417 2220 93 21 mars
1535 2210 95 35 1862,

124 2271 94 30 varit
251 2268 150 32 anställd
430 2269 111 29 såsom
566 2266 274 32 förestånderska
863 2265 60 31 vid
948 2265 216 31 Karlskrona
1187 2263 444 35 kustartilleriregementes

124 2321 289 35 tvättinrättning
448 2320 108 30 under
590 2319 95 30 tiden
722 2319 17 29 1
774 2318 190 36 september
999 2316 170 31 1908—31
1205 2315 176 31 december
1410 2315 94 35 1928,
1529 2314 103 30 alltså

125 2375 12 30 i
160 2374 161 34 omkring
346 2372 41 30 20
411 2373 55 33 år;

169 2424 212 33 beträffande
416 2423 85 31 Elsa
525 2422 113 31 Maria
663 2421 214 35 Holmkvist,
902 2421 50 30 att
976 2420 78 35 hon,
1079 2430 72 20 som
1174 2422 39 27 är
1236 2418 79 31 född
1340 2418 66 31 den
1431 2417 39 31 23
1495 2426 133 21 novem-

126 2479 57 31 ber
219 2477 94 36 1898,
350 2476 91 31 varit
464 2474 150 32 anställd
638 2475 111 30 såsom
773 2471 272 38 mangelbiträde
1068 2472 58 30 vid
1152 2471 215 30 Karlskrona
1390 2469 242 31 kustartilleri-

1718 647 65 30 Ang.

1650 682 145 23 understöd
1815 680 27 24 åt

1665 717 70 23 vissa
1752 718 84 29 förut-

1660 752 117 24 varande
1796 760 46 15 an-

1675 786 153 32 ställnings-

1672 823 96 23 havare
1786 822 45 23 vid

1670 856 166 24 Karlskrona

1658 892 187 24 kustartilleri-

1676 929 156 28 regementes

1671 962 164 24 tvättinrätt-

1718 997 71 31 ning.
