1918 2852
551 196 3 3 "
573 190 319 33 Bankoutskottets
915 188 188 32 utlåtande
1126 187 53 31 Nr
1203 186 51 31 30.
1571 182 41 31 69

152 272 114 31 under
293 272 88 31 åren
409 269 207 36 1891—1894,
646 268 74 31 dels
748 267 65 31 ock
841 266 81 31 med
951 265 96 31 vissa
1075 263 171 38 uppehåll
1275 263 60 31 vid
1365 262 195 35 fästnings-
1589 260 64 31 och

150 320 492 39 kasernbyggnadsarbetena
669 319 13 31 i
708 318 122 31 Boden
856 317 110 31 sedan
993 316 68 31 den
1086 315 19 31 9
1131 314 75 37 maj
1234 314 91 35 1902;
1353 315 55 29 att
1434 313 73 30 han
1534 311 119 37 tjänat

150 374 139 31 kronan
316 373 12 31 i
355 371 240 36 sammanlagt
623 369 165 36 omkring
814 368 38 31 29
880 369 56 35 år;
965 368 92 30 samt
1085 367 53 30 att
1166 365 72 31 han
1266 367 84 33 äger
1378 374 44 21 en
1447 362 205 37 jordbruks-

150 426 178 36 lägenhet,
353 424 153 32 taxerad
529 423 57 32 till
610 422 89 36 4,500
723 421 139 36 kronor,
889 420 88 31 varå
1004 419 92 30 vilar
1122 428 44 21 en
1192 417 106 32 skuld
1322 427 45 20 av
1392 416 89 36 3,000
1506 411 145 45 kronor;

149 480 94 30 samt

189 530 231 32 beträffande
444 529 181 37 Nyström,
648 528 54 30 att
726 526 82 36 han,
832 535 75 21 som
929 527 41 28 är
996 523 86 32 född
1106 523 68 31 den
1198 522 38 30 14
1260 521 73 36 maj
1359 521 87 36 1866,
1471 520 97 31 varit
1593 529 60 22 an-

150 582 110 32 ställd
286 581 74 32 dels
386 580 62 32 vid
474 580 97 31 vissa
597 580 136 30 statens
759 577 217 37 järnvägars
1003 574 147 32 arbeten
1177 574 13 30 i
1216 574 38 30 10
1279 573 41 31 år
1348 572 65 32 och
1438 572 19 31 9
1481 571 171 32 månader

149 633 113 32 under
287 634 86 30 åren
396 631 197 31 1892—1900
615 631 93 30 samt
732 627 207 36 1921—1923,
964 627 74 31 dels
1060 626 81 31 med
1164 625 98 31 vissa
1286 623 170 38 uppehåll
1479 623 63 31 vid
1567 622 85 32 fäst-

148 684 120 36 nings-
293 684 65 31 och
381 679 488 39 kasernbyggnadsarbetena
897 679 13 30 i
934 678 121 31 Boden
1080 677 113 31 under
1217 676 100 31 tiden
1339 675 37 30 15
1400 675 69 36 juli
1495 674 157 31 1901—22

151 735 197 37 september
371 734 78 30 1916
471 735 92 29 samt
587 733 84 31 från
693 732 65 30 och
780 731 80 30 med
883 730 68 31 den
973 730 18 29 1
1013 728 69 37 juli
1103 728 58 31 till
1185 727 65 31 och
1272 726 80 32 med
1376 726 68 31 den
1467 727 18 29 1
1507 725 145 31 oktober

149 786 87 36 1927,
261 786 74 32 dels
358 785 65 31 ock
447 784 62 32 vid
531 781 518 38 kasernbyggnadsnämndens
1073 779 147 31 arbeten
1245 778 97 31 inom
1365 776 287 38 garnisonssjuk-

148 838 105 31 huset
275 837 13 31 i
312 836 122 32 Boden
458 836 86 31 åren
570 833 196 32 1923—1925
791 833 85 31 eller
901 832 114 31 under
1041 830 165 36 omkring
1232 830 18 30 3
1274 829 55 36 år;
1357 830 54 30 att
1436 829 72 30 han
1533 827 119 37 tjänat

148 889 140 31 kronan
308 889 13 30 i
342 887 240 36 sammanlagt
604 885 165 36 omkring
790 884 39 31 23
851 884 55 36 år;
930 884 93 30 samt
1045 884 53 30 att
1120 882 73 30 han
1214 884 85 33 äger
1321 891 44 21 en
1387 880 265 36 bostadslägen-

149 940 71 36 het,
242 940 151 31 taxerad
415 939 59 31 till
497 938 87 36 1,400
607 937 141 35 kronor,
773 937 87 30 varå
883 935 96 31 vilar
1003 944 44 21 en
1070 934 105 31 skuld
1199 943 46 21 av
1268 933 57 30 500
1349 932 140 31 kronor.

188 991 135 32 Vidare
349 990 182 31 inhämtas
556 999 45 21 av
626 988 277 35 handlingarna,
926 988 55 29 att
1007 985 170 36 samtliga
1202 984 283 36 ifrågavarande
1511 983 142 31 förmän

148 1043 65 31 och
235 1042 174 35 arbetare,
433 1040 117 32 vilkas
572 1039 121 32 arbete
715 1039 13 30 i
750 1040 135 29 statens
907 1037 115 37 tjänst
1044 1036 106 31 blivit
1174 1036 59 30 väl
1256 1035 187 36 vitsordat,
1464 1035 47 36 på
1534 1034 118 36 grund

148 1104 45 21 av
218 1094 99 31 ålder
341 1093 66 31 och
432 1101 127 28 genom
582 1091 212 35 läkarbetyg
820 1089 119 37 styrkt
964 1088 165 36 sjukdom
1153 1096 151 21 numera
1327 1086 95 31 hava
1446 1087 39 29 så
1509 1085 142 32 nedsatt

148 1145 298 35 arbetsförmåga,
469 1145 54 29 att
546 1143 51 36 de,
631 1142 3 31 i
656 1142 67 31 den
745 1142 84 30 mån
852 1141 41 30 de
917 1140 78 31 icke
1019 1139 111 31 redan
1152 1138 139 31 lämnat
1313 1137 57 31 sin
1393 1136 223 36 anställning
1638 1136 13 30 i

147 1198 137 30 statens
307 1195 125 36 tjänst,
455 1195 97 30 inom
576 1194 67 31 den
667 1194 180 30 närmaste
872 1191 101 32 tiden
995 1191 141 30 komma
1161 1191 54 29 att
1238 1189 209 36 entledigas.

187 1247 19 31 I
229 1247 119 36 övrigt
370 1246 139 32 tillåter
531 1245 54 36 sig
608 1244 173 32 utskottet
805 1244 53 30 att
880 1242 153 31 hänvisa
1054 1241 58 32 till
1133 1240 277 37 propositionen.

188 1348 82 33 Med
293 1349 215 31 biträdande
531 1358 44 21 av
600 1348 69 31 vad
689 1347 135 35 Kungl.
850 1345 110 36 Maj:t
984 1344 187 36 föreslagit
1195 1343 206 32 hemställer
1425 1342 185 36 utskottet,

589 1443 54 30 att
669 1441 195 36 riksdagen
887 1442 59 29 må
973 1440 129 31 bifalla
1128 1440 135 36 Kungl.
1290 1440 129 36 Maj:ts
1446 1440 205 30 förevaran-

551 1494 40 31 de
616 1492 280 37 framställning.

853 1639 87 31 61:0.

187 1738 18 30 I
230 1747 43 21 en
298 1737 95 30 inom
420 1736 114 31 första
558 1736 210 30 kammaren
792 1745 44 21 av
863 1735 82 30 herr
972 1734 162 31 Leander
1159 1734 106 32 väckt
1291 1734 135 30 motion
1452 1743 42 21 nr
1520 1734 37 30 61
1583 1733 65 31 har

145 1789 211 35 hemställts,
387 1790 72 29 »att
487 1787 195 36 riksdagen
707 1787 111 30 måtte
847 1786 178 36 medgiva,
1052 1787 54 30 att
1135 1785 24 31 f.
1189 1786 219 35 daglönaren
1436 1785 62 31 vid
1524 1784 125 31 krono-

145 1841 126 30 varvet
298 1840 12 30 i
337 1839 226 31 Karlskrona
590 1839 91 30 Karl
707 1837 144 37 August
878 1838 164 31 Franzén
1067 1838 59 30 må
1152 1837 85 31 från
1263 1837 64 30 och
1353 1837 81 31 med
1462 1837 66 31 den
1556 1837 18 29 1
1598 1836 50 36 ja-

144 1891 107 31 nuari
280 1891 76 30 1930
383 1891 114 30 under
525 1890 56 31 sin
608 1889 225 31 återstående
861 1888 127 31 livstid
1016 1888 83 31 från
1126 1889 185 30 allmänna
1338 1888 310 36 indragningssta-

144 1944 61 29 ten
227 1942 163 36 uppbära
414 1951 44 21 en
481 1941 94 35 årlig
597 1940 149 36 pension
771 1940 56 30 till
851 1939 126 36 belopp
1003 1949 45 20 av
1073 1939 57 31 600
1151 1939 160 30 kronor».

184 1992 239 31 Beträffande
451 1991 263 36 motiveringen
744 1991 56 30 för
830 1991 98 31 detta
958 1990 135 36 förslag
1123 1990 58 30 får
1212 1990 183 36 utskottet,
1431 1990 6 30 i
1467 1990 67 31 den
1564 1991 83 29 mån

143 2043 222 36 redogörelse
390 2043 13 30 1
429 2043 59 31 det
513 2042 160 36 följande
698 2042 33 35 ej
757 2042 148 35 lämnas,
931 2041 153 31 hänvisa
1108 2041 58 31 till
1190 2041 190 31 motionen.

185 2145 124 32 Såsom
331 2146 12 30 i
366 2145 181 31 motionen
569 2145 166 35 erinrats,
758 2155 65 20 var
847 2145 132 35 frågan
1001 2154 56 21 om
1080 2144 148 37 pension
1250 2145 37 30 åt
1311 2144 162 31 Franzén
1497 2145 150 30 föremål

144 2197 56 31 för
223 2196 178 37 prövning
426 2196 61 31 vid
511 2196 76 30 1929
609 2196 59 31 års
691 2195 147 36 riksdag
861 2195 12 30 i
896 2195 195 36 anledning
1113 2206 45 20 av
1182 2197 50 29 ett
1256 2198 88 28 utav
1367 2205 133 22 samme
1523 2196 123 31 motio-

143 2250 66 29 när
234 2248 45 31 då
301 2247 108 31 väckt
433 2247 145 35 förslag.

183 2298 58 30 Av
268 2298 44 31 då
340 2297 233 36 tillgängliga
600 2297 217 36 handlingar
845 2297 237 36 inhämtades,
1109 2299 54 29 att
1191 2297 171 36 Franzén,
1389 2307 76 21 som
1492 2300 40 28 är
1561 2298 85 31 född

144 2349 68 31 den
229 2349 18 29 1
266 2348 183 31 december
470 2348 78 30 1873
567 2348 65 30 och
651 2348 107 30 alltså
778 2358 48 20 nu
847 2348 38 30 56
905 2352 40 26 år
966 2348 166 35 gammal,
1154 2348 112 30 under
1286 2347 99 32 tiden
1407 2348 67 31 den
1494 2349 37 29 12
1551 2348 94 36 april

143 2399 158 31 1900—31
332 2398 72 36 maj
438 2398 78 30 1923
548 2398 95 31 varit
674 2399 156 31 anställd
862 2399 116 30 såsom
1010 2398 194 36 daglönare
1235 2398 62 31 vid
1329 2398 151 32 flottans
1511 2409 90 21 varv
1634 2400 11 30 i

142 2449 235 32 Karlskrona.

182 2500 125 36 Enligt
330 2502 50 29 ett
404 2511 46 20 av
475 2500 125 31 chefen
625 2500 55 31 för
703 2500 473 36 byggnadsdepartementet
1202 2500 60 31 vid
1285 2501 158 31 nämnda
1467 2511 88 21 varv
1578 2502 66 31 den

1743 1746 62 29 Ang.

1696 1779 108 30 pension
1823 1779 28 23 åt

1685 1814 70 29 förre
1774 1814 86 30 daglö-

1681 1857 81 15 naren
1780 1849 33 22 K.
1833 1850 29 22 A.

1711 1884 123 23 Franzén.
