1924 2852
554 177 319 33 Bankoutskottets
897 179 187 32 utlåtande
1108 180 52 31 Nr
1184 180 51 30 30.
1564 178 39 31 58

142 254 63 31 den
239 256 19 30 4
286 255 67 37 juli
377 256 85 30 1878
486 256 62 31 och
572 256 193 31 utbildades
788 257 57 31 till
869 257 371 36 gevärshantverkare;
1263 258 52 29 att
1339 256 69 31 han
1432 256 217 32 befordrades

141 307 55 30 till
220 307 136 32 förman
381 308 65 31 den
471 309 18 30 2
512 308 140 36 januari
676 309 100 35 1905;
799 311 52 29 att
874 309 69 31 han
966 309 203 36 tjänstgjort
1191 310 112 30 såsom
1327 308 236 32 föreståndare
1587 309 61 31 och

140 360 228 32 arbetsledare
407 361 59 31 vid
499 361 434 36 artilleridepartementets
967 361 357 37 handvapensförråd;
1347 362 53 30 att
1422 361 70 30 han
1515 361 134 31 lämnat

140 413 54 30 sin
217 413 215 36 anställning
455 413 64 31 den
543 414 41 30 29
608 414 77 36 juni
710 414 83 31 1929
817 414 88 31 efter
928 424 40 21 en
992 414 180 37 tjänstetid
1196 424 44 20 av
1264 414 161 36 omkring
1450 414 39 30 51
1514 415 53 34 år;
1598 415 51 30 att

140 466 69 30 han
232 466 167 36 uppburit
421 476 42 20 en
486 466 179 37 avlöning,
690 466 176 32 inklusive
890 467 269 36 dyrtidstillägg,
1184 477 43 20 av
1252 466 110 31 under
1385 467 40 30 år
1449 466 84 31 1927
1552 466 94 36 3,771

141 518 125 31 kronor
299 518 61 31 och
389 519 110 31 under
521 520 39 29 år
584 519 84 31 1928
694 519 93 36 3,768
813 520 142 35 kronor;
979 521 88 29 samt
1090 521 52 30 att
1165 520 68 30 han
1257 519 86 31 efter
1366 519 55 31 sin
1445 520 137 35 avgång
1606 529 42 20 ur

139 571 108 36 tjänst
269 574 39 28 är
330 571 195 37 berättigad
549 573 52 30 att
623 572 132 37 årligen
780 573 169 36 uppbära:
973 573 140 35 pension
1132 572 61 31 900
1210 573 136 35 kronor,
1363 572 284 36 pensionstillägg

140 623 62 31 180
236 624 127 30 kronor
397 624 63 31 och
495 624 360 36 pensionsförhöjning
879 625 63 30 180
965 625 126 31 kronor
1114 625 82 30 eller
1219 624 147 37 tillhopa
1390 624 95 36 1,260
1510 624 136 31 kronor.

182 728 17 30 I
234 728 97 37 fråga
366 738 57 21 om
457 728 120 31 vidare
611 728 185 36 utredning
833 728 12 30 i
879 728 140 31 ärendet
1042 728 165 31 hänvisar
1230 729 167 30 utskottet
1420 729 56 30 till
1499 729 149 36 proposi-

138 781 127 31 tionen.

182 833 79 31 Med
288 834 136 35 hänsyn
454 833 54 31 till
533 833 67 31 vad
625 843 71 21 som
721 833 154 37 upplysts
898 834 177 36 angående
1098 834 204 30 Danielsons
1326 834 232 36 tjänstgöring
1583 833 63 31 och

137 885 291 37 arbetsuppgifter
450 886 63 30 har
535 886 166 30 utskottet
724 886 74 30 icke
822 886 94 31 velat
939 887 163 30 motsätta
1117 886 54 36 sig
1187 886 101 30 bifall
1305 886 56 31 till
1377 886 134 36 Kungl.
1529 886 118 36 Maj:ts

137 938 225 31 förevarande
385 938 130 36 förslag
539 938 61 31 och
625 938 54 30 får
702 938 104 31 alltså
829 938 192 36 hemställa,

580 1045 50 29 att
654 1043 183 36 riksdagen
862 1045 57 29 må
942 1044 124 30 bifalla
1090 1043 132 37 Kungl.
1239 1043 118 36 Maj:ts
1378 1042 268 38 ifrågavarande

538 1096 218 36 proposition.

850 1261 83 31 48:0.

178 1355 18 30 I
219 1365 42 21 en
295 1356 55 30 till
375 1355 184 37 riksdagen
583 1357 151 36 avlåten,
758 1357 64 31 den
847 1358 40 30 21
912 1357 154 31 februari
1090 1356 84 31 1930
1198 1356 212 36 dagtecknad
1435 1356 210 36 proposition

135 1418 43 20 nr
202 1408 61 31 126
293 1408 64 31 har
381 1408 133 36 Kungl.
539 1408 111 37 Maj:t,
675 1409 109 32 under
807 1410 213 36 åberopande
1042 1419 45 21 av
1108 1410 254 35 propositionen
1386 1409 111 36 bilagt
1521 1409 125 36 utdrag

134 1471 45 20 av
203 1460 371 36 statsrådsprotokollet
597 1463 83 29 över
704 1461 303 32 försvarsärenden
1032 1461 53 31 för
1108 1471 134 21 samma
1266 1461 76 36 dag,
1367 1461 179 36 föreslagit
1563 1461 84 30 riks-

134 1513 111 36 dagen
279 1513 171 36 medgiva,
479 1515 51 28 att
553 1513 87 31 Erik
669 1513 155 32 Vilhelm
848 1514 145 31 Nilsson
1017 1515 57 29 må
1099 1531 38 4 —
1163 1515 121 29 utöver
1307 1513 127 30 honom
1457 1514 80 30 från
1562 1513 85 30 riks-

135 1565 389 36 försäkringsanstalten
548 1566 187 31 tillerkänd
760 1567 154 31 livränta
938 1584 40 4 —
1004 1566 78 31 från
1106 1567 60 30 och
1190 1566 77 31 med
1284 1566 66 31 den
1369 1567 18 29 1
1403 1566 140 36 januari
1561 1565 85 31 1930

134 1618 109 31 under
265 1618 56 30 sin
344 1618 214 31 återstående
579 1618 120 31 livstid
715 1619 21 30 å
751 1619 179 31 allmänna
945 1618 342 37 indragningsstaten
1303 1618 155 36 uppbära
1475 1619 49 30 ett
1539 1618 107 36 årligt

133 1670 188 31 understöd
344 1680 44 20 av
413 1670 62 31 600
500 1670 137 37 kronor,
661 1672 84 30 utan
770 1673 69 29 rätt
863 1673 51 29 att
938 1671 83 31 därå
1043 1671 138 36 åtnjuta
1204 1670 271 37 dyrtidstillägg.

178 1774 56 31 Av
258 1774 254 36 handlingarna
535 1775 12 30 i
569 1774 141 31 ärendet
726 1775 183 36 inhämtas,
926 1776 50 30 att
991 1775 86 30 Erik
1094 1775 154 31 Vilhelm
1264 1774 139 31 Nilsson
1421 1774 108 31 under
1546 1776 101 28 värn-

133 1826 341 37 pliktstjänstgöring
499 1827 59 31 vid
583 1827 171 31 Hallands
778 1829 192 35 regemente
994 1828 65 31 den
1083 1828 39 30 16
1140 1828 188 36 september
1346 1827 83 31 1924
1446 1826 200 31 åsamkades

133 1889 43 20 en
200 1879 200 31 skottskada
424 1879 11 30 i
461 1881 142 29 vänstra
626 1880 290 36 tinningtrakten,
941 1880 45 30 då
1008 1880 70 30 han
1102 1880 108 30 under
1227 1880 131 36 övning
1374 1879 86 31 hade
1476 1880 53 30 att
1544 1879 103 30 fram-

133 1931 106 36 rycka
274 1932 71 29 mot
379 1940 43 21 en
457 1931 75 30 med
568 1933 48 29 ett
639 1931 286 36 kulsprutegevär
954 1931 133 31 försedd
1111 1933 90 34 post;
1224 1933 52 29 att
1301 1931 145 36 olyckan
1469 1931 177 31 sannolikt

133 1983 210 31 förorsakats
366 1993 44 20 av
434 1984 52 30 att
508 1983 77 31 med
610 1984 330 36 kulsprutegeväret,
964 1993 73 21 som
1061 1984 111 30 skolat
1188 1985 110 29 matas
1314 1983 77 31 med
1407 1983 49 31 lös
1472 1983 172 30 ammuni-

132 2035 85 36 tion,
252 2035 146 30 kommit
433 2036 51 29 att
517 2035 153 31 avlossas
705 2037 47 29 ett
775 2036 118 36 skarpt
916 2036 93 30 skott
1031 2036 62 31 och
1116 2037 51 29 att
1190 2035 139 31 Nilsson
1353 2035 137 31 träffats
1513 2045 45 21 av
1583 2035 64 31 lös-

133 2087 171 36 sprängda
338 2087 95 31 flisor
469 2087 77 31 från
582 2087 122 36 kulan;
738 2090 50 29 att
821 2088 342 36 omständigheterna
1194 2088 71 31 tala
1289 2088 53 30 för
1365 2089 50 30 att
1438 2088 125 31 skottet
1586 2098 59 20 av-

133 2140 120 30 lossats
277 2141 41 34 på
342 2140 137 30 kortare
502 2140 146 31 avstånd
674 2142 45 28 än
743 2141 62 30 100
829 2142 116 35 meter,
970 2140 110 32 vilket
1103 2143 40 28 är
1158 2140 287 31 minimiavstånd
1463 2140 58 31 vid
1539 2140 107 36 skjut-

132 2192 86 35 ning
254 2192 75 30 med
364 2192 50 30 lös
448 2192 248 35 ammunition;
730 2195 49 28 att
812 2193 104 36 ingen
940 2192 84 31 dock
1048 2193 135 30 kunnat
1207 2194 99 34 göras
1329 2192 164 36 ansvarig
1517 2192 54 31 för
1594 2194 53 29 att

133 2243 216 36 uppsåtligen
384 2243 85 31 eller
503 2254 44 20 av
581 2244 215 31 vårdslöshet
820 2245 91 30 hava
936 2244 108 31 vållat
1067 2244 144 35 skadan;
1239 2246 51 29 att
1313 2244 140 31 Nilsson
1476 2244 168 31 alltsedan

132 2295 69 30 han
235 2295 163 30 drabbats
421 2305 46 20 av
489 2296 218 36 olycksfallet
731 2296 80 31 lidit
833 2306 45 21 av
901 2296 72 30 ofta
996 2296 279 31 återkommande
1300 2296 201 35 epileptiska
1524 2296 120 35 anfall,

133 2346 215 36 rubbningar
373 2347 11 30 i
408 2347 234 36 talförmågan
677 2357 43 21 m.
747 2358 55 26 m.,
839 2349 53 30 för
926 2347 97 31 vilka
1057 2348 199 35 sjukdomar
1291 2348 172 30 erfordras
1496 2347 147 31 särskild

132 2398 201 35 läkarvård;
368 2400 52 29 att
455 2399 67 30 han
555 2399 110 36 enligt
697 2399 64 31 den
786 2401 18 29 5
829 2400 174 31 december
1027 2400 83 30 1928
1135 2400 141 35 avgivet
1299 2399 279 31 läkarutlåtande
1601 2400 43 35 på

133 2450 112 37 grund
269 2460 44 21 av
338 2451 54 30 sin
415 2451 140 36 epilepsi
580 2453 108 29 måste
712 2451 173 31 betraktas
908 2453 110 29 såsom
1043 2452 52 30 för
1118 2452 46 30 all
1189 2452 141 30 framtid
1348 2451 141 36 oduglig
1506 2451 54 31 till
1578 2451 48 31 all

1730 1367 64 29 Ang.

1674 1401 143 24 understöd
1836 1402 28 23 åt

1666 1436 68 23 Erik
1760 1435 113 25 Vilhelm

1709 1470 118 25 Nilsson.
