2135 2640
458 204 244 32 Sammansatta
725 203 129 33 Banko-
878 204 55 32 och
955 203 268 41 Lag-Utskottets
1252 204 176 33 Utlåtande
1452 204 61 32 N:o
1535 207 30 29 2.
1737 208 39 28 17

841 439 366 42 Reservationer:

346 546 39 35 af
413 544 139 36 Herrar
579 544 210 45 Bergström,
819 545 178 45 Sandberg
1024 547 64 33 och
1115 545 110 44 Rääf,
1252 546 123 36 hvilka
1403 546 132 36 anfört:
1571 547 94 36 »Det
1693 548 39 35 af
1756 548 66 36 Ut-

210 599 134 33 skottet
370 597 197 43 framlagda
593 596 134 44 förslag
754 596 54 34 till
835 596 340 45 sammanjemkning
1202 598 147 34 emellan
1363 596 219 37 Kamrarnes
1597 600 93 33 olika
1705 600 116 34 beslut

211 649 110 34 under
360 647 113 44 tredje
513 647 157 44 punkten
710 647 218 34 beträffande
967 648 105 43 lagen
1113 645 181 47 angående
1329 649 157 34 enskilda
1514 650 202 44 bankbolag
1743 651 76 34 med

212 697 365 46 sedelutgifningsrätt
616 695 121 46 måste,
766 698 77 34 med
871 698 162 35 afseende
1061 696 20 37 å
1109 699 72 34 dels
1208 699 93 35 hvad
1328 699 192 35 ledamöter
1547 700 40 35 af
1609 701 210 45 regeringen

210 751 112 34 under
351 749 269 44 öfverläggning
646 749 11 34 i
684 747 91 36 båda
802 748 200 36 Kamrarne
1028 752 116 41 yttrat
1171 750 73 34 dels
1272 751 65 34 ock
1363 749 248 37 Riksbankens
1640 750 179 47 oförmåga

213 804 52 31 att
306 801 12 33 i
353 800 62 34 sitt
442 800 222 34 närvarande
692 800 101 34 skick
820 800 185 44 öfvertaga
1032 801 80 33 hela
1140 801 65 33 den
1233 801 283 44 sedelutgifning,
1545 803 144 34 hvarom
1718 801 102 46 fråga

212 855 52 40 är,
293 851 39 34 af
356 861 54 24 oss
438 861 100 24 anses
565 861 88 25 vara
681 851 40 34 af
744 850 242 36 beskaffenhet
1014 854 54 32 att
1094 851 78 36 icke
1199 852 120 35 kunna
1354 852 85 35 eller
1458 863 60 24 ens
1536 853 85 35 böra
1641 854 39 34 af
1691 852 128 37 Första

213 902 216 35 Kammaren
456 904 186 42 antagas>;

348 1003 40 35 af
423 1002 139 36 Herrar
605 1003 153 44 Claöson,
800 1003 166 36 Ericsson
1006 1004 64 35 och
1102 1003 101 45 Falk,
1235 1004 122 36 hvilka
1385 1005 122 36 dervid
1533 1008 132 42 yttrat:
1700 1006 120 36 »Enär

215 1055 108 44 enligt
362 1052 65 38 vår
467 1055 140 44 mening
647 1054 129 45 Kongl.
806 1054 138 45 Maj:ts
977 1055 132 45 förslag
1140 1055 55 35 till
1221 1056 204 45 förordning
1453 1055 181 46 angående
1662 1059 157 34 enskilda

214 1107 135 33 banker
375 1106 78 34 med
480 1108 73 32 rätt
581 1108 54 32 att
660 1106 140 44 utgifva
829 1116 89 34 egna
945 1107 212 34 banksedlar
1183 1105 194 36 innefattar
1405 1105 38 37 så
1471 1110 72 32 stor
1561 1108 260 46 inskränkning

214 1157 13 34 i
267 1157 99 34 dessa
406 1157 153 34 bankers
599 1156 376 44 sedelutgifningsrätt,
1009 1167 71 24 som
1112 1157 77 35 med
1216 1158 105 44 nödig
1349 1159 166 34 omtanka
1542 1162 55 32 att
1623 1160 194 45 förebygga

215 1205 214 37 våldsamma
456 1207 217 45 rubbningar
700 1208 12 33 i
739 1208 59 34 det
824 1207 54 35 för
904 1208 137 34 landets
1069 1208 118 35 affärs-
1216 1209 63 34 och
1297 1209 189 45 näringslif
1501 1208 37 36 så
1557 1211 136 44 vigtiga
1711 1212 107 33 bank-

216 1259 169 34 väsendet
411 1256 92 37 låter
530 1259 53 43 sig
610 1259 59 34 väl
695 1258 133 43 förena,
857 1259 119 34 kunna
1003 1259 36 35 vi
1066 1259 54 35 för
1146 1257 65 38 vår
1239 1260 55 34 del
1321 1260 30 44 ej
1375 1261 140 35 biträda
1543 1260 203 36 Utskottets
1773 1273 47 24 nu

214 1309 196 45 uppgjorda
438 1309 501 45 sammanjemkningsförslag,
967 1310 12 34 i
998 1310 94 35 hvad
1111 1311 57 34 det
1184 1310 92 35 afser
1293 1313 19 32 2
1329 1310 21 46 8
1370 1312 11 33 i
1396 1311 240 36 förstnämnda
1650 1313 167 45 förslag»;

351 1410 38 34 af
425 1409 97 35 Herr
561 1410 214 43 Bäckström,
815 1411 143 33 hvilken
998 1411 148 44 androg:
1186 1409 79 37 »Då
1291 1412 59 35 vid
1378 1413 66 34 den
1471 1411 209 47 långvariga
1709 1414 110 35 öfver-

217 1462 213 43 läggningen
470 1461 54 34 för
551 1458 308 38 åstadkommande
888 1461 38 34 af
951 1472 42 23 en
1020 1462 338 45 sammanjemkning
1385 1463 39 35 af
1449 1464 40 34 de
1518 1465 93 34 olika
1638 1466 183 44 meningar

217 1512 64 34 och
320 1513 114 33 beslut
473 1512 12 33 i
525 1512 162 34 afseende
727 1510 44 46 på
799 1511 21 46 8
850 1514 44 32 31
925 1512 39 34 af
986 1512 133 44 förslag
1146 1513 54 34 till
1226 1515 61 42 lag
1313 1514 54 34 för
1395 1515 158 34 enskilda
1581 1516 134 34 banker
1742 1517 77 33 med

217 1562 376 44 sedelutgifningsrätt,
634 1563 146 34 hvartill
818 1562 201 35 Kamrarne
1058 1564 156 43 kommit,
1255 1565 77 34 icke
1372 1566 73 33 ledt
1484 1566 53 34 till
1578 1567 143 43 enighet
1761 1577 59 24 ens

218 1614 126 33 mellan
372 1613 134 34 hälften
534 1613 39 34 af
597 1612 417 44 Utskottsledamöterne,
1043 1624 102 24 anser
1169 1614 64 45 jag
1261 1618 53 31 att
1343 1614 204 37 Utskottets
1574 1618 114 33 beslut
1714 1618 106 34 borde

218 1664 109 34 hafva
354 1664 128 43 blifvit,
512 1667 53 31 att
592 1664 54 34 till
673 1663 200 35 Kamrarne
902 1665 151 34 anmäla:
1085 1668 54 31 att
1166 1666 104 44 ingen
1298 1667 338 46 sammanjemkning
1662 1670 12 33 i
1702 1668 117 36 ofvan-

216 1715 151 34 nämnda
395 1716 112 42 punkt
533 1715 136 34 kunnat
696 1713 295 48 åvägabringas»;

353 1816 38 33 af
415 1815 97 35 Herr
542 1816 216 43 Thomasson,
786 1816 144 36 hvilken
958 1821 116 32 ansett
1103 1818 187 36 Utskottet
1317 1820 108 36 hafva
1452 1822 79 34 bort
1549 1821 54 35 för
1617 1821 202 46 Riksdagen

220 1865 197 45 framlägga
458 1870 52 31 ett
545 1844 490 69 sammanjemkningsförslag;
1076 1870 39 34 af
1151 1869 153 36 innehåll
1337 1874 64 41 att,
1435 1873 77 34 med
1538 1871 208 37 bibehållan:
1741 1848 40 60 de
1809 1875 11 33 I

221 1916 108 44 öfrigt
368 1917 38 34 af
442 1917 130 44 Kongl.
615 1917 88 60 Maj:
709 1921 31 31 ts
780 1919 142 44 förslag,
964 1920 58 34 det
1050 1918 144 37 sålunda
1223 1901 178 65 medgifna
1427 1924 254 44 sedelbeloppet
1708 1925 112 34 skulle

220 1944 110 58 under
357 1946 191 56 hvartdera
576 1969 40 34 af
639 1967 85 36 ären
756 1971 244 34 1859—1898
1028 1972 154 34 minskas
1208 1973 77 34 med
1313 1984 41 23 en
1382 1973 234 46 tjugondedel,
1646 1976 102 34 deraf
1767 1979 54 31 tre

221 2018 206 35 femtedelar
465 2019 12 34 i
516 2020 279 34 tiokronesedlar
836 2022 63 33 och
930 2019 200 38 återstoden
1158 2023 10 34 i
1202 2024 110 35 andra
1345 2026 244 43 sedelvalörer,
1618 2024 37 36 så
1682 2029 54 32 att
1762 2027 59 34 vid

222 2069 214 34 sistnämnda
477 2068 56 36 års
573 2071 70 33 slut
683 2071 163 44 samtliga
886 2073 157 34 enskilda
1082 2074 152 34 bankers
1266 2055 365 66 sedelutgifningsrätt
1657 2088 83 24 vore
1767 2078 55 34 be-

221 2121 152 42 gränsad
400 2120 53 34 till
481 2121 101 44 högst
610 2123 46 33 25
684 2097 171 59 millioner
881 2123 144 45 kronor;

356 2224 36 35 af
432 2224 96 35 Herr
559 2225 178 45 Lyttkens,
765 2227 142 34 hvilken
936 2227 158 50 anmälde
1121 2230 54 32 att
1201 2228 70 34 han
1299 2227 53 35 för
1380 2226 308 38 åstadkommande
1715 2230 39 35 af
1779 2241 43 24 en

221 2274 121 45 möjlig
370 2275 341 36 öfverenstämmelse
737 2280 115 31 röstat
878 2277 54 35 för
958 2276 96 36 Herr
1081 2277 231 36 'Thomassons
1338 2280 147 44 förslag;

306 2332 76 32 Bih.
408 2334 51 31 till
482 2333 112 32 Biksd.
621 2334 87 32 Prot.
733 2336 91 30 1886.
872 2338 20 28 6
915 2334 98 33 Saml.
1058 2338 23 29 2
1101 2335 77 41 Afd.
1221 2338 24 30 2
1265 2336 96 42 Häft.
1721 2342 18 28 3
