1908 2836
306 161 44 30 38
707 159 295 36 Statsutskottets
1025 160 186 35 utlåtande
1235 161 55 34 Nr
1314 164 73 31 111.

949 239 184 35 Särskilda
1158 241 319 42 uppbördsmedel:

627 302 120 43 Hyror
771 302 68 34 och
863 303 348 42 hyresersättningar
1234 316 46 21 m.
1306 316 122 21 m....
1452 305 134 33 kronor
1664 309 120 35 <24,515

1199 367 229 42 Nettoutgift
1451 368 133 33 kronor
1610 372 185 37 1,371,000;

669 449 52 29 11.
755 446 56 33 till
844 446 177 34 Tekniska
1047 446 180 34 läroverk:
1253 447 224 43 Avlöningar
1500 447 56 35 för
1580 448 216 43 budgetåret

628 497 143 41 1942/43
789 500 21 33 å
827 498 273 44 driftbudgeten
1118 500 112 34 under
1246 501 153 33 åttonde
1417 501 234 34 huvudtiteln
1669 502 127 34 anvisa

626 557 53 29 ett
703 552 277 43 förslagsanslag
1003 565 47 21 av
1076 556 174 37 1,371,000
1274 554 143 34 kronor.

668 625 42 32 B.
735 628 57 29 att
816 624 225 34 motionerna
1065 625 29 33 I:
1120 628 63 31 215
1208 625 66 34 och
1300 626 49 33 II:
1374 630 63 29 292
1461 627 60 33 må
1545 639 102 21 anses
1669 627 125 34 besva-

624 678 84 33 rade
732 678 83 33 med
840 678 72 33 vad
935 679 183 33 utskottet
1141 679 64 34 här
1229 691 97 22 ovan
1350 679 128 35 anfört.

350 757 209 34 Stockholm
584 758 69 34 den
679 762 39 30 12
742 758 74 43 maj
844 762 94 31 1942.

780 858 53 33 På
857 858 292 34 statsutskottets
1173 862 150 39 vägnar:

842 938 30 34 J.
899 939 39 33 B.
963 938 295 35 JOHANSSON.

410 1215 49 25 Vid
479 1216 166 25 förestående
664 1217 109 25 ärendes
792 1217 215 32 slutbehandling
1026 1217 72 26 inom
1119 1218 132 26 utskottet
1270 1218 71 26 hava
1360 1219 116 25 närvarit

347 1269 58 25 från
429 1270 116 25 första
568 1270 163 26 kammaren:
758 1271 92 25 herrar
874 1271 87 25 Johan
987 1271 139 26 Bernhard
1150 1272 158 30 Johansson,
1329 1272 80 26 Oscar
1429 1273 101 30 Olsson,
1551 1274 84 29 Pauli,
1656 1274 137 26 Bernhard

301 1314 117 29 Nilsson,
437 1314 69 25 Sven
525 1315 123 29 Larsson,
667 1315 149 30 Bäcklund,
837 1315 153 31 Carlström,
1008 1316 110 31 friherre
1139 1317 40 25 De
1200 1317 73 30 Geer,
1296 1317 98 32 Gustaf
1411 1318 135 30 Karlsson,
1561 1318 144 31 Gillström,
1719 1319 74 25 Pers-

300 1368 50 15 son
369 1359 8 24 i
396 1358 139 32 Skabersjö
554 1359 51 26 och
625 1360 69 25 Emil
712 1360 155 30 Petersson;
885 1365 69 21 samt

346 1403 59 25 från
424 1404 109 25 andra
552 1404 165 26 kammaren:
738 1405 91 26 herrar
847 1405 112 26 Jonsson
978 1406 8 25 i
1001 1406 164 31 Eskilstuna,
1182 1407 126 25 Eriksson
1321 1407 8 25 i
1343 1407 160 31 Stockholm,
1518 1408 150 26 Andersson
1681 1409 8 25 i
1702 1409 90 25 Präst-

300 1448 53 30 bol,
367 1448 129 30 Isacsson,
539 1449 125 30 Holmdahl,
678 1450 152 25 Andersson
843 1451 9 25 i
865 1451 153 31 Södergård,
1032 1449 106 34 Åqvist,
1155 1452 193 30 Wallentheim,
1365 1453 40 25 fru
1418 1452 94 30 Alvén,
1526 1453 90 26 herrar
1629 1451 162 33 Åkerström,

301 1493 126 25 Eriksson
446 1494 8 25 i
472 1494 113 32 Frägsta
603 1494 49 25 och
673 1494 92 26 Olsson
784 1495 8 25 i
812 1495 245 32 Kullenbergstorp.
