<?xml version="1.0" encoding="UTF-8"?>
<alto xmlns="http://www.loc.gov/standards/alto/ns-v3#" xmlns:xlink="http://www.w3.org/1999/xlink" xmlns:xsi="http://www.w3.org/2001/XMLSchema-instance" xsi:schemaLocation="http://www.loc.gov/standards/alto/ns-v3# http://www.loc.gov/alto/v3/alto-3-0.xsd">
	<Description>
		<MeasurementUnit>pixel</MeasurementUnit>
		<sourceImageInformation>
			<fileName>/tmp/tess_viri49_c_input.PNG</fileName>
		</sourceImageInformation>
		<OCRProcessing ID="OCR_0">
			<ocrProcessingStep>
				<processingSoftware>
					<softwareName>tesseract 5.3.0</softwareName>
				</processingSoftware>
			</ocrProcessingStep>
		</OCRProcessing>
	</Description>
	<Layout>
		<Page WIDTH="1916" HEIGHT="2840" PHYSICAL_IMG_NR="0" ID="page_0">
			<PrintSpace HPOS="0" VPOS="0" WIDTH="1916" HEIGHT="2840">
				<ComposedBlock ID="cblock_0" HPOS="550" VPOS="160" WIDTH="1070" HEIGHT="35">
					<TextBlock ID="block_0" HPOS="550" VPOS="160" WIDTH="1070" HEIGHT="35">
						<TextLine ID="line_0" HPOS="550" VPOS="160" WIDTH="1070" HEIGHT="35">
							<String ID="string_0" HPOS="550" VPOS="160" WIDTH="296" HEIGHT="35" WC="0.91" CONTENT="Statsutskottets"/><SP WIDTH="17" VPOS="160" HPOS="846"/>
							<String ID="string_1" HPOS="863" VPOS="160" WIDTH="188" HEIGHT="34" WC="0.96" CONTENT="utlåtande"/><SP WIDTH="17" VPOS="160" HPOS="1051"/>
							<String ID="string_2" HPOS="1068" VPOS="160" WIDTH="55" HEIGHT="33" WC="0.5" CONTENT="Nr"/><SP WIDTH="11" VPOS="160" HPOS="1123"/>
							<String ID="string_3" HPOS="1134" VPOS="162" WIDTH="74" HEIGHT="31" WC="0.5" CONTENT="111."/><SP WIDTH="391" VPOS="162" HPOS="1208"/>
							<String ID="string_4" HPOS="1599" VPOS="160" WIDTH="21" HEIGHT="31" WC="0.91" CONTENT="7"/>
						</TextLine>
					</TextBlock>
				</ComposedBlock>
				<ComposedBlock ID="cblock_1" HPOS="119" VPOS="237" WIDTH="1500" HEIGHT="1155">
					<TextBlock ID="block_1" HPOS="123" VPOS="237" WIDTH="1496" HEIGHT="224">
						<TextLine ID="line_1" HPOS="167" VPOS="237" WIDTH="1450" HEIGHT="44">
							<String ID="string_5" HPOS="167" VPOS="242" WIDTH="19" HEIGHT="33" WC="0.95" CONTENT="I"/><SP WIDTH="22" VPOS="242" HPOS="186"/>
							<String ID="string_6" HPOS="208" VPOS="242" WIDTH="119" HEIGHT="34" WC="0.95" CONTENT="vilken"/><SP WIDTH="20" VPOS="242" HPOS="327"/>
							<String ID="string_7" HPOS="347" VPOS="242" WIDTH="84" HEIGHT="33" WC="0.96" CONTENT="mån"/><SP WIDTH="21" VPOS="242" HPOS="431"/>
							<String ID="string_8" HPOS="452" VPOS="241" WIDTH="61" HEIGHT="33" WC="0.93" CONTENT="vid"/><SP WIDTH="22" VPOS="241" HPOS="513"/>
							<String ID="string_9" HPOS="535" VPOS="240" WIDTH="240" HEIGHT="35" WC="0.92" CONTENT="bedömandet"/><SP WIDTH="22" VPOS="240" HPOS="775"/>
							<String ID="string_10" HPOS="797" VPOS="252" WIDTH="45" HEIGHT="21" WC="0.96" CONTENT="av"/><SP WIDTH="21" VPOS="252" HPOS="842"/>
							<String ID="string_11" HPOS="863" VPOS="240" WIDTH="158" HEIGHT="33" WC="0.93" CONTENT="lärarnas"/><SP WIDTH="21" VPOS="240" HPOS="1021"/>
							<String ID="string_12" HPOS="1042" VPOS="238" WIDTH="470" HEIGHT="43" WC="0.91" CONTENT="undervisningsskyldighet"/><SP WIDTH="21" VPOS="238" HPOS="1512"/>
							<String ID="string_13" HPOS="1533" VPOS="237" WIDTH="84" HEIGHT="34" WC="0.91" CONTENT="hän-"/>
						</TextLine>
						<TextLine ID="line_2" HPOS="124" VPOS="282" WIDTH="1494" HEIGHT="47">
							<String ID="string_14" HPOS="124" VPOS="299" WIDTH="66" HEIGHT="30" WC="0.96" CONTENT="syn"/><SP WIDTH="17" VPOS="299" HPOS="190"/>
							<String ID="string_15" HPOS="207" VPOS="286" WIDTH="109" HEIGHT="34" WC="0.97" CONTENT="borde"/><SP WIDTH="17" VPOS="286" HPOS="316"/>
							<String ID="string_16" HPOS="333" VPOS="291" WIDTH="99" HEIGHT="37" WC="0.96" CONTENT="tagas"/><SP WIDTH="18" VPOS="291" HPOS="432"/>
							<String ID="string_17" HPOS="450" VPOS="289" WIDTH="91" HEIGHT="30" WC="0.96" CONTENT="även"/><SP WIDTH="18" VPOS="289" HPOS="541"/>
							<String ID="string_18" HPOS="559" VPOS="285" WIDTH="53" HEIGHT="35" WC="0.96" CONTENT="till"/><SP WIDTH="19" VPOS="285" HPOS="612"/>
							<String ID="string_19" HPOS="631" VPOS="285" WIDTH="92" HEIGHT="40" WC="0.96" CONTENT="dem,"/><SP WIDTH="18" VPOS="285" HPOS="723"/>
							<String ID="string_20" HPOS="741" VPOS="297" WIDTH="75" HEIGHT="21" WC="0.93" CONTENT="som"/><SP WIDTH="18" VPOS="297" HPOS="816"/>
							<String ID="string_21" HPOS="834" VPOS="285" WIDTH="129" HEIGHT="41" WC="0.91" CONTENT="avsåge"/><SP WIDTH="18" VPOS="285" HPOS="963"/>
							<String ID="string_22" HPOS="981" VPOS="289" WIDTH="56" HEIGHT="29" WC="0.96" CONTENT="att"/><SP WIDTH="17" VPOS="289" HPOS="1037"/>
							<String ID="string_23" HPOS="1054" VPOS="284" WIDTH="141" HEIGHT="34" WC="0.96" CONTENT="inträda"/><SP WIDTH="17" VPOS="284" HPOS="1195"/>
							<String ID="string_24" HPOS="1212" VPOS="285" WIDTH="46" HEIGHT="41" WC="0.93" CONTENT="på"/><SP WIDTH="19" VPOS="285" HPOS="1258"/>
							<String ID="string_25" HPOS="1277" VPOS="283" WIDTH="223" HEIGHT="40" WC="0.91" CONTENT="lärarbanan,"/><SP WIDTH="18" VPOS="283" HPOS="1500"/>
							<String ID="string_26" HPOS="1518" VPOS="282" WIDTH="100" HEIGHT="34" WC="0.94" CONTENT="torde"/>
						</TextLine>
						<TextLine ID="line_3" HPOS="124" VPOS="327" WIDTH="1494" HEIGHT="46">
							<String ID="string_27" HPOS="124" VPOS="331" WIDTH="122" HEIGHT="34" WC="0.96" CONTENT="kunna"/><SP WIDTH="20" VPOS="331" HPOS="246"/>
							<String ID="string_28" HPOS="266" VPOS="330" WIDTH="167" HEIGHT="34" WC="0.96" CONTENT="bedömas"/><SP WIDTH="21" VPOS="330" HPOS="433"/>
							<String ID="string_29" HPOS="454" VPOS="331" WIDTH="47" HEIGHT="42" WC="0.96" CONTENT="på"/><SP WIDTH="20" VPOS="331" HPOS="501"/>
							<String ID="string_30" HPOS="521" VPOS="329" WIDTH="92" HEIGHT="34" WC="0.96" CONTENT="olika"/><SP WIDTH="21" VPOS="329" HPOS="613"/>
							<String ID="string_31" HPOS="634" VPOS="332" WIDTH="85" HEIGHT="32" WC="0.96" CONTENT="sätt."/><SP WIDTH="20" VPOS="332" HPOS="719"/>
							<String ID="string_32" HPOS="739" VPOS="329" WIDTH="129" HEIGHT="42" WC="0.96" CONTENT="Någon"/><SP WIDTH="20" VPOS="329" HPOS="868"/>
							<String ID="string_33" HPOS="888" VPOS="329" WIDTH="112" HEIGHT="33" WC="0.96" CONTENT="sådan"/><SP WIDTH="20" VPOS="329" HPOS="1000"/>
							<String ID="string_34" HPOS="1020" VPOS="329" WIDTH="139" HEIGHT="42" WC="0.96" CONTENT="hänsyn"/><SP WIDTH="20" VPOS="329" HPOS="1159"/>
							<String ID="string_35" HPOS="1179" VPOS="328" WIDTH="53" HEIGHT="35" WC="0.96" CONTENT="till"/><SP WIDTH="22" VPOS="328" HPOS="1232"/>
							<String ID="string_36" HPOS="1254" VPOS="328" WIDTH="43" HEIGHT="34" WC="0.96" CONTENT="de"/><SP WIDTH="20" VPOS="328" HPOS="1297"/>
							<String ID="string_37" HPOS="1317" VPOS="327" WIDTH="230" HEIGHT="34" WC="0.93" CONTENT="studerandes"/><SP WIDTH="22" VPOS="327" HPOS="1547"/>
							<String ID="string_38" HPOS="1569" VPOS="327" WIDTH="49" HEIGHT="33" WC="0.91" CONTENT="in-"/>
						</TextLine>
						<TextLine ID="line_4" HPOS="124" VPOS="371" WIDTH="1495" HEIGHT="45">
							<String ID="string_39" HPOS="124" VPOS="381" WIDTH="134" HEIGHT="29" WC="0.92" CONTENT="tressen"/><SP WIDTH="22" VPOS="381" HPOS="258"/>
							<String ID="string_40" HPOS="280" VPOS="375" WIDTH="100" HEIGHT="34" WC="0.96" CONTENT="torde"/><SP WIDTH="22" VPOS="375" HPOS="380"/>
							<String ID="string_41" HPOS="402" VPOS="374" WIDTH="190" HEIGHT="34" WC="0.96" CONTENT="emellertid"/><SP WIDTH="23" VPOS="374" HPOS="592"/>
							<String ID="string_42" HPOS="615" VPOS="374" WIDTH="76" HEIGHT="34" WC="0.96" CONTENT="icke"/><SP WIDTH="21" VPOS="374" HPOS="691"/>
							<String ID="string_43" HPOS="712" VPOS="374" WIDTH="12" HEIGHT="34" WC="0.96" CONTENT="i"/><SP WIDTH="22" VPOS="374" HPOS="724"/>
							<String ID="string_44" HPOS="746" VPOS="374" WIDTH="115" HEIGHT="42" WC="0.91" CONTENT="någon"/><SP WIDTH="22" VPOS="374" HPOS="861"/>
							<String ID="string_45" HPOS="883" VPOS="373" WIDTH="233" HEIGHT="42" WC="0.91" CONTENT="väsentligare"/><SP WIDTH="21" VPOS="373" HPOS="1116"/>
							<String ID="string_46" HPOS="1137" VPOS="373" WIDTH="85" HEIGHT="33" WC="0.96" CONTENT="mån"/><SP WIDTH="21" VPOS="373" HPOS="1222"/>
							<String ID="string_47" HPOS="1243" VPOS="372" WIDTH="47" HEIGHT="34" WC="0.96" CONTENT="ha"/><SP WIDTH="20" VPOS="372" HPOS="1290"/>
							<String ID="string_48" HPOS="1310" VPOS="372" WIDTH="108" HEIGHT="42" WC="0.96" CONTENT="tagits"/><SP WIDTH="21" VPOS="372" HPOS="1418"/>
							<String ID="string_49" HPOS="1439" VPOS="373" WIDTH="48" HEIGHT="41" WC="0.95" CONTENT="på"/><SP WIDTH="22" VPOS="373" HPOS="1487"/>
							<String ID="string_50" HPOS="1509" VPOS="371" WIDTH="110" HEIGHT="34" WC="0.96" CONTENT="andra"/>
						</TextLine>
						<TextLine ID="line_5" HPOS="123" VPOS="417" WIDTH="1325" HEIGHT="44">
							<String ID="string_51" HPOS="123" VPOS="420" WIDTH="182" HEIGHT="34" WC="0.95" CONTENT="områden."/><SP WIDTH="19" VPOS="420" HPOS="305"/>
							<String ID="string_52" HPOS="324" VPOS="419" WIDTH="100" HEIGHT="34" WC="0.96" CONTENT="Efter"/><SP WIDTH="19" VPOS="419" HPOS="424"/>
							<String ID="string_53" HPOS="443" VPOS="432" WIDTH="43" HEIGHT="21" WC="0.92" CONTENT="en"/><SP WIDTH="19" VPOS="432" HPOS="486"/>
							<String ID="string_54" HPOS="505" VPOS="418" WIDTH="248" HEIGHT="43" WC="0.92" CONTENT="övergångstid"/><SP WIDTH="19" VPOS="418" HPOS="753"/>
							<String ID="string_55" HPOS="772" VPOS="418" WIDTH="91" HEIGHT="34" WC="0.95" CONTENT="hade"/><SP WIDTH="18" VPOS="418" HPOS="863"/>
							<String ID="string_56" HPOS="881" VPOS="418" WIDTH="11" HEIGHT="34" WC="0.95" CONTENT="i"/><SP WIDTH="19" VPOS="418" HPOS="892"/>
							<String ID="string_57" HPOS="911" VPOS="418" WIDTH="120" HEIGHT="34" WC="0.96" CONTENT="stället"/><SP WIDTH="18" VPOS="418" HPOS="1031"/>
							<String ID="string_58" HPOS="1049" VPOS="430" WIDTH="43" HEIGHT="21" WC="0.96" CONTENT="en"/><SP WIDTH="19" VPOS="430" HPOS="1092"/>
							<String ID="string_59" HPOS="1111" VPOS="417" WIDTH="213" HEIGHT="43" WC="0.96" CONTENT="anpassning"/><SP WIDTH="18" VPOS="417" HPOS="1324"/>
							<String ID="string_60" HPOS="1342" VPOS="417" WIDTH="106" HEIGHT="34" WC="0.96" CONTENT="skett."/>
						</TextLine>
					</TextBlock>
					<TextBlock ID="block_2" HPOS="120" VPOS="460" WIDTH="1499" HEIGHT="485">
						<TextLine ID="line_6" HPOS="167" VPOS="460" WIDTH="1451" HEIGHT="47">
							<String ID="string_61" HPOS="167" VPOS="465" WIDTH="58" HEIGHT="34" WC="0.96" CONTENT="Av"/><SP WIDTH="14" VPOS="465" HPOS="225"/>
							<String ID="string_62" HPOS="239" VPOS="465" WIDTH="171" HEIGHT="42" WC="0.95" CONTENT="väsentlig"/><SP WIDTH="14" VPOS="465" HPOS="410"/>
							<String ID="string_63" HPOS="424" VPOS="464" WIDTH="182" HEIGHT="43" WC="0.96" CONTENT="betydelse"/><SP WIDTH="14" VPOS="464" HPOS="606"/>
							<String ID="string_64" HPOS="620" VPOS="463" WIDTH="99" HEIGHT="34" WC="0.96" CONTENT="torde"/><SP WIDTH="15" VPOS="463" HPOS="719"/>
							<String ID="string_65" HPOS="734" VPOS="463" WIDTH="89" HEIGHT="33" WC="0.96" CONTENT="dock"/><SP WIDTH="14" VPOS="463" HPOS="823"/>
							<String ID="string_66" HPOS="837" VPOS="475" WIDTH="86" HEIGHT="21" WC="0.96" CONTENT="vara"/><SP WIDTH="15" VPOS="475" HPOS="923"/>
							<String ID="string_67" HPOS="938" VPOS="467" WIDTH="56" HEIGHT="30" WC="0.96" CONTENT="att"/><SP WIDTH="14" VPOS="467" HPOS="994"/>
							<String ID="string_68" HPOS="1008" VPOS="463" WIDTH="153" HEIGHT="33" WC="0.96" CONTENT="behovet"/><SP WIDTH="15" VPOS="463" HPOS="1161"/>
							<String ID="string_69" HPOS="1176" VPOS="474" WIDTH="45" HEIGHT="21" WC="0.96" CONTENT="av"/><SP WIDTH="14" VPOS="474" HPOS="1221"/>
							<String ID="string_70" HPOS="1235" VPOS="474" WIDTH="43" HEIGHT="21" WC="0.96" CONTENT="en"/><SP WIDTH="15" VPOS="474" HPOS="1278"/>
							<String ID="string_71" HPOS="1293" VPOS="461" WIDTH="96" HEIGHT="43" WC="0.96" CONTENT="dylik"/><SP WIDTH="15" VPOS="461" HPOS="1389"/>
							<String ID="string_72" HPOS="1404" VPOS="460" WIDTH="214" HEIGHT="43" WC="0.96" CONTENT="anpassning"/>
						</TextLine>
						<TextLine ID="line_7" HPOS="123" VPOS="505" WIDTH="1496" HEIGHT="52">
							<String ID="string_73" HPOS="123" VPOS="510" WIDTH="101" HEIGHT="33" WC="0.96" CONTENT="bleve"/><SP WIDTH="18" VPOS="510" HPOS="224"/>
							<String ID="string_74" HPOS="242" VPOS="509" WIDTH="152" HEIGHT="48" WC="0.96" CONTENT="klarlagt"/><SP WIDTH="19" VPOS="509" HPOS="394"/>
							<String ID="string_75" HPOS="413" VPOS="514" WIDTH="90" HEIGHT="29" WC="0.96" CONTENT="utan"/><SP WIDTH="21" VPOS="514" HPOS="503"/>
							<String ID="string_76" HPOS="524" VPOS="508" WIDTH="179" HEIGHT="43" WC="0.96" CONTENT="dröjsmål;"/><SP WIDTH="20" VPOS="508" HPOS="703"/>
							<String ID="string_77" HPOS="723" VPOS="507" WIDTH="264" HEIGHT="43" WC="0.96" CONTENT="svårigheterna"/><SP WIDTH="20" VPOS="507" HPOS="987"/>
							<String ID="string_78" HPOS="1007" VPOS="507" WIDTH="11" HEIGHT="34" WC="0.96" CONTENT="i"/><SP WIDTH="20" VPOS="507" HPOS="1018"/>
							<String ID="string_79" HPOS="1038" VPOS="506" WIDTH="173" HEIGHT="34" WC="0.95" CONTENT="samband"/><SP WIDTH="20" VPOS="506" HPOS="1211"/>
							<String ID="string_80" HPOS="1231" VPOS="506" WIDTH="81" HEIGHT="34" WC="0.95" CONTENT="med"/><SP WIDTH="20" VPOS="506" HPOS="1312"/>
							<String ID="string_81" HPOS="1332" VPOS="518" WIDTH="43" HEIGHT="22" WC="0.97" CONTENT="en"/><SP WIDTH="19" VPOS="518" HPOS="1375"/>
							<String ID="string_82" HPOS="1394" VPOS="505" WIDTH="225" HEIGHT="43" WC="0.96" CONTENT="omläggning"/>
						</TextLine>
						<TextLine ID="line_8" HPOS="123" VPOS="550" WIDTH="1495" HEIGHT="44">
							<String ID="string_83" HPOS="123" VPOS="566" WIDTH="45" HEIGHT="22" WC="0.96" CONTENT="av"/><SP WIDTH="22" VPOS="566" HPOS="168"/>
							<String ID="string_84" HPOS="190" VPOS="554" WIDTH="68" HEIGHT="34" WC="0.96" CONTENT="den"/><SP WIDTH="22" VPOS="554" HPOS="258"/>
							<String ID="string_85" HPOS="280" VPOS="554" WIDTH="127" HEIGHT="34" WC="0.93" CONTENT="tänkta"/><SP WIDTH="20" VPOS="554" HPOS="407"/>
							<String ID="string_86" HPOS="427" VPOS="553" WIDTH="267" HEIGHT="34" WC="0.92" CONTENT="levnadsbanan"/><SP WIDTH="20" VPOS="553" HPOS="694"/>
							<String ID="string_87" HPOS="714" VPOS="552" WIDTH="184" HEIGHT="34" WC="0.96" CONTENT="minskade"/><SP WIDTH="19" VPOS="552" HPOS="898"/>
							<String ID="string_88" HPOS="917" VPOS="552" WIDTH="78" HEIGHT="34" WC="0.96" CONTENT="icke"/><SP WIDTH="19" VPOS="552" HPOS="995"/>
							<String ID="string_89" HPOS="1014" VPOS="552" WIDTH="62" HEIGHT="33" WC="0.96" CONTENT="vid"/><SP WIDTH="20" VPOS="552" HPOS="1076"/>
							<String ID="string_90" HPOS="1096" VPOS="564" WIDTH="42" HEIGHT="21" WC="0.96" CONTENT="en"/><SP WIDTH="20" VPOS="564" HPOS="1138"/>
							<String ID="string_91" HPOS="1158" VPOS="551" WIDTH="224" HEIGHT="43" WC="0.96" CONTENT="omläggning"/><SP WIDTH="18" VPOS="551" HPOS="1382"/>
							<String ID="string_92" HPOS="1400" VPOS="550" WIDTH="91" HEIGHT="34" WC="0.96" CONTENT="först"/><SP WIDTH="20" VPOS="550" HPOS="1491"/>
							<String ID="string_93" HPOS="1511" VPOS="550" WIDTH="107" HEIGHT="33" WC="0.96" CONTENT="sedan"/>
						</TextLine>
						<TextLine ID="line_9" HPOS="122" VPOS="593" WIDTH="1496" HEIGHT="48">
							<String ID="string_94" HPOS="122" VPOS="599" WIDTH="184" HEIGHT="34" WC="0.96" CONTENT="studierna"/><SP WIDTH="19" VPOS="599" HPOS="306"/>
							<String ID="string_95" HPOS="325" VPOS="599" WIDTH="126" HEIGHT="42" WC="0.96" CONTENT="pågått"/><SP WIDTH="20" VPOS="599" HPOS="451"/>
							<String ID="string_96" HPOS="471" VPOS="610" WIDTH="44" HEIGHT="22" WC="0.96" CONTENT="en"/><SP WIDTH="20" VPOS="610" HPOS="515"/>
							<String ID="string_97" HPOS="535" VPOS="598" WIDTH="119" HEIGHT="42" WC="0.96" CONTENT="längre"/><SP WIDTH="21" VPOS="598" HPOS="654"/>
							<String ID="string_98" HPOS="675" VPOS="597" WIDTH="53" HEIGHT="34" WC="0.96" CONTENT="tid"/><SP WIDTH="21" VPOS="597" HPOS="728"/>
							<String ID="string_99" HPOS="749" VPOS="597" WIDTH="79" HEIGHT="34" WC="0.96" CONTENT="eller"/><SP WIDTH="21" VPOS="597" HPOS="828"/>
							<String ID="string_100" HPOS="849" VPOS="602" WIDTH="79" HEIGHT="30" WC="0.96" CONTENT="rent"/><SP WIDTH="21" VPOS="602" HPOS="928"/>
							<String ID="string_101" HPOS="949" VPOS="608" WIDTH="46" HEIGHT="22" WC="0.96" CONTENT="av"/><SP WIDTH="22" VPOS="608" HPOS="995"/>
							<String ID="string_102" HPOS="1017" VPOS="596" WIDTH="186" HEIGHT="34" WC="0.96" CONTENT="avslutats."/><SP WIDTH="22" VPOS="596" HPOS="1203"/>
							<String ID="string_103" HPOS="1225" VPOS="595" WIDTH="122" HEIGHT="35" WC="0.96" CONTENT="Såsom"/><SP WIDTH="21" VPOS="595" HPOS="1347"/>
							<String ID="string_104" HPOS="1368" VPOS="593" WIDTH="250" HEIGHT="44" WC="0.96" CONTENT="inledningsvis"/>
						</TextLine>
						<TextLine ID="line_10" HPOS="122" VPOS="638" WIDTH="1495" HEIGHT="48">
							<String ID="string_105" HPOS="122" VPOS="643" WIDTH="223" HEIGHT="40" WC="0.96" CONTENT="framhållits,"/><SP WIDTH="19" VPOS="643" HPOS="345"/>
							<String ID="string_106" HPOS="364" VPOS="648" WIDTH="121" HEIGHT="38" WC="0.96" CONTENT="syntes"/><SP WIDTH="20" VPOS="648" HPOS="485"/>
							<String ID="string_107" HPOS="505" VPOS="642" WIDTH="119" HEIGHT="34" WC="0.96" CONTENT="därför"/><SP WIDTH="17" VPOS="642" HPOS="624"/>
							<String ID="string_108" HPOS="641" VPOS="641" WIDTH="239" HEIGHT="34" WC="0.96" CONTENT="förekomsten"/><SP WIDTH="20" VPOS="641" HPOS="880"/>
							<String ID="string_109" HPOS="900" VPOS="653" WIDTH="45" HEIGHT="22" WC="0.96" CONTENT="av"/><SP WIDTH="20" VPOS="653" HPOS="945"/>
							<String ID="string_110" HPOS="965" VPOS="641" WIDTH="71" HEIGHT="34" WC="0.96" CONTENT="viss"/><SP WIDTH="20" VPOS="641" HPOS="1036"/>
							<String ID="string_111" HPOS="1056" VPOS="640" WIDTH="234" HEIGHT="35" WC="0.96" CONTENT="arbetslöshet"/><SP WIDTH="18" VPOS="640" HPOS="1290"/>
							<String ID="string_112" HPOS="1308" VPOS="640" WIDTH="108" HEIGHT="33" WC="0.93" CONTENT="bland"/><SP WIDTH="19" VPOS="640" HPOS="1416"/>
							<String ID="string_113" HPOS="1435" VPOS="638" WIDTH="182" HEIGHT="43" WC="0.92" CONTENT="läraraspi-"/>
						</TextLine>
						<TextLine ID="line_11" HPOS="122" VPOS="683" WIDTH="1494" HEIGHT="45">
							<String ID="string_114" HPOS="122" VPOS="693" WIDTH="167" HEIGHT="29" WC="0.91" CONTENT="ranterna"/><SP WIDTH="20" VPOS="693" HPOS="289"/>
							<String ID="string_115" HPOS="309" VPOS="688" WIDTH="74" HEIGHT="33" WC="0.96" CONTENT="icke"/><SP WIDTH="18" VPOS="688" HPOS="383"/>
							<String ID="string_116" HPOS="401" VPOS="688" WIDTH="125" HEIGHT="33" WC="0.96" CONTENT="kunna"/><SP WIDTH="20" VPOS="688" HPOS="526"/>
							<String ID="string_117" HPOS="546" VPOS="687" WIDTH="37" HEIGHT="34" WC="0.96" CONTENT="få"/><SP WIDTH="19" VPOS="687" HPOS="583"/>
							<String ID="string_118" HPOS="602" VPOS="686" WIDTH="183" HEIGHT="34" WC="0.95" CONTENT="föranleda"/><SP WIDTH="20" VPOS="686" HPOS="785"/>
							<String ID="string_119" HPOS="805" VPOS="686" WIDTH="52" HEIGHT="35" WC="0.95" CONTENT="till"/><SP WIDTH="20" VPOS="686" HPOS="857"/>
							<String ID="string_120" HPOS="877" VPOS="691" WIDTH="57" HEIGHT="30" WC="0.93" CONTENT="att"/><SP WIDTH="20" VPOS="691" HPOS="934"/>
							<String ID="string_121" HPOS="954" VPOS="685" WIDTH="208" HEIGHT="43" WC="0.90" CONTENT="spörsmålet"/><SP WIDTH="20" VPOS="685" HPOS="1162"/>
							<String ID="string_122" HPOS="1182" VPOS="697" WIDTH="59" HEIGHT="21" WC="0.96" CONTENT="om"/><SP WIDTH="20" VPOS="697" HPOS="1241"/>
							<String ID="string_123" HPOS="1261" VPOS="685" WIDTH="155" HEIGHT="33" WC="0.93" CONTENT="lärarnas"/><SP WIDTH="20" VPOS="685" HPOS="1416"/>
							<String ID="string_124" HPOS="1436" VPOS="683" WIDTH="180" HEIGHT="34" WC="0.92" CONTENT="undervis-"/>
						</TextLine>
						<TextLine ID="line_12" HPOS="122" VPOS="727" WIDTH="1496" HEIGHT="48">
							<String ID="string_125" HPOS="122" VPOS="732" WIDTH="303" HEIGHT="43" WC="0.91" CONTENT="ningsskyldighet"/><SP WIDTH="26" VPOS="732" HPOS="425"/>
							<String ID="string_126" HPOS="451" VPOS="732" WIDTH="30" HEIGHT="42" WC="0.96" CONTENT="ej"/><SP WIDTH="28" VPOS="732" HPOS="481"/>
							<String ID="string_127" HPOS="509" VPOS="744" WIDTH="48" HEIGHT="21" WC="0.96" CONTENT="nu"/><SP WIDTH="27" VPOS="744" HPOS="557"/>
							<String ID="string_128" HPOS="584" VPOS="732" WIDTH="92" HEIGHT="42" WC="0.93" CONTENT="ånyo"/><SP WIDTH="26" VPOS="732" HPOS="676"/>
							<String ID="string_129" HPOS="702" VPOS="736" WIDTH="172" HEIGHT="37" WC="0.92" CONTENT="upptoges"/><SP WIDTH="26" VPOS="736" HPOS="874"/>
							<String ID="string_130" HPOS="900" VPOS="730" WIDTH="53" HEIGHT="35" WC="0.96" CONTENT="till"/><SP WIDTH="28" VPOS="730" HPOS="953"/>
							<String ID="string_131" HPOS="981" VPOS="730" WIDTH="224" HEIGHT="41" WC="0.96" CONTENT="behandling."/><SP WIDTH="26" VPOS="730" HPOS="1205"/>
							<String ID="string_132" HPOS="1231" VPOS="730" WIDTH="74" HEIGHT="34" WC="0.96" CONTENT="Det"/><SP WIDTH="24" VPOS="730" HPOS="1305"/>
							<String ID="string_133" HPOS="1329" VPOS="729" WIDTH="114" HEIGHT="34" WC="0.96" CONTENT="måste"/><SP WIDTH="26" VPOS="729" HPOS="1443"/>
							<String ID="string_134" HPOS="1469" VPOS="727" WIDTH="149" HEIGHT="34" WC="0.96" CONTENT="sålunda"/>
						</TextLine>
						<TextLine ID="line_13" HPOS="122" VPOS="772" WIDTH="1494" HEIGHT="45">
							<String ID="string_135" HPOS="122" VPOS="778" WIDTH="183" HEIGHT="34" WC="0.96" CONTENT="betraktas"/><SP WIDTH="18" VPOS="778" HPOS="305"/>
							<String ID="string_136" HPOS="323" VPOS="778" WIDTH="115" HEIGHT="33" WC="0.96" CONTENT="såsom"/><SP WIDTH="18" VPOS="778" HPOS="438"/>
							<String ID="string_137" HPOS="456" VPOS="781" WIDTH="54" HEIGHT="30" WC="0.96" CONTENT="ett"/><SP WIDTH="18" VPOS="781" HPOS="510"/>
							<String ID="string_138" HPOS="528" VPOS="776" WIDTH="148" HEIGHT="34" WC="0.95" CONTENT="allmänt"/><SP WIDTH="16" VPOS="776" HPOS="676"/>
							<String ID="string_139" HPOS="692" VPOS="776" WIDTH="145" HEIGHT="33" WC="0.93" CONTENT="intresse"/><SP WIDTH="16" VPOS="776" HPOS="837"/>
							<String ID="string_140" HPOS="853" VPOS="795" WIDTH="47" HEIGHT="5" WC="0.91" CONTENT="—"/><SP WIDTH="17" VPOS="795" HPOS="900"/>
							<String ID="string_141" HPOS="917" VPOS="775" WIDTH="30" HEIGHT="42" WC="0.95" CONTENT="ej"/><SP WIDTH="20" VPOS="775" HPOS="947"/>
							<String ID="string_142" HPOS="967" VPOS="775" WIDTH="110" HEIGHT="34" WC="0.96" CONTENT="minst"/><SP WIDTH="16" VPOS="775" HPOS="1077"/>
							<String ID="string_143" HPOS="1093" VPOS="774" WIDTH="55" HEIGHT="33" WC="0.96" CONTENT="för"/><SP WIDTH="18" VPOS="774" HPOS="1148"/>
							<String ID="string_144" HPOS="1166" VPOS="774" WIDTH="68" HEIGHT="34" WC="0.96" CONTENT="den"/><SP WIDTH="18" VPOS="774" HPOS="1234"/>
							<String ID="string_145" HPOS="1252" VPOS="773" WIDTH="213" HEIGHT="35" WC="0.92" CONTENT="studerande"/><SP WIDTH="19" VPOS="773" HPOS="1465"/>
							<String ID="string_146" HPOS="1484" VPOS="772" WIDTH="132" HEIGHT="42" WC="0.92" CONTENT="ungdo-"/>
						</TextLine>
						<TextLine ID="line_14" HPOS="122" VPOS="816" WIDTH="1493" HEIGHT="46">
							<String ID="string_147" HPOS="122" VPOS="834" WIDTH="81" HEIGHT="22" WC="0.95" CONTENT="men"/><SP WIDTH="19" VPOS="834" HPOS="203"/>
							<String ID="string_148" HPOS="222" VPOS="822" WIDTH="67" HEIGHT="34" WC="0.96" CONTENT="och"/><SP WIDTH="17" VPOS="822" HPOS="289"/>
							<String ID="string_149" HPOS="306" VPOS="821" WIDTH="54" HEIGHT="34" WC="0.96" CONTENT="för"/><SP WIDTH="19" VPOS="821" HPOS="360"/>
							<String ID="string_150" HPOS="379" VPOS="821" WIDTH="92" HEIGHT="41" WC="0.96" CONTENT="dem,"/><SP WIDTH="18" VPOS="821" HPOS="471"/>
							<String ID="string_151" HPOS="489" VPOS="833" WIDTH="76" HEIGHT="22" WC="0.93" CONTENT="som"/><SP WIDTH="18" VPOS="833" HPOS="565"/>
							<String ID="string_152" HPOS="583" VPOS="820" WIDTH="101" HEIGHT="35" WC="0.92" CONTENT="stode"/><SP WIDTH="18" VPOS="820" HPOS="684"/>
							<String ID="string_153" HPOS="702" VPOS="820" WIDTH="92" HEIGHT="34" WC="0.96" CONTENT="inför"/><SP WIDTH="18" VPOS="820" HPOS="794"/>
							<String ID="string_154" HPOS="812" VPOS="819" WIDTH="96" HEIGHT="34" WC="0.96" CONTENT="valet"/><SP WIDTH="18" VPOS="819" HPOS="908"/>
							<String ID="string_155" HPOS="926" VPOS="832" WIDTH="46" HEIGHT="21" WC="0.93" CONTENT="av"/><SP WIDTH="18" VPOS="832" HPOS="972"/>
							<String ID="string_156" HPOS="990" VPOS="819" WIDTH="243" HEIGHT="34" WC="0.92" CONTENT="levnadsbana"/><SP WIDTH="16" VPOS="819" HPOS="1233"/>
							<String ID="string_157" HPOS="1249" VPOS="838" WIDTH="46" HEIGHT="5" WC="0.92" CONTENT="—"/><SP WIDTH="18" VPOS="838" HPOS="1295"/>
							<String ID="string_158" HPOS="1313" VPOS="822" WIDTH="66" HEIGHT="36" WC="0.96" CONTENT="att,"/><SP WIDTH="21" VPOS="822" HPOS="1379"/>
							<String ID="string_159" HPOS="1400" VPOS="817" WIDTH="111" HEIGHT="35" WC="0.93" CONTENT="såvitt"/><SP WIDTH="17" VPOS="817" HPOS="1511"/>
							<String ID="string_160" HPOS="1528" VPOS="816" WIDTH="87" HEIGHT="42" WC="0.93" CONTENT="möj-"/>
						</TextLine>
						<TextLine ID="line_15" HPOS="121" VPOS="861" WIDTH="1494" HEIGHT="48">
							<String ID="string_161" HPOS="121" VPOS="867" WIDTH="75" HEIGHT="42" WC="0.96" CONTENT="ligt,"/><SP WIDTH="19" VPOS="867" HPOS="196"/>
							<String ID="string_162" HPOS="215" VPOS="866" WIDTH="140" HEIGHT="34" WC="0.96" CONTENT="klarhet"/><SP WIDTH="19" VPOS="866" HPOS="355"/>
							<String ID="string_163" HPOS="374" VPOS="865" WIDTH="174" HEIGHT="43" WC="0.96" CONTENT="skapades"/><SP WIDTH="21" VPOS="865" HPOS="548"/>
							<String ID="string_164" HPOS="569" VPOS="877" WIDTH="57" HEIGHT="22" WC="0.96" CONTENT="om"/><SP WIDTH="21" VPOS="877" HPOS="626"/>
							<String ID="string_165" HPOS="647" VPOS="865" WIDTH="61" HEIGHT="34" WC="0.96" CONTENT="det"/><SP WIDTH="20" VPOS="865" HPOS="708"/>
							<String ID="string_166" HPOS="728" VPOS="864" WIDTH="168" HEIGHT="34" WC="0.95" CONTENT="framtida"/><SP WIDTH="19" VPOS="864" HPOS="896"/>
							<String ID="string_167" HPOS="915" VPOS="863" WIDTH="156" HEIGHT="35" WC="0.96" CONTENT="behovet"/><SP WIDTH="19" VPOS="863" HPOS="1071"/>
							<String ID="string_168" HPOS="1090" VPOS="876" WIDTH="45" HEIGHT="21" WC="0.96" CONTENT="av"/><SP WIDTH="21" VPOS="876" HPOS="1135"/>
							<String ID="string_169" HPOS="1156" VPOS="862" WIDTH="269" HEIGHT="43" WC="0.96" CONTENT="nyrekrytering"/><SP WIDTH="19" VPOS="862" HPOS="1425"/>
							<String ID="string_170" HPOS="1444" VPOS="863" WIDTH="47" HEIGHT="41" WC="0.93" CONTENT="på"/><SP WIDTH="20" VPOS="863" HPOS="1491"/>
							<String ID="string_171" HPOS="1511" VPOS="861" WIDTH="104" HEIGHT="34" WC="0.91" CONTENT="lärar-"/>
						</TextLine>
						<TextLine ID="line_16" HPOS="120" VPOS="912" WIDTH="131" HEIGHT="33">
							<String ID="string_172" HPOS="120" VPOS="912" WIDTH="131" HEIGHT="33" WC="0.96" CONTENT="banan."/>
						</TextLine>
					</TextBlock>
					<TextBlock ID="block_3" HPOS="119" VPOS="950" WIDTH="1498" HEIGHT="442">
						<TextLine ID="line_17" HPOS="164" VPOS="950" WIDTH="1453" HEIGHT="49">
							<String ID="string_173" HPOS="164" VPOS="956" WIDTH="68" HEIGHT="34" WC="0.93" CONTENT="Ett"/><SP WIDTH="16" VPOS="956" HPOS="232"/>
							<String ID="string_174" HPOS="248" VPOS="954" WIDTH="341" HEIGHT="45" WC="0.91" CONTENT="principavgörande"/><SP WIDTH="16" VPOS="954" HPOS="589"/>
							<String ID="string_175" HPOS="605" VPOS="953" WIDTH="224" HEIGHT="36" WC="0.95" CONTENT="beträffande"/><SP WIDTH="16" VPOS="953" HPOS="829"/>
							<String ID="string_176" HPOS="845" VPOS="954" WIDTH="157" HEIGHT="33" WC="0.93" CONTENT="lärarnas"/><SP WIDTH="17" VPOS="954" HPOS="1002"/>
							<String ID="string_177" HPOS="1019" VPOS="951" WIDTH="472" HEIGHT="43" WC="0.91" CONTENT="undervisningsskyldighet"/><SP WIDTH="16" VPOS="951" HPOS="1491"/>
							<String ID="string_178" HPOS="1507" VPOS="950" WIDTH="110" HEIGHT="34" WC="0.96" CONTENT="under"/>
						</TextLine>
						<TextLine ID="line_18" HPOS="122" VPOS="995" WIDTH="1493" HEIGHT="45">
							<String ID="string_179" HPOS="122" VPOS="1001" WIDTH="67" HEIGHT="34" WC="0.96" CONTENT="den"/><SP WIDTH="15" VPOS="1001" HPOS="189"/>
							<String ID="string_180" HPOS="204" VPOS="1000" WIDTH="158" HEIGHT="40" WC="0.96" CONTENT="framtid,"/><SP WIDTH="16" VPOS="1000" HPOS="362"/>
							<String ID="string_181" HPOS="378" VPOS="1012" WIDTH="76" HEIGHT="22" WC="0.96" CONTENT="som"/><SP WIDTH="16" VPOS="1012" HPOS="454"/>
							<String ID="string_182" HPOS="470" VPOS="1012" WIDTH="48" HEIGHT="21" WC="0.96" CONTENT="nu"/><SP WIDTH="18" VPOS="1012" HPOS="518"/>
							<String ID="string_183" HPOS="536" VPOS="999" WIDTH="100" HEIGHT="34" WC="0.96" CONTENT="torde"/><SP WIDTH="16" VPOS="999" HPOS="636"/>
							<String ID="string_184" HPOS="652" VPOS="999" WIDTH="124" HEIGHT="34" WC="0.96" CONTENT="kunna"/><SP WIDTH="15" VPOS="999" HPOS="776"/>
							<String ID="string_185" HPOS="791" VPOS="1001" WIDTH="159" HEIGHT="31" WC="0.93" CONTENT="närmast"/><SP WIDTH="15" VPOS="1001" HPOS="950"/>
							<String ID="string_186" HPOS="965" VPOS="997" WIDTH="230" HEIGHT="40" WC="0.91" CONTENT="överblickas,"/><SP WIDTH="17" VPOS="997" HPOS="1195"/>
							<String ID="string_187" HPOS="1212" VPOS="996" WIDTH="101" HEIGHT="35" WC="0.96" CONTENT="torde"/><SP WIDTH="16" VPOS="996" HPOS="1313"/>
							<String ID="string_188" HPOS="1329" VPOS="995" WIDTH="119" HEIGHT="35" WC="0.96" CONTENT="därför"/><SP WIDTH="15" VPOS="995" HPOS="1448"/>
							<String ID="string_189" HPOS="1463" VPOS="995" WIDTH="38" HEIGHT="34" WC="0.96" CONTENT="få"/><SP WIDTH="15" VPOS="995" HPOS="1501"/>
							<String ID="string_190" HPOS="1516" VPOS="1006" WIDTH="99" HEIGHT="22" WC="0.96" CONTENT="anses"/>
						</TextLine>
						<TextLine ID="line_19" HPOS="120" VPOS="1040" WIDTH="1497" HEIGHT="48">
							<String ID="string_191" HPOS="120" VPOS="1045" WIDTH="171" HEIGHT="43" WC="0.96" CONTENT="påkallat."/><SP WIDTH="21" VPOS="1045" HPOS="291"/>
							<String ID="string_192" HPOS="312" VPOS="1045" WIDTH="122" HEIGHT="34" WC="0.96" CONTENT="Såsom"/><SP WIDTH="21" VPOS="1045" HPOS="434"/>
							<String ID="string_193" HPOS="455" VPOS="1049" WIDTH="54" HEIGHT="30" WC="0.96" CONTENT="ett"/><SP WIDTH="20" VPOS="1049" HPOS="509"/>
							<String ID="string_194" HPOS="529" VPOS="1044" WIDTH="141" HEIGHT="34" WC="0.96" CONTENT="särskilt"/><SP WIDTH="21" VPOS="1044" HPOS="670"/>
							<String ID="string_195" HPOS="691" VPOS="1043" WIDTH="170" HEIGHT="43" WC="0.96" CONTENT="spörsmål"/><SP WIDTH="21" VPOS="1043" HPOS="861"/>
							<String ID="string_196" HPOS="882" VPOS="1042" WIDTH="101" HEIGHT="36" WC="0.96" CONTENT="torde"/><SP WIDTH="23" VPOS="1042" HPOS="983"/>
							<String ID="string_197" HPOS="1006" VPOS="1042" WIDTH="125" HEIGHT="34" WC="0.96" CONTENT="därvid"/><SP WIDTH="20" VPOS="1042" HPOS="1131"/>
							<String ID="string_198" HPOS="1151" VPOS="1041" WIDTH="37" HEIGHT="34" WC="0.96" CONTENT="få"/><SP WIDTH="21" VPOS="1041" HPOS="1188"/>
							<String ID="string_199" HPOS="1209" VPOS="1041" WIDTH="182" HEIGHT="34" WC="0.96" CONTENT="betraktas"/><SP WIDTH="21" VPOS="1041" HPOS="1391"/>
							<String ID="string_200" HPOS="1412" VPOS="1040" WIDTH="126" HEIGHT="42" WC="0.96" CONTENT="frågan"/><SP WIDTH="21" VPOS="1040" HPOS="1538"/>
							<String ID="string_201" HPOS="1559" VPOS="1051" WIDTH="58" HEIGHT="21" WC="0.96" CONTENT="om"/>
						</TextLine>
						<TextLine ID="line_20" HPOS="122" VPOS="1084" WIDTH="1494" HEIGHT="46">
							<String ID="string_202" HPOS="122" VPOS="1090" WIDTH="67" HEIGHT="34" WC="0.96" CONTENT="den"/><SP WIDTH="15" VPOS="1090" HPOS="189"/>
							<String ID="string_203" HPOS="204" VPOS="1090" WIDTH="94" HEIGHT="40" WC="0.93" CONTENT="takt,"/><SP WIDTH="14" VPOS="1090" HPOS="298"/>
							<String ID="string_204" HPOS="312" VPOS="1090" WIDTH="12" HEIGHT="33" WC="0.93" CONTENT="i"/><SP WIDTH="15" VPOS="1090" HPOS="324"/>
							<String ID="string_205" HPOS="339" VPOS="1090" WIDTH="117" HEIGHT="33" WC="0.95" CONTENT="vilken"/><SP WIDTH="16" VPOS="1090" HPOS="456"/>
							<String ID="string_206" HPOS="472" VPOS="1101" WIDTH="44" HEIGHT="22" WC="0.96" CONTENT="en"/><SP WIDTH="17" VPOS="1101" HPOS="516"/>
							<String ID="string_207" HPOS="533" VPOS="1088" WIDTH="175" HEIGHT="35" WC="0.96" CONTENT="eventuell"/><SP WIDTH="16" VPOS="1088" HPOS="708"/>
							<String ID="string_208" HPOS="724" VPOS="1087" WIDTH="174" HEIGHT="43" WC="0.96" CONTENT="utökning"/><SP WIDTH="16" VPOS="1087" HPOS="898"/>
							<String ID="string_209" HPOS="914" VPOS="1099" WIDTH="46" HEIGHT="22" WC="0.93" CONTENT="av"/><SP WIDTH="16" VPOS="1099" HPOS="960"/>
							<String ID="string_210" HPOS="976" VPOS="1085" WIDTH="513" HEIGHT="43" WC="0.91" CONTENT="undervisningsskyldigheten"/><SP WIDTH="18" VPOS="1085" HPOS="1489"/>
							<String ID="string_211" HPOS="1507" VPOS="1084" WIDTH="109" HEIGHT="34" WC="0.96" CONTENT="skulle"/>
						</TextLine>
						<TextLine ID="line_21" HPOS="120" VPOS="1128" WIDTH="1495" HEIGHT="49">
							<String ID="string_212" HPOS="120" VPOS="1134" WIDTH="233" HEIGHT="43" WC="0.93" CONTENT="genomföras."/><SP WIDTH="27" VPOS="1134" HPOS="353"/>
							<String ID="string_213" HPOS="380" VPOS="1135" WIDTH="144" HEIGHT="38" WC="0.92" CONTENT="Därest,"/><SP WIDTH="29" VPOS="1135" HPOS="524"/>
							<String ID="string_214" HPOS="553" VPOS="1134" WIDTH="115" HEIGHT="33" WC="0.96" CONTENT="såsom"/><SP WIDTH="28" VPOS="1134" HPOS="668"/>
							<String ID="string_215" HPOS="696" VPOS="1133" WIDTH="12" HEIGHT="33" WC="0.95" CONTENT="i"/><SP WIDTH="29" VPOS="1133" HPOS="708"/>
							<String ID="string_216" HPOS="737" VPOS="1132" WIDTH="61" HEIGHT="34" WC="0.96" CONTENT="det"/><SP WIDTH="27" VPOS="1132" HPOS="798"/>
							<String ID="string_217" HPOS="825" VPOS="1131" WIDTH="210" HEIGHT="43" WC="0.96" CONTENT="föregående"/><SP WIDTH="29" VPOS="1131" HPOS="1035"/>
							<String ID="string_218" HPOS="1064" VPOS="1130" WIDTH="226" HEIGHT="40" WC="0.93" CONTENT="diskuterats,"/><SP WIDTH="29" VPOS="1130" HPOS="1290"/>
							<String ID="string_219" HPOS="1319" VPOS="1128" WIDTH="296" HEIGHT="35" WC="0.91" CONTENT="medelundervis-"/>
						</TextLine>
						<TextLine ID="line_22" HPOS="120" VPOS="1173" WIDTH="1495" HEIGHT="49">
							<String ID="string_220" HPOS="120" VPOS="1179" WIDTH="201" HEIGHT="43" WC="0.92" CONTENT="ningstiden"/><SP WIDTH="23" VPOS="1179" HPOS="321"/>
							<String ID="string_221" HPOS="344" VPOS="1179" WIDTH="110" HEIGHT="33" WC="0.93" CONTENT="skulle"/><SP WIDTH="23" VPOS="1179" HPOS="454"/>
							<String ID="string_222" HPOS="477" VPOS="1177" WIDTH="200" HEIGHT="35" WC="0.92" CONTENT="utsträckas"/><SP WIDTH="22" VPOS="1177" HPOS="677"/>
							<String ID="string_223" HPOS="699" VPOS="1177" WIDTH="82" HEIGHT="34" WC="0.96" CONTENT="med"/><SP WIDTH="21" VPOS="1177" HPOS="781"/>
							<String ID="string_224" HPOS="802" VPOS="1188" WIDTH="43" HEIGHT="21" WC="0.93" CONTENT="en"/><SP WIDTH="21" VPOS="1188" HPOS="845"/>
							<String ID="string_225" HPOS="866" VPOS="1176" WIDTH="247" HEIGHT="41" WC="0.92" CONTENT="veckotimme,"/><SP WIDTH="21" VPOS="1176" HPOS="1113"/>
							<String ID="string_226" HPOS="1134" VPOS="1174" WIDTH="122" HEIGHT="34" WC="0.96" CONTENT="kunde"/><SP WIDTH="21" VPOS="1174" HPOS="1256"/>
							<String ID="string_227" HPOS="1277" VPOS="1173" WIDTH="118" HEIGHT="35" WC="0.92" CONTENT="därför"/><SP WIDTH="20" VPOS="1173" HPOS="1395"/>
							<String ID="string_228" HPOS="1415" VPOS="1194" WIDTH="47" HEIGHT="4" WC="0.92" CONTENT="—"/><SP WIDTH="21" VPOS="1194" HPOS="1462"/>
							<String ID="string_229" HPOS="1483" VPOS="1185" WIDTH="59" HEIGHT="21" WC="0.92" CONTENT="om"/><SP WIDTH="21" VPOS="1185" HPOS="1542"/>
							<String ID="string_230" HPOS="1563" VPOS="1184" WIDTH="52" HEIGHT="22" WC="0.92" CONTENT="ar-"/>
						</TextLine>
						<TextLine ID="line_23" HPOS="119" VPOS="1217" WIDTH="1498" HEIGHT="49">
							<String ID="string_231" HPOS="119" VPOS="1222" WIDTH="435" HEIGHT="44" WC="0.92" CONTENT="betslöshetssynpunkter"/><SP WIDTH="23" VPOS="1222" HPOS="554"/>
							<String ID="string_232" HPOS="577" VPOS="1222" WIDTH="64" HEIGHT="34" WC="0.97" CONTENT="och"/><SP WIDTH="23" VPOS="1222" HPOS="641"/>
							<String ID="string_233" HPOS="664" VPOS="1221" WIDTH="111" HEIGHT="35" WC="0.96" CONTENT="andra"/><SP WIDTH="22" VPOS="1221" HPOS="775"/>
							<String ID="string_234" HPOS="797" VPOS="1221" WIDTH="166" HEIGHT="34" WC="0.96" CONTENT="liknande"/><SP WIDTH="22" VPOS="1221" HPOS="963"/>
							<String ID="string_235" HPOS="985" VPOS="1219" WIDTH="302" HEIGHT="42" WC="0.93" CONTENT="omständigheter"/><SP WIDTH="22" VPOS="1219" HPOS="1287"/>
							<String ID="string_236" HPOS="1309" VPOS="1219" WIDTH="144" HEIGHT="41" WC="0.92" CONTENT="ansåges"/><SP WIDTH="22" VPOS="1219" HPOS="1453"/>
							<String ID="string_237" HPOS="1475" VPOS="1217" WIDTH="142" HEIGHT="43" WC="0.96" CONTENT="påkalla"/>
						</TextLine>
						<TextLine ID="line_24" HPOS="120" VPOS="1262" WIDTH="1496" HEIGHT="49">
							<String ID="string_238" HPOS="120" VPOS="1268" WIDTH="60" HEIGHT="35" WC="0.92" CONTENT="det"/><SP WIDTH="22" VPOS="1268" HPOS="180"/>
							<String ID="string_239" HPOS="202" VPOS="1288" WIDTH="47" HEIGHT="5" WC="0.91" CONTENT="—"/><SP WIDTH="23" VPOS="1288" HPOS="249"/>
							<String ID="string_240" HPOS="272" VPOS="1267" WIDTH="291" HEIGHT="44" WC="0.96" CONTENT="genomförandet"/><SP WIDTH="23" VPOS="1267" HPOS="563"/>
							<String ID="string_241" HPOS="586" VPOS="1267" WIDTH="60" HEIGHT="35" WC="0.96" CONTENT="ske"/><SP WIDTH="24" VPOS="1267" HPOS="646"/>
							<String ID="string_242" HPOS="670" VPOS="1266" WIDTH="175" HEIGHT="42" WC="0.96" CONTENT="etappvis,"/><SP WIDTH="24" VPOS="1266" HPOS="845"/>
							<String ID="string_243" HPOS="869" VPOS="1265" WIDTH="212" HEIGHT="43" WC="0.96" CONTENT="exempelvis"/><SP WIDTH="23" VPOS="1265" HPOS="1081"/>
							<String ID="string_244" HPOS="1104" VPOS="1264" WIDTH="81" HEIGHT="34" WC="0.96" CONTENT="med"/><SP WIDTH="24" VPOS="1264" HPOS="1185"/>
							<String ID="string_245" HPOS="1209" VPOS="1276" WIDTH="43" HEIGHT="21" WC="0.96" CONTENT="en"/><SP WIDTH="22" VPOS="1276" HPOS="1252"/>
							<String ID="string_246" HPOS="1274" VPOS="1263" WIDTH="84" HEIGHT="34" WC="0.93" CONTENT="halv"/><SP WIDTH="23" VPOS="1263" HPOS="1358"/>
							<String ID="string_247" HPOS="1381" VPOS="1262" WIDTH="235" HEIGHT="34" WC="0.91" CONTENT="veckotimme"/>
						</TextLine>
						<TextLine ID="line_25" HPOS="120" VPOS="1306" WIDTH="1496" HEIGHT="41">
							<String ID="string_248" HPOS="120" VPOS="1313" WIDTH="79" HEIGHT="34" WC="0.96" CONTENT="från"/><SP WIDTH="26" VPOS="1313" HPOS="199"/>
							<String ID="string_249" HPOS="225" VPOS="1313" WIDTH="67" HEIGHT="34" WC="0.96" CONTENT="och"/><SP WIDTH="24" VPOS="1313" HPOS="292"/>
							<String ID="string_250" HPOS="316" VPOS="1313" WIDTH="81" HEIGHT="34" WC="0.95" CONTENT="med"/><SP WIDTH="24" VPOS="1313" HPOS="397"/>
							<String ID="string_251" HPOS="421" VPOS="1312" WIDTH="130" HEIGHT="34" WC="0.93" CONTENT="läsåret"/><SP WIDTH="26" VPOS="1312" HPOS="551"/>
							<String ID="string_252" HPOS="577" VPOS="1314" WIDTH="227" HEIGHT="32" WC="0.86" CONTENT="1942—1943"/><SP WIDTH="24" VPOS="1314" HPOS="804"/>
							<String ID="string_253" HPOS="828" VPOS="1310" WIDTH="66" HEIGHT="34" WC="0.96" CONTENT="och"/><SP WIDTH="24" VPOS="1310" HPOS="894"/>
							<String ID="string_254" HPOS="918" VPOS="1310" WIDTH="83" HEIGHT="34" WC="0.96" CONTENT="med"/><SP WIDTH="26" VPOS="1310" HPOS="1001"/>
							<String ID="string_255" HPOS="1027" VPOS="1309" WIDTH="204" HEIGHT="35" WC="0.96" CONTENT="återstoden"/><SP WIDTH="26" VPOS="1309" HPOS="1231"/>
							<String ID="string_256" HPOS="1257" VPOS="1313" WIDTH="54" HEIGHT="30" WC="0.96" CONTENT="ett"/><SP WIDTH="24" VPOS="1313" HPOS="1311"/>
							<String ID="string_257" HPOS="1335" VPOS="1308" WIDTH="80" HEIGHT="34" WC="0.95" CONTENT="eller"/><SP WIDTH="25" VPOS="1308" HPOS="1415"/>
							<String ID="string_258" HPOS="1440" VPOS="1311" WIDTH="113" HEIGHT="30" WC="0.96" CONTENT="annat"/><SP WIDTH="24" VPOS="1311" HPOS="1553"/>
							<String ID="string_259" HPOS="1577" VPOS="1306" WIDTH="39" HEIGHT="33" WC="0.96" CONTENT="år"/>
						</TextLine>
						<TextLine ID="line_26" HPOS="119" VPOS="1369" WIDTH="132" HEIGHT="23">
							<String ID="string_260" HPOS="119" VPOS="1369" WIDTH="132" HEIGHT="23" WC="0.96" CONTENT="senare."/>
						</TextLine>
					</TextBlock>
				</ComposedBlock>
				<ComposedBlock ID="cblock_2" HPOS="703" VPOS="1478" WIDTH="332" HEIGHT="32">
					<TextBlock ID="block_4" HPOS="703" VPOS="1478" WIDTH="332" HEIGHT="32">
						<TextLine ID="line_27" HPOS="703" VPOS="1478" WIDTH="332" HEIGHT="32">
							<String ID="string_261" HPOS="703" VPOS="1478" WIDTH="198" HEIGHT="32" WC="0.92" CONTENT="Yttranden"/><SP WIDTH="17" VPOS="1478" HPOS="901"/>
							<String ID="string_262" HPOS="918" VPOS="1489" WIDTH="49" HEIGHT="20" WC="0.89" CONTENT="m."/><SP WIDTH="19" VPOS="1489" HPOS="967"/>
							<String ID="string_263" HPOS="986" VPOS="1489" WIDTH="49" HEIGHT="20" WC="0.91" CONTENT="m."/>
						</TextLine>
					</TextBlock>
				</ComposedBlock>
				<ComposedBlock ID="cblock_3" HPOS="121" VPOS="1547" WIDTH="1493" HEIGHT="270">
					<TextBlock ID="block_5" HPOS="122" VPOS="1547" WIDTH="1492" HEIGHT="101">
						<TextLine ID="line_28" HPOS="163" VPOS="1547" WIDTH="1451" HEIGHT="47">
							<String ID="string_264" HPOS="163" VPOS="1552" WIDTH="267" HEIGHT="35" WC="0.96" CONTENT="Statskontoret"/><SP WIDTH="17" VPOS="1552" HPOS="430"/>
							<String ID="string_265" HPOS="447" VPOS="1552" WIDTH="66" HEIGHT="34" WC="0.96" CONTENT="har"/><SP WIDTH="18" VPOS="1552" HPOS="513"/>
							<String ID="string_266" HPOS="531" VPOS="1551" WIDTH="174" HEIGHT="43" WC="0.93" CONTENT="tillstyrkt"/><SP WIDTH="17" VPOS="1551" HPOS="705"/>
							<String ID="string_267" HPOS="722" VPOS="1549" WIDTH="455" HEIGHT="44" WC="0.90" CONTENT="besparingsberedningens"/><SP WIDTH="18" VPOS="1549" HPOS="1177"/>
							<String ID="string_268" HPOS="1195" VPOS="1548" WIDTH="130" HEIGHT="43" WC="0.96" CONTENT="förslag"/><SP WIDTH="18" VPOS="1548" HPOS="1325"/>
							<String ID="string_269" HPOS="1343" VPOS="1560" WIDTH="58" HEIGHT="22" WC="0.96" CONTENT="om"/><SP WIDTH="18" VPOS="1560" HPOS="1401"/>
							<String ID="string_270" HPOS="1419" VPOS="1547" WIDTH="133" HEIGHT="43" WC="0.96" CONTENT="ökning"/><SP WIDTH="18" VPOS="1547" HPOS="1552"/>
							<String ID="string_271" HPOS="1570" VPOS="1558" WIDTH="44" HEIGHT="22" WC="0.96" CONTENT="av"/>
						</TextLine>
						<TextLine ID="line_29" HPOS="122" VPOS="1605" WIDTH="512" HEIGHT="43">
							<String ID="string_272" HPOS="122" VPOS="1605" WIDTH="512" HEIGHT="43" WC="0.91" CONTENT="undervisningsskyldigheten."/>
						</TextLine>
					</TextBlock>
					<TextBlock ID="block_6" HPOS="121" VPOS="1662" WIDTH="1493" HEIGHT="155">
						<TextLine ID="line_30" HPOS="166" VPOS="1662" WIDTH="1448" HEIGHT="48">
							<String ID="string_273" HPOS="166" VPOS="1668" WIDTH="347" HEIGHT="42" WC="0.91" CONTENT="Skolöverstyrelsen,"/><SP WIDTH="16" VPOS="1668" HPOS="513"/>
							<String ID="string_274" HPOS="529" VPOS="1667" WIDTH="114" HEIGHT="34" WC="0.96" CONTENT="vilken"/><SP WIDTH="17" VPOS="1667" HPOS="643"/>
							<String ID="string_275" HPOS="660" VPOS="1666" WIDTH="175" HEIGHT="35" WC="0.96" CONTENT="inhämtat"/><SP WIDTH="16" VPOS="1666" HPOS="835"/>
							<String ID="string_276" HPOS="851" VPOS="1666" WIDTH="189" HEIGHT="43" WC="0.96" CONTENT="yttranden"/><SP WIDTH="17" VPOS="1666" HPOS="1040"/>
							<String ID="string_277" HPOS="1057" VPOS="1665" WIDTH="77" HEIGHT="34" WC="0.93" CONTENT="från"/><SP WIDTH="17" VPOS="1665" HPOS="1134"/>
							<String ID="string_278" HPOS="1151" VPOS="1664" WIDTH="372" HEIGHT="43" WC="0.91" CONTENT="lärarorganisationer,"/><SP WIDTH="18" VPOS="1664" HPOS="1523"/>
							<String ID="string_279" HPOS="1541" VPOS="1662" WIDTH="73" HEIGHT="35" WC="0.92" CONTENT="rek-"/>
						</TextLine>
						<TextLine ID="line_31" HPOS="121" VPOS="1717" WIDTH="1493" HEIGHT="46">
							<String ID="string_280" HPOS="121" VPOS="1727" WIDTH="102" HEIGHT="35" WC="0.92" CONTENT="torer,"/><SP WIDTH="23" VPOS="1727" HPOS="223"/>
							<String ID="string_281" HPOS="246" VPOS="1720" WIDTH="248" HEIGHT="43" WC="0.91" CONTENT="lärarkollegier"/><SP WIDTH="23" VPOS="1720" HPOS="494"/>
							<String ID="string_282" HPOS="517" VPOS="1732" WIDTH="46" HEIGHT="22" WC="0.91" CONTENT="m."/><SP WIDTH="23" VPOS="1732" HPOS="563"/>
							<String ID="string_283" HPOS="586" VPOS="1720" WIDTH="48" HEIGHT="41" WC="0.89" CONTENT="fl.,"/><SP WIDTH="22" VPOS="1720" HPOS="634"/>
							<String ID="string_284" HPOS="656" VPOS="1720" WIDTH="64" HEIGHT="34" WC="0.93" CONTENT="har"/><SP WIDTH="22" VPOS="1720" HPOS="720"/>
							<String ID="string_285" HPOS="742" VPOS="1720" WIDTH="161" HEIGHT="42" WC="0.93" CONTENT="avstyrkt"/><SP WIDTH="22" VPOS="1720" HPOS="903"/>
							<String ID="string_286" HPOS="925" VPOS="1718" WIDTH="445" HEIGHT="44" WC="0.92" CONTENT="besparingsberedningens"/><SP WIDTH="23" VPOS="1718" HPOS="1370"/>
							<String ID="string_287" HPOS="1393" VPOS="1717" WIDTH="142" HEIGHT="43" WC="0.95" CONTENT="förslag."/><SP WIDTH="23" VPOS="1717" HPOS="1535"/>
							<String ID="string_288" HPOS="1558" VPOS="1717" WIDTH="56" HEIGHT="34" WC="0.94" CONTENT="Av"/>
						</TextLine>
						<TextLine ID="line_32" HPOS="121" VPOS="1772" WIDTH="1078" HEIGHT="45">
							<String ID="string_289" HPOS="121" VPOS="1774" WIDTH="265" HEIGHT="43" WC="0.92" CONTENT="överstyrelsens"/><SP WIDTH="16" VPOS="1774" HPOS="386"/>
							<String ID="string_290" HPOS="402" VPOS="1774" WIDTH="182" HEIGHT="34" WC="0.96" CONTENT="utlåtande"/><SP WIDTH="15" VPOS="1774" HPOS="584"/>
							<String ID="string_291" HPOS="599" VPOS="1773" WIDTH="175" HEIGHT="34" WC="0.96" CONTENT="inhämtas"/><SP WIDTH="16" VPOS="1773" HPOS="774"/>
							<String ID="string_292" HPOS="790" VPOS="1773" WIDTH="104" HEIGHT="34" WC="0.96" CONTENT="bland"/><SP WIDTH="17" VPOS="1773" HPOS="894"/>
							<String ID="string_293" HPOS="911" VPOS="1777" WIDTH="108" HEIGHT="30" WC="0.96" CONTENT="annat"/><SP WIDTH="16" VPOS="1777" HPOS="1019"/>
							<String ID="string_294" HPOS="1035" VPOS="1772" WIDTH="164" HEIGHT="42" WC="0.96" CONTENT="följande:"/>
						</TextLine>
					</TextBlock>
				</ComposedBlock>
				<ComposedBlock ID="cblock_4" HPOS="117" VPOS="1832" WIDTH="1497" HEIGHT="709">
					<TextBlock ID="block_7" HPOS="121" VPOS="1832" WIDTH="1493" HEIGHT="574">
						<TextLine ID="line_33" HPOS="166" VPOS="1832" WIDTH="1448" HEIGHT="47">
							<String ID="string_295" HPOS="166" VPOS="1836" WIDTH="255" HEIGHT="43" WC="0.96" CONTENT="Överstyrelsen"/><SP WIDTH="28" VPOS="1836" HPOS="421"/>
							<String ID="string_296" HPOS="449" VPOS="1836" WIDTH="181" HEIGHT="40" WC="0.96" CONTENT="betonade,"/><SP WIDTH="28" VPOS="1836" HPOS="630"/>
							<String ID="string_297" HPOS="658" VPOS="1841" WIDTH="54" HEIGHT="29" WC="0.93" CONTENT="att"/><SP WIDTH="28" VPOS="1841" HPOS="712"/>
							<String ID="string_298" HPOS="740" VPOS="1835" WIDTH="327" HEIGHT="34" WC="0.91" CONTENT="läroverkslärarnas"/><SP WIDTH="28" VPOS="1835" HPOS="1067"/>
							<String ID="string_299" HPOS="1095" VPOS="1834" WIDTH="231" HEIGHT="42" WC="0.96" CONTENT="tjänstgöring"/><SP WIDTH="26" VPOS="1834" HPOS="1326"/>
							<String ID="string_300" HPOS="1352" VPOS="1833" WIDTH="90" HEIGHT="34" WC="0.96" CONTENT="varit"/><SP WIDTH="28" VPOS="1833" HPOS="1442"/>
							<String ID="string_301" HPOS="1470" VPOS="1832" WIDTH="144" HEIGHT="35" WC="0.96" CONTENT="föremål"/>
						</TextLine>
						<TextLine ID="line_34" HPOS="121" VPOS="1877" WIDTH="1493" HEIGHT="46">
							<String ID="string_302" HPOS="121" VPOS="1882" WIDTH="53" HEIGHT="33" WC="0.96" CONTENT="för"/><SP WIDTH="20" VPOS="1882" HPOS="174"/>
							<String ID="string_303" HPOS="194" VPOS="1894" WIDTH="42" HEIGHT="21" WC="0.96" CONTENT="en"/><SP WIDTH="21" VPOS="1894" HPOS="236"/>
							<String ID="string_304" HPOS="257" VPOS="1881" WIDTH="169" HEIGHT="42" WC="0.96" CONTENT="utökning"/><SP WIDTH="20" VPOS="1881" HPOS="426"/>
							<String ID="string_305" HPOS="446" VPOS="1881" WIDTH="59" HEIGHT="33" WC="0.96" CONTENT="vid"/><SP WIDTH="20" VPOS="1881" HPOS="505"/>
							<String ID="string_306" HPOS="525" VPOS="1882" WIDTH="61" HEIGHT="32" WC="0.96" CONTENT="två"/><SP WIDTH="19" VPOS="1882" HPOS="586"/>
							<String ID="string_307" HPOS="605" VPOS="1880" WIDTH="159" HEIGHT="35" WC="0.96" CONTENT="tillfällen"/><SP WIDTH="20" VPOS="1880" HPOS="764"/>
							<String ID="string_308" HPOS="784" VPOS="1880" WIDTH="107" HEIGHT="33" WC="0.97" CONTENT="under"/><SP WIDTH="21" VPOS="1880" HPOS="891"/>
							<String ID="string_309" HPOS="912" VPOS="1880" WIDTH="42" HEIGHT="33" WC="0.97" CONTENT="de"/><SP WIDTH="22" VPOS="1880" HPOS="954"/>
							<String ID="string_310" HPOS="976" VPOS="1884" WIDTH="133" HEIGHT="29" WC="0.96" CONTENT="senaste"/><SP WIDTH="22" VPOS="1884" HPOS="1109"/>
							<String ID="string_311" HPOS="1131" VPOS="1880" WIDTH="92" HEIGHT="38" WC="0.96" CONTENT="åren,"/><SP WIDTH="21" VPOS="1880" HPOS="1223"/>
							<String ID="string_312" HPOS="1244" VPOS="1878" WIDTH="171" HEIGHT="42" WC="0.96" CONTENT="nämligen"/><SP WIDTH="25" VPOS="1878" HPOS="1415"/>
							<String ID="string_313" HPOS="1440" VPOS="1881" WIDTH="89" HEIGHT="30" WC="0.96" CONTENT="1937"/><SP WIDTH="22" VPOS="1881" HPOS="1529"/>
							<String ID="string_314" HPOS="1551" VPOS="1877" WIDTH="63" HEIGHT="34" WC="0.96" CONTENT="och"/>
						</TextLine>
						<TextLine ID="line_35" HPOS="123" VPOS="1922" WIDTH="1490" HEIGHT="43">
							<String ID="string_315" HPOS="123" VPOS="1929" WIDTH="99" HEIGHT="36" WC="0.96" CONTENT="1940,"/><SP WIDTH="18" VPOS="1929" HPOS="222"/>
							<String ID="string_316" HPOS="240" VPOS="1926" WIDTH="11" HEIGHT="33" WC="0.96" CONTENT="i"/><SP WIDTH="17" VPOS="1926" HPOS="251"/>
							<String ID="string_317" HPOS="268" VPOS="1925" WIDTH="92" HEIGHT="33" WC="0.96" CONTENT="båda"/><SP WIDTH="18" VPOS="1925" HPOS="360"/>
							<String ID="string_318" HPOS="378" VPOS="1925" WIDTH="104" HEIGHT="33" WC="0.96" CONTENT="fallen"/><SP WIDTH="18" VPOS="1925" HPOS="482"/>
							<String ID="string_319" HPOS="500" VPOS="1925" WIDTH="78" HEIGHT="33" WC="0.96" CONTENT="med"/><SP WIDTH="19" VPOS="1925" HPOS="578"/>
							<String ID="string_320" HPOS="597" VPOS="1925" WIDTH="145" HEIGHT="33" WC="0.92" CONTENT="vardera"/><SP WIDTH="21" VPOS="1925" HPOS="742"/>
							<String ID="string_321" HPOS="763" VPOS="1924" WIDTH="39" HEIGHT="39" WC="0.5" CONTENT="Y5"/><SP WIDTH="21" VPOS="1924" HPOS="802"/>
							<String ID="string_322" HPOS="823" VPOS="1924" WIDTH="241" HEIGHT="33" WC="0.91" CONTENT="veckotimme."/><SP WIDTH="21" VPOS="1924" HPOS="1064"/>
							<String ID="string_323" HPOS="1085" VPOS="1924" WIDTH="77" HEIGHT="32" WC="0.96" CONTENT="Den"/><SP WIDTH="20" VPOS="1924" HPOS="1162"/>
							<String ID="string_324" HPOS="1182" VPOS="1923" WIDTH="240" HEIGHT="33" WC="0.95" CONTENT="förstnämnda"/><SP WIDTH="21" VPOS="1923" HPOS="1422"/>
							<String ID="string_325" HPOS="1443" VPOS="1922" WIDTH="170" HEIGHT="41" WC="0.96" CONTENT="ökningen"/>
						</TextLine>
						<TextLine ID="line_36" HPOS="121" VPOS="1965" WIDTH="1493" HEIGHT="44">
							<String ID="string_326" HPOS="121" VPOS="1970" WIDTH="88" HEIGHT="34" WC="0.96" CONTENT="hade"/><SP WIDTH="18" VPOS="1970" HPOS="209"/>
							<String ID="string_327" HPOS="227" VPOS="1974" WIDTH="116" HEIGHT="29" WC="0.96" CONTENT="avsett"/><SP WIDTH="19" VPOS="1974" HPOS="343"/>
							<String ID="string_328" HPOS="362" VPOS="1974" WIDTH="53" HEIGHT="29" WC="0.96" CONTENT="att"/><SP WIDTH="20" VPOS="1974" HPOS="415"/>
							<String ID="string_329" HPOS="435" VPOS="1969" WIDTH="244" HEIGHT="33" WC="0.96" CONTENT="åstadkomma"/><SP WIDTH="20" VPOS="1969" HPOS="679"/>
							<String ID="string_330" HPOS="699" VPOS="1981" WIDTH="42" HEIGHT="21" WC="0.96" CONTENT="en"/><SP WIDTH="20" VPOS="1981" HPOS="741"/>
							<String ID="string_331" HPOS="761" VPOS="1968" WIDTH="139" HEIGHT="41" WC="0.96" CONTENT="lämplig"/><SP WIDTH="20" VPOS="1968" HPOS="900"/>
							<String ID="string_332" HPOS="920" VPOS="1967" WIDTH="196" HEIGHT="42" WC="0.96" CONTENT="avvägning"/><SP WIDTH="20" VPOS="1967" HPOS="1116"/>
							<String ID="string_333" HPOS="1136" VPOS="1980" WIDTH="44" HEIGHT="21" WC="0.93" CONTENT="av"/><SP WIDTH="20" VPOS="1980" HPOS="1180"/>
							<String ID="string_334" HPOS="1200" VPOS="1967" WIDTH="330" HEIGHT="33" WC="0.91" CONTENT="läroverkslärarnas"/><SP WIDTH="21" VPOS="1967" HPOS="1530"/>
							<String ID="string_335" HPOS="1551" VPOS="1965" WIDTH="63" HEIGHT="35" WC="0.97" CONTENT="och"/>
						</TextLine>
						<TextLine ID="line_37" HPOS="121" VPOS="2009" WIDTH="1493" HEIGHT="47">
							<String ID="string_336" HPOS="121" VPOS="2014" WIDTH="117" HEIGHT="42" WC="0.93" CONTENT="övriga"/><SP WIDTH="28" VPOS="2014" HPOS="238"/>
							<String ID="string_337" HPOS="266" VPOS="2013" WIDTH="320" HEIGHT="42" WC="0.91" CONTENT="statstjänstemäns"/><SP WIDTH="28" VPOS="2013" HPOS="586"/>
							<String ID="string_338" HPOS="614" VPOS="2013" WIDTH="94" HEIGHT="33" WC="0.96" CONTENT="löner"/><SP WIDTH="28" VPOS="2013" HPOS="708"/>
							<String ID="string_339" HPOS="736" VPOS="2013" WIDTH="77" HEIGHT="33" WC="0.95" CONTENT="med"/><SP WIDTH="28" VPOS="2013" HPOS="813"/>
							<String ID="string_340" HPOS="841" VPOS="2012" WIDTH="137" HEIGHT="42" WC="0.95" CONTENT="hänsyn"/><SP WIDTH="28" VPOS="2012" HPOS="978"/>
							<String ID="string_341" HPOS="1006" VPOS="2012" WIDTH="51" HEIGHT="33" WC="0.96" CONTENT="till"/><SP WIDTH="29" VPOS="2012" HPOS="1057"/>
							<String ID="string_342" HPOS="1086" VPOS="2012" WIDTH="96" HEIGHT="32" WC="0.96" CONTENT="deras"/><SP WIDTH="29" VPOS="2012" HPOS="1182"/>
							<String ID="string_343" HPOS="1211" VPOS="2011" WIDTH="127" HEIGHT="34" WC="0.95" CONTENT="arbete."/><SP WIDTH="29" VPOS="2011" HPOS="1338"/>
							<String ID="string_344" HPOS="1367" VPOS="2009" WIDTH="180" HEIGHT="43" WC="0.96" CONTENT="Ökningen"/><SP WIDTH="29" VPOS="2009" HPOS="1547"/>
							<String ID="string_345" HPOS="1576" VPOS="2011" WIDTH="38" HEIGHT="32" WC="0.95" CONTENT="år"/>
						</TextLine>
						<TextLine ID="line_38" HPOS="124" VPOS="2055" WIDTH="1488" HEIGHT="43">
							<String ID="string_346" HPOS="124" VPOS="2062" WIDTH="85" HEIGHT="30" WC="0.96" CONTENT="1940"/><SP WIDTH="24" VPOS="2062" HPOS="209"/>
							<String ID="string_347" HPOS="233" VPOS="2058" WIDTH="89" HEIGHT="34" WC="0.96" CONTENT="hade"/><SP WIDTH="23" VPOS="2058" HPOS="322"/>
							<String ID="string_348" HPOS="345" VPOS="2058" WIDTH="103" HEIGHT="39" WC="0.96" CONTENT="skett,"/><SP WIDTH="23" VPOS="2058" HPOS="448"/>
							<String ID="string_349" HPOS="471" VPOS="2057" WIDTH="143" HEIGHT="34" WC="0.96" CONTENT="emedan"/><SP WIDTH="23" VPOS="2057" HPOS="614"/>
							<String ID="string_350" HPOS="637" VPOS="2057" WIDTH="11" HEIGHT="33" WC="0.96" CONTENT="i"/><SP WIDTH="23" VPOS="2057" HPOS="648"/>
							<String ID="string_351" HPOS="671" VPOS="2057" WIDTH="154" HEIGHT="33" WC="0.93" CONTENT="rådande"/><SP WIDTH="23" VPOS="2057" HPOS="825"/>
							<String ID="string_352" HPOS="848" VPOS="2056" WIDTH="225" HEIGHT="42" WC="0.91" CONTENT="brydsamma"/><SP WIDTH="21" VPOS="2056" HPOS="1073"/>
							<String ID="string_353" HPOS="1094" VPOS="2056" WIDTH="50" HEIGHT="34" WC="0.96" CONTENT="tid"/><SP WIDTH="26" VPOS="2056" HPOS="1144"/>
							<String ID="string_354" HPOS="1170" VPOS="2068" WIDTH="41" HEIGHT="21" WC="0.95" CONTENT="en"/><SP WIDTH="25" VPOS="2068" HPOS="1211"/>
							<String ID="string_355" HPOS="1236" VPOS="2059" WIDTH="108" HEIGHT="30" WC="0.93" CONTENT="större"/><SP WIDTH="24" VPOS="2059" HPOS="1344"/>
							<String ID="string_356" HPOS="1368" VPOS="2055" WIDTH="244" HEIGHT="41" WC="0.91" CONTENT="arbetspresta-"/>
						</TextLine>
						<TextLine ID="line_39" HPOS="121" VPOS="2099" WIDTH="1492" HEIGHT="45">
							<String ID="string_357" HPOS="121" VPOS="2103" WIDTH="72" HEIGHT="33" WC="0.96" CONTENT="tion"/><SP WIDTH="21" VPOS="2103" HPOS="193"/>
							<String ID="string_358" HPOS="214" VPOS="2115" WIDTH="44" HEIGHT="21" WC="0.93" CONTENT="av"/><SP WIDTH="20" VPOS="2115" HPOS="258"/>
							<String ID="string_359" HPOS="278" VPOS="2102" WIDTH="370" HEIGHT="42" WC="0.89" CONTENT="statstjänstemännen"/><SP WIDTH="19" VPOS="2102" HPOS="648"/>
							<String ID="string_360" HPOS="667" VPOS="2102" WIDTH="112" HEIGHT="32" WC="0.92" CONTENT="måste"/><SP WIDTH="20" VPOS="2102" HPOS="779"/>
							<String ID="string_361" HPOS="799" VPOS="2101" WIDTH="178" HEIGHT="34" WC="0.91" CONTENT="utkrävas."/><SP WIDTH="21" VPOS="2101" HPOS="977"/>
							<String ID="string_362" HPOS="998" VPOS="2101" WIDTH="126" HEIGHT="33" WC="0.96" CONTENT="Denna"/><SP WIDTH="20" VPOS="2101" HPOS="1124"/>
							<String ID="string_363" HPOS="1144" VPOS="2099" WIDTH="128" HEIGHT="42" WC="0.96" CONTENT="ökning"/><SP WIDTH="20" VPOS="2099" HPOS="1272"/>
							<String ID="string_364" HPOS="1292" VPOS="2100" WIDTH="97" HEIGHT="34" WC="0.96" CONTENT="torde"/><SP WIDTH="21" VPOS="2100" HPOS="1389"/>
							<String ID="string_365" HPOS="1410" VPOS="2099" WIDTH="146" HEIGHT="34" WC="0.96" CONTENT="sålunda"/><SP WIDTH="21" VPOS="2099" HPOS="1556"/>
							<String ID="string_366" HPOS="1577" VPOS="2099" WIDTH="36" HEIGHT="33" WC="0.96" CONTENT="få"/>
						</TextLine>
						<TextLine ID="line_40" HPOS="121" VPOS="2143" WIDTH="1493" HEIGHT="45">
							<String ID="string_367" HPOS="121" VPOS="2159" WIDTH="97" HEIGHT="22" WC="0.96" CONTENT="anses"/><SP WIDTH="17" VPOS="2159" HPOS="218"/>
							<String ID="string_368" HPOS="235" VPOS="2159" WIDTH="84" HEIGHT="21" WC="0.96" CONTENT="vara"/><SP WIDTH="17" VPOS="2159" HPOS="319"/>
							<String ID="string_369" HPOS="336" VPOS="2160" WIDTH="44" HEIGHT="20" WC="0.96" CONTENT="av"/><SP WIDTH="17" VPOS="2160" HPOS="380"/>
							<String ID="string_370" HPOS="397" VPOS="2146" WIDTH="207" HEIGHT="42" WC="0.95" CONTENT="provisorisk"/><SP WIDTH="18" VPOS="2146" HPOS="604"/>
							<String ID="string_371" HPOS="622" VPOS="2150" WIDTH="114" HEIGHT="29" WC="0.96" CONTENT="natur."/><SP WIDTH="19" VPOS="2150" HPOS="736"/>
							<String ID="string_372" HPOS="755" VPOS="2146" WIDTH="72" HEIGHT="33" WC="0.93" CONTENT="Det"/><SP WIDTH="18" VPOS="2146" HPOS="827"/>
							<String ID="string_373" HPOS="845" VPOS="2146" WIDTH="74" HEIGHT="40" WC="0.90" CONTENT="låge"/><SP WIDTH="19" VPOS="2146" HPOS="919"/>
							<String ID="string_374" HPOS="938" VPOS="2145" WIDTH="119" HEIGHT="33" WC="0.96" CONTENT="därför"/><SP WIDTH="18" VPOS="2145" HPOS="1057"/>
							<String ID="string_375" HPOS="1075" VPOS="2148" WIDTH="82" HEIGHT="30" WC="0.96" CONTENT="nära"/><SP WIDTH="19" VPOS="2148" HPOS="1157"/>
							<String ID="string_376" HPOS="1176" VPOS="2145" WIDTH="51" HEIGHT="33" WC="0.96" CONTENT="till"/><SP WIDTH="20" VPOS="2145" HPOS="1227"/>
							<String ID="string_377" HPOS="1247" VPOS="2144" WIDTH="109" HEIGHT="33" WC="0.96" CONTENT="hands"/><SP WIDTH="19" VPOS="2144" HPOS="1356"/>
							<String ID="string_378" HPOS="1375" VPOS="2148" WIDTH="55" HEIGHT="30" WC="0.96" CONTENT="att"/><SP WIDTH="18" VPOS="2148" HPOS="1430"/>
							<String ID="string_379" HPOS="1448" VPOS="2143" WIDTH="166" HEIGHT="42" WC="0.96" CONTENT="uppfatta"/>
						</TextLine>
						<TextLine ID="line_41" HPOS="121" VPOS="2188" WIDTH="1492" HEIGHT="45">
							<String ID="string_380" HPOS="121" VPOS="2190" WIDTH="445" HEIGHT="43" WC="0.91" CONTENT="besparingsberedningens"/><SP WIDTH="31" VPOS="2190" HPOS="566"/>
							<String ID="string_381" HPOS="597" VPOS="2190" WIDTH="127" HEIGHT="42" WC="0.96" CONTENT="förslag"/><SP WIDTH="31" VPOS="2190" HPOS="724"/>
							<String ID="string_382" HPOS="755" VPOS="2202" WIDTH="74" HEIGHT="21" WC="0.96" CONTENT="som"/><SP WIDTH="31" VPOS="2202" HPOS="829"/>
							<String ID="string_383" HPOS="860" VPOS="2202" WIDTH="40" HEIGHT="21" WC="0.92" CONTENT="en"/><SP WIDTH="31" VPOS="2202" HPOS="900"/>
							<String ID="string_384" HPOS="931" VPOS="2189" WIDTH="278" HEIGHT="41" WC="0.87" CONTENT="kristidsåtgärd,"/><SP WIDTH="32" VPOS="2189" HPOS="1209"/>
							<String ID="string_385" HPOS="1241" VPOS="2189" WIDTH="97" HEIGHT="33" WC="0.96" CONTENT="detta"/><SP WIDTH="30" VPOS="2189" HPOS="1338"/>
							<String ID="string_386" HPOS="1368" VPOS="2188" WIDTH="107" HEIGHT="34" WC="0.96" CONTENT="bland"/><SP WIDTH="32" VPOS="2188" HPOS="1475"/>
							<String ID="string_387" HPOS="1507" VPOS="2192" WIDTH="106" HEIGHT="30" WC="0.96" CONTENT="annat"/>
						</TextLine>
						<TextLine ID="line_42" HPOS="121" VPOS="2232" WIDTH="1492" HEIGHT="45">
							<String ID="string_388" HPOS="121" VPOS="2237" WIDTH="76" HEIGHT="32" WC="0.96" CONTENT="med"/><SP WIDTH="20" VPOS="2237" HPOS="197"/>
							<String ID="string_389" HPOS="217" VPOS="2236" WIDTH="135" HEIGHT="41" WC="0.96" CONTENT="hänsyn"/><SP WIDTH="20" VPOS="2236" HPOS="352"/>
							<String ID="string_390" HPOS="372" VPOS="2235" WIDTH="48" HEIGHT="33" WC="0.96" CONTENT="till"/><SP WIDTH="21" VPOS="2235" HPOS="420"/>
							<String ID="string_391" HPOS="441" VPOS="2239" WIDTH="54" HEIGHT="29" WC="0.96" CONTENT="att"/><SP WIDTH="20" VPOS="2239" HPOS="495"/>
							<String ID="string_392" HPOS="515" VPOS="2247" WIDTH="42" HEIGHT="21" WC="0.96" CONTENT="en"/><SP WIDTH="19" VPOS="2247" HPOS="557"/>
							<String ID="string_393" HPOS="576" VPOS="2234" WIDTH="118" HEIGHT="41" WC="0.95" CONTENT="slutlig"/><SP WIDTH="19" VPOS="2234" HPOS="694"/>
							<String ID="string_394" HPOS="713" VPOS="2233" WIDTH="193" HEIGHT="42" WC="0.96" CONTENT="avvägning"/><SP WIDTH="20" VPOS="2233" HPOS="906"/>
							<String ID="string_395" HPOS="926" VPOS="2246" WIDTH="44" HEIGHT="21" WC="0.93" CONTENT="av"/><SP WIDTH="21" VPOS="2246" HPOS="970"/>
							<String ID="string_396" HPOS="991" VPOS="2233" WIDTH="327" HEIGHT="33" WC="0.91" CONTENT="läroverkslärarnas"/><SP WIDTH="21" VPOS="2233" HPOS="1318"/>
							<String ID="string_397" HPOS="1339" VPOS="2233" WIDTH="116" HEIGHT="33" WC="0.96" CONTENT="arbete"/><SP WIDTH="20" VPOS="2233" HPOS="1455"/>
							<String ID="string_398" HPOS="1475" VPOS="2232" WIDTH="138" HEIGHT="34" WC="0.96" CONTENT="relativt"/>
						</TextLine>
						<TextLine ID="line_43" HPOS="121" VPOS="2277" WIDTH="1491" HEIGHT="44">
							<String ID="string_399" HPOS="121" VPOS="2280" WIDTH="135" HEIGHT="41" WC="0.96" CONTENT="nyligen"/><SP WIDTH="22" VPOS="2280" HPOS="256"/>
							<String ID="string_400" HPOS="278" VPOS="2279" WIDTH="102" HEIGHT="33" WC="0.96" CONTENT="skett."/><SP WIDTH="20" VPOS="2279" HPOS="380"/>
							<String ID="string_401" HPOS="400" VPOS="2277" WIDTH="98" HEIGHT="34" WC="0.87" CONTENT="Även"/><SP WIDTH="22" VPOS="2277" HPOS="498"/>
							<String ID="string_402" HPOS="520" VPOS="2291" WIDTH="56" HEIGHT="20" WC="0.96" CONTENT="om"/><SP WIDTH="20" VPOS="2291" HPOS="576"/>
							<String ID="string_403" HPOS="596" VPOS="2279" WIDTH="87" HEIGHT="33" WC="0.96" CONTENT="intet"/><SP WIDTH="21" VPOS="2279" HPOS="683"/>
							<String ID="string_404" HPOS="704" VPOS="2278" WIDTH="80" HEIGHT="33" WC="0.96" CONTENT="fullt"/><SP WIDTH="20" VPOS="2278" HPOS="784"/>
							<String ID="string_405" HPOS="804" VPOS="2278" WIDTH="125" HEIGHT="41" WC="0.96" CONTENT="tydligt"/><SP WIDTH="22" VPOS="2278" HPOS="929"/>
							<String ID="string_406" HPOS="951" VPOS="2277" WIDTH="179" HEIGHT="33" WC="0.96" CONTENT="uttalande"/><SP WIDTH="22" VPOS="2277" HPOS="1130"/>
							<String ID="string_407" HPOS="1152" VPOS="2277" WIDTH="120" HEIGHT="32" WC="0.93" CONTENT="därom"/><SP WIDTH="22" VPOS="2277" HPOS="1272"/>
							<String ID="string_408" HPOS="1294" VPOS="2277" WIDTH="147" HEIGHT="41" WC="0.91" CONTENT="förelåge"/><SP WIDTH="21" VPOS="2277" HPOS="1441"/>
							<String ID="string_409" HPOS="1462" VPOS="2277" WIDTH="10" HEIGHT="32" WC="0.64" CONTENT="i"/><SP WIDTH="21" VPOS="2277" HPOS="1472"/>
							<String ID="string_410" HPOS="1493" VPOS="2277" WIDTH="119" HEIGHT="41" WC="0.92" CONTENT="bespa-"/>
						</TextLine>
						<TextLine ID="line_44" HPOS="121" VPOS="2320" WIDTH="1491" HEIGHT="44">
							<String ID="string_411" HPOS="121" VPOS="2323" WIDTH="335" HEIGHT="41" WC="0.91" CONTENT="ringsberedningens"/><SP WIDTH="31" VPOS="2323" HPOS="456"/>
							<String ID="string_412" HPOS="487" VPOS="2322" WIDTH="238" HEIGHT="41" WC="0.96" CONTENT="promemoria,"/><SP WIDTH="30" VPOS="2322" HPOS="725"/>
							<String ID="string_413" HPOS="755" VPOS="2327" WIDTH="115" HEIGHT="36" WC="0.96" CONTENT="syntes"/><SP WIDTH="30" VPOS="2327" HPOS="870"/>
							<String ID="string_414" HPOS="900" VPOS="2321" WIDTH="89" HEIGHT="33" WC="0.96" CONTENT="dock"/><SP WIDTH="30" VPOS="2321" HPOS="989"/>
							<String ID="string_415" HPOS="1019" VPOS="2321" WIDTH="186" HEIGHT="33" WC="0.96" CONTENT="tendensen"/><SP WIDTH="30" VPOS="2321" HPOS="1205"/>
							<String ID="string_416" HPOS="1235" VPOS="2333" WIDTH="85" HEIGHT="21" WC="0.96" CONTENT="vara"/><SP WIDTH="29" VPOS="2333" HPOS="1320"/>
							<String ID="string_417" HPOS="1349" VPOS="2325" WIDTH="53" HEIGHT="29" WC="0.96" CONTENT="att"/><SP WIDTH="31" VPOS="2325" HPOS="1402"/>
							<String ID="string_418" HPOS="1433" VPOS="2320" WIDTH="109" HEIGHT="41" WC="0.96" CONTENT="skapa"/><SP WIDTH="30" VPOS="2320" HPOS="1542"/>
							<String ID="string_419" HPOS="1572" VPOS="2332" WIDTH="40" HEIGHT="21" WC="0.96" CONTENT="en"/>
						</TextLine>
						<TextLine ID="line_45" HPOS="122" VPOS="2366" WIDTH="651" HEIGHT="40">
							<String ID="string_420" HPOS="122" VPOS="2367" WIDTH="184" HEIGHT="33" WC="0.96" CONTENT="bestående"/><SP WIDTH="19" VPOS="2367" HPOS="306"/>
							<String ID="string_421" HPOS="325" VPOS="2367" WIDTH="127" HEIGHT="39" WC="0.96" CONTENT="ökning"/><SP WIDTH="20" VPOS="2367" HPOS="452"/>
							<String ID="string_422" HPOS="472" VPOS="2379" WIDTH="44" HEIGHT="21" WC="0.93" CONTENT="av"/><SP WIDTH="19" VPOS="2379" HPOS="516"/>
							<String ID="string_423" HPOS="535" VPOS="2366" WIDTH="238" HEIGHT="40" WC="0.90" CONTENT="tjänstetiden."/>
						</TextLine>
					</TextBlock>
					<TextBlock ID="block_8" HPOS="117" VPOS="2407" WIDTH="1496" HEIGHT="134">
						<TextLine ID="line_46" HPOS="160" VPOS="2407" WIDTH="1452" HEIGHT="45">
							<String ID="string_424" HPOS="160" VPOS="2409" WIDTH="262" HEIGHT="43" WC="0.95" CONTENT="Huvudfrågan"/><SP WIDTH="22" VPOS="2409" HPOS="422"/>
							<String ID="string_425" HPOS="444" VPOS="2410" WIDTH="55" HEIGHT="33" WC="0.93" CONTENT="för"/><SP WIDTH="23" VPOS="2410" HPOS="499"/>
							<String ID="string_426" HPOS="522" VPOS="2408" WIDTH="440" HEIGHT="43" WC="0.91" CONTENT="besparingsberedningen"/><SP WIDTH="22" VPOS="2408" HPOS="962"/>
							<String ID="string_427" HPOS="984" VPOS="2408" WIDTH="91" HEIGHT="34" WC="0.96" CONTENT="hade"/><SP WIDTH="23" VPOS="2408" HPOS="1075"/>
							<String ID="string_428" HPOS="1098" VPOS="2408" WIDTH="93" HEIGHT="34" WC="0.96" CONTENT="varit"/><SP WIDTH="22" VPOS="2408" HPOS="1191"/>
							<String ID="string_429" HPOS="1213" VPOS="2407" WIDTH="260" HEIGHT="42" WC="0.96" CONTENT="omfattningen"/><SP WIDTH="24" VPOS="2407" HPOS="1473"/>
							<String ID="string_430" HPOS="1497" VPOS="2419" WIDTH="46" HEIGHT="22" WC="0.93" CONTENT="av"/><SP WIDTH="21" VPOS="2419" HPOS="1543"/>
							<String ID="string_431" HPOS="1564" VPOS="2407" WIDTH="48" HEIGHT="33" WC="0.91" CONTENT="lä-"/>
						</TextLine>
						<TextLine ID="line_47" HPOS="117" VPOS="2451" WIDTH="1496" HEIGHT="46">
							<String ID="string_432" HPOS="117" VPOS="2467" WIDTH="120" HEIGHT="21" WC="0.88" CONTENT="rarnas"/><SP WIDTH="20" VPOS="2467" HPOS="237"/>
							<String ID="string_433" HPOS="257" VPOS="2454" WIDTH="246" HEIGHT="43" WC="0.96" CONTENT="tjänstgöring."/><SP WIDTH="20" VPOS="2454" HPOS="503"/>
							<String ID="string_434" HPOS="523" VPOS="2454" WIDTH="80" HEIGHT="33" WC="0.96" CONTENT="Den"/><SP WIDTH="20" VPOS="2454" HPOS="603"/>
							<String ID="string_435" HPOS="623" VPOS="2466" WIDTH="45" HEIGHT="20" WC="0.93" CONTENT="av"/><SP WIDTH="21" VPOS="2466" HPOS="668"/>
							<String ID="string_436" HPOS="689" VPOS="2452" WIDTH="440" HEIGHT="43" WC="0.92" CONTENT="besparingsberedningen"/><SP WIDTH="20" VPOS="2452" HPOS="1129"/>
							<String ID="string_437" HPOS="1149" VPOS="2452" WIDTH="205" HEIGHT="42" WC="0.96" CONTENT="tillämpade"/><SP WIDTH="19" VPOS="2452" HPOS="1354"/>
							<String ID="string_438" HPOS="1373" VPOS="2451" WIDTH="169" HEIGHT="34" WC="0.96" CONTENT="metoden"/><SP WIDTH="17" VPOS="2451" HPOS="1542"/>
							<String ID="string_439" HPOS="1559" VPOS="2451" WIDTH="54" HEIGHT="34" WC="0.96" CONTENT="för"/>
						</TextLine>
						<TextLine ID="line_48" HPOS="122" VPOS="2498" WIDTH="836" HEIGHT="43">
							<String ID="string_440" HPOS="122" VPOS="2499" WIDTH="187" HEIGHT="42" WC="0.96" CONTENT="beräkning"/><SP WIDTH="18" VPOS="2499" HPOS="309"/>
							<String ID="string_441" HPOS="327" VPOS="2512" WIDTH="44" HEIGHT="20" WC="0.95" CONTENT="av"/><SP WIDTH="19" VPOS="2512" HPOS="371"/>
							<String ID="string_442" HPOS="390" VPOS="2499" WIDTH="112" HEIGHT="33" WC="0.96" CONTENT="denna"/><SP WIDTH="21" VPOS="2499" HPOS="502"/>
							<String ID="string_443" HPOS="523" VPOS="2502" WIDTH="116" HEIGHT="38" WC="0.96" CONTENT="syntes"/><SP WIDTH="21" VPOS="2502" HPOS="639"/>
							<String ID="string_444" HPOS="660" VPOS="2497" WIDTH="29" HEIGHT="42" WC="0.96" CONTENT="ej"/><SP WIDTH="24" VPOS="2497" HPOS="689"/>
							<String ID="string_445" HPOS="713" VPOS="2498" WIDTH="245" HEIGHT="41" WC="0.96" CONTENT="övertygande."/>
						</TextLine>
					</TextBlock>
				</ComposedBlock>
			</PrintSpace>
		</Page>
	</Layout>
</alto>
