1896 2782
300 175 19 30 2
610 177 124 31 Första
752 178 246 36 lagutskottets
1016 180 181 31 utlåtande
1215 189 41 22 nr
1273 182 40 29 20
1331 181 39 30 år
1389 183 83 29 1966

299 264 236 36 gångsbalken
559 267 140 37 stadgar
720 268 9 29 i
750 267 40 30 23
814 267 14 34 $
852 270 51 28 att
922 269 65 29 vad
1008 278 73 20 som
1104 270 9 29 i
1134 278 68 28 nya
1223 270 326 37 rättegångsbalken
1571 271 209 31 föreskrives

300 327 56 20 om
377 318 152 37 lydelsen
549 328 42 20 av
609 319 39 31 ed
668 321 64 28 och
750 321 58 30 eds
827 321 120 37 utbyte
965 324 71 28 mot
1055 322 186 31 försäkran
1258 323 44 37 på
1319 324 104 29 heder
1440 324 63 29 och
1522 327 152 28 samvete
1692 325 88 30 skall

300 372 63 36 äga
385 374 246 29 motsvarande
651 374 222 37 tillämpning
894 375 10 29 i
925 375 108 30 andra
1053 375 74 35 fall,
1147 376 43 29 då
1210 377 106 36 enligt
1336 377 54 37 lag
1409 378 82 29 eller
1511 377 210 38 författning
1740 379 39 30 ed

299 425 89 29 skall
417 426 161 37 avläggas
608 426 93 30 inför
728 428 150 29 domstol
907 428 81 30 eller
1016 438 116 20 annan
1161 430 211 36 myndighet.
1400 430 50 29 Av
1476 431 148 30 intresse
1650 432 10 28 i
1687 432 94 29 detta

298 479 254 37 sammanhang
579 481 37 28 är
643 483 49 27 att
718 481 114 30 erinra
858 490 56 20 om
939 481 344 38 bouppteckningsed
1309 483 105 37 enligt
1439 484 235 29 ärvdabalken
1699 485 81 30 eller

298 532 336 37 giftermålsbalken,
656 534 344 37 bouppteckningsed
1022 535 64 29 och
1108 536 231 36 borgenärsed
1361 537 10 29 i
1393 536 168 35 konkurs,
1582 537 198 36 gäldenärs-

297 586 39 30 ed
363 587 106 36 enligt
495 587 99 36 lagen
620 596 56 20 om
702 588 376 37 ackordsförhandling
1103 591 85 27 utan
1213 589 167 35 konkurs,
1405 591 260 36 utmätningsed
1690 592 90 28 samt

297 639 226 37 gäldenärsed
542 640 88 30 efter
647 641 142 31 kallelse
815 641 8 29 å
839 641 137 30 okända
993 642 219 36 borgenärer.

343 693 316 30 Bestämmelserna
684 703 56 20 om
766 694 106 29 straff
898 694 54 29 för
977 695 134 33 mened,
1137 695 108 30 falskt
1271 695 68 30 åtal
1364 696 63 29 och
1453 705 116 21 annan
1595 706 111 20 osann
1731 699 51 28 ut-

299 754 83 29 saga
401 746 192 30 återfinnes
614 748 9 28 i
646 747 37 29 15
703 747 78 37 kap.
801 747 251 30 brottsbalken.
1071 748 66 29 Om
1157 749 112 36 någon
1289 750 109 29 under
1418 750 75 36 laga
1512 751 39 29 ed
1571 750 82 30 eller
1671 751 110 28 under

298 799 198 35 försäkran,
526 809 75 20 som
631 801 136 36 avgives
796 803 9 28 i
834 801 59 29 eds
923 802 109 33 ställe,
1062 802 136 29 lämnar
1225 811 110 20 osann
1363 803 138 36 uppgift
1528 804 82 29 eller
1639 803 143 37 förtiger

297 854 205 36 sanningen,
528 854 89 29 skall
645 854 68 29 han
740 855 120 29 dömas
887 854 54 29 för
966 856 121 28 mened
1114 855 51 29 till
1192 855 153 37 fängelse
1369 857 8 28 i
1403 857 100 36 högst
1528 857 78 37 fyra
1630 857 48 29 år.
1704 857 76 29 Sär-

296 906 115 29 skilda
432 906 227 30 straffskalor
681 907 94 29 finns
798 907 54 30 för
875 909 57 29 det
953 907 61 30 fall
1037 910 50 27 att
1109 909 129 31 brottet
1260 910 38 28 är
1320 909 97 37 ringa
1440 910 82 29 eller
1543 912 99 34 grovt
1670 910 33 34 (1
1731 910 49 34 8).

300 959 108 37 Begår
432 959 113 37 någon
571 969 41 20 av
637 968 82 29 grov
743 960 220 30 oaktsamhet
986 961 157 37 gärning,
1167 970 74 20 som
1265 962 9 28 i
1301 962 11 28 1
1341 961 14 34 8
1381 964 88 35 sägs,
1493 963 118 29 dömes
1634 963 68 29 han
1727 962 54 30 för

295 1022 161 20 ovarsam
477 1015 124 35 utsaga
623 1014 51 29 till
696 1014 96 30 böter
814 1015 83 29 eller
918 1014 154 37 fängelse
1092 1015 12 29 i
1125 1015 102 37 högst
1249 1024 57 20 sex
1328 1016 166 30 månader
1521 1016 36 34 (3
1582 1016 49 35 8).

884 1165 52 32 Ur
957 1166 236 32 förarbetena

339 1244 439 37 Processlagberedningen
803 1246 155 29 uttalade
981 1247 10 28 i
1015 1246 131 37 förslag
1168 1247 52 29 till
1244 1246 282 37 rättegångsbalk
1554 1246 101 34 (SOU
1680 1246 97 30 1938:

297 1297 40 29 44
356 1307 26 21 s.
401 1297 79 35 396)
504 1298 169 37 följande.

341 1377 12 29 I
379 1377 109 31 likhet
511 1379 79 29 med
614 1379 65 29 vad
703 1378 54 30 för
780 1379 219 31 närvarande
1021 1380 107 36 gäller
1152 1388 101 28 synes
1277 1380 108 29 vittne
1407 1380 10 29 i
1439 1380 89 36 regel
1552 1380 84 29 böra
1659 1380 119 37 avgiva

296 1422 54 29 sin
375 1423 123 36 utsaga
523 1423 111 30 under
659 1423 51 31 ed.
735 1423 91 30 Även
850 1433 57 20 om
932 1424 84 30 eden
1041 1424 75 30 icke
1141 1424 117 37 längre
1281 1424 64 29 har
1369 1433 133 21 samma
1526 1425 176 36 betydelse
1726 1424 53 30 för

296 1467 236 37 inskärpande
552 1477 42 20 av
612 1468 127 30 vittnes
759 1468 259 37 sanningsplikt
1037 1477 75 21 som
1131 1469 65 30 den
1215 1469 145 36 tidigare
1379 1470 66 36 ägt,
1464 1469 113 30 skulle
1594 1470 89 29 dock
1701 1470 77 29 dess

295 1511 232 31 avskaffande
554 1513 141 30 minska
721 1513 269 37 möjligheterna
1016 1515 50 28 att
1093 1513 132 31 erhålla
1251 1513 156 38 pålitliga
1433 1514 344 30 vittnesberättelser.

295 1556 39 37 Ej
365 1556 109 31 heller
502 1566 103 28 synes
633 1558 188 37 tillräcklig
848 1558 188 37 anledning
1063 1557 167 38 föreligga
1258 1561 50 27 att
1334 1559 122 36 utbyta
1483 1560 66 29 den
1576 1559 203 30 nuvarande

294 1601 202 35 löfteseden,
526 1611 76 20 som
632 1603 157 36 avlägges
819 1602 75 31 före
922 1603 246 35 vittnesmålet,
1197 1604 72 29 mot
1297 1613 40 20 en
1366 1603 248 37 efterföljande
1640 1603 138 31 bekräf-

295 1646 138 30 telseed.

339 1717 437 38 Processlagberedningen
800 1718 146 31 anförde
968 1720 117 29 vidare
1107 1722 50 28 att
1180 1723 71 27 mot
1274 1720 272 37 formuleringen
1569 1730 41 21 av
1632 1721 65 29 den
1719 1720 57 30 då-

292 1771 153 30 varande
469 1771 217 30 vittneseden
712 1772 110 37 gjorts
847 1772 160 37 gällande
1032 1775 50 28 att
1107 1774 66 29 den
1198 1773 54 29 för
1277 1773 125 37 många
1427 1775 159 36 religiösa
1610 1783 166 28 personer

290 1831 65 29 gav
379 1824 188 37 anledning
591 1825 53 29 till
669 1825 179 37 allvarliga
872 1826 440 37 samvetsbetänkligheter.
1336 1826 71 31 Mot
1430 1828 104 29 edens
1558 1828 133 29 slutord
1717 1827 56 30 »så

292 1879 79 28 sant
395 1877 68 37 mig
486 1877 74 30 Gud
583 1878 120 36 hjälpe
725 1878 51 29 till
801 1879 45 28 liv
867 1879 66 29 och
955 1878 86 37 själ»
1065 1879 90 31 hade
1177 1879 207 30 framställts
1407 1881 65 29 den
1495 1881 278 36 anmärkningen

291 1932 50 28 att
363 1929 41 31 de
425 1930 145 30 innebar
592 1931 83 30 eller
696 1932 10 28 i
726 1931 97 36 varje
844 1931 62 30 fall
928 1932 116 30 kunde
1063 1940 40 29 ge
1124 1933 187 36 anledning
1332 1932 51 31 till
1404 1934 66 29 den
1491 1934 282 37 uppfattningen,

292 1985 50 28 att
363 1984 65 29 den
451 1993 73 20 som
546 1984 122 30 avlade
688 1985 39 30 ed
749 1986 89 29 satte
858 1985 54 29 sin
932 1985 66 36 själ
1019 1986 9 29 i
1047 1988 87 34 pant
1153 1986 75 34 och,
1248 1995 56 20 om
1324 1986 69 29 han
1413 1987 245 31 missbrukade
1677 1989 96 32 eden,

291 2037 126 29 avsade
438 2037 50 36 sig
508 2037 94 30 Guds
623 2037 68 30 nåd
712 2037 54 30 för
786 2038 75 37 evig
880 2038 60 29 tid.
961 2038 76 30 Med
1058 2039 188 37 anledning
1265 2039 108 29 härav
1392 2040 150 37 föreslog
1561 2042 212 36 processlag-

289 2089 234 38 beredningen
544 2100 42 20 en
608 2091 105 36 något
733 2091 133 29 ändrad
888 2091 197 38 avfattning
1105 2101 42 21 av
1166 2092 279 31 edsformuläret.
1466 2093 178 38 Förslaget
1664 2096 10 28 i
1693 2096 80 28 den-

290 2152 45 21 na
357 2143 53 30 del
433 2144 314 30 överensstämmer
769 2145 76 29 med
867 2145 161 36 gällande
1047 2146 80 29 rätt.
1149 2145 74 29 Vad
1243 2146 107 36 gäller
1371 2146 122 37 frågan
1515 2156 56 21 om
1593 2148 119 37 utbyte
1733 2157 41 21 av

290 2197 40 30 ed
347 2199 73 28 mot
437 2196 187 30 försäkran
642 2197 145 30 anförde
804 2198 435 37 processlagberedningen
1256 2199 166 35 följande.

334 2274 116 38 Enligt
472 2275 38 30 16
527 2275 19 34 $&
568 2276 251 38 förordningen
839 2278 67 29 den
925 2277 39 30 31
984 2278 145 31 oktober
1151 2278 81 30 1873
1252 2279 177 37 angående
1447 2280 221 32 främmande
1686 2284 86 28 tros-

286 2318 201 32 bekännare
514 2320 65 30 och
606 2320 100 31 deras
733 2321 295 39 religionsövning
1054 2322 101 35 skall,
1182 2323 42 30 då
1251 2323 220 32 främmande
1497 2325 275 31 trosbekännare

287 2364 38 29 är
351 2373 43 20 av
418 2364 109 30 sådan
553 2365 86 35 lära,
664 2374 74 22 som
764 2365 30 38 ej
822 2367 189 36 tillstädjer
1035 2367 130 30 honom
1191 2370 50 28 att
1265 2369 142 37 avlägga
1431 2370 51 34 ed,
1507 2370 43 30 då
1574 2371 66 29 den
1665 2371 105 37 enligt

288 2409 54 37 lag
364 2408 188 36 erfordras,
574 2409 126 38 Kungl.
721 2410 105 37 Maj:t
848 2410 178 36 förordna,
1045 2411 93 30 huru
1159 2412 152 31 förfaras
1331 2413 72 31 bör.
1423 2415 13 28 I
1456 2415 112 36 dylikt
1589 2415 73 35 fall,
1681 2416 44 29 bl.
1741 2424 28 20 a.

287 2453 44 30 då
357 2452 100 38 fråga
482 2455 39 29 är
546 2463 57 21 om
629 2455 182 35 vittnesed,
837 2455 121 38 plägar
983 2456 125 37 Kungl.
1135 2456 106 38 Maj:t
1266 2457 205 36 föreskriva,
1495 2460 51 29 att
1571 2460 85 30 eden
1682 2460 89 30 skall

287 2498 141 38 utbytas
454 2500 73 29 mot
553 2508 43 21 en
622 2499 168 38 högtidlig
816 2499 188 31 försäkran
1029 2500 45 38 på
1099 2500 106 32 heder
1229 2502 64 29 och
1320 2504 161 29 samvete.
1508 2503 262 38 Förordningen
