1858 2784
357 155 405 40 Bevillningsutskottets
785 154 220 30 belänkande
1026 163 43 20 nr
1091 154 41 30 29
1153 153 39 30 år
1215 153 85 30 1956
1544 152 37 30 15

76 242 144 39 företag,
242 250 75 21 som
336 241 88 30 både
444 240 176 30 tillverkat
638 240 64 29 och
724 239 66 30 sålt
809 248 112 26 varor,
942 238 11 29 i
973 238 118 40 praxis
1111 247 43 20 en
1175 236 243 40 förskjutning
1439 236 52 30 till
1511 236 70 30 för-

76 293 83 30 mån
189 293 55 29 för
274 291 504 39 tillverkningskommunerna
809 290 58 38 ägt
897 298 89 20 rum.
1019 289 112 30 Sedan
1161 287 419 30 huvudkontorsandelen

77 343 214 39 fråndragits
310 343 146 39 plägade
477 342 57 30 två
552 341 210 39 tredjedelar
781 349 43 21 av
842 340 202 29 inkomsten
1062 339 169 30 hänföras
1251 338 52 30 till
1323 337 259 40 tillverknings-

77 395 258 29 kommunerna
359 393 65 29 och
448 402 43 20 en
515 391 168 40 tredjedel
709 391 53 29 till
786 390 503 39 försäljningskommunerna.
1316 389 77 29 Med
1418 388 164 40 utgångs-

77 444 114 41 punkt
212 444 80 30 från
314 445 51 28 att
385 443 159 40 gällande
564 442 264 30 bestämmelser
850 441 137 40 syftade
1009 441 52 29 till
1083 442 51 28 att
1154 440 11 29 i
1187 440 199 39 möjligaste
1408 439 82 30 mån
1513 438 69 31 för-

76 496 78 30 dela
178 494 333 31 rörelseinkomsten
536 493 127 30 mellan
689 493 259 29 kommunerna
972 492 88 29 efter
1085 492 66 29 den
1175 490 231 30 ekonomiska
1430 490 153 39 betydel-

78 555 62 21 sen
165 555 42 21 av
233 546 68 29 den
328 545 96 29 inom
450 544 98 39 varje
575 544 171 29 kommun
773 542 169 30 bedrivna
968 542 270 30 verksamheten
1265 541 119 30 kunde
1411 540 171 30 utskottet

77 597 77 29 icke
177 597 111 34 finna,
312 598 51 28 att
386 597 66 29 vad
475 596 10 29 i
510 596 177 29 motionen
711 595 138 30 anförts
872 594 119 30 kunde
1015 594 124 39 utgöra
1163 593 76 29 skäl
1263 593 56 29 för
1342 594 49 28 ett
1415 591 167 40 slopande

78 648 83 29 eller
186 657 43 20 en
256 646 204 40 minskning
486 656 42 20 av
553 645 430 31 huvudkontorsandelen.
1012 644 118 30 Skulle
1156 643 195 30 emellertid
1377 643 67 29 den
1472 642 110 29 större

79 698 123 39 frågan
228 707 58 20 om
311 698 154 29 ändrade
491 697 152 39 grunder
668 696 56 30 för
749 695 200 39 fördelning
975 704 42 20 av
1044 693 287 31 rörelseinkomst
1357 694 80 29 över
1463 692 119 29 huvud

79 750 92 38 taget
195 750 173 38 upptagas
393 748 52 29 till
470 747 240 40 omprövning,
735 746 97 30 bleve
859 745 144 40 givetvis
1029 746 87 29 även
1142 745 123 38 frågan
1292 753 59 20 om
1375 742 208 30 huvudkon-

76 799 242 30 torsandelens
340 799 130 29 storlek
489 798 143 29 aktuell.

124 850 117 39 Enligt
264 849 189 30 utskottets
478 848 140 39 mening
641 848 69 29 kan
735 857 82 20 man
841 847 76 29 icke
941 847 116 29 bortse
1081 846 80 30 från
1185 848 50 27 att
1259 846 68 29 den
1349 843 234 34 verksamhet,

79 909 74 20 som
179 900 123 29 utövas
328 900 56 29 vid
412 901 47 27 ett
485 897 299 31 rörelsedrivande
810 897 153 39 företags
988 896 260 33 huvudkontor,
1276 897 38 28 är
1340 904 42 21 av
1405 894 176 41 betydelse

79 951 56 30 för
157 951 172 29 rörelsens
352 950 157 29 resultat.
533 949 13 30 I
569 948 348 31 överensstämmelse
941 948 79 29 med
1043 947 68 29 den
1134 946 52 30 till
1209 946 114 39 grund
1346 945 55 30 för
1424 944 160 40 gällande

79 1001 221 40 lagstiftning
328 1001 159 39 liggande
514 999 192 40 principen,
735 1001 50 27 att
812 999 157 28 inkomst
996 1006 43 21 av
1065 1006 43 20 en
1135 997 96 29 inom
1259 996 88 29 flera
1374 996 210 28 kommuner

79 1052 166 30 bedriven
266 1052 129 29 rörelse
417 1051 88 29 skall
526 1050 152 30 fördelas
699 1050 129 29 mellan
850 1049 41 29 de
912 1048 94 29 olika
1028 1048 268 33 kommunerna,
1318 1047 62 29 bör
1401 1045 120 31 därför
1542 1054 43 20 en

81 1103 56 29 del
156 1112 42 19 av
217 1102 201 29 inkomsten
438 1101 178 30 beskattas
637 1100 97 29 inom
754 1100 67 30 den
843 1100 182 34 kommun,
1047 1099 62 29 där
1129 1098 286 29 huvudkontoret
1436 1098 37 28 är
1494 1096 92 29 belä-

80 1155 65 38 get,
167 1153 129 29 likaväl
318 1161 75 20 som
414 1154 22 29 t,
458 1161 51 20 ex.
531 1151 198 39 fördelning
750 1159 42 21 av
813 1149 362 39 beskattningsrätten
1196 1148 53 29 till
1271 1149 49 28 ett
1341 1146 244 31 industriföre-

81 1206 76 37 tags
180 1204 157 28 inkomst
359 1203 62 29 bör
446 1202 59 29 ske
530 1202 127 29 mellan
681 1202 67 29 den
771 1201 182 33 kommun,
978 1200 63 29 där
1065 1198 225 39 tillverkning
1315 1198 89 35 sker,
1429 1197 65 29 och
1518 1197 67 29 den

81 1255 170 29 kommun
272 1254 63 29 där
355 1252 365 40 försäljningsarbetet
740 1251 169 30 bedrives.
930 1251 65 29 Det
1017 1250 106 39 sagda
1143 1249 107 40 gäller
1270 1248 90 31 dock
1380 1248 123 30 endast
1523 1256 63 20 un-

82 1306 60 29 der
160 1306 67 28 den
246 1303 309 40 förutsättningen,
575 1305 50 27 att
643 1302 270 30 förhållandena
933 1303 38 28 är
991 1301 132 29 sådana
1142 1302 50 27 att
1211 1299 285 30 huvudkontoret
1516 1298 70 29 kan

80 1356 188 29 betecknas
290 1355 117 29 såsom
428 1354 70 29 fast
519 1353 198 30 driftställe.
740 1353 74 29 Vad
835 1352 11 29 i
867 1351 221 30 motionerna
1110 1351 136 29 anförts
1268 1350 64 29 har
1353 1349 76 29 icke
1452 1350 133 37 överty-

82 1408 57 37 gat
158 1406 172 29 utskottet
349 1414 58 20 om
428 1406 49 28 att
497 1405 56 29 det
576 1404 111 28 skulle
708 1412 83 20 vara
812 1402 186 38 berättigat
1020 1403 51 27 att
1093 1401 96 39 slopa
1210 1399 376 30 huvudkontorsande-

84 1458 65 28 len.

128 1507 64 29 Det
211 1506 107 39 ligger
336 1505 193 30 emellertid
547 1505 10 28 i
577 1504 126 29 sakens
722 1505 105 27 natur
846 1505 51 27 att
915 1503 58 29 det
991 1502 74 29 ofta
1084 1503 38 28 är
1142 1501 93 30 svårt
1256 1502 50 28 att
1326 1500 173 29 fastställa
1520 1499 67 29 hur

84 1560 72 27 stor
174 1557 54 29 del
246 1566 42 19 av
306 1557 67 28 den
391 1556 107 29 totala
515 1555 211 33 inkomsten,
746 1563 75 20 som
840 1554 62 29 bör
920 1552 169 30 hänföras
1109 1552 50 29 till
1180 1552 66 29 den
1264 1551 58 29 vid
1341 1550 246 29 huvudkonto-

81 1610 52 27 ret
151 1607 167 30 bedrivna
335 1606 278 30 verksamheten.
633 1604 148 31 Särskilt
799 1604 107 39 gäller
924 1604 95 29 detta
1037 1611 56 21 om
1113 1603 113 29 denna
1244 1601 224 29 verksamhet
1487 1609 99 21 avser

83 1657 249 41 planläggning
350 1658 44 38 på
412 1657 118 39 längre
550 1656 68 29 sikt
636 1657 44 28 än
698 1656 55 29 för
771 1656 57 28 det
847 1654 154 29 aktuella
1019 1653 330 38 beskattningsåret.
1369 1652 65 29 Det
1453 1653 37 28 är
1510 1651 77 29 där-

84 1710 55 29 för
163 1709 106 38 enligt
294 1708 188 29 utskottets
508 1706 140 39 mening
671 1706 11 29 i
706 1706 92 39 regel
823 1704 158 40 lämpligt
1007 1713 57 20 om
1088 1702 418 30 huvudkontorsandelen
1531 1701 56 29 be-

86 1761 166 28 slämmes
267 1758 53 30 till
337 1760 49 27 ett
403 1758 54 30 för
473 1758 87 29 flera
577 1757 38 30 år
630 1757 11 28 i
657 1758 93 37 taget
766 1756 160 39 gällande
943 1754 205 40 procenttal.
1167 1754 77 29 Med
1261 1754 137 38 hänsyn
1416 1752 51 29 till
1485 1752 103 29 önsk-

84 1810 192 29 värdheten
300 1811 50 26 att
373 1808 155 29 undvika
552 1807 148 38 onödiga
724 1805 300 39 taxeringstvister
1049 1805 64 28 och
1138 1806 50 27 att
1212 1803 162 30 förenkla
1399 1802 190 39 taxerings-

86 1860 132 29 arbetet
243 1868 103 30 synes
371 1859 57 29 det
452 1867 81 20 vara
558 1867 42 19 en
625 1857 161 29 rationell
812 1855 149 39 ordning
987 1857 50 26 att
1061 1855 155 38 begagna
1242 1854 50 38 sig
1319 1863 41 19 av
1384 1863 43 19 en
1451 1853 11 28 i
1489 1853 100 38 lagen

85 1909 157 38 angiven,
261 1908 315 37 scehablonmässigt
592 1907 158 29 bestämd
769 1907 229 38 procentsats,
1015 1904 118 29 vilken
1151 1904 88 29 skall
1260 1904 175 38 tillämpas
1453 1903 43 29 då
1515 1912 71 19 om-

86 1960 285 37 ständigheterna
391 1958 75 29 icke
487 1958 197 29 föranleder
704 1956 51 29 till
777 1958 50 27 att
848 1956 109 29 större
978 1955 102 29 andel
1100 1963 41 20 av
1161 1954 201 29 inkomsten
1383 1953 61 29 bör
1465 1952 124 30 hänfö-

86 2020 56 20 ras
162 2010 51 29 till
234 2009 294 29 huvudkontoret.

132 2061 73 28 Hur
222 2062 72 27 stor
310 2060 66 29 den
395 2059 9 28 i
423 2059 97 38 lagen
539 2058 148 39 angivna
705 2056 405 40 minimiprocentsatsen
1128 2055 88 29 skall
1233 2064 84 20 vara
1336 2056 38 28 är
1390 2063 42 20 en
1450 2053 140 29 bedöm-

87 2110 214 39 ningsfråga,
327 2110 50 29 till
404 2109 117 29 vilken
546 2109 170 28 utskottet
741 2107 76 29 icke
844 2108 44 38 på
914 2106 229 29 förevarande
1170 2105 160 29 material
1356 2106 37 27 är
1419 2104 110 29 berett
1556 2105 33 27 ta

88 2161 175 38 ställning.
289 2160 177 29 Utskottet
491 2159 55 29 får
571 2158 192 30 emellertid
789 2157 116 29 erinra
931 2166 57 19 om
1013 2158 51 27 att
1090 2156 43 29 då
1158 2156 65 29 den
1251 2155 154 38 alltjämt
1431 2154 158 39 gällande

88 2210 298 34 minimiandelen,
413 2210 71 28 fem
509 2210 152 37 procent,
687 2208 157 29 infördes
871 2207 79 29 från
978 2206 88 29 flera
1090 2206 71 29 håll
1189 2205 140 38 gjordes
1356 2205 157 38 gällande
1541 2205 50 28 att

87 2262 66 29 den
173 2270 81 19 vore
276 2260 54 29 för
352 2260 54 38 låg
427 2260 63 28 och
512 2259 105 29 borde
638 2258 214 28 bestämmas
875 2257 50 28 till
948 2256 48 29 tio
1017 2257 153 38 procent.
1193 2255 127 29 Vidare
1343 2255 54 29 får
1419 2254 170 29 utskottet

87 2311 216 30 härutinnan
324 2309 145 30 hänvisa
493 2309 48 28 till
564 2309 56 28 det
641 2307 146 38 tidigare
808 2306 179 39 återgivna
1009 2305 196 29 uttalandet
1226 2314 42 20 av
1289 2304 302 29 kommunalskat-

88 2360 281 38 teberedningen.
389 2360 64 28 Det
472 2367 102 30 synes
595 2358 74 28 icke
688 2356 168 39 föreligga
876 2355 189 38 anledning
1085 2355 51 29 till
1155 2355 197 38 antagande
1371 2356 50 27 att
1440 2354 151 38 betydel-

89 2421 60 20 sen
171 2420 42 20 av
234 2411 66 29 den
321 2410 56 29 vid
400 2409 284 29 huvudkontoret
705 2406 167 30 bedrivna
893 2405 269 30 verksamheten
1185 2405 112 29 under
1320 2413 120 21 senare
1464 2404 48 29 tid
1536 2413 55 20 av-
