1860 2772
453 158 286 30 Statsutskottets
764 159 179 30 utlåtande
965 169 44 20 nr
1033 160 61 30 134
1117 161 39 29 år
1181 161 83 30 1959
1603 164 12 27 1

792 605 60 40 Nr
880 606 73 39 134

341 723 184 30 Utlåtande
552 723 11 30 i
587 723 191 40 anledning
803 733 42 20 av
870 724 127 40 Kungl.
1024 725 125 39 Maj:ts
1174 725 133 40 förslag
1333 735 55 20 om
1415 727 122 39 anslag
1562 727 57 39 för

561 773 203 41 budgetåret
787 775 149 35 1959/60
959 775 52 29 till
1031 775 228 41 avskrivning
1279 786 42 20 av
1342 786 68 30 nya
1432 777 187 39 kapitalin-

559 825 224 39 vesteringar.

1381 895 73 33 (4:e
1473 895 94 34 avd.)

162 1010 12 29 I
198 1009 458 40 statsverkspropositionen
683 1010 131 40 (bilaga
838 1011 56 34 19)
920 1012 65 29 har
1007 1012 126 39 Kungl.
1156 1012 115 40 Maj:t,
1295 1013 111 29 under
1429 1013 190 40 åberopan-

117 1059 41 29 de
178 1069 43 20 av
238 1059 107 40 bilagt
364 1059 126 40 utdrag
509 1069 43 20 av
571 1061 384 39 statsrådsprotokollet
974 1063 81 29 över
1074 1062 275 31 finansärenden
1369 1064 54 29 för
1443 1064 66 29 den
1530 1065 18 29 3
1567 1065 52 39 ja-

117 1109 103 30 nuari
245 1109 93 35 1959,
362 1109 180 40 föreslagit
566 1110 188 40 riksdagen
778 1113 51 30 att
852 1112 52 29 till
928 1113 227 39 avskrivning
1180 1123 41 20 av
1244 1123 68 30 nya
1336 1114 283 40 kapitalinveste-

118 1160 118 39 ringar
255 1159 55 31 för
327 1160 205 39 budgetåret
553 1161 150 36 1959/60
723 1162 121 30 anvisa
863 1163 83 29 eller
963 1163 157 31 beräkna
1138 1165 356 40 reservationsanslag
1514 1166 19 29 å
1552 1166 68 29 till-

117 1210 93 39 hopa
229 1210 63 30 295
307 1210 61 30 329
386 1210 60 30 100
466 1211 141 30 kronor.

163 1261 202 30 Sedermera
383 1261 65 30 har
466 1262 128 39 Kungl.
614 1262 105 40 Maj:t
739 1263 11 29 i
768 1263 264 40 propositionen
1052 1274 42 20 nr
1116 1265 72 36 150,
1208 1266 111 29 under
1338 1266 219 40 åberopande
1578 1277 40 20 av

117 1311 108 39 bilagt
251 1311 125 40 utdrag
402 1321 42 20 av
469 1312 386 40 statsrådsprotokollet
880 1315 81 29 över
987 1315 274 31 finansärenden
1288 1316 55 30 för
1369 1317 66 29 den
1462 1317 41 30 24
1530 1318 88 40 april

121 1361 94 35 1959,
244 1361 164 40 framlagt
436 1362 132 39 förslag
596 1372 58 20 om
681 1363 192 31 anvisande
901 1374 43 20 av
969 1365 95 30 vissa
1091 1366 379 40 avskrivningsanslag,
1498 1369 121 29 varvid

119 1411 137 40 hänsyn
277 1412 104 38 tagits
403 1412 52 29 till
476 1412 43 30 de
541 1412 248 41 förändringar
810 1414 11 29 i
843 1414 221 31 förhållande
1087 1416 52 30 till
1162 1418 456 39 statsverkspropositionen

119 1470 75 20 som
215 1461 173 40 betingats
410 1472 41 19 av
472 1462 41 30 de
535 1462 184 31 definitiva
740 1465 348 39 anslagsäskandena
1110 1471 90 27 samt
1223 1477 41 20 av
1285 1467 131 40 förslag
1437 1477 56 21 om
1515 1471 106 38 ytter-

119 1511 107 39 ligare
264 1511 253 41 investeringar
556 1514 122 29 utöver
717 1514 41 30 de
795 1515 12 29 i
846 1516 458 41 statsverkspropositionen
1331 1518 209 31 beräknade.
1570 1520 51 29 Av

119 1562 126 39 Kungl.
275 1562 105 39 Maj:t
409 1562 52 30 till
490 1563 227 41 avskrivning
746 1574 43 21 av
817 1575 69 30 nya
914 1566 389 41 kapitalinvesteringar
1332 1569 55 30 för
1415 1569 204 39 budgetåret

122 1612 147 35 1959/60
288 1613 129 29 äskade
435 1614 122 40 anslag
575 1614 135 40 uppgår
728 1615 156 31 härefter
901 1616 53 30 till
973 1619 47 28 ett
1040 1617 124 41 belopp
1183 1628 42 20 av
1244 1619 58 29 301
1321 1619 63 30 424
1400 1619 60 30 100
1480 1621 139 29 kronor.

166 1730 185 29 Utskottet.
375 1730 115 40 Enligt
513 1731 127 40 Kungl.
664 1733 123 39 Maj:ts
810 1733 132 40 förslag
964 1734 178 32 erfordras
1165 1736 52 30 till
1240 1738 225 39 avskrivning
1489 1749 41 19 av
1554 1749 69 29 nya

120 1779 388 41 kapitalinvesteringar
528 1782 112 30 under
659 1782 206 40 budgetåret
887 1785 148 36 1959/60
1057 1787 121 39 anslag
1198 1787 19 29 å
1238 1788 146 39 tillhopa
1404 1788 59 30 301
1480 1788 64 30 424
1561 1789 60 30 100

120 1830 140 29 kronor.
282 1831 416 41 Avskrivningsbeloppet
718 1833 64 30 har
802 1834 189 31 beräknats
1012 1836 10 28 i
1043 1836 152 39 enlighet
1217 1838 78 29 med
1315 1838 125 30 hittills
1461 1840 160 38 gällande

120 1880 153 36 grunder
292 1889 79 20 men
391 1881 78 29 med
488 1881 140 40 hänsyn
647 1885 102 37 tagen
769 1884 53 30 till
841 1887 49 27 ett
909 1885 80 30 från
1009 1885 19 29 4
1048 1886 52 30 till
1120 1887 19 28 4
1156 1887 59 35 1/4
1234 1891 143 36 procent
1399 1889 132 39 förhöjt
1553 1890 69 28 för-

122 1930 272 39 räntningskrav
414 1931 54 30 för
489 1933 132 29 statens
642 1933 254 41 investeringar
915 1935 10 29 i
946 1936 202 30 allmänhet.

166 1980 175 30 Utskottet
359 1999 44 3 —
422 1991 73 21 som
515 1982 194 40 tillstyrker
728 1984 126 40 Kungl.
874 1986 123 39 Maj:ts
1018 1987 130 40 förslag
1167 1997 56 20 om
1243 1989 147 39 höjning
1410 2000 41 19 av
1472 1991 149 30 förränt-

122 2030 225 40 ningskravet
366 2050 43 2 —
428 2032 58 31 vill
507 2034 194 29 emellertid
722 2035 179 40 samtidigt
922 2037 115 29 erinra
1058 2047 56 19 om
1135 2040 50 28 att
1205 2039 197 39 riksdagen,
1424 2041 77 29 med
1522 2041 98 30 bifall

123 2080 51 29 till
193 2081 218 30 motionerna
430 2083 27 29 I:
476 2083 60 30 173
555 2084 64 29 och
638 2085 45 29 II:
699 2084 73 36 441,
791 2086 148 39 avslagit
954 2088 127 38 Kungl.
1101 2088 124 39 Maj:ts
1243 2089 9 29 i
1272 2091 350 40 statsverksproposi-

124 2131 117 29 tionen
260 2131 195 40 framlagda
473 2132 140 41 förslag,
632 2136 51 28 att
701 2134 337 32 fiskerilånefonden
1058 2138 88 30 skall
1165 2139 177 30 överföras
1363 2141 77 29 från
1460 2143 162 38 räntetyp

125 2181 43 28 HI
194 2190 17 19 ce
237 2181 49 29 till
311 2183 160 38 räntetyp
497 2183 23 28 I.
545 2183 104 30 Detta
672 2184 146 30 innebär
842 2185 11 30 i
877 2186 229 31 förevarande
1132 2190 265 39 sammanhang,
1422 2193 49 28 att
1496 2194 47 27 ett
1568 2202 56 19 av-

124 2230 325 40 skrivningsanslag
477 2232 62 29 bör
568 2234 169 38 uppföras
767 2234 55 30 för
851 2237 50 28 att
930 2237 102 29 täcka
1061 2238 67 29 den
1158 2238 360 40 investeringsförlust
1549 2251 73 20 som

125 2280 231 38 uppkommer
385 2281 55 29 vid
470 2291 42 19 en
542 2283 223 39 förräntning
794 2294 42 20 av
864 2285 57 30 det
949 2286 11 29 i
989 2286 130 30 fonden
1148 2289 266 38 nyinvesterade
1443 2287 180 48 kapitalet,

122 2330 63 27 300
201 2330 62 28 000
281 2331 138 34 kronor,
438 2332 77 29 med
533 2333 18 28 3
568 2336 153 36 procent.
740 2334 230 40 Erforderligt
988 2338 122 40 anslag
1129 2338 50 29 till
1197 2340 225 38 avskrivning
1440 2350 41 19 av
1500 2343 122 28 nämn-

122 2379 42 28 da
185 2379 210 40 investering
413 2382 133 38 uppgår
564 2383 50 29 till
635 2383 62 30 240
711 2384 62 30 000
792 2385 140 31 kronor.

154 2445 7 25 I
209 2446 111 30 Bihang
338 2447 45 23 till
401 2447 169 30 riksdagens
588 2450 148 28 protokoll
757 2451 102 24 1959.6
875 2455 71 22 saml.
967 2456 39 22 Nr
1027 2454 45 23 134
