2184 2584
702 190 241 32 Statsutskottets
966 189 168 33 Memorial
1156 190 64 32 N:o
1241 192 55 29 26.
1801 191 21 34 5

193 274 155 42 lämpade
387 274 112 41 utdrag
532 273 42 42 af
603 273 81 33 detta
714 274 87 32 verks
835 273 216 41 räkenskaper
1078 272 53 33 för
1166 272 59 32 det
1259 275 76 30 näst
1366 273 204 41 föregående
1603 275 74 31 året
1700 284 122 30 genom

196 326 132 41 trycket
352 324 255 42 offentliggöras
633 325 62 32 och
714 325 106 42 jemte
847 324 169 33 allmänna
1039 323 214 41 tidningarne
1278 323 142 33 utdelas.

961 478 20 38 8
1004 478 50 30 50.

333 578 14 31 I
375 577 90 42 April
501 577 121 32 månad
660 577 115 42 hvarje
800 579 39 30 år
862 580 176 39 upprättas
1066 577 46 31 uti
1137 576 344 42 Riksgäldskontoret
1503 578 99 39 liqvid
1629 578 68 30 med
1723 580 79 29 stats

197 629 101 32 verket
332 628 51 32 för
412 628 57 33 det
492 628 61 32 sist
576 628 158 32 förflutna
758 630 82 30 året.
896 628 43 31 Af
962 628 111 32 denna
1100 628 104 41 liqvid
1228 627 172 33 meddelas
1424 628 121 41 Kongl.
1573 628 249 32 Statskontoret

198 684 121 28 tvenne
344 679 180 42 exemplar,
548 679 120 33 hvaraf
689 678 59 33 det
775 690 75 30 ena,
876 678 82 33 derå
981 679 222 41 Fullmäktige
1228 678 139 33 tecknat
1391 679 58 32 sitt
1473 678 261 42 godkännande,
1760 678 63 33 bör

200 730 177 33 derstädes
415 732 214 39 qvarstanna,
664 732 87 30 samt
786 729 58 33 det
873 729 116 40 andra,
1016 730 103 31 sedan
1145 730 58 32 det
1225 729 108 33 blifvit
1360 729 131 32 försedt
1518 729 77 33 med
1619 729 204 41 anteckning

200 793 53 21 om
274 781 165 41 liqvidens
464 780 248 41 godkännande
737 780 34 33 af
787 781 121 40 Kongl.
935 780 265 39 Statskontoret,
1225 780 64 32 bör
1303 780 50 32 till
1372 779 343 42 Riksgäldskontoret
1734 782 88 30 åter-

199 832 127 39 ställas,
355 832 51 32 för
429 834 50 30 att
502 833 112 31 såsom
637 831 214 33 verifikation
876 831 78 32 dess
978 830 196 33 hufvudbok
1197 830 164 42 biläggas.

464 1197 240 51 Angående
734 1197 227 51 styrelsen
984 1196 77 42 för
1087 1196 470 51 Riksgäldskontoret.

968 1337 19 39 8
1011 1338 49 29 51.

336 1437 252 42 Förvaltningen
626 1437 35 32 af
687 1436 353 41 Riksgäldskontoret,
1074 1436 78 32 dess
1189 1436 109 31 medel
1329 1436 62 31 och
1417 1436 247 41 tillhörigheter
1688 1439 37 28 är
1753 1437 72 31 utaf

202 1488 193 41 Riksdagen
430 1488 195 40 uppdragen
661 1489 35 30 åt
728 1488 54 41 sju
813 1487 217 41 Fullmäktige,
1060 1486 111 32 hvilka
1200 1486 52 32 vid
1285 1487 139 39 lagtima
1447 1486 137 42 riksdag
1608 1491 92 28 utses
1729 1487 9 32 i
1763 1487 64 32 den

203 1539 144 40 ordning
371 1541 36 29 71
432 1541 20 38 8
475 1538 357 40 Riksdagsordningen
857 1538 147 40 stadgar.

341 1589 61 31 Vid
438 1588 239 42 Fullmäktiges
717 1588 302 32 sammankomster
1045 1587 94 42 föres
1172 1588 87 32 ordet
1292 1587 35 32 af
1352 1587 76 39 den,
1458 1598 71 21 som
1565 1588 36 32 af
1634 1588 194 40 Riksdagen

203 1640 107 32 biifvit
334 1640 110 31 dertill
468 1639 138 40 utsedd;
638 1639 253 32 tillkommande
916 1639 222 40 Fullmäktige
1168 1642 49 28 att
1241 1638 115 41 sjelfve
1383 1637 102 33 bland
1515 1639 49 40 sig
1588 1639 87 42 välja
1700 1650 39 21 en
1763 1639 64 31 vice

206 1688 204 44 Ordförande
437 1693 49 29 att
509 1690 72 32 föra
610 1690 108 39 ordet,
743 1693 61 29 när
827 1689 121 32 hinder
971 1689 52 32 för
1047 1688 234 33 Ordföranden
1305 1688 162 32 inträffar.

966 1810 20 38 8
1014 1809 49 30 52.

335 1892 227 41 Uppkommer
595 1891 152 42 ledighet
780 1891 104 33 bland
909 1891 232 41 Fullmäktige,
1171 1891 151 32 inträder
1349 1890 170 41 suppleant
1543 1891 105 41 enligt
1670 1891 35 31 af
1726 1891 95 32 Riks-

205 1943 110 41 dagen
339 1943 155 32 bestämd
520 1942 152 41 ordning.

971 2063 19 38 8
1013 2063 50 29 53.

339 2137 46 39 Är
409 2144 168 42 Styrelsen
604 2145 27 41 ej
662 2145 38 31 så
722 2144 154 41 fulltalig,
902 2156 71 21 som
997 2145 51 32 för
1071 2144 130 33 besluts
1226 2144 153 32 fattande
1406 2143 183 40 erfordras,
1615 2144 104 41 enligt
1742 2144 86 33 hvad

205 2196 61 32 här
290 2196 110 32 nedan
429 2194 222 42 föreskrifves,
678 2206 79 30 eger
780 2195 241 43 Fullmäktiges
1046 2195 208 34 Ordförande
1279 2198 49 30 att
1350 2193 127 34 inkalla
1501 2194 214 42 erforderligt
1739 2195 92 33 antal

201 2247 210 44 suppleanter,
