2203 2669
401 154 38 31 10
949 157 223 40 Lagutskottets
1194 163 149 29 utlåtande
1366 159 53 33 Nr
1436 165 27 28 8.

397 234 57 38 W.
475 235 151 51 Thyrén
654 237 13 35 i
695 237 64 37 sitt
787 237 95 39 efter
901 239 171 50 uppdrag
1091 239 40 38 af
1149 240 135 50 Kungl.
1305 241 107 50 Maj:t
1431 242 72 37 den
1523 244 46 35 24
1588 244 151 49 januari
1754 248 94 35 1910
1867 246 145 51 afgifna

395 287 233 49 betänkande
673 289 158 37 rörande
871 291 237 49 principerna
1147 292 58 37 för
1245 306 46 23 en
1331 293 328 51 strafflagsreform
1699 296 217 47 framhållit,
1958 304 53 31 att

397 345 158 44 gränsen
583 343 116 47 uppåt
725 340 60 37 för
812 341 258 50 medgifvande
1098 342 40 37 af
1162 344 188 50 villkorlig
1377 345 86 37 dom
1490 359 165 33 numera,
1684 348 113 37 sedan
1823 350 188 37 institutet

397 389 125 38 blifvit
549 391 174 49 pröfvadt
751 394 11 34 i
791 394 132 36 svensk
949 400 76 31 rätt
1052 395 69 36 och
1148 396 13 35 i
1189 395 62 37 det
1278 396 82 36 hela
1387 397 59 36 väl
1473 397 135 37 bestått
1632 399 155 49 profvet,
1807 401 202 49 lämpligen

397 447 125 44 syntes
550 443 127 36 kunna
705 448 112 32 sättas
845 445 59 36 till
932 450 52 31 ett
1012 449 58 34 års
1095 445 250 46 frihetsstraff,
1366 454 89 30 utan
1476 454 53 31 att
1549 449 108 37 däraf
1672 455 122 44 någon
1813 453 196 48 olägenhet

395 506 86 24 vore
509 499 54 31 att
590 494 137 46 befara,
757 494 57 38 för
842 499 38 33 så
906 496 79 37 vidt
1011 498 286 49 tillämpningen
1324 500 232 37 inskränktes
1574 502 58 35 till
1651 503 90 36 akut
1759 503 249 50 brottslighet.

496 545 16 36 I
548 546 116 36 likhet
702 546 84 37 med
813 549 231 36 motionären
1073 562 106 24 anser
1206 549 108 38 äfven
1341 551 244 48 lagutskottet
1613 552 120 38 denna
1761 554 104 50 fråga
1891 557 119 49 lämp-

395 597 102 48 ligen
524 597 90 36 böra
641 598 151 37 utredas
820 600 12 34 i
860 600 178 36 samband
1065 601 85 36 med
1178 600 70 37 den
1275 601 41 37 af
1339 602 209 50 Riksdagen
1574 606 13 34 i
1618 607 93 35 1908
1740 609 58 33 års
1817 606 192 38 skrifvelse

395 647 163 50 begärda
581 647 328 53 undersökningen
934 652 188 48 angående
1142 652 194 37 införande
1356 653 40 36 af
1412 654 421 51 öfvervakningssystem
1853 659 156 36 rörande

395 700 205 47 villkorligt
627 700 144 36 dömda.

498 750 85 36 Med
611 750 83 36 stöd
721 750 41 37 af
786 752 96 36 hvad
910 753 154 37 sålunda
1092 753 152 45 anförts,
1273 754 58 37 får
1358 756 181 37 utskottet
1567 757 205 45 hemställa,

898 826 53 31 att
983 821 212 50 Riksdagen
1224 824 13 34 i
1265 824 203 50 anledning
1494 825 40 36 af
1558 825 279 50 ifrågavarande
1865 830 142 35 motion

796 875 112 33 måtte
943 874 13 34 i
992 872 191 38 skrifvelse
1210 875 58 35 till
1295 875 136 48 Kungl.
1461 876 105 49 Maj:t
1593 878 156 44 anhålla,
1778 878 62 37 det
1866 880 140 36 täcktes

797 923 136 49 Kungl.
970 924 115 49 Maj:t,
1129 925 6 36 i
1172 925 178 37 samband
1377 927 85 36 med
1488 926 72 39 den
1588 929 201 49 utredning
1816 932 190 47 angående

795 974 267 51 öfvervakning
1102 976 40 37 af
1179 977 207 50 villkorligt
1426 978 144 46 dömda,
1607 980 152 37 hvarom
1794 981 212 50 Riksdagen

796 1025 101 37 förut
924 1028 100 47 gjort
1051 1027 287 51 framställning,
1368 1034 85 45 taga
1475 1031 13 35 i
1511 1030 281 50 öfvervägande,
1821 1033 186 38 huruvida

796 1078 69 36 och
892 1079 13 34 i
933 1078 98 36 hvad
1058 1083 87 32 mån
1173 1081 186 35 institutet
1387 1082 186 49 villkorlig
1600 1082 192 38 straffdom
1816 1088 59 33 må
1893 1086 112 35 vinna

795 1129 241 50 tillämpning
1069 1130 138 49 jämväl
1243 1134 47 46 på
1317 1145 184 35 personer,
1531 1146 78 24 som
1637 1134 126 37 dömas
1791 1136 57 36 till
1875 1137 129 47 längre

795 1179 74 36 tids
910 1181 244 36 frihetsstraff
1191 1189 46 28 än
1279 1182 232 37 straffarbete
1550 1185 13 35 i
1604 1190 56 31 tre
1699 1185 176 37 månader
1915 1187 90 37 eller

795 1229 166 50 fängelse
988 1232 13 35 i
1029 1244 62 24 sex
1129 1233 185 44 månader,
1352 1239 96 31 samt
1475 1233 58 38 för
1559 1234 212 51 Riksdagen
1799 1236 205 51 framlägga

794 1280 62 37 det
896 1281 149 50 förslag,
1089 1283 149 36 hvartill
1279 1284 100 36 detta
1414 1283 269 51 öfvervägande
1710 1287 71 36 kan
1809 1287 102 49 gifva
1938 1302 65 23 an-

795 1332 164 49 ledning.

489 1413 213 39 Stockholm
731 1416 69 37 den
831 1419 20 34 6
880 1415 164 39 februari
1076 1420 105 36 1912.

928 1518 53 37 På
1007 1521 265 48 lagutskottets
1299 1517 152 58 vägnar:

1007 1603 167 39 JOHAN
1201 1590 174 53 WIDEN.

1058 1841 269 39 Reservation

387 1889 41 37 af
453 1891 86 36 herr
567 1890 183 38 Stendahl.

482 2069 140 37 Herrar
658 2070 47 49 af
734 2069 196 38 Ekenstam
966 2073 69 35 och
1071 2072 188 37 Petersson
1300 2075 12 35 i
1353 2074 158 50 Lidingö
1538 2077 170 37 villastad
1736 2078 107 36 hafva
1870 2079 131 49 begärt

381 2118 39 37 få
447 2120 238 45 antecknadt,
714 2126 53 32 att
794 2121 45 37 de
867 2123 78 36 icke
973 2122 156 50 deltagit
1156 2124 12 36 i
1196 2125 100 36 detta
1323 2126 153 36 ärendes
1503 2127 238 50 behandling.

776 2253 161 33 Stockholm,
956 2255 62 26 Ivar
1034 2255 178 34 Heeggströms
1230 2257 171 33 Boktryckeri
1445 2277 7 7 A.
1470 2259 39 32 B.,
1527 2259 73 27 1912.
