1852 2770
289 152 19 29 4
603 151 118 30 Andra
738 152 244 36 lagutskottets
999 151 179 31 utlåtande
1194 161 42 20 nr
1250 152 41 29 35
1307 151 38 30 år
1363 152 82 29 1965

289 241 190 30 emellertid
495 241 225 37 otillräckligt
737 241 106 29 redan
860 241 109 29 under
985 240 38 29 år
1040 240 83 30 1964
1139 241 78 28 med
1233 240 136 37 hänsyn
1386 240 50 29 till
1452 240 65 29 vad
1534 249 74 20 som
1624 240 68 29 kan
1708 248 60 20 an-

290 288 93 35 tagas
399 295 56 20 om
473 285 141 29 fortsatt
628 284 477 38 penningvärdeförändring.

333 385 64 28 Det
420 384 61 29 bör
503 383 190 30 emellertid
717 383 89 37 ånyo
829 383 230 33 konstateras,
1081 384 50 28 att
1152 391 56 20 om
1231 382 41 29 de
1292 382 159 36 gällande
1472 380 255 37 barnbidragen
1750 380 19 29 å

290 428 61 30 550
373 429 50 29 kr.
446 428 71 29 inte
537 428 87 29 skall
645 435 124 30 genom
790 427 289 30 skattereformen
1102 426 207 30 »urholkas»
1331 426 41 29 de
1391 426 111 29 måste
1521 425 38 29 år
1580 424 83 30 1966
1683 433 85 28 upp-

292 473 125 29 räknas
438 473 77 29 med
535 482 48 20 ca.
604 471 41 30 80
665 472 51 29 kr.
737 472 63 29 och
820 471 37 30 år
879 471 82 30 1970
980 472 77 29 med
1075 471 202 37 ytterligare
1294 470 40 29 20
1353 470 51 31 kr.
1423 469 92 30 även
1535 470 76 29 med
1631 470 137 36 hänsyn

292 517 48 29 till
361 518 63 28 den
445 517 106 29 sedan
571 516 37 30 år
628 516 81 30 1961
729 534 44 3 —
790 516 43 29 då
850 516 166 37 bidragen
1034 515 215 30 fastställdes
1266 515 51 29 till
1337 514 61 30 550
1419 514 50 31 kr.
1487 531 43 3 —
1548 513 221 37 fortlöpande

290 560 518 38 penningvärdeförsämringen
826 560 110 30 måste
954 569 41 20 en
1013 559 223 38 uppräkning
1253 559 70 34 ske,
1341 559 175 37 nämligen
1533 558 38 30 år
1591 557 83 30 1966
1692 558 75 29 med

290 615 39 20 ca
349 605 40 30 80
412 606 50 29 kr.
483 605 64 30 och
568 605 38 30 år
628 604 83 30 1970
733 605 75 29 med
828 604 200 38 ytterligare
1047 604 40 29 50
1107 604 52 30 kr.
1179 603 209 37 Härigenom
1408 603 113 29 skulle
1541 602 104 30 likväl
1667 602 101 36 ingen

291 650 78 29 reell
393 649 209 37 förbättring
621 649 46 29 ha
687 649 161 30 lämnats.
869 649 102 29 Detta
990 649 152 36 betyder,
1163 649 51 28 att
1233 657 42 20 en
1295 647 71 29 inte
1384 647 174 37 obetydlig
1578 647 51 29 del
1652 655 41 21 av
1712 647 57 28 det

290 694 213 37 tillgängliga
522 695 191 35 utrymmet
730 693 54 30 för
802 694 111 29 stödet
931 693 34 30 åt
982 692 292 37 barnfamiljerna
1292 691 273 37 uppenbarligen
1582 691 112 30 måste
1712 700 57 20 an-

290 739 129 29 vändas
436 738 54 30 för
504 738 147 37 höjning
666 747 42 21 av
721 737 266 38 barnbidragen.

335 783 50 28 En
404 781 444 38 perspektivförskjutning
864 781 156 30 inträder
1037 781 107 29 sedan
1162 781 55 29 vid
1239 780 82 29 1964
1340 780 56 30 års
1415 780 140 37 riksdag
1573 779 114 30 beslut
1705 779 65 29 fat-

290 828 68 28 tats
377 836 57 20 om
453 826 147 37 höjning
619 835 41 20 av
678 825 247 37 barnbidraget
943 826 76 29 med
1041 825 59 30 150
1120 825 51 29 kr.
1190 824 209 37 Härigenom
1418 824 194 30 återställes
1631 823 31 37 ej
1683 823 87 29 blott

291 871 262 37 barnbidragets
569 871 106 29 värde
694 879 42 21 av
753 869 38 30 år
812 869 92 35 1961,
924 870 43 29 då
985 870 56 29 det
1058 872 117 28 senast
1193 869 210 37 justerades;
1424 869 86 29 även
1528 877 42 21 en
1588 868 182 29 standard-

292 915 208 38 förbättring
515 916 9 28 i
540 915 344 36 storleksordningen
901 914 61 30 100
977 914 50 30 kr.
1040 915 91 29 sker.

335 1013 120 29 Såsom
480 1013 105 29 redan
608 1012 254 30 förutskickats
884 1012 64 29 har
972 1011 230 37 utredningen
1225 1010 95 30 ställt
1341 1010 51 37 sig
1414 1009 186 30 avvisande
1623 1010 50 28 till
1695 1011 76 27 tan-

292 1058 65 28 ken
377 1058 51 28 att
448 1057 113 29 införa
581 1057 219 36 barnavdrag
818 1056 65 30 och
904 1056 115 29 finner
1036 1055 109 37 höjda
1163 1055 210 37 barnbidrag
1391 1054 84 30 böra
1495 1054 168 30 föredras.
1681 1053 89 29 Tidi-

291 1108 80 30 gare
391 1101 65 29 har
477 1101 147 37 angivits
647 1102 51 29 att
718 1101 57 29 det
796 1101 112 29 ökade
927 1101 112 29 stödet
1060 1100 51 29 till
1132 1098 292 37 barnfamiljerna
1447 1099 139 36 medger
1606 1098 166 37 generellt

290 1146 180 29 bestämda
484 1145 211 37 barnbidrag
710 1145 38 29 år
764 1143 81 31 1970
861 1145 19 29 å
896 1145 14 28 1
928 1144 62 30 200
1005 1144 51 29 kr.

335 1189 235 37 Utredningen
591 1189 130 29 önskar
742 1189 190 29 emellertid
954 1188 149 37 tillägga,
1124 1189 50 29 att
1194 1188 86 29 även
1299 1188 94 29 detta
1413 1188 38 28 är
1470 1188 48 28 ett
1537 1186 152 34 område,
1708 1186 64 29 där

292 1234 75 29 med
387 1234 243 37 utvecklingen
648 1233 233 30 bedömandet
897 1233 68 29 kan
983 1232 124 30 utfalla
1126 1232 230 30 annorlunda.
1374 1232 50 28 En
1445 1231 142 30 fortsatt
1601 1231 171 29 inkomst-

291 1278 199 37 utjämning
517 1278 64 29 och
608 1277 381 37 standardförbättring
1016 1277 67 29 kan
1111 1276 158 30 medföra
1295 1277 49 29 att
1371 1275 304 37 invändningarna
1701 1276 72 28 mot

290 1322 218 37 barnavdrag
524 1322 148 30 förlorar
685 1323 12 28 i
711 1323 118 36 tyngd.

335 1393 64 29 Vid
418 1393 199 29 diskussion
636 1402 40 20 av
695 1393 122 37 frågan
834 1402 56 20 om
907 1392 275 37 indexreglering
1199 1401 40 21 av
1256 1392 254 37 grundavdrag,
1527 1392 245 33 skatteskalor,

293 1446 286 37 förvärvsavdrag
594 1447 63 29 och
672 1446 213 37 barnbidrag
900 1446 101 29 anför
1016 1446 232 37 utredningen
1262 1445 43 30 bl.
1321 1455 28 20 a.

338 1518 9 28 I
372 1518 56 29 det
451 1518 105 36 sagda
580 1517 104 37 ligger
707 1518 51 29 att
779 1516 229 38 utredningen
1030 1517 131 29 uttalar
1182 1517 53 29 sin
1257 1516 218 37 principiella
1497 1516 203 37 anslutning
1721 1517 50 29 till

295 1563 125 29 tanken
446 1564 51 27 att
521 1562 114 29 införa
659 1571 41 20 en
725 1561 274 37 indexreglering
1024 1561 8 28 i
1056 1562 166 36 systemet
1245 1560 54 30 för
1321 1561 114 29 direkt
1457 1560 234 37 beskattning.
1716 1561 58 29 Ett

293 1606 110 31 utfört
426 1606 129 37 förslag
578 1607 9 28 i
610 1607 114 28 denna
747 1606 155 37 riktning
924 1606 122 29 kräver
1068 1605 192 30 emellertid
1281 1614 73 21 mer
1375 1605 169 37 ingående
1565 1606 208 36 övervägan-

294 1652 63 28 den
379 1651 43 29 än
444 1652 65 28 vad
531 1651 231 36 utredningen
783 1651 9 28 i
812 1651 94 29 detta
925 1650 221 30 betänkande
1165 1650 136 29 kunnat
1321 1650 167 30 redovisa.
1509 1649 102 30 Vilka
1631 1650 143 36 kompo-

293 1697 120 28 nenter
430 1695 11 29 i
460 1697 165 35 systemet
643 1704 74 20 som
735 1695 62 29 bör
814 1695 254 37 indexregleras
1086 1694 110 30 måste
1212 1694 148 30 sålunda
1378 1695 161 29 närmare
1556 1695 136 36 prövas.
1709 1694 66 30 Det

293 1741 37 28 är
347 1740 133 29 kanske
493 1740 108 29 heller
616 1740 73 29 inte
703 1740 84 29 utan
802 1740 118 29 vidare
933 1739 91 37 givet
1038 1741 50 28 att
1103 1738 221 38 anknytning
1337 1738 258 38 genomgående
1609 1739 88 30 skall
1713 1739 61 29 ske

295 1784 219 30 uteslutande
533 1785 53 28 till
609 1783 401 37 konsumentprisindex.
1030 1784 65 29 Det
1115 1784 69 28 kan
1203 1785 25 29 t.
1249 1792 49 21 ex.
1316 1784 135 29 erinras
1471 1792 56 20 om
1548 1783 225 37 synpunkten

294 1830 50 28 att
362 1828 245 38 barnbidraget
626 1828 107 30 borde
751 1829 173 36 anknytas
943 1828 50 29 till
1013 1837 42 20 en
1074 1827 134 30 fixerad
1227 1828 99 29 andel
1346 1837 40 20 av
1403 1827 271 37 barnfamiljens
1693 1827 81 30 hus-

292 1872 230 37 hållsbudget,
553 1873 236 29 innebärande
819 1872 101 30 alltså
950 1873 48 29 ett
1025 1872 86 29 visst
1141 1872 88 30 mått
1258 1881 40 20 av
1327 1872 236 37 kontinuerlig
1592 1872 183 30 standard-

294 1916 219 38 förbättring.
539 1917 50 29 En
616 1916 168 37 ingående
808 1916 121 37 analys
954 1925 40 20 av
1018 1916 77 30 hela
1119 1916 94 30 detta
1237 1916 260 37 frågekomplex
1521 1916 111 30 måste
1656 1916 118 37 föregå

293 1962 48 28 ett
371 1961 124 34 beslut,
526 1961 119 29 därvid
678 1962 86 28 även
795 1960 160 31 tekniska
985 1961 64 29 och
1080 1960 279 30 administrativa
1389 1961 162 36 aspekter
1579 1960 112 30 måste
1718 1960 57 30 ob-

292 2014 165 21 serveras.

336 2076 74 29 Den
433 2076 41 29 26
497 2076 153 29 februari
676 2076 81 29 1965
780 2076 110 29 beslöt
912 2076 123 37 Kungl.
1058 2075 106 37 Maj:t
1185 2077 51 29 att
1254 2075 188 30 verkställa
1465 2075 186 37 utredning
1672 2075 102 35 angå-

295 2129 83 31 ende
398 2129 203 30 samhällets
622 2129 227 30 ekonomiska
869 2129 78 30 stöd
965 2129 35 29 åt
1019 2128 302 37 barnfamiljerna.
1342 2129 11 28 I
1373 2129 193 29 direktiven
1588 2129 53 29 för
1660 2129 115 29 utred-

295 2182 124 37 ningen
436 2183 102 29 anför
553 2183 252 37 föredragande
820 2183 187 29 statsrådet
1020 2183 44 29 bl.
1081 2192 28 20 a.

339 2253 66 30 För
433 2254 217 36 fullgörande
677 2263 41 20 av
745 2254 59 29 sitt
830 2253 217 30 omfattande
1074 2253 157 36 uppdrag
1257 2252 60 30 bör
1344 2254 39 28 de
1409 2252 221 37 sakkunniga
1657 2252 117 29 skaffa

295 2298 50 36 sig
368 2307 41 20 en
432 2299 64 36 god
519 2298 174 29 överblick
715 2299 80 28 över
818 2297 212 37 förefintliga
1053 2297 211 29 stödformer
1284 2297 64 29 och
1369 2298 100 29 deras
1492 2297 120 31 effekt,
1634 2297 141 28 studera

295 2342 65 29 den
386 2342 162 30 inbördes
575 2343 236 36 avvägningen
838 2342 63 29 och
928 2343 105 35 pröva
1060 2341 145 30 behovet
1231 2351 39 20 av
1296 2342 148 36 ändring
1469 2342 81 29 eller
1576 2341 198 36 utbyggnad

296 2396 40 20 av
350 2387 88 30 dem.

339 2430 57 30 Ett
413 2431 127 30 samlat
557 2431 87 29 mått
659 2431 44 36 på
720 2431 202 30 samhällets
938 2430 202 30 nuvarande
1156 2430 240 37 stödåtgärder
1413 2430 55 30 för
1483 2429 294 36 barnfamiljerna

296 2475 37 29 är
354 2475 95 30 svårt
469 2477 50 28 att
539 2483 49 29 ge,
609 2475 166 30 eftersom
795 2476 56 29 det
871 2476 106 36 gäller
997 2475 37 30 så
1053 2474 346 30 inkommensurabla
1419 2474 74 38 ting
1512 2483 74 20 som
1607 2474 169 35 exempel-
