1916 2826
310 162 41 30 14
721 160 295 34 Statsutskottets
1033 161 185 34 utlåtande
1237 162 54 32 Nr
1306 164 72 31 129.

311 239 199 34 stämmelse
530 240 81 33 med
632 239 262 34 föreskrifterna
915 240 10 34 i
945 241 253 33 ovannämnda
1217 241 207 43 kungörelse
1446 242 188 42 begränsas
1656 243 52 33 till
1730 244 64 33 två

310 284 221 42 tredjedelar.

311 373 345 42 Remissyttranden.

356 435 265 34 Statskontoret
637 435 63 33 har
715 435 205 40 framhållit,
938 441 54 29 att
1009 437 12 33 i
1039 437 203 42 anslutning
1259 437 52 34 till
1330 437 60 34 det
1409 450 43 21 av
1473 441 87 31 1937
1579 439 55 33 års
1653 438 141 43 riksdag

308 487 121 43 gjorda
451 488 198 34 uttalandet
670 489 89 33 vissa
782 489 160 42 åtgärder
964 495 116 37 syntes
1103 491 83 33 böra
1208 491 158 42 vidtagas
1388 492 10 32 i
1421 491 89 43 syfte
1533 496 55 29 att
1610 492 187 40 förhindra,

309 546 55 29 att
389 542 41 33 de
454 541 167 34 ordinarie
646 542 278 42 övningslärarna
950 543 156 33 behövde
1131 543 193 34 vidkännas
1350 544 115 34 alltför
1491 545 175 42 allvarliga
1691 546 104 33 rubb-

308 594 121 42 ningar
452 595 10 32 1
488 594 50 34 sin
563 595 157 33 ekonomi
744 607 124 30 genom
893 595 66 33 den
985 596 367 43 sammankrympning
1376 610 44 21 av
1446 598 349 42 seminarieorganisa-

308 648 127 38 tionen,
466 660 73 21 som
571 648 98 34 blivit
700 660 40 21 en
771 648 88 42 följd
890 660 43 21 av
963 649 495 42 rationaliseringsåtgärderna
1490 651 94 33 inom
1615 651 180 34 folkskole-

308 700 176 33 väsendet.

357 770 338 43 Skolöverstyrelsen
724 771 92 34 hade
844 771 11 34 i
885 772 127 33 sådant
1041 772 199 34 hänseende
1268 772 170 41 förordat,
1468 779 56 28 att
1554 774 100 34 dessa
1683 775 111 33 lärare

309 815 111 34 skulle
440 815 248 42 kompenseras
710 815 54 34 för
785 817 64 32 två
871 816 212 42 tredjedelar
1106 829 45 21 av
1173 817 246 43 minskningen
1441 831 45 20 av
1509 819 136 34 antalet
1667 819 124 34 vecko-

307 860 145 33 timmar
472 860 10 33 i
502 859 218 35 förhållande
741 860 54 34 till
817 861 203 33 medeltalet
1041 861 256 34 veckotimmar
1319 862 111 34 under
1453 862 336 43 »femårsperioden»

311 904 373 43 1935/36—1940/41.
710 905 175 33 Häremot
908 905 121 33 kunde
1053 905 173 34 invändas
1253 906 73 34 dels
1353 911 55 29 att
1434 907 75 33 icke
1536 908 69 33 alla
1631 908 161 43 övnings-

308 949 112 33 lärare
443 949 161 34 innehaft
627 949 213 43 anställning
863 949 59 34 vid
946 949 248 34 seminarierna
1216 951 113 33 under
1354 952 108 41 sagda
1487 951 306 44 »femårsperiod»,

309 993 120 34 varför
444 993 11 34 i
474 993 121 43 dylika
612 993 60 34 fall
690 998 53 29 ett
760 999 112 29 annat
889 994 165 34 medeltal
1074 994 109 34 skulle
1201 994 36 34 få
1255 995 119 42 läggas
1393 996 52 33 till
1464 997 113 41 grund
1596 996 54 34 för
1670 997 123 33 beräk-

309 1038 182 42 ningarna,
512 1038 73 33 dels
606 1038 65 33 ock
691 1042 65 35 att,
778 1039 45 33 då
844 1038 290 43 övningslärarna
1153 1039 153 34 normalt
1328 1040 91 33 hade
1441 1045 55 29 att
1516 1041 112 33 räkna
1648 1041 80 33 med
1750 1053 43 21 en

309 1083 71 33 viss
403 1083 176 33 variation
603 1095 45 21 av
670 1083 171 39 årslönen,
863 1083 179 42 knappast
1064 1083 208 43 tillräckliga
1296 1084 75 34 skäl
1394 1084 201 34 förefunnes
1620 1090 54 29 att
1697 1086 95 33 med-

308 1127 82 43 giva
407 1127 271 42 kompensation
696 1127 10 33 i
723 1126 74 40 fall,
818 1128 45 33 då
881 1128 296 42 undervisningen
1196 1128 123 42 sjönke
1337 1129 198 42 obetydligt
1554 1130 112 33 under
1685 1130 108 42 sagda

308 1172 177 39 medeltal,
512 1171 210 43 exempelvis
747 1171 80 34 från
854 1176 43 29 32
924 1172 53 33 till
1004 1176 43 30 30
1075 1173 266 34 veckotimmar.
1369 1173 266 35 Statskontoret
1660 1174 93 43 finge
1782 1174 11 34 i

308 1216 119 34 stället
450 1216 138 40 föreslå,
613 1220 55 30 att
691 1216 271 43 kompensation
986 1217 189 42 medgåves
1200 1230 57 21 om
1283 1218 66 33 och
1375 1218 11 33 i
1411 1218 68 34 den
1503 1219 85 33 mån
1612 1219 180 33 undervis-

308 1261 129 43 ningen
455 1261 170 42 nedginge
643 1262 79 33 med
742 1272 75 22 mer
835 1264 44 30 än
899 1265 42 30 20
960 1267 148 37 procent
1126 1261 110 34 under
1256 1262 60 34 det
1335 1262 127 43 högsta
1481 1263 99 33 antal
1600 1263 191 34 veckotim-

309 1318 88 27 mar,
418 1318 74 21 som
513 1306 137 33 läraren
671 1305 119 34 visade
813 1306 52 42 sig
884 1306 46 33 ha
951 1306 207 34 undervisat
1179 1306 59 35 vid
1262 1306 200 35 seminariet
1484 1307 113 34 under
1618 1309 107 41 något
1747 1320 46 21 av

308 1350 136 34 läsåren
477 1350 373 43 1938/39—1940/41.
880 1350 218 43 Nedgången
1129 1351 10 33 i
1171 1351 134 33 antalet
1336 1351 257 34 veckotimmar
1622 1352 11 34 i
1663 1352 127 34 förhål-

307 1395 104 34 lande
430 1395 52 33 till
502 1395 60 33 det
582 1395 147 33 sålunda
748 1395 210 33 reducerade
979 1395 316 34 veckotimantalet
1315 1396 108 33 borde
1441 1396 249 42 kompenseras
1710 1397 80 33 med

303 1440 64 33 två
391 1439 220 43 tredjedelar.

352 1510 19 34 I
397 1510 188 43 anledning
610 1523 45 21 av
681 1510 274 34 statskontorets
979 1511 169 42 yttrande
1172 1511 65 33 har
1261 1511 336 43 skolöverstyrelsen
1621 1511 171 35 förklarat

307 1564 52 42 sig
377 1563 85 43 vilja
480 1564 142 33 biträda
641 1564 273 34 statskontorets
932 1564 131 43 förslag
1081 1577 58 21 om
1159 1569 54 29 att
1232 1565 53 33 till
1305 1565 113 42 grund
1437 1565 54 34 för
1510 1565 281 43 beräkningarna

303 1629 46 21 av
372 1618 278 42 övningslärares
672 1617 349 42 lönekompensation
1044 1617 111 34 skulle
1177 1618 118 42 läggas
1318 1618 61 34 det
1400 1618 126 43 högsta
1549 1620 97 32 antal
1669 1619 125 33 vecko-

305 1670 155 40 timmar,
481 1683 75 21 som
576 1671 135 33 läraren
731 1671 93 33 visat
846 1670 50 43 sig
915 1671 92 33 hava
1029 1671 206 34 undervisat
1255 1671 59 33 vid
1336 1671 199 34 seminariet
1556 1672 111 33 under
1687 1673 107 42 något

305 1736 47 21 av
371 1724 134 33 läsåren
526 1723 372 43 1938/39—1940/41.

352 1786 78 34 Vad
452 1785 199 34 beträffade
672 1785 413 43 lönekompensationens
1108 1786 140 39 storlek,
1271 1786 110 33 skulle
1404 1787 59 33 vid
1487 1786 100 34 bifall
1610 1788 52 33 till
1686 1792 104 30 stats-

305 1839 183 33 kontorets
504 1839 131 43 förslag
650 1839 394 42 lönekompensationen
1063 1839 48 34 bli
1128 1839 134 34 mindre
1281 1843 45 30 än
1344 1841 69 33 vad
1431 1841 254 42 överstyrelsen
1702 1841 88 34 före-

307 1893 115 42 slagit.
450 1891 262 44 Överstyrelsen
739 1893 81 33 ville
848 1888 191 38 emellertid
1067 1893 113 33 erinra
1206 1905 58 22 om
1292 1898 56 29 att
1376 1894 59 33 det
1463 1906 45 21 av
1537 1895 254 42 överstyrelsen

306 1945 198 43 framlagda
526 1945 166 43 förslaget
714 1945 79 34 haft
817 1946 52 34 sin
891 1946 148 34 förebild
1062 1946 10 33 i
1096 1946 42 34 de
1160 1946 227 40 föreskrifter,
1410 1959 74 21 som
1507 1947 39 34 år
1571 1951 85 30 1936
1681 1947 111 34 utfär-

307 1999 108 34 dades
439 1999 10 33 i
472 2004 53 29 ett
550 1999 165 34 liknande
738 1999 72 34 fall.
835 1998 265 44 Överstyrelsen
1123 1999 118 34 kunde
1266 1999 76 34 icke
1367 1999 98 34 finna
1490 2000 189 43 anledning
1702 2000 88 34 före-

307 2052 92 43 ligga
429 2057 54 29 att
511 2065 48 21 nu
590 2053 117 33 lämna
737 2053 289 42 övningslärarna
1056 2065 43 21 en
1130 2056 111 30 sämre
1271 2053 352 43 lönekompensation
1654 2057 44 30 än
1729 2054 62 33 vid

306 2106 156 33 nämnda
482 2105 149 43 tidigare
651 2105 146 41 tillfälle,
818 2106 10 33 i
851 2106 190 42 synnerhet
1062 2118 75 22 som
1160 2106 114 33 risken
1295 2106 54 34 för
1370 2119 42 21 en
1433 2107 164 34 minskad
1618 2107 172 43 tjänstgö-

303 2159 77 43 ring
399 2159 54 33 för
473 2159 221 34 närvarande
714 2171 83 23 vore
818 2162 110 32 större
949 2163 45 30 än
1014 2160 39 33 år
1076 2163 98 32 1936.
1195 2158 263 44 Överstyrelsen
1479 2160 80 34 ville
1581 2160 117 34 därför
1719 2160 74 33 vid-

302 2212 96 34 hålla
416 2213 61 33 sitt
495 2212 131 43 förslag
643 2213 45 42 på
706 2213 116 33 denna
839 2213 127 42 punkt.

350 2292 189 34 Allmänna
555 2292 259 34 lönenämnden
829 2292 64 34 har
911 2297 126 38 yttrat:

353 2354 127 42 Någon
501 2354 200 43 skyldighet
719 2354 54 34 för
793 2355 296 33 seminarielärare
1111 2359 54 29 att
1185 2355 217 33 underkasta
1422 2355 50 42 sig
1491 2355 227 43 förflyttning
1738 2356 52 34 till

306 2399 206 33 kommunal
536 2400 208 33 läroanstalt
767 2398 126 35 funnes
916 2399 75 34 icke
1015 2399 162 42 stadgad,
1200 2399 120 34 varför
1343 2399 67 34 den
1434 2399 209 43 ifrågasatta
1667 2401 123 33 anord-

307 2443 127 42 ningen
468 2444 80 33 med
583 2444 196 33 beredande
801 2445 38 32 åt
862 2444 134 33 läraren
1020 2457 46 20 av
1089 2444 391 43 fyllnadstjänstgöring
1502 2444 60 34 vid
1586 2444 205 34 kommunal

308 2488 98 34 skola
423 2488 201 40 förutsatte,
642 2493 54 29 att
712 2489 136 33 läraren
867 2488 89 42 själv
973 2489 137 33 lämnat
1128 2489 62 33 sitt
1207 2489 183 42 samtycke
1407 2489 52 34 till
1478 2501 42 21 en
1540 2489 97 43 dylik
1656 2490 135 42 åtgärd.
