2204 2658
396 146 118 34 Andra
540 148 218 34 Kammarens
786 151 186 41 Tillfälliga
1003 152 143 32 Utskotts
1167 153 76 40 (N:o
1260 154 32 42 4)
1324 154 177 33 Utlåtande
1524 155 63 33 N:o
1615 158 34 29 5.
1802 157 15 32 1

928 764 93 43 N:o
1051 766 49 43 5.

840 924 73 26 Ank.
934 924 41 26 till
995 925 99 26 Riksd.
1113 925 93 27 kansli
1226 925 55 26 den
1302 925 15 26 7
1337 934 77 18 mars
1434 926 79 32 1907,
1534 927 37 26 kl.
1591 928 17 26 3
1627 935 24 19 e.
1671 937 37 18 m.

535 1066 130 36 Andra
692 1067 238 37 Kammarens
949 1067 127 45 fjärde
1104 1069 180 46 tillfälliga
1313 1071 143 37 utskotts
1482 1071 180 37 utlåtande
1686 1084 57 25 n:o
1778 1075 35 43 1,

641 1131 78 34 med
739 1131 189 44 anledning
956 1130 47 45 af
1024 1132 102 35 väckt
1151 1133 127 35 motion
1306 1145 55 24 om
1388 1134 184 44 skrifvelse
1600 1135 53 36 till
1679 1135 133 46 Kungl.

641 1192 113 44 Maj:t
794 1194 179 44 angående
1012 1195 182 45 styckning
1206 1188 11 58 -
1231 1196 60 35 och
1309 1196 223 46 försäljning
1560 1197 50 44 af
1629 1199 188 43 kronojord

641 1255 54 35 till
722 1256 311 44 egnahemstomter.

320 1412 73 36 Till
420 1413 259 36 förberedande
707 1415 224 47 behandling
958 1416 66 35 har
1050 1416 58 36 till
1134 1416 129 37 Andra
1289 1418 241 38 Kammarens
1553 1420 120 49 fjärde
1691 1420 122 38 tillfäl-

213 1466 74 48 liga
313 1466 142 37 utskott
482 1467 256 37 öfverlämnats
765 1481 47 23 en
840 1469 41 36 af
905 1470 85 35 herr
1016 1469 47 37 Å.
1093 1470 44 36 F.
1167 1471 139 36 Janson
1333 1471 14 36 i
1374 1472 138 38 Bråten
1539 1474 110 37 väckt
1677 1474 136 38 motion

213 1520 41 36 af
278 1519 160 49 följande
465 1521 154 48 lydelse:

326 1628 78 35 »Då
432 1629 323 48 egnahemsfrågan
773 1629 64 37 vid
867 1632 102 34 1904
998 1633 57 34 års
1083 1631 149 49 riksdag
1259 1632 73 37 fick
1360 1633 58 36 sin
1444 1634 154 48 lösning,
1629 1634 14 37 i
1670 1635 62 37 det
1759 1639 54 33 att

213 1681 189 49 möjlighet
432 1682 174 36 bereddes
640 1684 163 35 arbetare
835 1687 55 32 att
916 1684 136 36 erhålla
1079 1685 59 36 lån
1167 1686 40 35 af
1231 1689 120 33 staten
1379 1687 57 36 för
1463 1687 172 37 bildande
1663 1689 41 36 af
1728 1693 85 44 eget

213 1735 93 45 hem,
349 1736 180 35 uttalades
564 1736 63 36 vid
654 1737 146 47 frågans
829 1737 261 37 förberedande
1118 1739 234 49 behandling,
1382 1744 56 33 att
1464 1742 71 35 den
1563 1754 73 36 nya
1663 1743 107 47 lagen
1797 1743 14 36 i

212 1789 70 35 alla
317 1789 194 36 händelser
551 1802 84 24 vore
663 1794 54 32 att
748 1790 168 36 betrakta
944 1804 74 23 som
1048 1795 54 33 ett
1129 1792 112 37 första
1269 1794 134 36 försök.
1460 1795 58 36 En
1546 1796 120 46 grund
1693 1797 118 36 skulle

211 1842 135 47 läggas,
377 1844 47 45 på
451 1842 151 37 hvilken
631 1844 61 35 det
719 1844 118 47 gällde
865 1847 54 34 att
946 1845 131 48 bygga,
1108 1846 46 35 då
1181 1847 247 36 erfarenheter
1454 1849 161 36 vunnits.

319 1896 149 36 Ganska
496 1900 100 33 snart
623 1898 175 47 yppades,
820 1901 54 32 att
902 1898 187 48 åtskilliga
1107 1899 132 37 brister
1258 1901 221 37 förefunnes.
1509 1902 128 36 Redan
1653 1906 39 33 så
1710 1907 102 33 snart

212 1961 74 24 som
315 1952 41 33 år
386 1952 99 34 1906
515 1963 65 23 var
607 1950 212 48 Riksdagen
847 1952 86 35 redo
961 1955 54 33 att
1041 1953 85 49 höja
1152 1953 280 49 lånebeloppens
1461 1956 270 48 maximigräns.

317 2002 71 37 Att
414 2003 168 48 regering
613 2004 67 36 och
708 2004 166 48 Riksdag
901 2006 206 48 oaflåtligen
1135 2010 113 34 måste
1276 2008 99 36 rikta
1403 2008 58 36 sin
1487 2010 324 47 uppmärksamhet

211 2059 47 44 på
299 2057 120 35 denna
455 2057 66 36 sak
549 2058 67 35 och
644 2058 137 36 alltfort
809 2058 163 49 afhjälpa
1000 2061 44 34 de
1072 2060 141 45 brister,
1244 2074 75 23 som
1348 2062 145 36 vidlåda
1520 2063 107 48 lagen
1654 2064 14 36 i
1696 2064 112 48 fråga,

212 2113 93 33 samt
344 2110 14 36 i
386 2113 40 33 så
466 2111 71 47 hög
577 2112 90 46 grad
708 2124 75 23 som
825 2112 142 49 möjligt
1007 2113 152 48 utvidga
1196 2115 364 47 egnahemsrörelsen,
1592 2120 39 33 så
1658 2121 55 33 att
1740 2119 70 35 den

212 2166 58 33 må
310 2163 51 36 bli
401 2164 57 36 till
498 2177 98 35 gagn
638 2165 56 35 för
735 2168 39 32 så
815 2169 75 32 stor
927 2167 58 34 del
1013 2167 41 35 af
1078 2167 263 49 befolkningen
1368 2182 75 23 som
1473 2170 151 49 möjligt,
1654 2171 116 49 ligger
1796 2172 14 36 i

212 2223 118 42 öppen
358 2218 80 47 dag.

317 2272 64 36 Ett
422 2272 41 35 af
487 2272 44 36 de
558 2271 141 46 hinder,
729 2285 76 23 som
834 2275 56 34 stå
917 2273 14 35 i
959 2279 115 43 vägen
1103 2274 56 36 för
1187 2279 52 33 att
1267 2276 158 37 rörelsen
1453 2277 93 37 skall
1574 2278 126 37 kunna
1726 2282 84 45 taga

255 2333 77 32 Bih.
348 2332 52 33 till
412 2332 114 33 Riksd.
542 2332 87 33 Prot.
646 2336 95 30 1907.
774 2335 15 30 8
801 2334 101 32 Saml.
932 2336 18 31 2
962 2334 80 42 Afd.
1074 2337 16 31 2
1101 2335 109 34 Band.
1236 2339 22 29 5
1271 2337 97 41 Häft.
1394 2337 74 40 (N:o
1492 2341 31 36 5)
1746 2341 15 30 1
