2212 2658
419 153 117 31 Andra
560 153 219 33 Kammarens
807 155 184 41 Tillfälliga
1023 157 142 32 Utskotts
1188 158 80 40 (N:o
1293 161 33 35 4)
1358 159 176 33 Utlåtande
1557 160 66 32 N:o
1646 164 30 29 5.
1824 162 20 30 5

245 245 72 34 den
360 243 236 46 synpunkten:
639 245 178 44 beaktats,
857 249 54 32 att
938 250 129 41 staten,
1099 260 74 22 som
1203 254 85 41 äger
1315 252 96 32 stora
1440 251 170 35 domäner
1638 252 167 36 öfverallt
1832 253 13 35 i

245 296 136 42 landet,
412 295 64 35 bör
504 297 125 36 kunna
656 303 90 31 utan
775 300 194 46 olägenhet
1006 301 99 35 finna
1134 302 55 34 för
1216 302 124 47 odling
1367 303 151 48 lämplig
1541 304 94 48 jord,
1666 318 74 23 som
1771 307 73 35 kan

244 349 58 34 för
328 348 106 46 ringa
462 350 75 46 pris
566 352 167 46 upplåtas
762 353 86 35 eller
876 354 186 35 afsöndras
1092 355 57 34 för
1175 355 171 36 bildande
1375 356 40 35 af
1441 369 92 35 egna
1561 359 116 35 hem.»

351 402 18 33 I
398 403 209 48 anslutning
634 405 56 35 till
720 407 43 33 de
792 406 147 44 åsikter,
970 419 74 23 som
1073 408 157 35 uttalats
1251 409 40 34 af
1315 410 269 36 ofvannämnda
1612 413 230 45 motionärer,

244 454 63 35 vill
334 455 179 37 utskottet
539 458 110 35 äfven
680 459 55 34 för
764 459 57 34 sin
849 460 57 34 del
933 461 255 46 understryka,
1219 464 53 33 att
1301 463 82 34 hela
1411 465 295 45 egnahems-idén
1726 467 118 35 skulle

244 509 224 47 väsentligen
508 510 186 36 befordras
730 511 220 47 därigenom,
981 517 54 31 att
1061 513 140 35 tillfälle
1229 515 175 35 bereddes
1433 520 53 32 att
1514 517 98 35 bilda
1641 531 91 34 egna
1760 520 81 34 hem

244 564 46 43 på
318 562 139 36 kronan
484 563 164 47 tillhörig
676 564 103 35 mark
806 564 13 35 i
849 565 261 36 vidsträcktare
1138 569 84 33 mån
1241 573 48 29 än
1312 568 131 35 hittills
1463 569 144 36 kunnat
1625 584 85 22 vara
1730 572 110 36 fallet.

348 616 112 36 Hvad.
489 619 113 44 angår
630 618 61 34 det
715 617 179 36 särskilda
915 619 126 43 medel,
1063 619 232 47 hvarigenom
1316 621 224 36 motionären
1559 624 99 36 velat
1676 625 168 36 befordra

244 669 61 35 det
333 672 97 32 stora:
457 670 215 46 syftemålet,
703 670 56 35 får
786 671 178 36 utskottet
992 672 199 36 emellertid
1219 674 125 35 anföra
1372 674 174 49 följande:

350 723 97 34 Herr
474 723 135 35 Janson
639 724 65 35 har
732 724 84 36 sökt
844 728 52 32 ett
924 725 195 47 väsentligt
1146 728 80 34 stöd
1254 727 57 36 för
1339 728 58 35 sin
1425 729 136 36 motion
1591 730 13 35 i
1632 743 46 23 en
1702 732 141 35 af'herr

243 774 211 37 Andersson
482 776 14 35 i
522 777 184 35 Nöbbelöf
739 777 104 47 gjord
880 779 221 35 reservation
1138 779 61 36 vid
1237 784 53 32 ett
1318 783 483 38 statsutskottsbetänkande
1830 786 13 35 i

243 829 119 35 denna
401 830 102 46 fråga
531 830 62 35 vid
625 833 100 32 1890
756 833 57 32 års
841 831 159 48 riksdag.
1058 833 187 36 Utskottet
1273 835 127 44 finner,
1431 839 52 32 att
1521 838 62 34 det
1611 838 13 34 i
1652 839 119 35 denna
1790 852 52 23 re-

244 882 183 36 servation
459 883 160 35 uttalade
655 884 224 36 önskemålet
919 886 111 34 redan
1072 886 265 47 förverkligats.
1396 889 255 37 Förhållandet
1679 897 38 29 är
1744 898 98 29 näm-

242 935 108 47 ligen,
382 938 53 32 att
461 935 14 35 i
503 935 171 48 kungligt
701 937 84 35 bref
810 937 41 35 af
866 938 70 34 den
957 940 47 33 25
1025 939 203 46 september
1251 943 99 33 1896
1370 942 210 36 utfärdades
1599 957 72 34 nya
1690 946 152 35 bestäm-

243 988 130 35 melser
414 992 52 32 att
509 988 101 48 tjäna
637 990 56 35 till
728 990 237 36 efterrättelse
993 991 13 35 i
1034 992 102 47 fråga
1165 1005 55 23 om
1250 994 231 46 lägenheters
1509 998 221 45 upplåtande
1759 999 83 35 från

242 1041 159 36 kronans
434 1041 379 49 jordbruksdomäner,
844 1044 13 35 i
885 1044 150 36 hvilken
1073 1045 201 46 skrifvelse,
1312 1048 110 36 bland
1450 1053 125 42 annat,
1606 1052 145 47 stadgas
1781 1053 61 35 föl-

245 1094 120 36 jande:

238 1107 13 35 |
356 1163 13 18 »
376 1149 74 36 Vid
478 1150 267 47 uppskattning
773 1151 40 35 af
838 1152 175 46 egendom
1041 1152 14 36 i
1084 1153 66 35 och
1180 1153 56 36 för
1264 1155 226 36 densammas
1519 1157 217 49 försäljning
1755 1160 87 35 eller

243 1201 175 48 förnyade
459 1203 279 48 utarrendering
779 1204 93 36 skall
910 1206 40 34 af
987 1206 445 48 uppskattningsmännen
1473 1213 104 44 tagas
1618 1213 115 35 under
1770 1226 71 23 om-

242 1255 183 48 pröfning,
464 1257 180 35 huruvida
672 1257 180 38 särskilda
879 1259 317 48 omständigheter,
1227 1273 75 23 som
1332 1267 85 42 göra
1446 1264 196 48 styckning
1671 1266 39 35 af
1735 1279 105 35 egen-

242 1309 129 35 domen
399 1309 14 35 i
441 1310 81 35 dess
564 1311 123 35 helhet
729 1311 86 35 eller
857 1312 113 36 delvis
998 1313 58 35 till
1084 1319 133 30 smärre
1242 1314 409 50 jordbrukslägenheter
1677 1320 160 47 lämplig,

243 1362 206 45 förefinnas,
480 1363 87 35 eller
595 1376 56 22 om
681 1364 214 47 afsöndring
923 1365 81 35 från
1033 1368 222 45 egendomen
1284 1368 40 35 af
1349 1370 104 35 mark
1481 1370 56 36 till
1566 1372 126 47 dylika
1720 1374 120 46 lägen-

242 1416 102 35 heter
385 1419 89 33 utan
515 1417 160 47 egentlig
703 1418 113 35 skada
845 1419 86 34 eller
959 1420 191 46 olägenhet
1178 1420 57 36 för
1263 1423 316 36 stamhemmanets
1608 1425 134 36 skötsel
1771 1428 69 34 och

241 1469 190 36 brukande
476 1470 74 35 kan
597 1476 67 41 äga
709 1484 96 32 rum;
854 1472 182 44 skolande,
1086 1474 121 35 därest
1249 1476 444 48 uppskattningsmännen
1735 1480 105 36 finna

242 1523 198 48 styckning
468 1524 86 35 eller
582 1524 213 48 afsöndring
823 1525 86 36 böra
938 1532 66 41 äga
1031 1539 91 32 rum,
1153 1527 134 49 förslag
1315 1530 123 35 härtill
1467 1532 40 34 af
1532 1532 79 35 dem
1642 1533 191 47 afgifvas.»

348 1577 121 35 Häraf
493 1577 107 44 inses,
631 1578 75 35 dels
735 1582 54 32 att
818 1579 60 36 det
906 1580 40 34 af
971 1581 82 34 herr
1081 1580 211 37 Andersson
1320 1583 13 35 i
1361 1584 184 36 Nöbbelöf
1568 1586 63 35 vid
1655 1588 110 46 sagda
1784 1588 55 36 tid

242 1631 161 35 uttalade
440 1631 187 35 önskemål
655 1633 205 34 sedermera
888 1633 122 36 blifvit
1036 1634 196 48 uppfylldt,
1264 1636 75 35 dels
1368 1640 53 33 att
1448 1639 84 34 herr
1559 1639 155 37 Jansons
1743 1641 96 36 hem-

242 1684 139 44 ställan,
412 1687 53 33 att
493 1685 308 48 domänstyrelsen
829 1688 110 34 måtte
968 1688 144 46 åläggas
1141 1692 52 32 att
1221 1689 14 35 i
1263 1692 141 34 samråd
1433 1693 81 34 med
1533 1694 206 45 respektive
1758 1695 78 35 läns

241 1737 412 48 hushållningssällskap
682 1739 215 45 undersöka,
919 1740 13 34 i
951 1741 150 35 hvilken
1125 1742 220 48 omfattning
1363 1744 195 49 kronojord
1578 1747 115 36 skulle
1712 1747 126 37 kunna

241 1791 146 47 styckas
416 1792 66 34 och
511 1791 162 49 försäljas
702 1792 56 36 till
788 1794 415 47 egnahemslägenheter,
1235 1802 40 29 är
1302 1798 328 48 tillmötesgången,
1661 1801 13 35 i
1703 1802 61 35 det
1784 1806 53 32 att

241 1844 301 48 förutsättningar
584 1845 56 36 för
673 1849 52 32 ett
753 1847 120 46 dylikt
901 1848 198 36 samarbete
1127 1850 112 35 redan
1268 1850 209 38 förefinnas.
1535 1854 111 35 Detta
1679 1855 159 48 framgår

241 1898 204 47 otvetydigt
472 1899 40 35 af
537 1899 70 35 den
635 1900 336 48 sammansättning,
1003 1914 74 23 som
1106 1903 44 34 de
1180 1903 55 36 för
1264 1906 313 45 egnahems-idéns
1597 1908 240 37 realiserande

241 1951 226 36 verksamma
494 1952 298 36 institutionerna
820 1954 153 36 erhållit.
1032 1956 54 47 Ty
1114 1956 74 35 dels
1218 1963 40 29 är
1285 1959 308 48 domänstyrelsen
1623 1962 146 48 skyldig
1784 1966 54 33 att

240 2004 63 36 vid
331 2005 349 48 kronoegendomars
718 2007 216 48 försäljning
962 2009 84 35 eller
1074 2009 174 48 förnyade
1277 2013 278 48 utarrendering
1582 2018 84 44 taga
1693 2016 144 48 hänsyn

240 2058 58 35 till
326 2058 228 48 möjligheter
581 2060 40 35 af
646 2073 92 34 egna
765 2061 102 35 hems
895 2062 181 45 bildande,
1108 2064 75 35 dels
1212 2064 86 47 ingå
1326 2065 13 36 i
1367 2067 470 48 uppskattningsnämnden

240 2116 290 42 representanter
571 2113 55 36 för
667 2114 460 49 hushållningssällskapet,
1163 2118 225 48 landstinget
1416 2121 67 34 och
1513 2122 321 48 domänstyrelsen,

241 2166 77 35 dels
361 2166 170 47 slutligen
569 2173 59 30 äro
658 2168 108 35 äfven
794 2168 13 35 i
836 2169 44 35 de
908 2170 207 46 respektive
1144 2171 125 36 länens
1298 2174 381 47 egnahemsnämnder,
1710 2177 127 36 hvilka

241 2220 47 35 ha
328 2219 56 36 till
420 2220 147 47 uppgift
609 2224 52 33 att
703 2221 175 49 befrämja
919 2222 225 37 tillkomsten
1188 2225 41 35 af
1267 2239 91 34 egna
1395 2228 81 35 hem
1511 2229 55 35 för
1599 2230 139 36 mindre
1776 2232 60 35 be-

241 2273 163 35 medlade
446 2274 172 44 arbetare,
667 2276 98 35 såväl
810 2276 184 48 landsting
1040 2290 73 23 som
1157 2279 412 50 hushållningssällskap
1617 2284 215 36 företrädda.

284 2334 78 32 Bih.
390 2334 50 32 till
462 2334 114 33 Riksd.
607 2335 87 32 Prot.
720 2338 97 31 1907.
859 2339 21 30 8
903 2337 100 33 Saml.
1038 2339 23 31 2
1084 2338 80 42 Afd.
1197 2341 24 31 2
1243 2340 110 34 Band.
1771 2347 19 30 2
