2217 2674
449 183 19 29 4
668 181 233 32 Sammansatta
925 180 100 32 Stats-
1050 180 66 38 (och
1141 180 98 42 Lag-)
1268 180 163 31 Utskottets
1460 179 165 33 Utlåtande
1647 179 64 32 N:o
1740 182 25 29 7.

408 272 65 36 och
501 271 93 37 hade
622 284 84 23 man
735 270 106 38 äfven
869 271 81 36 sökt
978 270 195 49 tillgodose
1201 270 202 36 detsamma
1430 283 133 36 genom
1590 268 249 46 föreskriften,
1869 274 53 31 att
1948 269 63 37 vid

408 324 104 37 sidan
553 323 40 37 af
629 323 223 49 protokollet
892 323 117 36 skulle
1049 322 96 37 föras
1186 335 45 24 en
1270 322 279 48 fastighetsbok,
1591 321 94 37 efter
1710 322 92 36 visst
1829 320 184 37 formulär

408 375 252 50 återgifvande
701 375 43 36 de
777 375 278 50 upplysningar,
1086 388 74 23 som
1191 374 208 49 framginge
1427 388 44 22 ur
1497 375 232 47 protokollet.
1784 373 127 36 Denna
1937 373 73 35 bok

408 428 94 36 hade
542 427 206 36 emellertid
774 427 79 36 icke
881 446 48 4 —
956 439 59 23 om
1048 440 84 22 man
1160 426 169 47 bortsåge
1357 425 83 37 från
1467 439 43 22 en
1536 425 269 49 jämförelsevis
1820 424 192 50 obetydlig

408 480 111 47 detalj
538 498 46 4 —
601 482 120 46 någon
741 491 77 23 som
839 478 94 36 helst
948 477 235 49 själfständig
1196 477 201 50 betydelse,
1414 477 70 36 den
1498 477 124 36 kunde
1637 481 162 32 närmast
1813 476 196 36 betecknas

409 544 78 23 som
528 530 127 36 endast
690 535 51 31 ett
782 531 156 47 register
978 529 56 36 för
1074 530 238 48 protokollets
1344 529 248 48 begagnande.
1647 527 365 38 Gravationsbeviset

409 583 116 36 skulle
554 586 191 44 upprättas
773 581 95 36 efter
895 582 222 47 protokollet
1144 582 66 35 och
1238 581 98 48 finge
1364 581 78 35 icke
1470 580 163 49 grundas
1660 580 130 36 endast
1818 583 45 44 på
1882 578 128 49 fastig-

409 634 211 36 hetsboken.
675 633 14 35 I
719 632 226 37 förhållande
972 632 57 36 till
1058 632 67 36 den
1158 631 160 50 uppgift,
1347 632 148 36 hvilken
1514 631 153 36 sålunda
1683 631 107 49 legalt
1804 631 208 35 tillkomme

410 685 326 47 fastighetsboken,
778 697 85 23 vore
903 684 61 35 det
1002 684 133 43 arbete,
1178 697 77 22 som
1294 687 48 43 på
1369 683 81 36 dess
1478 682 153 36 förande
1658 686 114 32 måste
1799 682 212 47 nedläggas,

410 736 153 48 onödigt
602 734 247 48 betungande,
892 734 117 35 under
1037 734 61 35 det
1125 739 54 30 att
1207 734 59 35 det
1295 733 120 44 behof,
1444 733 140 36 hvilket
1612 732 153 36 därmed
1793 733 117 35 skulle
1938 732 75 34 till-

409 786 166 50 godoses,
607 786 78 36 icke
716 785 146 50 fylldes.
916 785 308 36 Förhållandenas
1253 785 99 36 makt
1379 784 92 36 hade
1499 783 204 38 emellertid
1731 783 74 36 fört
1832 783 83 36 med
1944 783 67 47 sig,

410 844 52 30 att
489 838 120 35 boken
636 838 13 34 i
677 837 129 47 själfva
833 837 128 36 verket
987 837 147 35 erhållit
1162 849 45 22 en
1235 842 114 30 större
1377 836 237 48 användning
1633 836 67 34 och
1714 835 154 49 faktiskt
1882 834 131 48 gjorde

409 891 116 46 tjänst
551 890 14 34 i
592 888 239 48 protokollets
859 888 115 35 ställe.

544 940 116 36 Tiden
701 945 124 44 syntes
865 953 87 22 vara
991 940 84 36 inne
1108 944 53 31 att
1190 940 86 35 söka
1303 939 13 35 i
1343 940 61 47 lag
1430 938 135 36 bereda
1591 938 119 35 boken
1738 937 71 36 den
1837 937 178 48 ställning

410 993 130 36 sakens
581 997 111 30 natur
732 991 189 48 påkallade
963 991 66 35 och
1070 991 123 48 praxis
1220 990 113 36 redan
1361 991 11 34 i
1400 995 76 31 stor
1504 988 259 49 utsträckning
1790 987 111 49 gifvit
1928 987 83 36 den.

412 1044 76 35 Den
520 1043 160 48 ordning
710 1044 92 34 1875
833 1045 58 33 års
917 1041 235 49 lagstiftning
1179 1041 116 36 infört
1322 1041 92 36 hade
1441 1041 112 36 redan
1581 1041 46 35 då
1654 1041 212 35 betecknats
1894 1042 118 33 såsom

411 1109 44 22 en
483 1093 327 49 öfvergångsform,
839 1094 67 35 och
936 1093 110 36 sedan
1074 1106 132 35 genom
1236 1098 101 31 snart
1364 1093 124 35 trettio
1516 1095 58 33 års
1588 1091 239 48 tillämpning
1841 1090 40 36 af
1893 1090 120 36 denna

410 1145 237 49 lagstiftning
688 1150 174 43 uppnåtts
902 1145 196 47 väsentligt
1138 1144 93 36 ökad
1257 1144 88 36 reda
1372 1144 67 36 och
1466 1143 144 36 klarhet
1638 1143 10 35 i
1677 1141 338 49 fastighetsförhål-

409 1197 156 35 landena
602 1197 116 46 jämte
759 1195 209 36 erfarenhet
1007 1208 60 23 om
1109 1194 439 49 fastighetsbokföringen
1577 1198 124 45 syntes
1730 1193 62 36 det
1820 1193 78 35 icke
1927 1193 87 35 böra

411 1253 99 30 möta
549 1247 251 48 betänklighet
841 1252 52 31 att
933 1260 50 22 nu
1025 1252 85 43 taga
1150 1245 62 36 det
1239 1251 93 42 steg,
1362 1246 141 35 hvilket
1531 1258 84 22 man
1642 1245 46 35 då
1715 1245 78 35 icke
1821 1243 193 36 tilltrodde

412 1299 66 47 sig,
518 1299 90 35 eller
647 1303 54 31 att
745 1301 35 32 åt
811 1298 121 35 boken
959 1297 100 48 gifva
1085 1298 216 34 karaktären
1329 1296 40 36 af
1394 1296 292 49 hufvudurkund
1714 1295 58 36 för
1800 1294 213 48 fastighets-

412 1353 131 32 rätten.
598 1349 106 36 Detta
732 1349 117 35 skulle
877 1350 57 34 väl
963 1350 78 34 icke
1068 1348 176 36 innebära
1271 1351 121 45 någon
1420 1347 223 49 utvidgning
1662 1345 40 37 af
1718 1346 297 49 publikationens

411 1402 170 46 rättsliga
620 1401 146 38 verkan,
804 1401 77 34 icke
921 1399 122 36 införa
1083 1405 53 30 ett
1175 1399 158 48 verkligt
1369 1399 367 48 grundbokssystem,
1780 1410 60 22 om
1880 1397 61 35 det
1969 1403 45 28 än

412 1452 116 36 skulle
568 1464 87 23 vara
694 1451 137 48 ägnadt
868 1456 51 30 att
960 1450 193 36 förbereda
1193 1455 51 30 ett
1285 1450 139 36 sådant.
1479 1450 110 35 Hvad
1621 1462 77 22 som
1727 1449 118 35 skulle
1874 1451 141 44 uppnås

411 1516 97 30 vore,
538 1507 52 31 att
617 1502 290 49 tyngdpunkten
935 1502 61 36 vid
1025 1501 127 47 själfva
1179 1501 282 48 publikationen
1488 1500 161 36 förlades
1668 1500 59 35 till
1742 1498 274 47 inskrifningen

411 1555 12 33 i
454 1554 134 42 boken;
631 1553 62 35 det
719 1552 120 36 blefve
867 1553 132 43 denna,
1028 1565 78 22 som
1134 1565 84 22 vore
1247 1551 198 49 afgörande
1474 1551 56 36 för
1558 1551 94 36 hvad
1680 1563 77 23 som
1785 1550 99 47 finge
1911 1562 104 23 anses

410 1617 87 23 vara
536 1604 240 49 publiceradt.
834 1604 69 35 För
943 1608 53 31 att
1034 1604 112 35 vinna
1186 1603 229 48 upplysning
1447 1603 128 35 härom
1601 1615 86 22 vore
1715 1601 61 36 det
1804 1602 105 34 alltså
1937 1600 79 36 icke

411 1656 125 35 vidare
576 1655 130 46 nödigt
746 1660 54 30 att
840 1658 126 44 återgå
992 1656 58 34 till
1076 1654 234 48 protokollet,
1340 1654 67 35 där
1434 1654 78 35 icke
1540 1652 275 48 inskrifningen
1843 1651 172 36 särskildt

411 1706 197 36 hänvisade
648 1707 58 34 till
747 1706 112 35 detta.
914 1706 78 35 Den
1034 1706 199 47 olämpliga
1273 1705 202 35 dubbelhet
1516 1706 11 34 i
1567 1703 256 49 bokföringen,
1857 1715 78 23 som
1963 1716 51 22 nu

410 1756 225 45 förefunnes,
664 1770 85 23 vore
778 1757 186 48 aflägsnad
991 1757 66 35 och
1085 1757 13 34 i
1126 1756 177 35 samband
1331 1755 152 36 därmed
1510 1756 118 35 skulle
1653 1755 137 48 jämväl
1806 1753 113 36 andra
1933 1754 81 35 icke

411 1809 226 47 oväsentliga
665 1807 159 36 fördelar
851 1811 55 32 stå
934 1813 52 30 att
1014 1808 120 35 vinna.

547 1859 70 36 För
644 1858 285 49 genomförande
958 1857 39 36 af
1021 1872 43 22 en
1094 1858 112 36 sådan
1234 1859 161 47 naturlig
1423 1858 211 48 utveckling
1661 1856 40 36 af
1725 1857 62 35 det
1805 1855 211 36 nuvarande

413 1915 174 44 systemet
628 1909 231 36 erfordrades
900 1909 205 36 emellertid
1143 1910 78 34 icke
1262 1909 128 35 endast
1418 1908 258 49 förändringar
1702 1909 13 34 i
1742 1907 170 48 gällande
1940 1908 76 47 lag-

413 1960 172 48 stiftning
625 1961 187 48 angående
839 1960 135 48 lagfart
1002 1961 66 35 och
1096 1961 228 47 inteckning;
1353 1961 11 34 i
1393 1959 176 36 samband
1597 1958 151 36 därmed
1776 1963 125 43 syntes
1928 1958 89 35 böra

411 2012 166 46 vidtagas
607 2012 137 47 jämväl
776 2011 259 46 anordningar,
1065 2011 123 35 hvilka
1216 2010 86 37 fölle
1332 2016 102 30 utom
1462 2010 164 36 området
1653 2009 58 36 för
1738 2009 62 35 det
1826 2008 191 49 lagbered-

412 2064 134 46 ningen
580 2062 240 36 anförtrodda
848 2062 182 49 uppdrag.
1084 2062 54 35 De
1166 2062 210 36 nuvarande
1403 2060 378 49 fastighetsböckerna
1808 2059 57 36 för
1892 2059 125 36 landet

413 2114 140 35 anslöte
594 2114 66 48 sig,
694 2115 118 46 enligt
840 2113 70 35 den
937 2114 13 34 i
978 2118 124 30 ämnet
1129 2113 168 48 gällande
1325 2112 232 49 författning,
1586 2112 57 35 till
1667 2111 240 48 jordeboken.
1964 2110 52 35 De

411 2165 12 34 i
452 2164 120 36 denna
591 2165 117 34 under
735 2164 178 35 särskilda
940 2177 168 22 nummer
1135 2163 182 49 uppförda
1344 2163 82 35 från
1454 2163 101 35 äldre
1583 2163 54 34 tid
1665 2162 57 36 för
1749 2163 56 46 sig
1819 2161 198 36 bestående

412 2216 150 35 enheter
590 2213 198 47 (hemman,
814 2215 309 48 jordlägenheter,
1151 2216 166 34 fiskerier
1345 2220 94 30 samt
1465 2214 86 35 verk
1580 2214 67 35 och
1675 2210 263 50 inrättningar)
1966 2231 49 4 —

413 2266 83 36 med
524 2265 188 50 undantag
741 2265 56 37 för
824 2267 96 35 vissa
948 2265 213 48 fastigheter
1189 2265 39 36 af
1252 2266 128 47 publik
1408 2270 110 31 natur
1545 2284 49 4 —
1622 2269 180 44 upptoges
1819 2267 45 45 på
1878 2275 139 24 samma
