1924 2826
325 171 40 30 10
751 169 290 34 Statsutskottets
1064 167 182 37 utlåtande
1269 180 42 24 nr
1330 173 53 32 96.

324 247 390 43 byggnadskommittén
737 248 201 43 framlagda,
961 250 115 33 såsom
1098 249 183 35 alternativ
1303 250 19 33 I
1344 249 213 35 betecknade
1578 250 161 43 förslaget
1760 250 53 35 till

324 300 216 35 anordnande
557 314 44 21 av
620 313 42 22 en
680 305 136 31 värme-
834 302 66 34 och
916 301 226 36 kraftcentral
1157 302 98 35 torde
1273 303 84 35 böra
1373 303 97 43 givas
1487 303 168 35 företräde
1672 302 142 35 framför

321 366 44 21 en
385 354 133 43 lösning
538 354 107 43 enligt
665 355 406 43 byggnadskommitténs
1092 356 185 35 alternativ
1296 356 40 34 II
1355 357 81 34 med
1455 357 137 43 hänsyn
1610 357 54 34 till
1685 357 43 34 de
1746 356 66 35 för-

323 407 105 41 delar,
448 407 235 35 förstnämnda
705 409 183 34 alternativ
909 414 130 30 ansetts
1061 409 152 35 medföra
1233 410 54 34 för
1308 410 289 43 undervisningen
1617 410 65 34 och
1703 410 110 34 forsk-

322 461 124 42 ningen
470 462 59 34 vid
552 461 200 43 högskolan.
776 462 184 35 Utskottet
980 463 192 43 tillstyrker
1193 463 115 34 därför
1331 463 392 43 departementschefens
1745 463 68 35 för-

323 514 73 43 slag
413 520 54 29 att
484 514 54 34 för
554 515 208 42 påbörjande
780 528 45 21 av
845 515 248 44 anläggningen
1110 517 11 34 i
1139 516 151 43 enlighet
1305 517 82 34 med
1405 517 184 35 alternativ
1606 517 20 34 I
1643 516 54 35 för
1713 520 99 31 nästa

322 567 169 43 budgetår
514 568 134 35 anvisas
673 571 99 31 1760
787 572 65 31 000
874 568 138 42 kronor,
1036 569 168 35 avseende
1226 570 96 34 såväl
1345 570 170 43 egentliga
1538 570 274 43 byggnadskost-

323 621 105 33 nader
443 634 77 21 som
533 621 183 35 kostnader
730 622 53 34 för
798 622 210 43 utrustning.

368 675 68 34 Till
456 674 230 35 fortsättande
707 688 45 22 av
773 675 64 35 den
856 676 108 35 första
982 681 150 39 etappen
1152 689 44 23 av
1216 676 206 44 högskolans
1442 676 205 44 utbyggnad
1666 677 66 35 och
1751 677 62 44 på-

322 728 164 42 börjande
505 741 45 21 av
571 728 88 36 vissa
679 729 55 34 till
750 729 68 34 den
834 729 104 35 andra
955 735 152 38 etappen
1123 730 152 35 hörande
1293 731 142 35 arbeten
1452 731 99 35 torde
1569 732 12 33 i
1600 731 114 43 övrigt
1731 731 83 34 böra

322 781 54 34 för
393 782 206 42 budgetåret
619 782 157 44 1947/48
796 783 133 35 anvisas
948 784 59 34 det
1027 796 47 22 av
1091 784 377 43 departementschefen
1487 784 190 43 föreslagna
1695 784 118 43 belop-

322 840 71 38 pet,
410 838 20 30 4
444 839 67 30 000
526 839 66 31 000
609 835 137 35 kronor.

368 888 186 35 Utskottet
574 889 62 34 har
654 889 76 34 icke
750 889 116 35 funnit
885 890 182 43 anledning
1085 891 52 34 till
1156 891 134 34 erinran
1309 896 76 29 mot
1405 896 54 29 att
1476 891 61 35 det
1556 904 44 22 av
1620 891 193 43 byggnads-

321 941 213 35 kommittén
553 942 194 35 reviderade
766 942 159 44 förslaget
944 944 56 34 till
1018 944 248 43 nybyggnader
1285 944 52 35 för
1355 944 137 35 kemisk
1512 944 216 44 apparathall
1748 944 64 35 och

322 995 150 35 kemiskt
490 996 249 34 laboratorium
756 997 156 35 kommer
930 997 54 34 till
1002 997 192 44 utförande,
1212 998 111 34 vilket
1340 998 126 44 förslag
1483 998 157 43 betingar
1658 1011 42 22 en
1717 998 95 35 kost-

320 1049 215 43 nadsökning
555 1062 45 21 av
620 1053 65 31 275
700 1053 68 31 000
786 1050 136 35 kronor.

367 1102 18 33 I
410 1103 151 42 enlighet
585 1103 80 34 med
689 1103 393 43 departementschefens
1107 1104 127 44 förslag
1256 1105 189 43 tillstyrker
1468 1105 188 44 utskottet,
1680 1111 55 30 att
1759 1105 53 35 till

323 1156 200 43 utrustning
552 1168 49 22 m.
631 1169 48 22 m.
710 1156 53 35 för
793 1157 205 43 högskolans
1027 1157 206 44 utbyggnad
1263 1158 54 34 för
1347 1161 100 31 nästa
1479 1158 169 43 budgetår
1679 1159 133 35 anvisas

323 1212 16 30 1
356 1212 66 31 800
433 1213 67 31 000
522 1209 137 35 kronor.

366 1262 76 35 Vad
460 1263 381 43 departementschefen
857 1264 12 34 i
886 1264 113 43 övrigt
1015 1264 109 34 under
1140 1264 221 35 förevarande
1377 1265 117 43 punkt
1511 1265 115 35 anfört
1643 1266 65 34 och
1725 1265 87 34 före-

321 1316 100 43 slagit
439 1316 63 35 har
519 1316 76 35 icke
613 1316 89 44 givit
719 1317 177 34 utskottet
912 1317 185 43 anledning
1112 1318 54 35 till
1183 1317 133 37 erinran
1333 1318 82 35 eller
1433 1318 191 35 uttalande.

367 1370 185 35 Utskottet
572 1370 195 35 hemställer
785 1371 111 41 alltså,

687 1429 56 29 att
760 1424 178 43 riksdagen
956 1425 59 33 må

686 1478 33 42 a)
746 1478 54 34 till
824 1477 210 43 Utbyggnad
1052 1490 47 22 av
1119 1477 160 36 tekniska
1298 1478 188 43 högskolan
1505 1479 13 35 i
1536 1479 206 35 Stockholm
1760 1479 52 35 för

638 1531 205 43 budgetåret
870 1531 158 44 1947/48
1054 1531 107 35 under
1188 1536 129 31 statens
1345 1532 174 34 allmänna
1545 1532 267 43 fastighetsfond

640 1585 117 34 anvisa
774 1589 54 30 ett
846 1584 339 44 investeringsanslag
1202 1598 45 21 av
1265 1589 20 30 5
1300 1589 68 31 760
1380 1589 67 31 000
1464 1586 139 41 kronor;

688 1638 37 43 b)
752 1638 55 34 till
836 1638 172 36 Tekniska
1036 1639 187 42 högskolan
1249 1640 13 34 i
1287 1639 221 36 Stockholm:
1534 1640 184 44 Inredning
1747 1640 66 35 och

641 1691 201 43 utrustning
870 1704 44 22 av
943 1704 71 31 nya
1042 1691 130 36 lokaler
1200 1692 54 35 för
1283 1693 206 43 budgetåret
1519 1693 156 44 1947/48
1705 1693 107 35 under

639 1744 144 35 åttonde
795 1745 225 34 huvudtiteln
1033 1745 119 35 anvisa
1164 1750 53 31 ett
1229 1746 344 44 reservationsanslag
1582 1759 46 22 av
1640 1750 15 30 1
1669 1750 65 31 800
1746 1750 65 32 000

641 1798 137 34 kronor.

367 1914 68 42 2:0)
465 1914 192 34 Chalmers
677 1914 174 35 tekniska
869 1915 193 42 högskola.
1091 1914 101 35 Efter
1211 1915 128 44 förslag
1358 1928 45 22 av
1423 1916 132 43 Kungl.
1576 1916 109 42 Maj:t
1703 1917 11 34 i
1733 1928 79 31 pro-

320 1967 194 42 positionen
540 1970 99 31 1945:
653 1971 65 30 326
744 1968 161 34 anvisade
928 1968 182 43 riksdagen
1136 1968 200 43 (skrivelsen
1359 1981 40 21 nr
1422 1970 81 41 485)
1532 1969 53 34 för
1608 1969 205 43 budgetåret

323 2020 154 44 1945/46
508 2026 52 29 ett
587 2021 342 43 investeringsanslag
955 2034 46 22 av
1029 2025 100 31 2230
1143 2026 67 32 000
1233 2022 130 35 kronor
1389 2023 54 34 till
1470 2023 263 43 Nybyggnader
1760 2023 53 34 för

322 2074 178 35 Chalmers
518 2074 160 35 tekniska
697 2074 176 43 högskola.

366 2127 136 34 Genom
524 2127 116 35 beslut
661 2128 66 34 den
749 2132 43 30 29
816 2128 74 43 juni
914 2131 88 32 1945
1024 2128 175 36 föreskrev
1220 2129 132 44 Kungl.
1374 2129 121 44 Maj:t,
1518 2135 54 31 att
1594 2143 45 22 av
1660 2130 152 36 nämnda

321 2181 117 42 anslag
460 2180 94 44 finge
578 2186 95 38 tagas
697 2181 12 34 i
733 2182 146 42 anspråk
901 2181 102 43 högst
1026 2181 151 44 följande
1199 2182 128 44 belopp
1349 2182 54 35 för
1427 2183 213 43 påbörjande
1665 2196 45 22 av
1732 2184 78 34 här-

319 2233 89 35 efter
427 2234 149 43 angivna
597 2234 322 44 byggnadsföretag,
938 2235 175 43 nämligen

320 2305 211 43 nybyggnad
561 2305 54 34 för
644 2305 226 44 avdelningen
899 2305 53 37 för
982 2306 250 36 elektroteknik
1269 2334 166 8 ........
1466 2307 129 36 kronor
1620 2312 16 30 1
1653 2312 65 31 000
1733 2312 65 31 000

318 2358 219 44 tillbyggnad
562 2371 46 23 av
631 2358 337 44 fysikinstitutionen
1000 2387 439 8 .............s....o>
1529 2376 17 17 »
1653 2366 66 30 300
1733 2366 65 30 000

319 2411 210 44 nybyggnad
550 2412 53 34 för
623 2412 226 44 avdelningen
869 2413 52 35 för
942 2413 257 36 maskinteknik
1227 2441 212 8 ..........
1530 2430 17 17 »
1654 2419 66 30 930
1733 2419 65 30 000

1298 2477 147 35 Summa
1467 2477 128 35 kronor
1618 2481 21 30 2
1653 2481 65 31 230
1732 2481 78 31 000.
