2136 2600
685 119 99 32 Stats-
794 119 163 33 Utskottets
981 121 169 32 Memorial
1174 123 62 31 N:o
1260 124 70 30 101.

937 482 59 39 N:o
1025 483 65 38 101.

796 641 75 27 Ank.
897 641 48 28 till
969 643 100 28 Riksd.
1095 644 101 28 Kansli
1224 646 54 27 den
1309 648 33 26 19
1370 647 57 36 Maj
1460 650 75 26 1874
1564 648 38 28 kl.
1632 649 15 27 7
1674 659 24 18 e.
1724 659 36 18 m.

411 791 190 43 Memorial,
643 794 175 43 angående
860 792 117 44 tillägg
1007 792 52 35 till
1088 795 96 33 1874
1212 793 61 36 ärs
1300 796 141 34 riksstat
1470 799 88 32 samt
1586 798 141 34 riksstat
1743 798 63 47 för

608 845 41 33 år
678 845 107 35 1875.

338 944 116 37 Sedan
482 947 28 46 ej
542 947 133 37 mindre
703 950 164 46 samtliga
895 950 41 35 de
965 951 133 46 anslag,
1128 951 121 36 hvilka
1278 952 58 36 vid
1375 953 235 36 innevarande
1638 954 166 36 riksmöte

208 996 53 35 till
289 997 175 47 utgående
493 998 108 37 under
629 1001 93 35 detta
751 1002 38 35 år
818 1003 153 34 anvisats
1004 1002 66 36 och
1111 1003 121 36 hvilka
1275 1005 122 46 anslag
1440 1005 83 36 böra
1569 1006 174 36 utbetalas
1771 1007 36 34 af

209 1048 257 37 Statskontoret
494 1051 77 35 utaf
596 1053 121 45 medel,
749 1066 72 23 som
856 1054 52 35 för
948 1055 200 35 ändamålet
1189 1056 96 35 skola
1327 1058 154 35 nämnda
1523 1058 219 36 embetsverk
1771 1059 37 35 af

208 1099 370 48 Riksgälds-kontoret
606 1105 294 47 tillhandahållas,
931 1106 202 37 blifvit
1053 1095 13 65 i
1081 1106 52 37 ett
1167 1108 144 48 "tillägg
1339 1109 52 35 till
1426 1112 92 33 1874
1547 1110 56 36 års
1634 1111 165 35 riksstat"

208 1154 266 47 sammanförda,
504 1159 44 32 än
576 1157 101 35 äfven
706 1158 153 46 riksstat,
903 1163 50 31 att
989 1159 93 47 gälla
1123 1160 52 35 för
1204 1160 37 35 år
1285 1163 94 33 1875
1424 1162 64 35 och
1530 1162 92 35 intill
1650 1162 77 36 dess
1757 1176 47 34 ny

208 1206 265 48 statsreglering
503 1208 167 48 vidtager,
704 1210 114 35 blifvit
846 1212 197 46 upprättad,
1086 1212 53 35 får
1180 1212 180 36 Utskottet
1396 1214 106 46 jemte
1544 1214 181 46 förmälan,
1755 1219 50 31 att

206 1258 51 34 uti
285 1258 112 47 begge
426 1260 100 35 dessa
554 1261 215 49 handlingar
798 1263 69 35 alla
896 1264 41 34 de
966 1264 151 47 utgifter,
1148 1277 73 23 som
1250 1266 71 35 afse
1351 1271 130 31 statens
1517 1267 285 48 jernvägsbygg-

207 1310 107 35 nader
343 1311 123 47 blifvit,
494 1314 51 34 för
575 1313 319 49 åskådliggörande
923 1315 35 35 af
984 1316 234 36 förhållandet
1248 1318 127 35 mellan
1411 1319 226 36 statsverkets
1666 1320 136 35 inkom-

207 1368 71 29 ster
305 1362 65 36 och
399 1364 151 47 utgifter,
580 1366 110 35 under
719 1367 165 36 rubriken
913 1370 116 33 "utom
1061 1368 300 37 hufvudtitlarna'
1403 1371 164 35 särskildt
1610 1375 192 44 upptagna,

207 1414 195 48 hemställa,

607 1473 50 32 att
684 1470 227 37 omförmälda
938 1476 127 33 tvänne
1101 1473 218 48 handlingar,
1351 1475 160 35 försedda
1552 1476 78 35 med
1671 1477 134 35 Herrar

608 1521 166 37 Talmäns
802 1523 262 47 underskrifter,
1109 1526 105 34 måtte
1256 1526 51 34 till
1349 1526 129 45 Kongl.
1508 1527 101 47 Maj:t
1638 1528 9 34 i
1677 1528 127 35 under-

608 1573 166 47 dånighet
803 1574 240 37 öfverlemnas.

310 1677 202 37 Stockholm
542 1679 65 36 den
644 1682 43 33 19
718 1681 69 47 Maj
826 1685 102 33 1874.

672 1784 58 36 På
755 1784 397 38 Stats-Utskottets
1181 1791 174 43 vägnar:

747 1889 157 36 ARVID
933 1889 165 36 FR:SON
1126 1891 154 36 POSSE.

299 2337 70 31 Bih.
395 2337 49 31 till
467 2338 112 32 Riksd.
605 2338 87 31 Prot.
718 2340 94 29 1874.
866 2341 12 27 4
905 2339 97 32 Saml.
1028 2342 17 29 1
1071 2340 78 40 Afd.
1176 2341 39 27 50
1243 2340 90 40 Häft.
