2212 2648
644 215 364 41 Bevillningsutskottets
1036 216 205 31 Betänkande
1267 215 60 32 N:o
1354 217 56 29 25.
1802 216 19 29 3

230 296 234 48 tillverkning
492 298 64 35 och
588 299 36 34 af
652 298 185 36 utländskt
864 300 154 43 råämne,
1049 299 53 35 för
1131 299 138 35 hvilket
1293 298 67 35 full
1384 298 215 35 införseltull
1628 298 122 35 blifvit
1769 311 52 22 er-

231 350 92 47 lagd,
353 352 65 34 och
448 352 29 44 c)
505 355 53 32 att
588 352 171 36 utförseln
789 352 238 36 verificerades
1055 365 129 34 genom
1214 353 104 47 intyg
1342 353 37 34 af
1395 352 259 35 vederbörande
1675 352 145 35 embets-

232 404 214 49 myndighet
473 407 20 33 å
523 405 291 48 lossoingsorten,
840 407 60 34 det
928 419 105 22 varan
1059 406 178 36 derstädes
1263 406 120 35 blifvit
1410 405 127 45 lossad,
1560 406 138 35 hvilket
1717 406 105 48 intyg

231 458 107 35 borde
377 471 81 22 vara
496 459 37 35 af
564 460 127 35 svensk
725 461 125 34 konsul
875 460 85 35 eller
988 461 74 34 vice
1091 460 141 44 konsul,
1263 460 116 35 derest
1406 460 108 34 sådan
1543 461 20 33 å
1592 459 146 35 berörda
1767 462 55 32 ort

230 511 129 36 funnes
396 513 149 44 anstäld,
584 514 191 47 behörigen
815 514 239 47 legaliseradt;
1093 514 90 35 dock
1218 516 64 41 att,
1322 513 116 35 derest
1476 512 170 36 utförseln
1686 513 135 35 skett
1800 507 23 59 i

230 565 121 49 fartyg
392 566 38 35 af
468 568 48 34 30
553 569 81 33 tons
672 567 205 47 drägtighet
913 568 85 35 eller
1021 568 204 35 derutöfver
1253 567 65 35 och
1348 567 59 35 vid
1435 566 172 36 utförseln
1636 567 186 46 iakttagits

232 619 68 35 den
339 619 169 45 kontroll,
547 632 78 24 som
666 621 12 34 i
715 623 22 43 &
776 623 48 34 42
862 621 218 47 tullstadgan
1112 622 55 34 för
1196 620 254 48 reexportgods
1479 621 130 34 funnes
1638 620 183 36 föreskrif-

230 685 79 28 ven,
344 675 112 46 något
491 675 97 34 bevis
622 688 57 22 om
714 687 125 23 varans
876 675 166 35 ankomst
1078 675 56 35 till
1163 675 66 34 den
1262 674 188 36 utländska
1478 674 281 47 lossningsorten
1788 675 30 46 ej

229 727 116 35 skulle
381 728 55 35 för
473 728 269 36 restitutionens
782 729 199 46 beviljande
1011 729 182 35 erfordras.
1252 729 110 34 Dessa
1391 728 265 35 bestämmelser
1680 727 102 47 gälde
1810 728 12 34 i

231 781 202 35 hufvudsak
462 782 103 35 äfven
589 783 56 34 vid
663 782 146 35 utförsel
830 782 112 36 under
959 782 375 48 restitutionsanspråk
1355 782 37 35 af
1411 782 108 35 andra
1539 782 78 34 utaf
1637 780 186 36 utländskt

230 835 141 34 råämne
409 835 209 36 tillverkade
655 848 118 33 varor;
813 836 91 35 dock
941 836 114 35 skulle
1093 836 68 35 den
1195 837 130 34 minsta
1363 835 373 47 utförselqvantiteten
1768 835 54 35 för

230 888 161 47 spanmål
429 890 125 46 utgöra
596 892 111 40 2,000
743 890 172 47 kilogram
943 890 65 35 och
1033 891 54 34 för
1115 890 109 35 andra
1252 890 31 46 ej
1314 889 166 35 särskildt
1508 891 184 46 upptagna
1720 901 102 22 varor

230 941 212 36 bestämmas
482 943 37 34 af
547 943 385 48 generaltullstyrelsen
962 944 12 34 i
1002 944 121 46 hvarje
1153 943 166 35 särskildt
1347 943 74 35 fall.
1475 942 187 47 Härjemte
1693 942 129 35 funnes

230 996 54 34 för
325 996 109 35 andra
474 999 44 32 än
557 997 42 35 de
636 997 12 34 i
681 997 22 46 &
744 999 21 34 9
796 1010 106 22 mom.
938 999 16 33 1
988 998 65 35 och
1084 999 20 33 2
1134 996 473 36 tulltaxeunderrättelserna
1637 998 184 46 upptagna

230 1062 101 22 varor
366 1049 168 36 särskildt
570 1051 239 44 föreskrifvet,
850 1054 52 32 att
926 1051 60 35 vid
1013 1053 165 33 råvarans
1206 1051 186 34 införande
1416 1051 12 34 i
1452 1050 93 35 riket
1572 1050 165 35 anmälan
1762 1062 57 22 om

228 1103 153 47 afsigten
409 1104 79 35 med
512 1104 171 36 införseln
712 1105 202 46 skriftligen
945 1105 114 35 skulle
1088 1109 112 43 göras,
1219 1107 53 33 att
1292 1104 67 35 den
1380 1104 178 35 förädlade
1578 1116 105 22 varan
1704 1103 116 35 skulle

229 1157 136 35 utföras
402 1158 98 34 inom
530 1158 69 35 viss
632 1159 53 35 tid
714 1159 91 35 efter
833 1161 164 33 råvarans
1025 1159 157 44 införsel,
1214 1158 145 35 hvilken
1387 1158 55 35 tid
1472 1170 80 23 vore
1581 1157 162 36 bestämd
1767 1157 54 34 för

228 1211 162 48 spanmål
418 1211 57 35 till
506 1214 20 32 6
557 1212 167 35 månader
752 1213 66 34 och
843 1213 54 34 för
925 1213 110 34 andra
1064 1225 101 22 varor
1192 1212 57 35 till
1278 1214 52 33 ett
1357 1213 50 42 år,
1428 1214 93 33 samt
1539 1213 53 33 alt
1611 1211 51 35 in-
1680 1211 66 35 och
1767 1213 52 32 ut-

228 1264 132 35 förseln
389 1265 116 34 skulle
538 1265 61 35 ske
627 1265 60 35 vid
716 1278 133 22 samma
878 1266 266 44 tullkammare;
1171 1265 91 35 dock
1288 1265 119 35 kunde
1431 1264 389 48 generaltullstyrelsen

231 1318 52 34 för
315 1317 109 35 andra
460 1331 103 22 varor
590 1322 42 32 än
663 1319 162 47 spanmål
854 1319 179 47 medgifva
1064 1319 183 47 undantag
1275 1319 77 34 från
1378 1318 218 36 sistnämnda
1625 1317 194 36 föreskrift.

228 1371 72 35 Vid
325 1371 148 36 utförsel
502 1372 81 35 med
609 1374 149 45 jernväg
785 1373 57 35 till
870 1373 123 46 Norge
1023 1374 128 34 funnes
1180 1372 171 47 derjemte
1380 1372 227 35 föreskrifvet
1638 1372 8 34 i
1681 1374 8 32 4
1711 1383 106 22 mom.

227 1425 38 34 af
301 1426 241 45 nyssnämnda
579 1426 32 46 8,
652 1428 54 33 att
739 1428 232 46 exportvaran
1005 1426 113 36 skulle
1148 1427 174 47 förpassas
1349 1426 57 34 till
1436 1425 106 35 norsk
1570 1425 250 35 tullkammare

227 1480 93 33 samt
356 1481 54 33 att
449 1492 124 22 varans
601 1480 213 35 framkomst
842 1480 114 35 skulle
981 1480 139 48 styrkas
1151 1480 150 35 medelst
1328 1481 109 34 attest
1465 1479 78 35 från
1572 1491 134 23 samma
1734 1477 86 36 tull-

229 1532 190 35 kammare.
478 1534 20 34 I
542 1534 109 47 öfrigt
692 1534 117 35 skulle
851 1535 60 34 vid
952 1534 145 36 utförsel
1130 1534 37 35 af
1204 1534 66 34 alla
1309 1546 103 23 varor
1444 1533 113 35 under
1584 1532 237 36 restitutions-

228 1586 152 47 anspråk
405 1599 166 23 varornas
597 1587 244 36 beskaffenhet
870 1588 65 35 och
957 1588 218 48 myckenhet
1195 1588 37 34 af
1252 1586 259 36 vederbörande
1531 1586 289 46 tullförvaltning

228 1640 216 35 undersökas
487 1641 65 35 och
592 1643 196 41 attesteras,
829 1642 196 47 hvarjemte
1066 1654 146 22 varorna
1251 1641 90 35 efter
1379 1637 148 49 behörig
1554 1639 267 47 tullförsegling

227 1693 114 35 skulle
369 1694 114 34 under
510 1694 274 47 tullbevakning
812 1695 155 35 inlastas.

335 1746 122 48 Några
487 1748 200 46 eftergifter
715 1749 12 33 i
756 1748 93 35 hvad
878 1761 48 22 nu
956 1761 82 21 vore
1069 1747 177 36 bestämdt
1261 1747 146 35 rörande
1424 1749 252 45 exportvarans
1691 1746 129 34 under-

228 1800 165 47 sökning,
420 1801 196 47 försegling
644 1802 65 34 och
739 1802 205 47 bevakning
972 1802 112 34 under
1112 1801 242 46 inlastningen
1381 1801 119 34 kunde
1530 1800 113 47 enligt
1672 1800 149 35 embets-

231 1854 149 35 verkens
422 1854 93 46 åsigt
554 1854 87 42 icke,
687 1857 84 33 utan
817 1855 259 35 åsidosättande
1110 1856 37 34 af
1175 1867 43 22 en
1250 1855 54 34 för
1331 1854 216 35 statsverket
1575 1852 245 49 betryggande

229 1907 169 44 kontroll,
429 1908 207 47 medgifvas.
695 1909 85 35 Icke
806 1909 109 35 heller
939 1911 122 46 syntes
1090 1908 230 36 föreskriften
1350 1921 57 22 om
1437 1908 247 35 tillverkarens
1710 1906 111 35 under

227 1961 155 47 edspligt
422 1961 138 47 afgifna
602 1963 63 33 och
702 1963 37 34 af
767 1964 59 33 två
856 1963 139 35 vittnen
1025 1962 184 48 bestyrkta
1240 1962 180 35 försäkran
1452 1961 182 47 angående
1664 1959 156 36 tillverk-

228 2014 130 46 ningen
400 2015 121 34 kunna
564 2015 252 35 efterskänkas.
878 2016 59 34 Nu
979 2016 160 46 gällande
1171 2015 244 35 bestämmelse
1445 2028 56 21 om
1531 2014 209 48 skyldighet
1768 2014 53 33 för

228 2079 214 34 varuegaren
482 2070 53 33 att
578 2069 29 45 ej
639 2068 150 35 allenast
818 2069 56 34 vid
905 2071 164 33 råvarans
1092 2069 146 34 införsel
1267 2068 202 46 skriftligen
1500 2067 137 35 anmäla
1667 2067 153 45 afsigten

227 2120 155 43 härmed,
427 2123 85 32 utan
557 2123 102 33 äfven
686 2125 53 32 att
769 2122 95 34 inom
896 2123 68 33 viss
992 2122 53 35 tid
1074 2122 90 34 efter
1193 2121 170 34 införseln
1394 2122 118 34 utföra
1541 2121 65 33 den
1640 2120 177 35 förädlade

228 2185 104 22 varan
374 2174 113 34 funne
531 2175 268 34 embetsverken
841 2167 149 54 jemväl
1012 2176 82 33 böra
1123 2174 207 43 bibehållas,
1357 2177 82 31 enär
1463 2173 123 35 endast
1615 2173 205 45 härigenom

229 2238 80 22 vore
354 2227 52 34 för
446 2227 194 34 tullverket
682 2228 143 46 möjligt
867 2231 53 32 att
953 2229 10 33 i
994 2228 65 35 och
1088 2228 54 34 för
1172 2227 154 35 kontroll
1358 2228 74 33 föra
1461 2226 360 47 afräkningsdiarium

227 2281 100 33 öfver
357 2280 51 34 in-
440 2282 62 33 och
538 2281 182 35 utförseln.
785 2282 212 44 Visserligen
1029 2282 129 33 fannes
1186 2282 52 33 för
1263 2280 74 35 de
1330 2275 19 57 i
1370 2280 231 48 nyssberörda
1633 2280 53 43 8&:s
1720 2281 8 33 I
1757 2279 63 35 och
