1878 2842
299 133 18 30 8

651 139 378 32 Jordbruksutskottets
1054 141 177 31 utlåtande
1255 142 48 30 Nr
1329 144 50 29 83.

1066 223 251 30 Avlöningsstat.

593 276 28 29 1.
646 275 209 37 Avlöningar
897 276 51 30 till
989 276 211 37 tjänstemän
1231 277 20 32 å
1281 278 174 31 ordinarie

690 328 73 34 stat,
789 326 200 38 förslagsvis
1017 322 27 47 o—=
1066 352 384 7 sessesssserserrrra
1481 330 128 31 kronor
1636 331 139 37 124,100

613 400 5 6 .
644 376 157 31 Arvoden
838 378 66 29 och
940 378 169 31 särskilda
1133 379 238 37 ersättningar,
1399 381 55 29 be-

690 428 133 30 stämda
847 437 43 21 av
913 428 121 37 Kungl.
1058 429 116 36 Maj:t:

691 476 30 40 a)
751 478 161 30 Arvoden
967 479 50 30 till
1074 479 80 37 fyra

757 529 172 31 särskilda
958 525 15 45 =
997 531 155 35 styrelse-

756 580 191 30 ledamöter
991 581 20 29 aå
1059 581 95 36 1,800

588 377 18 28 Nn

753 630 130 31 kronor
948 652 201 10 --..........
1180 632 128 31 kronor
1356 633 95 35 7,200

688 679 32 39 b)
751 680 135 32 Arvode
910 681 50 30 till
983 691 42 21 en
1047 682 104 37 bygg-

754 732 301 31 nadskontrollant
1085 728 6 44 =
1117 757 30 6 ..
1236 744 11 15 »
1354 735 97 34 4,800
1534 754 11 14 >
1655 733 125 50 12,000-

587 790 29 29 3.
643 789 209 37 Avlöningar
880 791 51 30 till
959 792 95 36 övrig
1084 792 265 31 icke-ordinarie
1376 802 75 28 per-

688 841 108 30 sonal:

687 890 31 40 a)
749 891 322 38 Grundavlöningar

751 952 44 20 IM.
820 952 46 21 M:s
898 967 250 7 3:
1026 939 55 43 arr:
1093 939 58 43 sn
1179 945 128 30 kronor
1331 945 120 35 50,000

686 991 32 40 b)
748 992 406 39 Avlöningsförhöjning-

752 1052 38 22 ar
813 1053 115 27 m.m.,
952 1044 200 38 förslagsvis
1235 1056 12 15 »
1353 1046 97 35 5,900
1534 1066 11 14 >
1652 1056 118 35 55,900

586 1101 30 29 4.
644 1101 127 37 Rörligt
801 1103 127 36 tillägg,
959 1103 200 38 förslagsvis
1185 1094 261 41 ............
1534 1117 11 14 >
1655 1107 115 35 10,800

631 1252 56 40 IV)
717 1253 70 31 dels
811 1254 56 30 för
889 1255 200 36 budgetåret
1116 1253 142 34 1939/40
1281 1257 111 31 under
1416 1257 124 31 nionde
1564 1258 216 31 huvudtiteln

581 1303 135 31 anvisa:

625 1361 51 31 till
700 1361 369 39 Egnahemsbildning:
1095 1364 381 38 Egnahemsstyrelsen:
1501 1366 208 38 Avlöningar
1735 1369 46 28 ett

584 1412 269 39 förslagsanslag
877 1423 43 20 av
943 1415 139 34 202,800
1107 1415 142 36 kronor;

624 1462 51 30 till
713 1463 368 38 Egnahemsbildning:
1119 1465 380 38 Egnahemsstyrelsen:
1528 1467 254 32 Omkostnader

586 1516 46 27 ett
659 1513 268 39 förslagsanslag
953 1525 41 21 av
1020 1516 121 35 95,000
1167 1517 140 36 kronor;

625 1564 52 30 till
706 1564 368 38 Egnahemsbildning:
1103 1566 366 39 Förvaltningsbidrag
1499 1569 49 30 till
1580 1569 200 37 egnahems-

585 1614 288 37 låneförmedlare
900 1618 46 27 ett
969 1616 268 39 förslagsanslag
1260 1628 42 21 av
1330 1619 172 35 1,290,000
1527 1620 142 35 kronor;

625 1665 51 30 till
698 1665 367 38 Egnahemsbildning:
1087 1667 128 37 Bidrag
1237 1668 50 31 till
1309 1668 395 39 hushållningssällskap
1726 1670 56 37 för

585 1715 549 38 jordanskaffningsverksamhet
1157 1721 46 27 ett
1226 1719 269 38 förslagsanslag
1518 1730 42 20 av
1586 1721 93 35 1,000
1703 1722 76 29 kro-

584 1775 78 26 nor;

624 1816 51 31 till
701 1816 368 38 Egnahemsbildning:
1096 1818 203 38 Avsättning
1325 1820 51 30 till
1401 1820 130 38 fonden
1555 1820 56 38 för
1637 1822 144 36 premie-

587 1866 58 31 lån
669 1866 50 32 till
743 1867 362 37 eynahemslåntagare
1130 1872 47 27 ett
1200 1870 119 37 anslag
1343 1880 42 21 av
1409 1870 139 37 500,000
1572 1872 141 36 kronor;

624 1916 51 31 till
694 1916 368 39 Egnahemsbildning:
1082 1918 186 37 Byggande
1287 1929 42 21 av
1347 1920 281 39 nybyggesvägar
1647 1925 45 28 ett
1710 1923 70 37 för-

583 1967 212 37 slagsanslag
820 1977 44 22 av
892 1968 138 35 100,000
1056 1969 143 36 kronor;

627 2018 53 30 till
724 2018 555 37 Jordanskaffningsverksamhet
1325 2022 95 30 inom
1466 2022 314 39 Västernorrlands,

583 2068 206 38 Jämtlands,
825 2068 255 32 Västerbottens
1114 2070 66 31 och
1212 2070 226 33 Norrbottens
1471 2073 56 31 län
1561 2076 46 28 ett
1628 2083 150 21 reserva-

584 2119 211 37 tionsanslag
813 2128 42 21 av
874 2120 140 35 300,000
1032 2121 143 35 kronor;

623 2169 51 31 till
703 2169 380 38 Grundförbättringar:
1111 2171 128 37 Bidrag
1266 2172 51 31 till
1343 2173 237 38 förstärkning
1608 2184 42 21 av
1678 2176 100 37 ofull-

584 2220 160 37 ständiga
775 2220 173 37 jordbruk
982 2230 44 21 m.
1062 2231 45 21 m.
1145 2225 46 29 ett
1225 2222 268 40 förslagsanslag
1526 2234 43 21 av
1605 2226 172 35 1,250,000

582 2271 143 36 kronor;

627 2338 39 32 V)
698 2338 70 31 dels
791 2338 170 36 medgiva,
987 2342 48 28 att
1061 2339 124 36 Kungl.
1210 2339 101 37 Maj:t
1323 2340 60 32 må
1395 2341 56 31 för
1463 2342 202 37 budgetåret
1680 2340 97 34 1939/

582 2389 43 30 40
651 2388 126 37 bevilja
802 2390 207 36 statsanslag
1034 2389 89 31 intill
1153 2391 138 35 175,000
1317 2392 131 31 kronor
1473 2392 55 32 för
1552 2394 225 30 utlämnande

582 2449 43 20 av
646 2439 205 37 statsbidrag
872 2439 51 31 till
944 2440 179 36 byggande
1142 2450 43 22 av
1206 2441 293 39 nybyggesvägar;
