1884 2842
486 158 380 32 Jordbruksutskottets
891 157 176 32 utlåtande
1091 157 50 32 Nr
1163 160 49 30 83.
1569 153 40 31 19

95 202 149 30 fa

97 244 89 30 buds
207 245 86 29 även
314 244 57 30 vid
391 244 139 30 förvärv
549 253 42 21 av
611 244 181 36 jordbruk,
814 244 94 31 vilka
927 243 45 37 på
992 245 112 36 grund
1125 254 42 20 av
1188 244 55 30 sitt
1263 243 136 37 färdiga
1420 243 96 30 skick
1537 243 64 30 hit-

98 295 107 30 intills
230 295 87 30 varit
342 296 226 35 undantagna
595 295 56 30 för
677 295 429 36 egnahemslånerörelsen.

143 345 388 36 Departementschefen
554 346 64 30 har
640 345 116 30 funnit
779 346 56 29 det
857 346 205 35 uppenbart,
1087 349 47 27 att
1159 345 124 30 hinder
1306 345 76 30 icke
1403 346 110 29 under
1536 345 69 29 alla

99 396 243 30 förhållanden
363 396 64 30 bör
448 396 165 36 föreligga
636 399 49 27 att
705 395 227 36 understödja
954 395 140 30 förvärv
1117 405 42 21 av
1181 396 105 30 redan
1308 395 180 36 befintliga
1511 394 92 36 jord-

98 447 100 29 bruk.
235 446 140 30 Liksom
400 447 120 30 hittills
542 447 65 29 bör
628 447 452 34 egnahemsverksamheten
1105 445 146 31 sålunda
1275 446 120 30 kunna
1419 446 185 29 medverka

96 497 57 30 vid
179 496 115 38 friköp
318 506 42 20 av
386 496 244 31 arrendeställe
656 496 81 29 eller
760 498 78 35 torp
864 496 163 30 ävensom
1053 495 58 31 vid
1136 495 229 37 övertagande
1392 504 42 21 av
1460 505 41 20 en
1528 504 74 20 arv-

99 548 107 30 fallen
232 548 83 36 gård
342 557 124 27 genom
495 548 175 36 utlösning
698 558 40 20 av
766 548 251 36 medarvingar.
1060 548 124 30 Starka
1213 547 74 30 skäl
1316 556 104 27 synas
1449 547 154 35 departe-

99 598 236 31 mentschefen
356 599 120 30 kunna
497 598 141 31 anföras
658 598 56 32 för
734 608 42 20 en
795 598 203 36 utvidgning
1018 607 41 21 av
1079 598 453 35 egnahemsverksamheten
1553 596 50 30 till

99 652 49 27 att
168 658 79 21 avse
265 649 140 30 förvärv
425 659 42 20 av
487 649 135 36 färdiga
635 649 120 30 ställen
767 649 86 29 även
866 649 9 29 i
888 649 108 30 andra
1016 648 61 30 fall
1099 649 44 29 än
1155 648 41 30 de
1215 657 46 20 nu
1281 648 165 30 nämnda.
1469 646 63 31 Det
1551 656 52 26 sy-

99 709 62 20 nes
183 699 146 31 sålunda
352 699 191 36 motiverat,
567 703 49 27 att
638 708 163 27 personer
824 699 9 29 i
856 709 81 27 svag
958 698 205 30 ekonomisk
1186 698 171 36 ställning,
1380 698 93 29 vilka
1495 698 110 29 sakna

100 750 179 35 möjlighet
306 753 48 27 att
381 751 63 28 hos
469 749 344 35 kreditinrättningar
838 749 155 36 upplåna
1020 749 111 29 medel
1157 748 48 30 till
1235 748 227 35 finansiering
1489 757 41 20 av
1558 750 47 27 ett

96 798 324 39 jordbruksföretag
447 799 44 37 på
518 801 45 28 ett
591 798 218 31 ekonomiskt
836 798 319 30 tillfredsställande
1183 799 74 33 sätt,
1287 798 97 29 skola
1407 797 119 30 kunna
1553 806 49 20 er-

100 851 94 30 hålla
214 851 138 30 bistånd
372 851 117 30 härtill
508 850 79 31 från
606 850 526 36 egnahemsorganisationernas
1154 850 82 34 sida,
1257 849 87 30 även
1364 849 63 29 där
1448 848 98 36 fråga
1567 849 38 28 är

100 911 57 20 om
179 902 138 30 förvärv
340 911 42 20 av
406 902 106 29 redan
534 901 181 36 befintliga
737 900 180 37 jordbruk.
953 899 130 31 Härvid
1104 900 64 29 bör
1188 899 190 30 emellertid
1399 898 115 31 såsom
1534 898 69 30 för-

99 952 191 38 utsättning
317 952 56 30 för
399 953 359 34 egnahemsorganens
783 951 212 30 medverkan
1023 951 131 35 strängt
1181 949 182 31 fasthållas
1392 949 55 30 vid
1474 949 130 34 kravet,

101 1006 48 26 att
167 1002 205 36 jordbruket
390 1021 43 3 —
453 1003 63 29 där
533 1002 56 30 det
609 1002 75 29 icke
702 1002 144 29 allenast
863 1002 39 29 är
920 1004 108 27 avsett
1046 1000 114 31 såsom
1179 999 248 36 stödjordbruk
1445 1016 43 3 —
1506 999 38 30 är
1562 1008 43 20 av

100 1054 66 28 den
189 1053 126 30 storlek
337 1053 65 29 och
424 1052 255 35 beskaffenhet,
703 1055 48 27 att
774 1052 193 29 detsamma
990 1052 69 28 kan
1084 1054 142 32 antagas
1249 1051 143 28 komma
1415 1052 48 27 att
1483 1050 122 34 utgöra

100 1107 45 26 ett
172 1103 207 36 bärkraftigt
405 1103 333 35 jordbruksföretag.

147 1154 72 29 Den
248 1163 41 20 av
317 1153 382 36 departementschefen
727 1152 146 30 sålunda
900 1151 122 37 gjorda
1049 1150 275 37 begränsningen
1351 1150 10 29 i
1388 1149 216 35 utrednings-

100 1205 170 29 männens
299 1204 130 35 förslag
457 1213 56 20 om
544 1202 315 37 ianspråktagande
888 1211 42 21 av
959 1201 136 36 färdiga
1121 1200 169 37 jordbruk
1319 1200 58 30 för
1404 1200 201 35 egnahems-

100 1255 263 29 verksamheten
390 1254 154 35 innebär,
571 1257 49 26 att
646 1253 117 36 dylika
787 1252 171 36 jordbruk
983 1252 9 29 i
1017 1252 240 30 storleksklass
1281 1251 129 29 mellan
1434 1249 170 37 stödjord-

100 1306 90 29 bruk
216 1306 64 29 och
305 1304 318 36 familjejordbruk,
648 1304 32 29 d.
706 1313 29 22 v.
762 1313 24 20 s.
814 1302 247 36 ofullständiga
1085 1301 180 37 jordbruk,
1290 1301 122 30 endast
1438 1300 9 29 i
1471 1300 134 30 undan-

100 1355 138 36 tagsfall
261 1356 97 29 skola
382 1356 119 29 kunna
523 1354 10 30 i
555 1354 174 36 befintligt
752 1353 97 31 skick
874 1352 180 31 förvärvas
1079 1352 80 30 med
1182 1352 76 30 stöd
1282 1361 42 20 av
1347 1349 257 38 egnahemslån.

101 1406 171 30 Utskottet
294 1407 65 29 har
379 1408 111 27 ansett
512 1405 49 37 sig
581 1405 85 29 böra
688 1403 103 37 något
812 1404 162 29 närmare
995 1403 119 35 belysa
1137 1402 92 30 detta
1252 1400 181 37 spörsmål.

145 1451 231 41 Åkerjordens
399 1456 65 29 och
487 1456 65 28 den
577 1455 56 29 för
656 1454 115 35 odling
794 1453 163 36 lämpade
978 1453 163 29 markens
1164 1452 203 35 belägenhet
1391 1451 125 29 liksom
1540 1450 66 29 den

101 1507 106 29 redan
232 1506 229 36 genomförda
483 1504 264 37 jorddelningen
771 1503 46 36 på
837 1503 127 36 många
987 1502 70 30 håll
1082 1502 10 30 i
1117 1502 116 30 landet
1257 1500 158 37 medgiva
1438 1500 75 30 icke
1536 1499 69 30 för-

102 1556 359 36 stärkningsåtgärder
478 1556 10 29 i
510 1555 109 30 sådan
640 1554 209 35 omfattning
871 1557 49 27 att
940 1553 69 30 alla
1027 1552 170 36 jordbruk
1217 1552 120 30 kunna
1356 1550 180 37 upplyftas
1555 1550 51 30 till

101 1608 64 30 full
191 1606 168 31 bärkraft.
397 1605 64 31 Det
487 1605 108 30 måste
620 1605 137 30 ändock
782 1613 99 21 anses
906 1603 165 30 önskvärt
1097 1605 49 28 att
1172 1610 122 27 genom
1319 1600 287 37 egnahemsverk-

102 1658 177 29 samheten
299 1657 217 35 tillvarataga
537 1655 234 36 föreliggande
792 1654 233 36 kringskurna
1047 1652 217 36 möjligheter
1285 1651 51 31 till
1359 1650 246 36 förstärkning.

101 1708 47 29 Av
174 1707 151 30 nämnda
350 1706 228 35 anledningar
603 1705 117 30 finnas
744 1705 87 29 även
856 1703 172 36 åtskilliga
1053 1701 246 36 ofullständiga
1324 1700 179 38 jordbruk,
1531 1708 75 22 som

102 1760 74 29 icke
200 1759 62 30 alls
287 1759 120 29 kunna
432 1757 192 30 förstärkas
650 1766 79 20 men
755 1765 74 20 som
852 1755 106 30 likväl
982 1754 109 30 måste
1116 1753 170 30 beräknas
1311 1753 143 29 komma
1478 1755 49 27 att
1549 1751 56 29 be-

102 1809 52 31 stå
177 1809 113 30 såsom
315 1807 249 36 självständiga
587 1807 180 35 jordbruk.
805 1805 142 30 Liksom
972 1804 55 30 för
1050 1805 42 29 de
1116 1803 135 35 färdiga
1273 1802 216 36 bärkraftiga
1513 1801 93 36 jord-

98 1860 134 29 bruken
260 1858 110 30 skulle
397 1857 58 30 vid
483 1854 350 39 egnahemsbelåning
860 1855 31 35 ej
921 1854 105 30 heller
1054 1853 174 30 erfordras
1256 1851 115 36 någon
1400 1850 205 31 subvention

101 1910 53 29 för
178 1910 98 29 dessa
300 1907 135 36 färdiga
460 1906 247 36 ofullständiga
730 1905 180 37 jordbruk.
958 1904 63 30 Det
1046 1903 147 30 anförda
1219 1902 56 30 må
1298 1902 136 36 belysas
1459 1902 77 29 med
1561 1902 46 27 ett

99 1959 167 35 exempel:
299 1958 49 29 Av
386 1961 123 26 tvenne
547 1955 292 37 grannjordbruk,
867 1964 74 20 som
967 1953 90 30 båda
1083 1955 60 28 äro
1170 1951 257 36 ofullständiga,
1455 1952 68 29 kan
1551 1951 56 29 det

101 2020 64 20 ena
186 2010 84 29 först
291 2009 105 30 sedan
418 2008 67 30 viss
507 2006 238 37 förstärkning
764 2006 161 35 vidtagits
944 2005 92 30 bliva
1057 2015 41 19 av
1122 2013 131 21 samma
1274 2002 160 30 bärkraft
1456 2011 73 21 som
1550 2002 56 29 det

102 2062 119 30 andra.
263 2060 113 35 Några
405 2059 195 36 ytterligare
628 2056 414 36 förstärkningsåtgärder
1068 2056 120 29 kunna
1216 2054 189 30 emellertid
1434 2053 73 30 icke
1534 2052 71 30 vid-

103 2115 95 31 tagas
223 2111 19 30 å
265 2111 55 29 det
347 2120 119 20 senare
490 2109 214 36 jordbruket.
744 2108 11 29 I
782 2108 93 29 detta
901 2106 60 30 fall
988 2106 110 29 skulle
1121 2105 120 30 endast
1266 2105 56 29 det
1347 2104 86 29 först
1460 2103 146 30 berörda

103 2162 111 29 stället
236 2162 117 29 kunna
374 2160 179 30 förvärvas
574 2159 79 29 med
675 2159 74 29 stöd
770 2167 41 20 av
835 2155 255 37 egnahemslån.

151 2212 116 29 Ehuru
289 2211 166 29 utskottet
479 2209 188 30 emellertid
693 2217 99 21 anser
814 2207 50 35 sig
885 2208 84 28 böra
995 2207 9 28 i
1029 2206 182 29 huvudsak
1237 2204 136 30 biträda
1397 2205 65 27 den
1486 2213 41 19 av
1550 2203 55 28 de-

105 2261 336 36 partementschefen
475 2260 196 32 föreslagna
705 2256 315 37 gränsdragningen
1054 2256 127 28 mellan
1216 2254 144 34 färdiga,
1393 2252 215 35 bärkraftiga

101 2313 65 28 och
183 2309 256 34 ofullständiga,
456 2307 180 37 jordbruk,
655 2308 56 28 vill
729 2307 163 29 utskottet
910 2304 172 35 samtidigt
1101 2304 107 29 uttala
1226 2303 48 35 sig
1292 2303 54 29 för
1363 2304 49 27 att
1430 2300 178 35 möjlighet

103 2363 63 27 bör
185 2362 50 29 stå
257 2363 112 33 öppen
393 2363 58 31 att,
473 2360 62 28 där
558 2358 170 29 särskilda
750 2357 72 29 skäl
850 2355 171 34 föreligga,
1044 2355 86 28 även
1152 2354 106 29 andra
1280 2353 136 34 färdiga
1437 2352 169 35 jordbruk

103 2413 43 28 än
176 2412 41 28 de
244 2411 78 29 fullt
349 2409 214 33 bärkraftiga
592 2408 97 29 skola
718 2408 117 28 kunna
865 2405 179 30 förvärvas
1072 2404 79 29 med
1179 2404 74 29 stöd
1281 2413 42 19 av
1350 2401 255 36 egnahemslån.

106 2462 67 29 För
201 2461 107 34 övrigt
337 2460 53 29 må
422 2459 6 29 i
455 2459 89 29 detta
575 2457 253 33 sammanhang
856 2455 212 33 framhållas,
1097 2457 45 26 att
1173 2454 193 34 begreppen
1393 2451 213 34 bärkraftiga
