1914 2834
591 178 229 29 Statsutskottets
842 177 148 28 utlåtande
1012 177 50 27 Nr
1085 178 69 28 179.
1412 164 6 7 |
1600 172 21 31 5

386 254 29 31 3.
439 252 172 42 Avlöning
644 252 54 32 till
731 252 207 41 tjänsteman
966 253 20 29 å
1008 253 94 29 extra
1125 252 77 36 stat,
1223 249 66 41 för-

439 304 137 40 SÅAGQSViS
604 326 675 8 moreerarereerr
844 298 79 50 reser
931 298 45 50 arr
981 298 45 50 ere
1031 298 48 50 rer
1088 298 22 50 rr
1119 298 29 50 rr
1153 298 7 50 e
1172 298 73 50 etern
1253 298 29 50 ta
1307 300 128 31 kronor
1462 295 20 50 =
1501 299 114 38 10,600

386 356 30 29 4.
440 354 160 31 Arvoden
638 353 66 32 och
745 352 169 32 särskilda
956 351 238 41 ersättningar,
1233 351 55 31 be-

442 404 132 32 stämda
597 415 40 20 av
660 403 126 41 Kungl.
808 402 473 41 Maj:t................s.ssso
1376 414 13 15 >
1500 399 116 40 62,400

388 456 20 31 ot

412 481 5 6 .
442 455 211 41 Avlöningar
669 454 52 31 till
734 453 94 42 övrig
840 452 259 33 icke-ordinarie
1113 452 174 41 personal:

441 517 28 20 a.
494 504 322 42 Grundavlöningar
838 515 43 20 m.
899 515 77 20 m...
1003 503 127 31 kronor
1155 502 134 39 109,400

441 557 32 31 b.
497 555 432 43 Avlöningsförhöjningar

534 618 42 20 m.
601 618 53 27 m.,
677 606 191 40 förslagsvis
888 631 92 5 ......
1064 617 12 15 »
1196 604 95 37 5,300
1482 611 135 38 114,700

388 667 28 31 6.
443 665 176 32 Särskilda
652 665 251 31 löneförmåner
937 664 51 31 till
1024 664 172 31 ordinarie
1226 663 64 32 och

441 716 260 31 icke-ordinarie
723 715 217 41 tjänstemän,
957 714 197 40 förslagsvis
1395 725 7 15 >
1501 712 116 38 20,000

878 774 142 31 Summa
1041 773 268 41 förslagsanslag
1331 773 127 30 kronor
1480 771 146 38 508,600;

443 851 28 41 ec)
494 852 53 31 till
580 850 353 41 Medieinalstyrelsen:
964 850 202 40 Avlöningar
1187 849 53 31 för
1261 848 206 42 budgetåret
1490 846 138 40 1938/39

390 902 119 32 anvisa
531 904 49 29 ett
602 901 269 42 förslagsanslag
893 911 40 21 av
956 900 137 39 508,500
1114 900 135 31 kronor.

433 969 82 42 II:o)
548 972 50 29 att
631 969 223 32 förenämnda
887 968 132 32 motion
1053 968 37 41 (I:
1117 967 69 42 139)
1219 967 11 31 i
1261 967 43 31 de
1327 967 104 37 delar,
1456 977 73 20 som
1553 964 75 32 icke

389 1020 207 33 behandlats
630 1020 109 31 under
771 1019 71 42 TI:o),
866 1019 75 31 icke
975 1021 55 29 må
1063 1018 52 32 till
1149 1020 112 39 någon
1283 1017 204 41 riksdagens
1510 1014 118 43 åtgärd

390 1071 185 32 föranleda.

174 1174 62 41 2:o)
279 1175 379 40 Medicinalstyrelsen:
694 1173 265 32 Omkostnader.
1004 1171 83 32 Med
1121 1170 242 42 tillstyrkande
1392 1180 40 20 av
1455 1168 98 32 bifall
1575 1168 54 31 till

121 1225 126 42 Kungl.
282 1225 116 41 Maj:ts
432 1225 128 41 förslag
592 1223 123 42 (punkt
745 1224 28 37 2,
798 1223 63 31 sid.
888 1222 123 32 17—18
1034 1233 41 20 av
1098 1220 223 33 förenämnda
1346 1219 285 42 statsrådsproto-

121 1275 90 42 koll),
244 1276 106 31 vilket
382 1276 12 30 i
417 1275 214 32 förhållande
653 1274 54 32 till
729 1273 241 32 motsvarande
993 1273 119 41 anslag
1133 1272 54 31 för
1208 1270 231 33 innevarande
1463 1270 169 41 budgetår

121 1327 144 31 innebär
287 1338 42 20 en
353 1326 145 41 höjning
521 1337 40 19 av
584 1325 136 31 medlen
744 1324 52 32 till
820 1335 170 30 expenser
1012 1323 78 31 med
1113 1323 93 38 8,000
1226 1322 128 31 kronor
1370 1321 63 32 och
1451 1321 53 31 till
1520 1319 110 42 publi-

122 1377 235 41 kationstryck
380 1376 79 32 med
482 1376 94 38 2,000
598 1376 135 37 kronor,
757 1374 200 32 hemställer
980 1374 179 37 utskottet,

445 1454 50 29 att
527 1452 183 40 riksdagen
744 1453 54 29 må
831 1451 54 30 till
918 1449 354 41 Medicinalstyrelsen:
1315 1448 230 32 Omkostnader
1577 1447 54 30 för

392 1502 204 41 budgetåret
621 1500 137 33 1938/39
781 1501 118 31 anvisa
922 1502 50 30 ett
994 1499 269 42 förslagsanslag
1286 1510 40 19 av
1344 1498 135 38 120,000
1494 1497 135 31 kronor.

178 1562 200 32 Stockholm
403 1561 66 32 den
493 1562 39 30 27
556 1560 64 42 maj
649 1561 91 31 1938.

623 1646 49 31 På
696 1644 278 33 statsutskottets
996 1645 139 40 vägnar:

655 1720 188 33 ANDERS
870 1720 226 32 RASTOCK.

181 1966 62 27 Vid
266 1964 203 29 förestående
492 1963 135 28 ärendes
651 1962 264 36 slutbehandling
937 1962 88 27 inom
1050 1961 159 27 utskottet
1232 1960 84 27 hava
1338 1959 165 27 närvarit:

177 2024 71 28 från
277 2024 122 27 första
422 2023 207 27 kammaren:
665 2022 109 27 herrar
811 2020 120 28 Nilsson
954 2020 10 27 i
988 2019 156 33 Gränebo,
1167 2017 164 30 Johansson
1358 2018 10 27 i
1392 2016 242 34 Fredrikslund,

124 2066 117 28 Nilsson
275 2066 9 27 i
319 2066 128 33 Malmö,
483 2064 139 28 Svensson
654 2064 4 27 i
681 2063 252 37 Kompersmåla,
958 2062 131 33 Hansén,
1112 2060 142 36 Asplund,
1279 2060 178 35 Bergström,
1481 2058 118 28 Nusson
1623 2059 10 27 i

124 2109 179 36 Landeryd,
340 2107 174 35 Gustafsson
548 2107 10 27 i
593 2106 169 34 Benestad,
797 2105 128 33 Andrén,
960 2103 96 29 Ström
1090 2104 10 27 i
1134 2103 178 36 Lidköping
1339 2102 59 28 och
1423 2101 210 36 Magnusson
1615 2097 20 52 i

125 2151 144 33 Kalmar;
303 2153 85 25 samt

167 2209 73 28 från
266 2209 121 27 andra
413 2209 203 26 kammaren:
646 2207 109 27 herrar
783 2205 136 33 Råstock,
946 2204 126 29 Jansson
1096 2205 9 27 i
1129 2204 110 34 Falun,
1264 2203 179 35 Magnusson
1466 2203 9 26 i
1499 2201 138 33 Skövde,

127 2251 180 33 Strindlund,
343 2250 142 27 Eriksson
518 2250 10 26 i
562 2248 194 34 Stockholm,
783 2248 154 36 Jeppsson,
962 2247 124 28 Persson
1109 2247 10 26 i
1143 2246 97 34 Falla,
1265 2245 150 33 Svensson,
1439 2243 165 28 Andersson
1625 2243 10 26 i

125 2293 155 33 Prästbol,
313 2292 99 32 Ward,
437 2290 144 35 Lindberg
604 2291 10 26 i
638 2290 101 28 Umeå
761 2290 57 27 och
842 2289 143 28 Isacsson.
