2168 2578
723 203 101 33 Stats-
835 202 165 33 Utskottets
1029 200 174 32 Utlåtande
1228 202 60 31 N:o
1312 203 43 30 12
1379 211 30 21 a.
1793 198 40 31 31

264 283 176 49 kunniga
476 283 178 37 biträden
697 283 71 36 hos
803 281 192 49 styrelsen
1037 280 120 36 likväl
1197 279 60 37 för
1299 281 74 36 den
1402 284 195 32 närmaste
1622 278 108 37 tiden
1745 278 133 36 kunna

264 349 115 24 anses
409 336 207 48 behöfliga,
658 335 47 36 då
731 334 193 49 styrelsen
954 332 93 49 sjelf
1069 332 85 36 icke
1183 332 76 36 kan
1289 338 165 42 antagas
1493 344 93 24 vara
1627 331 12 36 1
1682 330 113 36 stånd
1824 334 57 31 att

264 388 227 38 derförutan
521 400 102 35 egna
653 386 112 37 dessa
796 385 169 37 ärenden
995 383 229 48 erforderlig
1251 384 234 48 utredning;

394 445 99 32 samt
526 440 59 35 för
623 439 129 48 öfrigt,
783 440 49 46 på
861 442 76 31 sätt
967 436 152 36 anfördt
1146 435 139 49 blifvit,
1315 435 60 37 för
1403 436 223 36 kontrollen
1655 434 41 36 af
1721 433 157 37 arbeten

267 491 304 51 penningmedel
600 491 33 48 ej
663 491 133 35 kunna
824 489 205 44 undvaras;
1061 487 282 37 hemställande
1369 488 203 37 Utskottet
1601 487 123 47 alltså,

804 598 55 31 att
887 592 224 49 Riksdagen
1140 594 60 34 må
1228 594 49 46 på
1307 596 110 31 extra
1443 596 78 32 stat
1540 591 59 36 för
1626 592 98 36 1885
1742 590 135 36 anvisa

669 645 72 37 och
780 645 113 36 ställa
920 645 59 35 till
1008 644 142 48 Kongl.
1176 644 128 48 Maj:ts
1334 643 231 49 förfogande
1590 648 56 31 ett
1674 642 138 49 anslag
1840 641 42 36 af

670 699 114 45 5,000
826 698 155 46 kronor,
1012 702 55 30 att
1110 696 198 36 användas
1342 695 60 36 till
1435 695 159 36 arfvode
1624 697 38 34 åt
1692 708 47 22 en
1768 699 107 30 extra

669 748 277 49 byråingeniör
987 748 70 36 hos
1100 748 103 47 Väg-
1237 747 72 36 och
1334 746 543 49 vattenbyggnadsstyrelsen

670 807 99 29 samt
800 800 119 36 andra
948 800 196 47 tillfälliga
1175 798 288 48 omkostnader,
1495 812 81 22 som
1606 798 39 36 af
1658 797 218 37 kontrollen

670 852 109 36 öfver
808 851 357 49 odlingsföretagen
1193 851 133 36 kunna
1354 850 229 36 föranledas.

476 1006 427 41 Undervisningsanstalter
929 1005 55 34 för
1008 1005 159 42 jordbruk
1193 1005 61 33 och
1281 1004 382 42 landtmannanäringar.

397 1114 97 35 25:0.
537 1112 127 37 Sedan
697 1114 98 34 1882
825 1116 60 32 års
914 1111 175 49 Riksdag
1117 1114 48 46 på
1195 1116 109 30 extra
1335 1115 77 31 stat
1441 1110 58 35 för
1528 1112 40 33 år
1598 1111 98 34 1883
1722 1108 154 36 anvisat

269 1166 138 45 10,000
436 1164 144 36 kronor
607 1164 55 36 till
694 1164 196 36 ordnande
917 1163 42 36 af
981 1164 123 47 högre
1133 1161 283 49 undervisning
1444 1161 11 36 i
1485 1160 389 49 mejerihushållning

267 1216 65 36 vid
372 1215 144 37 Ultuna
541 1216 72 36 och
641 1216 167 48 Alnarps
836 1214 398 47 landtbruksinstitut,
1265 1218 100 31 samt
1393 1212 482 37 landtbruksakademiens

265 1267 421 48 förvaltningskomité,
718 1268 123 47 enligt
870 1266 118 48 nådig
1016 1266 226 47 befallning,
1264 1265 155 48 afgifvit
1433 1264 149 48 förslag
1597 1264 59 35 till
1672 1264 205 48 ordnings-

268 1319 160 48 stadgar
457 1319 59 36 för
543 1318 347 48 undervisningen,
911 1318 198 36 äfvensom
1127 1318 172 36 komitén
1318 1316 59 36 för
1392 1316 486 36 landtbruksläroverkens

268 1371 266 48 organisation
576 1375 123 43 yttrat
739 1370 62 48 sig
846 1370 11 36 i
901 1370 170 46 ärendet,
1101 1369 70 36 har
1200 1368 143 48 Kongl.
1374 1368 109 48 Maj:t
1511 1368 11 35 i
1553 1367 136 49 nådigt
1714 1367 87 37 bref
1820 1366 58 36 till

266 1422 172 37 komitén
467 1422 74 36 den
574 1425 43 33 13
647 1421 110 49 April
791 1423 95 34 1883
913 1421 212 36 förordnat:

396 1479 56 30 att
480 1473 122 37 första
632 1474 144 35 kursen
804 1473 60 36 för
892 1472 263 49 mejerielever
1184 1475 41 33 så
1254 1472 62 36 väl
1346 1471 66 36 vid
1444 1471 140 37 Ultuna
1613 1484 82 23 som
1725 1469 65 36 vid
1813 1470 63 35 Al-

267 1539 114 35 narps
410 1525 389 37 landtbruksinstitut
828 1525 124 36 skulle
981 1530 93 42 taga
1103 1524 59 36 sin
1190 1523 136 48 början
1356 1523 75 36 den
1465 1526 16 32 1
1512 1522 219 37 November
1763 1523 110 43 1883;

396 1582 56 31 att
493 1576 437 48 förvaltningskomitén
973 1576 124 35 skulle
1126 1589 73 35 ega
1229 1580 66 42 att,
1326 1575 12 35 i
1367 1574 282 47 hufvudsaklig
1678 1574 196 35 öfverens-

266 1629 220 36 stämmelse
531 1629 85 35 med
647 1629 65 35 det
754 1628 43 36 af
834 1627 173 37 komitén
1048 1627 151 48 ingifna
1244 1627 200 48 förslaget,
1487 1625 152 36 utfärda
1668 1625 206 48 ordnings-

266 1681 158 47 stadgar
453 1685 56 31 att
536 1680 78 36 tills
644 1680 132 36 vidare
806 1680 103 48 tjena
937 1679 59 35 till
1026 1678 255 36 efterrättelse
1311 1678 62 35 vid
1395 1677 348 48 undervisningen;
1775 1682 100 32 samt

395 1737 56 31 att
479 1732 87 36 hela
594 1732 64 36 det
686 1732 60 35 för
774 1730 467 50 mejeriundervisningen
1270 1729 191 49 beviljade
1478 1729 136 48 anslag
1629 1729 59 35 för
1704 1732 40 32 år
1762 1731 111 44 1883,

269 1787 134 41 10,000
442 1784 154 46 kronor,
640 1783 126 36 skulle
796 1784 41 35 af
861 1782 300 47 Statskontoret,
1191 1785 49 45 på
1268 1781 231 48 reqvisition
1530 1781 42 35 af
1596 1781 191 48 styrelsen
1817 1781 58 35 för

265 1835 289 37 vederbörande
583 1834 398 47 landtbruksinstitut,
1007 1834 191 36 utbetalas
1228 1833 87 36 med
1346 1834 113 47 5,000
1489 1833 142 35 kronor
1659 1832 57 36 till
1745 1833 130 36 hvart-

265 1888 90 35 dera
383 1887 206 47 institutet,
619 1886 71 37 och
719 1891 57 31 att
805 1887 188 35 hvardera
1021 1886 192 47 styrelsen
1242 1884 125 36 skulle
1396 1898 74 34 ega
1499 1889 56 31 att
1583 1885 120 47 häraf,
1733 1884 59 36 till
1809 1898 65 22 an-

266 1939 197 36 skafliande
506 1939 42 36 af
580 1938 122 48 nödig
742 1936 482 49 undervisningsmateriel
1268 1937 71 35 och
1386 1936 239 48 vidtagande
1669 1936 42 36 af
1741 1936 46 36 de
1816 1936 59 36 för

263 1990 332 48 undervisningen
638 1990 198 48 behöfliga
878 1990 261 47 anordningar
1180 1989 13 35 i
1227 1988 131 48 öfrigt,
1394 1988 178 36 använda
1598 1988 102 36 hvad
1729 2001 81 22 som
1840 1988 32 48 ej

265 2042 241 37 erfordrades
536 2042 59 36 för
624 2042 170 36 lärarens
824 2041 184 49 aflöning.

394 2093 226 38 Sedermera
663 2094 69 35 har
774 2093 42 36 af
851 2093 223 48 Riksdagen
1108 2092 114 36 äfven
1251 2091 59 36 för
1339 2094 40 33 år
1411 2093 99 35 1884
1539 2092 57 35 till
1626 2091 247 36 anordnande

264 2146 42 37 af
330 2147 123 48 högre
482 2145 417 49 mejeriundervisning
928 2145 65 36 vid
1012 2143 435 37 landtbruksinstituten
1471 2143 182 49 beviljats
1674 2143 200 36 enahanda

262 2198 139 49 belopp
427 2211 81 23 som
538 2197 59 36 för
625 2200 40 33 år
695 2198 111 35 1883.

394 2249 200 50 Styrelsen
624 2248 58 36 för
707 2249 167 49 Alnarps
903 2247 397 47 landtbruksinstitut,
1332 2260 95 35 som,
1457 2246 123 36 under
1606 2246 65 36 det
1700 2246 73 36 den
1791 2247 82 36 vid-

263 2301 100 51 tagit
404 2301 281 38 förberedande
727 2301 181 48 åtgärder
950 2300 59 36 för
1040 2299 357 48 undervisningens
1433 2299 209 46 ordnande,
1671 2298 202 37 kommit
1851 2294 24 62 i

264 2354 220 37 erfarenhet
525 2367 60 23 om
624 2358 56 32 att
726 2366 49 23 en
820 2352 253 48 tidsenligare
1100 2351 139 37 bostad
1267 2350 189 38 behöfdes
1486 2351 58 35 för
1572 2350 120 37 förste
1722 2351 150 36 läraren

1908 1107 67 32 Ang.
1996 1108 98 30 anslag

1918 1142 42 25 till
1978 1143 98 32 uppfö-

1903 1176 88 27 rande
2002 1177 46 25 vid
2059 1177 45 26 Al-

1910 1220 75 25 narp
2005 1212 34 31 af
2055 1220 34 17 en

1904 1246 189 34 bostudsbygg-

1966 1282 67 25 nad.

1956 1318 92 46 [22]
