2176 2576
97 1403 71 32 Ang.
189 1399 102 28 uteslu-

108 1437 85 26 tande
209 1434 70 34 från

100 1471 134 33 anslagen
253 1470 34 32 af

356 220 41 29 24
807 215 105 32 Stats-
923 210 181 45 Utskottets
1121 214 175 33 Utlåtande
1321 214 62 32 N:o
1407 214 42 31 12
1472 223 29 21 a.

437 298 53 35 På
519 301 78 32 sätt
625 293 241 37 förestående
895 293 157 50 uppgift
1082 293 189 50 angifver,
1298 298 160 43 utgöres
1483 291 299 49 ifrågavarande
1806 304 121 24 reser-

305 349 135 37 vation
469 348 59 36 till
558 345 237 50 ojemförligt
825 350 143 32 största
997 345 114 36 delen
1141 345 42 36 af
1201 344 135 37 värdet
1356 344 42 36 af
1413 344 248 46 inventarier,
1683 343 111 36 hvari
1815 343 113 48 ingår

308 401 137 36 värdet
478 399 42 36 af
548 397 368 48 hästbesättningen
951 397 64 36 vid
1051 397 240 36 stuterierna.
1351 396 59 36 Då
1443 396 113 36 dessa
1589 400 144 44 poster,
1762 394 164 36 likasom

306 452 279 46 behållningen
629 450 42 35 af
709 449 171 49 spanmål
922 449 73 36 och
1038 448 190 49 proviant,
1272 448 223 47 naturligen
1534 447 84 36 icke
1653 447 93 35 böra
1775 446 153 47 tagas
1907 442 23 60 i

307 503 219 47 beräkning
555 501 65 36 vid
649 501 241 36 bedömande
921 500 41 37 af
986 500 65 36 det
1076 500 223 36 nuvarande
1325 500 198 47 anslagets
1549 497 253 49 behöflighet,
1829 502 93 31 samt

308 568 179 24 summan
521 553 42 36 af
594 553 73 36 den
703 553 187 36 kontanta
924 552 292 48 behållningen,
1267 551 148 36 utlånta
1450 550 126 36 medel
1611 550 71 36 och
1711 548 219 48 fordringar

310 608 96 36 efter
437 606 138 48 afdrag
604 605 42 36 af
671 604 156 37 skulder
855 604 85 36 icke
970 603 170 49 uppgick
1169 603 59 36 till
1257 616 79 23 mer
1366 607 49 31 än
1444 604 139 45 88,972
1613 602 144 35 kronor
1787 602 45 34 87
1864 605 65 30 öre

310 659 72 36 och
417 658 59 36 för
512 657 119 48 öfrigt
660 656 9 36 i
700 656 141 48 sjelfva
869 656 137 35 verket
1032 660 42 31 är
1101 660 57 31 att
1186 655 178 36 betrakta
1393 657 125 33 såsom
1549 653 139 48 förlag,
1717 653 100 35 lärer
1844 652 85 36 icke

309 724 52 22 nu
392 709 213 47 anledning
634 708 209 36 förefinnas
872 711 57 31 att
960 706 157 48 vidtaga
1146 710 131 44 någon
1306 706 226 48 förändring
1562 705 86 36 med
1677 704 254 36 förevarande

310 761 149 48 anslag,
490 761 101 36 helst
620 758 239 37 hästafvelns
888 758 266 36 förbättrande
1183 758 84 36 icke
1296 758 76 36 kan
1396 770 112 24 anses
1528 770 92 23 vara
1641 759 121 45 något
1784 755 147 36 mindre

310 813 148 48 vigtigt
486 811 191 47 ändamål,
707 817 92 29 utan
828 815 168 31 tvärtom
1027 815 41 31 är
1097 809 43 36 af
1155 815 80 31 stor
1255 809 212 49 betydelse,
1490 808 186 37 särskildt
1699 808 58 35 för
1777 807 154 36 landets

306 864 294 49 jordbrukande
630 862 240 48 befolkning.

443 916 204 37 Utskottet
675 914 225 37 hemställer
930 913 126 47 alltså,

850 1021 55 31 att
946 1016 100 36 Herr
1087 1015 179 36 Friherre
1300 1014 349 37 Klinckowströms
1678 1013 254 36 förevarande

719 1068 147 48 förslag
886 1068 87 36 icke
995 1070 62 33 må
1079 1067 58 36 till
1159 1069 129 46 någon
1308 1066 244 49 Riksdagens
1570 1064 137 49 åtgärd
1724 1064 208 37 föranleda.

756 1204 236 43 Befrämjande
1017 1203 7 33 i
1051 1203 177 33 allmänhet
1254 1202 41 33 af
1316 1202 176 43 slöjderna.

863 1297 308 43 Fiskerinäringens
1197 1297 187 34 understöd.

456 1391 95 35 16:o.
608 1388 131 38 Under
768 1386 284 48 förutsättning
1081 1391 57 31 att
1167 1386 103 36 hvad
1298 1385 201 37 Utskottet
1518 1385 125 36 under
1662 1382 274 50 anslagstiteln

315 1441 312 48 »ålderstillägg»
656 1439 182 38 hemstält
868 1438 137 36 vinner
1033 1438 247 48 Riksdagens
1301 1436 107 38 bifall
1428 1436 57 36 får
1504 1436 200 37 Utskottet
1724 1438 48 46 på
1792 1435 142 48 Kongl.

89 1507 33 25 de
139 1507 47 32 för
197 1504 103 28 äålders-
318 1493 128 49 Maj:ts
477 1493 130 36 derom
637 1492 136 49 gjorda
801 1490 289 48 framställning
1118 1503 51 23 nu
1197 1489 227 49 ytterligare
1453 1488 215 44 hemställa,

98 1542 98 32 tillägg
214 1540 79 26 anvi-

100 1577 68 25 sade
186 1576 102 33 belopp.

105 1613 78 46 (13,
213 1612 74 45 14.)

95 2317 73 32 Ang.
180 2315 126 33 anslaget

132 2351 44 26 till
195 2352 78 25 extra

139 2386 124 33 utgifter.

862 1592 35 51 a)
927 1598 57 31 att
1012 1592 227 48 Riksdagen
1268 1594 60 33 må
1353 1591 85 36 från
1459 1591 70 36 och
1551 1591 88 36 med
1659 1593 40 33 år
1722 1591 98 35 1885
1842 1589 95 36 min-

726 1646 69 37 ska
824 1645 181 48 anslaget
1025 1644 59 36 för
1103 1643 282 49 »befrämjande
1405 1643 12 35 i
1437 1643 211 35 allmänhet
1668 1642 42 36 af
1725 1642 212 48 slöjderna»

726 1698 89 36 med
844 1698 63 35 det
935 1696 142 49 belopp
1107 1696 42 35 af
1175 1696 112 47 1,500
1307 1695 154 47 kronor,
1483 1707 81 23 som
1586 1708 50 22 nu
1658 1699 41 31 är
1718 1694 58 35 till
1797 1693 141 36 ålders-

728 1750 141 48 tillägg
898 1748 191 44 anvisadt,
1121 1750 41 33 så
1190 1752 57 31 att
1275 1746 189 48 anslaget,
1490 1759 82 23 som
1592 1759 52 22 nu
1663 1750 116 44 utgör
1799 1746 140 47 42,000

729 1802 154 46 kronor,
914 1799 201 37 nedsättes
1145 1799 58 36 till
1234 1799 140 47 40,509
1404 1798 159 45 kronor;

860 1852 72 36 och
961 1851 37 49 b)
1029 1856 56 31 att
1113 1850 226 48 Riksdagen
1369 1852 60 33 må
1457 1851 82 34 från
1570 1849 72 36 och
1663 1848 88 37 med
1771 1848 169 36 nämnda

726 1907 40 33 år
809 1903 153 37 minska
1005 1902 178 48 anslaget
1218 1902 59 36 för
1309 1900 366 50 »fiskerinäringens
1709 1900 230 36 understöd»

726 1957 87 35 med
858 1956 112 46 1,000
1003 1954 144 36 kronor
1184 1953 92 36 eller
1310 1952 66 37 det
1407 1953 154 49 belopp,
1600 1965 82 23 som
1716 1966 51 21 nu
1806 1957 41 30 är
1881 1950 59 36 till

728 2007 271 46 ålderstillägg
1028 2005 190 47 anvisadt,
1249 2007 42 33 så
1320 2010 56 30 att
1405 2004 180 48 anslaget
1611 2004 83 36 från
1715 2002 226 37 nuvarande

732 2060 138 46 18,600
899 2057 144 37 kronor
1071 2057 202 36 nedsättes
1301 2056 59 36 till
1393 2057 137 47 17,600
1560 2056 156 36 kronor.

991 2211 106 33 Extra
1123 2210 151 43 utgifter.

460 2310 96 34 17:o.
615 2308 75 36 Till
723 2308 251 37 bestridande
1010 2308 42 36 af
1081 2312 109 32 extra
1219 2306 164 48 utgifter
1412 2307 123 34 finnes
1564 2305 11 35 1
1606 2304 210 36 riksstaten
1848 2316 95 35 upp-

326 2359 103 37 fördt
459 2365 55 31 ett
543 2360 193 36 ordinarie
761 2360 406 47 reservationsanslag
1196 2361 20 34 å
1248 2359 138 47 15,000
1415 2358 154 46 kronor,
1600 2356 71 35 och
1701 2358 20 33 å
1751 2355 105 36 detta
1878 2368 64 22 an-
