2160 2586
680 209 104 32 Stats-
795 208 169 32 Utskottets
995 208 173 32 Utlåtande
1192 209 64 31 N:o
1280 211 44 30 12
1337 220 28 20 a.
1768 210 41 29 AT

344 289 196 48 Drygaste
570 288 114 37 delen
713 287 42 36 af
780 287 64 36 det
873 287 100 36 förra
1001 287 184 49 beloppet
1215 287 123 37 skulle
1364 290 95 45 utgå
1487 287 58 37 till
1566 286 195 37 maskiner
1782 288 71 35 och

239 342 120 35 andra
388 341 167 48 redskap
585 340 12 35 i
626 339 289 47 verkstäderna,
947 341 20 33 å
996 338 152 37 hvilkas
1178 338 121 37 behof
1321 339 41 37 af
1386 340 124 36 bättre
1540 339 233 49 utrustning,
1798 339 55 37 för

238 399 56 30 att
333 393 132 36 kunna
500 398 193 31 motsvara
730 392 45 35 de
809 391 11 36 i
852 393 85 33 mån
967 391 43 35 af
1034 391 246 36 materielens
1311 391 179 49 stigande
1515 391 104 37 antal
1648 391 71 36 och
1748 391 106 36 ålder

238 445 68 36 allt
348 450 125 31 större
515 443 165 37 krafven
722 447 49 45 på
812 442 222 37 utförandet
1067 443 87 36 med
1185 443 142 36 minsta
1357 444 163 48 möjliga
1548 443 240 48 tidsutdrägt
1817 443 41 36 af

237 498 145 48 nödiga
423 495 267 50 reparationer
728 495 71 35 och
833 495 229 48 förnyelser,
1100 494 195 49 styrelsen
1324 495 12 35 i
1366 495 65 36 det
1462 495 232 49 föregående
1723 495 130 37 tillåtit

238 550 63 48 sig
331 549 99 36 fästa
460 547 412 49 uppmärksamheten,
903 546 71 36 och
1003 547 136 36 endast
1168 547 151 35 mindre
1348 547 107 36 delar
1484 548 43 36 af
1546 560 146 24 samma
1712 547 139 49 belopp

239 600 124 37 skulle
394 599 200 37 användas
624 598 58 36 till
709 598 84 36 dels
824 598 388 48 verktygsmaskiner
1233 599 70 36 och
1325 603 150 32 värme-
1491 605 100 31 samt
1606 599 246 49 belysnings-

238 658 206 44 apparater
472 652 13 35 i
515 650 370 47 lokomotivstallen,
916 650 81 37 dels
1027 651 217 48 insättning
1273 650 42 36 af
1339 664 119 35 nyare
1487 651 77 36 tids
1585 651 268 49 arbetsbespa-

237 704 117 37 rande
400 702 457 50 uppfodringsmaskiner
895 705 20 33 å
957 702 200 48 åtskilliga
1194 703 196 48 wvigtigare
1420 702 336 48 vattenstationer,
1786 703 67 36 der

237 757 102 35 förut
367 755 274 48 handpumpar
669 754 231 48 begagnats.

341 807 88 36 Med
464 807 65 35 det
564 818 137 24 senare
731 806 191 48 beloppet,
954 806 93 36 eller
1075 806 64 35 det
1168 806 60 36 för
1255 806 239 36 inventarier
1517 806 58 36 till
1604 808 76 35 den
1710 806 142 50 rörliga

237 859 225 37 materielen
501 857 171 46 afsedda,
717 857 123 36 skulle
880 857 189 36 bestridas
1105 858 249 48 anskaffning
1388 858 42 35 af
1459 858 212 49 kraftigare
1706 859 147 35 broms-

236 911 274 47 inrättningar,
542 910 57 35 för
629 909 132 36 hvilka
793 910 208 35 beräknats
1031 909 182 49 omkring
1241 911 142 45 45,000
1411 909 156 48 kronor,
1598 916 99 30 samt
1721 910 132 36 vidare

236 960 447 51 ångfinkeinredningar,
712 966 148 30 värme-
886 961 70 35 och
984 961 437 48 belysningsapparater
1441 962 11 34 i
1472 975 159 35 vagnar,
1656 962 196 36 vedfamn-

236 1018 95 33 mått
359 1014 71 36 och
459 1013 241 45 kollämmar,
730 1013 112 35 dessa
871 1012 239 36 sistnämnde
1140 1012 11 35 i
1180 1013 80 48 hög
1287 1013 98 48 grad
1409 1013 247 48 nödvändige
1676 1014 59 35 till
1756 1014 98 48 följd

235 1067 43 35 af
306 1066 45 36 de
387 1065 118 37 sedan
539 1063 391 37 norrlandsliniernas
958 1063 192 37 tillkomst
1179 1064 125 36 ökade
1333 1069 292 44 transporterna
1653 1066 39 35 af
1715 1065 136 47 träkol,

235 1123 100 31 samt
364 1116 185 49 slutligen
580 1116 150 35 diverse
759 1115 234 36 inventarier
1021 1115 59 36 till
1108 1115 273 38 lokomotiven.

363 1167 310 38 Vidkommande
703 1167 185 47 slutligen
918 1167 72 36 den
1020 1167 58 36 för
1107 1168 142 35 diverse
1278 1168 223 36 inventarier
1522 1169 67 48 för
1619 1168 117 48 byrd-,
1766 1170 87 34 ban-

234 1223 61 34 och
324 1220 404 49 trafikafdelningarna
757 1224 199 43 upptagna
985 1219 310 48 anslagsposten,
1328 1221 165 46 100,000
1520 1220 153 48 kronor,
1695 1220 58 36 får
1774 1225 79 43 sty-

233 1273 127 36 relsen
393 1272 12 35 i
434 1271 312 48 underdånighet
774 1270 162 47 anmäla,
966 1276 54 30 att
1049 1271 44 35 de
1124 1270 303 49 hufvudsakliga
1455 1271 173 49 utgifter,
1658 1284 82 24 som
1769 1271 84 37 der-

234 1324 88 36 med
351 1323 125 37 skulle
505 1322 205 43 bestridas,
741 1327 65 31 äro
836 1322 292 48 anskaffningar
1156 1322 42 35 af
1222 1322 223 49 snöplogar,
1467 1323 383 49 telegrafapparater,

234 1381 203 44 apparater
465 1374 60 36 för
549 1373 216 49 beredning
794 1373 41 36 af
860 1387 28 22 s.
918 1374 37 35 k.
985 1373 144 48 fettgas
1159 1373 72 36 och
1259 1374 60 36 för
1347 1374 186 36 elektrisk
1559 1374 208 49 belysning
1788 1375 65 36 vid

234 1441 47 23 en
326 1426 61 36 del
430 1431 122 31 större
596 1425 185 36 stationer
823 1431 98 30 samt
954 1425 297 48 nytillkommen
1278 1426 204 48 personals
1511 1426 226 48 utrustning
1766 1427 87 35 med

235 1478 280 48 signalerings-
544 1477 71 36 och
644 1477 118 35 andra
792 1476 230 49 persedlar.»

358 1530 53 35 På
453 1530 11 35 i
509 1528 426 48 statsrådsprotokollet
978 1528 159 36 anförda
1180 1528 85 37 skäl
1306 1528 70 37 har
1409 1529 142 48 Kongl.
1586 1529 109 49 Maj:t
1725 1529 127 36 funnit

233 1582 83 36 dels
350 1581 47 36 de
432 1582 139 46 50,000
607 1580 154 47 kronor,
797 1593 80 23 som
905 1580 41 35 af
971 1580 307 48 trafikstyrelsen
1308 1586 148 30 ansetts
1486 1581 196 48 behöfliga
1710 1581 58 35 för
1798 1587 55 30 ett

226 1633 269 49 jernvägsspår
524 1632 133 35 mellan
687 1633 140 35 Albano
856 1632 133 35 station
1015 1633 61 34 och
1107 1631 237 36 Stockholm—
1361 1633 124 35 Rimbo
1500 1633 176 47 jernvägs
1697 1633 156 49 hufvud-

232 1686 133 35 station
398 1685 65 35 vid
496 1683 207 47 Lill-Jans,
733 1684 132 35 kunna
892 1683 188 36 uteslutas
1114 1697 45 22 ur
1192 1684 283 48 beräkningen,
1510 1683 82 37 dels
1622 1684 70 36 ock
1721 1689 56 31 att
1805 1684 47 36 de

232 1740 65 32 två
334 1741 132 44 poster
498 1735 59 36 för
590 1735 251 36 anskaffande
871 1735 41 36 af
936 1736 139 34 diverse
1103 1736 224 35 inventarier
1349 1736 67 48 för
1445 1737 43 34 de
1516 1736 187 35 särskilda
1734 1736 118 49 afdel-

232 1789 187 47 ningarna
453 1787 151 35 kunnat
636 1787 200 36 nedsättas
865 1787 84 35 från
979 1786 41 36 af
1044 1787 193 48 styrelsen
1265 1787 219 36 beräknade
1515 1789 166 45 250,000
1711 1787 142 36 kronor

232 1839 59 36 till
324 1840 165 47 150,000
518 1839 154 35 kronor.

361 1890 247 36 Beträffande
651 1891 241 36 återstående
936 1891 205 47 2,350,000
1184 1891 144 35 kronor
1370 1891 70 35 har
1484 1891 141 48 Kongl.
1668 1891 109 48 Maj:t
1815 1891 32 48 ej

231 1942 127 36 funnit
388 1942 84 36 skäl
501 1946 56 31 att
585 1942 12 35 i
627 1943 213 47 styrelsens
870 1942 146 48 förslag
1043 1947 96 43 göra
1168 1955 128 23 annan
1325 1942 167 48 ändring
1522 1947 49 31 än
1599 1947 67 43 att,
1696 1945 48 46 på
1773 1947 78 31 sätt

231 1994 115 36 ofvan
380 1993 159 47 anförts,
575 2006 46 23 en
658 1994 60 35 del
752 1993 42 37 af
818 1994 62 36 det
909 1994 170 48 begärda
1108 1994 183 49 beloppet
1320 1999 148 31 ansetts
1499 1994 32 49 ej
1561 1994 167 36 behöfva
1758 1997 93 45 utgå

230 2046 130 36 förrän
394 2046 110 35 1886.

359 2097 270 35 Förevarande
664 2096 287 49 framställning
984 2097 69 35 har
1086 2096 71 37 hos
1192 2097 201 36 Utskottet
1427 2098 33 48 ej
1496 2097 193 36 föranledt
1723 2110 128 23 annan

230 2150 164 46 erinran,
432 2153 49 31 än
510 2153 56 31 att
594 2148 65 35 det
687 2154 110 43 synts
826 2148 200 37 Utskottet
1054 2148 225 49 lämpligast
1308 2154 67 42 att,
1404 2152 49 45 på
1482 2154 78 31 sätt
1588 2149 11 35 i
1629 2148 131 49 dylika
1788 2149 63 36 fall

229 2202 12 35 i
284 2201 214 36 allmänhet
539 2200 115 46 skett,
697 2201 65 35 det
803 2200 192 48 behöfliga
1038 2200 181 49 beloppet
1247 2203 61 33 må
1336 2201 11 35 1
1377 2200 60 36 sin
1466 2200 132 37 helhet
1626 2200 222 48 fastställas,

230 2266 87 23 men
347 2253 139 36 endast
515 2252 75 35 den
619 2251 62 35 del
710 2252 116 44 deraf,
857 2266 82 22 som
969 2258 41 30 är
1038 2252 198 36 beräknad
1266 2257 55 32 att
1345 2255 94 45 utgå
1461 2253 121 35 under
1603 2257 111 31 nästa
1735 2258 115 31 stats-

228 2303 370 50 regleringsperiod,
634 2306 59 33 må
728 2305 116 36 blifva
877 2305 12 35 i
923 2303 164 49 behörig
1121 2304 171 48 ordning
1321 2304 173 47 anvisad,
1526 2304 71 36 och
1626 2304 225 37 hemställer

232 2356 203 37 Uiskottet
465 2356 126 36 alltså:
