1916 2866
542 155 293 33 Statsutskottets
858 152 187 33 utlåtande
1070 148 53 36 Nr
1145 151 52 30 99.
1534 146 40 30 39

114 236 256 38 ingenjörerna
393 235 139 32 medför
558 234 73 32 viss
655 233 156 36 ändring
835 232 13 31 i
872 232 18 31 6
916 229 18 39 $
959 229 285 39 pensionslagen.
1289 227 69 32 Till
1384 227 132 36 frågan
1539 225 81 31 här-

115 299 57 22 om
192 288 238 33 återkommer
448 287 62 37 jag
532 295 136 23 senare.

157 365 187 37 Förslaget
371 375 60 21 om
459 361 526 37 vattendomstolsavgifternas
1014 358 155 38 höjande
1198 356 81 32 med
1305 356 39 32 50
1371 356 156 37 procent,
1555 353 66 31 vil-

118 420 61 31 ket
197 418 135 37 förslag
350 417 148 31 biträtts
518 426 46 21 av
583 412 413 34 vattenöverdomstolen
1015 411 64 31 och
1098 410 80 31 med
1198 409 73 31 viss
1288 406 219 33 reservation
1530 406 89 36 jäm-

117 472 62 31 väl
201 481 45 21 av
270 469 162 32 Svenska
455 465 452 37 vattenkraftföreningen,
932 463 201 37 tillstyrkes
1156 472 46 21 av
1225 460 84 37 mig.
1352 459 72 37 Jag
1448 457 175 33 återkom-

117 533 77 21 mer
218 522 58 32 till
298 521 119 32 denna
442 521 106 35 fråga
573 520 13 31 i
611 517 174 33 samband
810 517 80 31 med
912 516 72 32 den
1008 525 46 22 av
1078 514 199 37 höjningen
1304 510 211 33 föranledda
1540 508 85 32 änd-

119 575 131 36 ringen
268 574 12 32 i
299 574 39 31 11
356 573 81 37 kap.
456 573 38 31 95
514 571 19 37 $
554 571 242 36 vattenlagen.

159 652 138 36 Ehuru,
327 653 120 30 såsom
476 649 259 33 statskontoret
768 647 149 36 erinrat,
947 646 62 32 det
1040 655 44 21 ur
1117 641 319 39 budgetsynpunkt
1468 638 157 39 givetvis

120 705 117 31 skulle
256 714 88 20 vara
365 703 58 31 till
443 703 73 30 stor
538 701 126 36 fördel,
685 702 54 30 att
761 700 68 31 den
849 709 72 27 nya
942 692 591 38 vattendomstolsorganisationen
1555 691 68 30 fin-

122 765 43 28 ge
182 756 104 32 träda
302 756 13 31 i
332 755 100 31 kraft
447 754 63 32 vid
527 754 182 36 ingången
725 762 45 20 av
788 752 59 31 det
863 760 71 27 nya
952 749 221 36 budgetåret,
1191 747 135 36 nödgas
1343 745 62 37 jag
1423 743 88 33 dock
1529 743 12 31 i
1558 742 65 31 lik-

122 808 61 32 het
199 808 80 31 med
296 808 41 31 de
354 805 228 36 sakkunniga
598 804 64 31 och
679 800 409 34 vattenöverdomstolen
1103 799 132 31 föreslå
1252 807 43 22 en
1312 805 123 23 senare
1454 794 171 37 tidpunkt

121 860 136 32 härför.
305 859 71 36 Jag
400 858 73 31 kan
497 856 130 33 därvid
649 854 198 32 inskränka
871 853 73 36 mig
967 852 58 32 till
1049 852 55 31 att
1127 851 155 35 åberopa
1303 849 44 31 de
1371 847 88 37 skäl,
1483 856 77 22 som
1583 855 45 22 av

121 912 82 32 dem
226 910 131 34 därvid
382 910 154 35 anförts;
563 908 66 32 och
653 916 107 28 synes
784 906 75 37 mig
884 905 97 32 valet
1008 903 134 32 mellan
1166 902 68 32 den
1258 911 46 22 av
1328 901 45 31 de
1397 898 232 36 sakkunniga

125 963 191 34 förordade
336 961 226 39 tidpunkten,
582 960 69 32 den
670 960 19 30 1
708 958 146 32 oktober
874 957 88 37 1932,
982 956 64 32 och
1064 955 71 32 den
1156 965 45 21 av
1221 949 409 36 vattenöverdomstolen

123 1016 171 36 angivna,
315 1014 71 33 den
406 1015 19 30 1
447 1013 148 37 januari
618 1011 88 37 1933,
729 1011 87 31 böra
839 1009 132 32 utfalla
995 1008 58 31 till
1076 1007 143 32 förmån
1242 1006 56 31 för
1321 1003 228 33 sistnämnda
1568 1002 62 32 da-

125 1071 86 29 tum.
255 1067 71 37 Jag
351 1065 152 33 föreslår
527 1064 119 36 alltså,
671 1065 56 30 att
748 1062 70 31 den
841 1071 73 27 nya
939 1059 293 38 organisationen
1256 1058 110 30 sättes
1390 1056 12 31 i
1426 1055 101 31 kraft
1550 1052 81 33 med

127 1120 77 31 1933
230 1121 58 30 års
313 1119 146 36 ingång.
505 1117 72 36 Jag
605 1115 213 32 förutsätter
843 1112 140 36 härvid,
1009 1112 54 31 att
1089 1109 134 37 Kungl.
1249 1108 111 37 Maj:t
1385 1110 85 34 äger
1496 1108 54 30 att
1576 1115 52 21 re-

124 1172 74 32 dan
215 1170 255 33 dessförinnan
491 1168 150 36 vidtaga
659 1166 44 33 de
721 1165 180 37 åtgärder,
921 1174 76 22 som
1016 1162 166 37 påkallas
1202 1172 45 21 av
1269 1158 362 38 omorganisationen.

166 1258 72 32 Vid
257 1256 392 33 vattendomstolarnas
669 1251 223 34 inordnande
914 1251 113 32 under
1046 1249 186 33 allmänna
1253 1245 379 36 civilförvaltningens

125 1308 412 38 avlöningsreglemente
558 1308 97 30 lärer
677 1307 119 32 staten
818 1305 57 31 för
897 1304 185 31 desamma
1103 1302 88 31 böra
1214 1299 200 38 uppställas
1437 1298 12 31 i
1472 1296 161 37 enlighet

127 1362 80 33 med
225 1363 69 31 den
312 1364 65 35 typ
395 1359 234 36 härutinnan,
648 1368 77 22 som
743 1356 151 33 allmänt
912 1353 222 38 vedertagits
1154 1353 55 31 för
1230 1351 96 37 verk,
1343 1351 65 31 där
1426 1349 207 36 avlönings-

129 1414 277 33 förhållandena
427 1414 45 35 på
493 1411 119 38 dylikt
635 1411 73 31 sätt
729 1409 185 37 reglerats.

169 1467 19 32 I
210 1466 91 36 följd
321 1465 115 31 härav
459 1473 106 27 synes
586 1464 121 30 staten
728 1461 57 31 för
809 1457 372 35 vattendomstolarna
1201 1456 88 31 böra
1311 1456 162 35 upptaga
1492 1452 45 32 de
1559 1452 75 32 sed-

130 1518 147 36 vanliga
303 1516 317 37 anslagsposterna
658 1514 58 30 till
752 1510 229 33 bestridande
1019 1520 48 21 av
1104 1508 217 36 avlöningar
1358 1506 57 31 till
1452 1504 185 32 ordinarie

129 1571 231 36 tjänstemän,
389 1568 213 36 avlöningar
632 1566 59 31 till
720 1562 274 34 icke-ordinarie
1024 1560 361 36 befattningshavare
1416 1567 44 21 m.
1491 1566 45 21 m.
1567 1556 66 30 och

130 1618 469 39 renskrivningskostnader
647 1627 46 21 av
738 1615 165 37 tillfällig
941 1615 66 30 art.
1051 1613 59 31 Av
1136 1612 58 31 det
1220 1609 213 38 föregående
1460 1608 174 37 framgår,

131 1676 55 29 att
233 1674 13 31 i
295 1673 106 36 fråga
447 1681 56 21 om
541 1679 139 22 samma
719 1667 193 32 domstolar
942 1665 179 37 därjämte
1149 1663 202 31 tillkomma
1381 1660 160 37 följande
1569 1660 64 30 två

131 1726 276 37 anslagsposter,
450 1722 184 37 nämligen
676 1730 44 22 en
762 1719 58 32 till
862 1716 228 34 bestridande
1124 1726 47 20 av
1192 1711 442 40 avlöningsförstärkning

132 1780 38 29 åt
215 1775 364 33 vattenrättsdomare
625 1773 65 31 och
723 1769 438 37 vattenrättsingenjörer,
1195 1768 38 30 åt
1267 1766 42 31 de
1343 1774 125 22 senare
1502 1764 12 30 i
1541 1763 95 31 form

133 1840 47 21 av
223 1827 238 38 dagarvoden,
503 1827 93 30 samt
638 1834 45 21 en
726 1823 58 31 till
827 1821 229 33 bestridande
1101 1830 46 21 av
1182 1817 228 38 dagarvoden
1433 1817 38 30 åt
1496 1816 139 30 vatten-

133 1879 345 36 rättsnämndemän,
499 1876 249 37 ersättningar
768 1874 57 32 till
847 1872 230 36 sakkunniga
1096 1870 168 33 biträden
1283 1879 45 21 m.
1348 1879 46 21 m.
1415 1867 223 36 Ytterligare

135 1934 64 30 bör
224 1951 40 5 —
292 1932 116 31 såsom
436 1930 161 35 framgår
626 1938 47 21 av
701 1927 83 30 mitt
811 1925 168 37 yttrande
1010 1923 56 31 till
1092 1924 96 29 årets
1217 1918 420 37 statsverksproposition

135 1984 63 32 vid
234 1983 169 30 anmälan
439 1982 66 30 den
542 1980 18 30 4
597 1978 146 37 januari
781 1977 77 30 1932
884 1986 45 21 av
956 1973 296 37 anslagsbehovet
1279 1971 56 31 till
1360 1966 277 44 vattendomsto-

136 2037 105 31 larna
265 2033 129 37 (andra
416 2031 231 33 huvudtiteln
669 2028 65 33 sid.
756 2027 52 37 26)
832 2046 41 5 —
893 2028 120 30 staten
1036 2026 163 36 upptaga
1219 2033 43 22 en
1287 2024 79 36 post
1388 2022 58 31 till
1469 2021 171 32 resekost-

135 2087 103 32 nads-
265 2086 64 31 och
355 2080 499 37 traktamentsersättningar.
902 2077 179 37 Samtliga
1107 2074 239 34 omförmälda
1372 2073 269 36 anslagsposter

137 2139 100 32 torde
260 2138 87 31 böra
368 2136 152 37 angivas
541 2135 119 32 såsom
683 2130 295 38 förslagsanslag.

178 2190 284 36 Anslagsposten
483 2187 58 32 till
561 2185 218 36 avlöningar
800 2183 57 32 till
880 2181 181 32 ordinarie
1084 2180 219 37 tjänstemän
1326 2177 100 32 torde
1447 2177 87 31 böra
1556 2185 85 27 upp-

140 2245 103 34 tagas
261 2241 78 31 med
357 2241 52 30 ett
427 2239 126 36 belopp
573 2247 47 21 av
637 2236 128 36 138,600
784 2235 141 35 kronor,
945 2234 116 30 såsom
1078 2234 167 28 närmare
1264 2230 162 36 framgår
1446 2239 45 20 av
1510 2227 130 31 nedan-

138 2293 147 32 stående
308 2292 92 32 efter
423 2289 211 36 sedvanliga
660 2286 156 38 grunder
839 2283 223 33 verkställda
1083 2282 215 36 beräkning:

1690 351 115 27 Valten-

1670 386 153 27 domstols-

1673 422 139 32 avgifter.

1655 637 195 35 Tidpunkten

1644 675 49 33 för
1710 674 59 26 den
1787 679 65 26 nya

1671 708 159 34 organisa-

1689 745 120 25 ticnens

1693 778 108 33 ikraft-

1669 813 161 27 trädande.

1712 1238 87 28 Kost-

1651 1275 142 26 naderna
1809 1273 50 33 för

1689 1310 59 27 den
1765 1316 66 27 nya

1678 1345 157 32 organisa-

1698 1380 111 27 tionen.

1653 1451 207 30 Avlöningsstat.
