1914 2856
98 1584 122 25 Pension.

343 159 40 31 38
721 162 293 34 Statsutskottets
1037 166 187 32 utlåtande
1249 168 52 32 Nr
1327 168 51 31 99.

298 246 65 23 nas
388 239 232 35 upptagande
646 240 13 31 i
685 241 180 32 särskilda
891 242 274 33 bestämmelser.
1212 244 135 37 Dylika
1373 246 267 32 bestämmelser
1667 247 135 32 erford-

298 298 59 22 ras
379 290 105 32 också
509 291 12 30 i
545 291 107 37 fråga
673 302 56 21 om
750 294 387 33 vattenrättsdomares
1158 297 74 31 rätt
1255 298 55 31 att
1332 297 63 32 vid
1416 298 276 38 tjänstledighet
1715 310 87 26 upp-

298 340 88 33 bära
414 342 447 39 avlöningsförstärkning
891 346 64 31 och
984 346 14 32 i
1028 347 107 36 fråga
1167 358 57 22 om
1253 350 202 36 ersättning
1486 350 59 32 till
1574 350 140 33 vikarie
1744 352 58 31 för

299 394 364 33 vattenrättsdomare
691 396 88 31 eller
806 399 398 37 vattenrättsingenjör.
1253 400 400 34 Bestämmanderätten
1680 403 13 31 i
1721 404 80 31 sist-

298 444 148 33 berörda
469 446 226 33 hänseenden
717 458 115 27 synes,
855 450 46 36 på
924 452 72 30 sätt
1019 451 228 32 beträffande
1270 454 252 31 motsvarande
1546 454 252 33 förhållanden

297 496 56 31 för
377 498 325 32 landssekreterare
727 500 66 31 och
816 499 311 35 landskamrerare
1152 505 62 34 ägt
1238 513 91 28 rum,
1355 505 89 31 böra
1467 505 172 37 tilläggas
1664 506 135 38 Kungl.

294 547 119 38 Maj:t.
458 549 74 32 Vid
556 550 245 34 utformandet
826 563 45 21 av
896 553 316 34 bestämmelserna
1236 557 152 31 rörande
1412 557 387 39 vikariatsersättning

295 609 106 28 synes
429 601 72 31 den
533 603 210 32 nuvarande
774 604 244 38 föreskriften,
1050 608 55 30 att
1137 608 453 38 vattenrättssekreterare,
1621 620 76 22 som
1729 611 69 31 för-

295 651 129 33 ordnas
444 655 54 30 att
516 654 80 31 med
614 654 250 34 bibehållande
884 667 46 21 av
948 666 90 27 egen
1056 658 114 36 tjänst
1188 659 157 32 förrätta
1364 660 72 32 viss
1453 661 58 31 del
1530 662 87 31 eller
1637 662 96 32 vissa
1752 674 47 21 av

293 705 409 34 vattenrättsdomarens
722 707 229 38 åligganden,
971 709 78 32 icke
1069 710 12 31 i
1102 711 195 37 anledning
1317 712 115 31 härav
1453 715 40 29 är
1513 713 207 37 berättigad
1740 715 58 31 till

293 756 156 32 särskild
471 758 213 37 ersättning,
707 759 87 32 böra
815 760 207 33 bibehållas.

333 808 79 31 Vad
437 810 115 35 angår
578 811 74 30 rätt
679 811 57 30 till
762 813 167 30 semester
957 813 100 31 torde
1083 814 86 31 böra
1196 814 139 32 erinras
1363 816 133 36 därom,
1524 818 54 30 att
1603 818 113 37 enligt
1744 829 49 20 nu

294 860 163 36 gällande
482 861 267 32 bestämmelser
775 865 365 31 vattenrättsdomare
1166 866 65 31 och
1255 868 443 32 vattenrättssckreterare
1724 872 70 35 äga

292 911 139 37 årligen
456 913 146 36 åtnjuta
626 914 112 31 sådan
761 916 154 30 vardera
939 917 113 31 under
1075 927 44 21 en
1143 918 64 31 och
1232 928 44 21 en
1299 919 86 31 halv
1409 920 140 31 månad.
1595 921 126 31 Denna
1747 922 45 31 le-

292 962 121 37 dighet
435 965 59 29 må
517 965 199 32 emellertid
737 967 185 37 förläggas
945 968 57 31 till
1026 969 112 31 sådan
1161 970 57 31 del
1238 980 46 21 av
1307 972 87 35 året,
1417 981 76 21 som
1516 974 40 29 är
1579 973 134 37 tjänlig
1736 974 56 30 för

292 1024 84 26 syns
407 1015 178 37 hållande,
616 1017 151 33 allenast
799 1019 112 31 under
943 1020 264 38 förutsättning
1238 1023 54 30 att
1325 1023 58 31 det
1413 1026 132 33 prövas
1576 1024 123 32 kunna
1730 1026 63 30 ske

291 1068 88 30 utan
403 1069 114 29 större
543 1069 187 36 olägenhet
754 1071 56 30 för
837 1072 223 36 göromålens
1084 1072 171 38 behöriga
1281 1074 180 38 fortgång.
1507 1076 18 30 I
1551 1076 153 37 gengäld
1728 1079 65 29 äro

290 1118 101 31 dessa
416 1119 361 38 befattningshavare
805 1122 225 38 berättigade
1056 1125 54 30 att
1135 1126 128 36 uttaga
1291 1126 67 31 den
1386 1127 55 30 för
1469 1128 51 30 ett
1546 1128 40 30 år
1614 1128 79 31 dem
1719 1129 71 31 till-

290 1169 210 33 kommande
525 1172 225 32 återstående
773 1175 271 31 semestertiden
1067 1176 112 31 under
1205 1177 42 31 de
1270 1179 54 29 tre
1349 1178 115 31 första
1488 1180 221 31 månaderna
1732 1180 58 31 det

289 1222 207 36 påföljande
518 1224 88 30 året.
646 1224 17 31 I
683 1225 92 31 båda
797 1236 49 20 nu
868 1227 159 36 angivna
1048 1228 224 31 hänseenden
1294 1227 109 39 torde,
1423 1230 72 31 vad
1516 1232 114 36 angår
1651 1233 138 30 vatten-

288 1274 238 31 rättsdomare
546 1276 65 30 och
631 1278 437 37 vattenrättsingenjörer,
1087 1279 482 38 tillämpningsföreskrifter
1590 1282 86 32 böra
1696 1284 93 31 med-

288 1325 105 31 delas.
432 1326 55 31 Då
507 1328 442 32 vattenrättssekreterare
969 1329 78 31 icke
1068 1331 187 36 upptagits
1275 1332 59 30 till
1354 1333 181 31 ordinarie
1555 1331 233 45 anställning,

287 1376 61 31 bör
372 1377 13 30 i
409 1377 108 37 fråga
539 1388 57 21 om
620 1379 127 31 honom
771 1381 253 31 motsvarande
1051 1381 244 32 bestämmelse
1322 1383 90 32 först
1442 1384 6 30 i
1474 1386 112 30 annat
1612 1395 175 23 samman-

287 1428 95 38 hang
402 1429 189 32 meddelas.

326 1480 69 30 Till
421 1481 132 36 frågan
578 1492 54 21 om
659 1482 68 31 den
752 1485 165 30 närmare
942 1484 162 36 lydelsen
1128 1496 45 21 av
1200 1486 42 31 de
1268 1487 151 32 sålunda
1445 1489 161 36 antydda
1632 1485 155 45 tillämp-

285 1531 383 37 ningsföreskrifterna
693 1535 237 31 återkommer
956 1536 61 36 jag
1043 1546 133 22 senare.

324 1583 451 35 Pensionsförhållandena
802 1587 56 31 för
886 1588 42 31 de
954 1587 61 33 vid
1043 1588 370 34 vattendomstolarna
1440 1592 181 32 anställda
1645 1593 144 32 ordina-

284 1634 52 32 rie
362 1635 390 38 befattningshavarna
778 1638 151 37 komma,
956 1640 118 31 såsom
1098 1639 43 33 de
1167 1641 229 38 sakkunniga
1420 1643 149 38 erinrat,
1596 1645 55 32 att
1677 1646 112 36 regle-

283 1697 61 22 ras
366 1688 108 31 bland
496 1691 113 30 annat
631 1689 115 38 enligt
768 1690 106 37 lagen
896 1690 70 32 den
986 1692 39 30 11
1048 1691 146 33 oktober
1217 1693 78 31 1907
1317 1695 186 36 angående
1527 1696 110 32 civila
1660 1696 129 37 tjänst-

283 1739 239 33 innehavares
542 1742 75 30 rätt
637 1740 56 33 till
712 1742 159 36 pension.
913 1743 53 32 På
987 1745 118 35 grund
1125 1744 115 32 härav
1260 1746 115 32 skulle
1395 1746 137 37 jämväl
1553 1750 235 31 vattenrätts-

283 1790 255 37 ingenjörerna
558 1792 143 33 komma
720 1793 12 31 i
754 1794 216 36 åtnjutande
991 1805 46 21 av
1055 1796 70 31 den
1147 1796 56 32 för
1223 1797 145 33 domare
1388 1798 168 37 gällande
1576 1800 109 36 högre
1705 1810 81 27 pen-

281 1842 234 38 sionsåldern,
539 1845 38 31 70
601 1846 50 32 år.
694 1845 83 32 Med
799 1846 140 37 hänsyn
963 1847 57 31 till
1041 1848 70 31 den
1135 1849 133 36 fysiskt
1291 1850 75 32 ofta
1389 1851 144 36 mycket
1555 1852 233 36 påfrestande

281 1895 238 38 verksamhet,
544 1907 75 21 som
642 1897 117 32 åvilar
784 1908 43 22 en
851 1899 399 38 vattenrättsingenjör,
1272 1911 106 27 synes
1401 1902 75 37 mig
1500 1903 209 38 emellertid,
1733 1906 53 30 så-

280 1957 76 21 som
393 1949 409 32 vattenöverdomstolen
838 1951 64 31 och
936 1952 185 32 allmänna
1156 1952 379 39 civilförvaltningens
1570 1956 216 32 lönenämnd

282 1998 213 38 framhållit,
516 2000 295 36 pensionsåldern
832 2002 55 32 för
904 2003 115 32 denne
1038 2003 87 32 böra
1141 2006 115 31 sättas
1275 2007 110 35 något
1404 2006 101 37 lägre
1523 2009 48 29 än
1589 2007 56 32 för
1663 2018 123 21 annan

280 2049 221 34 innehavare
523 2063 47 21 av
591 2052 275 35 domarämbete.
909 2054 66 33 Att
997 2055 141 37 därvid,
1162 2058 45 35 på
1231 2059 71 31 sätt
1326 2057 224 38 ifrågasatts,
1574 2059 136 36 jämväl
1734 2060 51 31 fö-

280 2103 163 32 reskriva
468 2103 103 37 lägre
597 2105 267 36 pensionsålder
891 2109 46 29 än
961 2107 71 32 den
1058 2108 56 30 för
1138 2118 123 21 annan
1286 2109 338 36 tjänstinnehavare
1649 2112 13 30 i
1687 2111 97 37 regel

281 2155 180 37 stadgade,
481 2156 86 31 eller
587 2157 37 31 67
642 2158 50 35 år,
711 2167 106 27 synes
833 2158 74 36 mig
927 2159 159 32 däremot
1106 2159 76 32 icke
1201 2161 171 35 påkallat.
1413 2162 72 36 Jag
1505 2171 104 23 anser
1629 2164 152 31 sålunda

278 2208 54 30 att
355 2207 390 38 vattenrättsingenjör
768 2209 64 31 bör
856 2210 12 30 i
894 2210 112 32 likhet
1031 2211 80 32 med
1134 2221 122 23 annan
1280 2212 337 37 tjänstinnehavare
1641 2215 12 31 i
1679 2215 105 37 byrå-

280 2257 98 33 chefs
398 2259 175 37 ställning
594 2270 87 22 vara
700 2260 145 39 skyldig
864 2263 55 30 att
936 2263 97 36 avgå
1053 2262 84 32 från
1156 2263 57 32 sin
1231 2264 115 36 tjänst
1365 2265 61 32 vid
1447 2266 117 36 fyllda
1585 2266 38 31 67
1641 2267 50 31 år.
1711 2267 72 31 An-

277 2309 149 38 ledning
447 2313 64 35 att,
531 2314 47 34 på
599 2313 71 32 sätt
690 2313 262 32 lönenämnden
971 2314 206 38 ifrågasatt,
1200 2316 57 31 för
1275 2317 391 37 vattenrättsingenjör
1686 2320 96 31 sätta

277 2362 136 32 antalet
436 2363 56 31 för
514 2365 75 30 rätt
608 2364 57 32 till
688 2364 69 32 full
779 2365 150 36 pension
950 2365 239 38 erforderliga
1210 2367 157 37 tjänstår
1387 2369 102 37 lägre
1520 2371 48 29 än
1589 2379 75 22 som
1685 2371 12 31 i
1718 2370 64 31 all-

277 2414 144 32 mänhet
441 2415 127 32 härför
591 2416 225 38 föreskrives,
836 2417 86 32 eller
940 2418 38 31 35
999 2419 50 36 år,
1069 2428 104 27 synes
1191 2419 75 37 mig
1284 2420 163 33 däremot
1466 2420 79 33 icke
1565 2421 189 37 föreligga.

317 2465 78 32 Vad
414 2467 152 32 sålunda
586 2479 44 20 av
651 2469 73 36 mig
744 2469 182 32 förordats
946 2469 12 31 i
980 2470 106 37 fråga
1107 2480 56 21 om
1182 2472 268 34 pensionsålder
1470 2472 56 32 för
1549 2475 232 31 vattenrätts-
