2216 2586
173 212 131 24 Utskottet.

406 129 18 30 2
826 131 344 34 Jordbruksutskottets
1191 133 166 33 utlåtande
1380 135 53 31 Nr
1456 137 51 31 90.

489 207 81 37 Mot
610 208 230 49 försäljning
880 210 55 36 till
969 209 239 39 Stockholms
1236 212 83 36 läns
1348 213 195 49 landsting
1570 214 59 36 för
1660 216 186 48 uppgivet
1875 217 91 37 eller

360 264 115 31 annat
503 259 154 37 därmed
681 260 214 49 jämförligt
924 262 285 49 allmännyttigt
1237 264 175 36 ändamål
1433 278 46 23 av
1499 265 290 48 ifrågavarande
1809 269 153 36 område

360 310 68 36 har
454 311 185 36 utskottet
666 311 95 37 intet
790 317 55 31 att
873 313 130 36 erinra.
1634 342 2 2 :

489 362 239 37 Beträffande
757 364 303 49 köpeskillingen
1089 365 59 37 för
1175 367 256 37 saluområdet
1464 382 109 23 anser
1592 369 60 48 sig
1671 370 186 37 utskottet
1876 372 85 36 med

359 413 149 50 hänsyn
550 415 101 35 såväl
692 415 55 36 till
782 416 189 36 områdets
999 417 262 38 beskaffenhet
1289 431 82 24 som
1400 420 69 36 ock
1497 420 56 36 till
1582 421 84 36 dess
1695 421 226 49 belägenhet
1949 424 11 35 i

360 464 240 38 Stockholms
641 466 240 37 omedelbara
922 468 137 37 närhet
1096 470 69 35 och
1193 469 63 37 det
1283 471 11 35 i
1324 471 92 48 följd
1445 472 116 36 härav
1589 473 102 48 höga
1720 473 241 38 markvärdet

358 517 81 36 icke
467 517 129 36 kunna
622 518 146 36 biträda
797 519 252 37 motionärens
1080 521 144 48 förslag
1251 535 61 23 om
1342 523 245 49 nedsättning
1614 525 11 35 i
1654 524 72 36 den
1751 538 47 23 av
1818 525 141 48 Kungl.

358 568 108 49 Maj:t
495 569 214 49 föreslagna
737 570 317 50 köpeskillingen,
1084 572 127 38 vilken
1241 574 151 36 särskilt
1421 575 83 36 med
1534 576 146 49 hänsyn
1710 576 55 36 till
1795 577 61 36 det
1875 578 84 35 med

358 620 235 49 upplåtelsen
621 621 165 36 avsedda
813 622 212 37 ändamålet
1054 637 114 35 synes
1196 625 188 37 utskottet
1412 626 133 49 skälig.

486 671 234 38 Beträffande
749 673 73 37 den
850 674 12 36 i
890 675 411 49 statsrådsprotokollet
1330 677 250 38 omförmälda
1599 684 88 31 över
1707 680 252 37 saluområdet

357 723 159 37 ledande
558 729 87 43 väg,
675 727 40 33 så
744 738 109 24 anser
884 726 195 47 utskottet,
1113 733 56 31 att
1197 729 12 35 i
1238 728 433 50 försäljningsvillkoren
1700 732 258 48 uttryckligen

357 774 67 37 bör
456 775 156 48 stadgas
654 781 54 31 att
749 790 138 35 genom
917 779 237 48 upplåtelsen
1182 780 125 48 ifråga
1335 783 128 46 någon
1490 782 220 49 kränkning
1738 783 33 49 ej
1803 783 57 36 får
1892 784 67 36 ske

355 826 13 36 i
397 826 72 37 den
511 828 265 48 angränsande
817 829 235 48 egendomen
1089 831 191 49 Kjevinge
1309 832 59 36 för
1395 834 236 36 närvarande
1672 834 286 38 tillkommande

355 883 75 31 rätt
457 878 57 36 till
542 879 216 48 utfartsväg
786 884 91 32 över
904 881 380 49 kronoegendomens
1313 884 116 36 mark.

487 929 130 38 Såsom
646 931 167 48 framgår
842 945 47 23 av
917 932 62 37 det
1008 934 387 49 statsrådsprotokoll,
1420 936 118 37 vilket
1565 950 67 23 var
1656 937 148 49 bifogat
1823 951 135 36 propo-

356 981 114 37 sition
511 995 46 23 nr
588 984 69 34 122
701 983 56 36 till
789 984 97 35 1911
918 987 59 33 års
1004 985 157 49 riksdag
1189 987 199 48 angående
1416 988 241 36 anordnande
1686 1001 46 23 av
1761 995 54 30 ett
1839 1003 118 35 egna-

355 1032 292 38 hemssambhälle
683 1034 58 36 för
774 1036 329 48 statstjänstemän
1132 1040 20 32 å
1179 1037 289 48 ifrågavarande
1497 1040 198 47 egendom,
1723 1040 69 36 har
1811 1040 144 49 Kungl.

354 1084 105 49 Maj:t
488 1084 176 47 beslutat,
694 1091 55 31 att
772 1087 292 49 utarrendering
1084 1101 46 22 av
1149 1089 239 37 återstående
1408 1090 103 36 delar
1531 1104 46 22 av
1596 1091 360 49 kronoegendomen

355 1136 122 36 skulle
505 1137 66 36 ske
599 1137 118 36 under
745 1137 185 37 förbehåll
959 1144 55 30 att
1042 1152 47 23 en
1109 1139 175 37 blivande
1310 1141 221 36 arrendator
1554 1142 121 37 skulle
1694 1156 90 23 vara
1804 1144 154 49 skyldig

354 1188 113 36 bland
496 1195 116 30 annat
639 1194 55 31 att
727 1189 75 36 tåla
831 1189 63 36 det
922 1190 165 49 intrång,
1117 1204 80 23 som
1225 1191 127 37 kunde
1380 1192 216 38 förorsakas
1625 1207 140 35 genom
1795 1196 159 49 anlägg-

354 1239 95 48 ning
485 1253 48 23 av
567 1245 77 44 väg
671 1240 56 36 till
755 1240 227 50 lastbrygga
1010 1242 64 36 vid
1101 1242 196 37 Edsviken
1327 1249 100 31 samt
1453 1245 265 50 upplagsplats
1748 1247 205 48 därstädes,

353 1304 138 35 genom
531 1291 293 49 framdragande
863 1293 82 36 från
973 1293 63 37 det
1065 1298 99 32 östra
1193 1295 171 36 området
1393 1309 45 22 av
1466 1297 238 47 egendomen
1733 1312 46 22 av
1807 1304 147 31 vatten-

353 1342 71 37 och
452 1344 317 49 avloppsledning
797 1349 90 32 över
913 1349 127 32 västra
1068 1346 170 37 området
1266 1352 99 31 samt
1392 1360 137 36 genom
1552 1349 256 49 anordningar
1828 1353 20 33 å
1869 1351 85 36 sist-

353 1395 166 36 nämnda
548 1395 152 36 område
729 1409 47 22 av
805 1396 240 49 anläggning
1073 1397 59 36 för
1159 1398 141 49 rening
1328 1412 48 23 av
1404 1399 218 49 spillvatten
1650 1401 83 36 från
1753 1406 102 31 östra
1874 1415 79 23 om-

352 1446 106 36 rådet
486 1451 192 41 ävensom,
707 1460 62 23 om
799 1450 40 33 så
868 1448 255 49 påfordrades,
1153 1463 46 23 av
1228 1450 219 49 sopstation.

481 1498 85 36 Med
596 1499 84 36 stöd
708 1498 118 38 härav
853 1500 68 36 har
947 1500 500 48 tjänstemannasamhällets
1476 1502 63 37 vid
1569 1503 133 50 Mörby
1729 1505 227 48 egnahems-

351 1549 179 49 förening
571 1564 48 22 m.
649 1551 34 36 b.
713 1564 36 35 p.
781 1565 45 33 a.,
869 1552 120 48 enligt
1029 1552 74 37 vad
1147 1553 183 37 utskottet
1371 1554 197 48 inhämtat,
1606 1568 139 35 genom
1776 1561 171 32 överens-

351 1600 206 38 kommelse
599 1602 83 37 med
725 1603 246 36 arrendatorn
1013 1617 47 23 av
1098 1604 360 49 kronoegendomen
1487 1606 70 36 fått
1586 1607 60 48 sig
1672 1608 172 48 upplåtet
1872 1608 80 36 dels

350 1652 98 49 plats
490 1654 60 35 för
589 1654 379 49 reningsanordning,
1011 1655 80 36 dels
1119 1657 71 36 ock
1218 1663 53 30 ett
1299 1658 153 36 område
1480 1657 63 37 vid
1572 1659 178 36 stranden
1780 1673 47 22 av
1855 1660 95 36 Eds-

349 1704 115 36 viken
505 1705 57 36 till
603 1706 258 48 lastageplats,
903 1706 116 37 vilket
1060 1720 131 24 senare
1229 1709 153 36 område
1411 1710 209 36 emellertid
1649 1723 47 23 av
1724 1711 227 47 föreningen

350 1756 116 47 tagits
495 1756 12 36 i
536 1757 162 48 anspråk
726 1758 59 35 för
813 1758 238 49 uppförande
1079 1762 38 33 åt
1145 1760 247 49 föreningens
1420 1761 242 36 medlemmar
1681 1775 47 22 av
1747 1761 204 50 badhytter

350 1807 70 36 och
460 1807 294 49 badbassänger.
812 1809 135 37 Vidare
985 1810 69 36 har
1088 1812 184 36 utskottet
1301 1812 141 47 erfarit,
1472 1818 54 31 att
1555 1813 108 36 dessa
1693 1813 258 50 anordningar

349 1863 65 32 äro
455 1859 163 49 belägna
654 1861 82 48 just
764 1863 21 33 å
813 1861 73 36 den
927 1861 118 48 mark,
1090 1876 80 23 som
1212 1877 50 22 nu
1306 1864 216 48 föreslagits
1550 1864 57 36 till
1635 1864 231 50 försäljning
1893 1867 56 35 till

350 1910 241 38 Stockholms
619 1912 81 36 läns
728 1912 208 49 landsting.

477 1963 86 36 Med
600 1964 147 49 hänsyn
776 1964 56 36 till
861 1964 61 37 det
950 1978 51 23 nu
1030 1966 157 36 anförda
1216 1980 110 23 anser
1354 1967 184 36 utskottet
1568 1973 53 31 att
1654 1968 6 36 i
1688 1969 260 37 ovanberörda

348 2013 385 50 försäljningsvillkor
770 2015 147 49 jämväl
960 2017 66 36 bör
1068 2017 166 48 stadgas,
1274 2024 55 31 att
1358 2019 71 36 den
1457 2019 223 48 ifrågasatta
1708 2020 238 50 upplåtelsen

347 2065 82 37 icke
457 2066 57 36 får
541 2067 113 35 verka
682 2067 194 49 rubbning
895 2067 12 36 i
927 2068 45 36 de
992 2082 47 22 av
1059 2070 436 48 egnahemsföreningen
1514 2074 48 47 på
1582 2076 74 32 sätt
1676 2085 98 23 ovan
1794 2078 152 31 nämnts

348 2117 59 35 för
435 2118 233 36 närvarande
697 2119 176 48 åtnjutna
905 2119 189 38 förmåner
1121 2121 88 37 eller
1238 2122 117 36 andra
1384 2123 119 48 enligt
1530 2123 143 49 Kungl.
1703 2124 126 49 Maj:ts
1854 2124 92 36 före-

347 2169 164 36 nämnda
539 2169 123 37 beslut
689 2170 225 50 föreningen
943 2171 287 38 tillkommande
1257 2174 238 48 rättigheter.
1973 2187 2 2 |
