1884 2844
275 206 120 32 Första
420 205 203 32 kammarens
648 202 111 34 andra
783 201 166 42 tillfälliga
972 201 137 32 utskotts
1124 200 165 32 utlåtande
1314 199 53 31 Nr
1383 201 31 30 5:
1578 198 19 31 3

423 291 103 34 vilka
557 289 184 43 åtgärder,
772 299 80 23 som
882 288 90 33 böra
1003 287 171 41 vidtagas
1204 286 60 33 för
1295 288 53 31 att
1377 286 102 32 inom
1510 285 84 32 vårt

423 344 90 33 land
544 342 149 34 minska
726 341 273 41 utbredningen
1034 350 47 23 av
1114 340 45 32 de
1191 339 185 41 vanligast
1407 338 187 33 förekom-

422 396 138 34 mande
587 394 377 42 tandsjukdomarna.

149 486 216 35 Stockholm
389 485 70 34 den
482 485 44 33 16
548 494 103 24 mars
674 483 98 33 1939.

616 572 52 34 På
692 571 195 34 utskottets
912 570 158 42 vägnar:

647 661 39 32 O.
709 660 41 32 A.
772 659 274 33 NORDBORG.

155 868 198 27 Närvarande:
374 868 99 26 herrar
492 866 161 33 Nordborg,
672 866 143 32 Heäman,
836 865 112 27 Anders
967 865 179 32 Andersson,
1167 864 137 32 Sundvik,
1322 863 130 27 Theodor
1464 864 134 32 Magnus-

100 922 63 25 son,
183 914 126 26 Gottfrid
329 913 147 32 Karlsson,
495 913 126 25 Persson
640 911 53 26 och
712 919 57 18 von
788 911 91 25 Horn.

276 1152 66 35 Till
369 1151 202 42 riksdagens
596 1150 112 35 första
733 1150 191 34 kammares
949 1149 107 34 andra
1079 1148 176 42 tillfälliga
1280 1147 140 35 utskott.

149 1238 392 43 Medicinalstyrelsen,
561 1248 80 22 som
661 1248 46 22 av
725 1237 133 41 Kungl.
878 1236 113 42 Maj:t
1010 1235 200 34 anbefallts
1230 1238 52 30 att
1301 1234 55 33 till
1375 1234 219 41 riksdagens

104 1285 117 33 första
245 1284 214 32 kammares
485 1282 119 33 andra
631 1281 188 41 tillfälliga
844 1281 138 33 utskott
1007 1280 133 41 avgiva
1165 1279 173 42 yttrande
1363 1280 88 32 över
1476 1288 47 23 en
1548 1288 47 23 av

104 1328 90 33 herr
224 1327 160 42 Sjödahl
414 1327 86 33 med
533 1326 97 33 flera
661 1326 110 32 väckt
801 1325 141 33 motion
974 1335 63 22 om
1070 1323 199 41 utredning
1299 1323 159 33 rörande
1491 1322 104 33 vilka

104 1372 185 42 åtgärder,
311 1381 81 23 som
415 1370 90 33 böra
527 1370 170 41 vidtagas
719 1370 13 31 i
756 1369 96 42 syfte
877 1371 52 30 att
951 1369 150 32 minska
1124 1368 272 40 utbredningen
1420 1376 46 23 av
1489 1366 107 33 tand-

103 1416 226 42 sjukdomar
352 1415 14 33 i
390 1414 81 33 vårt
495 1414 102 38 land,
624 1413 60 33 får
708 1413 57 33 till
790 1413 179 42 åtlydnad
995 1413 120 31 härav
1140 1411 133 33 anföra
1300 1411 181 41 följande.

115 1485 6 3 -
148 1460 71 33 Det
240 1459 120 33 måste
383 1458 190 33 betraktas
596 1457 122 33 såsom
741 1467 47 22 en
811 1455 306 42 grundväsentlig
1140 1455 90 33 brist
1253 1456 12 32 i
1289 1454 306 33 socialodontolo-

104 1504 98 41 giskt
227 1502 225 38 hänseende,
482 1504 54 30 att
566 1501 46 32 de
642 1500 245 33 ekonomiska
916 1499 361 41 förutsättningarna
1307 1498 59 33 för
1395 1508 46 23 en
1470 1501 125 30 veten-

104 1546 146 43 skaplig
278 1545 199 42 utredning
503 1544 162 34 rörande
693 1544 45 33 de
767 1547 100 30 stora
896 1543 355 41 folksjukdomarna
1281 1542 216 33 tandkaries
1525 1542 69 32 och

104 1589 329 44 alveolarpyorrhé
455 1589 138 33 saknas
613 1590 13 31 i
647 1588 82 33 vårt
750 1588 101 33 land.
873 1588 71 32 Det
964 1597 89 23 vore
1077 1587 129 32 därför
1228 1586 236 42 synnerligen
1486 1586 109 33 önsk-

104 1636 93 37 värt,
223 1637 52 31 att
299 1637 53 30 ett
377 1632 341 42 forskningsarbete
742 1631 128 33 kunde
896 1633 184 40 upptagas
1106 1630 21 33 å
1154 1630 248 33 förevarande
1428 1629 166 39 område,

103 1679 127 32 vilken
249 1677 239 34 verksamhet
509 1676 116 34 borde
648 1676 174 33 bedrivas
843 1676 13 32 i
877 1676 92 32 nära
991 1675 215 40 anslutning
1227 1674 56 33 till
1307 1674 71 33 den
1400 1684 50 22 nu
1475 1673 120 33 under

103 1722 214 43 utbyggnad
341 1720 164 33 varande
528 1719 381 42 riksorganisationen
933 1719 58 33 för
1014 1718 278 33 folktandvård.
1317 1718 126 33 Redan
1467 1718 12 32 i
1502 1717 93 33 skri-

104 1766 100 33 velse
231 1765 56 33 till
313 1765 206 41 Konungen
547 1764 73 32 den
647 1764 42 32 17
715 1763 154 41 januari
897 1763 85 33 1938
1007 1763 88 33 med
1124 1762 192 33 utlåtande
1343 1763 88 32 över
1458 1762 62 33 det
1547 1772 47 22 av

105 1809 236 41 sakkunniga
373 1809 101 32 inom
507 1807 413 42 socialdepartementet
954 1806 159 41 avgivna
1147 1806 253 33 betänkandet
1433 1806 160 32 rörande

104 1852 269 34 folktandvård
392 1852 69 32 har
479 1851 385 42 medicinalstyrelsen
886 1851 151 32 beaktat
1058 1850 301 33 önskvärdheten
1382 1860 45 22 av
1450 1853 52 29 att
1524 1852 71 30 sta-

105 1900 63 30 ten
194 1896 153 33 iklädde
376 1895 53 41 sig
457 1898 175 30 ansvaret
658 1895 145 41 jämväl
832 1895 60 32 för
920 1895 69 31 den
1019 1894 198 32 teoretiska
1247 1893 108 32 sidan
1383 1904 45 21 av
1457 1893 137 41 ifråga-

103 1940 165 33 varande
293 1938 361 42 problemkomplex,
677 1938 11 32 i
713 1938 61 33 det
798 1937 176 42 styrelsen
1002 1940 120 29 ansett
1145 1937 145 40 statliga
1316 1936 172 41 åtgärder
1510 1937 85 31 här-

104 1984 157 33 utinnan
281 1984 131 40 utgöra
431 1993 43 22 en
494 1982 215 41 nödvändig
727 1981 265 40 förutsättning
1011 1981 104 32 såväl
1133 1981 58 32 för
1209 1981 188 32 vinnande
1417 1990 46 22 av
1481 1981 113 40 nödig

103 2027 174 41 kunskap
296 2037 62 22 om
376 2025 349 34 kariesfrekvensen
744 2025 68 32 och
832 2025 82 32 dess
933 2024 227 33 variationer
1178 2025 11 32 i
1208 2025 96 32 riket
1323 2034 78 22 som
1419 2024 59 32 för
1496 2024 99 32 klar-

103 2071 183 41 läggande
307 2080 47 23 av
375 2070 44 32 de
440 2070 178 37 faktorer,
640 2069 99 32 vilka
760 2069 116 33 borde
897 2069 99 32 bliva
1016 2068 281 33 bestämmande
1320 2068 58 32 för
1398 2068 43 32 de
1462 2068 10 31 i
1494 2079 101 30 nyss-

103 2115 166 32 nämnda
298 2114 171 42 yttrande
500 2113 187 33 omtalade
719 2113 272 41 profylaktiska
1023 2112 222 41 åtgärderna
1278 2112 101 32 inom
1408 2112 187 32 folktand-

104 2158 160 33 vårdens
290 2168 93 22 ram.
411 2156 379 43 Medicinalstyrelsen
819 2157 69 32 har
914 2157 109 31 också
1053 2157 113 31 sedan
1196 2156 226 32 tillkomsten
1450 2166 45 22 av
1524 2158 71 39 sty-

104 2202 140 32 relsens
265 2201 408 40 tandvårdsavdelning
692 2201 61 31 vid
777 2201 215 40 upprepade
1018 2200 173 32 tillfällen
1214 2200 80 31 haft
1319 2200 200 40 anledning
1542 2202 52 30 att

106 2248 85 38 taga
223 2245 133 40 frågan
389 2255 59 21 om
480 2245 212 31 beredande
724 2254 46 22 av
800 2244 196 40 möjlighet
1030 2244 54 31 till
1118 2244 68 31 här
1218 2246 116 29 avsett
1367 2243 228 40 forsknings-

106 2289 124 31 arbete
257 2289 121 31 under
403 2288 269 39 övervägande.

151 2332 15 31 I
194 2331 246 32 medvetande
470 2341 61 21 om
561 2331 70 31 den
664 2330 309 39 utomordentliga
1004 2330 198 41 betydelse,
1231 2340 78 21 som
1341 2341 44 20 en
1416 2330 178 32 statistisk

106 2375 244 38 bearbetning
385 2374 45 41 på
466 2374 183 39 grundval
686 2384 45 21 av
766 2374 168 39 samtliga
972 2374 99 30 inom
1113 2373 308 32 folktandvården
1462 2374 132 31 under-

106 2418 104 33 sökta
237 2419 67 31 och
332 2418 234 32 behandlade
596 2417 64 32 fall
689 2417 116 32 måste
834 2417 175 32 tillmätas
1040 2418 56 30 för
1124 2417 265 37 klarläggande
1416 2427 44 21 av
1490 2418 105 31 tand-

107 2462 292 40 sjukdomarnas
431 2461 146 39 etiologi
613 2461 65 31 och
714 2461 154 31 därmed
902 2462 107 30 också
1048 2462 57 30 för
1138 2461 295 38 möjliggörande
1468 2472 45 20 av
1548 2472 45 21 en

105 2505 157 33 effektiv
288 2505 182 41 profylax,
496 2505 69 31 har
590 2504 175 41 styrelsen
793 2504 154 33 sålunda
974 2505 78 31 haft
1080 2505 54 30 sin
1163 2505 329 39 uppmärksamhet
1519 2506 76 30 sär-
