1914 2842
304 181 46 31 32
744 182 255 32 Statsutskottets
1021 183 169 31 utlåtande
1215 184 52 30 Nr
1291 185 73 29 148.

353 260 55 32 Nu
431 260 145 32 anförda
600 261 212 41 synpunkter
836 262 63 31 och
919 262 176 32 önskemål
1112 262 208 33 beträffande
1337 262 381 42 byggnadskommittén
1736 264 63 31 för-

309 317 120 29 väntar
464 314 163 32 utskottet
660 314 95 32 skola
788 315 91 32 bliva
901 315 185 42 behörigen
1109 316 176 41 iakttagna
1308 316 57 32 vid
1389 316 221 32 kommitténs
1635 317 166 40 organise-

306 367 106 32 rande
436 368 63 31 och
524 368 107 31 under
656 368 74 31 dess
755 368 121 32 arbete.

355 421 13 31 I
403 421 107 32 likhet
545 421 78 32 med
659 421 373 41 departementschefen
1067 433 98 21 anser
1200 423 171 38 utskottet,
1408 426 48 28 att
1491 423 228 32 kostnaderna
1745 424 55 31 för

306 474 155 31 nämnda
484 475 179 31 kommitté
687 492 43 3 —
753 475 93 32 vilka
869 475 182 32 kostnader
1075 476 162 32 utskottet
1260 477 195 31 förutsätter
1471 476 95 32 skola
1582 476 107 32 hållas
1705 477 94 31 inom

306 527 154 41 måttliga
483 533 139 35 gränser
645 545 41 3 —
711 528 82 32 böra
817 528 162 32 bestridas
1004 539 43 22 av
1072 529 337 41 byggnadsanslaget.
1458 529 44 32 Så
1529 530 60 31 bör
1613 530 52 31 för
1689 530 111 41 övrigt

306 585 80 27 över
415 580 213 42 huvudtaget
652 581 58 32 ske
734 581 78 32 med
837 581 65 32 alla
925 582 211 32 återstående
1160 583 140 40 utgifter
1322 583 53 31 för
1399 583 220 41 utredningar
1642 593 43 22 av
1709 583 91 32 olika

303 633 84 42 slag,
413 645 73 21 som
511 635 89 31 skett
623 635 10 31 i
658 635 63 31 och
745 636 53 31 för
822 635 260 42 ifrågavarande
1105 636 218 41 anläggning.

352 687 49 32 De
426 687 204 32 verkställda
655 688 438 42 kostnadsberäkningarna
1116 689 117 32 kunna
1257 689 268 42 uppenbarligen
1549 690 72 32 icke
1646 700 81 22 vara
1743 700 55 21 an-

304 744 60 28 nat
397 746 43 26 än
473 752 43 21 av
550 742 252 41 approximativ
830 741 243 34 beskaffenhet.
1123 743 52 31 Då
1198 743 163 32 utskottet
1384 743 183 41 tillstyrker
1590 743 210 41 beviljandet

303 805 45 20 av
373 794 55 32 det
452 795 126 31 äskade
603 795 340 41 byggnadsanslaget,
971 797 197 38 11,626,984
1192 797 133 37 kronor,
1351 796 59 33 vill
1434 797 164 31 utskottet
1614 797 184 32 emellertid

305 848 132 37 betona,
462 851 49 28 att
532 848 160 32 utskottet
708 848 74 32 icke
799 849 119 32 endast
933 849 172 32 betraktar
1122 850 111 31 denna
1249 861 135 21 summa
1400 861 73 21 som
1491 861 41 21 en
1549 850 247 39 maximisiffra,

305 901 211 32 beträffande
540 901 115 32 vilken
678 902 109 31 under
805 902 80 41 inga
902 903 289 41 omständigheter
1207 905 103 39 något
1325 903 263 33 överskridande
1604 905 57 30 må
1677 903 121 42 ifråga-

306 955 139 31 komma
469 958 82 28 utan
577 950 84 37 även
687 955 124 32 räknar
834 956 78 31 med
935 959 49 28 att
1008 956 76 32 hela
1108 956 155 42 beloppet
1287 957 30 40 ej
1343 956 84 32 skall
1447 956 92 33 bliva
1555 956 173 42 behövligt
1749 958 49 31 för

305 1007 40 32 de
370 1008 149 41 angivna
544 1008 211 32 ändamålen.
964 1040 4 7 .

349 1061 15 31 I
398 1062 96 41 fråga
528 1072 54 21 om
608 1057 181 46 företagets
814 1063 220 40 finansiering
1057 1063 150 32 ansluter
1230 1064 51 41 sig
1305 1063 125 41 Kungl.
1457 1064 114 40 Maj:ts
1595 1075 47 20 nu
1666 1064 131 41 förelig-

304 1114 110 41 gande
450 1115 128 41 förslag
610 1115 50 31 till
693 1115 55 32 det
784 1116 137 41 förslag,
953 1127 73 20 som
1051 1116 207 32 härutinnan
1281 1116 165 33 förelades
1474 1118 84 31 1930
1583 1119 52 30 års
1660 1117 138 41 riksdag

304 1165 45 43 (se
385 1168 60 32 sid.
484 1170 175 30 224—227
692 1169 10 31 i
728 1169 127 41 Kungl.
881 1169 114 41 Maj:ts
1020 1170 208 41 proposition
1253 1181 40 20 nr
1317 1171 63 31 232
1405 1170 51 32 till
1480 1171 213 31 sistnämnda
1716 1171 81 31 riks-

301 1219 89 44 dag),
416 1222 77 32 med
519 1222 41 32 de
585 1222 183 41 ändringar
792 1222 149 39 allenast,
967 1234 73 20 som
1064 1223 155 41 betingas
1243 1234 42 22 av
1297 1223 64 33 den
1378 1224 91 41 lägre
1486 1224 310 39 kostnadssumma,

303 1275 112 32 vartill
440 1275 64 32 den
530 1287 68 29 nya
621 1276 228 41 utredningen
873 1276 154 32 kommit.
1082 1277 166 32 Utskottet
1271 1277 62 32 har
1356 1280 109 29 ansett
1489 1278 51 40 sig
1564 1278 81 32 böra
1664 1277 133 33 biträda

303 1328 66 32 vad
405 1329 10 31 i
451 1329 222 31 förevarande
709 1329 167 32 avseende
911 1340 42 21 av
978 1329 127 41 Kungl.
1132 1330 98 40 Maj:t
1252 1330 199 42 föreslagits.
1501 1331 95 32 Dock
1615 1332 109 31 finner
1748 1334 48 29 ut-

302 1382 125 32 skottet
462 1382 120 41 nödigt
615 1385 48 28 att
696 1384 43 39 på
763 1393 42 21 en
830 1383 109 40 punkt
962 1387 83 37 göra
1070 1385 45 29 ett
1139 1383 250 41 förtydligande
1414 1384 183 39 uttalande,
1623 1384 173 42 nämligen

303 1435 110 41 ifråga
437 1446 54 21 om
518 1435 220 41 erläggandet
762 1446 42 21 av
829 1446 24 21 s.
879 1436 30 31 k.
935 1435 365 42 platskostnadsavgift
1323 1437 53 31 för
1401 1437 40 31 de
1466 1438 65 31 204
1555 1438 53 31 för
1636 1438 160 32 »landet
1777 1431 22 50 i

303 1489 127 41 övrigt»
467 1488 149 33 avsedda
648 1488 264 42 vårdplatserna.
960 1488 116 42 Enligt
1109 1489 127 41 Kungl.
1262 1490 114 40 Maj:ts
1400 1490 128 41 förslag
1552 1490 108 32 skulle
1684 1491 112 32 veder-

303 1542 149 32 börande
477 1542 348 40 sjukvårdsområden
849 1559 42 3 —
915 1543 144 31 frånsett
1084 1542 213 32 Stockholms
1321 1543 74 31 stad
1420 1543 62 32 och
1507 1543 55 32 län
1587 1561 42 3 —
1646 1554 81 22 vara
1743 1544 52 32 be-

302 1595 108 32 friade
443 1597 78 30 från
556 1598 49 29 att
639 1595 109 32 betala
773 1595 105 32 sådan
903 1595 118 41 avgift.
1070 1596 161 31 Däremot
1254 1597 152 40 framgår
1429 1596 56 33 det
1508 1597 74 32 icke
1605 1597 79 32 fullt
1707 1597 89 32 klart

302 1659 42 21 av
375 1649 264 41 propositionen,
664 1649 89 31 huru
778 1648 56 32 det
857 1649 10 30 i
892 1648 90 32 detta
1006 1649 194 32 hänseende
1223 1649 108 32 skulle
1355 1650 123 32 ordnas
1502 1651 54 31 för
1581 1650 215 33 Stockholms

303 1702 74 32 stad
410 1703 62 31 och
498 1702 215 32 Stockholms
738 1702 65 32 län.
852 1702 115 41 Enligt
991 1703 180 31 utskottets
1195 1703 141 41 mening
1358 1703 165 42 föreligga
1546 1704 80 41 inga
1650 1704 73 32 skäl
1747 1707 49 29 att

304 1755 68 32 låta
396 1756 152 31 nämnda
572 1755 73 32 stad
671 1756 63 31 och
758 1755 57 32 län
839 1756 139 31 komma
1001 1756 11 31 i
1037 1756 201 40 åtnjutande
1262 1767 42 21 av
1321 1756 93 41 dylik
1430 1756 156 33 befrielse
1602 1758 78 30 från
1696 1757 99 41 plats-

301 1809 284 41 kostnadsavgift,
610 1812 81 29 utan
716 1809 41 31 de
781 1809 82 32 böra
886 1809 10 31 i
921 1809 64 31 den
1011 1811 90 37 mån,
1120 1809 41 32 de
1177 1809 142 42 belägga
1335 1810 228 32 omförmälda
1579 1811 65 31 204
1659 1810 135 42 platser,

301 1863 100 41 gälda
436 1863 152 31 nämnda
623 1862 108 41 avgift
764 1864 43 39 på
843 1865 64 29 sätt
942 1862 263 42 ursprungligen
1240 1863 87 32 varit
1358 1866 109 29 avsett
1491 1869 85 27 även
1601 1865 53 31 för
1677 1864 118 41 övriga

300 1916 355 40 sjukvårdsområden.

345 1970 65 31 Det
443 1970 199 41 ifrågasatta
677 1969 203 32 samarbetet
915 1970 77 31 med
1026 1969 315 40 jubileumsfonden
1377 1970 63 32 och
1473 1971 321 40 cancerföreningen

301 2024 108 31 finner
443 2024 164 31 utskottet
642 2033 80 22 vara
755 2024 54 31 för
833 2026 108 28 staten
964 2023 219 41 fördelaktigt
1207 2023 62 31 och
1293 2034 97 21 anser
1414 2024 52 40 sig
1489 2024 116 31 därför
1627 2024 82 32 böra
1733 2024 60 32 till-

302 2077 114 41 styrka
451 2076 253 41 godkännande
739 2087 43 22 av
818 2076 161 41 förslaget
1005 2076 10 31 i
1040 2076 113 32 denna
1177 2076 62 32 del.
1288 2077 52 31 Då
1363 2077 109 41 ifråga
1497 2088 56 21 om
1578 2077 214 32 Stockholms

301 2130 75 32 stad
401 2130 62 31 och
488 2129 215 32 Stockholms
729 2129 57 32 län
811 2129 55 32 det
889 2129 72 32 icke
985 2130 88 31 visat
1097 2129 52 41 sig
1173 2130 134 41 möjligt
1322 2133 48 28 att
1385 2130 128 32 erhålla
1528 2141 264 30 gynnsammare

302 2183 122 33 villkor
459 2188 43 26 än
536 2183 104 41 enligt
664 2184 92 30 förut
780 2186 173 38 upprättat
976 2183 211 41 preliminärt
1211 2183 99 39 avtal,
1336 2183 93 32 torde
1453 2194 114 21 annan
1591 2186 105 38 utväg
1719 2184 73 31 icke

302 2237 159 41 erbjudas
486 2242 43 26 än
555 2240 48 28 att
626 2237 147 41 godtaga
797 2242 86 26 även
906 2236 66 33 vad
996 2237 208 31 härutinnan
1229 2236 199 41 föreslagits.

344 2291 15 31 I
395 2291 110 41 övrigt
541 2290 189 32 föranleder
764 2290 126 41 Kungl.
928 2290 115 41 Maj:ts
1079 2290 128 41 förslag
1240 2290 73 32 icke
1348 2292 112 40 någon
1485 2291 131 32 erinran
1643 2292 77 31 från
1745 2294 46 29 ut-

298 2344 140 32 skottets
462 2344 82 32 sida.

345 2398 116 33 Under
485 2397 213 42 åberopande
722 2409 43 21 av
790 2397 65 32 vad
880 2397 143 32 sålunda
1047 2399 131 30 anförts
1201 2398 53 31 får
1278 2398 161 32 utskottet
1462 2398 188 39 hemställa,

663 2452 52 29 att
738 2449 192 37 riksdagen
951 2451 68 35 må,
1041 2450 80 31 med
1142 2450 105 31 bifall
1268 2450 58 31 till
1348 2450 134 37 Kungl.
1504 2450 129 37 Maj:ts
1655 2451 136 35 förslag

622 2506 91 29 samt
731 2503 80 32 med
829 2504 124 35 avslag
972 2505 21 29 å
1011 2504 125 30 herrar
1155 2504 200 31 Westmans
1374 2513 43 22 m.
1438 2504 37 31 fl.
1493 2504 64 32 och
1575 2504 215 32 Carlströms
