2200 2708
423 253 40 31 12
861 246 83 42 Lag-
953 244 164 34 Utskottets
1145 241 170 35 Utlåtande
1339 240 64 31 N:o
1425 241 50 30 34.

379 346 127 37 egare,
546 330 151 38 hvilkas
741 326 216 50 fordringar
998 324 83 37 icke
1123 321 209 49 öfverstiga
1378 322 44 35 10
1466 321 39 34 £
1536 317 86 38 icke
1652 320 109 44 tagas
1789 315 9 36 i
1831 314 133 37 beräk-

380 387 92 48 ning
515 383 63 38 vid
623 379 289 41 bestämmande
956 377 41 39 af
1036 375 224 49 erforderlig
1288 373 191 50 majoritet
1507 372 95 37 efter
1630 367 213 49 hufvudtal,
1877 381 85 23 men

381 439 60 38 väl
484 436 103 39 hvad
629 438 119 46 angår
781 432 192 51 majoritet
1001 431 95 36 efter
1124 426 331 51 fordringsbelopp
1487 448 45 4 —
1561 422 161 47 besluta,
1752 425 55 33 att
1833 419 130 50 gälde-

379 498 136 32 närens
546 490 133 37 affärer
707 487 109 37 skola
844 485 151 37 utredas
1024 496 138 37 genom
1192 480 214 51 liquidation
1435 480 41 47 by
1505 482 248 43 arrangement
1783 473 69 37 och
1876 472 85 37 icke

381 547 36 35 in
447 545 231 47 bankruptey.
738 540 79 37 Har
845 539 135 36 sådant
1007 536 127 38 beslut
1162 534 144 47 fattats,
1335 532 181 37 tillsättes
1545 530 41 37 af
1608 529 282 47 borgenärerne
1919 528 47 47 på

380 603 55 32 ett
463 596 179 50 följande,
672 594 116 49 högst
816 605 47 23 en
893 591 140 36 veckas
1061 588 54 37 tid
1144 586 161 39 derefter
1334 585 117 36 hållet
1484 588 111 44 möte,
1615 579 117 39 bland
1752 579 93 38 eller
1862 583 104 31 utom

380 650 359 48 fordringsegarnes
765 646 117 46 krets,
904 657 46 23 en
971 642 213 51 syssloman
1206 640 156 49 (trustee)
1384 637 85 37 med
1488 636 91 38 eller
1598 640 89 32 utan
1712 638 55 32 ett
1785 632 64 37 vid
1870 631 96 37 hans

380 704 83 37 sida
487 701 118 38 stäldt
632 697 260 52 uppsigtsråd,
922 696 128 37 utsedt
1077 693 59 38 till
1164 698 55 31 ett
1238 691 103 38 antal
1358 690 41 37 af
1413 690 118 49 högst
1550 689 76 37 fem
1651 698 181 39 personer
1851 683 117 38 bland

379 757 46 36 de
468 752 235 38 närvarande
748 750 280 48 borgenärerne
1061 747 92 35 eller
1186 746 108 35 deras
1323 742 256 47 fullmäktige,
1609 744 99 32 samt
1735 738 232 35 bestämmes

380 808 73 37 den
482 805 192 48 säkerhet,
703 804 74 37 den
805 801 158 38 tillsatte
993 799 293 51 sysslomannen
1313 795 69 37 bör
1401 794 122 37 ställa.
1579 793 308 47 Borgenärernes
1904 788 64 37 be-

381 861 78 36 slut
487 864 99 32 samt
613 858 74 37 den
715 856 42 37 af
779 855 235 49 gäldenären
1042 850 173 38 lemnade
1244 847 243 48 förteckning
1501 838 18 70 å
1548 845 207 48 tillgångar
1776 842 70 36 och
1867 840 101 37 skul-

381 913 67 38 der
477 910 253 39 öfverlemnas
759 906 167 39 härefter
946 906 119 49 jemte
1085 901 155 52 uppgift
1260 904 20 33 å
1300 912 166 25 namnen
1486 901 48 48 på
1554 898 73 37 den
1646 895 160 38 utsedde
1827 893 142 50 sysslo-

383 978 179 35 mannen,
591 963 113 37 äfven
733 974 81 24 som
842 962 48 47 på
918 956 308 52 uppsigtsrådets
1256 953 220 47 ledamöter,
1507 951 127 37 derest
1659 954 55 32 ett
1734 947 136 37 sådant
1887 945 84 37 blif-

382 1019 56 36 vit
479 1017 145 48 tillsatt,
666 1015 56 36 till
750 1009 411 41 konkursdomstolens
1189 1006 236 49 registrator,
1454 1003 172 48 hvilken,
1651 1001 94 38 efter
1772 998 195 51 pröfning,

382 1076 56 33 att
466 1070 67 37 allt
561 1068 169 50 lagligen
759 1066 155 49 tillgått,
943 1062 265 51 inregistrerar
1235 1059 166 37 beslutet
1429 1062 98 33 samt
1555 1056 112 37 ofvan
1697 1052 165 38 nämnda
1890 1051 76 36 för-

384 1122 201 50 teckning;
620 1121 70 37 och
726 1120 139 36 räknas
894 1117 95 38 efter
1018 1114 158 38 sålunda
1204 1112 120 37 skedd
1351 1109 295 51 inregistrering
1673 1105 294 51 liqvidationens

386 1176 134 50 början
548 1175 82 36 från
660 1173 125 49 dagen
813 1172 59 36 för
899 1169 314 51 sysslomannens
1242 1162 244 50 tillsättning.
1541 1162 105 37 Efter
1674 1160 124 37 denna
1818 1158 75 48 dag
1913 1157 56 35 får

384 1230 85 36 icke
510 1227 119 37 heller
657 1228 127 45 någon
813 1223 170 37 kreditor
1010 1221 59 37 för
1096 1218 178 38 utfående
1303 1217 42 36 af
1368 1216 59 36 sin
1455 1215 154 36 fordran
1639 1211 175 39 använda
1842 1212 128 45 någon

385 1280 180 38 exekutiv
595 1278 133 50 åtgärd
757 1282 79 31 mot
863 1274 253 50 gäldenärens
1145 1283 140 38 person
1314 1268 91 38 eller
1432 1267 199 50 egendom,
1662 1264 96 38 dock
1775 1275 90 37 eger
1884 1262 84 36 kre-

385 1334 111 44 ditor,
537 1345 81 23 som
660 1331 68 36 har
769 1331 170 48 panträtt
974 1327 13 36 i
1014 1325 79 37 viss
1121 1323 255 50 gäldenärens
1405 1320 200 49 egendom,
1635 1315 232 40 fortfarande
1895 1317 75 33 rätt

385 1391 56 32 att
468 1399 45 23 ur
541 1384 221 37 densamma
791 1386 94 44 göra
914 1379 60 49 sig
1001 1377 156 38 betäckt
1184 1376 57 36 för
1269 1374 59 37 sin
1357 1374 164 36 fordran.
1578 1370 301 51 Sysslomannen
1903 1366 69 36 har

385 1438 65 36 vid
478 1437 74 37 den
580 1436 140 36 honom
750 1431 246 39 anförtrodda
1024 1428 237 48 förvaltning
1285 1439 145 24 samma
1458 1424 227 49 rättigheter
1709 1421 70 37 och
1801 1418 170 50 skyldig-

387 1491 107 36 heter
524 1502 80 22 som
633 1502 46 22 en
709 1486 216 50 syssloman
954 1484 11 35 i
994 1482 182 46 konkurs,
1206 1480 70 37 och
1304 1478 255 50 gäldenärens
1588 1475 209 49 tillgångar
1824 1471 149 37 utdelas

387 1543 11 36 i
428 1555 146 24 samma
603 1539 176 49 ordning,
809 1551 80 23 som
919 1535 64 37 vid
1011 1534 182 37 konkurs.
1248 1532 289 48 Borgenärerne
1566 1533 98 32 samt
1686 1522 288 54 uppsigtsrådet

387 1595 131 36 kunna
560 1591 234 38 beträffande
823 1588 256 47 utredningen
1109 1585 69 36 och
1207 1582 284 48 förvaltningen
1521 1581 124 36 lemna
1679 1578 295 50 sysslomannen

388 1651 173 32 närmare
604 1643 260 48 anvisningar.
931 1640 148 36 Genom
1109 1651 47 23 en
1186 1636 140 50 special
1354 1633 209 38 resolution
1592 1646 71 35 ega
1690 1632 283 47 borgenärerne

387 1705 55 31 att
471 1699 209 36 bestämma
709 1693 297 51 liqvidationens
1036 1691 86 47 slut,
1152 1690 124 36 lemna
1304 1688 233 49 gäldenären
1564 1684 206 38 frikallelse
1790 1682 83 36 från
1893 1680 81 48 gäl-

389 1751 71 36 den
483 1751 70 36 och
574 1749 292 50 sysslomannen
888 1742 346 40 ansvarsbefrielse.
1290 1741 309 47 Borgenärernes
1619 1737 127 37 beslut
1766 1748 59 23 om
1843 1732 131 50 gälde-

388 1808 138 32 närens
569 1801 208 37 frikallelse
819 1798 256 37 öfverlemnas
1116 1794 58 37 till
1208 1794 113 36 ofvan
1351 1791 247 37 omförmälde
1627 1789 236 48 registrator,
1894 1798 80 23 som

388 1855 57 37 till
473 1855 258 49 gäldenärens
759 1850 177 38 framtida
966 1848 182 37 säkerhet
1175 1845 177 37 häröfver
1380 1843 194 38 meddelar
1595 1842 117 37 bevis.
1767 1839 70 37 Om
1856 1836 120 38 under

388 1907 296 50 liqvidationens
713 1905 89 49 lopp
831 1901 227 47 domstolen,
1087 1899 93 37 efter
1208 1899 65 36 der
1297 1897 81 37 förd
1398 1895 217 49 bevisning,
1637 1895 133 46 finner,
1791 1896 56 32 att
1866 1888 109 51 liqvi-

388 1960 191 47 dationen,
608 1959 57 36 till
694 1957 93 49 följd
816 1956 41 37 af
880 1954 144 50 lagliga
1053 1952 249 48 svårigheter,
1323 1950 92 36 eller
1434 1948 159 37 emedan
1614 1950 127 45 någon
1761 1943 214 51 syssloman

391 2013 31 49 ej
453 2013 133 45 finnes,
615 2011 93 36 eller
736 2009 41 37 af
801 2022 125 23 annan
955 2005 125 46 orsak,
1109 2004 82 37 icke
1221 2003 74 37 kan
1326 2002 127 48 fortgå
1472 2006 92 31 utan
1584 1998 183 37 orättvisa
1787 2001 79 32 mot
1885 1994 92 37 eller

392 2064 210 48 otillbörlig
629 2062 235 47 tidsutdrägt
893 2060 57 36 för
978 2058 284 48 borgenärerne
1291 2055 91 36 eller
1410 2053 249 50 gäldenären,
1689 2064 93 35 eger
1810 2049 167 36 domsto-

391 2117 60 36 len
493 2122 55 30 att
589 2116 159 36 försätta
790 2113 234 49 gäldenären
1065 2110 12 35 i
1119 2109 181 36 konkurs.
1336 2129 48 4 —
1420 2105 239 49 Composition
1689 2104 79 35 with
1798 2101 180 36 Öreditors

392 2169 130 48 tillgår
549 2171 48 46 på
626 2165 326 48 hufvudsakligen
981 2175 144 24 samma
1154 2165 76 32 sätt
1259 2173 80 23 som
1368 2157 245 50 Liquidation
1629 2156 49 49 by
1698 2157 279 45 arrangement.

391 2220 242 37 Gäldenären
676 2216 297 39 sammankallar
1015 2214 83 37 sina
1139 2212 322 49 fordringsegare,
1492 2209 70 37 och
1591 2209 110 36 desse
1730 2207 130 36 kunna
1888 2204 90 48 ingå

393 2276 46 46 på
468 2286 46 22 en
543 2271 231 50 uppgörelse
804 2283 59 23 om
893 2268 161 50 gäldens
1083 2266 199 47 betalning
1310 2277 140 35 genom
1480 2275 45 23 en
1555 2261 273 45 extraordinary
1848 2257 130 35 resolu-

391 2327 84 46 tion,
518 2325 182 36 hvarmed
742 2323 139 36 förstås
909 2327 55 31 ett
991 2318 137 45 beslut,
1157 2318 138 36 fattadt
1323 2316 95 37 efter
1446 2327 145 24 samma
1619 2310 248 47 föreskrifter,
1897 2321 82 23 som

391 2377 114 37 ofvan
547 2381 65 32 äro
655 2375 234 38 beträffande
932 2370 226 51 liqvidation
1201 2368 169 50 angifna,
1413 2381 85 23 men
1527 2366 180 48 derjemte
1737 2366 46 46 på
1811 2367 55 31 ett
1894 2366 85 42 nytt

390 2429 331 50 borgenärsmöte,
763 2441 81 23 som
886 2425 84 38 icke
1005 2423 56 37 får
1088 2422 120 37 hållas
1237 2421 78 37 förr
1343 2425 47 32 än
1421 2423 20 33 å
1469 2418 134 50 sjunde
1632 2417 71 36 och
1731 2415 86 37 icke
1846 2426 133 23 senare
