2202 2707
404 220 38 31 18
864 218 249 43 Lag-Utskottets
1141 217 166 34 Utlåtande
1331 219 59 33 N:o
1414 221 51 31 34.

357 303 47 47 på
447 300 72 37 den
562 300 174 37 enskilda
778 300 437 37 öfverenskommelsens
1245 306 76 43 väg
1349 301 294 49 åstadkommas,
1673 301 56 36 får
1752 301 197 38 Utskottet

357 354 194 36 vördsamt
579 353 213 49 hemställa,
817 358 55 32 att
901 358 194 32 motionen
1123 353 83 38 icke
1237 356 114 35 måtte
1381 353 42 37 af
1445 353 222 50 Riksdagen
1696 354 160 37 bifallas.

484 565 74 37 Till
588 564 44 37 de
662 564 159 38 sålunda
837 565 41 37 af
893 565 221 36 Utskottet
1111 580 30 21 år
1158 567 92 34 1878
1268 565 223 37 framstälda
1508 565 301 49 anmärkningar
1823 565 124 36 skulle

354 618 130 36 kunna
513 618 135 48 läggas
678 618 264 49 mångfaldiga
971 618 128 48 andra,
1130 618 130 36 hvilka
1289 618 109 48 dock,
1428 621 124 33 såsom
1582 618 83 36 icke
1685 618 198 47 grundade
1900 622 48 46 på

352 671 276 47 förhållanden,
658 671 45 36 de
733 671 66 36 der
826 671 239 48 nödvändigt
1092 671 107 48 ligga
1229 671 10 36 i
1269 647 133 73 sjelfva
1431 671 212 49 begreppet
1628 676 15 31 t
1660 647 97 60 afen
1773 671 168 37 »afveck:

352 724 82 46 ling
462 697 166 78 medelst
656 723 337 47 administration»,
1023 736 102 22 mera
1152 723 110 35 träffa
1286 723 249 36 förevarande
1564 724 146 47 förslag
1737 729 47 30 än
1812 724 132 47 sjelfva

351 774 65 37 det
456 774 223 49 ifrågasatta
720 774 290 37 rättsinstitutet
1052 777 124 34 såsom
1207 774 145 48 sådant,
1383 774 69 36 och
1482 774 42 36 af
1547 774 130 37 hvilka
1705 775 90 35 flera
1822 774 123 37 finnas

351 827 159 37 anförda
551 827 54 36 uti
647 827 508 37 Justitieombudsmannens
1197 827 57 36 till
1295 827 258 37 innevarande
1587 827 183 36 riksmöte
1800 827 142 48 afeifna

351 879 365 37 embetsberättelse.

478 931 73 37 Det
592 936 41 31 är
674 931 209 37 emellertid
925 931 159 37 lärorikt
1125 936 54 32 att
1204 944 52 35 se,
1287 931 180 36 hurusom
1497 931 11 35 i
1537 931 178 48 England
1745 953 48 4 —
1822 931 123 49 enligt

350 984 100 36 hvad
485 984 200 37 Utskottet
713 984 113 37 ofvan
857 985 110 47 visat,
997 985 65 35 det
1091 984 95 36 enda
1217 989 121 30 större
1369 983 233 48 kulturland,
1632 984 66 36 der
1727 983 219 49 afveckling

349 1036 120 36 under
502 1036 306 37 administration
837 1038 122 35 finnes
989 1036 110 36 äfven
1125 1036 58 36 för
1211 1035 173 37 enskilde
1413 1048 182 37 personer
1623 1035 227 49 lagstadgad
1893 1058 51 4 —

349 1089 57 36 för
430 1089 235 37 närvarande
695 1102 47 23 en
770 1089 156 48 mycket
954 1089 105 36 stark
1089 1088 141 37 rörelse
1260 1091 118 46 pågår
1406 1087 58 37 för
1492 1093 55 31 att
1575 1101 140 35 genom
1744 1088 197 36 införande

348 1140 42 37 af
425 1146 199 44 strängare
666 1142 210 36 kontroller
926 1144 48 47 på
1002 1141 74 36 alla
1105 1141 77 36 håll
1210 1141 113 49 hejda
1352 1141 45 35 de
1426 1141 255 48 bedrägerier,
1712 1140 154 37 hvartill
1895 1141 45 36 de

348 1194 136 35 hittills
519 1170 115 60 sedan
673 1196 95 34 1869
798 1194 178 48 gällande
1011 1194 261 47 liqvidations-
1302 1194 68 34 och
1401 1193 539 48 compositionsförfarandena

347 1245 114 49 gifvit
485 1246 219 53 anledning.

476 1301 54 33 Ar
573 1300 97 35 1876
710 1298 210 37 tillkallade
953 1299 302 36 Lordkansleren
1285 1299 58 36 för
1371 1304 56 30 att
1456 1298 141 49 afeifva
1627 1299 179 48 yttrande
1836 1299 106 36 öfver

349 1350 282 49 verkningarne
666 1351 42 36 af
730 1351 177 48 gällande
937 1352 282 47 konkurslagar
1249 1365 45 22 en
1325 1351 142 36 komité
1497 1351 42 35 af
1562 1351 73 36 fem
1666 1364 195 36 personer:
1893 1365 44 22 en

348 1402 153 37 domare
544 1403 64 36 vid
651 1416 44 23 en
730 1380 169 72 county
943 1410 125 29 court»
1114 1404 93 48 (som
1251 1408 41 30 är
1320 1403 367 49 konkursdomstol),
1717 1417 46 22 en
1793 1403 41 37 af
1857 1404 84 35 »the

347 1455 242 36 controllers
586 1451 16 59 '
612 1456 37 35 in
685 1456 275 48 bankruptcy»,
990 1469 45 22 en
1065 1456 236 47 »registrar»,
1331 1468 44 22 en
1407 1455 232 51 embetsman
1670 1456 10 35 1
1712 1456 229 36 förbindelse

348 1507 83 36 med
468 1512 141 44 county
638 1512 143 42 courts;
811 1507 70 36 och
911 1521 46 22 en
987 1508 42 35 af
1052 1508 180 36 Londons
1261 1507 244 36 »sollicitors»
1537 1507 248 49 (advokater),
1810 1507 132 37 hvilka

347 1559 73 35 alla
458 1559 57 36 till
539 1559 93 49 följd
661 1559 42 36 af
727 1560 82 36 sina
838 1560 188 36 särskilda
1055 1560 227 47 ställningar
1310 1559 98 36 hade
1438 1559 219 48 mångsidig
1685 1559 217 36 erfarenhet
1930 1560 10 35 i

346 1573 297 96 filämpoingen
687 1612 42 35 af
764 1612 156 47 lagarne
962 1612 10 35 1
1016 1616 138 31 ämnet.
1211 1612 133 35 Denna
1387 1588 163 59 komité
1572 1587 227 72 förklarade,
1827 1611 112 36 bland

345 1668 117 31 annat
495 1663 81 48 »sig
604 1663 139 48 känna,
772 1664 181 36 hurusom
983 1664 11 35 1
1023 1664 101 36 vissa
1152 1663 63 38 fall
1246 1664 63 36 det
1339 1676 87 23 vore
1452 1663 156 48 vanliga
1640 1664 208 36 händelsen
1886 1668 55 31 att

346 1713 220 38 fullmakter
594 1720 55 31 att
677 1716 61 36 vid
770 1716 280 36 sammanträde
1080 1716 77 36 föra
1188 1716 101 36 talan
1307 1715 209 36 innehades
1537 1715 41 36 af
1589 1728 192 36 personer,
1799 1715 140 45 hvilka,

346 1769 124 34 såsom
501 1767 64 36 det
593 1773 144 43 syntes,
766 1768 311 49 representerade
1108 1767 214 36 oberoende
1352 1767 251 48 borgenärers
1632 1769 203 44 intressen,
1853 1781 85 22 men

346 1819 131 36 hvilka
505 1820 10 35 i
548 1820 268 48 verkligheten
846 1833 88 23 vore
964 1820 173 36 betalade
1154 1820 91 36 eller
1261 1820 112 47 legde
1390 1820 75 35 af
1468 1820 210 36 gäldenären
1700 1820 92 35 eller
1808 1798 131 58 kandi-

344 1870 111 37 daten
488 1871 56 36 för
572 1849 162 60 trustee-
721 1872 178 50 -platsen,
930 1873 68 35 och
1029 1877 67 44 att,
1126 1875 40 33 så
1196 1872 73 36 fort
1296 1849 208 71 tillgångar
1520 1871 218 37 förefunnes
1755 1877 55 31 att
1825 1872 111 48 gälda

344 1923 122 49 dryga
510 1924 281 48 omkostnader,
835 1925 161 48 mycken
1025 1903 179 70 värfning
1233 1924 187 49 uppstode
1455 1923 57 36 för
1540 1924 219 36 erhållande
1789 1924 42 36 af
1856 1924 82 36 full-

346 1976 157 35 makter.
559 1977 134 47 Enligt
726 1954 98 58 hvad
854 1990 81 22 som
969 1977 109 35 sades
1108 1953 135 72 köptes
1274 1976 69 35 och
1374 1976 123 35 såldes
1526 1976 75 35 ofta
1632 1976 230 46 fullmakter,
1892 1977 46 35 då

345 2027 141 37 sådana
528 2028 183 37 behöfdes
741 2029 58 36 för
827 2034 56 31 att
911 2029 139 36 erhålla
1081 2028 225 48 erforderlig
1336 2028 189 48 majoritet
1552 2027 58 37 för
1638 2031 126 45 någon
1794 2028 143 36 resolu-

344 2079 91 37 tion.
491 2080 73 37 Det
592 2080 212 47 inträffade,
833 2081 85 37 icke
947 2080 257 47 händelsevis,
1233 2085 88 31 utan
1353 2082 41 34 så
1424 2080 77 36 ofta
1529 2085 56 31 att
1614 2080 63 36 det
1704 2085 134 32 nästan
1870 2080 66 36 bil-

344 2132 95 36 dade
472 2133 116 48 regel,
618 2139 55 30 att
701 2146 58 34 en,
791 2139 55 30 att
874 2134 111 35 döma
1013 2133 42 35 af
1080 2133 64 36 det
1172 2133 212 48 skådespel,
1415 2132 337 48 förhandlingarne
1771 2132 164 49 erbjöde,

343 2183 10 35 1
397 2184 131 48 dylika
569 2186 112 35 saker
722 2185 236 48 fullkomligt
986 2185 169 36 oerfaren
1185 2197 139 36 person
1352 2197 139 35 genom
1520 2185 170 35 erhållna
1719 2184 218 36 fullmakter

343 2241 118 31 sattes
490 2237 10 35 1
530 2238 109 35 stånd
669 2242 55 31 att
748 2237 170 36 invotera
948 2237 60 48 sig
1036 2236 91 49 sjelf
1151 2250 80 22 som
1261 2242 156 41 trustee,
1447 2241 56 31 att
1530 2236 207 37 bestämma
1757 2236 179 49 beloppet

341 2287 42 37 af
407 2288 66 36 sitt
501 2294 90 43 eget
619 2289 167 48 arfvode,
816 2295 56 30 att
901 2294 83 31 utse
1013 2288 300 50 uppsigtsrådet,
1343 2293 55 32 att
1425 2287 146 37 besluta
1603 2302 57 22 om
1692 2288 190 48 gäldande
1899 2288 40 36 af

342 2340 82 35 sina
467 2341 271 36 omkostnader
800 2342 70 35 och
913 2346 55 31 att
1010 2341 194 47 slutligen,
1247 2341 9 35 i
1300 2341 63 35 fall
1407 2340 42 36 af
1489 2340 236 47 liqvidation,
1768 2340 164 36 förklara

340 2392 235 48 gäldenären
604 2392 44 36 fri
681 2393 56 35 för
767 2392 83 36 sina
881 2392 249 48 borgenärers
1152 2392 113 36 krafy.
