1872 2792
566 180 286 30 Statsutskottets
874 180 178 30 utlåtande
1073 190 42 19 nr
1136 181 28 29 9.
1582 181 39 29 517

115 268 150 38 vägning
285 277 41 19 av
347 266 423 38 investeringsutrymmet
793 265 54 29 för
868 265 467 32 kommunikationsverken,
1358 274 73 20 som
1452 264 59 39 jag
1533 265 88 28 före-

118 311 73 38 slog
213 310 10 28 i
248 309 207 39 föregående
481 309 56 29 års
563 307 411 40 statsverksproposition
998 308 64 28 och
1089 317 73 20 som
1189 317 40 20 av
1255 307 186 38 riksdagen
1468 307 153 38 godkän-

116 353 69 33 des,
208 352 64 29 har
295 351 54 30 för
372 350 292 30 luftfartsfonden
687 350 54 29 för
765 358 46 21 nu
838 350 146 39 löpande
1006 349 168 39 budgetår
1198 349 186 29 fastställts
1409 359 41 19 en
1475 349 147 30 investe-

118 395 173 38 ringsram
308 403 56 20 om
382 394 15 29 7
414 393 88 38 milj.
519 394 51 28 kr.

161 436 346 39 Luftfartsstyrelsen
526 436 63 29 har
606 444 57 25 nu,
681 435 110 28 under
808 434 211 39 hänvisning
1037 434 51 29 till
1105 434 40 29 de
1163 434 366 38 kostnadsstegringar
1548 443 74 19 som

117 479 123 29 inträtt
262 479 107 29 sedan
393 478 78 29 1951
498 477 56 30 års
577 477 107 39 petita
707 477 200 33 framlades,
931 477 177 29 hemställt
1132 486 55 20 om
1211 486 42 19 en
1276 476 148 39 höjning
1447 485 42 20 av
1511 476 113 29 inves-

118 521 255 39 teringsramen
393 520 53 30 till
467 520 18 29 8
508 520 89 39 milj.
619 520 50 28 kr.
703 519 121 31 Såsom
845 519 60 39 jag
925 519 118 29 anfört
1064 519 110 29 under
1195 519 115 39 punkt
1333 519 26 32 1,
1382 519 62 28 har
1466 518 59 39 jag
1548 519 75 28 icke

118 564 103 38 något
244 565 49 27 att
316 563 115 29 erinra
454 562 168 29 häremot.
656 562 47 29 På
725 563 112 37 grund
862 571 41 20 av
925 562 41 28 de
990 561 136 29 relativt
1149 563 93 27 stora
1266 561 356 38 anslagsbehållning-

117 615 85 19 arna
224 605 79 29 från
326 604 207 39 föregående
555 605 37 29 år
615 604 68 29 kan
705 604 194 39 höjningen
920 604 157 38 vidtagas
1100 606 84 26 utan
1207 605 50 27 att
1279 603 200 39 ytterligare
1502 603 122 39 anslag

118 657 149 20 anvisas.

163 690 129 29 Genom
315 690 112 29 beslut
447 690 68 29 den
539 690 39 28 25
602 689 86 39 april
715 689 82 29 1952
820 689 63 29 har
906 689 124 38 Kungl.
1055 688 103 38 Maj:t
1182 689 9 28 i
1213 688 151 38 enlighet
1388 690 77 28 med
1488 688 134 28 riksda-

118 740 82 31 gens
221 732 167 29 skrivelse
411 732 98 29 1952:
525 731 41 29 98
587 731 186 39 uppdragit
795 731 34 29 åt
852 730 330 39 luftfartsstyrelsen
1205 732 49 28 att
1276 730 121 38 avgiva
1419 730 132 39 förslag
1571 730 52 28 till

117 774 172 39 reglering
317 783 41 20 av
393 773 230 30 kvarstående
652 773 242 39 behållningar
924 773 19 29 å
971 772 399 39 investeringsanslagen
1401 772 110 29 under
1543 772 82 29 luft-

118 817 232 29 fartsfonden.
387 816 50 29 En
475 816 187 38 utredning
687 816 123 29 härom
836 815 107 40 pågår
967 815 95 29 inom
1088 816 170 38 styrelsen
1285 815 64 29 och
1376 815 247 38 anslagsregle-

119 859 122 39 ringen
264 868 99 20 avses
387 860 63 36 äga
473 867 79 20 rum
576 867 60 30 per
659 858 66 29 den
750 858 40 29 30
814 857 79 39 juni
919 857 92 30 1953.
1048 857 64 30 Vid
1137 857 114 29 denna
1275 857 167 39 tidpunkt
1466 857 159 29 kommer

121 902 147 30 sålunda
289 902 40 29 de
352 911 45 19 nu
420 901 215 39 förefintliga
656 900 292 39 behållningarna
969 901 17 29 å
1009 900 94 30 äldre
1126 901 119 38 anslag
1268 901 49 27 att
1340 899 163 39 indragas
1524 901 11 29 i
1557 899 65 30 den

120 945 80 29 mån
221 946 40 29 de
282 944 75 30 icke
378 946 94 36 tages
492 944 9 28 i
524 943 152 40 anspråk
698 944 111 28 under
830 943 235 29 innevarande
1086 943 178 38 budgetår.
1287 942 77 29 Med
1386 943 137 38 hänsyn
1546 942 77 29 här-

121 987 51 29 till
194 987 64 29 har
281 987 169 38 styrelsen
474 987 112 38 utgått
610 986 102 33 ifrån,
738 987 48 28 att
811 986 40 29 de
875 986 54 29 för
953 987 99 28 nästa
1076 985 168 38 budgetår
1268 985 186 39 planerade
1478 985 147 28 investe-

119 1029 165 38 ringarna
303 1029 11 28 i
334 1029 54 29 sin
407 1028 116 29 helhet
544 1028 110 29 måste
674 1028 121 29 täckas
815 1028 79 28 med
915 1036 67 30 nya
1003 1027 130 38 anslag.
1154 1026 210 30 äskandena
1385 1028 37 28 är
1443 1026 120 29 därför
1584 1035 42 20 av

119 1071 167 38 betydligt
306 1071 109 29 större
434 1070 213 38 omfattning
666 1071 43 28 än
729 1070 111 29 under
859 1069 208 39 föregående
1086 1069 47 29 år.
1153 1069 49 29 De
1223 1068 134 40 uppgår
1378 1068 176 39 nämligen
1573 1068 53 29 till

123 1113 64 33 10,5
213 1113 87 38 milj.
327 1113 61 33 kr.,
416 1121 104 20 varav
545 1112 45 34 0,7
615 1112 86 38 milj.
728 1113 51 28 kr.
806 1114 168 37 upptages
1001 1112 110 29 under
1136 1111 285 39 telegrafverkets
1449 1110 84 30 fond
1560 1111 64 29 och

119 1155 120 30 därför
266 1155 100 38 ingår
394 1155 9 28 i
431 1155 56 29 det
516 1165 42 19 av
586 1154 318 40 telegrafstyrelsen
932 1154 164 30 anmälda
1125 1153 288 39 anslagsbehovet
1442 1153 54 29 för
1525 1154 100 28 nästa

121 1198 177 39 budgetår.
324 1198 65 39 Jag
413 1198 62 29 har
500 1198 145 38 tidigare
670 1198 116 29 denna
809 1197 68 38 dag
899 1197 57 30 vid
982 1197 72 29 min
1080 1197 164 29 anmälan
1271 1206 41 20 av
1338 1196 287 38 anslagsbehovet

120 1240 109 29 under
255 1240 285 38 telegrafverkets
567 1240 84 28 fond
678 1239 170 39 tillstyrkt
875 1240 49 28 att
950 1248 42 20 av
1019 1239 219 29 sistnämnda
1263 1238 125 39 belopp
1415 1237 140 30 anvisas
1582 1237 46 34 0,6

120 1283 87 38 milj.
229 1283 51 29 kr.
312 1283 114 29 Därav
445 1282 139 39 belöper
606 1282 44 33 0,4
670 1282 87 39 milj.
779 1283 52 28 kr.
853 1281 44 39 på
918 1281 156 38 anslaget
1094 1281 52 29 till
1168 1280 458 39 Rundradioanläggningar

120 1325 54 29 för
198 1325 186 29 luftfarten
407 1325 64 29 och
495 1325 45 33 0,2
563 1324 87 39 milj.
674 1325 51 28 kr.
749 1324 43 39 på
817 1324 156 38 anslaget
998 1324 51 28 till
1074 1323 364 39 Försvarsberedskap
1466 1323 57 29 vid
1547 1323 81 28 tele-

121 1367 208 39 grafverket.
348 1367 74 29 Den
441 1367 204 37 minskning
662 1367 59 38 jag
741 1367 158 28 förordat
916 1366 128 29 hänför
1064 1365 51 40 sig
1133 1366 52 28 till
1204 1366 57 28 det
1280 1374 122 20 senare
1421 1365 166 38 anslaget.

164 1409 64 39 Jag
246 1409 159 29 kommer
423 1409 10 28 i
451 1409 57 28 det
528 1408 156 39 följande
702 1410 51 27 att
770 1408 177 38 tillstyrka
966 1410 50 27 att
1035 1417 41 21 av
1095 1409 56 28 det
1169 1408 52 29 till
1242 1407 253 39 investeringar
1514 1407 11 28 i
1545 1406 83 29 luft-

120 1451 223 29 fartsfonden
367 1451 110 29 under
501 1452 101 29 nästa
626 1450 168 39 budgetår
819 1450 130 29 äskade
973 1450 302 38 anslagsbeloppet
1300 1458 55 20 om
1382 1450 44 32 9,8
1450 1449 88 38 milj.
1563 1449 62 33 kr.,

121 1493 233 39 sammanlagt
375 1493 44 33 9,4
439 1493 87 37 milj.
548 1493 51 28 kr.
620 1493 149 29 anvisas.
802 1493 121 29 Såsom
943 1492 60 39 jag
1022 1492 117 29 anfört
1160 1492 111 28 under
1291 1492 113 38 punkt
1428 1492 14 28 1
1466 1491 161 29 förordar

119 1535 59 39 jag
203 1535 203 33 emellertid,
430 1536 49 28 att
502 1535 355 37 investeringsramen
881 1535 190 28 fastställes
1095 1534 52 29 till
1171 1534 18 29 8
1213 1533 74 39 milj
1315 1534 51 28 kr.

164 1577 230 30 Huvuddelen
418 1587 41 19 av
481 1577 41 39 de
546 1577 54 29 för
624 1578 99 28 nästa
746 1577 169 38 budgetår
940 1576 129 30 äskade
1092 1576 400 38 investeringsanslagen
1516 1575 111 29 under

121 1620 291 30 luftfartsfonden
433 1629 97 20 avser
550 1620 373 38 anläggningsarbeten
942 1619 54 29 för
1015 1619 183 39 flygfälten
1217 1620 56 28 vid
1293 1618 195 39 Halmsjön,
1508 1618 119 29 Brom-

122 1673 66 23 ma,
212 1663 194 29 Torslanda
430 1662 62 29 och
518 1662 178 29 Bulltofta.
722 1662 74 29 Vad
822 1662 107 38 angår
955 1661 284 39 storflygplatsen
1264 1660 56 30 vid
1347 1660 184 39 Halmsjön
1558 1660 70 29 för-

121 1705 102 29 ordar
247 1705 69 38 jag,
342 1706 50 28 att
417 1705 164 28 arbetena
606 1704 10 28 i
642 1704 152 38 enlighet
819 1704 79 29 med
927 1704 67 29 den
1019 1713 42 19 av
1088 1703 81 30 1952
1196 1703 57 29 års
1278 1703 143 38 riksdag
1446 1702 181 29 beslutade

119 1747 214 38 begränsade
355 1747 318 38 byggnadsplanen,
696 1746 117 29 vilken
835 1746 146 29 innebär
1003 1747 50 28 att
1075 1745 264 39 Halmsjöfältet
1361 1745 167 38 utbygges
1552 1753 74 20 som

120 1789 284 38 reservflygplats
431 1789 50 28 till
508 1789 163 29 Bromma
696 1789 176 38 flygplats,
898 1788 178 29 fortsättes
1100 1788 110 29 under
1236 1789 101 28 nästa
1361 1786 179 39 budgetår.
1569 1786 58 30 Så-

120 1832 107 28 lunda
254 1832 60 28 bör
341 1831 91 29 vissa
459 1831 253 37 sechaktnings-,
740 1831 241 38 beläggnings-
1008 1831 64 28 och
1098 1830 207 38 vägarbeten
1335 1839 43 19 m.
1407 1839 44 19 m.
1479 1829 146 32 utföras,

122 1874 54 29 för
202 1873 92 30 vilka
323 1874 236 28 kostnaderna
586 1873 172 29 beräknas
786 1874 116 38 uppgå
930 1873 50 28 till
1011 1872 16 29 3
1042 1872 62 29 350
1120 1872 61 29 000
1210 1873 51 28 kr.
1291 1872 125 28 Vidare
1444 1872 61 28 bör
1534 1871 92 29 vissa

119 1915 236 40 provisoriska
387 1915 349 38 stationsbyggnader
765 1914 170 39 uppföras
965 1916 90 27 samt
1085 1914 40 28 de
1155 1913 190 29 elektriska
1375 1912 251 38 anläggningar

119 1967 44 20 m.
185 1967 43 19 m.
249 1966 74 20 som
345 1957 97 38 ingår
462 1957 8 28 i
492 1957 111 28 första
623 1958 147 37 etappen
790 1957 205 28 fullbordas.
1025 1956 243 29 Kostnaderna
1289 1955 54 29 för
1364 1956 99 28 dessa
1485 1955 141 28 arbeten

123 2000 170 28 beräknas
319 1999 49 29 till
396 1999 60 29 100
472 1999 62 28 000
559 2008 87 30 resp.
674 1999 94 29 1000
784 1999 62 29 000
871 2000 51 28 kr.
947 1999 110 28 under
1082 1999 98 28 nästa
1207 1998 178 37 budgetår.

165 2042 11 28 I
204 2042 93 28 detta
330 2042 256 37 sammanhang
613 2041 53 29 får
693 2041 59 38 jag
780 2041 114 29 erinra
923 2049 56 20 om
1007 2042 50 27 att
1085 2040 124 37 Kungl.
1239 2039 106 39 Maj:t
1373 2040 65 28 den
1468 2039 39 29 25
1537 2039 88 39 april

123 2084 80 29 1952
232 2083 168 29 anbefallt
430 2083 331 38 luftfartsstyrelsen
791 2085 50 27 att
869 2083 188 29 verkställa
1086 2092 41 19 en
1157 2082 252 29 förberedande
1438 2081 189 38 utredning

119 2126 148 28 rörande
288 2125 269 38 användningen
579 2126 62 28 och
663 2126 66 28 den
750 2125 163 29 fortsatta
934 2125 243 38 utbyggnaden
1200 2134 41 19 av
1262 2124 286 38 storflygplatsen
1569 2123 56 29 vid

120 2167 195 38 Halmsjön.

164 2210 226 28 Beträffande
411 2210 163 28 Bromma
598 2210 163 38 flygplats
783 2209 192 38 tillstyrker
995 2209 59 38 jag
1075 2210 48 27 att
1146 2209 108 27 under
1276 2208 155 37 anslaget
1453 2208 49 28 till
1527 2208 99 38 Flyg-

120 2251 218 38 fältsbyggen
362 2251 138 28 anvisas
526 2251 109 28 medel
662 2251 50 28 till
737 2251 43 28 bl.
805 2260 29 19 a.
859 2251 198 38 reparation
1081 2260 41 19 av
1146 2250 180 28 rullbanor
1352 2259 42 18 im.
1419 2259 44 18 m.
1500 2249 126 28 Vidare

118 2293 61 28 bör
196 2292 263 38 ombyggnaden
478 2302 41 19 av
536 2293 66 28 den
620 2292 202 29 nuvarande
840 2292 354 38 stationsbyggnaden
1213 2290 165 39 påbörjas
1397 2291 110 28 under
1525 2292 101 27 nästa

119 2335 167 35 budgetår
314 2335 61 27 och
405 2344 40 19 en
475 2343 44 29 ny
546 2335 227 27 krafteentral
804 2334 175 37 anläggas.
1008 2334 179 37 Därjämte
1219 2333 158 28 förordar
1405 2332 58 38 jag
1491 2334 50 26 att
1570 2332 55 28 be-

120 2376 233 38 myndigande
380 2376 134 29 lämnas
542 2376 53 29 för
621 2376 210 37 beställmng
857 2386 41 18 av
923 2377 47 27 ett
997 2377 75 36 nytt
1098 2374 389 38 reservkraftaggregat.
1526 2374 100 28 Kost-

119 2418 112 28 naden
252 2418 111 28 under
383 2419 99 28 nästa
504 2417 168 38 budgetår
695 2418 52 28 för
770 2417 354 39 stationsbyggnaden
1145 2417 173 29 beräknas
1342 2416 47 29 till
1413 2416 62 28 400
1490 2416 62 28 000
1574 2416 50 28 kr.

118 2460 63 28 och
201 2459 54 29 för
275 2459 273 29 krafteentralen
568 2460 49 28 till
642 2460 59 28 100
716 2460 62 27 000
798 2460 50 28 kr.
880 2460 66 28 För
967 2459 413 37 reservkraftaggregatet
1398 2458 149 29 behöver
1567 2467 59 19 an-

122 2502 72 37 slag
218 2502 139 29 anvisas
383 2502 84 29 först
495 2503 53 28 för
574 2502 202 37 budgetåret
807 2502 155 29 1954/55.
