1864 2792
531 174 286 31 Statsutskottets
844 173 178 30 utlåtande
1047 182 44 21 nr
1115 173 29 30 9.
1573 172 17 28 7

133 261 68 29 Till
224 260 227 30 förevarande
474 259 165 29 ändamål
663 259 63 28 har
751 258 54 29 för
831 257 235 29 innevarande
1089 256 169 39 budgetår
1282 256 154 29 anvisats
1459 257 48 27 ett
1532 265 60 20 an-

90 311 74 39 slag
181 321 41 20 av
238 310 19 29 4
271 310 62 29 600
349 309 62 31 000
429 310 140 30 kronor.
587 309 74 29 Den
683 309 13 28 1
715 308 67 39 juli
802 307 83 30 1952
903 308 77 29 stod
1000 309 48 28 ett
1064 307 124 39 belopp
1206 316 41 20 av
1265 306 45 33 5,7
1331 305 163 40 miljoner
1514 305 79 30 kro-

89 370 64 20 nor
173 362 52 29 till
245 360 205 39 förfogande
471 360 19 30 å
509 360 167 38 anslaget.
699 358 411 39 Medelsförbrukningen
1130 357 111 30 under
1260 356 204 39 budgetåret
1486 355 102 36 1951/

88 412 41 29 52
148 411 151 40 uppgick
318 411 52 29 till
387 410 46 34 4,3
449 410 165 39 miljoner
634 409 140 29 kronor.

134 461 396 40 Generalpoststyrelsen
563 460 210 40 uppskattar
802 459 414 39 medelsförbrukningen
1246 458 112 30 under
1387 457 205 40 budgetåret

91 511 150 36 1953/54
265 512 52 29 till
342 521 39 21 ca
406 511 45 34 6,5
474 511 166 39 miljoner
667 511 139 30 kronor.
832 510 53 29 Då
911 510 113 39 någon
1049 509 215 30 reservation
1289 510 20 29 å
1334 509 156 38 anslaget
1515 508 77 30 icke

88 563 173 29 beräknas
286 562 167 39 föreligga
478 561 56 30 vid
559 561 176 39 utgången
759 570 42 20 av
825 560 237 30 innevarande
1089 560 179 39 budgetår,
1295 559 203 30 hemställer
1523 560 69 38 sty-

88 613 113 29 relsen
220 622 56 20 om
297 615 47 27 ett
365 612 121 39 anslag
507 621 42 21 av
568 612 45 33 6,5
632 611 164 39 miljoner
816 611 130 30 kronor
966 610 55 30 för
1041 611 100 29 nästa
1160 610 179 39 budgetår.

133 662 225 30 Beträffande
378 662 217 40 postverkets
616 661 340 40 nybyggnadsbehov
975 661 11 29 i
1004 661 192 30 allmänhet
1215 660 205 31 framhåller
1439 660 153 39 general-

88 713 261 40 poststyrelsen,
372 714 50 28 att
444 722 41 20 en
510 712 132 39 ökning
668 721 41 21 av
731 712 218 40 postverkets
972 711 452 39 nybyggnadsverksamhet
1446 711 38 29 är
1507 710 85 30 nöd-

88 764 137 38 vändig,
245 773 56 20 om
320 763 75 30 icke
416 763 189 29 avsevärda
625 762 221 39 olägenheter
865 762 96 30 såväl
979 762 55 30 för
1054 762 237 29 allmänheten
1311 770 74 21 som
1405 761 54 30 för
1479 760 113 40 själva

87 814 213 39 postarbetet
324 813 90 29 skall
438 813 136 39 uppstå.
598 813 66 29 Det
685 812 155 30 aktuella
862 812 465 40 nybyggnadsprogrammet
1349 821 101 21 anses
1473 811 118 34 likväl,

88 866 88 28 trots
199 865 56 29 det
276 866 94 27 stora
390 864 155 33 behovet,
569 873 83 20 vara
672 863 136 40 präglat
828 872 43 20 av
892 863 120 39 sträng
1036 862 296 31 återhållsamhet.
1356 862 50 31 Av
1426 862 42 30 de
1488 862 105 39 bygg-

88 914 235 39 nadsföretag,
348 923 74 20 som
446 914 11 29 i
479 913 217 39 vederbörlig
720 913 150 39 ordning
893 913 151 30 anmälts
1069 913 65 29 och
1157 913 11 29 i
1192 913 136 41 princip
1353 913 172 39 godkänts
1550 922 42 20 av

88 965 284 33 statsmakterna,
396 964 64 30 har
483 964 159 39 följande
666 965 94 28 ännu
784 963 76 30 icke
886 963 137 30 kunnat
1047 963 225 39 igångsättas,
1299 962 176 40 nämligen
1498 964 94 39 post-

88 1015 66 29 hus
179 1015 11 28 i
215 1014 138 34 Arvika,
381 1014 128 34 Boden,
534 1013 171 41 Göteborg
733 1012 208 42 (Kålltorp),
965 1013 241 34 Landskrona,
1232 1013 137 40 Nässjö,
1395 1013 195 34 Sundsvall,

89 1065 163 29 Västerås
274 1065 64 29 och
361 1064 204 39 Ängelholm
588 1066 92 28 samt
701 1073 71 20 om-
794 1064 65 30 och
880 1063 215 40 tillbyggnad
1117 1073 42 21 av
1180 1064 192 40 posthusen
1394 1063 11 30 i
1426 1064 165 30 Karlstad

88 1115 65 29 och
181 1115 207 39 Linköping.
416 1114 75 29 Den
518 1114 89 30 efter
635 1113 166 40 prisläget
830 1123 199 21 sommaren
1062 1114 82 30 1952
1171 1114 199 30 beräknade
1397 1114 195 39 byggnads-

88 1165 196 30 kostnaden
311 1165 54 29 för
392 1165 100 29 dessa
520 1165 135 39 företag
684 1164 133 40 uppgår
843 1164 53 29 till
923 1166 48 28 ett
998 1165 234 38 sammanlagt
1261 1165 124 39 belopp
1414 1174 42 20 av
1483 1174 40 20 ca
1550 1164 40 30 23

88 1215 88 39 milj.
197 1216 51 28 kr.

133 1266 76 29 Med
239 1266 138 38 hänsyn
407 1265 53 29 till
490 1265 57 29 det
577 1265 155 30 aktuella
763 1265 485 40 nybyggnadsprogrammets
1280 1266 213 39 omfattning
1526 1266 64 30 har

87 1316 170 38 styrelsen
277 1316 10 28 i
307 1316 53 29 sin
381 1315 262 39 framställning
664 1316 186 39 begränsat
870 1315 251 40 utvidgningen
1142 1325 42 21 av
1203 1318 236 38 programmet
1461 1315 52 31 till
1533 1326 58 20 en-

86 1365 79 30 dast
185 1368 47 27 ett
250 1366 144 38 företag,
414 1366 175 39 nämligen
608 1366 147 39 posthus
775 1366 10 29 i
804 1365 207 40 Lidköping.
1031 1366 195 30 Härutöver
1245 1367 156 30 anmäler
1419 1367 171 39 styrelsen

87 1415 93 30 vissa
203 1415 189 39 ändringar
415 1425 41 20 av
479 1416 170 39 planerna
675 1416 11 28 i
710 1416 99 38 fråga
832 1424 57 21 om
911 1416 184 39 posthuset
1117 1416 11 29 i
1151 1416 231 30 Landskrona
1405 1418 91 28 samt
1518 1426 73 20 om-

87 1466 65 29 och
176 1466 259 38 tillbyggnaden
456 1475 42 20 av
518 1465 184 40 posthuset
724 1465 10 29 i
757 1465 175 30 Karlstad.

130 1515 226 30 Beträffande
379 1516 66 29 den
469 1516 163 29 närmare
656 1516 215 29 innebörden
894 1525 42 21 av
958 1516 189 39 styrelsens
1171 1516 131 40 förslag
1325 1517 97 30 torde
1446 1517 37 30 få
1505 1518 86 29 hän-

86 1566 93 29 visas
198 1566 51 29 till
266 1565 263 40 propositionen
553 1566 43 34 (s.
619 1565 160 35 14-—17).

132 1615 88 31 Över
244 1616 188 39 styrelsens
460 1616 262 39 framställning
747 1616 64 30 har
836 1617 162 38 yttrande
1023 1617 147 39 avgivits
1198 1627 43 21 av
1265 1618 325 31 arbetsmarknads-

86 1666 170 39 styrelsen
282 1665 42 33 (s.
348 1666 71 33 17).

131 1766 392 40 Departementschefen
551 1767 135 30 erinrar
715 1777 56 20 om
799 1770 50 27 att
875 1768 300 40 investeringarna
1201 1770 9 29 i
1236 1770 146 40 posthus
1409 1771 110 30 under
1547 1780 41 21 en

87 1816 81 39 lång
183 1816 88 39 följd
287 1826 42 20 av
345 1817 38 29 år
400 1817 89 29 varit
505 1817 232 40 otillräckliga
754 1818 54 30 för
825 1820 50 27 att
893 1818 180 39 tillgodose
1091 1820 57 29 det
1164 1820 111 30 ökade
1292 1820 205 31 lokalbehov
1514 1830 74 21 som

87 1866 158 39 uppstått
271 1874 122 31 genom
422 1868 254 38 poströrelsens
704 1868 203 39 fortgående
934 1869 209 39 utveckling.
1173 1870 118 30 Redan
1320 1871 110 29 under
1456 1871 135 39 föregå-

86 1916 87 28 ende
192 1916 168 38 budgetår
381 1916 89 29 hade
490 1917 89 29 dock
599 1917 95 29 inom
715 1927 121 20 ramen
856 1928 43 19 av
919 1928 41 20 en
984 1919 10 29 i
1017 1921 87 28 stort
1124 1921 66 28 sett
1210 1920 213 30 oförändrad
1444 1922 146 29 medels-

85 1965 145 39 tillgång
250 1975 42 20 en
312 1966 70 29 viss
403 1966 132 40 ökning
554 1967 11 29 i
584 1968 346 39 posthusbyggandet
952 1969 90 29 varit
1063 1969 131 40 möjlig.
1217 1970 116 30 Under
1353 1971 236 30 innevarande

85 2015 170 39 budgetår
279 2025 101 21 anses
409 2019 174 37 utrymme
612 2017 167 40 föreligga
805 2018 55 30 för
887 2028 41 21 en
956 2019 200 39 ytterligare
1183 2020 136 30 mindre
1346 2021 140 40 ökning.
1514 2021 74 31 Den

85 2066 223 39 möjliggöres
324 2067 44 29 bl.
387 2076 29 20 a.
438 2067 107 30 därav
563 2069 50 29 att
631 2068 164 31 arbetena
811 2070 79 29 med
908 2070 235 39 uppförandet
1161 2080 42 21 av
1221 2072 192 39 posthusen
1430 2072 10 29 i
1457 2072 130 30 Eskils-

85 2117 86 28 tuna
190 2116 62 29 och
274 2116 106 30 Luleå
400 2117 45 39 på
464 2118 112 38 grund
596 2128 42 19 av
658 2119 56 29 det
734 2119 154 29 ändrade
909 2120 316 39 konjunkturläget
1245 2122 70 29 kan
1335 2122 158 30 bedrivas
1514 2124 10 28 i
1547 2133 39 19 en

83 2166 170 29 snabbare
272 2167 75 28 takt
366 2168 44 28 än
429 2176 74 20 som
523 2167 147 39 tidigare
690 2169 193 29 förutsetts.

130 2215 190 36 Styrelsens
349 2216 130 37 förslag
508 2226 56 20 om
595 2218 203 37 utvidgning
827 2228 41 20 av
895 2220 411 38 byggnadsprogrammet
1335 2223 77 29 med
1439 2225 46 28 ett
1513 2225 76 35 nytt

84 2264 144 36 posthus
250 2265 10 28 i
282 2265 194 38 Lidköping
497 2267 63 28 har
582 2268 75 29 icke
679 2268 162 29 föranlett
863 2269 111 36 någon
998 2269 139 31 erinran
1159 2271 78 29 från
1258 2272 331 36 departementsche-

86 2314 76 29 fens
191 2314 82 29 sida.
302 2315 222 30 Beträffande
554 2317 186 36 styrelsens
772 2318 206 30 hemställan
1007 2329 56 20 om
1092 2321 146 37 ändring
1266 2331 41 20 av
1338 2323 165 36 planerna
1533 2324 55 29 för

85 2364 181 38 posthuset
291 2364 8 29 i
325 2365 229 31 Landskrona
580 2367 215 35 framhålles,
821 2370 50 27 att
897 2369 125 39 Kungl.
1048 2370 105 39 Maj:t
1180 2372 95 29 torde
1304 2372 35 30 få
1365 2375 77 37 taga
1469 2374 119 39 slutlig

85 2414 166 39 ställning
274 2415 117 29 härtill
416 2416 107 29 sedan
549 2417 178 39 pågående
751 2418 266 40 förhandlingar
1043 2421 77 29 med
1145 2421 230 31 Landskrona
1401 2424 75 29 stad
1504 2424 85 29 slut-

85 2463 87 29 förts
192 2465 62 28 och
277 2465 168 38 styrelsen
468 2465 188 31 inkommit
675 2470 77 28 med
773 2469 175 30 definitivt
969 2470 130 41 förslag
1121 2471 9 29 i
1152 2471 133 39 frågan.
1307 2468 282 49 Departements-

83 2513 124 29 chefen
227 2515 101 29 anför
349 2515 162 39 slutligen
535 2516 167 40 följande.
