1862 2792
546 186 285 30 Statsutskottets
858 185 179 30 utlåtande
1062 194 43 19 nr
1130 185 28 28 9.
1571 182 39 29 29

102 275 44 33 2,0
168 274 86 35 milj.
277 273 129 29 kronor
429 271 79 29 från
530 270 235 37 nyssnämnda
787 270 125 33 städer,
936 269 94 29 vilka
1053 270 86 27 även
1161 268 110 29 skulle
1296 277 101 20 svara
1419 267 54 29 för
1498 266 107 31 erfor-

103 324 130 38 derliga
265 323 114 29 mark-
410 322 65 29 och
504 319 368 31 huslösenkostnader.
904 319 52 29 Då
985 319 66 28 den
1082 318 206 38 ifrågasatta
1319 326 68 30 nya
1419 316 186 39 linjedrag-

103 375 129 38 ningen
260 373 135 30 medför
422 372 93 29 vissa
542 370 336 30 driftsekonomiska
905 369 154 30 fördelar
1086 369 54 29 för
1167 370 132 27 statens
1325 368 188 39 järnvägar
1541 366 63 30 och

104 427 87 28 även
214 425 10 29 i
247 424 109 37 övrigt
380 433 101 27 synes
506 423 124 36 sakligt
653 422 200 33 motiverad,
875 420 63 30 har
963 421 165 29 utskottet
1150 420 84 29 intet
1256 421 49 27 att
1327 419 115 30 erinra
1463 419 71 29 mot
1557 419 49 28 att

103 474 348 40 breddningsarbetet
474 473 171 39 fullföljes
668 472 106 39 enligt
797 480 47 20 nu
868 471 155 39 antydda
1047 470 187 39 riktlinjer.

147 526 65 30 Vid
236 525 82 30 1946
339 525 56 30 års
417 524 143 39 riksdag
580 523 219 39 undantogos
821 523 41 28 de
883 521 90 30 båda
993 521 215 30 bandelarna
1227 520 379 39 Norraryd—Kvarna-

104 576 93 30 måla
220 577 65 29 och
309 575 229 38 Sölvesborg
560 573 175 31 Hörviken
761 573 80 29 från
865 573 56 29 det
946 572 178 29 allmänna
1148 571 289 40 principbeslutet
1459 580 57 20 om
1539 571 68 29 ble-

103 627 359 38 kingejärnvägarnas
488 624 204 38 breddning.
719 625 13 28 I
759 624 40 29 de
826 623 225 39 likalydande
1076 621 219 30 motionerna
1321 622 65 29 1:8
1412 622 65 28 och
1503 622 44 29 II:
1567 621 38 29 12

103 677 195 39 respektive
317 677 11 28 i
347 676 179 29 motionen
546 676 44 29 II:
609 675 59 29 177
690 675 46 29 ha
755 683 46 21 nu
821 674 210 29 framställts
1052 673 130 39 förslag
1202 681 57 21 om
1279 682 43 20 en
1342 673 192 38 skyndsam
1554 673 52 27 ut-

103 727 147 40 redning
274 727 148 29 rörande
446 727 101 29 dessa
570 725 184 30 bandelars
779 724 220 39 ombyggnad
1024 724 51 28 till
1100 723 230 39 normalspår.
1356 722 181 39 Därjämte
1561 722 46 29 ha

104 786 123 32 genom
254 778 93 30 olika
372 777 172 30 motioner
570 786 42 20 en
637 776 56 29 hel
718 776 62 29 rad
806 776 111 29 andra
943 773 355 40 breddningsprojekt
1325 773 194 29 framförts.
1548 772 58 30 Så-

105 829 108 30 lunda
234 829 63 30 har
318 829 11 29 i
350 829 41 29 de
414 828 223 38 likalydande
658 826 220 30 motionerna
899 827 28 28 1:
945 825 41 30 28
1008 825 64 29 och
1094 825 45 29 II:
1155 824 40 30 45
1218 825 208 32 hemställts,
1449 826 50 28 att
1520 823 87 30 riks-

102 880 111 38 dagen
232 880 106 29 måtte
356 879 146 33 besluta,
521 880 50 28 att
587 876 321 41 järnvägslinjerna
933 875 225 39 Åtvidaberg
1183 870 421 52 Västervik—Hultsfred,

103 930 178 29 Kalmar—
294 920 118 52 Berga,
435 927 591 33 Karlskrona—Torsås—Kalmar,
1049 926 341 39 Sävsjö-—Vetlanda
1410 925 65 29 och
1495 924 111 39 Växjö

102 980 227 30 —Hullsfred
349 979 99 30 skola
467 979 188 39 ombyggas
675 978 51 30 till
746 977 221 40 normalspår
987 979 90 27 samt
1097 978 50 28 att
1167 976 123 39 frågan
1310 985 57 20 om
1387 975 217 39 ombyggnad

104 1041 41 20 av
163 1031 320 39 järnvägslinjerna
516 1022 228 52 Oskarshamn
756 1022 227 52 —Brittatorp
1003 1028 64 29 och
1086 1026 523 30 Vislanda—Bolmen—Halm-

104 1082 77 29 stad
204 1081 45 39 på
271 1082 77 38 nytt
370 1080 108 31 måtte
501 1080 46 30 bli
571 1079 147 30 föremål
741 1079 54 30 för
818 1078 198 39 utredning,
1040 1079 127 29 medan
1191 1078 10 28 i
1225 1078 40 29 de
1288 1077 224 39 likalydande
1535 1085 71 20 mo-

104 1132 160 29 tionerna
288 1132 28 29 I:
335 1132 59 29 123
420 1131 65 30 och
511 1131 44 29 II:
575 1130 60 30 183
660 1131 186 37 riksdagen
872 1129 198 39 föreslagits
1093 1129 136 28 besluta
1252 1129 51 28 att
1326 1127 11 29 i
1363 1127 167 29 skrivelse
1553 1125 52 30 till

101 1183 128 39 Kungl.
249 1182 106 39 Maj:t
374 1182 186 29 hemställa
579 1190 57 21 om
657 1181 192 39 skyndsam
869 1179 188 39 utredning
1078 1188 57 21 om
1155 1178 218 39 ombyggnad
1394 1187 43 20 av
1458 1177 148 38 roslags-

103 1234 116 29 banan
255 1233 51 29 till
342 1232 232 40 normalspår,
609 1231 120 30 varvid
764 1231 171 29 bandelen
973 1230 223 29 Dannemora
1243 1229 223 39 Hargshamn
1501 1227 104 30 borde

103 1284 143 30 komma
267 1284 10 29 i
299 1284 111 29 första
431 1283 105 33 hand,
559 1285 92 28 samt
671 1291 57 20 om
749 1282 209 38 nybyggnad
981 1290 42 20 av
1044 1290 43 20 en
1109 1279 246 40 dubbelspårig
1376 1279 230 39 järnvägsbro

103 1335 81 29 över
205 1334 241 30 Stocksundet.
467 1333 126 30 Vidare
612 1333 65 29 har
696 1332 11 29 i
723 1333 43 29 de
786 1332 224 39 likalydande
1030 1331 219 30 motionerna
1269 1331 28 29 1:
1314 1330 63 30 228
1397 1330 64 29 och
1482 1330 44 29 II:
1543 1329 62 30 332

102 1385 208 34 hemställts,
328 1386 51 28 att
395 1384 187 38 riksdagen
600 1384 107 29 måtte
724 1383 136 29 besluta
876 1384 51 28 att
944 1382 55 29 för
1019 1381 218 40 ombyggnad
1255 1380 52 30 till
1325 1380 221 40 normalspår
1564 1388 41 20 av

104 1435 110 39 linjen
244 1434 465 39 Göteborg—Vara—Skara
737 1433 19 29 å
785 1432 176 30 ordinarie
989 1431 301 39 investeringsstat
1321 1431 53 29 för
1403 1430 203 40 budgetåret

105 1485 150 35 1953/54
278 1486 153 37 upptaga
454 1484 159 39 lämpligt
636 1484 122 39 anslag
780 1485 91 28 samt
894 1484 51 29 att
968 1483 11 28 i
1002 1481 166 30 skrivelse
1192 1482 53 29 till
1269 1482 125 38 Kungl.
1419 1480 105 39 Maj:t
1547 1489 59 21 an-

104 1535 94 30 hålla
221 1537 57 28 om
300 1535 193 38 skyndsam
515 1534 172 39 prövning
710 1543 41 21 av
774 1533 125 40 frågan
923 1542 57 20 om
1004 1532 219 39 ombyggnad
1247 1532 51 29 till
1322 1531 219 39 normalspår
1566 1540 41 20 av

103 1586 120 39 övriga
239 1586 189 39 järnvägar
446 1586 10 28 i
475 1585 266 39 Västergötland
760 1593 76 21 som
853 1593 41 21 av
915 1583 84 30 1943
1017 1583 56 30 års
1091 1582 353 40 järnvägskommitté
1465 1581 142 30 föresla-

104 1637 66 39 gits
200 1637 50 29 till
277 1636 205 39 breddning.
511 1636 168 38 Slutligen
707 1636 63 29 har
797 1635 10 29 i
836 1636 41 29 de
906 1634 223 39 likalydande
1158 1634 219 29 motionerna
1405 1633 28 29 1:
1451 1633 60 29 227
1542 1632 64 29 och

105 1687 44 29 II:
166 1687 62 30 327
255 1687 208 29 framställts
488 1686 157 39 yrkande
671 1695 56 20 om
753 1687 49 28 att
827 1685 189 39 riksdagen
1041 1684 108 30 måtte
1174 1684 10 28 i
1210 1683 166 31 skrivelse
1402 1683 53 29 till
1481 1683 124 38 Kungl.

103 1738 107 39 Maj:t
226 1738 194 33 hemställa,
439 1739 50 28 att
506 1738 56 28 det
578 1737 196 39 uppdrages
792 1736 35 29 åt
843 1735 339 40 järnvägsstyrelsen
1200 1736 50 29 att
1267 1735 125 29 utreda
1409 1733 123 39 frågan
1549 1742 57 20 om

103 1788 228 29 anordnande
351 1797 43 20 av
414 1788 225 39 treskenspår
661 1787 45 40 på
726 1787 237 29 bansträckan
986 1784 437 39 Hästholmen—Ödeshög
1445 1785 90 28 samt
1556 1783 50 29 att

103 1838 216 39 proposition
342 1838 10 29 i
377 1838 142 29 ärendet
543 1837 191 39 förelägges
759 1837 84 30 1954
867 1837 56 29 års
947 1836 152 39 riksdag.

147 1889 175 28 Utskottet
337 1890 37 27 är
390 1889 53 28 för
459 1888 54 29 sin
527 1888 54 29 del
596 1888 52 28 väl
663 1888 171 28 medvetet
848 1896 57 19 om
918 1888 50 27 att
981 1886 176 38 åtskilliga
1170 1885 75 29 skäl
1259 1885 121 28 kunna
1395 1884 142 29 anföras
1551 1883 55 29 för

103 1939 195 38 breddning
319 1948 42 19 av
381 1939 93 28 olika
496 1938 230 39 smalspåriga
747 1937 274 39 järnvägslinjer
1042 1937 10 28 i
1076 1936 77 29 vårt
1174 1935 91 29 land.
1289 1934 185 38 Samtidigt
1495 1934 110 28 måste

103 1989 194 29 emellertid
318 1989 155 33 beaktas,
495 1990 50 27 att
566 1990 48 27 ett
634 1987 282 39 förverkligande
938 1996 42 20 av
1002 1986 68 29 alla
1093 1986 41 29 de
1157 1985 248 29 motionsledes
1428 1993 47 20 nu
1499 1984 107 29 fram-

102 2040 103 29 förda
226 2039 184 40 projekten
432 2039 113 29 skulle
565 2038 159 29 medföra
744 2038 101 38 högst
865 2037 189 30 avsevärda
1076 2036 199 29 kostnader.
1296 2036 77 29 Med
1394 2035 138 38 hänsyn
1554 2034 51 29 till

101 2091 110 28 redan
235 2090 177 39 pågående
436 2089 357 38 breddningsarbeten
819 2088 98 29 torde
941 2087 30 39 ej
998 2087 108 29 heller
1130 2088 174 37 utrymme
1330 2086 24 30 f.
1379 2096 34 19 n.
1439 2084 166 39 föreligga

103 2141 55 29 för
180 2140 199 39 ytterligare
402 2140 135 37 företag
558 2149 41 19 av
624 2139 93 29 detta
741 2139 73 38 slag
839 2139 45 39 på
908 2139 132 27 statens
1064 2137 207 38 järnvägars
1295 2136 311 39 investeringspro-

102 2198 109 30 gram.
232 2190 174 29 Utskottet
425 2190 129 28 saknar
572 2189 106 29 också
696 2188 184 39 möjlighet
899 2189 51 28 att
967 2188 44 38 på
1029 2187 170 39 grundval
1217 2196 43 20 av
1278 2186 237 38 föreliggande
1534 2193 72 21 ma-

104 2241 99 28 terial
227 2241 81 37 göra
331 2240 114 37 någon
467 2239 155 38 objektiv
645 2239 194 37 avvägning
860 2238 129 28 mellan
1014 2238 93 28 olika
1128 2237 110 28 behov
1259 2237 64 28 och
1346 2236 110 28 uttala
1481 2236 51 38 sig
1554 2235 49 28 till

104 2290 139 29 förmån
265 2290 53 28 för
339 2289 87 29 visst
447 2289 82 28 eller
552 2289 91 28 vissa
666 2288 149 38 projekt,
838 2287 222 29 beträffande
1082 2287 94 29 vilka
1198 2286 133 29 således
1353 2285 253 39 principbeslut

102 2348 58 20 om
179 2339 193 38 breddning
392 2348 46 20 nu
459 2339 111 28 skulle
590 2339 121 28 kunna
729 2338 116 28 fattas.
867 2338 50 28 Av
936 2337 100 29 dessa
1055 2337 76 28 skäl
1151 2345 101 20 anser
1271 2336 51 37 sig
1342 2336 169 28 utskottet
1532 2336 73 28 icke

104 2389 121 30 kunna
247 2389 173 38 tillstyrka
440 2389 98 29 bifall
561 2388 49 29 till
634 2388 227 29 förevarande
883 2387 181 32 motioner,
1086 2387 9 28 i
1117 2387 63 28 vad
1203 2387 40 29 de
1264 2395 80 20 avse
1367 2386 169 28 konkreta
1557 2387 50 27 åt-

104 2440 122 37 gärder
247 2440 8 28 i
277 2440 95 37 varje
393 2439 128 29 enskilt
543 2439 70 28 fall.
