1886 2806
523 138 286 32 Statsutskottets
839 136 179 31 utlåtande
1047 145 43 20 nr
1116 135 74 30 212.
1566 130 39 30 27

160 223 177 30 Utskottet
366 221 96 30 delar
489 218 407 41 departementschefens
925 216 237 41 uppfattning,
1191 216 51 28 att
1271 214 58 29 det
1357 212 108 30 redan
1492 220 48 21 nu
1571 211 38 29 är

117 276 94 30 svårt
243 277 50 28 att
327 275 111 29 uttala
471 274 49 38 sig
553 283 56 20 om
643 270 359 40 bostadsbyggandets
1036 269 183 30 sannolika
1251 265 213 39 omfattning
1498 264 112 30 under

114 331 101 28 nästa
237 328 181 39 budgetår.
443 327 13 29 I
480 327 110 29 likhet
614 326 78 29 med
715 322 389 42 departementschefen
1127 330 102 20 anser
1253 320 171 29 utskottet
1447 318 58 30 det
1528 317 83 29 rim-

118 383 60 39 ligt
215 384 51 28 att
291 382 72 30 tills
390 381 117 30 vidare
535 381 111 29 räkna
672 379 79 29 med
778 380 51 28 att
857 378 115 29 såsom
1000 376 186 39 riktpunkt
1214 374 55 29 för
1295 367 316 48 bostadspolitiken

117 437 66 29 och
211 434 399 41 byggnadsregleringen
638 433 110 29 under
776 433 101 28 nästa
905 429 170 40 budgetår
1102 429 62 29 bör
1193 427 91 40 gälla
1312 427 51 29 att
1391 425 103 30 såvitt
1523 423 89 39 möj-

118 490 61 39 ligt
198 490 247 29 åstadkomma
463 489 49 28 ett
530 485 333 41 lägenhetstillskott
884 484 111 29 under
1014 483 38 30 år
1074 482 83 30 1949
1177 490 42 21 av
1238 481 103 39 drygt
1360 479 40 30 55
1415 478 63 30 000
1497 478 116 38 lägen-

117 543 107 30 heter.

161 597 74 29 Vad
262 596 172 30 beträffar
461 594 244 38 fördelningen
733 602 43 20 av
802 589 340 41 bostadsbyggandet
1170 588 130 29 mellan
1327 586 94 30 olika
1446 585 96 29 delar
1571 592 43 21 av

119 650 118 29 landet
262 650 131 29 räknar
418 645 387 42 departementschefen
831 644 81 30 med
938 645 51 28 att
1014 643 102 39 drygt
1141 641 41 30 40
1197 641 63 30 000
1289 639 200 40 lägenheter
1515 636 99 31 skola

119 703 170 40 uppföras
312 703 11 29 i
345 703 94 29 orter
462 701 79 29 med
562 698 409 40 bostadsbyggnadskvot
992 696 66 30 och
1080 705 40 20 ca
1144 695 38 29 15
1198 694 62 30 000
1285 692 200 40 lägenheter
1508 691 12 29 i
1541 690 73 29 lan-

119 757 76 29 dets
218 756 119 39 övriga
360 755 106 29 delar.

164 810 65 29 Vid
250 819 44 20 en
313 808 212 39 bedömning
546 816 42 21 av
609 806 123 39 frågan
752 815 57 20 om
829 804 144 40 lämplig
993 801 197 39 fördelning
1212 810 43 20 av
1273 796 342 41 bostadsbyggandet

118 863 129 30 mellan
276 861 195 39 landsbygd
500 861 65 29 och
595 857 294 32 stadssamhällen
918 857 85 29 böra
1031 855 108 39 enligt
1167 854 191 29 utskottets
1387 850 227 41 uppfattning

120 916 158 40 följande
304 914 299 39 omständigheter
625 912 154 30 beaktas.

166 970 99 29 Inom
295 970 194 29 tätorterna
519 966 108 41 pågår
656 975 43 20 en
727 964 132 40 kraftig
889 962 330 38 hushållsbildning,
1251 960 118 29 vilken
1398 957 138 30 medför
1566 958 50 28 att

122 1023 131 29 antalet
276 1022 142 30 hushåll
442 1021 11 29 i
477 1021 102 29 dessa
603 1021 92 28 orter
717 1018 134 39 årligen
873 1017 86 30 ökar
982 1015 80 31 med
1085 1015 12 29 i
1119 1016 83 28 runt
1226 1013 49 30 tal
1299 1012 41 31 35
1355 1012 74 29 000.
1454 1009 163 31 Bostads-

121 1076 197 40 byggandet
340 1075 96 30 inom
458 1074 102 29 dessa
580 1073 96 29 delar
700 1081 42 20 av
764 1071 118 30 landet
904 1070 64 29 har
991 1068 111 31 under
1124 1068 41 29 de
1188 1067 137 30 senaste
1346 1065 85 30 åren
1453 1064 78 29 nätt
1551 1062 67 31 och

118 1130 116 39 jämnt
261 1129 97 29 täckt
385 1128 115 29 denna
528 1125 152 40 stegring
707 1134 42 20 av
776 1121 371 39 bostadsefterfrågan,
1174 1120 109 30 vilket
1310 1118 79 30 med
1416 1117 111 30 andra
1554 1115 63 30 ord

122 1183 156 33 innebär,
300 1184 52 28 att
372 1181 68 30 den
460 1181 11 29 i
491 1180 127 39 början
640 1189 41 20 av
703 1178 186 30 1940-talet
908 1177 205 39 uppkomna
1132 1172 280 32 bostadsbristen
1432 1170 76 30 icke
1529 1170 90 29 kun-

123 1238 61 28 nat
207 1235 194 30 avvecklas.
423 1234 201 30 Tillskottet
644 1242 41 20 av
706 1231 142 30 hushåll
870 1231 12 29 i
906 1228 316 32 stadssamhällena
1243 1227 39 29 är
1302 1225 46 40 på
1368 1225 81 29 kort
1470 1223 70 30 sikt
1561 1231 59 21 en-

123 1290 79 30 dast
229 1290 11 28 i
267 1289 140 40 mycket
435 1286 195 41 begränsad
657 1284 214 39 omfattning
898 1282 164 40 betingad
1089 1291 43 20 av
1157 1279 253 40 inflyttningen
1435 1277 54 30 till
1517 1276 102 30 dessa

125 1342 205 30 samhällen.
350 1341 178 30 Utskottet
547 1340 104 39 hyser
670 1339 68 29 den
757 1337 198 39 meningen,
975 1338 51 27 att
1044 1335 58 30 det
1121 1334 76 30 icke
1216 1334 39 29 är
1273 1332 133 39 rimligt
1424 1332 52 29 att
1495 1329 126 39 frågan

124 1406 57 20 om
210 1395 162 40 åtgärder
400 1395 54 29 för
485 1396 50 27 att
563 1393 106 39 hejda
698 1388 464 41 befolkningsuttunningen
1188 1386 45 40 på
1260 1384 242 40 landsbygden
1529 1383 91 29 löses

124 1458 125 30 genom
272 1458 43 21 en
337 1447 234 40 begränsning
595 1455 43 21 av
657 1442 343 41 bostadsbyggandet
1021 1442 96 29 inom
1140 1441 204 29 tätorterna.
1368 1438 64 29 Det
1452 1431 169 48 framstår

124 1503 12 28 i
156 1502 115 30 stället
293 1511 76 20 som
391 1500 222 40 synnerligen
633 1498 190 39 angeläget,
845 1498 50 28 att
916 1492 341 41 bostadsbyggandet
1277 1492 97 29 inom
1395 1491 102 29 dessa
1516 1490 104 30 orter,

127 1557 37 29 så
187 1556 70 29 fort
279 1556 92 38 läget
395 1554 44 40 på
462 1550 382 33 materialmarknaden
869 1548 176 39 medgiver
1067 1547 67 33 det,
1158 1545 201 41 ytterligare
1381 1543 162 38 utvidgas
1566 1541 55 29 för

125 1611 52 28 att
197 1609 204 39 därigenom
422 1606 278 30 bostadsbristen
721 1604 90 30 skall
832 1603 123 29 kunna
976 1600 192 31 avvecklas.

170 1662 74 30 Vad
269 1661 109 39 angår
402 1658 340 40 bostadsbyggandet
765 1657 66 30 och
854 1652 415 33 bostadsförhållandena
1292 1650 46 41 på
1359 1650 68 30 den
1451 1648 171 40 egentliga

128 1715 250 40 landsbygden,
406 1713 116 31 vartill
551 1713 76 29 icke
655 1711 169 30 hänföras
855 1709 138 30 mindre
1022 1708 156 32 tätorter,
1209 1705 63 30 bör
1300 1704 155 32 beaktas,
1485 1704 51 27 att
1565 1701 58 29 det

127 1770 96 29 inom
249 1769 116 29 denna
391 1767 55 30 del
473 1776 42 20 av
540 1766 119 29 landet
685 1765 76 29 icke
787 1763 186 38 föreligger
999 1759 232 31 bostadsbrist
1258 1758 66 30 och
1349 1757 76 29 icke
1450 1754 173 40 försiggår

128 1823 114 38 någon
265 1821 131 38 ökning
419 1829 42 21 av
481 1817 356 31 hushållsbeståndet.
860 1813 346 40 Bostadsbyggandet
1228 1812 46 39 på
1297 1809 239 39 landsbygden
1557 1807 67 39 tjä-

128 1885 64 19 nar
211 1875 11 29 i
244 1875 62 29 allt
326 1873 186 38 väsentligt
535 1872 107 38 syftet
661 1872 50 27 att
731 1869 173 30 förbättra
923 1868 41 29 de
984 1867 63 29 där
1068 1865 165 33 rådande,
1254 1864 12 29 i
1286 1863 94 30 vissa
1399 1860 226 31 hänseenden

128 1928 140 39 mycket
302 1924 347 32 otillfredsställande
682 1920 424 32 bostadsförhållandena.
1140 1915 408 37 Bostadsförbättringen
1579 1912 46 40 på

128 1980 241 39 landsbygden
393 1979 79 29 sker
493 1978 12 29 i
527 1977 95 30 olika
645 1976 141 32 former,
810 1973 177 39 nämligen
1009 1980 125 31 genom
1156 1970 74 30 dels
1254 1967 273 41 nyproduktion,
1551 1966 74 29 dels

130 2032 295 40 genomgripande
455 2029 230 40 ombyggnad,
715 2029 74 29 dels
819 2027 137 30 mindre
985 2024 210 38 förbättring
1223 2023 66 29 och
1319 2020 236 40 upprustning
1583 2027 43 21 av

130 2087 222 30 bostadshus.
376 2086 121 28 Ehuru
519 2084 75 29 icke
618 2083 103 29 säkra
741 2080 179 40 uppgifter
940 2089 57 20 om
1020 2076 253 40 ombyggnads-
1294 2075 65 30 och
1383 2073 243 37 förbättrings-

131 2140 269 30 verksamheten
431 2138 45 39 på
508 2137 68 29 den
607 2135 171 39 egentliga
810 2132 239 39 landsbygden
1084 2130 177 38 föreligga,
1295 2128 83 39 tyda
1410 2125 216 39 tillgängliga

132 2193 177 39 uppgifter
332 2192 44 38 på
401 2193 50 27 att
474 2190 115 29 denna
612 2187 223 30 verksamhet
859 2185 111 30 under
992 2185 41 28 de
1059 2184 136 29 senaste
1220 2182 84 29 åren
1329 2180 77 30 haft
1430 2178 196 40 betydande

131 2245 213 37 omfattning
366 2244 65 29 och
454 2245 50 27 att
527 2241 192 39 höjningen
740 2249 41 19 av
805 2236 359 31 bostadsstandarden
1185 2235 45 39 på
1254 2233 239 38 landsbygden
1517 2231 110 29 under

133 2307 120 21 senare
276 2298 38 28 år
337 2297 91 27 skett
448 2296 10 27 i
480 2294 174 37 hastigare
675 2292 76 29 takt
773 2293 45 27 än
840 2290 157 38 tidigare.

174 2351 116 29 Under
310 2347 211 37 hänvisning
543 2346 52 29 till
616 2345 56 29 det
693 2343 149 29 anförda
863 2351 102 20 anser
988 2341 50 37 sig
1060 2340 170 29 utskottet
1251 2339 121 28 kunna
1393 2337 147 39 godtaga
1561 2335 65 30 vad

129 2400 387 44 departementschefen
546 2399 117 29 anfört
692 2395 223 31 beträffande
945 2393 243 37 fördelningen
1217 2401 41 20 av
1287 2389 340 39 bostadsbyggandet
