1892 2870
440 165 421 38 Bevillningsutskottets
888 160 224 34 betänkunde
1138 160 52 30 Nr
1216 160 30 28 &.
1532 154 18 28 5

93 250 218 35 varuslagen
332 246 175 32 inbördes.
549 244 84 31 Dels
654 242 116 33 skulle
791 240 184 37 nämligen
994 238 125 38 dylika
1140 236 131 36 följder
1294 234 149 32 tendera
1464 233 58 31 till
1542 232 52 30 ett

92 301 184 32 sänkande
302 308 46 22 av
373 299 60 31 det
462 295 207 33 finansiella
696 294 143 36 utbytet
864 302 48 21 av
939 291 152 35 skatten,
1118 288 77 32 dels
1221 287 114 32 skulle
1363 294 125 28 genom
1513 284 83 32 dem

94 352 141 36 bolaget
262 351 161 35 tillfogas
450 348 119 36 skada,
597 347 13 31 i
635 346 60 31 det
720 347 57 30 att
803 344 142 35 bolaget
971 341 114 33 skulle
1112 339 99 32 bliva
1236 336 177 33 nödsakat
1438 334 158 33 avskeda

94 402 176 40 personal,
292 402 81 31 med
397 402 113 31 därav
535 398 161 37 följande
718 391 461 36 arbetslöshetsunderstöd,
1201 390 65 31 och
1290 389 13 31 i
1327 388 58 32 det
1411 388 53 30 att
1488 386 12 31 i
1524 394 71 22 ma-

94 457 132 35 skiner,
246 453 265 37 anläggningar
534 451 65 31 och
622 448 211 33 råmaterial
853 446 134 32 bundet
1010 443 140 38 kapital
1171 441 115 33 skulle
1309 440 98 31 bliva
1429 438 167 31 oanvänt.

134 508 19 32 I
175 505 212 37 anslutning
407 504 57 31 till
487 503 70 32 vad
578 501 155 32 sålunda
754 499 140 32 anförts
916 497 91 32 hade
1029 495 177 38 styrelsen
1227 512 41 5 —
1289 492 112 32 under
1425 489 171 32 framhål-

96 560 106 32 lande
221 560 54 30 att
293 558 59 32 det
371 555 155 38 givetvis
545 563 84 22 vore
649 552 137 37 ganska
805 549 184 36 vanskligt
1005 550 54 29 att
1076 547 99 31 bilda
1194 545 55 37 sig
1268 554 45 22 en
1330 542 161 33 bestämd
1511 550 86 28 upp-

97 611 172 36 fattning,
294 610 96 31 huru
414 608 282 31 skattesatserna
722 603 107 32 borde
853 600 209 38 lämpligast
1088 597 166 32 inbördes
1280 598 160 33 avvägas
1463 594 56 31 för
1545 594 54 30 att

97 661 253 34 ovannämnda
371 658 224 39 synpunkter
618 655 115 33 skulle
754 655 99 31 bliva
876 655 12 29 i
909 653 133 31 största
1061 652 85 30 mån
1168 648 174 33 beaktade
1363 666 40 4 —
1426 645 173 35 framlagt

98 717 59 31 det
176 714 136 36 förslag
333 712 57 32 till
411 710 209 36 förhöjning
641 709 13 30 i
674 706 280 35 tobaksskatten,
976 714 75 21 som
1071 711 127 28 genom
1218 698 237 34 förevarande
1475 706 124 28 propo-

98 767 111 33 sition
233 765 201 32 sedermera
459 761 174 36 förelagts
658 759 203 35 riksdagen.
908 756 104 31 Efter
1037 755 54 31 att
1117 754 96 30 hava
1238 750 178 36 anmärkt,
1442 751 54 30 att
1519 748 82 31 med

98 819 100 33 detta
221 816 136 36 förslag
381 815 43 32 de
447 813 96 33 olika
565 812 282 32 skattesatserna
870 807 115 33 skulle
1008 808 80 29 rent
1109 803 278 34 skattetekniskt
1410 802 69 30 sett
1501 800 99 31 bliva

99 870 167 32 inbördes
295 866 166 37 avvägda
489 866 47 36 på
565 862 229 38 lämpligaste
823 862 82 34 sätt,
936 857 162 33 uttalade
1128 855 200 33 emellertid
1357 853 176 37 styrelsen
1561 870 42 4 —

99 922 72 32 vad
193 920 156 37 anginge
370 919 59 31 det
449 914 302 35 statsfinansiella
773 911 190 33 resultatet
985 920 46 21 av
1054 910 42 31 de
1118 908 220 36 ifrågasatta
1360 904 241 36 skatteskärp-

101 974 183 36 ningarna
314 990 41 4 —
386 970 80 31 sina
498 965 217 37 tvivelsmål,
747 963 184 32 huruvida
964 960 271 33 tobaksskatten
1265 957 186 36 verkligen
1483 955 116 32 skulle

101 1026 115 31 under
245 1022 213 37 budgetåret
486 1018 171 37 1932/1983
685 1017 124 31 kunna
838 1016 142 30 komma
1009 1014 54 30 att
1093 1011 136 36 inflyta
1258 1009 80 31 med
1367 1009 52 31 ett
1448 1009 39 29 så
1517 1007 85 35 högt

101 1077 127 37 belopp
250 1085 75 22 som
347 1074 58 32 det
427 1071 220 37 ifrågasatta
669 1079 45 21 av
736 1069 38 30 72
795 1066 168 37 miljoner
985 1065 141 30 kronor.

142 1156 18 31 I
186 1152 174 34 samband
385 1151 79 31 med
492 1150 117 31 denna
635 1145 223 38 redogörelse
885 1144 67 31 har
980 1140 393 39 departementsehefen
1399 1158 39 3 —
1467 1137 56 31 till
1550 1137 54 31 be-

102 1206 150 38 lysande
272 1215 45 21 av
338 1204 42 32 de
400 1200 301 38 förskjutningar,
722 1208 74 21 som
815 1194 286 36 förbrukningen
1121 1203 45 21 av
1187 1192 96 31 olika
1304 1191 77 36 slag
1402 1201 47 20 av
1468 1188 138 33 tobaks-

103 1268 109 23 varor
237 1256 195 36 undergått
455 1253 113 32 under
594 1252 42 31 de
662 1252 54 30 tre
743 1249 119 32 senast
886 1246 180 33 förflutna
1091 1247 88 29 åren
1203 1263 39 3 —
1267 1242 170 32 hänvisat
1461 1241 58 32 till
1543 1241 62 30 föl-

105 1311 107 36 jande
235 1305 345 36 sammanställning,
600 1303 80 31 vari
702 1300 266 35 omsättningen
988 1297 149 36 angives
1159 1296 92 31 efter
1272 1292 295 39 priskurantpris.

776 1363 65 22 1929
1035 1360 65 22 1930
1301 1357 65 21 1931

757 1397 93 22 kronor
1016 1394 95 22 kronor
1283 1391 94 22 kronor

305 1458 125 30 Cigarrer
450 1468 240 7 seesceesee-seceeee
735 1448 152 32 10,158,000
1012 1445 138 32 2,589,000
1275 1438 138 40 8,428,000

306 1509 259 31 Cigarreigarrelter
590 1521 99 4 -.....e-
730 1496 156 39 16,899,000
995 1497 155 32 17,311,000
1258 1490 155 39 16,734,000

307 1562 168 30 Cigarretter
486 1573 205 6 «.eceeesesec
730 1552 157 33 t2,457,000
994 1549 157 32 57,344,000
1258 1546 156 31 07,454,000

308 1612 150 25 Röktobak
477 1605 8 37 =
499 1625 194 6 ::.seeosessse0s-e+
733 1605 156 31 20,597,000
995 1602 157 32 20,290,000
1259 1598 156 32 20,157,000

308 1664 163 33 Tuggtobak
490 1678 204 6 ...-ee-ee-ee-eee
752 1658 16 24 2
783 1657 108 32 467,000
1015 1654 139 32 2,176,000
1279 1650 138 33 2,068,000

309 1718 71 22 SNUS:
385 1730 310 7 -ssoseereoeserer
584 1710 20 37 or
607 1710 29 37 eri
644 1710 55 37 rerna
740 1709 151 33 13,741,000
999 1706 155 31 18,806,000
1266 1703 151 32 18,735,000

151 1804 70 30 För
244 1811 88 27 egen
355 1801 56 31 del
432 1801 66 30 har
521 1797 392 39 departementschefen
935 1796 12 30 i
970 1797 121 29 ämnet
1113 1793 122 31 anfört
1256 1790 173 36 följande:

153 1854 75 31 »Av
254 1854 68 32 den
345 1852 166 32 lämnade
533 1849 249 37 redogörelsen
807 1848 172 35 framgår,
1003 1847 55 30 att
1082 1842 359 36 Tobaksmonopolets
1466 1840 148 36 styrelse

113 1907 12 30 i
173 1906 63 32 sitt
286 1904 135 36 förslag
468 1903 80 31 sökt
586 1900 138 32 fördela
761 1897 376 36 skatteförhöjningen
1172 1896 48 35 på
1246 1894 98 32 olika
1371 1891 173 36 varuslag
1569 1891 49 35 så,

113 1959 53 29 att
210 1957 69 31 den
325 1955 32 36 ej
404 1954 93 31 skall
532 1953 81 31 leda
648 1952 57 31 till
740 1952 115 30 större
888 1945 459 35 konsumtionsminskning
1384 1943 86 31 eller
1494 1944 125 29 nämn-

115 2008 152 31 värdare
319 2004 247 37 förskjutning
606 2003 12 30 i
657 2001 276 32 konsumtionen
973 1999 83 31 från
1091 1998 134 35 dyrare
1266 1995 56 32 till
1361 1993 168 36 billigare
1567 1994 51 30 to-

114 2059 197 31 baksvaror
346 2056 87 32 eller
468 2055 133 31 mellan
636 2054 42 31 de
712 2052 98 32 olika
834 2050 218 35 varuslagen
1079 2047 176 32 inbördes.
1300 2045 98 32 Från
1422 2044 118 31 denna
1564 2044 54 30 ut-

115 2110 232 38 gångspunkt
376 2108 151 32 föreslår
555 2105 186 38 styrelsen,
770 2107 54 30 att
853 2100 315 37 skattehöjningen
1199 2097 92 33 skall
1321 2095 135 33 drabba
1485 2095 132 36 cigarr-

115 2162 222 36 cigarretter,
361 2159 211 37 cigarretter
596 2157 64 31 och
684 2154 182 36 röktobak,
889 2153 129 31 medan
1041 2152 42 31 de
1105 2149 209 32 nuvarande
1338 2147 281 32 skattesatserna

117 2214 55 31 för
194 2212 169 36 cigarrer,
384 2209 199 37 tuggtobak
604 2208 65 31 och
692 2217 85 22 snus
800 2204 114 33 skulle
935 2205 139 30 lämnas
1097 2201 189 32 orubbade.
1329 2199 75 32 Mot
1427 2197 192 37 styrelsens

117 2264 136 35 förslag
276 2261 222 32 härutinnan
519 2260 67 31 har
608 2259 62 36 jag
693 2258 108 36 ingen
824 2256 156 31 erinran.
1022 2254 77 31 Den
1122 2251 141 38 tydliga
1286 2250 148 31 tendens
1458 2248 56 32 till
1537 2248 82 31 kon-

117 2311 383 36 sumtionsminskning
522 2311 13 30 i
556 2309 176 31 avseende
752 2309 21 30 å
795 2307 160 36 cigarrer
976 2305 64 30 och
1063 2302 209 37 tuggtobak,
1295 2311 74 21 som
1390 2301 72 29 kan
1484 2300 138 30 utläsas

119 2376 43 21 ur
193 2365 68 32 den
290 2364 12 30 i
330 2364 59 31 det
418 2360 216 37 föregående
663 2358 191 36 återgivna
883 2353 395 35 sammanställningen,
1308 2353 92 29 samt
1430 2351 68 30 den
1528 2350 93 35 höga

122 2416 212 35 belastning,
365 2424 75 21 som
469 2412 111 32 redan
610 2411 119 31 åvilar
759 2409 132 34 snuset,
922 2416 107 27 synas
1060 2405 75 35 mig
1166 2403 153 31 sålunda
1350 2401 185 35 motivera,
1567 2400 54 30 att

120 2469 102 31 dessa
247 2465 169 35 varuslag
439 2464 228 34 undantagas
691 2461 81 30 från
796 2456 384 36 skatteförhöjningen.
1224 2453 284 32 Vidkommande
1529 2452 92 30 skat-

1638 1794 201 28 UDcpartementa-

1694 1828 93 22 chefen.
