1850 2790
500 169 388 31 Jordbruksutskottets
910 170 180 30 utlåtande
1110 180 42 20 nr
1171 170 52 30 35.
1600 167 19 30 9

803 471 58 40 Nr
887 470 62 42 35.

336 573 184 30 Utlåtande
547 574 80 29 med
649 573 191 40 anledning
862 582 42 22 av
927 573 128 40 Kungl.
1081 573 123 40 Maj:ts
1230 574 11 29 i
1266 571 351 41 statsverksproposi-

559 624 114 30 tionen
696 624 125 40 gjorda
846 623 210 31 hemställan
1081 633 54 21 om
1161 623 124 40 anslag
1310 623 51 29 till
1382 622 237 40 Nötboskaps-

557 674 118 30 avelns
701 674 260 40 befrämjande:
988 674 195 30 Understöd
1207 674 37 30 åt
1269 672 349 41 kontrollförenings-

560 725 222 30 verksamhet
809 725 109 40 jämte
945 725 12 29 i
982 726 120 29 ämnet
1129 724 122 30 väckta
1278 724 181 30 motioner.

160 826 13 29 I
193 825 92 30 årets
307 825 410 40 statsverksproposition
744 825 63 34 (IX
827 826 38 29 ht
885 834 32 31 p.
939 825 52 35 60,
1014 835 26 21 s.
1065 824 188 35 141—144)
1281 825 64 30 har
1366 824 125 39 Kungl.
1514 823 105 40 Maj:t

116 875 178 40 föreslagit
322 875 187 40 riksdagen
539 877 50 28 att
617 876 50 29 till
696 876 343 39 Nötboskapsavelns
1068 875 259 39 befrämjande:
1359 874 197 31 Understöd
1585 874 35 30 åt

116 925 559 41 kontrollföreningsverksamhet
701 926 122 30 anvisa
848 927 48 28 ett
920 926 122 39 anslag
1068 936 42 20 av
1134 926 62 30 504
1211 926 64 29 900
1301 926 139 34 kronor,
1468 925 151 30 innefat-

115 976 103 30 tande
243 976 321 40 medelsanvisning
589 977 77 29 med
694 977 207 30 oförändrat
927 977 136 40 belopp.

160 1027 14 29 I
195 1027 172 29 samband
388 1027 145 30 härmed
554 1027 64 29 har
638 1027 367 39 jordbruksutskottet
1025 1026 188 31 behandlat
1234 1026 158 40 följande
1414 1027 96 29 inom
1533 1026 88 29 riks-

115 1077 110 39 dagen
246 1078 136 33 väckta,
403 1077 53 30 till
475 1077 172 30 utskottet
666 1077 192 30 hänvisade
879 1077 183 36 motioner,
1084 1077 176 39 nämligen

161 1127 33 34 1)
225 1127 87 31 1:40
331 1137 43 21 av
391 1128 80 29 herr
489 1128 163 37 Larsson,
670 1128 143 40 Sigfrid,
832 1128 63 29 och
914 1128 81 29 herr
1012 1127 151 37 Nilsson,
1181 1128 98 37 Bror,
1299 1127 223 40 likalydande
1540 1127 78 29 med

117 1178 45 29 II:
178 1177 42 30 54
239 1187 43 21 av
300 1179 81 29 herr
399 1179 165 29 Hansson
585 1178 10 29 i
614 1177 143 42 Önnarp
777 1188 45 23 m.
842 1179 50 40 fl.,
912 1179 74 29 vari
1006 1178 207 34 hemställts,
1235 1179 51 29 att
1306 1178 186 39 riksdagen
1513 1177 108 30 måtte

116 1228 11 29 i
149 1228 152 40 enlighet
324 1229 79 29 med
427 1229 377 39 lantbruksstyrelsens
828 1228 131 40 förslag
982 1229 146 34 besluta,
1152 1230 50 29 att
1226 1229 18 30 2
1271 1228 15 37 8
1312 1228 36 34 a)
1377 1229 64 29 och
1463 1228 38 34 b)
1531 1228 89 30 kun-

117 1278 157 39 görelsen
301 1279 67 30 den
395 1279 19 30 2
439 1279 80 39 juni
550 1279 83 30 1950
665 1278 59 35 (nr
752 1279 81 34 501)
867 1279 179 40 angående
1075 1279 211 40 statsbidrag
1314 1279 52 30 till
1393 1278 227 31 kontroHför-

118 1329 391 39 eningsverksamheten
533 1339 45 21 m.
601 1339 55 25 m.,
680 1330 90 29 skall
794 1330 127 30 ändras
943 1330 45 40 på
1010 1330 125 30 sådant
1158 1331 79 33 sätt,
1261 1331 51 29 att
1334 1329 211 41 statsbidrag
1567 1329 54 30 för

117 1379 228 30 utlämnande
370 1389 42 21 av
437 1379 124 39 bidrag
588 1380 52 29 till
666 1380 319 39 kontrollförening
1010 1380 68 34 må,
1105 1381 61 29 där
1191 1380 360 39 lantbruksstyrelsen
1577 1380 44 39 på

118 1430 121 29 därom
268 1439 43 21 av
340 1429 403 41 hushållningssällskap
776 1430 102 39 gjord
907 1430 261 38 framställning
1200 1430 127 30 sådant
1357 1430 150 39 medger,
1538 1430 82 38 utgå

117 1481 85 28 utan
223 1479 126 30 hinder
369 1480 107 30 därav
495 1481 51 30 att
575 1480 4 28 i
600 1480 153 29 nämnda
775 1481 165 39 paragraf
961 1481 112 29 under
1096 1480 34 34 a)
1157 1480 65 30 och
1244 1480 39 34 b)
1311 1480 233 30 omförmälda
1566 1480 55 29 be-

118 1529 218 39 stämningar
357 1539 43 21 av
420 1530 177 39 mjölkens
619 1530 127 39 mängd
771 1531 65 30 och
858 1530 141 30 fetthalt
1023 1540 45 22 m.
1091 1540 44 21 m.
1158 1531 206 30 verkställes
1387 1539 74 21 mer
1484 1532 45 28 än
1551 1530 70 30 tolv

119 1579 126 40 gånger
274 1580 147 39 årligen;
452 1581 91 29 samt

162 1630 35 34 2)
231 1630 29 29 1:
277 1629 63 31 263
366 1639 42 22 av
433 1631 80 29 herr
543 1631 137 40 Wehtje
708 1632 66 29 och
802 1631 46 29 11:
864 1631 73 34 329,
965 1631 233 40 likalydande,
1226 1641 43 20 av
1295 1632 120 29 herrar
1440 1631 142 31 Nilsson
1610 1632 11 28 i

119 1680 122 30 Svalöv
269 1681 65 30 och
361 1680 140 31 Nilsson
530 1681 11 29 i
567 1681 198 36 Bästekille,
793 1682 74 30 vari
893 1682 209 34 hemställts,
1130 1684 50 28 att
1206 1682 188 39 riksdagen
1421 1682 108 30 måtte
1558 1682 63 30 hos

119 1730 124 39 Kungl.
267 1730 106 40 Maj:t
394 1731 196 34 hemställa,
613 1733 50 29 att
683 1732 128 39 Kungl.
835 1731 105 40 Maj:t
962 1732 80 30 ville
1064 1732 138 39 vidtaga
1224 1733 133 29 sådana
1379 1732 171 40 åtgärder,
1573 1733 50 29 att

119 1781 368 39 lantbruksstyrelsen,
512 1782 45 29 då
583 1782 173 30 särskilda
781 1782 77 30 skäl
883 1783 118 29 därtill
1028 1783 193 38 föreligger,
1247 1783 226 39 bemyndigas
1501 1783 121 39 medge

120 1833 49 29 att
190 1831 222 40 bestämning
435 1841 42 20 av
499 1832 176 39 mjölkens
699 1833 130 38 mängd
852 1833 64 30 och
939 1833 142 29 fetthalt
1104 1842 43 21 m.
1171 1843 45 21 m.
1241 1833 60 30 må
1324 1834 84 29 utan
1433 1833 126 30 hinder
1582 1842 42 21 av

117 1881 310 30 bestämmelserna
447 1881 10 29 i
478 1881 233 39 kungörelsen
732 1882 66 30 den
821 1882 18 30 2
859 1882 77 39 juni
961 1882 84 30 1950
1072 1882 56 33 (nr
1149 1883 80 33 501)
1255 1883 206 30 verkställas
1481 1892 77 22 mer
1579 1884 43 29 än

121 1931 38 30 12
182 1931 128 39 gånger
331 1940 56 21 om
408 1931 83 30 året.

162 1981 228 31 Beträffande
410 1982 41 29 de
473 1982 87 34 skäl,
583 1991 74 21 som
678 1983 185 39 åberopats
885 1983 10 28 i
916 1983 229 34 motionerna,
1167 1983 99 29 torde
1290 1983 168 32 utskottet
1480 1984 37 30 få
1538 1983 85 30 hän-

120 2031 72 30 visa
216 2031 53 30 till
293 2032 111 30 dessa.

163 2107 374 40 Lantbruksstyrelsen
572 2108 63 30 har
668 2109 9 28 i
709 2109 76 29 sina
818 2108 323 39 anslagsäskanden
1172 2109 180 30 hemställt
1383 2112 50 27 att
1467 2110 157 39 anslaget

120 2157 88 29 skall
229 2157 160 30 minskas
411 2159 79 28 med
512 2158 42 29 80
568 2158 63 30 300
653 2158 130 29 kronor
806 2158 53 29 till
880 2157 63 30 424
958 2158 63 31 600
1045 2159 138 29 kronor.
1207 2159 243 39 Beräkningen
1472 2160 151 29 innefat-

120 2209 53 27 tar
191 2208 20 29 å
230 2216 66 20 ena
316 2207 99 30 sidan
433 2217 42 20 en
495 2207 224 40 uppräkning
738 2218 42 20 av
798 2208 156 38 anslaget
973 2209 80 29 med
1075 2208 38 29 18
1127 2209 62 29 000
1209 2210 131 28 kronor
1359 2210 53 29 för
1432 2211 51 28 att
1502 2210 121 39 medge

118 2257 90 30 ökad
225 2257 184 39 möjlighet
426 2259 50 28 att
496 2258 110 29 lokalt
622 2258 109 29 ordna
750 2258 165 39 lämpliga
935 2258 421 30 demonstrationsförsök
1375 2260 43 38 på
1436 2259 186 39 husdjurs-

119 2306 173 30 skötselns
315 2306 150 31 område.
489 2306 26 30 Ä
538 2307 110 29 andra
669 2307 101 30 sidan
793 2307 145 29 innebär
960 2307 372 40 medelsberäkningen
1355 2317 41 21 en
1416 2309 206 39 minskning

119 2357 77 29 med
218 2357 232 39 sammanlagt
471 2356 42 30 98
527 2356 64 30 300
612 2357 138 29 kronor.
772 2357 248 39 Minskningen
1043 2358 38 29 är
1102 2358 182 29 föranledd
1306 2368 41 21 av
1368 2360 49 28 att
1435 2359 116 29 medel
1571 2359 51 29 till

119 2407 442 30 överkontrollassistenter
650 2407 56 29 vid
732 2407 99 29 bifall
858 2406 51 30 till
935 2408 188 38 styrelsens
1149 2408 157 39 yrkande
1333 2409 108 29 under
1466 2409 157 30 hushåll-

118 2457 319 39 ningssällskapens
462 2457 304 37 avlöningsanslag
790 2466 57 20 om
873 2456 194 31 inrättande
1092 2467 40 20 av
1157 2457 402 37 husdjursinstruktörer
1583 2478 15 1 --

147 2523 15 26 2
203 2524 113 30 Bihang
328 2524 46 23 till
385 2522 169 32 riksdagens
565 2523 145 31 protokoll
725 2524 75 24 1954.
823 2524 31 23 10
866 2523 82 25 saml.
968 2524 40 24 Nr
1028 2526 107 25 34—35,
