1876 2838
528 151 304 31 Bankoutskottets
858 151 180 30 memorial
1063 151 49 30 Nr
1136 151 29 30 2.
1568 144 38 29 13

96 239 65 29 och
186 238 214 35 105,000,000
425 238 50 29 kr.
500 237 9 29 i
530 236 71 36 maj
629 237 94 29 1936.
767 236 49 30 Av
838 236 99 30 dessa
958 236 112 29 medel
1093 235 232 30 återbetalade
1347 234 256 36 riksgäldskon-

97 291 86 28 toret
206 288 109 30 under
336 287 200 37 budgetåret
563 284 182 41 1935/1936
770 287 119 29 inalles
914 286 215 35 160,000,000
1152 286 50 29 kr.
1247 285 268 30 Statskontorets
1538 284 65 30 till-

96 339 251 36 godohavande
369 338 55 30 för
448 338 42 30 de
510 338 50 29 till
580 337 212 35 förvaltning
814 337 245 29 överlämnade
1080 337 136 29 medlen
1237 335 159 36 utgjorde
1417 334 99 31 alltså
1538 335 66 30 den

97 391 42 29 30
163 390 76 36 juni
265 390 83 29 1936
374 388 218 36 290,000,000
618 388 62 35 kr.,
706 388 235 29 innebärande
966 396 41 21 en
1031 387 129 35 ökning
1184 386 145 36 jämfört
1352 387 78 29 med
1455 388 148 27 motsva-

99 441 107 30 rande
225 439 99 31 siffra
343 440 57 30 vid
420 438 218 37 budgetårets
656 437 125 37 ingång
801 448 42 20 av
860 438 196 35 45,000,000
1075 438 50 29 kr.

144 540 289 31 Tillskottsmedel
460 540 54 38 för
545 539 242 30 återställande
819 548 42 21 av
893 539 88 29 vissa
1012 538 149 31 bankers
1189 537 246 38 grundfonder.
1491 536 112 31 Sedan

97 592 331 36 riksgäldskontoret
450 591 109 30 under
582 590 36 31 år
645 591 82 29 1934
751 589 138 37 jämlikt
912 589 110 30 beslut
1046 598 41 21 av
1112 597 133 22 samma
1268 588 54 30 års
1347 588 139 36 riksdag
1508 589 93 29 över-

98 643 83 36 tagit
207 652 40 21 av
271 642 234 36 Aktiebolaget
528 641 248 30 Kreditkassan
800 650 41 21 av
866 640 37 30 år
931 641 81 29 1922
1037 640 162 29 lämnade
1221 639 199 36 belåningar
1444 648 41 20 av
1509 638 94 30 bevis

99 694 20 30 å
141 694 144 29 tillskott
308 693 50 30 till
380 692 90 31 vissa
492 692 149 30 bankers
664 691 236 36 grundfonder
925 691 106 37 jämte
1055 694 72 26 mot
1150 699 133 21 samma
1306 689 199 36 belåningar
1530 698 73 21 sva-

99 745 107 29 rande
232 743 228 37 insättningar
487 752 41 21 av
556 742 286 35 tillskottsmedel,
870 743 65 29 har
963 742 84 30 efter
1075 751 42 20 av
1145 741 236 35 Aktiebolaget
1408 740 195 30 Jämtlands

99 795 168 31 folkbank
288 795 122 30 därom
430 793 100 37 gjord
548 793 255 36 framställning
824 794 65 29 och
911 793 78 30 med
1010 793 76 30 stöd
1107 802 43 20 av
1173 792 82 30 1934
1277 791 54 30 års
1353 791 155 36 riksdags
1529 798 73 22 om-

100 845 173 31 förmälda
298 845 111 31 beslut
434 844 10 31 i
471 844 188 31 november
691 844 82 30 1935
800 843 194 30 verkställts
1021 842 155 37 följande
1202 842 220 37 omläggning
1451 851 40 20 av
1518 841 85 30 riks-

98 896 276 37 gäldskontorets
392 898 224 34 engagement
633 895 11 30 i
662 894 153 31 nämnda
834 895 106 29 bank:
983 893 79 31 Med
1082 893 229 31 användande
1330 902 41 21 av
1390 893 9 29 i
1419 892 185 36 riksgälds-

99 948 159 30 kontoret
279 946 221 31 innestående
520 946 276 30 tillskottsmedel
817 944 54 32 för
892 944 242 31 återställande
1156 954 41 20 av
1219 944 155 29 bankens
1395 942 209 37 grundfond,

99 998 189 36 utgörande
311 998 173 35 2,400,000
507 997 61 36 kr.,
592 997 64 29 har
679 996 119 30 inlösts
824 995 348 37 riksgäldskontorets
1195 994 58 30 lån
1277 994 20 31 å
1320 1004 133 20 samma
1478 994 125 35 belopp

100 1049 50 30 till
174 1048 235 36 Aktiebolaget
431 1047 105 30 Filius
560 1051 71 26 mot
653 1047 162 30 säkerhet
836 1056 42 20 av
901 1046 94 31 bevis
1019 1046 20 30 å
1061 1046 144 30 tillskott
1228 1045 51 30 till
1301 1045 155 30 bankens
1479 1044 126 37 grund-

100 1099 95 31 fond.
245 1099 13 30 I
286 1099 168 30 samband
481 1098 145 30 härmed
653 1098 65 29 har
744 1097 236 36 Aktiebolaget
1006 1097 107 30 Filius
1140 1096 158 36 beviljats
1325 1099 48 27 ett
1400 1098 74 34 nytt
1501 1094 58 31 lån
1585 1093 20 31 å

103 1151 139 34 743,850
267 1150 61 35 kr.,
356 1149 50 30 till
431 1149 159 30 säkerhet
614 1147 117 32 varför
755 1148 50 30 till
829 1148 331 36 riksgäldskontoret
1186 1147 232 30 överlämnats
1443 1156 42 20 av
1511 1146 92 30 bola-

99 1204 55 32 get
175 1200 168 31 tecknade
365 1199 288 37 preferensaktier
677 1199 11 30 i
711 1199 138 30 banken
874 1199 19 30 å
916 1198 180 30 nominellt
1119 1207 133 21 samma
1277 1198 136 35 belopp,
1436 1196 169 38 varjämte

101 1252 242 29 motsvarande
362 1251 125 36 belopp
506 1249 212 38 gottskrivits
739 1250 138 30 banken
896 1249 19 31 å
935 1252 45 27 ett
1000 1248 139 31 särskilt
1156 1249 116 30 konto.

146 1303 13 29 I
184 1301 331 37 riksgäldskontoret
538 1300 223 31 innestående
785 1300 275 31 tillskottsmedel
1083 1299 52 31 för
1160 1299 243 30 återställande
1426 1308 41 21 av
1492 1293 113 36 Öster-

100 1353 158 35 götlands
281 1352 157 31 enskilda
458 1353 93 29 bank
572 1351 212 37 aktiebolags
807 1350 208 38 grundfond,
1038 1360 74 21 som
1134 1350 65 31 den
1225 1352 14 28 1
1262 1350 62 37 juli
1350 1350 81 30 1935
1454 1349 152 36 uppgick

101 1403 50 30 till
173 1404 172 35 1,700,000
363 1403 62 36 kr.,
444 1403 63 30 har
525 1403 110 29 under
654 1401 200 37 budgetåret
873 1401 169 31 minskats
1061 1402 78 30 med
1156 1404 48 27 ett
1223 1401 125 36 belopp
1370 1410 42 20 av
1434 1400 172 35 1,060,000

101 1454 63 36 kr.,
182 1454 104 30 vilket
304 1454 124 35 belopp
448 1462 43 21 av
506 1453 139 30 banken
665 1453 145 29 använts
828 1453 51 29 till
899 1452 219 35 avbetalning
1137 1451 19 30 å
1177 1451 235 36 Aktiebolaget
1429 1450 177 31 Metodens

102 1504 57 30 lån
177 1504 64 30 hos
257 1504 330 36 riksgäldskontoret
604 1506 71 27 mot
695 1503 158 30 säkerhet
870 1512 42 21 av
928 1503 93 30 bevis
1041 1503 20 30 å
1078 1502 144 31 tillskott
1240 1502 51 30 till
1308 1502 155 30 bankens
1481 1500 124 38 grund-

102 1555 94 30 fond.
239 1555 12 30 I
272 1554 87 38 följd
379 1555 108 30 härav
506 1554 175 37 uppgingo
701 1554 263 36 ifrågavarande
983 1553 276 31 tillskottsmedel
1279 1553 66 30 den
1364 1554 40 29 30
1424 1551 76 38 juni
1523 1552 84 30 1936

101 1605 50 31 till
174 1606 140 35 640,000
335 1606 50 29 kr.

146 1656 180 30 Likaledes
350 1656 64 30 har
439 1656 10 30 i
475 1655 330 37 riksgäldskontoret
830 1654 221 31 innestående
1077 1654 276 31 tillskottsmedel
1377 1654 54 31 för
1455 1653 151 31 återstäl-

102 1707 102 30 lande
224 1716 41 21 av
284 1707 155 36 Uplands
456 1706 157 31 enskilda
633 1706 93 30 bank
748 1706 211 36 aktiebolags
979 1705 208 37 grundfond,
1207 1706 93 30 vilka
1319 1706 65 30 den
1406 1706 13 29 1
1439 1704 63 38 juli
1524 1705 83 30 1935

103 1757 175 37 uppgingo
318 1758 49 29 till
407 1758 174 35 4,000,000
623 1758 62 34 kr.,
727 1757 167 30 minskats
927 1758 78 29 med
1036 1760 46 27 ett
1112 1756 125 36 belopp
1268 1766 41 21 av
1342 1756 171 36 1,000,000
1545 1756 61 35 kr.,

103 1809 140 29 varmed
274 1809 139 29 banken
442 1808 176 30 verkställt
650 1808 219 36 avbetalning
900 1808 20 30 å
951 1807 235 36 Aktiebolaget
1217 1808 91 30 Lods
1340 1807 56 30 lån
1428 1807 61 30 hos
1521 1807 85 29 riks-

103 1859 257 35 gäldskontoret
400 1862 72 26 mot
511 1858 159 30 säkerhet
711 1868 41 20 av
792 1859 93 30 bevis
915 1858 19 30 å
963 1859 145 30 tillskott
1138 1858 49 30 till
1214 1858 155 30 bankens
1397 1857 209 37 grundfond.

104 1909 266 36 Ifrågavarande
411 1909 275 30 tillskottsmedel
727 1909 175 36 uppgingo
942 1908 144 30 sålunda
1128 1909 65 29 den
1236 1909 41 29 30
1318 1908 74 37 juni
1435 1908 82 30 1936
1558 1907 50 31 till

103 1960 174 35 3,000,000
299 1960 50 29 kr.

149 2010 225 30 Innestående
407 2010 275 30 tillskottsmedel
716 2009 52 31 för
800 2009 242 31 återställande
1076 2019 41 20 av
1153 2009 234 36 Aktiebolaget
1421 2009 186 36 Göteborgs

104 2061 256 29 handelsbanks
385 2060 208 36 grundfond,
618 2061 91 29 vilka
732 2061 65 29 den
825 2062 14 28 1
863 2060 64 36 juli
955 2061 81 29 1935
1059 2059 157 37 utgjorde
1243 2061 192 34 12,500,000
1460 2060 60 35 kr.,
1545 2060 63 29 har

104 2112 109 29 under
233 2111 199 36 budgetåret
453 2111 168 30 minskats
642 2112 78 29 med
747 2112 169 33 1,500,000
938 2112 61 35 kr.,
1021 2112 242 29 motsvarande
1284 2110 227 36 avbetalning,
1534 2119 73 21 som

104 2171 42 20 av
167 2162 137 29 banken
323 2162 193 30 verkställts
539 2162 17 29 å
579 2162 234 35 Aktiebolaget
836 2162 88 30 Durs
949 2161 55 31 lån
1029 2162 61 29 hos
1112 2161 330 35 riksgäldskontoret
1463 2164 71 27 mot
1557 2162 50 28 sä-

105 2212 118 30 kerhet
244 2222 40 19 av
305 2212 92 30 bevis
419 2212 18 30 å
457 2212 143 30 tillskott
620 2212 47 30 till
689 2213 153 29 bankens
862 2212 208 35 grundfond.
1115 2213 63 29 Vid
1198 2212 217 34 budgetårets
1437 2212 66 29 slut
1522 2221 84 26 upp-

104 2262 101 35 gingo
227 2262 144 30 sålunda
392 2261 261 36 ifrågavarande
676 2263 272 29 tillskottsmedel
971 2263 49 29 till
1044 2263 193 34 11,000,000
1260 2263 49 28 kr.

149 2313 314 29 Tillskottsmedlen
486 2312 51 29 för
561 2312 241 30 återställande
827 2323 40 19 av
891 2312 233 34 Aktiebolaget
1148 2312 181 29 Smålands
1352 2312 109 29 banks
1482 2312 125 35 grund-

106 2363 93 31 fond,
224 2362 91 29 vilka
339 2362 64 29 den
432 2363 9 28 1
470 2362 61 35 juli
560 2363 81 28 1935
667 2362 173 34 uppgingo
866 2363 48 28 till
942 2363 170 32 1,722,765
1138 2363 60 32 kr.,
1225 2363 87 28 hava
1337 2363 108 28 under
1469 2363 140 34 budget-

106 2413 70 29 året
198 2413 70 29 dels
290 2412 167 30 minskats
479 2413 76 29 med
581 2413 137 33 156,615
741 2413 60 34 kr.,
823 2413 104 29 vilket
948 2413 123 35 belopp
1094 2422 40 19 av
1156 2413 136 29 banken
1314 2414 144 28 använts
1480 2412 51 29 till
1552 2422 55 19 av-

106 2463 173 35 betalning
300 2463 19 29 å
342 2463 233 34 Aktiebolaget
599 2464 85 28 Axes
705 2463 55 29 lån
783 2464 62 28 hos
867 2463 330 35 riksgäldskontoret
1221 2466 70 26 mot
1313 2463 157 29 säkerhet
1490 2472 40 20 av
1554 2463 53 29 be-
