1882 2830
521 148 304 32 Bankoutskottets
851 145 180 32 memorial
1056 145 49 31 Nr
1128 145 29 30 2.
1559 137 39 31 33

137 237 221 38 Lånefonden
380 237 55 37 för
457 237 243 33 motorvagnar
722 242 44 21 m.
790 241 45 22 m.
859 232 35 30 åt
919 230 156 31 enskilda
1096 230 195 37 järnvägar.
1338 228 116 31 Under
1476 236 119 21 senare

93 288 152 31 halvåret
265 288 84 30 1936
367 287 89 29 hava
476 285 77 30 från
575 284 128 30 fonden
722 284 10 30 i
751 283 149 36 enlighet
919 282 78 30 med
1018 280 117 31 därför
1154 279 165 37 stadgade
1337 278 257 31 bestämmelser

94 340 184 30 utlämnats
301 336 153 38 följande
475 336 57 30 lån
555 335 53 30 för
633 333 231 32 anskaffande
888 342 41 20 av
951 335 253 32 motorvagnar,
1227 330 176 36 nämligen

91 391 66 29 den
184 391 38 29 18
245 388 179 32 december
450 388 84 29 1936
555 386 50 30 till
631 383 425 39 Mjölby—Hästholmens
1080 391 68 27 nya
1170 380 93 38 järn-

136 439 279 38 vägsaktiebolag
447 432 442 49 .........sscoscssoc.
906 456 358 9 ere
1297 432 50 29 kr.
1396 431 130 35 55,700:
1542 448 44 5 —

93 492 66 29 den
197 492 39 29 18
275 489 179 32 december
493 489 84 30 1936
614 487 50 31 till
690 486 172 31 Mellersta
889 480 258 41 Östergötlands
1172 483 91 37 järn-

137 543 102 36 vägar
263 541 193 36 aktiebolag
501 558 765 11 —..s..sessecsrerrr
904 534 124 49 str
1103 534 47 49 RR
1168 534 34 49 RR
1214 534 56 49 Rts
1311 544 12 15 »
1397 533 130 34 60,000:
1543 550 43 4 —

1065 582 142 51 Summa
1226 580 141 52 kronor
1379 601 149 35 115,700:
1543 618 52 11 —

138 677 226 31 Statsverkets
393 674 276 38 kapitalfordran
698 673 53 31 för
779 672 78 31 från
885 672 128 30 fonden
1040 671 200 30 utlämnade
1268 669 59 30 lån
1353 668 151 37 uppgick
1532 668 64 30 den

94 729 39 30 31
158 728 179 30 december
363 727 83 30 1936
467 726 50 30 till
531 725 148 34 :321,431
705 725 50 29 kr.
779 724 40 29 41
844 725 67 29 öre.
958 722 122 30 Därtill
1105 722 157 29 kommer
1285 720 147 30 fondens
1455 719 141 30 fordran

96 780 62 29 hos
182 778 332 37 riksgäldskontoret
539 776 97 36 8,923
661 775 50 30 kr.
740 775 41 30 59
806 775 69 29 öre.

138 871 135 31 Statens
290 868 341 39 sekundärlånefond
649 869 55 37 för
722 867 241 38 jordbrukare.
1007 865 91 31 Från
1118 864 129 31 fonden
1267 865 63 29 har
1351 863 108 31 under
1479 871 120 22 senare

97 922 154 31 halvåret
281 922 83 30 1936
392 921 51 30 till
471 919 254 31 lånenämnden
756 918 53 31 för
840 917 173 31 sekundär
1040 914 302 39 jordbrukskredit
1372 913 226 31 utanordnats

95 973 230 36 sammanlagt
344 972 141 35 280,000
507 971 51 29 kr.

139 1065 134 31 Statens
294 1063 341 38 sekundärlånefond
651 1063 55 37 för
724 1061 289 36 rederinäringen.
1056 1059 77 31 Med
1151 1058 99 31 bifall
1268 1058 51 30 till
1338 1057 122 37 Kungl.
1482 1056 118 38 Maj:ts

97 1115 214 37 proposition
336 1124 42 21 nr
403 1115 62 30 238
492 1114 108 30 beslöt
630 1113 83 30 1936
738 1112 54 31 års
819 1111 149 37 riksdag,
993 1111 44 30 bl.
1064 1120 41 26 a.,
1130 1112 48 28 att
1205 1109 40 30 fr.
1273 1118 30 21 o.
1329 1118 46 20 m.
1402 1108 67 31 den
1495 1108 14 29 1
1536 1106 63 38 juli

101 1167 82 30 1936
209 1176 41 21 en
281 1165 147 31 särskild
457 1164 174 35 lånefond,
660 1163 176 30 benämnd
867 1165 127 27 statens
1023 1159 340 32 sekundärlånefond
1394 1158 53 31 för
1475 1157 123 31 rederi-

97 1217 166 36 näringen
292 1216 109 30 skulle
430 1216 154 34 inrättas,
615 1217 88 27 samt
732 1216 49 28 att
810 1213 51 31 till
894 1213 111 30 denna
1035 1212 84 30 fond
1148 1211 111 30 skulle
1289 1209 78 31 från
1395 1208 203 31 rederilåne-

97 1267 126 30 fonden
250 1265 177 31 överföras
454 1269 46 27 ett
521 1265 126 37 belopp
676 1274 41 21 av
747 1263 175 36 2,500,000
949 1263 50 30 kr.
1041 1262 126 30 Tillika
1194 1261 199 30 förklarade
1419 1260 183 36 riksdagen

95 1321 51 28 att
170 1318 10 31 i
204 1317 98 37 fråga
326 1326 59 22 om
411 1320 126 27 statens
565 1314 339 32 sekundärlånefond
929 1313 53 31 för
1007 1312 278 36 rederinäringen
1312 1311 110 30 skulle
1445 1310 90 36 gälla
1560 1310 41 30 de

96 1369 268 35 bestämmelser,
384 1368 92 30 vilka
495 1367 127 30 funnos
642 1366 138 36 intagna
802 1365 11 30 i
831 1368 47 28 ett
896 1363 258 38 propositionen
1174 1363 107 36 bilagt
1299 1362 127 36 förslag
1445 1361 50 30 till
1514 1361 85 30 kun-

95 1420 129 36 görelse
253 1419 5 30 i
284 1420 126 29 ämnet.
448 1418 122 36 Kungl.
596 1416 100 38 Maj:t
720 1416 184 30 utfärdade
929 1415 192 30 sedermera
1146 1414 67 30 den
1241 1414 38 29 19
1304 1412 76 37 juni
1408 1412 83 30 1936
1515 1412 83 29 kun-

95 1470 130 36 görelse
241 1469 177 37 angående
435 1468 177 31 allmänna
630 1467 122 30 villkor
769 1467 66 30 och
853 1465 258 31 bestämmelser
1130 1464 53 30 för
1200 1463 57 31 lån
1274 1473 41 20 ur
1332 1465 127 28 statens
1478 1462 120 30 sekun-

98 1520 228 31 därlånefond
351 1519 55 30 för
432 1517 288 37 rederinäringen.

142 1570 267 37 Ifrigavarande
428 1569 84 31 fond
534 1568 163 31 förvaltas
720 1577 41 21 av
782 1566 342 37 riksgäldskontoret,
1146 1574 74 21 som
1243 1565 64 29 har
1327 1567 49 27 att
1396 1563 46 37 på
1462 1563 137 30 anford-

99 1631 62 21 ran
188 1621 152 31 utbetala
368 1621 54 30 för
447 1619 230 31 lånerörelsen
703 1617 223 36 erforderliga
954 1617 120 30 medel.
1125 1615 246 31 Lånerörelsen
1400 1614 201 30 handhaves

98 1673 54 30 för
170 1675 127 28 statens
316 1671 147 36 räkning
481 1680 41 20 av
541 1680 41 20 en
602 1669 140 36 nämnd,
762 1678 78 20 vars
859 1668 188 30 ledamöter
1065 1666 96 31 skola
1182 1667 139 36 utgöras
1340 1675 41 21 av
1400 1665 199 30 ledamöter-

100 1733 42 20 na
169 1723 64 30 och
259 1723 267 36 suppleanterna
553 1721 10 29 i
589 1720 164 37 styrelsen
780 1719 54 31 för
861 1719 152 30 Svenska
1039 1717 439 37 skeppshypotekskassan.
1529 1714 71 31 Lån

100 1773 76 31 från
204 1773 128 31 fonden
359 1772 57 30 må
442 1772 134 30 lämnas
602 1771 120 30 endast
748 1769 55 31 för
829 1770 207 36 nybyggnad
1062 1768 80 31 eller
1169 1767 272 36 modernisering
1466 1776 42 20 av
1535 1766 66 30 far-

99 1828 66 33 tyg.
206 1823 112 31 Ränta
336 1823 19 30 å
375 1822 56 31 lån
450 1822 77 30 från
545 1821 128 31 fonden
692 1821 118 36 gäldas
828 1820 87 31 efter
932 1829 42 21 en
992 1818 149 32 räntefot
1159 1828 42 20 av
1219 1815 75 33 41/2
1312 1814 53 35 9/0.

143 1874 110 31 Sedan
277 1874 10 30 i
309 1873 149 36 enlighet
481 1874 77 29 med
582 1872 199 35 riksdagens
803 1871 112 30 beslut
936 1878 123 28 genom
1081 1868 173 38 omföring
1277 1867 229 37 tillgodoförts
1529 1866 72 31 fon-

101 1926 65 30 den
193 1924 147 36 angivna
369 1924 123 35 belopp
521 1932 41 20 av
593 1922 172 35 2,500,000
792 1922 62 34 kr.,
882 1921 64 29 har
974 1920 109 29 under
1109 1929 120 20 senare
1257 1918 155 30 halvåret
1442 1918 83 30 1936
1553 1917 49 30 till

102 1975 251 31 lånenämnden
376 1973 227 30 utanordnats
628 1971 229 36 sammanlagt
881 1971 142 35 801,000
1046 1970 50 29 kr.

145 2059 140 31 Fonden
312 2059 56 37 för
393 2056 275 31 låneunderstöd.
717 2055 79 30 Med
824 2055 98 30 bifall
951 2054 50 30 till
1029 2054 120 35 Kungl.
1176 2052 119 37 Maj:ts
1322 2052 215 37 proposition
1564 2062 39 19 nr

106 2111 33 28 11
168 2110 144 35 medgav
343 2109 82 29 1936
452 2108 55 30 års
533 2107 149 35 riksdag,
709 2109 48 27 att
783 2106 310 35 hemmansägaren
1121 2104 80 30 Seth
1228 2104 36 29 A.
1291 2103 217 36 Holmgrens,
1538 2102 64 30 Vil-

104 2159 159 36 helmina,
288 2158 388 36 betalningsskyldighet
703 2157 53 30 för
781 2160 46 26 ett
856 2156 76 29 från
958 2155 126 30 fonden
1111 2155 52 30 för
1189 2154 265 30 låneunderstöd
1482 2153 120 30 utläm-

103 2214 57 27 nat
186 2210 56 30 lån
268 2210 20 29 å
313 2209 264 36 ursprungligen
603 2208 118 34 25,000
747 2207 49 30 kr.
826 2207 77 29 med
932 2207 97 28 ränta
1058 2205 53 30 för
1137 2204 225 30 anordnande
1388 2213 40 21 av
1456 2203 147 30 kalktill-

103 2260 162 35 verkning
292 2260 19 29 å
336 2259 218 30 Storholmen
578 2258 56 29 vid
657 2256 268 37 Malgomajsjön
953 2255 91 35 finge
1068 2255 174 29 nedsättas
1267 2254 50 30 till
1342 2257 47 27 ett
1414 2253 125 36 belopp
1564 2263 40 20 av

102 2311 96 34 3,000
225 2310 50 29 kr.
302 2310 107 29 under
436 2309 123 29 villkor
584 2307 104 30 likväl
716 2309 48 27 att
789 2307 161 34 beloppet
976 2306 73 29 före
1074 2305 169 35 utgången
1270 2314 40 19 av
1338 2304 37 29 år
1405 2305 81 28 1936
1513 2304 89 29 inbe-

103 2360 127 30 talades
256 2359 48 30 till
329 2359 210 29 statsverket.
578 2358 111 29 Sedan
714 2356 160 36 beloppet
897 2356 66 30 den
992 2356 37 28 14
1055 2354 178 30 december
1261 2356 84 28 1936
1370 2353 159 30 inbetalts
1557 2353 47 30 till

106 2410 336 35 riksgälcskontoret,
475 2409 63 29 har
572 2408 203 34 Holmgrens
807 2406 148 30 därefter
989 2405 212 30 återstående
1233 2405 111 30 skuld,
1377 2405 226 35 sammanlagt

108 2462 112 33 12,243
244 2461 49 29 kr.
317 2460 41 29 48
379 2460 68 33 öre,
469 2457 190 31 avskrivits.

142 2525 107 31 Bihang
271 2525 40 25 till
333 2524 164 31 riksdagens
520 2523 144 31 protokoll
689 2523 72 23 1937.
799 2526 13 17 8
832 2521 73 22 saml.
945 2520 36 22 Nr
998 2522 22 21 2.
1560 2517 15 23 3
