1874 2840
536 163 275 33 Statsutskottets
838 160 175 32 utlåtande
1037 159 50 32 Nr
1108 159 51 31 50.
1584 147 19 29 3

140 253 50 30 Av
214 249 376 38 statsrådsprotokollet
615 248 185 35 inhämtas,
827 249 50 28 att
902 255 43 21 av
971 243 213 32 seminariets
1207 241 73 31 fem
1302 237 199 40 byggnader
1528 236 75 30 rek-

97 302 240 33 torsbostaden
360 301 56 31 för
440 299 218 32 närvarande
682 299 38 30 är
745 297 143 31 försedd
909 296 81 30 med
1012 288 478 37 varmvattenvärmeledning
1514 288 91 30 samt

101 352 414 40 gymnastikbyggnaden,
548 348 329 38 huvudbyggnaden
912 347 66 30 och
1011 343 287 38 övningsskolans
1330 339 162 38 byggnad
1524 337 81 31 med

97 408 159 34 separata
285 400 555 40 lågtrycksångvärmeledningar,
871 398 128 30 medan
1021 391 403 35 vaktmästarebostaden
1454 389 150 37 uppvär-

98 466 73 22 mes
190 456 80 31 med
289 455 216 35 kakelugnar
522 452 66 31 och
606 451 168 31 kaminer.
819 449 123 36 Kungl.
965 447 118 37 Maj:ts
1103 445 129 36 förslag
1253 442 154 38 grundar
1426 441 49 36 sig
1495 438 45 39 på
1557 441 49 28 ett

99 507 45 39 på
164 505 276 32 föranstaltande
464 514 43 21 av
530 501 347 39 byggnadsstyrelsen
899 498 165 38 uppgjort
1087 496 129 36 förslag
1239 495 53 31 till
1314 490 291 36 värmelednings-

100 558 207 37 anläggning
337 557 107 37 jämte
475 551 377 37 materielförteckning
881 551 66 30 och
978 547 233 36 beskrivning,
1236 548 73 28 mot
1340 544 106 30 vilket
1476 541 130 35 förslag

99 608 347 38 byggnadsstyrelsen
465 605 171 31 förklarat
653 604 51 36 sig
723 603 75 30 icke
817 603 93 30 hava
930 599 104 38 något
1054 602 48 28 att
1122 598 124 31 erinra.
1288 594 117 37 Enligt
1421 593 94 31 detta
1536 592 70 30 för-

101 661 72 36 slag
197 659 111 31 skulle
332 657 161 36 samtliga
516 656 52 31 till
592 654 197 32 seminariet
814 652 157 31 hörande
995 649 199 38 byggnader
1220 647 110 31 förses
1354 644 80 32 med
1459 652 46 28 ny
1531 643 77 29 vär-

100 710 196 36 meledning
319 709 105 36 enligt
441 707 457 38 pumpvarmvattensystem
920 702 80 31 med
1021 710 44 21 en
1086 707 199 30 gemensam
1309 695 140 35 central,
1471 692 138 37 förlagd

101 762 52 30 till
176 760 287 36 övningsskolans
489 756 171 38 byggnad.
711 754 242 32 Kostnaderna
978 752 55 30 för
1059 747 266 39 ifrågavarande
1350 746 141 31 arbeten
1516 744 93 30 hava

102 812 185 31 beräknats
306 809 136 32 fördela
460 808 51 36 sig
531 807 79 31 med
628 807 119 35 95,000
768 806 130 29 kronor
918 801 44 40 på
982 799 393 41 pannanläggningarna
1394 796 65 31 och
1479 793 129 33 rörled-

103 863 266 36 ningsarbetena
391 863 90 28 samt
504 859 80 30 med
606 857 119 36 40,000
751 857 130 29 kronor
902 853 45 39 på
971 853 43 30 de
1036 853 11 30 i
1065 850 171 32 samband
1261 848 80 32 med
1365 845 244 33 installations-

103 914 162 30 arbetena
283 911 227 36 erforderliga
528 907 355 39 byggnadsarbetena.

149 1013 181 35 Utskottet,
353 1021 78 21 som
454 1010 117 31 funnit
595 1010 66 29 den
682 1006 204 37 ifrågasatta
909 1000 530 39 värmeledningsanläggningen
1463 1006 83 22 vara
1570 1005 41 21 av

105 1065 147 31 behovet
272 1062 176 39 påkallad,
471 1062 65 29 har
551 1060 33 38 ej
605 1060 135 30 kunnat
763 1056 117 37 undgå
902 1060 49 27 att
973 1055 99 31 finna
1092 1054 43 30 de
1157 1051 200 32 beräknade
1377 1048 235 32 kostnaderna

107 1116 55 30 väl
184 1116 89 35 höga
298 1123 80 21 men
400 1121 101 22 anser
526 1111 49 36 sig
600 1111 75 30 icke
698 1110 120 29 kunna
843 1117 48 21 nu
915 1104 127 33 föreslå
1065 1103 113 37 någon
1203 1101 185 32 reduktion
1412 1109 42 21 av
1475 1099 58 30 det
1558 1097 55 31 för

106 1164 199 33 ändamålet
325 1164 130 31 äskade
475 1162 163 35 anslaget.
682 1160 172 30 Utskottet
874 1156 100 37 utgår
993 1154 188 32 emellertid
1204 1151 102 37 ifrån,
1328 1154 49 28 att
1398 1150 57 30 vid
1474 1149 139 36 anlägg-

108 1217 143 36 ningens
268 1213 327 39 detaljutformning
621 1212 65 30 och
711 1210 181 31 arbetenas
918 1206 185 32 utförande
1127 1205 66 30 alla
1219 1203 219 36 möjligheter
1464 1199 149 32 tillvara-

108 1271 96 33 tagas
225 1270 48 28 att
295 1265 192 36 nedbringa
509 1263 154 31 nämnda
684 1261 197 31 kostnader.

154 1318 171 31 Utskottet
344 1315 200 31 hemställer
563 1311 110 38 alltså,

465 1394 48 27 att
541 1389 185 36 riksdagen
755 1386 60 31 må
837 1387 51 30 till
918 1380 493 39 Värmeledningsanläggning
1441 1377 56 31 vid
1526 1376 90 39 folk-

420 1440 294 32 skoleseminariet
739 1440 11 29 i
775 1437 106 31 Luleå
904 1437 56 29 för
984 1432 202 38 budgetåret
1214 1426 185 40 1937/1938
1424 1428 121 31 anvisa
1569 1429 48 28 ett

421 1489 349 36 reservationsanslag
795 1498 43 20 av
865 1487 139 35 135,000
1029 1486 138 29 kronor.

156 1612 87 40 10:0)
294 1607 322 39 Ändringsarbeten
636 1616 46 21 m.
702 1615 46 22 m.
765 1605 58 30 vid
838 1599 433 35 folkskoleseminarierna
1288 1598 12 30 i
1314 1597 185 35 Göteborg,
1515 1593 104 32 Lund

110 1665 67 29 och
200 1660 121 33 Umeå.
369 1657 396 39 Tillbyggnadsarbeten
791 1655 58 30 vid
873 1650 382 34 småskoleseminariet
1275 1649 11 30 i
1311 1647 181 37 Lycksele.
1527 1640 94 36 Änd-

111 1713 242 37 ringsarbeten
379 1720 47 20 m.
451 1719 45 21 m.
521 1708 58 31 vid
603 1703 413 33 småskoleseminariet
997 1699 21 55 i
1040 1701 223 31 Härnösand.
1300 1699 16 31 I
1353 1698 152 36 enlighet
1539 1695 82 32 med

114 1764 120 36 Kungl.
256 1762 119 37 Maj:ts
397 1761 129 36 förslag
551 1758 208 39 (punkterna
782 1755 138 35 13—15,
945 1754 61 30 sid.
1027 1751 141 40 30—41)
1194 1752 66 29 och
1281 1750 110 30 under
1413 1747 208 35 hänvisning

115 1813 51 31 till
191 1813 66 30 vad
282 1822 42 20 av
350 1807 380 40 departementschefen
757 1806 133 30 anförts
913 1803 197 31 hemställer
1135 1802 174 34 utskottet,

470 1888 49 27 att
543 1883 184 35 riksdagen
751 1880 58 32 må
831 1881 55 30 för
910 1877 202 37 budgetåret
1138 1877 184 35 1937/1938
1347 1874 119 31 anvisa

471 1934 30 39 a)
532 1935 50 29 till
603 1929 314 39 Ändringsarbeten
941 1939 45 21 m.
1013 1938 44 21 m.
1083 1928 56 30 vid
1165 1925 423 40 folkskoleseminarierna
1614 1923 9 29 i

428 1985 180 37 Göteborg,
636 1983 99 30 Lund
763 1982 64 30 och
857 1980 107 31 Umeå
988 1983 46 26 ctt
1060 1976 350 35 reservationsanslag
1436 1984 41 20 av
1503 1973 119 36 48,500

427 2038 141 33 kronor;

471 2086 34 40 b)
533 2086 51 30 till
605 2082 387 38 Tillbyggnadsarbeten
1013 2080 56 31 vid
1090 2076 372 34 småskoleseminariet
1487 2076 5 29 i
1515 2073 108 38 Lyck-

428 2138 67 31 sele
515 2140 46 27 ett
582 2133 349 36 reservationsanslag
952 2142 41 20 av
1009 2131 118 35 61,000
1146 2130 143 33 kronor;

475 2187 29 39 c)
541 2187 52 30 till
626 2182 314 38 Ändringsarbeten
972 2191 45 22 m.
1050 2190 43 21 m.
1127 2180 56 30 vid
1216 2176 372 33 småskoleseminariet
1616 2175 9 28 i

430 2237 209 31 Härnösand
660 2239 45 26 ett
728 2232 348 35 reservationsanslag
1097 2240 41 20 av
1162 2230 117 35 19,000
1300 2229 139 29 kronor.

165 2374 86 39 11:o)
303 2372 231 35 Ombyggnad
551 2379 42 21 av
614 2377 43 22 en
680 2366 308 36 bostadslägenhet
1009 2364 57 30 vid
1087 2362 172 30 institutet
1282 2361 67 30 och
1367 2360 182 30 förskolan
1571 2357 56 30 för

119 2425 120 31 blinda
260 2422 19 31 å
298 2421 219 31 Tomteboda
535 2429 46 20 m.
600 2428 45 21 m.
688 2419 13 29 I
723 2417 153 36 enlighet
894 2416 81 30 med
991 2415 122 35 Kungl.
1134 2412 118 36 Maj:ts
1273 2411 132 35 förslag
1428 2409 125 39 (punkt
1577 2409 49 33 16,

122 2475 62 30 sid.
206 2472 142 39 41—43)
377 2470 199 31 hemställer
596 2469 175 34 utskottet,

157 2538 109 30 Bihang
287 2538 40 24 till
349 2536 165 30 riksdagens
536 2533 143 32 protokoll
702 2534 73 24 1932.
804 2532 16 23 6
838 2527 75 25 saml.
951 2530 37 24 Nr
1005 2531 38 23 50.
1581 2522 16 23 2

1658 1000 128 26 Utskottet.
