2218 2644
696 193 261 34 Statsutskottets
990 192 175 34 Utlåtande
1192 191 66 33 N:o
1288 193 55 30 29.
1746 188 21 32 5

225 278 138 48 dagen,
392 276 108 48 hade,
531 279 127 34 såsom
686 275 187 50 styrelsen
902 274 71 38 och
997 272 143 51 jemväl
1171 274 98 35 1893
1291 275 60 33 års
1364 269 339 52 jernvägskomité,
1723 269 99 37 före-

225 330 128 48 slagit,
382 329 176 50 upptagit
585 328 136 49 högsta
749 326 244 38 löneklassen
1020 326 60 36 för
1108 323 289 39 stationskarlar
1421 323 57 37 till
1500 324 72 35 660
1592 323 151 45 kronor,
1764 321 59 37 för

225 381 213 38 banvakter
467 380 57 37 till
554 382 73 35 600
656 380 141 36 kronor
826 379 71 37 och
925 379 59 36 för
1011 392 51 22 nu
1090 376 290 50 ifrågavarande
1400 374 348 50 maskinbetjening
1766 373 58 37 till

228 436 73 34 720
344 434 151 47 kronor,
536 432 224 48 hvarjemte,
796 431 11 36 i
837 431 171 49 enlighet
1036 430 86 36 med
1150 429 100 37 hvad
1283 430 95 35 1893
1408 431 60 33 års
1492 425 331 51 jernvägskomité

225 485 184 48 förordat,
437 485 230 48 föreslagits,
697 489 55 31 att
781 482 258 47 stationskarl,
1069 482 155 36 hvilken
1252 479 255 51 tjenstgjorde
1537 482 124 33 såsom
1681 477 143 49 signal-

226 537 95 47 karl,
364 536 193 38 vexelkarl
595 536 91 37 eller
724 534 276 49 magasinskarl
1039 534 63 37 vid
1131 538 120 32 större
1282 532 151 46 station,
1463 531 121 36 skulle
1612 530 127 37 kunna
1768 543 57 23 er-

226 589 100 37 bålla
364 594 53 32 ett
453 587 318 50 tilläggsarfvode
810 588 96 36 efter
939 587 116 48 högst
1084 587 47 35 60
1160 585 142 36 kronor
1329 585 58 35 för
1415 587 51 33 år.
1522 583 133 36 Denna
1683 581 141 49 Kongl.

226 642 128 48 Maj:ts
393 641 280 48 framställning
709 639 98 37 hade
840 639 158 37 bifallits
1031 638 42 37 af
1106 637 232 49 Riksdagen,
1367 635 85 37 med
1480 635 196 48 undantag
1704 634 41 36 af
1770 638 56 32 att

227 694 143 49 högsta
403 693 172 37 arfvodet
608 693 59 36 för
695 692 179 46 banvakt,
903 690 87 37 med
1019 689 208 49 anledning
1255 689 41 37 af
1320 688 115 37 väckt
1463 687 154 47 motion,
1647 686 42 37 af
1713 686 111 36 Riks-

228 746 127 49 dagen
382 745 175 49 uppförts
586 744 85 37 med
700 745 74 35 660
803 744 151 36 kronor.

333 797 112 37 Detta
478 796 240 49 Riksdagens
747 796 125 36 beslut
898 795 12 36 i
938 794 180 49 förening
1146 793 86 36 med
1261 793 72 36 den
1362 790 294 50 omständighet,
1687 795 56 31 att
1772 794 55 32 ett

227 850 103 36 inom
368 849 219 48 Riksdagen
623 847 186 38 likaledes
838 847 114 36 väckt
979 846 148 48 förslag
1155 859 59 22 om
1243 844 222 48 förhöjning
1493 843 42 36 af
1561 841 265 38 stationskarls

229 901 312 37 maximiarfvode
570 900 84 36 med
682 903 64 33 två
773 899 238 37 löneklasser
1039 898 97 37 varit
1163 902 91 31 nära
1274 902 55 31 att
1349 896 140 37 erhålla
1517 894 190 49 majoritet
1724 894 103 36 inom

227 953 233 49 Riksdagen,
502 952 97 37 hade
639 951 191 37 föranledt
872 951 190 48 styrelsen
1103 954 54 32 att
1199 949 73 37 den
1315 951 47 34 20
1399 947 199 37 december
1637 948 96 35 1897
1769 945 57 36 till

230 1006 139 49 Kongl.
402 1005 108 49 Maj:t
542 1005 90 47 ingå
664 1004 87 36 med
785 1002 240 47 hemställan,
1055 1007 55 31 att
1138 1000 327 38 maximiarfvodet
1494 999 59 36 för
1582 997 244 38 stationskarl

229 1061 117 34 måtte
383 1057 227 37 bestämmas
647 1055 57 37 till
743 1057 73 35 720
851 1055 155 44 kronor;
1038 1054 69 37 och
1135 1053 96 37 hade
1261 1053 73 36 den
1362 1051 292 48 framställning,
1684 1050 141 48 Kongl.

230 1110 108 49 Maj:t
373 1109 12 36 i
422 1109 134 37 sådant
582 1107 219 38 hänseende
831 1107 135 49 gjorde
995 1106 70 37 hos
1096 1107 96 35 1898
1224 1108 61 34 års
1313 1103 184 50 Riksdag,
1523 1102 142 50 jemväl
1693 1101 135 37 vunnit

230 1161 239 49 Riksdagens
498 1160 118 37 bifall.

338 1213 147 37 Genom
516 1214 95 35 1897
643 1212 69 36 och
734 1213 98 34 1898
854 1215 110 33 årens
983 1210 235 48 Riksdagars
1237 1208 126 38 beslut
1382 1208 97 36 hade
1499 1205 330 38 maximiarfvodet

231 1266 60 37 för
328 1266 47 35 de
412 1270 102 31 stora
550 1276 219 37 grupperna
803 1263 43 36 af
869 1262 107 49 lägre
1005 1262 91 36 ban-
1125 1261 68 37 och
1222 1259 315 49 trafikbetjening
1564 1258 110 36 alltså
1703 1257 127 36 blifvit

232 1317 195 37 faststäldt
455 1330 47 23 en
531 1316 104 36 klass
663 1315 133 49 högre,
826 1320 49 30 än
903 1314 102 36 hvad
1017 1313 190 49 styrelsen
1228 1315 40 33 år
1290 1314 96 34 1892
1416 1314 124 33 såsom
1568 1309 105 49 regel
1688 1309 141 48 ifråga-

233 1374 76 32 satt
345 1369 71 36 och
453 1367 141 49 Kongl.
625 1367 106 48 Maj:t
759 1367 12 35 i
799 1364 592 51 löneregleringspropositionen
1419 1362 58 36 till
1508 1364 95 35 1897
1634 1364 59 33 års
1720 1361 110 35 Riks-

233 1422 77 48 dag
351 1420 209 49 föreslagit.
615 1418 74 37 Vid
730 1418 136 37 sådant
902 1417 235 37 förhållande
1165 1416 98 37 hade
1292 1416 64 36 det
1384 1420 109 43 synts
1523 1413 187 50 styrelsen
1738 1413 92 35 böra

232 1479 112 42 tagas
378 1472 12 37 i
422 1470 297 50 öfvervägande,
748 1469 187 38 huruvida
962 1470 85 36 icke
1076 1468 221 48 förhöjning
1324 1467 142 37 meden
1482 1465 191 37 löneklass
1684 1464 146 50 jemväl

234 1525 59 36 för
313 1524 114 37 ofvan
442 1523 247 37 omförmälda
709 1527 104 32 stora
832 1536 124 35 grupp
972 1521 43 36 af
1025 1521 107 48 lägre
1148 1519 352 50 maskinbetjening
1514 1518 117 36 borde
1648 1530 72 36 ega
1734 1530 95 23 rum.

339 1576 73 37 Till
448 1576 85 37 stöd
570 1575 58 36 för
661 1588 47 23 en
736 1574 107 50 dylik
878 1573 225 49 förhöjning
1130 1572 40 37 af
1194 1572 226 36 lokomotiv-
1450 1570 72 37 och
1550 1573 279 45 vagnputsares

235 1634 98 31 samt
373 1641 201 36 pumpares
617 1626 69 37 och
728 1626 179 36 kolvakts
943 1625 312 36 maximiarfvode
1283 1624 123 36 talade
1433 1623 86 36 icke
1548 1621 161 37 allenast
1737 1633 92 36 nyss

237 1680 167 48 antydda
431 1679 252 46 förhållande,
712 1682 57 32 att
798 1677 231 48 ställningen
1047 1676 179 36 inbördes
1245 1676 12 35 i
1275 1673 395 38 arfvodeshänseende
1690 1672 138 36 mellan

236 1732 46 36 de
312 1736 101 32 stora
440 1743 218 37 grupperna
685 1730 41 36 af
751 1729 108 48 lägre
888 1729 103 45 ban-,
1021 1728 164 36 maskin-
1205 1728 72 35 och
1296 1725 290 49 trafikpersonal
1606 1724 224 48 derigenom

236 1783 123 37 skulle
400 1782 118 37 blifva
559 1782 217 36 densamma
820 1794 79 23 som
941 1779 142 49 Kongl.
1119 1779 125 48 Maj:ts
1279 1778 234 49 proposition
1556 1776 56 36 till
1644 1777 95 35 1897
1772 1777 59 34 års

235 1835 171 48 Riksdag
445 1839 169 44 upptoge
655 1833 12 36 i
709 1832 171 49 enlighet
915 1831 85 37 med
1036 1831 99 36 hvad
1169 1830 104 36 såväl
1307 1829 186 49 styrelsen
1527 1841 80 23 som
1644 1829 97 35 1893
1772 1829 59 34 års

233 1886 330 49 jernvägskomité
592 1884 211 49 föreslagit.
859 1883 150 37 Jemväl
1039 1897 50 22 nu
1117 1882 166 37 rådande
1311 1880 263 38 förhållanden
1602 1883 48 45 på
1670 1879 73 36 den
1764 1878 67 36 all-

237 1944 140 31 männa
404 1937 233 37 industriella
667 1935 365 38 arbetsmarknaden
1060 1935 100 36 inom
1188 1933 131 37 landet
1339 1955 47 4 —
1407 1931 273 46 förhållanden,
1701 1930 131 36 hvilka

236 1990 84 37 icke
362 1989 125 36 kunde
529 2002 110 23 anses
672 2001 89 23 vara
798 1988 41 36 af
870 1988 133 35 endast
1031 1986 259 49 öfvergående
1320 1990 56 31 art
1403 2006 49 5 —
1481 1989 129 43 syntes
1638 1982 193 48 nemligen

236 2047 95 43 göra
374 2055 46 22 en
462 2041 221 48 förhöjniug
724 2040 42 35 af
798 2040 74 35 den
904 2039 291 48 ifrågavarande
1229 2035 399 50 maskinpersonalens
1662 2033 170 48 aflöning

238 2093 170 47 behöflig
435 2092 68 36 och
532 2091 167 49 lämplig.
756 2090 58 36 Då
842 2090 189 48 styrelsen
1061 2092 40 33 år
1133 2091 94 34 1892
1259 2088 109 48 afgaf
1393 2088 64 35 sitt
1485 2087 142 47 förslag
1651 2086 56 35 till
1728 2086 104 35 löne-

239 2144 206 48 reglering,
482 2143 98 36 bade
615 2144 32 46 ej
687 2141 145 37 mindre
875 2141 128 48 prisen
1045 2146 48 43 på
1133 2139 365 38 lifsförnödenheter
1536 2138 68 35 och
1633 2136 123 49 dylikt
1784 2141 48 30 än

240 2196 114 36 äfven
384 2195 45 36 de
458 2194 185 36 allmänna
674 2193 285 37 arbetslönerna
977 2192 99 36 varit
1096 2191 188 48 betydligt
1302 2190 106 49 lägre
1428 2195 50 30 än
1497 2189 58 36 för
1575 2187 256 45 närvarande;

241 2248 70 36 och
341 2247 114 48 ingen
484 2259 126 23 annan
638 2259 123 35 grupp
791 2245 41 35 af
857 2244 73 36 den
952 2243 187 37 ordinarie
1154 2241 413 49 jernvägspersonalen
1583 2240 106 36 torde
1707 2239 126 36 kunna

242 2312 111 24 anses
381 2301 56 34 stå
465 2298 46 36 de
540 2297 193 49 egentliga
762 2296 363 36 industriarbetarne
1154 2299 172 32 närmare
1355 2294 69 36 och
1452 2298 90 43 taga
1561 2305 101 23 mera
1681 2290 150 50 intryck
