1888 2846
490 153 318 32 Bankoutskottets
832 153 187 32 utlåtande
1043 153 53 32 Nr
1126 152 52 32 60.
1511 152 40 30 51

234 229 134 37 Kungl.
395 229 130 37 Maj:ts
550 230 155 38 förslag:
1072 230 200 33 Utskottets
1298 230 154 37 förslag:

249 283 91 31 dock
365 284 55 30 att
446 283 56 31 för
527 283 221 37 överläkare,
773 293 75 21 som
875 283 121 32 tillika
1020 286 41 29 är
1086 283 181 37 professor
1292 283 12 31 i
1331 282 178 38 psykiatri
1536 281 62 32 vid

209 335 215 32 universitet
456 335 87 32 eller
572 335 62 32 vid
661 335 210 32 karolinska
899 335 366 37 mediko-kirurgiska
1294 335 192 36 institutet,
1515 344 81 27 pen-

210 387 309 37 sionsunderlaget
543 387 93 32 skall
659 389 130 35 utgöra
813 387 90 36 7,500
927 387 131 32 kronor
1083 387 65 32 och
1173 386 342 38 pensionsavdraget
1538 387 59 31 450

211 439 141 37 kronor,

91 491 57 32 för
168 491 357 38 lantbruksingenjör
574 515 669 8 ..........se.ssoosssrrsssrsrorsreröra
1269 492 78 31 26:e
1368 491 216 37 lönegraden

113 556 14 16 »
172 543 264 32 länsveterinär
492 568 748 9 v......ssscsccsssssssetrsrr
991 539 53 46 rss
1054 539 30 46 sr
1095 539 49 46 rer
1155 539 27 46 os
1201 539 41 46 st
1267 545 78 30 22:a
1469 556 13 17 »

114 642 14 16 >
177 631 316 36 lokomotivförare
518 632 73 31 13:e
615 631 95 32 löne-

221 685 131 35 graden

115 747 14 16 >»
179 736 315 31 lokomotiveldare
537 738 52 29 8:e
612 736 96 32 löne-

222 781 142 35 graden.

130 858 72 31 För
226 858 245 37 lotspersonal,
496 858 217 32 tillhörande
735 859 74 30 10:e
834 858 226 36 lönegraden,
1083 858 108 36 utgör
1216 856 378 37 pensionsunderlaget

90 910 90 36 2,640
203 910 131 32 kronor
358 911 57 31 för
436 920 84 21 man
544 911 65 31 och
630 910 90 37 2,436
742 910 131 31 kronor
899 910 56 31 för
977 909 136 32 kvinna
1136 910 93 30 samt
1252 908 344 38 pensionsavdraget

91 961 59 32 102
164 962 141 32 kronor.
340 962 71 32 För
428 962 102 37 övrig
546 962 236 37 lotspersonal
799 962 101 31 skola
915 961 181 37 tillämpas
1111 962 44 31 de
1172 961 342 37 pensionsunderlag
1530 960 66 32 och

91 1013 317 38 pensionsavdrag,
429 1024 75 22 som
525 1014 98 37 gälla
645 1014 56 31 för
723 1012 173 38 lönegrad
915 1014 160 31 närmast
1097 1013 111 37 högre
1230 1015 46 29 än
1298 1013 78 37 den,
1397 1012 57 32 till
1473 1012 122 31 vilken

91 1066 266 32 vederbörande
380 1066 204 37 befattning
607 1066 75 31 hör.

131 1118 29 32 3.
183 1118 71 32 För
270 1118 118 32 nedan
406 1118 169 37 angivna,
593 1118 58 31 till
668 1118 75 31 viss
761 1117 173 38 lönegrad
951 1118 34 36 ej
1004 1117 209 37 hänförliga
1232 1117 249 36 befattningar
1498 1116 100 32 skola

92 1170 184 37 tillämpas
301 1170 161 37 följande
484 1170 344 36 pensionsunderlag
854 1170 66 31 och
944 1168 319 38 pensionsavdrag:

132 1223 58 31 för
216 1222 219 37 justitieråd,
462 1222 254 37 regeringsråd
743 1222 64 32 och
834 1221 277 37 landshövding:
1139 1220 343 38 pensionsunderlag
1509 1220 90 36 9,996

91 1274 133 32 kronor
243 1275 64 32 och
326 1274 306 37 pensionsavdrag
654 1274 57 32 600
732 1274 141 37 kronor,

133 1327 58 31 för
215 1327 109 32 förste
346 1326 340 37 provinsialläkare:
712 1325 342 38 pensionsunderlag
1078 1326 90 36 6,996
1189 1326 132 31 kronor
1345 1325 58 32 för
1426 1335 84 21 man
1533 1324 66 33 och

93 1378 89 37 6,684
200 1379 130 31 kronor
350 1379 57 31 för
427 1378 137 31 kvinna
581 1379 94 31 samt
695 1378 306 36 pensionsavdrag
1022 1378 59 31 420
1102 1378 141 36 kronor,

133 1431 58 32 för
213 1430 339 37 provinsialläkare:
583 1430 345 37 pensionsunderlag
955 1430 86 36 6,036
1068 1430 134 31 kronor
1228 1429 56 32 för
1308 1439 85 22 man
1418 1429 66 31 och
1508 1428 91 37 5,724

92 1482 133 32 kronor
249 1483 54 32 för
324 1482 139 31 kvinna
485 1483 92 30 samt
599 1481 306 37 pensionsavdrag
926 1481 58 31 354
1004 1481 141 37 kronor,
1169 1484 168 29 ävensom

133 1534 58 33 för
212 1533 364 33 distriktsveterinär:
601 1533 345 37 pensionsunderlag
970 1533 87 37 3,924
1079 1533 132 31 kronor
1235 1533 57 31 för
1314 1542 85 22 man
1421 1532 66 32 och
1510 1531 89 37 3,684

93 1586 131 32 kronor
245 1587 55 31 för
321 1586 138 32 kvinna
480 1587 92 29 samt
594 1584 306 38 pensionsavdrag
922 1585 58 30 192
1001 1585 141 31 kronor.

801 1723 39 32 19
860 1722 29 37 $.

134 1786 76 31 Där
237 1785 33 37 ej
297 1786 56 31 för
382 1785 74 31 viss
483 1784 206 37 befattning
718 1793 121 22 annan
866 1783 269 38 pensionsålder
1164 1783 148 37 angives
1341 1783 13 32 i
1383 1783 68 32 den
1479 1783 116 31 såsom

91 1836 125 37 bilaga
239 1836 30 31 B
294 1837 57 31 till
375 1836 101 32 detta
499 1836 216 37 reglemente
742 1835 128 38 fogade
898 1835 403 37 åldersförteckningen,
1327 1834 163 32 inträder
1516 1844 82 27 pen-

92 1889 225 32 sionsåldern
342 1888 63 32 vid
432 1889 183 35 utgången
641 1898 47 20 av
715 1886 67 33 den
807 1887 144 36 månad,
978 1886 112 32 under
1118 1886 121 31 vilken
1265 1886 220 36 tjänsteman
1511 1895 89 27 upp-

95 1942 68 30 når
182 1940 116 32 nedan
316 1940 162 37 angivna
496 1938 265 33 levnadsålder:

94 2002 30 30 1.
160 2001 71 31 För
252 2000 215 37 justitieråd,
491 1999 245 37 regeringsråd
760 1999 65 31 och
849 1998 259 37 landshövding
1140 2022 296 4 ===
1485 1998 40 30 65
1549 1999 40 30 år

95 2055 30 29 2.
160 2053 71 32 För
254 2053 216 37 tjänstemän
493 2053 61 30 vid
577 2051 435 37 provinsialläkarstaten:

205 2105 308 37 provinsialläkare
564 2128 92 4 ......
816 2127 594 5 :
1504 2102 10 31 :

205 2158 104 31 förste
331 2157 312 37 provinsialläkare
960 2180 66 4 örtestr
1056 2180 2 2 sti
1102 2180 22 4 sara
1188 2179 46 5 reser
1482 2155 39 30 65
1560 2166 14 16 »

96 2210 29 31 3.
162 2210 71 31 För
255 2209 340 32 distriktsvetertinär
640 2234 80 4 .........
816 2234 2 2 é
960 2232 98 4 essä
1168 2232 34 2 säs
1408 2232 12 2 --
1481 2206 40 31 63
1560 2217 13 17 »

97 2263 29 29 4.
163 2262 71 31 För
258 2262 216 36 tjänstemän
496 2262 60 30 vid
580 2261 83 31 lots-
687 2260 65 31 och
775 2260 195 36 fyrstaten:

204 2313 220 36 tjänstemän,
449 2312 209 31 tillhörande
676 2311 247 36 lönegraderna
948 2312 104 29 1—10
1074 2307 26 46 =—
1124 2336 88 2 co...
1310 2336 2 2 .
1482 2310 40 30 60
1561 2321 13 16 »

310 2376 13 16 >
532 2376 13 16 »
776 2375 13 15 >
932 2358 127 45 11-—13
1168 2388 2 2 .
1482 2362 39 30 65
1562 2373 13 16 »
