1880 2838
328 161 42 31 60
688 160 317 33 Bankoutskottets
1033 159 185 33 utlåtande
1244 159 54 32 Nr
1325 158 51 31 60.

429 237 135 38 Kungl.
591 238 128 36 Maj:ts
744 236 154 37 förslag:

286 291 89 37 ning
398 301 44 21 av
466 291 44 31 de
534 290 58 36 för
617 290 125 31 honom
768 288 217 32 omedelbart

286 342 79 36 före
403 342 250 38 reglementets
693 341 292 36 ikraftträdande

286 393 167 37 gällande
487 393 256 38 stadgandena,
779 393 58 32 må
871 392 115 32 såsom

287 445 155 36 tjänstår
472 446 59 35 för
562 445 265 32 bestämmande
858 454 44 22 av
931 444 54 32 be-

287 497 119 37 loppet
444 507 45 21 av
525 497 149 37 pension
712 496 87 32 eller
826 507 45 21 av
899 506 86 27 upp-

289 549 145 36 skjuten
466 549 162 31 livränta
657 548 136 38 jämväl
824 548 160 37 tillgodo-

287 601 123 35 räkna,
428 610 57 22 om
504 600 414 37 avgångsskyldigheten
934 600 52 31 in-

289 652 120 31 träder
439 652 78 36 före
546 652 69 31 den
643 654 16 29 1
688 652 70 37 juli
789 654 88 34 1938,
906 651 80 32 hela

286 704 69 31 den
373 704 60 36 tid,
450 704 150 31 varmed
616 704 293 37 pensionsåldern
923 703 63 32 bli-

286 756 55 30 vit
358 765 125 27 genom
501 756 248 36 reglementets
768 755 218 32 bestämmel-

287 816 57 22 ser
381 807 152 37 nedsatt,
571 817 56 21 om
666 807 321 37 avgångsskyldig-

287 858 106 32 heten
419 859 163 31 inträder
610 859 112 32 under
750 859 100 31 tiden
874 861 16 29 1
917 859 71 37 juli

287 912 157 30 1938—30
460 912 83 36 juni
560 913 78 30 1939
654 911 157 31 nämnda
830 911 52 31 tid
899 911 88 31 min-

287 962 90 31 skad
415 963 79 31 med
533 965 52 29 ett
626 963 50 36 år,
715 973 58 21 om
812 963 175 37 avgångs-

287 1014 252 37 skyldigheten
563 1015 161 31 inträder
748 1015 116 31 under
890 1015 98 31 tiden

287 1068 17 28 1
323 1066 69 36 juli
412 1068 159 30 1939—30
588 1067 80 36 juni
685 1068 77 30 1940
781 1077 136 21 samma
935 1066 52 31 tid

287 1118 164 31 minskad
471 1118 81 31 med
573 1119 59 31 två
651 1119 41 31 år
709 1119 64 31 och
794 1118 41 31 så
854 1118 133 32 vidare.

1264 235 199 34 Utskottets
1489 234 154 38 förslag:

1126 1161 27 29 2.
1185 1159 226 32 Innehavare
1439 1169 45 22 av
1516 1159 273 37 domarämbete,

1087 1211 120 31 vilken
1236 1211 47 37 på
1310 1211 117 37 grund
1457 1221 45 21 av
1534 1211 214 38 stadgandet
1776 1212 13 30 i

1087 1264 38 29 12
1143 1262 20 37 $
1180 1265 16 29 1
1216 1272 104 23 mom.
1338 1262 36 37 a)
1395 1264 41 30 är
1455 1263 146 38 skyldig
1620 1265 54 29 att
1693 1262 96 38 avgå

1086 1313 83 37 från
1194 1315 159 36 tjänsten
1375 1315 78 36 före
1477 1315 69 31 den
1568 1317 17 29 1
1609 1315 70 37 juli
1700 1317 88 34 1938,

1087 1366 85 36 äger
1189 1357 90 40 utan
1300 1366 127 32 hinder
1448 1377 46 21 av
1517 1367 157 31 nämnda
1693 1367 95 31 stad-

1086 1418 115 36 gande
1224 1418 150 31 kvarstå
1398 1420 14 30 i
1439 1418 114 37 tjänst
1581 1419 98 31 intill
1705 1418 84 38 fyll-

1087 1469 46 31 da
1159 1470 176 31 sextionio
1361 1469 50 33 år.

1126 1520 226 33 Innehavare
1368 1532 45 21 av
1432 1522 273 37 domarämbete,
1722 1522 66 32 vil-

1086 1573 68 30 ken
1172 1573 47 37 på
1236 1574 120 36 grund
1373 1584 45 21 av
1436 1574 237 36 omförmälda
1693 1574 95 33 stad-

1087 1625 115 36 gande
1238 1626 42 30 är
1319 1625 143 38 skyldig
1501 1628 54 29 att
1584 1626 93 37 avgå
1702 1625 87 37 från

1089 1676 157 36 tjänsten
1260 1677 115 31 under
1393 1677 97 31 tiden
1502 1679 18 29 1
1533 1678 70 37 juli
1631 1680 160 29 1938—30

1086 1729 80 35 juni
1181 1731 86 34 1939,
1283 1730 86 36 äger
1384 1731 89 29 utan
1488 1729 130 32 hinder
1632 1740 45 22 av
1692 1730 96 31 stad-

1087 1780 131 37 gandet
1234 1781 150 31 kvarstå
1398 1783 14 30 i
1428 1782 114 36 tjänst
1557 1782 98 32 intill
1670 1781 119 38 fyllda

1087 1832 193 31 sextioåtta
1301 1833 50 31 år.

1125 1886 28 29 3.
1185 1884 78 31 Har
1288 1894 121 22 annan
1433 1885 184 31 ordinarie
1643 1885 146 36 tjänste-

1086 1945 84 21 man
1191 1938 47 29 än
1262 1938 13 30 t
1297 1937 115 36 punkt
1434 1939 18 29 2
1477 1936 68 32 här
1569 1946 94 22 ovan
1686 1946 104 23 avses

1085 1997 125 27 genom
1242 1988 249 37 reglementets
1524 1988 264 33 bestämmelser

1087 2039 71 36 fått
1174 2039 67 32 den
1257 2040 58 36 för
1330 2040 128 31 honom
1474 2041 219 31 omedelbart
1710 2041 80 36 före

1087 2090 250 37 reglementets
1348 2092 292 36 ikraftträdande
1651 2093 137 37 gällan-

1087 2142 42 31 de
1148 2143 293 36 pensionsåldern
1461 2144 143 32 nedsatt
1625 2145 78 31 med
1726 2145 64 31 två

1086 2194 42 32 år
1146 2194 85 32 eller
1249 2205 99 21 mera
1363 2195 65 32 och
1439 2197 41 30 är
1492 2196 74 31 han
1578 2196 142 38 skyldig
1733 2199 55 29 att

1086 2246 93 38 avgå
1201 2246 85 37 från
1311 2248 157 36 tjänsten
1489 2248 78 36 före
1588 2248 67 31 den
1678 2251 16 29 1
1719 2249 71 36 juli

1086 2299 87 35 1938,
1192 2298 94 31 skall
1305 2298 58 36 för
1381 2298 129 32 honom
1529 2300 98 37 gälla
1645 2310 44 21 en
1707 2310 83 27 pen-

1087 2349 207 37 sionsålder,
1313 2360 74 22 som
1407 2351 80 32 med
1508 2352 162 37 följande
1689 2353 102 30 antal

1087 2402 41 31 år
1171 2402 198 37 överstiger
1414 2403 68 31 den
1520 2405 13 30 i
1559 2404 231 37 reglementet

1087 2453 172 37 stadgade
1281 2455 305 37 pensionsåldern,
1608 2456 182 37 nämligen
