1886 2846
507 157 317 34 Bankoutskottets
851 155 188 33 utlåtande
1065 154 53 32 Nr
1145 153 52 31 60.
1523 149 39 30 37

103 238 169 37 lämpligt
294 238 54 31 att
368 237 114 32 under
504 246 45 21 en
569 235 156 32 särskild
746 234 194 35 avdelning
962 234 13 30 i
997 232 108 31 slutet
1127 241 46 21 av
1193 230 231 37 reglementet
1446 229 160 36 upptaga

99 290 238 36 erforderliga
369 287 474 38 övergångsbestämmelser.
895 285 67 31 Hit
994 285 94 30 hava
1117 283 231 36 överflyttats
1378 281 99 31 vissa
1507 280 93 32 stad-

105 343 143 36 ganden
265 351 46 21 av
328 341 310 36 övergångsnatur
656 340 13 30 i
686 340 28 35 1,
730 339 18 30 2
767 339 64 31 och
849 339 37 29 15
904 336 40 36 $$
963 347 45 21 av
1027 336 134 35 Kungl.
1179 334 128 36 Maj:ts
1323 334 137 35 förslag
1481 332 124 37 (punk-

104 398 104 28 terna
229 395 28 36 1,
279 394 20 30 4
321 394 64 30 och
406 392 44 36 5).
494 392 182 31 Utskottet
699 391 66 30 har
789 388 199 33 emellertid
1010 388 117 31 ansett
1152 387 97 31 vissa
1270 385 215 38 ytterligare
1509 387 96 28 över-

101 445 382 38 gångsbestämmelser
510 454 88 21 vara
621 442 247 36 erforderliga.
914 441 19 31 I
959 440 129 32 sådant
1116 438 200 32 hänseende
1343 438 57 30 får
1428 436 174 31 utskottet

106 498 130 32 anföra
260 496 169 37 följande.

142 550 168 31 Punkten
331 551 28 29 2.
390 548 127 36 Enligt
539 548 19 30 2
582 546 18 37 $
632 548 8 29 2
664 555 103 23 mom.
791 544 36 36 b)
850 547 59 29 må
931 544 164 31 arbetare
1119 544 117 30 såsom
1259 542 156 36 tjänstår
1440 540 162 37 tillgodo-

104 602 116 31 räkna
248 603 64 30 två
340 600 216 36 tredjedelar
584 610 45 20 av
657 599 68 31 den
751 598 53 31 tid
832 597 113 31 under
975 596 120 31 vilken
1121 595 83 37 han,
1233 594 111 31 innan
1372 593 235 36 reglementet

106 655 82 30 blev
213 653 212 36 tillämpligt
451 653 22 30 å
497 652 138 35 honom,
662 652 89 29 utan
778 648 232 37 avgiftsplikt
1037 648 57 31 för
1120 655 88 28 egen
1233 645 252 38 pensionering
1511 644 97 31 inne-

104 707 81 31 haft
213 704 316 36 statsanställning
558 714 45 20 av
630 701 250 33 beskaffenhet
908 701 66 31 och
1003 700 113 31 under
1145 697 318 37 förutsättningar,
1492 707 73 21 som
1592 696 13 31 i

103 760 18 29 1
142 757 18 37 $
181 760 93 34 sägs.
312 757 108 31 Detta
440 755 198 36 stadgande
657 753 124 37 skulle,
802 753 79 31 med
902 753 143 35 hänsyn
1064 751 56 31 till
1139 751 42 31 de
1202 751 13 30 i
1245 751 9 29 1
1275 749 17 36 $
1314 750 160 35 angivna
1493 749 109 31 förut-

104 809 255 36 sättningarna
378 809 57 30 för
454 807 252 38 pensionsrätt,
724 806 123 30 kunna
865 804 164 32 medföra
1049 802 263 36 inskränkning
1333 802 12 31 i
1366 802 68 31 den
1454 801 75 31 rätt
1548 799 57 32 till

106 860 388 39 tjänstårsberäkning,
525 869 75 21 som
626 858 114 37 enligt
770 857 265 36 reglementena
1065 855 57 31 för
1152 853 244 38 nyssnämnda
1426 852 179 38 pensions-

110 915 123 31 kassor
260 914 56 31 för
343 911 275 33 iecke-ordinarie
645 910 167 37 personal
840 909 61 31 vid
927 907 293 38 telegrafverket,
1249 908 135 29 statens
1410 906 201 36 järnvägar

109 967 65 31 och
199 966 137 30 statens
361 963 303 33 vattenfallsverk
688 962 218 31 tillkommer
933 961 166 31 arbetare
1122 959 82 31 med
1230 958 237 37 delägarskap
1495 957 12 31 i
1533 957 76 30 kas-

103 1028 116 22 sorna.
249 1018 112 30 Dessa
379 1016 165 31 arbetare
564 1015 38 31 få
621 1024 49 21 nu
688 1014 117 31 såsom
823 1013 158 36 tjänstår
1001 1012 57 31 för
1078 1010 241 37 statspension
1338 1008 268 38 tillgodoräkna

109 1070 81 31 hela
212 1067 344 38 anställningstiden
579 1067 76 31 före
677 1066 68 32 den
768 1067 19 29 1
810 1064 147 37 januari
980 1064 87 31 1918.
1110 1062 83 32 Med
1215 1062 141 36 hänsyn
1380 1061 59 32 till
1465 1061 70 31 vad
1557 1061 53 30 så-

107 1120 111 31 lunda
243 1121 140 30 anförts
409 1118 153 32 föreslår
588 1118 182 35 utskottet,
798 1118 53 29 att
879 1116 174 35 arbetare,
1080 1125 74 20 som
1179 1115 67 30 här
1272 1124 110 26 avses,
1407 1114 60 29 må
1496 1114 115 30 såsom

107 1174 158 36 tjänstår
287 1171 267 38 tillgodoräkna
574 1171 62 31 två
656 1169 216 37 tredjedelar
894 1179 46 20 av
963 1168 68 31 den
1051 1167 55 32 tid
1127 1167 79 31 före
1225 1166 68 32 den
1312 1167 18 30 1
1352 1165 147 37 januari
1520 1165 89 35 1918,

106 1235 77 21 som
208 1225 73 31 han
308 1224 113 37 enligt
447 1224 57 31 för
532 1222 265 32 vederbörande
823 1221 106 31 kassa
959 1219 165 38 gällande
1152 1217 268 33 bestämmelser
1446 1218 63 35 ägt
1536 1216 72 31 till-

110 1277 207 38 godoräkna
337 1277 116 30 såsom
475 1275 167 37 tjänstår,
664 1277 92 28 även
778 1283 56 22 om
856 1271 270 37 anställningen
1147 1271 113 31 under
1281 1270 157 31 nämnda
1457 1269 54 31 tid
1532 1268 79 31 icke

107 1329 163 37 uppfyllt
294 1328 42 31 de
360 1327 316 36 förutsättningar,
700 1336 58 21 om
779 1325 99 32 vilka
900 1325 12 30 i
937 1325 18 30 1
980 1323 19 37 $
1022 1323 179 32 förmäles.

147 1381 168 31 Punkten
339 1382 27 29 3.
398 1379 84 32 Med
507 1379 172 31 avseende
705 1379 22 30 å
752 1378 41 31 de
818 1378 13 30 i
852 1378 18 29 2
896 1376 18 36 $
939 1377 18 30 2
983 1386 103 20 mom.
1111 1374 224 32 innefattade
1360 1373 251 36 stadgandena

108 1443 57 21 om
194 1431 378 37 tjänstårsberäkning
602 1431 56 30 för
687 1429 77 32 ieke
793 1427 271 38 avgiftspliktig
1092 1426 191 37 tjänstetid
1313 1426 75 31 före
1416 1425 193 36 reglemen-

109 1487 70 30 tets
200 1484 292 31 ikraftträdande
513 1483 65 30 har
601 1482 124 30 vidare
744 1481 12 30 i
775 1481 182 30 motionen
977 1480 52 30 II:
1043 1479 59 31 623
1123 1478 216 36 föreslagits,
1362 1478 53 30 att
1437 1477 177 35 arbetare,

109 1547 76 22 som
212 1537 62 31 vid
300 1535 251 37 reglementets
575 1532 290 32 ikraftträdande
892 1531 153 31 innehar
1072 1530 232 36 anställning,
1331 1529 115 30 skulle
1474 1528 137 31 erhålla

111 1590 74 31 rätt
225 1591 55 29 att
321 1588 114 31 räkna
478 1586 149 37 tillgodo
669 1586 72 30 fem
763 1583 210 38 sjättedelar
993 1583 12 30 i
1027 1582 120 32 stället
1169 1582 56 30 för
1247 1583 62 30 två
1330 1580 216 37 tredjedelar
1570 1589 45 21 av

109 1640 68 31 den
197 1638 297 37 anställningstid
513 1638 76 30 före
607 1636 249 37 reglementets
876 1633 302 36 ikraftträdande,
1197 1633 112 31 under
1328 1632 124 31 vilken
1469 1631 145 32 anställ-

111 1691 268 37 ningshavaren
397 1691 78 31 icke
491 1690 82 31 haft
589 1690 53 30 att
658 1689 149 35 erlägga
822 1686 298 37 pensionsavgift.
1160 1685 57 31 Av
1234 1685 43 30 de
1293 1684 321 36 undersökningar,

113 1753 75 22 som
205 1744 97 30 inom
320 1743 174 30 utskottet
513 1740 208 32 verkställts
745 1741 6 30 i
773 1739 194 36 anledning
988 1749 46 20 av
1051 1738 99 30 detta
1168 1737 171 37 yrkande,
1358 1737 67 30 har
1443 1736 174 31 utskottet

112 1794 164 36 bibragts
294 1794 69 31 den
384 1793 292 37 uppfattningen,
696 1793 54 30 att
770 1793 51 30 ett
841 1791 106 31 bifall
967 1791 57 30 till
1047 1789 135 37 Kungl.
1205 1789 127 36 Maj:ts
1354 1788 262 36 förslag
1511 1784 22 50 —
1548 1788 68 36 vil-

113 1847 60 31 ket
194 1847 320 30 överensstämmer
536 1845 79 31 med
635 1844 71 32 vad
726 1842 396 38 pensionssakkunniga
1144 1841 187 36 föreslagit
1360 1859 21 3 —
1395 1840 115 31 skulle
1530 1840 88 30 kun-

108 1907 47 21 na
173 1899 57 30 för
247 1898 96 31 vissa
361 1897 110 31 redan
492 1896 180 32 anställda
689 1896 173 35 arbetare,
879 1904 75 22 som
969 1895 143 29 komma
1129 1895 54 29 att
1200 1894 94 35 avgå
1313 1892 219 31 omedelbart
1550 1891 61 31 vid

116 1949 251 37 reglementets
386 1947 291 32 ikraftträdande
699 1947 87 31 eller
807 1947 97 30 inom
924 1946 66 30 den
1014 1946 181 29 närmaste
1217 1944 97 31 tiden
1333 1944 172 34 därefter,
1526 1942 92 31 med-

114 2003 80 30 föra
218 2001 207 36 minskning
448 2011 46 21 av
518 2001 68 31 den
605 1999 320 37 pensionsförmån,
948 2007 75 22 som
1045 1996 133 31 hittills
1199 1996 125 36 plägat
1347 1994 154 36 beviljas
1524 1994 91 31 efter

114 2053 157 32 särskild
295 2052 178 37 prövning
497 2062 45 21 av
567 2051 134 36 Kungl.
727 2050 109 36 Maj:t
861 2050 65 30 och
949 2049 203 35 riksdagen.
1198 2048 108 30 Detta
1331 2046 112 37 gäller
1469 2045 146 32 särskilt

114 2105 275 36 arbetsförmän,
417 2104 100 30 vilka
543 2103 113 36 enligt
682 2101 293 33 bittillsvarande
1002 2100 124 37 praxis
1152 2100 140 30 kunnat
1317 2098 164 37 påräkna
1507 2099 109 34 något

114 2156 111 36 högre
245 2155 146 37 pension
411 2157 46 28 än
477 2155 128 36 övriga
623 2154 163 31 arbetare
807 2163 79 20 men
907 2152 101 30 vilka
1026 2151 113 36 enligt
1158 2150 177 36 förslaget
1349 2149 99 31 bliva
1467 2149 151 31 likställ-

113 2207 47 30 da
178 2207 81 31 med
275 2206 147 37 vanliga
439 2207 174 30 arbetare.
631 2206 18 31 I
664 2204 194 36 anledning
877 2215 45 20 av
942 2203 69 31 vad
1032 2202 152 31 sålunda
1201 2203 141 30 utrönts
1360 2202 67 30 har
1445 2201 173 31 utskottet

114 2260 93 31 efter
235 2259 250 36 övervägande
514 2258 117 30 ansett
658 2257 55 35 sig
741 2257 87 30 böra
856 2255 143 37 föreslå,
1026 2256 54 30 att
1108 2254 175 35 arbetare,
1309 2263 74 21 som
1411 2253 67 30 hiir
1504 2262 111 25 avses,

115 2313 69 34 må,
201 2320 58 21 om
277 2311 72 30 han
365 2311 114 34 avgår
496 2310 81 30 med
594 2309 74 31 rätt
686 2308 57 30 till
760 2307 148 37 pension
925 2307 76 30 före
1021 2306 67 31 den
1107 2306 18 29 1
1143 2305 147 35 januari
1308 2304 76 30 1945
1403 2304 66 30 och
1488 2303 129 31 därvid

115 2362 80 31 med
216 2361 231 36 tillämpning
470 2371 46 20 av
537 2360 250 36 reglementets
808 2357 266 31 bestämmelser
1097 2356 77 31 icke
1198 2356 72 30 kan
1292 2355 114 31 räkna
1428 2355 39 30 25
1490 2355 126 35 tjänst-

113 2415 51 34 år,
192 2414 59 30 må
279 2423 46 20 av
352 2412 62 36 tid,
438 2412 182 30 varunder
647 2410 71 30 han
746 2410 75 30 före
850 2408 309 31 ikraftträdandet
1186 2406 164 31 innehaft
1376 2406 238 31 statsanställ-

112 2465 89 36 ning
226 2475 46 20 av
296 2463 250 32 beskaffenhet
571 2463 63 31 och
658 2461 113 32 under
797 2459 315 36 förutsättningar,
1136 2468 76 21 som
1237 2458 11 30 i
1274 2459 18 29 1
1318 2457 16 35 $
1361 2467 112 26 avses,
1498 2458 115 29 såsom
