1880 2838
330 163 41 30 44
691 163 315 34 Bankoutskottets
1034 163 187 32 utlåtande
1247 163 53 32 Nr
1327 162 52 31 60.

433 238 132 38 Kungl.
592 239 130 36 Maj:ts
748 239 154 37 förslag:
1269 240 198 32 Utskottets
1494 239 154 37 förslag:

287 293 292 36 tjänstemannen
606 292 222 37 tillämpligt,
854 293 133 31 räknas
1011 293 118 31 såsom
1153 293 156 36 tjänstår
1336 292 126 31 endast
1488 293 12 30 i
1524 293 69 31 den
1618 293 85 31 mån
1729 293 57 31 för

287 344 114 32 sådan
423 344 54 31 tid
500 344 136 37 erlagts
661 344 117 37 avgift
802 344 57 31 för
881 343 389 38 tjänstepensionering
1294 344 60 31 till
1378 354 46 21 av
1447 345 119 30 staten
1588 344 198 37 upprättad

286 396 88 31 eller
394 395 218 32 understödd
630 395 314 37 pensionsanstalt,
963 395 256 37 pensionsfond
1239 395 86 31 eller
1345 395 284 37 pensionskassa.

996 522 74 38 55.

326 602 28 30 1.
397 600 152 33 Pension
571 602 58 31 till
649 601 125 38 belopp
797 602 57 31 för
875 603 41 29 år
940 602 138 36 räknat,
1099 611 76 22 som
1195 602 162 36 framgår
1376 612 46 20 av
1441 601 99 32 detta
1560 602 229 36 reglemente,

285 653 121 37 utgår,
426 653 67 32 där
515 654 31 36 ej
570 652 227 32 annorlunda
815 654 13 31 i
850 653 231 37 reglementet
1101 653 156 37 stadgas,
1278 653 84 31 från
1384 653 64 31 och
1468 653 80 31 med
1567 653 118 37 dagen
1705 655 81 29 näst

287 705 93 31 efter
400 705 78 35 den,
499 705 47 31 då
568 705 146 36 avgång
737 705 82 31 från
839 705 160 37 tjänsten
1020 706 63 36 ägt
1105 714 91 26 rum,
1221 704 56 32 till
1300 705 65 31 och
1389 704 79 32 med
1487 704 69 32 den
1577 705 82 36 dag,
1679 704 47 32 då
1746 714 44 22 en

286 756 134 32 månad
441 756 161 32 förflutit
624 756 94 32 efter
737 756 335 37 pensionstagarens
1096 755 181 32 frånfälle.

326 808 74 32 Vid
426 808 232 37 tillämpning
686 818 45 21 av
756 808 100 32 detta
884 807 195 37 stadgande
1106 808 190 36 iakttages,
1323 809 55 30 att
1404 807 60 32 det
1490 808 56 31 för
1575 807 100 32 tiden
1701 807 95 32 efter

286 860 340 36 pensionstagarens
653 859 170 32 frånfälle
850 859 177 37 utgående
1053 859 332 37 pensionsbeloppet
1413 860 76 31 icke
1516 861 61 29 må
1605 860 182 37 överstiga

288 911 217 32 femhundra
526 910 144 32 kronor.

328 962 29 31 2.
400 961 237 39 Utbetalning
665 973 46 21 av
735 963 147 36 pension
909 963 81 31 sker
1013 963 208 31 månadsvis
1246 963 12 30 i
1285 962 189 32 efterskott
1499 962 116 37 enligt
1640 962 42 31 de
1707 965 82 28 när-

286 1024 100 22 mare
409 1014 277 37 bestämmelser,
711 1025 73 22 som
808 1015 181 31 meddelas
1014 1025 45 21 av
1085 1014 136 37 Kungl.
1246 1014 124 36 Maj:t;
1399 1013 265 32 vederbörande
1689 1023 99 27 myn-

286 1065 126 37 dighet
441 1065 113 32 likväl
584 1066 164 37 obetaget
777 1068 54 30 att
862 1067 93 31 efter
985 1066 337 40 pensionstagarens
1354 1065 171 32 frånfälle
1557 1065 234 32 förskottsvis

287 1117 163 32 utbetala
473 1118 226 32 återstående
723 1118 302 37 pensionsbelopp.

1002 1247 18 30 6
1045 1245 28 36 $.

327 1322 28 31 1.
398 1322 139 33 Varder
562 1323 220 37 tjänsteman
805 1323 110 32 dömd
938 1323 56 32 till
1018 1323 211 37 avsättning
1256 1323 87 31 eller
1369 1323 57 31 till
1454 1323 90 37 följd
1570 1333 47 21 av
1642 1323 150 37 tjänste-

288 1374 50 33 fel
356 1375 97 32 skild
475 1376 82 30 från
579 1376 170 37 tjänsten,
767 1376 60 31 må
846 1376 74 31 han
940 1376 32 36 ej
994 1375 145 32 komma
1158 1375 12 31 i
1192 1374 213 37 åtnjutande
1427 1385 46 21 av
1490 1375 160 37 pension.

327 1427 29 31 2.
378 1426 80 32 Har
483 1427 295 37 pensionstagare
802 1426 108 32 blivit
936 1427 56 31 för

286 1479 214 36 förbrytelse
524 1480 13 30 i
560 1479 59 31 sin
642 1478 155 37 tidigare
819 1478 170 32 innehav-

288 1531 47 31 da
365 1530 114 37 tjänst
508 1531 116 36 dömd,
655 1531 13 31 i
698 1530 119 32 stället
847 1531 58 31 för
934 1531 57 30 till

287 1583 222 36 avsättning,
556 1583 57 31 till
658 1583 109 31 straff
811 1582 114 37 enligt
970 1583 19 30 2

287 1634 80 37 kap.
389 1634 38 32 17
449 1633 18 37 $
486 1634 230 37 strafflagen,
734 1636 57 30 må
812 1635 74 30 han
908 1635 83 31 från

287 1687 66 30 och
381 1687 80 31 med
487 1686 180 32 månaden
691 1688 79 30 näst
796 1687 93 31 efter
915 1687 76 35 den,

287 1739 115 31 under
428 1738 119 31 vilken
572 1739 158 36 utslaget
755 1739 130 31 vunnit
909 1740 83 35 laga

287 1790 111 37 kraft,
418 1791 145 35 åtnjuta
583 1790 153 32 allenast
756 1800 42 21 en
816 1790 175 37 tredjedel

286 1852 46 21 av
356 1842 203 36 pensionen.

1127 1427 28 30 2.
1188 1426 76 31 Har
1287 1426 294 37 pensionstagare
1605 1425 107 32 blivit
1734 1425 61 31 för

1089 1478 213 37 förbrytelse
1352 1479 12 30 i
1414 1478 56 31 sin
1509 1477 156 37 tidigare
1694 1477 97 31 inne-

1089 1531 122 32 havda
1242 1531 114 36 tjänst
1388 1530 115 36 dömd,
1533 1530 12 31 i
1580 1529 121 32 stället
1734 1530 59 30 för

1087 1583 59 32 till
1171 1583 219 36 avsättning,
1417 1582 57 31 till
1497 1582 112 31 straff
1635 1581 112 37 enligt
1772 1582 22 30 2

1087 1635 81 36 kap.
1190 1635 38 31 17
1248 1634 18 36 $
1287 1634 228 36 strafflagen,
1536 1636 60 29 må
1614 1634 73 31 han
1707 1634 86 30 från

1088 1688 66 30 och
1181 1687 79 31 med
1284 1687 178 31 månaden
1488 1688 82 30 näst
1594 1686 93 31 efter
1714 1686 81 35 den,

1087 1740 115 30 under
1225 1739 122 31 vilken
1372 1738 156 37 utslaget
1553 1738 131 31 vunnit
1708 1738 85 36 laga

1088 1791 110 36 kraft,
1230 1791 145 36 åtnjuta
1405 1791 152 31 allenast
1585 1800 45 21 en
1662 1789 128 37 tredje-

1088 1843 57 31 del
1184 1853 45 20 av
1266 1843 203 36 pensionen,
1496 1843 67 30 där
1591 1843 37 36 ej
1656 1841 137 37 Kungl.

1086 1895 112 36 Maj:t
1222 1895 120 35 finner
1364 1894 78 32 skäl
1468 1894 218 31 tillerkänna
1708 1903 84 27 pen-

1087 1947 249 36 sionstagaren
1386 1948 114 29 större
1540 1946 68 36 del,
1639 1945 89 32 dock
1754 1946 41 36 ej

1087 2008 100 22 mera
1217 2000 45 29 än
1292 1999 62 30 två
1387 1997 215 38 tredjedelar
1632 2007 46 22 av
1708 2007 84 28 pen-

1087 2050 134 31 sionen.

325 2099 30 31 3.
398 2099 311 38 Pensionstagare,
738 2111 74 21 som
840 2101 184 38 undergår
1051 2101 123 32 direkt
1202 2102 121 31 ådömt
1356 2102 241 32 frihetsstraff
1629 2102 86 31 eller
1747 2104 45 29 är

287 2152 154 32 föremål
462 2152 56 32 för
538 2153 142 37 åtgärd,
699 2163 74 22 som
794 2152 197 33 förklarats
1012 2153 102 32 skola
1136 2153 105 32 träda
1262 2154 11 30 i
1295 2153 122 32 stället
1439 2153 56 32 för
1516 2153 132 32 sådant
1669 2153 124 35 straff,

286 2204 88 31 eller
393 2204 67 32 ock
478 2204 172 37 avtjänar
669 2205 119 32 ådömt
808 2205 263 37 tvångsarbete,
1091 2206 61 31 må
1171 2205 56 32 för
1247 2205 67 31 den
1333 2205 103 32 tiden
1453 2205 165 37 uppbära
1637 2204 152 32 allenast

286 2264 44 21 en
354 2255 173 37 tredjedel
545 2265 48 22 av
615 2256 202 36 pensionen.

326 2305 81 33 Har
430 2306 316 38 pensionstagaren
771 2307 165 37 anhörig,
959 2307 122 32 vilken
1106 2308 58 31 för
1185 2308 64 31 sitt
1271 2308 191 36 uppehälle
1485 2311 41 29 är
1549 2308 175 32 beroende
1746 2318 50 21 av

286 2357 142 38 honom,
447 2360 59 30 må
524 2358 69 32 den
613 2358 222 37 myndighet,
856 2369 78 21 som
953 2358 153 38 beviljat
1127 2359 202 37 pensionen,
1349 2359 124 32 kunna
1493 2359 170 38 medgiva
1682 2359 111 33 sådan

285 2409 157 38 anhörig
465 2411 73 31 rätt
557 2412 56 30 att
634 2410 162 37 uppbära
813 2410 62 32 det
897 2410 213 32 förverkade
1131 2410 332 38 pensionsbeloppet
1482 2411 87 32 eller
1589 2411 60 32 del
1668 2411 128 32 därav.
