1880 2846
320 122 320 33 Bankoutskottets
662 123 188 33 utlåtande
871 125 53 32 Nr
945 127 46 29 60.
1022 124 286 34 Reservationer.
1485 127 40 31 95

59 197 293 40 tjänstemännen,
376 201 92 31 lärer
491 201 191 32 emellertid
707 204 87 29 även
818 202 77 31 med
920 204 48 30 ett
983 203 195 37 antagande
1194 215 44 20 av
1255 204 93 32 detta
1364 206 209 36 reglemente

59 249 85 33 böra
167 253 97 30 anstå
286 252 11 31 i
322 253 179 31 avvaktan
523 255 44 35 på
590 254 203 37 ytterligare
815 255 197 37 utredning.

104 303 51 32 På
178 305 112 36 grund
313 315 45 21 av
382 305 56 32 det
461 306 146 32 anförda
630 306 185 32 hemställa
839 308 49 35 vi,

505 369 32 36 1)
560 369 52 30 att
636 368 194 37 riksdagen,
847 369 12 31 i
876 369 188 37 anledning
1087 380 45 21 av
1156 371 214 32 motionerna
1387 372 27 31 I:
1428 372 61 31 342
1506 373 63 31 och

462 420 45 31 11:
521 421 73 36 622,
630 422 67 34 må,
733 421 75 32 med
842 422 121 37 avslag
991 423 21 30 å
1035 422 132 38 Kungl.
1192 423 116 37 Maj:ts
1342 425 228 31 förevarande

462 474 211 36 proposition
696 484 43 21 nr
762 475 73 36 222,
852 475 13 30 i
881 475 164 31 skrivelse
1068 476 56 30 till
1148 476 132 37 Kungl.
1297 477 104 37 Maj:t
1416 478 152 36 anhålla,

461 527 51 30 att
546 526 134 37 Kungl.
704 527 102 36 Maj:t
839 529 107 30 måtte
980 528 72 31 låta
1079 529 189 31 verkställa
1290 530 188 37 skyndsam
1502 531 67 31 för-

460 579 92 36 nyad
598 579 188 37 utredning
823 581 178 36 angående
1039 582 144 36 lämplig
1220 583 258 36 pensionsålder
1515 584 53 31 för

458 631 211 36 tjänstemän
703 633 62 30 och
798 633 156 32 arbetare
977 634 12 31 i
1011 635 129 30 statens
1163 635 108 36 tjänst
1304 637 91 30 samt
1416 636 153 31 därefter

461 684 53 30 för
536 683 85 32 1935
645 685 57 30 års
725 685 140 37 riksdag
886 686 196 37 framlägga
1098 687 129 37 förslag
1244 688 56 31 till
1315 688 101 31 civilt
1431 689 137 35 tjänste-

458 736 368 37 pensionsreglemente
864 740 90 30 samt
987 739 55 31 till
1075 740 494 37 tjänstepensionsreglemente

459 788 54 31 för
535 789 172 36 arbetare;

503 842 32 38 2)
558 843 52 30 att
644 843 121 35 övriga
787 843 13 30 i
824 845 118 30 ämnet
975 844 125 31 väckta
1123 845 168 31 motioner
1314 847 58 29 må
1394 856 97 21 anses
1514 847 54 30 be-

458 894 145 31 svarade
627 904 124 26 genom
775 895 66 32 vad
866 896 108 31 under
998 897 31 37 1)
1051 897 65 31 här
1140 907 90 21 ovan
1253 897 222 32 hemställts.»

101 1019 42 38 B)
168 1019 17 31 I
210 1019 102 41 fråga
336 1028 56 24 om
417 1021 106 32 civila
547 1023 564 42 tjänstepensionsreglementet:

101 1116 32 36 1)
158 1116 68 31 Vid
253 1118 37 29 17
314 1116 39 41 $:

107 1203 45 21 av
176 1193 118 31 herrar
320 1194 196 36 Bäcklund,
541 1194 129 38 Lovén,
694 1196 153 32 Paulsen
871 1198 62 30 och
957 1197 156 39 Severin,
1139 1200 96 31 vilka
1262 1203 123 35 ansett,
1409 1204 52 29 att
1483 1204 84 36 möj-

55 1246 110 36 lighet
199 1246 55 31 till
288 1246 266 37 förtidspension
590 1248 103 32 borde
727 1249 139 32 beredas
902 1250 70 32 dels
1006 1252 210 36 tjänstemän
1250 1254 12 30 i
1290 1254 191 32 allmänhet
1504 1256 60 31 vid

54 1298 186 37 uppnådda
272 1299 117 31 trettio
423 1299 157 37 tjänstår,
616 1301 187 32 oberoende
831 1313 46 20 av
900 1303 250 38 levnadsålder,
1174 1306 63 31 och
1260 1306 71 32 dels
1354 1307 213 33 innehavare

54 1361 46 20 av
134 1350 249 38 befattningar,
418 1361 73 22 som
526 1362 96 22 avses
656 1354 13 30 i
703 1354 126 38 Bilaga
863 1355 33 31 A
930 1356 57 31 till
1018 1357 234 38 reglementet,
1288 1359 60 32 vid
1383 1361 183 36 uppnådda

54 1403 173 37 tjugufem
261 1404 159 36 tjänstår,
453 1404 165 33 likaledes
640 1406 187 32 oberoende
851 1418 45 20 av
920 1408 249 39 levnadsålder,
1193 1411 61 31 och
1279 1411 98 32 vilka
1401 1413 11 30 i
1435 1413 130 31 anslut-

55 1455 86 36 ning
175 1456 120 30 härtill
329 1456 114 37 yrkat,
479 1459 50 29 att
553 1458 40 30 17
618 1459 18 38 $
659 1469 45 20 av
727 1459 106 31 civila
856 1460 513 39 tjänstepensionsreglementet
1392 1464 102 32 borde
1517 1476 49 21 er-

54 1507 96 31 hålla
174 1508 150 36 följande
340 1509 145 36 lydelse:

754 1565 61 30 »17
838 1566 28 37 $.

99 1613 29 29 1.
165 1612 233 36 Tjänsteman,
423 1623 71 22 som
518 1614 168 37 frivilligt
708 1617 108 36 avgår
840 1627 42 21 ur
905 1618 117 36 tjänst,
1046 1620 57 29 må
1119 1619 120 32 kunna
1254 1631 45 20 av
1316 1621 133 37 Kungl.
1464 1622 99 37 Maj:t

55 1664 180 36 medgivas
269 1667 70 29 rätt
372 1667 52 29 att
446 1665 139 32 komma
610 1667 11 31 i
646 1669 205 35 åtnjutande
874 1680 45 20 av
942 1671 289 37 förtidspension,
1255 1673 109 31 under
1388 1674 175 33 förutsätt-

54 1716 86 37 ning
165 1718 52 29 att
239 1717 68 31 han
329 1718 71 30 kan
423 1719 110 30 räkna
557 1720 118 31 trettio
699 1721 92 36 eller,
816 1732 55 20 om
895 1722 69 31 han
987 1726 40 28 är
1049 1724 211 32 innehavare
1283 1736 45 21 av
1352 1726 13 31 i
1388 1727 124 37 Bilaga
1528 1728 33 31 A

53 1768 56 31 till
134 1768 94 32 detta
251 1770 208 36 reglemente
486 1771 205 32 omförmäld
715 1773 208 38 befattning,
947 1775 175 37 tjugufem
1146 1777 149 35 tjänstår
1319 1780 91 30 samt
1433 1781 50 30 att
1505 1791 58 20 av-

54 1821 136 36 gången
213 1821 109 32 finnes
344 1822 76 31 icke
444 1833 85 21 vara
551 1824 177 33 stridande
751 1828 71 29 mot
844 1828 129 30 statens
996 1828 180 32 intressen.

97 1873 279 37 Förtidspension
400 1876 194 31 motsvarar
619 1894 39 4 —
688 1895 32 3 —
752 1895 37 5 —
815 1879 86 37 (lika
923 1880 77 31 med
1023 1881 184 31 utskottets
1231 1883 143 38 förslag)
1399 1901 38 4 —
1458 1902 38 4 —
1532 1904 27 2 —

53 1925 216 37 understiger
290 1927 293 35 pensionsåldern.

98 1978 29 29 2.
164 1977 131 31 Varder
329 1978 108 31 sådan
470 1996 42 4 —
545 1997 41 5 —
612 1999 38 4 —
676 1981 84 38 (lika
784 1983 77 31 med
885 1983 181 32 utskottets
1090 1985 142 39 förslag)
1258 2003 39 5 —
1324 2006 37 3 —
1389 2006 39 3 —
1454 1989 108 32 finnes

50 2029 170 37 stadgat».

92 2116 32 36 2)
151 2117 72 32 Vid
248 2120 37 30 18
312 2118 34 37 $:

93 2197 47 20 av
163 2186 126 33 herrar
311 2189 159 37 Berling,
493 2190 199 36 Bäcklund,
715 2192 118 32 Lovén
857 2193 65 31 och
946 2194 157 36 Severin,
1127 2195 101 32 vilka
1250 2198 127 36 ansett,
1402 2199 53 30 att
1478 2209 81 26 pen-

50 2238 321 38 sionsunderlagen
398 2240 106 32 borde
531 2242 12 31 i
571 2242 159 36 enlighet
755 2245 80 31 med
863 2245 70 31 vad
963 2255 74 21 som
1065 2246 205 37 föreslagits
1298 2248 11 31 i
1336 2249 222 31 motionerna

53 2289 52 32 II:
123 2290 59 31 602
199 2292 66 30 och
283 2291 52 31 II:
351 2292 57 30 608
428 2292 199 32 fastställas
648 2294 58 31 till
726 2296 61 30 två
806 2295 215 37 tredjedelar
1040 2307 45 21 av
1105 2297 179 32 slutlönen
1304 2300 20 30 å
1343 2299 102 32 B-ort
1462 2300 96 31 inom

50 2341 266 33 vederbörande
341 2342 212 38 lönegrader
578 2347 93 29 samt
697 2347 53 29 att
774 2346 351 37 pensionsavdragen
1150 2349 107 32 borde
1283 2351 191 31 omräknas
1502 2352 55 30 till

52 2393 42 31 de
113 2393 110 36 högre
242 2394 135 37 belopp,
394 2405 76 21 som
488 2405 106 21 svara
612 2398 74 29 mot
704 2397 41 30 de
764 2397 154 32 sålunda
937 2398 167 36 förhöjda
1124 2400 229 37 underlagen,
1372 2402 63 30 och
1457 2402 97 31 vilka

51 2445 12 31 1
82 2445 212 37 anslutning
314 2445 128 32 härtill
461 2446 116 37 yrkat,
