2234 2632
464 161 117 32 Första
605 161 202 32 kammarens
830 161 124 32 andra
979 160 170 41 tillfälliga
1173 161 134 32 utskotts
1329 161 168 32 utlåtande
1521 161 52 31 Nr
1598 164 28 28 9.
1825 161 17 31 7

248 256 42 24 av
333 243 135 47 dylika.
527 244 92 35 Häri
661 244 116 46 ligger
805 243 165 47 tydligen
999 247 52 32 ett
1079 244 311 35 underkännande
1419 257 43 22 av
1492 244 249 36 statslotteriet
1770 257 74 22 som

247 301 52 32 ett
326 297 301 36 universalmedel
656 302 73 30 mot
758 298 76 46 spel
863 300 46 43 på
936 298 197 35 utländska
1161 298 170 35 lotterier.

353 351 86 35 Men
467 351 82 35 icke
573 351 114 35 heller
706 351 211 35 restriktiva
936 352 340 45 lagbestämmelser,
1299 352 43 34 de
1363 353 57 33 må
1438 356 104 41 göras
1563 357 45 29 än
1629 354 37 32 så
1687 354 156 43 stränga,

247 404 124 36 kunna
399 405 86 34 råda
513 405 62 34 bot
604 405 55 34 för
688 405 60 34 det
776 405 239 45 överklagade
1045 404 341 44 missförhållandet,
1418 405 119 34 därest
1566 405 43 34 de
1639 405 79 35 icke
1748 405 96 35 kom-

246 457 143 35 bineras
432 458 81 34 med
555 461 51 31 ett
649 457 222 44 statslotteri,
912 470 103 22 mena
1044 458 275 44 motionärerna,
1350 458 66 35 och
1444 458 178 34 utskottet
1652 476 47 3 —
1731 458 115 34 ehuru

247 511 60 35 det
335 510 80 35 icke
444 511 76 34 helt
549 511 98 35 delar
676 512 118 33 denna
822 510 237 47 uppfattning
1090 529 48 3 —
1169 523 114 32 anser,
1314 514 53 32 att
1395 513 80 33 vårt
1504 511 95 35 folks
1619 511 227 45 benägenhet

247 563 54 36 för
333 563 201 46 lotterispel
562 568 39 30 är
630 566 38 32 så
696 563 106 46 djupt
830 564 113 44 rotad,
975 567 52 32 att
1056 564 70 34 den
1155 564 127 46 frågan
1311 566 112 32 måste
1451 564 103 34 träda
1582 563 12 34 i
1624 564 222 45 förgrunden

247 617 68 35 vad
357 628 73 23 som
473 616 65 35 bör
572 622 104 41 göras
717 617 75 34 »för
821 620 52 31 att
901 617 81 34 leda
1010 617 119 34 denna
1158 617 224 46 spellystnad
1411 616 11 35 i
1452 628 44 23 en
1526 617 111 34 sådan
1665 617 178 46 riktning,

247 673 52 32 att
340 670 70 34 den
442 669 394 36 nationalekonomiskt
865 670 112 35 vållar
1006 672 38 33 så
1071 670 91 35 liten
1191 670 112 35 skada
1332 682 73 23 som
1436 669 176 47 möjligt».
1671 670 175 35 Häremot

246 724 101 34 torde
389 723 200 35 emellertid
631 724 81 34 med
754 724 60 45 fog
843 723 125 35 kunna
996 723 188 45 invändas,
1215 727 52 32 att
1296 724 60 34 det
1384 723 198 47 ingalunda
1610 723 103 35 alltid
1742 724 104 35 beror

247 789 43 23 av
331 779 109 44 något
467 776 135 37 inrotat
631 777 199 46 spelbegär,
862 780 53 32 att
944 780 38 32 så
1010 780 130 43 många
1168 777 90 35 offra
1287 777 79 35 sina
1395 777 135 35 slantar
1558 779 46 44 på
1632 777 211 47 lotterispel,

246 833 87 33 utan
362 833 154 43 mången
543 833 96 44 gång
668 842 97 23 mera
792 833 46 44 på
867 832 44 33 de
939 831 89 35 lätta
1055 831 192 34 tillfällena
1275 834 52 32 att
1355 830 144 35 komma
1527 833 37 32 åt
1582 830 196 45 lottsedlar,
1800 833 47 44 på

246 883 203 36 braskande
477 883 179 36 reklamer
684 884 87 34 eller
799 884 227 46 övertalning
1055 884 81 35 från
1164 884 280 45 lotteriagenter.

351 937 188 35 Utskottet
580 937 134 35 uttalar
756 936 56 47 sig
853 937 110 35 också
1004 937 55 35 för
1095 938 44 34 de
1168 938 167 45 åtgärder
1362 936 14 35 1
1404 936 333 47 lagstiftningsväg,
1769 949 74 23 som

249 991 100 35 1910
379 992 56 33 års
464 990 356 46 lotterisakkunniga
848 990 186 47 föreslagit
1062 1008 47 3 —
1130 991 299 45 undantagandes
1449 989 212 48 kränkning
1680 1002 43 24 av
1743 990 101 36 brev-

246 1043 255 47 hemligheten.
560 1044 170 35 Därefter
758 1044 168 47 tillägger
954 1044 194 35 utskottet:

359 1098 161 35 »Sådana
548 1098 167 46 åtgärder
742 1098 87 35 böra
857 1098 13 35 i
899 1098 149 35 främsta
1076 1101 156 32 rummet
1260 1097 174 45 försökas,
1466 1098 65 35 och
1561 1097 90 36 först
1671 1098 110 35 sedan
1801 1098 44 34 de

246 1151 93 36 visat
368 1151 55 46 sig
451 1151 276 47 verkningslösa
755 1151 86 35 eller
870 1151 252 47 otillräckliga,
1153 1152 66 34 har
1247 1164 82 22 man
1349 1151 115 47 enligt
1482 1151 196 35 utskottets
1699 1151 147 47 mening

246 1208 53 32 att
327 1207 114 33 såsom
470 1217 45 23 en
543 1205 270 46 nödfallsutväg
840 1205 113 36 tänka
982 1205 55 47 sig
1065 1206 249 35 anordnandet
1342 1217 44 23 av
1415 1208 52 32 ett
1496 1204 246 36 statslotteri.»>

351 1258 95 36 Från
488 1259 119 35 denna
647 1259 278 46 utgångspunkt
966 1259 158 35 behöver
1160 1271 82 22 man
1271 1258 201 36 emellertid
1500 1259 115 46 enligt
1642 1261 65 33 vår
1734 1258 111 36 tanke

246 1312 80 35 icke
368 1312 144 35 komma
552 1312 58 35 till
652 1312 70 35 den
764 1312 205 45 slutsatsen,
1007 1315 53 32 att
1092 1312 197 46 riksdagen
1317 1313 112 34 redan
1457 1324 50 22 nu
1535 1313 65 34 bör
1628 1312 13 35 i
1670 1312 176 36 skrivelse

245 1365 57 36 till
343 1365 135 47 Kungl.
523 1365 107 47 Maj:t
662 1366 115 35 uttala
806 1365 55 47 sig
890 1366 55 35 för
973 1366 206 35 inrättande
1208 1378 44 23 av
1281 1368 52 32 ett
1362 1365 223 45 statslotteri,
1615 1368 89 32 utan
1732 1365 113 36 hellre

246 1422 52 32 att
340 1418 280 36 statsmakterna
662 1422 140 32 snarast
844 1419 141 46 möjligt
1026 1420 88 34 böra
1141 1419 147 46 vidtaga
1317 1419 44 34 de
1389 1418 214 36 restriktiva
1631 1419 215 47 åtgärderna

247 1473 65 35 och
347 1475 39 33 så
418 1472 132 36 avbida
578 1472 294 36 erfarenheterna
901 1485 55 23 om
986 1473 122 35 dessas
1136 1472 232 47 verkningar.
1428 1472 67 36 Om
1525 1473 61 34 det
1615 1473 111 34 sedan
1754 1473 92 34 efter

245 1529 112 44 några
398 1529 39 32 år
470 1526 117 36 skulle
616 1526 78 36 visa
723 1525 66 48 sig,
820 1529 53 33 att
903 1527 43 34 de
974 1526 174 47 vidtagna
1177 1527 214 46 åtgärderna
1419 1526 94 35 varit
1549 1526 297 47 »verkningslösa

245 1580 86 36 eller
359 1579 279 48 otillräckliga”,
669 1586 40 29 är
733 1580 43 47 ju
803 1580 198 47 riksdagen
1029 1579 236 37 oförhindrad
1293 1583 53 32 att
1375 1580 45 35 då
1448 1583 83 44 taga
1550 1579 13 36 i
1583 1581 260 46 övervägande,

244 1634 70 36 vad
342 1645 75 24 som
445 1634 66 35 bör
539 1633 181 47 tillgripas
749 1636 115 33 såsom
900 1634 82 35 »det
1010 1637 154 44 yttersta
1193 1634 169 35 medlet>.

350 1687 111 35 Detta
503 1693 39 29 är
575 1688 112 35 andra
722 1687 228 35 kammarens
978 1687 118 47 gamla
1125 1687 227 47 ståndpunkt
1380 1686 14 35 i
1423 1688 118 34 denna
1569 1687 113 47 fråga,
1714 1687 65 35 och
1808 1686 38 36 vi

244 1741 98 36 finna
369 1741 111 46 ingen
508 1740 199 48 anledning
735 1741 131 35 föreslå
895 1741 210 35 kammaren
1134 1744 53 32 att
1215 1741 128 46 frångå
1372 1741 217 35 densamma.

349 1794 52 36 På
428 1795 120 47 grund
576 1807 44 23 av
649 1795 61 35 det
738 1795 150 35 anförda
916 1795 93 36 hava
1036 1794 38 36 vi
1094 1798 129 41 ansett,
1246 1798 52 32 att
1317 1794 179 36 utskottet
1515 1795 81 35 bort
1615 1793 13 36 i
1648 1794 198 47 anledning

244 1861 44 23 av
329 1848 125 35 herrar
496 1847 187 37 Olofssons
725 1848 14 35 i
780 1848 181 47 Digernäs
998 1861 44 22 m.
1078 1849 35 34 £.
1145 1848 136 36 motion
1308 1860 45 23 nr
1385 1849 72 34 149
1489 1848 66 35 och
1583 1848 125 35 herrar
1736 1847 108 36 Lind-

244 1902 135 47 hagens
421 1902 66 36 och
515 1902 192 35 Månssons
750 1902 135 36 motion
917 1915 45 22 nr
992 1903 73 34 179
1097 1902 200 44 hemställa,
1328 1904 53 33 att
1409 1902 113 35 andra
1550 1902 210 35 kammaren
1789 1901 56 36 för

244 1956 56 35 sin
342 1956 58 35 del
441 1958 110 33 måtte
593 1955 152 45 besluta,
789 1959 53 33 att
883 1955 197 48 riksdagen
1108 1956 86 35 ville
1222 1955 13 35 i
1264 1955 192 36 skrifvelse
1485 1955 57 35 till
1570 1955 136 47 Kungl.
1738 1955 107 46 Maj:t

244 2009 152 46 anhålla,
441 2010 60 35 det
542 2009 136 47 Kungl.
723 2009 107 47 Maj:t
871 2009 140 37 täcktes
1046 2010 167 35 utarbeta
1241 2010 66 34 och
1336 2009 55 35 för
1419 2008 196 48 riksdagen
1646 2009 199 47 framlägga

244 2063 133 47 förslag
404 2062 14 36 i
447 2063 95 47 syfte
570 2066 54 32 att
652 2062 116 48 stävja
797 2063 114 47 spelet
939 2066 47 44 på
1013 2063 197 35 utländska
1237 2062 198 37 lotterier>.

349 2169 128 36 Andra
518 2170 210 35 kammaren
769 2170 115 35 beslöt
926 2170 56 35 för
1024 2170 56 35 sin
1114 2169 58 36 del
1200 2173 53 32 att
1281 2170 82 34 med
1391 2169 124 47 avslag
1543 2172 20 33 å
1592 2169 64 36 sitt
1684 2169 159 36 utskotts
1856 2175 95 24 Andra
1987 2174 81 25 kam-

243 2223 214 36 hemställan
498 2223 126 36 bifalla
651 2223 270 36 reservationen
950 2224 81 35 med
1060 2223 159 47 följande
1248 2223 128 47 tillägg
1404 2223 57 36 till
1490 2224 70 35 den
1589 2235 44 24 av
1661 2211 406 48 reservan-”erensbestut.

243 2280 102 33 terna
373 2277 206 47 förebragta
608 2277 281 47 motiveringen:
