2226 2632
430 188 19 30 2
708 190 237 33 Sammansatta
970 191 95 33 Stats-
1090 194 55 31 och
1168 194 227 43 Laguiskottets
1419 197 173 32 Memorial
1616 199 64 31 N:o
1704 202 28 27 4.

533 269 63 35 Uti
634 271 154 35 särskild
825 272 56 35 till
909 272 212 48 Riksdagen
1150 275 69 35 den
1249 278 46 33 27
1322 277 147 48 januari
1497 279 99 35 detta
1625 282 39 32 år
1692 280 128 35 aflåten
1849 277 158 55 proposi-

428 322 85 43 tion,
556 335 59 23 n:o
660 327 59 40 32,
763 325 92 35 hade
892 326 130 47 Kongl.
1061 327 108 49 Maj:t
1202 329 187 48 föreslagit
1417 331 209 48 Riksdagen
1656 336 52 32 att
1736 337 131 43 antaga
1895 347 46 23 en
1969 338 38 32 så

427 375 154 47 lydande

1169 504 104 50 Lag

566 600 178 44 angående
772 602 238 45 vapenöfning
1031 602 68 43 för
1128 606 192 34 utrönande
1349 606 49 43 af
1419 607 124 36 härens
1571 609 294 46 krigsberedskap.

529 696 219 47 Härigenom
793 698 198 45 förordnas,
1035 704 53 32 att
1116 702 198 36 oberoende
1353 704 40 34 af
1422 705 69 34 den
1518 705 244 49 tjenstgöring
1790 708 55 35 för
1873 709 130 36 utbild-

424 748 98 47 ning,
566 761 75 24 som
684 751 138 47 åligger
864 753 223 48 värnpligtig
1130 755 114 47 enligt
1279 757 22 45 &
1336 759 47 33 27
1415 759 319 48 värppligtslagen,
1765 762 236 47 värnpligtig,

424 814 73 22 som
537 804 39 33 år
622 805 98 33 1900
762 804 126 36 tillhör
929 807 238 47 beväringens
1211 810 112 35 första
1365 812 143 45 uppbåd
1537 812 62 36 vid
1629 814 68 35 den
1726 814 58 35 del
1813 815 40 35 af
1878 811 124 50 hären,

423 855 202 47 Konungen
667 857 224 45 bestämmer,
936 859 91 35 skall
1068 873 87 23 vara
1196 862 130 47 pligtig
1353 867 58 40 att
1439 866 114 34 under
1582 867 112 46 sagda
1722 869 38 33 år
1789 868 56 35 för
1873 881 128 35 vapen-

424 908 133 47 öfning,
602 922 75 22 som
719 911 93 35 afser
855 914 200 34 utrönande
1091 915 40 34 af
1155 915 129 36 härens
1314 916 315 50 krigsberedskap,
1660 920 199 48 tjenstgöra
1888 923 113 46 enligt

423 962 42 34 de
493 968 165 29 närmare
686 963 278 45 bestämmelser,
994 966 207 48 Konungen
1228 970 194 45 meddelar,
1452 972 114 35 under
1594 973 106 46 högst
1720 974 137 36 femton
1878 972 120 54 dagar,

422 1014 50 35 in-
510 1016 66 34 och
610 1017 298 47 utryckningstid
936 1019 56 35 till
1020 1021 111 35 sådan
1161 1022 125 47 öfning
1314 1024 224 44 oberäknad;
1570 1026 173 37 skolande
1772 1028 12 34 i
1813 1028 102 47 fråga
1943 1042 55 23 om

422 1068 108 46 sagda
572 1069 127 47 öfning
741 1071 54 34 för
830 1071 112 47 öfrigt
969 1073 94 47 gälla
1091 1074 97 36 hvad
1217 1076 12 34 i
1257 1077 310 48 värnpligtslagen
1596 1080 115 35 finnes
1741 1082 171 46 stadgadt
1940 1095 57 23 an-

420 1122 135 45 gående
584 1123 238 47 värnpligtigs
851 1124 242 49 tjenstgöring
1121 1129 116 34 under
1265 1130 165 43 fredstid,
1462 1131 91 35 dock
1578 1136 53 32 att
1659 1134 234 48 värnpligtig,
1924 1148 73 23 som

419 1173 122 36 blifvit
575 1175 13 35 i
625 1177 228 47 vederbörlig
887 1179 154 46 ordning
1069 1181 162 36 inkallad
1259 1183 56 34 till
1343 1183 151 36 berörda
1523 1185 136 48 öfning,
1692 1200 79 23 men
1800 1191 89 33 utan
1918 1190 81 46 laga

419 1227 118 36 förfall
579 1229 201 36 uraktlåter
821 1234 54 32 att
917 1232 142 36 inställa
1096 1235 56 46 sig
1179 1235 56 35 till
1264 1237 217 42 densamma,
1511 1239 94 35 skall
1634 1241 141 35 straffas
1805 1243 114 34 såsom
1944 1243 55 35 för

418 1280 133 47 olofligt
579 1283 292 36 undanhållande
900 1286 113 46 enligt
1043 1287 21 46 8
1096 1290 47 33 68
1174 1288 205 48 strafflagen
1409 1291 55 35 för
1492 1291 259 49 krigsmagten.

521 1388 184 48 Derjemte
746 1390 93 36 hade
880 1392 131 46 Kongl.
1056 1393 107 48 Maj:t
1202 1395 54 35 uti
1290 1397 268 46 propositionen
1587 1411 59 24 n:o
1677 1403 59 42 33,
1768 1402 131 35 aflåten
1928 1403 69 35 den

419 1442 44 32 27
503 1440 146 47 januari
690 1443 247 37 innevarande
972 1449 49 39 år,
1052 1446 185 47 föreslagit
1264 1449 214 47 Riksdagen
1506 1454 52 32 att
1586 1453 195 47 medgifva,
1813 1459 53 32 att
1895 1462 100 29 värn-

415 1493 141 48 pligtig,
601 1508 74 23 som
718 1498 116 34 under
876 1501 40 31 år
961 1501 97 33 1900
1088 1500 56 34 för
1173 1502 254 47 undergående
1456 1504 39 34 af
1520 1505 138 48 öfning,
1689 1520 73 23 som
1792 1509 122 46 afsåge
1942 1513 51 31 ut-

415 1548 156 34 rönande
601 1549 41 34 af
665 1549 131 36 härens
826 1550 315 50 krigsberedskap,
1173 1554 192 48 fullgjorde
1393 1556 241 50 tjenstgöring
1654 1561 143 35 utöfver
1817 1562 81 43 den,
1920 1575 74 23 som

415 1600 111 46 enligt
568 1602 22 45 &
635 1604 46 33 27
726 1604 308 47 värnpligtslagen
1071 1606 131 36 honom
1231 1609 111 46 ålåge,
1375 1613 108 33 måtte
1512 1612 141 47 åtnjuta
1682 1614 230 47 dagaflöning
1940 1616 54 35 för

415 1653 69 35 den
525 1654 293 49 öfverskjutande
860 1658 101 35 tiden
1000 1660 81 34 med
1114 1660 106 48 tjugu
1248 1667 60 30 öre
1337 1675 57 23 om
1424 1664 125 46 dagen,
1577 1669 53 33 att
1658 1666 57 36 till
1743 1668 131 35 honom
1903 1669 92 35 efter

415 1707 116 34 slutad
561 1708 126 46 öfning
716 1709 153 37 kontant
899 1712 187 36 utbetalas.

518 1814 230 36 Beträffande
779 1817 103 35 dessa
911 1818 133 47 förslag
1073 1820 93 35 hade
1195 1822 59 34 det
1282 1827 255 32 sammansatta
1566 1825 177 36 utskottet
1767 1827 54 35 uti
1852 1828 63 35 sitt
1942 1831 53 33 ut-

413 1866 141 36 låtande
578 1880 60 23 n:o
670 1872 19 31 3
720 1870 184 35 hemstält:

520 1921 66 42 1:o)
617 1925 54 32 att
697 1923 130 47 Kongl.
860 1924 124 48 Maj:ts
1012 1925 13 35 i
1045 1927 268 46 propositionen
1333 1942 59 22 n:o
1415 1933 45 32 32
1482 1931 126 47 gjorda
1627 1932 268 49 framställning
1914 1936 81 34 med

411 1972 130 48 förslag
574 1974 57 35 till
659 1976 59 46 lag
746 1977 183 45 angående
958 1980 246 47 vapenöfning
1232 1981 56 36 för
1316 1985 200 33 utrönande
1545 1985 40 34 af
1609 1985 129 36 härens
1768 1987 226 47 krigsbered-

411 2026 88 47 skap
528 2027 81 35 icke
637 2031 110 33 måtte
775 2030 40 35 af
839 2031 212 47 Riksdagen
1079 2033 158 43 bifallas;

517 2081 70 46 2:0)
617 2084 54 32 att
698 2082 129 48 Kongl.
859 2084 124 48 Maj:ts
1011 2086 12 34 i
1052 2088 472 48 statsverkspropositionen
1552 2092 117 35 under
1696 2092 114 48 fjerde
1839 2094 154 36 hufvud-

409 2132 104 36 titeln
541 2134 12 34 i
581 2135 166 46 punkten
778 2140 48 32 34
855 2137 125 48 gjorda
1008 2139 266 49 framställning
1302 2154 55 23 om
1379 2144 126 46 anslag
1523 2144 58 35 till
1601 2141 392 58 försöksmobilisering

408 2185 30 46 ej
470 2189 108 33 måtte
607 2188 111 35 vinna
746 2189 231 48 Riksdagens
1004 2191 120 48 bifall;
1155 2200 91 30 samt

515 2240 69 48 3:0)
615 2244 53 32 att
696 2242 132 47 Kongl.
860 2244 124 48 Maj:ts
1012 2245 12 35 i
1053 2248 268 45 propositionen
1350 2261 60 24 n:o
1439 2252 44 33 33
1506 2250 127 48 gjorda
1652 2252 266 49 framställning
1937 2267 55 23 om
