<?xml version="1.0" encoding="UTF-8"?>
<alto xmlns="http://www.loc.gov/standards/alto/ns-v3#" xmlns:xlink="http://www.w3.org/1999/xlink" xmlns:xsi="http://www.w3.org/2001/XMLSchema-instance" xsi:schemaLocation="http://www.loc.gov/standards/alto/ns-v3# http://www.loc.gov/alto/v3/alto-3-0.xsd">
	<Description>
		<MeasurementUnit>pixel</MeasurementUnit>
		<sourceImageInformation>
			<fileName>/tmp/tess_bphgarlz_input.PNG</fileName>
		</sourceImageInformation>
		<OCRProcessing ID="OCR_0">
			<ocrProcessingStep>
				<processingSoftware>
					<softwareName>tesseract 5.3.0</softwareName>
				</processingSoftware>
			</ocrProcessingStep>
		</OCRProcessing>
	</Description>
	<Layout>
		<Page WIDTH="2246" HEIGHT="2632" PHYSICAL_IMG_NR="0" ID="page_0">
			<PrintSpace HPOS="0" VPOS="0" WIDTH="2246" HEIGHT="2632">
				<ComposedBlock ID="cblock_0" HPOS="468" VPOS="166" WIDTH="1422" HEIGHT="46">
					<TextBlock ID="block_0" HPOS="468" VPOS="166" WIDTH="1422" HEIGHT="46">
						<TextLine ID="line_0" HPOS="468" VPOS="166" WIDTH="1422" HEIGHT="46">
							<String ID="string_0" HPOS="468" VPOS="168" WIDTH="19" HEIGHT="27" WC="0.96" CONTENT="8"/><SP WIDTH="129" VPOS="168" HPOS="487"/>
							<String ID="string_1" HPOS="616" VPOS="166" WIDTH="122" HEIGHT="32" WC="0.93" CONTENT="Andra"/><SP WIDTH="23" VPOS="166" HPOS="738"/>
							<String ID="string_2" HPOS="761" VPOS="166" WIDTH="219" HEIGHT="35" WC="0.96" CONTENT="Kammarens"/><SP WIDTH="23" VPOS="166" HPOS="980"/>
							<String ID="string_3" HPOS="1003" VPOS="169" WIDTH="190" HEIGHT="43" WC="0.93" CONTENT="Tillfälliga"/><SP WIDTH="28" VPOS="169" HPOS="1193"/>
							<String ID="string_4" HPOS="1221" VPOS="171" WIDTH="148" HEIGHT="33" WC="0.92" CONTENT="Utskotts"/><SP WIDTH="22" VPOS="171" HPOS="1369"/>
							<String ID="string_5" HPOS="1391" VPOS="173" WIDTH="76" HEIGHT="38" WC="0.96" CONTENT="(N:o"/><SP WIDTH="23" VPOS="173" HPOS="1467"/>
							<String ID="string_6" HPOS="1490" VPOS="176" WIDTH="33" HEIGHT="36" WC="0.96" CONTENT="2)"/><SP WIDTH="29" VPOS="176" HPOS="1523"/>
							<String ID="string_7" HPOS="1552" VPOS="174" WIDTH="178" HEIGHT="35" WC="0.96" CONTENT="Utlåtande"/><SP WIDTH="23" VPOS="174" HPOS="1730"/>
							<String ID="string_8" HPOS="1753" VPOS="177" WIDTH="65" HEIGHT="33" WC="0.93" CONTENT="N:o"/><SP WIDTH="21" VPOS="177" HPOS="1818"/>
							<String ID="string_9" HPOS="1839" VPOS="179" WIDTH="51" HEIGHT="31" WC="0.96" CONTENT="26."/>
						</TextLine>
					</TextBlock>
				</ComposedBlock>
				<ComposedBlock ID="cblock_1" HPOS="416" VPOS="249" WIDTH="1631" HEIGHT="977">
					<TextBlock ID="block_1" HPOS="558" VPOS="249" WIDTH="1487" HEIGHT="53">
						<TextLine ID="line_1" HPOS="558" VPOS="249" WIDTH="1487" HEIGHT="53">
							<String ID="string_10" HPOS="558" VPOS="249" WIDTH="102" HEIGHT="32" WC="0.92" CONTENT="Mom."/><SP WIDTH="23" VPOS="249" HPOS="660"/>
							<String ID="string_11" HPOS="683" VPOS="252" WIDTH="31" HEIGHT="29" WC="0.45" CONTENT="2."/><SP WIDTH="53" VPOS="252" HPOS="714"/>
							<String ID="string_12" HPOS="767" VPOS="252" WIDTH="61" HEIGHT="31" WC="0.93" CONTENT="För"/><SP WIDTH="15" VPOS="252" HPOS="828"/>
							<String ID="string_13" HPOS="843" VPOS="253" WIDTH="184" HEIGHT="40" WC="0.96" CONTENT="behörighet"/><SP WIDTH="14" VPOS="253" HPOS="1027"/>
							<String ID="string_14" HPOS="1041" VPOS="255" WIDTH="51" HEIGHT="30" WC="0.93" CONTENT="till"/><SP WIDTH="15" VPOS="255" HPOS="1092"/>
							<String ID="string_15" HPOS="1107" VPOS="255" WIDTH="308" HEIGHT="42" WC="0.91" CONTENT="underläkaretjänst"/><SP WIDTH="15" VPOS="255" HPOS="1415"/>
							<String ID="string_16" HPOS="1430" VPOS="258" WIDTH="121" HEIGHT="32" WC="0.96" CONTENT="fordras"/><SP WIDTH="14" VPOS="258" HPOS="1551"/>
							<String ID="string_17" HPOS="1565" VPOS="263" WIDTH="47" HEIGHT="29" WC="0.96" CONTENT="att"/><SP WIDTH="15" VPOS="263" HPOS="1612"/>
							<String ID="string_18" HPOS="1627" VPOS="273" WIDTH="77" HEIGHT="21" WC="0.96" CONTENT="vara"/><SP WIDTH="14" VPOS="273" HPOS="1704"/>
							<String ID="string_19" HPOS="1718" VPOS="263" WIDTH="197" HEIGHT="39" WC="0.95" CONTENT="legitimerad"/><SP WIDTH="15" VPOS="263" HPOS="1915"/>
							<String ID="string_20" HPOS="1930" VPOS="264" WIDTH="115" HEIGHT="32" WC="0.96" CONTENT="läkare."/>
						</TextLine>
					</TextBlock>
					<TextBlock ID="block_2" HPOS="422" VPOS="293" WIDTH="1623" HEIGHT="212">
						<TextLine ID="line_2" HPOS="557" VPOS="293" WIDTH="1488" HEIGHT="52">
							<String ID="string_21" HPOS="557" VPOS="293" WIDTH="102" HEIGHT="30" WC="0.96" CONTENT="Mom."/><SP WIDTH="22" VPOS="293" HPOS="659"/>
							<String ID="string_22" HPOS="681" VPOS="294" WIDTH="30" HEIGHT="29" WC="0.93" CONTENT="3."/><SP WIDTH="45" VPOS="294" HPOS="711"/>
							<String ID="string_23" HPOS="756" VPOS="293" WIDTH="89" HEIGHT="32" WC="0.89" CONTENT="Skall"/><SP WIDTH="21" VPOS="293" HPOS="845"/>
							<String ID="string_24" HPOS="866" VPOS="295" WIDTH="308" HEIGHT="42" WC="0.91" CONTENT="underläkaretjänst"/><SP WIDTH="22" VPOS="295" HPOS="1174"/>
							<String ID="string_25" HPOS="1196" VPOS="299" WIDTH="158" HEIGHT="37" WC="0.96" CONTENT="tillsättas,"/><SP WIDTH="16" VPOS="299" HPOS="1354"/>
							<String ID="string_26" HPOS="1370" VPOS="301" WIDTH="59" HEIGHT="30" WC="0.96" CONTENT="har"/><SP WIDTH="14" VPOS="301" HPOS="1429"/>
							<String ID="string_27" HPOS="1443" VPOS="300" WIDTH="202" HEIGHT="35" WC="0.96" CONTENT="direktionen"/><SP WIDTH="16" VPOS="300" HPOS="1645"/>
							<String ID="string_28" HPOS="1661" VPOS="308" WIDTH="48" HEIGHT="29" WC="0.96" CONTENT="att"/><SP WIDTH="13" VPOS="308" HPOS="1709"/>
							<String ID="string_29" HPOS="1722" VPOS="316" WIDTH="114" HEIGHT="29" WC="0.96" CONTENT="genom"/><SP WIDTH="16" VPOS="316" HPOS="1836"/>
							<String ID="string_30" HPOS="1852" VPOS="307" WIDTH="193" HEIGHT="38" WC="0.96" CONTENT="kungörelse,"/>
						</TextLine>
						<TextLine ID="line_3" HPOS="423" VPOS="333" WIDTH="1622" HEIGHT="52">
							<String ID="string_31" HPOS="423" VPOS="343" WIDTH="69" HEIGHT="21" WC="0.96" CONTENT="som"/><SP WIDTH="33" VPOS="343" HPOS="492"/>
							<String ID="string_32" HPOS="525" VPOS="333" WIDTH="56" HEIGHT="32" WC="0.93" CONTENT="bör"/><SP WIDTH="22" VPOS="333" HPOS="581"/>
							<String ID="string_33" HPOS="603" VPOS="335" WIDTH="12" HEIGHT="29" WC="0.96" CONTENT="i"/><SP WIDTH="21" VPOS="335" HPOS="615"/>
							<String ID="string_34" HPOS="636" VPOS="335" WIDTH="165" HEIGHT="31" WC="0.94" CONTENT="allmänna"/><SP WIDTH="30" VPOS="335" HPOS="801"/>
							<String ID="string_35" HPOS="831" VPOS="337" WIDTH="206" HEIGHT="40" WC="0.95" CONTENT="tidningarna"/><SP WIDTH="32" VPOS="337" HPOS="1037"/>
							<String ID="string_36" HPOS="1069" VPOS="342" WIDTH="48" HEIGHT="28" WC="0.96" CONTENT="tre"/><SP WIDTH="32" VPOS="342" HPOS="1117"/>
							<String ID="string_37" HPOS="1149" VPOS="341" WIDTH="115" HEIGHT="39" WC="0.96" CONTENT="gånger"/><SP WIDTH="26" VPOS="341" HPOS="1264"/>
							<String ID="string_38" HPOS="1290" VPOS="342" WIDTH="128" HEIGHT="37" WC="0.96" CONTENT="införas,"/><SP WIDTH="24" VPOS="342" HPOS="1418"/>
							<String ID="string_39" HPOS="1442" VPOS="343" WIDTH="255" HEIGHT="42" WC="0.92" CONTENT="tillkännagifva,"/><SP WIDTH="24" VPOS="343" HPOS="1697"/>
							<String ID="string_40" HPOS="1721" VPOS="352" WIDTH="47" HEIGHT="27" WC="0.96" CONTENT="att"/><SP WIDTH="21" VPOS="352" HPOS="1768"/>
							<String ID="string_41" HPOS="1789" VPOS="349" WIDTH="51" HEIGHT="31" WC="0.93" CONTENT="till"/><SP WIDTH="21" VPOS="349" HPOS="1840"/>
							<String ID="string_42" HPOS="1861" VPOS="348" WIDTH="184" HEIGHT="32" WC="0.92" CONTENT="medicinal-"/>
						</TextLine>
						<TextLine ID="line_4" HPOS="423" VPOS="376" WIDTH="1622" HEIGHT="54">
							<String ID="string_43" HPOS="423" VPOS="376" WIDTH="152" HEIGHT="40" WC="0.92" CONTENT="styrelsen"/><SP WIDTH="33" VPOS="376" HPOS="575"/>
							<String ID="string_44" HPOS="608" VPOS="377" WIDTH="96" HEIGHT="30" WC="0.92" CONTENT="ställd"/><SP WIDTH="32" VPOS="377" HPOS="704"/>
							<String ID="string_45" HPOS="736" VPOS="378" WIDTH="179" HEIGHT="40" WC="0.96" CONTENT="ansökning"/><SP WIDTH="32" VPOS="378" HPOS="915"/>
							<String ID="string_46" HPOS="947" VPOS="381" WIDTH="49" HEIGHT="30" WC="0.96" CONTENT="till"/><SP WIDTH="36" VPOS="381" HPOS="996"/>
							<String ID="string_47" HPOS="1032" VPOS="380" WIDTH="217" HEIGHT="41" WC="0.96" CONTENT="befattningen"/><SP WIDTH="28" VPOS="380" HPOS="1249"/>
							<String ID="string_48" HPOS="1277" VPOS="383" WIDTH="83" HEIGHT="31" WC="0.92" CONTENT="skall"/><SP WIDTH="23" VPOS="383" HPOS="1360"/>
							<String ID="string_49" HPOS="1383" VPOS="384" WIDTH="64" HEIGHT="31" WC="0.96" CONTENT="före"/><SP WIDTH="22" VPOS="384" HPOS="1447"/>
							<String ID="string_50" HPOS="1469" VPOS="385" WIDTH="139" HEIGHT="32" WC="0.93" CONTENT="klockan"/><SP WIDTH="23" VPOS="385" HPOS="1608"/>
							<String ID="string_51" HPOS="1631" VPOS="390" WIDTH="64" HEIGHT="29" WC="0.91" CONTENT="tolf"/><SP WIDTH="17" VPOS="390" HPOS="1695"/>
							<String ID="string_52" HPOS="1712" VPOS="391" WIDTH="19" HEIGHT="29" WC="0.79" CONTENT="å"/><SP WIDTH="21" VPOS="391" HPOS="1731"/>
							<String ID="string_53" HPOS="1752" VPOS="391" WIDTH="170" HEIGHT="31" WC="0.96" CONTENT="trettionde"/><SP WIDTH="22" VPOS="391" HPOS="1922"/>
							<String ID="string_54" HPOS="1944" VPOS="391" WIDTH="101" HEIGHT="39" WC="0.96" CONTENT="dagen"/>
						</TextLine>
						<TextLine ID="line_5" HPOS="423" VPOS="418" WIDTH="1620" HEIGHT="54">
							<String ID="string_55" HPOS="423" VPOS="419" WIDTH="77" HEIGHT="30" WC="0.90" CONTENT="efter"/><SP WIDTH="32" VPOS="419" HPOS="500"/>
							<String ID="string_56" HPOS="532" VPOS="418" WIDTH="71" HEIGHT="37" WC="0.95" CONTENT="den,"/><SP WIDTH="34" VPOS="418" HPOS="603"/>
							<String ID="string_57" HPOS="637" VPOS="418" WIDTH="42" HEIGHT="31" WC="0.96" CONTENT="då"/><SP WIDTH="32" VPOS="418" HPOS="679"/>
							<String ID="string_58" HPOS="711" VPOS="419" WIDTH="208" HEIGHT="40" WC="0.96" CONTENT="kungörelsen"/><SP WIDTH="34" VPOS="419" HPOS="919"/>
							<String ID="string_59" HPOS="953" VPOS="422" WIDTH="96" HEIGHT="31" WC="0.96" CONTENT="första"/><SP WIDTH="32" VPOS="422" HPOS="1049"/>
							<String ID="string_60" HPOS="1081" VPOS="425" WIDTH="121" HEIGHT="38" WC="0.96" CONTENT="gången"/><SP WIDTH="24" VPOS="425" HPOS="1202"/>
							<String ID="string_61" HPOS="1226" VPOS="426" WIDTH="83" HEIGHT="30" WC="0.96" CONTENT="varit"/><SP WIDTH="20" VPOS="426" HPOS="1309"/>
							<String ID="string_62" HPOS="1329" VPOS="426" WIDTH="244" HEIGHT="41" WC="0.95" CONTENT="offentliggjord,"/><SP WIDTH="24" VPOS="426" HPOS="1573"/>
							<String ID="string_63" HPOS="1597" VPOS="430" WIDTH="51" HEIGHT="30" WC="0.96" CONTENT="till"/><SP WIDTH="23" VPOS="430" HPOS="1648"/>
							<String ID="string_64" HPOS="1671" VPOS="431" WIDTH="200" HEIGHT="34" WC="0.93" CONTENT="direktionen"/><SP WIDTH="23" VPOS="431" HPOS="1871"/>
							<String ID="string_65" HPOS="1894" VPOS="433" WIDTH="149" HEIGHT="39" WC="0.91" CONTENT="ingifvas;"/>
						</TextLine>
						<TextLine ID="line_6" HPOS="422" VPOS="460" WIDTH="1045" HEIGHT="45">
							<String ID="string_66" HPOS="422" VPOS="460" WIDTH="172" HEIGHT="42" WC="0.90" CONTENT="börande"/><SP WIDTH="-15" VPOS="460" HPOS="594"/>
							<String ID="string_67" HPOS="579" VPOS="456" WIDTH="22" HEIGHT="55" WC="0.96" CONTENT="i"/><SP WIDTH="15" VPOS="456" HPOS="601"/>
							<String ID="string_68" HPOS="616" VPOS="461" WIDTH="211" HEIGHT="39" WC="0.96" CONTENT="kungörelsen"/><SP WIDTH="21" VPOS="461" HPOS="827"/>
							<String ID="string_69" HPOS="848" VPOS="464" WIDTH="151" HEIGHT="32" WC="0.93" CONTENT="särskildt"/><SP WIDTH="21" VPOS="464" HPOS="999"/>
							<String ID="string_70" HPOS="1020" VPOS="466" WIDTH="144" HEIGHT="39" WC="0.92" CONTENT="angifvas"/><SP WIDTH="22" VPOS="466" HPOS="1164"/>
							<String ID="string_71" HPOS="1186" VPOS="467" WIDTH="281" HEIGHT="32" WC="0.91" CONTENT="löneförmånerna."/>
						</TextLine>
					</TextBlock>
					<TextBlock ID="block_3" HPOS="420" VPOS="503" WIDTH="1623" HEIGHT="126">
						<TextLine ID="line_7" HPOS="557" VPOS="503" WIDTH="1485" HEIGHT="55">
							<String ID="string_72" HPOS="557" VPOS="503" WIDTH="94" HEIGHT="31" WC="0.92" CONTENT="Öfver"/><SP WIDTH="22" VPOS="503" HPOS="651"/>
							<String ID="string_73" HPOS="673" VPOS="504" WIDTH="156" HEIGHT="31" WC="0.96" CONTENT="inkomna"/><SP WIDTH="15" VPOS="504" HPOS="829"/>
							<String ID="string_74" HPOS="844" VPOS="506" WIDTH="212" HEIGHT="40" WC="0.96" CONTENT="ansökningar"/><SP WIDTH="16" VPOS="506" HPOS="1056"/>
							<String ID="string_75" HPOS="1072" VPOS="508" WIDTH="83" HEIGHT="31" WC="0.96" CONTENT="skall"/><SP WIDTH="15" VPOS="508" HPOS="1155"/>
							<String ID="string_76" HPOS="1170" VPOS="509" WIDTH="233" HEIGHT="32" WC="0.96" CONTENT="vederbörande"/><SP WIDTH="14" VPOS="509" HPOS="1403"/>
							<String ID="string_77" HPOS="1417" VPOS="512" WIDTH="253" HEIGHT="32" WC="0.96" CONTENT="lasarettsläkare"/><SP WIDTH="15" VPOS="512" HPOS="1670"/>
							<String ID="string_78" HPOS="1685" VPOS="514" WIDTH="117" HEIGHT="40" WC="0.91" CONTENT="afgifva"/><SP WIDTH="14" VPOS="514" HPOS="1802"/>
							<String ID="string_79" HPOS="1816" VPOS="518" WIDTH="56" HEIGHT="30" WC="0.96" CONTENT="sitt"/><SP WIDTH="13" VPOS="518" HPOS="1872"/>
							<String ID="string_80" HPOS="1885" VPOS="519" WIDTH="157" HEIGHT="39" WC="0.96" CONTENT="yttrande,"/>
						</TextLine>
						<TextLine ID="line_8" HPOS="421" VPOS="545" WIDTH="1622" HEIGHT="55">
							<String ID="string_81" HPOS="421" VPOS="545" WIDTH="159" HEIGHT="30" WC="0.96" CONTENT="hvarefter"/><SP WIDTH="30" VPOS="545" HPOS="580"/>
							<String ID="string_82" HPOS="610" VPOS="545" WIDTH="201" HEIGHT="32" WC="0.93" CONTENT="direktionen"/><SP WIDTH="23" VPOS="545" HPOS="811"/>
							<String ID="string_83" HPOS="834" VPOS="549" WIDTH="19" HEIGHT="29" WC="0.93" CONTENT="å"/><SP WIDTH="22" VPOS="549" HPOS="853"/>
							<String ID="string_84" HPOS="875" VPOS="548" WIDTH="114" HEIGHT="40" WC="0.96" CONTENT="förslag"/><SP WIDTH="32" VPOS="548" HPOS="989"/>
							<String ID="string_85" HPOS="1021" VPOS="550" WIDTH="118" HEIGHT="40" WC="0.96" CONTENT="uppför"/><SP WIDTH="32" VPOS="550" HPOS="1139"/>
							<String ID="string_86" HPOS="1171" VPOS="554" WIDTH="46" HEIGHT="28" WC="0.96" CONTENT="tre"/><SP WIDTH="34" VPOS="554" HPOS="1217"/>
							<String ID="string_87" HPOS="1251" VPOS="552" WIDTH="97" HEIGHT="31" WC="0.96" CONTENT="bland"/><SP WIDTH="22" VPOS="552" HPOS="1348"/>
							<String ID="string_88" HPOS="1370" VPOS="553" WIDTH="39" HEIGHT="31" WC="0.96" CONTENT="de"/><SP WIDTH="22" VPOS="553" HPOS="1409"/>
							<String ID="string_89" HPOS="1431" VPOS="554" WIDTH="147" HEIGHT="38" WC="0.96" CONTENT="sökande,"/><SP WIDTH="26" VPOS="554" HPOS="1578"/>
							<String ID="string_90" HPOS="1604" VPOS="556" WIDTH="105" HEIGHT="31" WC="0.96" CONTENT="därest"/><SP WIDTH="21" VPOS="556" HPOS="1709"/>
							<String ID="string_91" HPOS="1730" VPOS="559" WIDTH="34" HEIGHT="29" WC="0.96" CONTENT="så"/><SP WIDTH="21" VPOS="559" HPOS="1764"/>
							<String ID="string_92" HPOS="1785" VPOS="561" WIDTH="117" HEIGHT="38" WC="0.96" CONTENT="många"/><SP WIDTH="20" VPOS="561" HPOS="1902"/>
							<String ID="string_93" HPOS="1922" VPOS="560" WIDTH="47" HEIGHT="40" WC="0.93" CONTENT="sig"/><SP WIDTH="21" VPOS="560" HPOS="1969"/>
							<String ID="string_94" HPOS="1990" VPOS="571" WIDTH="53" HEIGHT="20" WC="0.92" CONTENT="an-"/>
						</TextLine>
						<TextLine ID="line_9" HPOS="420" VPOS="586" WIDTH="791" HEIGHT="43">
							<String ID="string_95" HPOS="420" VPOS="588" WIDTH="88" HEIGHT="36" WC="0.88" CONTENT="mält,"/><SP WIDTH="24" VPOS="588" HPOS="508"/>
							<String ID="string_96" HPOS="532" VPOS="586" WIDTH="73" HEIGHT="32" WC="0.95" CONTENT="med"/><SP WIDTH="22" VPOS="586" HPOS="605"/>
							<String ID="string_97" HPOS="627" VPOS="588" WIDTH="106" HEIGHT="31" WC="0.95" CONTENT="förord"/><SP WIDTH="22" VPOS="588" HPOS="733"/>
							<String ID="string_98" HPOS="755" VPOS="590" WIDTH="48" HEIGHT="30" WC="0.96" CONTENT="för"/><SP WIDTH="21" VPOS="590" HPOS="803"/>
							<String ID="string_99" HPOS="824" VPOS="592" WIDTH="104" HEIGHT="37" WC="0.96" CONTENT="någon"/><SP WIDTH="22" VPOS="592" HPOS="928"/>
							<String ID="string_100" HPOS="950" VPOS="592" WIDTH="35" HEIGHT="29" WC="0.96" CONTENT="af"/><SP WIDTH="18" VPOS="592" HPOS="985"/>
							<String ID="string_101" HPOS="1003" VPOS="592" WIDTH="39" HEIGHT="30" WC="0.96" CONTENT="de"/><SP WIDTH="21" VPOS="592" HPOS="1042"/>
							<String ID="string_102" HPOS="1063" VPOS="593" WIDTH="148" HEIGHT="31" WC="0.96" CONTENT="sökande."/>
						</TextLine>
					</TextBlock>
					<TextBlock ID="block_4" HPOS="419" VPOS="629" WIDTH="1628" HEIGHT="87">
						<TextLine ID="line_10" HPOS="555" VPOS="629" WIDTH="1492" HEIGHT="54">
							<String ID="string_103" HPOS="555" VPOS="629" WIDTH="155" HEIGHT="40" WC="0.93" CONTENT="Samtliga"/><SP WIDTH="31" VPOS="629" HPOS="710"/>
							<String ID="string_104" HPOS="741" VPOS="631" WIDTH="191" HEIGHT="41" WC="0.39" CONTENT="bandlingar"/><SP WIDTH="32" VPOS="631" HPOS="932"/>
							<String ID="string_105" HPOS="964" VPOS="634" WIDTH="151" HEIGHT="32" WC="0.96" CONTENT="insändas"/><SP WIDTH="21" VPOS="634" HPOS="1115"/>
							<String ID="string_106" HPOS="1136" VPOS="635" WIDTH="134" HEIGHT="32" WC="0.96" CONTENT="därefter"/><SP WIDTH="21" VPOS="635" HPOS="1270"/>
							<String ID="string_107" HPOS="1291" VPOS="637" WIDTH="51" HEIGHT="30" WC="0.96" CONTENT="till"/><SP WIDTH="23" VPOS="637" HPOS="1342"/>
							<String ID="string_108" HPOS="1365" VPOS="637" WIDTH="336" HEIGHT="43" WC="0.90" CONTENT="medicinalstyrelsen,"/><SP WIDTH="24" VPOS="637" HPOS="1701"/>
							<String ID="string_109" HPOS="1725" VPOS="651" WIDTH="68" HEIGHT="21" WC="0.96" CONTENT="som"/><SP WIDTH="23" VPOS="651" HPOS="1793"/>
							<String ID="string_110" HPOS="1816" VPOS="642" WIDTH="47" HEIGHT="31" WC="0.96" CONTENT="för"/><SP WIDTH="21" VPOS="642" HPOS="1863"/>
							<String ID="string_111" HPOS="1884" VPOS="645" WIDTH="104" HEIGHT="38" WC="0.96" CONTENT="någon"/><SP WIDTH="23" VPOS="645" HPOS="1988"/>
							<String ID="string_112" HPOS="2011" VPOS="645" WIDTH="36" HEIGHT="30" WC="0.96" CONTENT="af"/>
						</TextLine>
						<TextLine ID="line_11" HPOS="419" VPOS="670" WIDTH="1277" HEIGHT="46">
							<String ID="string_113" HPOS="419" VPOS="670" WIDTH="39" HEIGHT="32" WC="0.96" CONTENT="de"/><SP WIDTH="22" VPOS="670" HPOS="458"/>
							<String ID="string_114" HPOS="480" VPOS="671" WIDTH="140" HEIGHT="31" WC="0.96" CONTENT="sökande"/><SP WIDTH="22" VPOS="671" HPOS="620"/>
							<String ID="string_115" HPOS="642" VPOS="672" WIDTH="143" HEIGHT="32" WC="0.96" CONTENT="utfärdar"/><SP WIDTH="22" VPOS="672" HPOS="785"/>
							<String ID="string_116" HPOS="807" VPOS="675" WIDTH="211" HEIGHT="31" WC="0.96" CONTENT="förordnande"/><SP WIDTH="23" VPOS="675" HPOS="1018"/>
							<String ID="string_117" HPOS="1041" VPOS="678" WIDTH="48" HEIGHT="29" WC="0.96" CONTENT="för"/><SP WIDTH="21" VPOS="678" HPOS="1089"/>
							<String ID="string_118" HPOS="1110" VPOS="678" WIDTH="64" HEIGHT="31" WC="0.96" CONTENT="viss"/><SP WIDTH="22" VPOS="678" HPOS="1174"/>
							<String ID="string_119" HPOS="1196" VPOS="678" WIDTH="57" HEIGHT="38" WC="0.96" CONTENT="tid,"/><SP WIDTH="23" VPOS="678" HPOS="1253"/>
							<String ID="string_120" HPOS="1276" VPOS="679" WIDTH="83" HEIGHT="31" WC="0.96" CONTENT="dock"/><SP WIDTH="23" VPOS="679" HPOS="1359"/>
							<String ID="string_121" HPOS="1382" VPOS="680" WIDTH="70" HEIGHT="31" WC="0.96" CONTENT="icke"/><SP WIDTH="22" VPOS="680" HPOS="1452"/>
							<String ID="string_122" HPOS="1474" VPOS="681" WIDTH="87" HEIGHT="31" WC="0.96" CONTENT="öfver"/><SP WIDTH="22" VPOS="681" HPOS="1561"/>
							<String ID="string_123" HPOS="1583" VPOS="685" WIDTH="47" HEIGHT="28" WC="0.95" CONTENT="tre"/><SP WIDTH="23" VPOS="685" HPOS="1630"/>
							<String ID="string_124" HPOS="1653" VPOS="684" WIDTH="43" HEIGHT="29" WC="0.96" CONTENT="år."/>
						</TextLine>
					</TextBlock>
					<TextBlock ID="block_5" HPOS="418" VPOS="714" WIDTH="1622" HEIGHT="82">
						<TextLine ID="line_12" HPOS="553" VPOS="714" WIDTH="1487" HEIGHT="48">
							<String ID="string_125" HPOS="553" VPOS="714" WIDTH="217" HEIGHT="32" WC="0.92" CONTENT="Underläkare"/><SP WIDTH="21" VPOS="714" HPOS="770"/>
							<String ID="string_126" HPOS="791" VPOS="719" WIDTH="35" HEIGHT="28" WC="0.95" CONTENT="är"/><SP WIDTH="21" VPOS="719" HPOS="826"/>
							<String ID="string_127" HPOS="847" VPOS="717" WIDTH="126" HEIGHT="40" WC="0.96" CONTENT="skyldig"/><SP WIDTH="22" VPOS="717" HPOS="973"/>
							<String ID="string_128" HPOS="995" VPOS="719" WIDTH="142" HEIGHT="31" WC="0.96" CONTENT="tillträda"/><SP WIDTH="22" VPOS="719" HPOS="1137"/>
							<String ID="string_129" HPOS="1159" VPOS="721" WIDTH="49" HEIGHT="30" WC="0.96" CONTENT="sin"/><SP WIDTH="23" VPOS="721" HPOS="1208"/>
							<String ID="string_130" HPOS="1231" VPOS="723" WIDTH="100" HEIGHT="38" WC="0.96" CONTENT="tjänst"/><SP WIDTH="21" VPOS="723" HPOS="1331"/>
							<String ID="string_131" HPOS="1352" VPOS="726" WIDTH="106" HEIGHT="28" WC="0.96" CONTENT="senast"/><SP WIDTH="21" VPOS="726" HPOS="1458"/>
							<String ID="string_132" HPOS="1479" VPOS="734" WIDTH="39" HEIGHT="20" WC="0.96" CONTENT="en"/><SP WIDTH="22" VPOS="734" HPOS="1518"/>
							<String ID="string_133" HPOS="1540" VPOS="725" WIDTH="129" HEIGHT="37" WC="0.96" CONTENT="månad,"/><SP WIDTH="25" VPOS="725" HPOS="1669"/>
							<String ID="string_134" HPOS="1694" VPOS="725" WIDTH="76" HEIGHT="31" WC="0.96" CONTENT="efter"/><SP WIDTH="20" VPOS="725" HPOS="1770"/>
							<String ID="string_135" HPOS="1790" VPOS="726" WIDTH="53" HEIGHT="32" WC="0.93" CONTENT="det"/><SP WIDTH="15" VPOS="726" HPOS="1843"/>
							<String ID="string_136" HPOS="1858" VPOS="727" WIDTH="182" HEIGHT="33" WC="0.92" CONTENT="förordnan-"/>
						</TextLine>
						<TextLine ID="line_13" HPOS="418" VPOS="755" WIDTH="400" HEIGHT="41">
							<String ID="string_137" HPOS="418" VPOS="755" WIDTH="54" HEIGHT="31" WC="0.96" CONTENT="det"/><SP WIDTH="22" VPOS="755" HPOS="472"/>
							<String ID="string_138" HPOS="494" VPOS="756" WIDTH="117" HEIGHT="31" WC="0.96" CONTENT="vunnit"/><SP WIDTH="22" VPOS="756" HPOS="611"/>
							<String ID="string_139" HPOS="633" VPOS="757" WIDTH="71" HEIGHT="39" WC="0.96" CONTENT="laga"/><SP WIDTH="22" VPOS="757" HPOS="704"/>
							<String ID="string_140" HPOS="726" VPOS="758" WIDTH="92" HEIGHT="31" WC="0.96" CONTENT="kraft."/>
						</TextLine>
					</TextBlock>
					<TextBlock ID="block_6" HPOS="418" VPOS="798" WIDTH="1622" HEIGHT="88">
						<TextLine ID="line_14" HPOS="554" VPOS="798" WIDTH="1486" HEIGHT="50">
							<String ID="string_141" HPOS="554" VPOS="798" WIDTH="100" HEIGHT="32" WC="0.96" CONTENT="Mom."/><SP WIDTH="24" VPOS="798" HPOS="654"/>
							<String ID="string_142" HPOS="678" VPOS="801" WIDTH="30" HEIGHT="29" WC="0.95" CONTENT="4."/><SP WIDTH="44" VPOS="801" HPOS="708"/>
							<String ID="string_143" HPOS="752" VPOS="801" WIDTH="200" HEIGHT="31" WC="0.89" CONTENT="Beträffande"/><SP WIDTH="32" VPOS="801" HPOS="952"/>
							<String ID="string_144" HPOS="984" VPOS="802" WIDTH="187" HEIGHT="40" WC="0.96" CONTENT="felaktighet"/><SP WIDTH="32" VPOS="802" HPOS="1171"/>
							<String ID="string_145" HPOS="1203" VPOS="805" WIDTH="60" HEIGHT="31" WC="0.96" CONTENT="och"/><SP WIDTH="33" VPOS="805" HPOS="1263"/>
							<String ID="string_146" HPOS="1296" VPOS="806" WIDTH="217" HEIGHT="32" WC="0.96" CONTENT="försummelse"/><SP WIDTH="33" VPOS="806" HPOS="1513"/>
							<String ID="string_147" HPOS="1546" VPOS="808" WIDTH="11" HEIGHT="30" WC="0.96" CONTENT="i"/><SP WIDTH="34" VPOS="808" HPOS="1557"/>
							<String ID="string_148" HPOS="1591" VPOS="811" WIDTH="141" HEIGHT="37" WC="0.96" CONTENT="tjänsten"/><SP WIDTH="34" VPOS="811" HPOS="1732"/>
							<String ID="string_149" HPOS="1766" VPOS="812" WIDTH="32" HEIGHT="29" WC="0.96" CONTENT="af"/><SP WIDTH="32" VPOS="812" HPOS="1798"/>
							<String ID="string_150" HPOS="1830" VPOS="812" WIDTH="210" HEIGHT="32" WC="0.96" CONTENT="underläkare"/>
						</TextLine>
						<TextLine ID="line_15" HPOS="418" VPOS="840" WIDTH="1200" HEIGHT="46">
							<String ID="string_151" HPOS="418" VPOS="840" WIDTH="96" HEIGHT="38" WC="0.95" CONTENT="gäller"/><SP WIDTH="23" VPOS="840" HPOS="514"/>
							<String ID="string_152" HPOS="537" VPOS="840" WIDTH="11" HEIGHT="30" WC="0.96" CONTENT="i"/><SP WIDTH="22" VPOS="840" HPOS="548"/>
							<String ID="string_153" HPOS="570" VPOS="841" WIDTH="192" HEIGHT="41" WC="0.96" CONTENT="tillämpliga"/><SP WIDTH="22" VPOS="841" HPOS="762"/>
							<String ID="string_154" HPOS="784" VPOS="843" WIDTH="87" HEIGHT="31" WC="0.96" CONTENT="delar"/><SP WIDTH="21" VPOS="843" HPOS="871"/>
							<String ID="string_155" HPOS="892" VPOS="844" WIDTH="85" HEIGHT="31" WC="0.96" CONTENT="hvad"/><SP WIDTH="22" VPOS="844" HPOS="977"/>
							<String ID="string_156" HPOS="999" VPOS="846" WIDTH="11" HEIGHT="29" WC="0.96" CONTENT="i"/><SP WIDTH="22" VPOS="846" HPOS="1010"/>
							<String ID="string_157" HPOS="1032" VPOS="845" WIDTH="19" HEIGHT="38" WC="0.59" CONTENT="8"/><SP WIDTH="24" VPOS="845" HPOS="1051"/>
							<String ID="string_158" HPOS="1075" VPOS="847" WIDTH="40" HEIGHT="29" WC="0.96" CONTENT="26"/><SP WIDTH="23" VPOS="847" HPOS="1115"/>
							<String ID="string_159" HPOS="1138" VPOS="847" WIDTH="123" HEIGHT="39" WC="0.96" CONTENT="stadgas"/><SP WIDTH="23" VPOS="847" HPOS="1261"/>
							<String ID="string_160" HPOS="1284" VPOS="858" WIDTH="52" HEIGHT="20" WC="0.96" CONTENT="om"/><SP WIDTH="24" VPOS="858" HPOS="1336"/>
							<String ID="string_161" HPOS="1360" VPOS="849" WIDTH="258" HEIGHT="32" WC="0.96" CONTENT="lasarettsläkare."/>
						</TextLine>
					</TextBlock>
					<TextBlock ID="block_7" HPOS="416" VPOS="882" WIDTH="1623" HEIGHT="177">
						<TextLine ID="line_16" HPOS="552" VPOS="882" WIDTH="1487" HEIGHT="53">
							<String ID="string_162" HPOS="552" VPOS="882" WIDTH="102" HEIGHT="32" WC="0.95" CONTENT="Mom."/><SP WIDTH="24" VPOS="882" HPOS="654"/>
							<String ID="string_163" HPOS="678" VPOS="885" WIDTH="29" HEIGHT="30" WC="0.85" CONTENT="5."/><SP WIDTH="44" VPOS="885" HPOS="707"/>
							<String ID="string_164" HPOS="751" VPOS="885" WIDTH="216" HEIGHT="32" WC="0.82" CONTENT="Underläkare"/><SP WIDTH="32" VPOS="885" HPOS="967"/>
							<String ID="string_165" HPOS="999" VPOS="887" WIDTH="56" HEIGHT="31" WC="0.96" CONTENT="bör"/><SP WIDTH="28" VPOS="887" HPOS="1055"/>
							<String ID="string_166" HPOS="1083" VPOS="898" WIDTH="75" HEIGHT="21" WC="0.96" CONTENT="vara"/><SP WIDTH="22" VPOS="898" HPOS="1158"/>
							<String ID="string_167" HPOS="1180" VPOS="889" WIDTH="122" HEIGHT="31" WC="0.96" CONTENT="boende"/><SP WIDTH="23" VPOS="889" HPOS="1302"/>
							<String ID="string_168" HPOS="1325" VPOS="891" WIDTH="89" HEIGHT="31" WC="0.95" CONTENT="inom"/><SP WIDTH="23" VPOS="891" HPOS="1414"/>
							<String ID="string_169" HPOS="1437" VPOS="892" WIDTH="173" HEIGHT="39" WC="0.95" CONTENT="lasarettet;"/><SP WIDTH="25" VPOS="892" HPOS="1610"/>
							<String ID="string_170" HPOS="1635" VPOS="894" WIDTH="121" HEIGHT="31" WC="0.96" CONTENT="honom"/><SP WIDTH="22" VPOS="894" HPOS="1756"/>
							<String ID="string_171" HPOS="1778" VPOS="895" WIDTH="116" HEIGHT="40" WC="0.95" CONTENT="åligger"/><SP WIDTH="22" VPOS="895" HPOS="1894"/>
							<String ID="string_172" HPOS="1916" VPOS="900" WIDTH="46" HEIGHT="28" WC="0.96" CONTENT="att"/><SP WIDTH="22" VPOS="900" HPOS="1962"/>
							<String ID="string_173" HPOS="1984" VPOS="898" WIDTH="55" HEIGHT="30" WC="0.96" CONTENT="vid"/>
						</TextLine>
						<TextLine ID="line_17" HPOS="417" VPOS="924" WIDTH="1621" HEIGHT="46">
							<String ID="string_174" HPOS="417" VPOS="924" WIDTH="192" HEIGHT="40" WC="0.93" CONTENT="sjukvården"/><SP WIDTH="22" VPOS="924" HPOS="609"/>
							<String ID="string_175" HPOS="631" VPOS="926" WIDTH="200" HEIGHT="40" WC="0.91" CONTENT="tillhandagå"/><SP WIDTH="23" VPOS="926" HPOS="831"/>
							<String ID="string_176" HPOS="854" VPOS="928" WIDTH="231" HEIGHT="32" WC="0.96" CONTENT="vederbörande"/><SP WIDTH="22" VPOS="928" HPOS="1085"/>
							<String ID="string_177" HPOS="1107" VPOS="931" WIDTH="252" HEIGHT="32" WC="0.96" CONTENT="lasarettsläkare"/><SP WIDTH="22" VPOS="931" HPOS="1359"/>
							<String ID="string_178" HPOS="1381" VPOS="937" WIDTH="82" HEIGHT="28" WC="0.96" CONTENT="samt"/><SP WIDTH="22" VPOS="937" HPOS="1463"/>
							<String ID="string_179" HPOS="1485" VPOS="938" WIDTH="47" HEIGHT="27" WC="0.96" CONTENT="att"/><SP WIDTH="22" VPOS="938" HPOS="1532"/>
							<String ID="string_180" HPOS="1554" VPOS="938" WIDTH="142" HEIGHT="29" WC="0.96" CONTENT="närmast"/><SP WIDTH="22" VPOS="938" HPOS="1696"/>
							<String ID="string_181" HPOS="1718" VPOS="938" WIDTH="102" HEIGHT="30" WC="0.96" CONTENT="under"/><SP WIDTH="19" VPOS="938" HPOS="1820"/>
							<String ID="string_182" HPOS="1839" VPOS="939" WIDTH="120" HEIGHT="31" WC="0.93" CONTENT="honom"/><SP WIDTH="17" VPOS="939" HPOS="1959"/>
							<String ID="string_183" HPOS="1976" VPOS="950" WIDTH="62" HEIGHT="20" WC="0.87" CONTENT="om-"/>
						</TextLine>
						<TextLine ID="line_18" HPOS="416" VPOS="966" WIDTH="1623" HEIGHT="55">
							<String ID="string_184" HPOS="416" VPOS="966" WIDTH="121" HEIGHT="41" WC="0.91" CONTENT="besörja"/><SP WIDTH="32" VPOS="966" HPOS="537"/>
							<String ID="string_185" HPOS="569" VPOS="968" WIDTH="61" HEIGHT="30" WC="0.93" CONTENT="och"/><SP WIDTH="35" VPOS="968" HPOS="630"/>
							<String ID="string_186" HPOS="665" VPOS="968" WIDTH="97" HEIGHT="32" WC="0.93" CONTENT="hafva"/><SP WIDTH="32" VPOS="968" HPOS="762"/>
							<String ID="string_187" HPOS="794" VPOS="970" WIDTH="110" HEIGHT="39" WC="0.94" CONTENT="tillsyn"/><SP WIDTH="28" VPOS="970" HPOS="904"/>
							<String ID="string_188" HPOS="932" VPOS="971" WIDTH="86" HEIGHT="31" WC="0.96" CONTENT="öfver"/><SP WIDTH="22" VPOS="971" HPOS="1018"/>
							<String ID="string_189" HPOS="1040" VPOS="972" WIDTH="39" HEIGHT="31" WC="0.93" CONTENT="de"/><SP WIDTH="22" VPOS="972" HPOS="1079"/>
							<String ID="string_190" HPOS="1101" VPOS="973" WIDTH="106" HEIGHT="40" WC="0.92" CONTENT="sjukes"/><SP WIDTH="23" VPOS="973" HPOS="1207"/>
							<String ID="string_191" HPOS="1230" VPOS="974" WIDTH="203" HEIGHT="40" WC="0.96" CONTENT="behandling,"/><SP WIDTH="25" VPOS="974" HPOS="1433"/>
							<String ID="string_192" HPOS="1458" VPOS="977" WIDTH="59" HEIGHT="30" WC="0.96" CONTENT="och"/><SP WIDTH="23" VPOS="977" HPOS="1517"/>
							<String ID="string_193" HPOS="1540" VPOS="980" WIDTH="72" HEIGHT="36" WC="0.96" CONTENT="äger"/><SP WIDTH="22" VPOS="980" HPOS="1612"/>
							<String ID="string_194" HPOS="1634" VPOS="979" WIDTH="66" HEIGHT="30" WC="0.96" CONTENT="han"/><SP WIDTH="22" VPOS="979" HPOS="1700"/>
							<String ID="string_195" HPOS="1722" VPOS="980" WIDTH="104" HEIGHT="30" WC="0.96" CONTENT="därför"/><SP WIDTH="21" VPOS="980" HPOS="1826"/>
							<String ID="string_196" HPOS="1847" VPOS="984" WIDTH="47" HEIGHT="27" WC="0.96" CONTENT="att"/><SP WIDTH="22" VPOS="984" HPOS="1894"/>
							<String ID="string_197" HPOS="1916" VPOS="982" WIDTH="123" HEIGHT="39" WC="0.96" CONTENT="åtnjuta"/>
						</TextLine>
						<TextLine ID="line_19" HPOS="416" VPOS="1008" WIDTH="1345" HEIGHT="51">
							<String ID="string_198" HPOS="416" VPOS="1008" WIDTH="121" HEIGHT="40" WC="0.96" CONTENT="lydnad"/><SP WIDTH="32" VPOS="1008" HPOS="537"/>
							<String ID="string_199" HPOS="569" VPOS="1010" WIDTH="60" HEIGHT="31" WC="0.92" CONTENT="och"/><SP WIDTH="23" VPOS="1010" HPOS="629"/>
							<String ID="string_200" HPOS="652" VPOS="1011" WIDTH="183" HEIGHT="32" WC="0.92" CONTENT="hörsamhet"/><SP WIDTH="21" VPOS="1011" HPOS="835"/>
							<String ID="string_201" HPOS="856" VPOS="1013" WIDTH="35" HEIGHT="29" WC="0.93" CONTENT="af"/><SP WIDTH="19" VPOS="1013" HPOS="891"/>
							<String ID="string_202" HPOS="910" VPOS="1014" WIDTH="173" HEIGHT="31" WC="0.92" CONTENT="lasarettets"/><SP WIDTH="23" VPOS="1014" HPOS="1083"/>
							<String ID="string_203" HPOS="1106" VPOS="1015" WIDTH="162" HEIGHT="40" WC="0.96" CONTENT="betjäning"/><SP WIDTH="21" VPOS="1015" HPOS="1268"/>
							<String ID="string_204" HPOS="1289" VPOS="1017" WIDTH="11" HEIGHT="29" WC="0.96" CONTENT="i"/><SP WIDTH="23" VPOS="1017" HPOS="1300"/>
							<String ID="string_205" HPOS="1323" VPOS="1017" WIDTH="58" HEIGHT="31" WC="0.96" CONTENT="allt"/><SP WIDTH="21" VPOS="1017" HPOS="1381"/>
							<String ID="string_206" HPOS="1402" VPOS="1018" WIDTH="85" HEIGHT="31" WC="0.96" CONTENT="hvad"/><SP WIDTH="23" VPOS="1018" HPOS="1487"/>
							<String ID="string_207" HPOS="1510" VPOS="1019" WIDTH="138" HEIGHT="40" WC="0.93" CONTENT="tjänsten"/><SP WIDTH="23" VPOS="1019" HPOS="1648"/>
							<String ID="string_208" HPOS="1671" VPOS="1024" WIDTH="90" HEIGHT="28" WC="0.92" CONTENT="rörer."/>
						</TextLine>
					</TextBlock>
					<TextBlock ID="block_8" HPOS="551" VPOS="1052" WIDTH="1485" HEIGHT="59">
						<TextLine ID="line_20" HPOS="551" VPOS="1052" WIDTH="1485" HEIGHT="59">
							<String ID="string_209" HPOS="551" VPOS="1052" WIDTH="65" HEIGHT="30" WC="0.96" CONTENT="Vid"/><SP WIDTH="11" VPOS="1052" HPOS="616"/>
							<String ID="string_210" HPOS="627" VPOS="1052" WIDTH="155" HEIGHT="41" WC="0.96" CONTENT="tillfälligt"/><SP WIDTH="10" VPOS="1052" HPOS="782"/>
							<String ID="string_211" HPOS="792" VPOS="1054" WIDTH="104" HEIGHT="31" WC="0.96" CONTENT="förfall"/><SP WIDTH="12" VPOS="1054" HPOS="896"/>
							<String ID="string_212" HPOS="908" VPOS="1055" WIDTH="47" HEIGHT="31" WC="0.92" CONTENT="för"/><SP WIDTH="11" VPOS="1055" HPOS="955"/>
							<String ID="string_213" HPOS="966" VPOS="1056" WIDTH="272" HEIGHT="33" WC="0.92" CONTENT="lasarettsläkaren"/><SP WIDTH="12" VPOS="1056" HPOS="1238"/>
							<String ID="string_214" HPOS="1250" VPOS="1060" WIDTH="58" HEIGHT="29" WC="0.93" CONTENT="har"/><SP WIDTH="12" VPOS="1060" HPOS="1308"/>
							<String ID="string_215" HPOS="1320" VPOS="1059" WIDTH="231" HEIGHT="33" WC="0.91" CONTENT="underläkaren"/><SP WIDTH="10" VPOS="1059" HPOS="1551"/>
							<String ID="string_216" HPOS="1561" VPOS="1065" WIDTH="47" HEIGHT="28" WC="0.96" CONTENT="att"/><SP WIDTH="10" VPOS="1065" HPOS="1608"/>
							<String ID="string_217" HPOS="1618" VPOS="1064" WIDTH="173" HEIGHT="39" WC="0.96" CONTENT="uppehålla"/><SP WIDTH="9" VPOS="1064" HPOS="1791"/>
							<String ID="string_218" HPOS="1800" VPOS="1064" WIDTH="119" HEIGHT="32" WC="0.96" CONTENT="dennes"/><SP WIDTH="9" VPOS="1064" HPOS="1919"/>
							<String ID="string_219" HPOS="1928" VPOS="1062" WIDTH="108" HEIGHT="49" WC="0.96" CONTENT="tjänst."/>
						</TextLine>
					</TextBlock>
					<TextBlock ID="block_9" HPOS="416" VPOS="1095" WIDTH="1620" HEIGHT="131">
						<TextLine ID="line_21" HPOS="550" VPOS="1095" WIDTH="1486" HEIGHT="56">
							<String ID="string_220" HPOS="550" VPOS="1095" WIDTH="101" HEIGHT="30" WC="0.91" CONTENT="Anses"/><SP WIDTH="33" VPOS="1095" HPOS="651"/>
							<String ID="string_221" HPOS="684" VPOS="1096" WIDTH="122" HEIGHT="30" WC="0.91" CONTENT="utöfver"/><SP WIDTH="32" VPOS="1096" HPOS="806"/>
							<String ID="string_222" HPOS="838" VPOS="1096" WIDTH="90" HEIGHT="32" WC="0.96" CONTENT="dessa"/><SP WIDTH="32" VPOS="1096" HPOS="928"/>
							<String ID="string_223" HPOS="960" VPOS="1098" WIDTH="234" HEIGHT="33" WC="0.95" CONTENT="bestämmelser"/><SP WIDTH="21" VPOS="1098" HPOS="1194"/>
							<String ID="string_224" HPOS="1215" VPOS="1101" WIDTH="135" HEIGHT="31" WC="0.96" CONTENT="särskild"/><SP WIDTH="23" VPOS="1101" HPOS="1350"/>
							<String ID="string_225" HPOS="1373" VPOS="1103" WIDTH="195" HEIGHT="31" WC="0.96" CONTENT="instruktion"/><SP WIDTH="22" VPOS="1103" HPOS="1568"/>
							<String ID="string_226" HPOS="1590" VPOS="1104" WIDTH="50" HEIGHT="31" WC="0.96" CONTENT="för"/><SP WIDTH="21" VPOS="1104" HPOS="1640"/>
							<String ID="string_227" HPOS="1661" VPOS="1105" WIDTH="208" HEIGHT="32" WC="0.96" CONTENT="underläkare"/><SP WIDTH="23" VPOS="1105" HPOS="1869"/>
							<String ID="string_228" HPOS="1892" VPOS="1104" WIDTH="144" HEIGHT="47" WC="0.91" CONTENT="behöflig,"/>
						</TextLine>
						<TextLine ID="line_22" HPOS="416" VPOS="1135" WIDTH="1620" HEIGHT="51">
							<String ID="string_229" HPOS="416" VPOS="1138" WIDTH="71" HEIGHT="36" WC="0.95" CONTENT="äger"/><SP WIDTH="21" VPOS="1138" HPOS="487"/>
							<String ID="string_230" HPOS="508" VPOS="1135" WIDTH="202" HEIGHT="33" WC="0.95" CONTENT="direktionen"/><SP WIDTH="21" VPOS="1135" HPOS="710"/>
							<String ID="string_231" HPOS="731" VPOS="1141" WIDTH="47" HEIGHT="28" WC="0.96" CONTENT="att"/><SP WIDTH="21" VPOS="1141" HPOS="778"/>
							<String ID="string_232" HPOS="799" VPOS="1139" WIDTH="78" HEIGHT="30" WC="0.93" CONTENT="efter"/><SP WIDTH="21" VPOS="1139" HPOS="877"/>
							<String ID="string_233" HPOS="898" VPOS="1140" WIDTH="289" HEIGHT="33" WC="0.90" CONTENT="lasarettsläkarens"/><SP WIDTH="21" VPOS="1140" HPOS="1187"/>
							<String ID="string_234" HPOS="1208" VPOS="1143" WIDTH="141" HEIGHT="31" WC="0.93" CONTENT="hörande"/><SP WIDTH="22" VPOS="1143" HPOS="1349"/>
							<String ID="string_235" HPOS="1371" VPOS="1149" WIDTH="142" HEIGHT="35" WC="0.89" CONTENT="uppgöra"/><SP WIDTH="18" VPOS="1149" HPOS="1513"/>
							<String ID="string_236" HPOS="1531" VPOS="1147" WIDTH="117" HEIGHT="39" WC="0.96" CONTENT="förslag"/><SP WIDTH="14" VPOS="1147" HPOS="1648"/>
							<String ID="string_237" HPOS="1662" VPOS="1148" WIDTH="51" HEIGHT="30" WC="0.96" CONTENT="till"/><SP WIDTH="14" VPOS="1148" HPOS="1713"/>
							<String ID="string_238" HPOS="1727" VPOS="1148" WIDTH="98" HEIGHT="32" WC="0.96" CONTENT="sådan"/><SP WIDTH="17" VPOS="1148" HPOS="1825"/>
							<String ID="string_239" HPOS="1842" VPOS="1150" WIDTH="194" HEIGHT="31" WC="0.96" CONTENT="instruktion"/>
						</TextLine>
						<TextLine ID="line_23" HPOS="417" VPOS="1178" WIDTH="1332" HEIGHT="48">
							<String ID="string_240" HPOS="417" VPOS="1178" WIDTH="59" HEIGHT="30" WC="0.91" CONTENT="och"/><SP WIDTH="22" VPOS="1178" HPOS="476"/>
							<String ID="string_241" HPOS="498" VPOS="1178" WIDTH="197" HEIGHT="32" WC="0.90" CONTENT="underställa"/><SP WIDTH="21" VPOS="1178" HPOS="695"/>
							<String ID="string_242" HPOS="716" VPOS="1180" WIDTH="186" HEIGHT="32" WC="0.92" CONTENT="densamma"/><SP WIDTH="21" VPOS="1180" HPOS="902"/>
							<String ID="string_243" HPOS="923" VPOS="1182" WIDTH="341" HEIGHT="43" WC="0.90" CONTENT="medicinalstyrelsens"/><SP WIDTH="21" VPOS="1182" HPOS="1264"/>
							<String ID="string_244" HPOS="1285" VPOS="1186" WIDTH="151" HEIGHT="40" WC="0.92" CONTENT="pröfning"/><SP WIDTH="22" VPOS="1186" HPOS="1436"/>
							<String ID="string_245" HPOS="1458" VPOS="1188" WIDTH="59" HEIGHT="31" WC="0.96" CONTENT="och"/><SP WIDTH="24" VPOS="1188" HPOS="1517"/>
							<String ID="string_246" HPOS="1541" VPOS="1188" WIDTH="208" HEIGHT="33" WC="0.96" CONTENT="fastställelse."/>
						</TextLine>
					</TextBlock>
				</ComposedBlock>
				<GraphicalElement ID="cblock_2" HPOS="1023" VPOS="1317" WIDTH="404" HEIGHT="7"></GraphicalElement >
				<GraphicalElement ID="cblock_3" HPOS="1042" VPOS="2208" WIDTH="508" HEIGHT="10"></GraphicalElement >
				<GraphicalElement ID="cblock_4" HPOS="865" VPOS="2206" WIDTH="685" HEIGHT="13"></GraphicalElement >
				<ComposedBlock ID="cblock_5" HPOS="814" VPOS="2233" WIDTH="806" HEIGHT="44">
					<TextBlock ID="block_10" HPOS="814" VPOS="2233" WIDTH="806" HEIGHT="44">
						<TextLine ID="line_24" HPOS="814" VPOS="2233" WIDTH="806" HEIGHT="44">
							<String ID="string_247" HPOS="814" VPOS="2233" WIDTH="182" HEIGHT="37" WC="0.93" CONTENT="Stockholm,"/><SP WIDTH="24" VPOS="2233" HPOS="996"/>
							<String ID="string_248" HPOS="1020" VPOS="2236" WIDTH="34" HEIGHT="29" WC="0.91" CONTENT="K."/><SP WIDTH="26" VPOS="2236" HPOS="1054"/>
							<String ID="string_249" HPOS="1080" VPOS="2237" WIDTH="30" HEIGHT="28" WC="0.92" CONTENT="B."/><SP WIDTH="26" VPOS="2237" HPOS="1110"/>
							<String ID="string_250" HPOS="1136" VPOS="2237" WIDTH="152" HEIGHT="30" WC="0.96" CONTENT="Boströms"/><SP WIDTH="21" VPOS="2237" HPOS="1288"/>
							<String ID="string_251" HPOS="1309" VPOS="2239" WIDTH="202" HEIGHT="38" WC="0.95" CONTENT="Boktryckeri,"/><SP WIDTH="19" VPOS="2239" HPOS="1511"/>
							<String ID="string_252" HPOS="1530" VPOS="2241" WIDTH="90" HEIGHT="28" WC="0.96" CONTENT="1909."/>
						</TextLine>
					</TextBlock>
				</ComposedBlock>
			</PrintSpace>
		</Page>
	</Layout>
</alto>
