1874 2776
291 157 37 29 10
586 160 406 39 Bevillningsutskottets
1010 163 219 31 betänkande
1246 175 43 19 nr
1306 166 41 29 26
1363 166 39 29 år
1420 167 82 29 1957

295 242 238 40 nedskärning
563 244 81 30 eller
674 247 49 28 ett
754 247 263 39 uppskjutande
1048 258 41 20 av
1119 250 187 39 planerade
1338 251 260 41 investeringar.
1631 254 165 40 Departe-

295 292 235 30 mentschefen
551 293 131 30 hävdar
707 297 48 27 alt
778 296 163 30 eftersom
964 298 99 29 dessa
1086 299 121 38 planer
1230 301 154 38 präglats
1408 311 41 21 av
1472 311 42 20 en
1538 304 10 28 i
1574 304 220 30 förhållande

294 342 52 29 till
369 352 42 20 en
433 343 207 32 balanserad
664 346 208 31 ekonomisk
895 350 199 39 utveckling
1117 351 55 30 för
1195 352 96 39 långt
1315 353 129 39 gående
1468 354 189 39 optimism,
1682 357 39 28 är
1744 366 51 20 re-

293 393 143 30 sultatet
462 403 43 20 av
530 396 67 28 den
622 396 100 31 förda
750 398 230 31 ekonomiska
1006 400 169 39 politiken
1202 402 192 39 ingalunda
1420 406 48 27 ett
1494 406 140 38 uttryck
1661 406 55 30 för
1743 408 50 28 att

294 441 209 39 åtgärderna
528 445 121 30 drivits
676 446 55 30 för
756 447 106 39 långt,
889 451 85 27 utan
1001 450 94 29 visar
1121 453 151 28 tvärtom
1298 455 50 27 att
1374 454 167 38 politiken
1571 455 65 30 fått
1664 457 128 30 avsedd

291 493 122 30 effekt.
437 495 86 29 Fick
546 497 41 29 de
610 497 161 31 enskilda
795 498 178 41 företagen
998 501 180 31 ohämmat
1202 504 86 29 söka
1313 505 202 38 genomföra
1541 506 76 30 sina
1641 508 151 39 projekt,

291 543 113 30 skulle
428 545 135 39 följden
585 547 48 29 bli
657 557 43 20 en
723 548 270 32 inflationistisk
1017 553 210 40 utveckling,
1253 555 63 29 där
1340 555 269 41 prisstegringar
1633 558 83 29 kom
1741 561 51 27 att

290 595 229 31 neutralisera
545 597 40 29 de
609 598 200 40 ytterligare
834 600 123 40 belopp
983 611 76 20 som
1083 604 41 29 de
1148 604 160 31 enskilda
1333 606 179 40 företagen
1536 609 112 29 satsar
1672 610 44 38 på
1740 609 51 29 in-

289 645 215 40 vesteringar
528 647 65 29 och
616 650 410 41 produktionsökningar
1049 653 84 29 eller
1156 655 63 29 där
1243 657 49 27 elt
1317 656 81 30 ökat
1423 659 174 37 utrymme
1622 659 55 29 för
1701 659 90 31 före-

292 695 377 42 tagsinvesteringarna
703 700 113 30 skulle
850 701 233 40 frampressas
1116 712 125 31 genom
1273 708 51 27 att
1357 707 316 31 konsumenternas
1707 710 84 40 köp-

289 744 96 30 kraft
406 747 176 39 tvångsvis
604 750 185 30 reduceras
812 751 51 30 till
885 752 89 40 följd
997 763 42 19 av
1060 754 108 39 höjda
1189 756 122 39 priser.
1335 757 319 41 Prisstegringarna
1677 761 113 30 skulle

289 794 81 31 med
394 797 110 30 andra
530 799 61 29 ord
619 801 100 29 träda
746 801 9 29 i
784 801 132 31 finans-
943 804 64 29 och
1035 805 306 39 kreditpolitikens
1370 809 98 29 ställe
1496 810 117 29 såsom
1639 811 67 29 den
1733 811 57 30 be-

286 846 340 41 gränsningsfaktor,
650 850 119 30 vilken
793 852 110 30 håller
928 854 66 29 den
1019 856 93 29 reala
1137 856 246 41 investerings-
1407 859 64 29 och
1497 861 292 38 produktionsvo-

287 896 116 38 lymen
425 897 97 30 inom
544 908 119 21 ramen
687 901 55 30 för
765 903 41 29 de
830 903 214 41 tillgängliga
1067 915 205 22 resurserna
1295 909 77 29 med
1396 911 168 29 avseende
1587 912 45 39 på
1654 913 134 29 valuta-

283 955 126 26 reserv,
426 948 222 37 arbetskraft,
664 953 498 42 produktionsanläggningar,
1179 958 153 36 råvaror,
1350 960 189 30 drivmedel
1556 962 64 29 och
1636 962 151 30 bränsle.

329 1001 64 30 Det
416 1002 118 31 kunde
558 1004 235 39 ifrågasättas,
819 1006 205 33 framhåller
1048 1008 386 39 departementschefen
1458 1011 128 34 vidare,
1612 1012 175 31 huruvida

285 1051 70 30 inte
374 1053 79 29 med
470 1053 137 40 hänsyn
625 1055 52 30 till
696 1056 67 29 den
782 1057 108 29 redan
907 1057 164 31 inträdda
1089 1060 238 39 dämpningen
1346 1061 44 39 på
1409 1062 40 29 de
1469 1062 221 31 industriella
1708 1073 79 30 pro-

283 1102 183 30 duktions-
489 1104 64 29 och
576 1104 424 41 investeringsområdena
1024 1109 212 39 tidpunkten
1259 1120 47 20 nu
1331 1113 39 28 är
1392 1112 81 29 inne
1497 1115 50 28 att
1571 1114 104 39 något
1700 1115 86 29 lätta

282 1152 46 39 på
349 1153 40 29 de
411 1153 80 31 hårt
512 1155 170 39 åtdragna
702 1157 217 30 bromsarna.
942 1158 26 29 Å
992 1160 109 29 andra
1125 1160 100 30 sidan
1248 1161 118 30 finner
1388 1159 396 47 departementschefen,

283 1204 50 27 att
353 1212 82 21 man
454 1204 71 30 inte
545 1205 69 30 kan
632 1206 117 31 bortse
770 1208 79 30 från
870 1209 40 29 de
930 1210 128 39 många
1077 1211 160 39 utslagen
1257 1221 43 20 av
1319 1222 42 20 en
1382 1213 152 39 alltjämt
1554 1215 230 39 kvardröjan-

281 1253 42 29 de
342 1253 267 32 inflationistisk
629 1257 175 40 spänning
822 1258 10 29 i
851 1260 66 28 den
936 1261 149 29 svenska
1104 1262 200 34 ekonomin,
1323 1264 63 29 där
1404 1264 41 29 de
1463 1264 185 40 viktigaste
1667 1267 38 28 är
1724 1266 60 39 by-

283 1302 239 31 tesbalansens
553 1305 64 29 och
644 1307 302 31 valutareservens
976 1310 233 39 oförmånliga
1240 1313 209 39 utveckling.
1480 1315 116 39 Enligt
1625 1316 158 39 departe-

282 1354 259 31 mentschefens
558 1356 212 42 bedömning
786 1359 103 30 krävs
906 1360 121 30 därför
1043 1361 10 29 i
1071 1362 128 39 dagens
1218 1363 168 30 situation
1403 1374 42 20 en
1463 1366 178 30 restriktiv
1658 1367 126 39 politik

279 1413 43 20 av
342 1404 242 32 oförminskad
606 1408 131 38 styrka.

323 1459 64 29 Det
405 1460 39 28 är
460 1462 72 27 mot
549 1460 230 39 bakgrunden
798 1471 41 20 av
856 1471 46 20 nu
920 1462 151 40 angivna
1089 1463 256 36 förhållanden,
1365 1475 74 20 som
1457 1467 204 38 yrkandena
1680 1468 10 29 i
1709 1478 72 20 mo-

279 1508 160 31 tionerna
462 1510 28 29 I:
508 1510 62 29 310
593 1511 63 29 och
681 1511 45 29 II:
741 1511 60 30 391
828 1515 90 27 samt
942 1513 28 29 I:
988 1513 63 30 370
1074 1514 64 29 och
1162 1515 44 29 II:
1223 1515 64 30 456
1311 1525 57 20 om
1391 1517 232 39 upphävande
1646 1528 43 20 av
1711 1519 70 30 för-

279 1559 194 40 ordningen
493 1570 58 20 om
570 1561 342 41 investeringsavgift
933 1563 54 30 för
1009 1565 38 29 år
1070 1564 81 30 1957
1173 1565 62 30 bör
1255 1566 176 32 bedömas.
1454 1568 116 39 Enligt
1591 1569 189 30 utskottets

279 1610 141 40 mening
445 1611 74 36 har,
548 1612 105 29 sedan
679 1612 189 40 riksdagen
895 1614 133 30 fattade
1054 1614 113 31 beslut
1193 1625 58 20 om
1277 1617 172 38 avgiftens
1476 1620 189 38 uttagande
1693 1621 87 29 även

278 1661 112 29 under
414 1661 39 30 år
480 1662 92 35 1957,
598 1662 57 29 det
679 1663 231 30 ekonomiska
935 1664 91 39 läget
1051 1664 71 30 inte
1148 1667 187 39 undergått
1360 1668 248 40 förändringar
1632 1670 11 28 i
1669 1671 110 29 sådan

277 1710 157 41 riktning
455 1714 50 27 att
525 1712 188 40 anledning
735 1713 184 40 föreligger
939 1715 56 30 för
1015 1715 187 40 riksdagen
1224 1719 51 27 att
1296 1717 125 40 frångå
1442 1719 94 30 detta
1557 1720 124 29 beslut.
1704 1721 75 29 Den

275 1761 231 31 ekonomiska
524 1762 213 31 situationen
755 1764 55 30 får
827 1765 187 30 betecknas
1034 1766 116 30 såsom
1168 1768 119 29 alltför
1305 1768 91 30 oviss
1416 1769 54 30 för
1488 1772 50 28 att
1557 1779 38 31 ge
1614 1780 43 20 en
1676 1772 103 29 säker

275 1812 114 38 grund
410 1812 54 31 för
485 1814 50 28 ett
554 1815 207 38 antagande,
783 1817 51 27 att
854 1816 66 29 den
942 1817 171 39 dämpade
1135 1817 439 41 investeringsaktiviteten
1595 1821 71 30 inte
1688 1822 90 29 blos-

275 1870 58 20 sar
353 1871 70 30 upp
443 1862 77 40 igen
542 1872 56 20 om
618 1865 40 28 de
679 1864 240 31 åtstramande
940 1866 208 39 åtgärderna
1169 1868 115 30 lättas.

318 1912 73 29 Vad
413 1913 143 30 särskilt
577 1915 108 38 angår
706 1916 41 29 de
770 1915 10 29 i
803 1916 219 30 motionerna
1044 1918 178 39 uttryckia
1245 1919 213 40 farhågorna
1481 1921 54 30 för
1557 1924 51 28 att
1630 1923 147 29 investe-

274 1961 253 41 ringsavgiften
548 1964 54 30 får
623 1973 41 20 en
687 1965 384 41 kostnadsförhöjande
1094 1969 120 36 effekt,
1238 1970 56 29 får
1316 1971 170 30 utskottet
1507 1972 116 30 erinra
1645 1982 58 20 om
1725 1976 51 27 att

273 2012 173 39 avgiftens
471 2014 90 39 syfte
585 2016 38 30 är
646 2016 51 29 att
720 2016 116 30 förmå
860 2017 179 40 företagen
1064 2019 50 29 till
1139 2028 43 20 en
1206 2028 242 31 noggrannare
1472 2023 172 39 prövning
1668 2033 43 20 av
1733 2025 42 29 de

272 2062 95 31 olika
391 2063 413 42 investeringsplanerna.
828 2067 103 31 Detta
953 2068 64 30 bör
1041 2069 36 30 få
1101 2069 51 30 till
1176 2070 90 39 följd
1291 2073 50 28 att
1365 2072 136 31 mindre
1525 2075 160 29 räntabla
1709 2075 65 29 och

272 2113 136 30 mindre
426 2115 220 40 nödvändiga
663 2116 255 41 investeringar
933 2118 71 31 inte
1022 2120 159 30 kommer
1199 2121 52 29 till
1269 2122 102 29 stånd
1389 2123 82 29 eller
1488 2123 11 29 i
1515 2127 76 27 vart
1609 2125 61 29 fall
1690 2134 85 31 upp-

271 2163 128 39 skjuts.
420 2165 210 39 Härigenom
650 2167 147 40 dämpas
816 2168 215 40 efterfrågan
1050 2171 45 39 på
1114 2171 214 31 arbetskraft
1348 2173 64 29 och
1432 2174 141 31 råvaror
1594 2175 180 40 samtidigt

271 2222 75 20 som
369 2216 109 29 större
499 2218 174 37 utrymme
695 2218 128 39 skapas
845 2219 54 29 för
919 2222 133 37 export.
1074 2220 211 41 Visserligen
1306 2223 137 30 medför
1464 2224 153 39 avgiften
1639 2234 42 20 en
1704 2226 69 29 för-

269 2263 149 41 höjning
438 2275 42 20 av
499 2266 238 31 kostnaderna
757 2269 56 29 för
832 2270 41 29 de
893 2269 253 41 investeringar
1167 2281 75 20 som
1264 2273 144 35 utföres,
1430 2284 81 20 men
1531 2275 115 30 denna
1667 2277 105 29 nack-

269 2314 55 29 del
348 2314 54 30 får
424 2316 105 39 vägas
553 2319 71 27 mot
647 2318 40 29 de
711 2326 255 31 ogynnsamma
989 2321 308 32 konsekvenserna
1320 2325 44 38 på
1388 2324 87 40 pris-
1498 2326 65 29 och
1587 2326 185 31 kostnads-

269 2364 116 34 nivån,
409 2374 75 21 som
506 2375 42 20 en
571 2375 124 31 genom
717 2368 120 31 alltför
858 2370 82 39 högt
963 2371 194 39 uppdriven
1180 2373 458 41 investeringsverksamhet
1661 2378 110 29 föror-

267 2415 111 29 sakad
399 2415 269 32 inflationistisk
689 2419 201 40 utveckling
911 2420 157 31 innebär.
1091 2422 175 31 Utskottet
1289 2425 69 29 kan
1381 2426 102 30 alltså
1504 2427 71 30 inte
1597 2428 77 29 dela
1696 2429 41 29 de
1759 2428 11 29 i
