2210 2644
703 213 250 34 Statsutskottets
982 211 168 34 Utlåtande
1175 210 61 33 N:o
1260 211 52 34 11
1739 209 42 32 43

219 293 246 48 omfattning,
507 305 82 23 som
617 291 60 39 för
705 292 45 36 de
779 303 131 24 senare
942 302 89 24 vore
1058 288 115 38 fallet.
1229 289 57 37 Då
1312 288 130 38 härtill
1470 288 162 46 komme,
1662 293 54 31 att
1743 288 77 38 för-

221 345 192 37 valtarnes
441 344 243 38 verksamhet
711 343 59 37 till
798 347 79 31 stor
904 342 60 36 del
992 341 70 39 och
1090 342 12 35 i
1129 340 133 50 regeln
1289 343 141 46 många
1457 340 153 36 timmar
1638 339 182 49 dagligen
1857 364 6 5 -

220 410 91 24 vore
354 396 152 49 förlagd
543 396 56 36 till
640 395 163 49 dragiga
842 399 99 31 samt
981 406 62 24 om
1077 393 152 37 vintern
1257 392 158 37 oeldade
1445 392 71 37 och
1535 391 101 39 kalla
1656 391 165 39 förråds-

218 449 157 47 lokaler,
417 448 154 48 insåges
612 448 82 46 lätt,
737 452 56 30 att
825 445 385 37 intendenturkårens
1238 444 207 37 förvaltare
1474 457 82 23 mer
1584 448 48 31 än
1659 442 163 38 flertalet

218 502 120 36 andra
380 505 143 32 statens
564 500 232 48 tjänstemän
837 510 90 23 vore
968 501 145 33 utsatta
1145 497 60 36 för
1234 501 53 33 att
1315 497 12 35 i
1355 496 59 36 sin
1443 496 119 48 tjänst
1591 495 142 48 ådraga
1761 494 60 49 sig

217 553 134 37 ohälsa
379 552 71 37 och
477 552 12 36 i
517 551 116 37 förtid
662 550 139 37 brutna
828 549 300 49 kroppskrafter.

349 604 88 36 Med
464 604 151 48 hänsyn
642 602 58 36 till
729 615 51 23 nu
809 601 158 37 anförda
996 600 276 47 förhållanden,
1303 600 67 36 och
1395 599 47 36 då
1457 599 65 35 det
1537 599 31 48 ej
1587 598 126 37 kunde
1729 612 92 23 vara

220 657 85 37 med
347 661 147 32 statens
535 654 150 37 förmån
726 653 70 37 och
838 652 205 49 värdighet
1070 651 194 49 förenligt,
1294 656 55 32 att
1376 651 234 48 tjänstemän
1639 653 40 33 så
1707 651 114 47 länge

221 708 204 49 tvingades
452 708 156 35 kvarstå
635 706 13 36 i
676 706 181 48 tjänsten,
888 709 54 31 att
971 704 46 36 de
1047 704 105 36 såväl
1179 706 95 34 efter
1292 708 88 43 eget
1395 716 81 25 som
1493 702 138 36 andras
1647 702 173 36 omdöme

220 764 49 46 på
297 760 127 49 grund
452 759 42 36 af
518 759 103 36 ålder
650 758 70 36 och
740 756 206 49 aftagande
965 755 293 50 kroppskrafter
1282 756 34 48 ej
1338 754 195 39 förmådde
1554 753 164 50 fullgöra
1739 754 82 36 sina

221 811 247 50 åligganden,
497 810 100 37 hölle
626 808 411 50 generalintendenten
1065 808 92 46 före,
1188 812 55 31 att
1270 807 119 36 redan
1411 806 42 36 af
1469 805 124 38 denna
1614 805 208 48 anledning

218 862 235 49 tillräckliga
494 861 82 37 skäl
618 861 220 37 förefunnes
866 865 54 31 att
948 859 120 37 sänka
1095 859 114 36 äfven
1237 858 254 38 förvaltarnes
1519 857 298 49 pensionsålder.

219 916 236 48 Härigenom
496 927 147 23 vunnes
684 913 126 46 äfven,
853 916 55 32 att
942 924 141 36 genom
1111 924 49 23 en
1188 910 106 50 dylik
1322 909 137 49 åtgärd
1486 923 45 24 en
1562 909 63 36 väl
1653 908 168 50 behöflig

218 981 130 23 reserv
377 966 42 37 af
442 966 203 36 förvaltare
674 964 121 37 skulle
824 963 64 36 vid
917 963 264 47 mobilisering
1199 962 129 37 kunna
1346 961 200 50 påräknas,
1567 960 253 49 hvarigenom

217 1019 232 37 åtminstone
476 1017 65 37 vid
569 1029 46 24 en
643 1016 61 37 del
733 1016 42 36 af
786 1015 46 36 de
848 1014 434 50 förplägnadsmagasin,
1299 1027 81 23 som
1396 1013 56 37 för
1465 1013 238 36 närvarande
1717 1012 104 37 inom

220 1069 377 51 krigsskådeplatsen
638 1071 120 34 måste
799 1066 244 50 organiseras
1075 1066 121 37 under
1223 1065 261 49 själfständigt
1513 1065 104 36 befäl
1645 1064 42 37 af
1711 1064 109 37 civila

219 1135 195 38 personer,
448 1121 125 36 kunde
601 1121 58 36 till
687 1120 129 36 chefer
850 1118 162 37 erhållas
1040 1119 12 36 1
1081 1117 364 49 intendenturtjänst
1472 1117 63 36 väl
1563 1116 152 37 erfarna
1742 1116 77 36 för-

220 1175 154 36 valtare.

354 1226 97 37 Vore
481 1225 62 36 det
571 1224 161 36 sålunda
759 1225 48 47 på
835 1222 126 49 grund
990 1222 41 36 af
1056 1221 102 37 hvad
1186 1221 113 36 ofvan
1329 1220 145 36 anförts
1508 1220 40 36 af
1574 1220 90 37 flera
1693 1219 126 37 anled-

221 1278 141 48 ningar
389 1276 250 48 nödvändigt,
671 1274 666 47 attintendenturstjänstemännens
1352 1272 286 48 pensionsålder
1652 1271 167 47 sänktes,

219 1328 189 51 uppstode
436 1329 151 47 frågan,
616 1326 117 37 hvika
761 1326 285 47 åldersgränser
1073 1325 13 36 i
1115 1324 106 37 detta
1248 1323 215 37 hänseende
1479 1323 209 49 lämpligen
1702 1322 117 37 borde

221 1380 218 38 fastställas.
494 1379 108 36 Inom
630 1378 91 36 flera
748 1378 144 36 arméer
919 1378 12 35 i
958 1376 186 47 utlandet,
1174 1375 230 49 exempelvis
1433 1374 11 36 i
1471 1374 224 46 Frankrike,
1719 1374 100 36 Dan-

221 1433 109 36 mark
371 1432 72 36 och
474 1431 143 48 Norge,
647 1443 92 23 vore
766 1429 557 48 intendenturtjänstemännen
1351 1426 10 36 i
1391 1426 110 48 fråga
1529 1440 62 23 om
1619 1426 198 49 pensione-

220 1486 89 47 ring
345 1482 248 51 jämnställda
634 1481 88 38 med
763 1484 149 34 arméns
955 1480 103 37 befäl
1099 1479 71 37 och
1210 1478 234 47 underbefäl,
1487 1484 55 31 ett
1569 1477 252 43 förhållande,

220 1550 80 23 som
345 1536 41 36 af
416 1534 233 50 föregående
678 1533 399 49 generalintendenter
1101 1531 127 37 blifvit
1255 1530 217 37 framhållet
1500 1533 124 33 såsom
1653 1529 168 37 särdeles

221 1587 210 38 önskvärdt
471 1587 113 36 äfven
624 1586 61 36 för
725 1588 67 34 vår
832 1585 113 36 armé.
1002 1584 73 36 För
1116 1596 98 36 egen
1256 1583 60 36 del
1357 1584 140 47 ansåge
1539 1581 282 50 generalinten-

220 1640 154 47 denten,
417 1639 12 35 i
470 1638 67 36 full
579 1637 224 48 anslutning
844 1636 58 37 till
943 1649 48 23 en
1023 1635 119 37 sådan
1170 1634 247 49 ståndpunkt,
1447 1639 55 31 ett
1531 1634 122 48 dylikt
1680 1633 140 36 förhål-

221 1691 112 37 lande
375 1703 92 24 vara
507 1689 64 37 det
612 1688 229 50 principiellt
881 1688 153 47 riktiga.
1091 1686 233 48 Därigenom
1366 1685 125 36 kunde
1526 1686 64 35 det
1618 1684 203 47 oafvisliga

222 1743 182 38 behofvet
433 1742 40 35 af
498 1741 23 35 f.
553 1741 34 35 d.
618 1739 263 38 stamanställd
910 1736 426 50 intendenturpersonal
1355 1737 12 35 i
1387 1749 130 24 reserv
1536 1737 13 35 i
1569 1741 139 31 största
1727 1735 95 48 möj-

217 1795 81 48 liga
338 1796 87 33 mån
466 1792 224 49 tillgodoses
719 1791 71 36 och
819 1791 150 36 arméns
997 1789 480 47 intendenturtjänstemän
1505 1788 121 36 hållas
1654 1787 64 36 vid
1747 1787 74 36 den

221 1847 123 48 vigör,
387 1857 80 24 som
509 1843 84 37 med
630 1842 289 49 nödvändighet
945 1841 199 36 fordrades
1173 1840 57 36 för
1258 1844 55 32 ett
1341 1839 158 48 kraftigt
1530 1839 291 36 handhafvande

222 1898 41 36 af
287 1895 431 49 intendenturtjänsten.

351 1948 57 36 Då
437 1947 207 37 emellertid
673 1959 47 23 en
749 1945 224 48 förändring
1002 1946 40 35 af
1067 1945 125 36 denna
1220 1943 234 48 omfattning
1483 1942 121 37 skulle
1628 1942 59 36 för
1707 1946 115 32 samt-

221 2000 80 48 liga
337 2000 137 36 kårens
516 1998 255 45 medlemmar,
811 1997 86 36 med
924 1997 198 47 undantag
1150 1996 43 36 af
1216 1995 174 49 general-
1419 1994 71 37 och
1518 1993 306 37 öfverfältinten-

219 2053 158 45 denten,
420 2050 171 37 medföra
632 2063 47 23 en
721 2048 191 48 sänkning
954 2048 40 36 af
1031 2046 317 50 pensionsåldern
1382 2046 84 36 med
1498 2047 45 34 10
1573 2045 92 36 eller
1696 2046 45 34 15
1770 2047 53 43 år,

222 2102 127 37 kunde
387 2106 127 43 steget
543 2102 10 34 i
582 2101 73 36 den
684 2099 155 37 afsedda
866 2098 225 49 riktningen
1118 2098 84 36 icke
1230 2100 48 46 på
1306 2110 48 23 en
1381 2099 107 46 gång
1517 2101 112 43 tagas
1656 2095 87 36 fullt
1771 2100 53 39 ut,

223 2159 91 33 enär
343 2153 225 48 därigenom
598 2156 55 31 ett
680 2151 60 36 för
768 2156 97 31 stort
890 2150 103 36 antal
1020 2149 189 36 vakanser
1237 2148 102 37 inom
1368 2148 117 36 kåren
1513 2150 49 46 på
1591 2147 126 36 alltför
1737 2146 87 36 kort

222 2207 57 37 tid
307 2205 123 38 skulle
457 2203 243 50 uppkomma.
743 2201 75 37 Det
844 2214 93 24 vore
966 2201 128 36 därför
1123 2200 124 48 enligt
1274 2198 427 50 generalintendentens
1729 2210 96 37 upp-

223 2257 174 48 fattning
424 2254 176 50 lämpligt
628 2259 56 31 att
712 2266 82 25 som
822 2266 48 23 en
898 2252 215 49 öfvergång
1132 2251 78 41 tills
1229 2250 129 37 vidare
1378 2250 191 49 begränsa
1589 2250 74 36 den
1683 2250 141 47 ifråga-

223 2308 168 38 varande
420 2306 242 48 sänkningen
691 2305 57 38 till
778 2306 21 35 5
829 2307 40 34 år
897 2304 58 36 för
984 2304 177 48 samtliga
1189 2301 518 49 beställningsinnehafvare,
1739 2301 84 36 med
