2214 2640
159 1113 65 32 Ang.
256 1116 110 30 pension

177 1147 18 25 å
221 1150 132 25 allmänna

176 1184 182 32 indragnings-

193 1223 84 20 staten
289 1222 47 28 för

173 1254 119 24 arbetare
308 1256 45 23 vid

187 1288 152 33 Karlsborgs

185 1324 144 31 Jästnings-

201 1358 126 33 byggnad,

442 205 61 31 102
882 209 259 34 «Statsutskottets
1169 211 169 33 Utlåtande
1362 214 64 31 N:o
1450 214 44 31 11.

395 284 140 49 giltiga
563 285 82 36 skäl
672 286 12 35 i
713 286 104 37 detta
843 287 68 37 fall
939 288 189 50 föreligga
1157 295 56 31 att
1232 304 140 35 genom
1391 292 287 50 framställning
1697 293 59 37 till
1773 294 223 49 Riksdagen

396 335 92 36 söka
521 336 140 37 bereda
689 338 208 37 understöd
925 343 48 45 på
1002 341 243 37 ålderdomen
1275 346 38 32 åt
1340 343 304 49 ifrågavarande,
1673 345 123 37 under
1823 347 174 48 ovanligt

394 386 93 49 lång
526 388 55 36 tid
609 389 13 35 i
651 390 215 48 statstjänst
908 393 185 36 anställde
1134 393 185 49 arbetare,
1350 395 70 36 och
1444 396 70 36 har
1541 397 277 37 statskontoret
1847 398 33 49 ej
1912 398 84 37 haft

393 441 121 46 något
554 445 55 31 att
650 440 125 38 erinra
815 448 79 31 mot
936 443 65 37 det
1042 444 41 36 af
1121 445 391 50 arméförvaltningen
1545 448 221 49 föreslagna
1795 450 200 49 pensions-

391 490 217 50 beloppet.»

522 595 198 38 Utskottet
748 597 230 49 hemställer,

921 707 55 30 att
1004 702 221 49 Riksdagen
1253 706 61 33 må
1332 704 162 47 besluta,
1515 710 55 31 att
1590 711 108 31 extra
1717 707 277 48 tygarbetaren

790 752 62 36 vid
890 754 264 48 tygstationen
1182 755 12 35 i
1221 755 257 37 Kristianstad
1506 757 83 36 Nils
1617 757 157 37 Nilsson
1802 758 102 37 Lord
1930 763 62 33 må

790 804 84 36 från
903 806 72 35 och
1003 806 87 36 med
1118 807 188 36 månaden
1333 812 87 31 näst
1448 808 95 37 efter
1571 809 85 47 den,
1686 810 122 36 under
1833 810 160 37 hvilken

789 856 75 36 han
905 857 137 37 varder
1082 858 220 48 entledigad
1344 859 84 36 från
1458 860 58 36 sin
1544 861 240 48 anställning
1809 862 65 36 vid
1902 868 90 43 tyg-

789 908 201 48 stationen,
1033 912 20 33 å
1095 909 192 37 allmänna
1328 910 385 50 indragningsstaten
1754 914 149 48 åtnjuta
1944 927 49 23 en

788 960 98 48 årlig
911 960 162 49 pension
1102 961 41 36 af
1168 962 74 35 500
1271 962 152 37 kronor.

518 1112 99 49 27:0)
675 1113 142 49 Kungl.
847 1114 110 49 Maj:t
985 1115 69 36 har
1082 1116 56 35 uti
1167 1129 49 23 en
1244 1116 75 36 den
1349 1118 46 34 18
1421 1117 152 49 januari
1590 1118 261 38 innevarande
1871 1122 42 33 år
1932 1120 59 36 till

387 1163 220 49 Riksdagen
651 1165 139 36 aflåten
829 1167 238 48 proposition
1110 1167 76 49 (n:o
1218 1166 36 50 8)
1289 1168 200 49 föreslagit
1530 1169 224 49 Riksdagen
1782 1171 207 49 medgifva,

388 1220 55 31 att
480 1215 144 37 enhvar
666 1216 42 36 af
733 1216 167 49 följande
929 1218 184 47 arbetare,
1142 1218 131 37 hvilka
1300 1221 98 35 varit
1427 1220 93 36 eller
1548 1221 60 36 för
1635 1222 239 37 närvarande
1899 1236 92 23 vore

388 1266 186 37 anställda
616 1268 65 35 vid
723 1268 232 50 Karlsborgs
996 1270 392 49 fästningsbyggnad,
1430 1272 211 49 nämligen:
1671 1273 319 38 timmermannen

386 1320 144 35 Matias
578 1320 197 44 Mattsson,
825 1334 176 24 muraren
1042 1324 97 35 Lars
1180 1324 108 35 Peter
1327 1324 193 44 Eriksson,
1562 1324 290 50 stenhuggaren
1892 1328 99 34 Karl

385 1372 124 35 Johan
537 1372 193 44 Eriksson,
760 1372 349 50 materialdrängen
1142 1375 143 43 Gustaf
1305 1376 164 36 Larsson
1499 1377 80 35 Stål
1606 1377 73 35 och
1699 1377 291 49 stenhuggaren

383 1424 97 34 Erik
519 1424 123 35 Johan
683 1425 182 36 Eriksson
906 1427 119 34 måtte
1065 1426 122 36 under
1224 1426 59 36 sin
1312 1427 237 36 återstående
1576 1427 142 37 lifsstid
1747 1431 21 33 å
1796 1429 193 37 allmänna

383 1474 386 49 indragningsstaten
815 1476 148 49 åtnjuta
1005 1490 48 23 en
1093 1478 98 48 årlig
1231 1479 162 48 pension
1435 1479 42 36 af
1516 1481 73 34 300
1630 1480 153 48 kronor,
1828 1485 55 32 att
1926 1481 62 36 be-

382 1526 140 36 räknas
564 1527 72 36 och
677 1530 107 45 utgå,
819 1528 60 36 för
906 1528 47 36 de
982 1533 57 31 tre
1067 1529 265 37 förstnämnde
1360 1531 85 35 från
1474 1530 261 38 innevarande
1764 1535 60 33 års
1852 1532 137 49 början

382 1582 99 31 samt
522 1578 59 36 för
622 1578 47 37 de
710 1581 64 34 två
816 1579 236 37 sistnämnda
1093 1581 85 36 från
1219 1581 71 36 och
1326 1582 86 36 med
1440 1583 190 36 månaden
1658 1588 88 32 näst
1774 1584 98 36 efter
1900 1584 86 48 den,

381 1629 220 37 hvarunder
629 1630 47 36 de
706 1630 124 37 blefve
859 1631 242 49 entledigade
1129 1633 86 36 från
1243 1633 446 50 fästningsbyggnaden.

509 1733 435 49 Departementschefen
985 1735 68 36 har
1093 1736 13 35 i
1148 1735 104 37 detta
1293 1736 140 36 ärende
1475 1736 57 36 till
1566 1738 418 49 statsrådsprotokollet

378 1784 109 36 öfver
514 1784 444 38 landtförsvarsärenden
988 1787 283 36 ofvannämnda
1299 1787 77 48 dag
1405 1788 126 36 anfört
1558 1789 188 48 följande.

511 1836 101 37 »Hos
654 1837 394 49 arméförvaltningen
1089 1839 69 36 har
1186 1839 26 36 f.
1242 1839 35 36 d;
1307 1839 319 37 tummermannen
1655 1841 64 36 vid
1748 1841 235 50 Karlsborgs

379 1887 384 50 fästningsbyggnad
804 1888 137 38 Matias
983 1890 188 37 Mattsson
1205 1891 170 46 anhållit,
1405 1896 57 31 att
1489 1891 87 48 han,
1606 1906 82 23 som
1717 1893 97 36 efter
1842 1896 141 47 många

379 1941 60 34 års
482 1940 129 36 arbete
652 1940 66 36 vid
747 1941 433 50 fästningsbyggnaden
1207 1945 50 47 på
1284 1943 127 49 grund
1440 1943 41 36 af
1506 1944 104 36 ålder
1638 1945 73 36 och
1739 1945 243 49 bräcklighet

378 1991 166 48 nödgats
572 1992 128 36 lämna
729 1992 59 37 sin
816 1993 233 49 anställning
1077 1994 198 37 därstädes
1304 1995 70 36 och
1402 2008 159 23 numera
1588 2009 93 24 vore
1706 1996 155 37 alldeles
1881 1997 101 49 oför-

378 2047 143 44 mögen
556 2048 56 32 att
640 2044 88 36 med
758 2044 128 37 arbete
914 2045 162 49 försörja
1105 2046 72 48 sig,
1206 2049 130 44 måtte,
1366 2046 12 36 i
1405 2047 122 36 likhet
1554 2048 87 36 med
1670 2048 118 36 andra
1816 2062 44 23 ur
1888 2049 94 36 fäst-

375 2094 378 50 ningsbyggnadens
793 2097 120 48 tjänst
949 2097 188 49 afgående
1166 2098 104 36 äldre
1304 2098 186 48 arbetare,
1521 2099 144 36 erhålla
1694 2102 120 46 något
1841 2100 140 37 under-

372 2146 91 36 stöd
503 2149 49 47 på
587 2147 255 48 ålderdomen,
876 2148 159 37 hvilken
1064 2149 179 37 anhållan
1272 2150 41 36 af
1337 2150 567 38 fortifikationsbefälhafvaren
1933 2154 48 46 på

375 2196 235 51 Karlsborgs
640 2199 173 49 fästning
840 2200 127 36 blifvit
995 2201 55 36 uti
1078 2201 215 37 infordradt
1319 2202 181 49 yttrande
1528 2203 201 48 tillstyrkt.
1777 2203 109 36 Efter
1915 2202 66 36 det

375 2249 165 36 nämnda
581 2251 532 38 fortifikationsbefälhafvare
1156 2253 215 37 sedermera
1411 2253 86 37 med
1537 2254 132 37 förord
1711 2254 59 36 till
1799 2253 181 38 arméför-
