1926 2840
87 794 131 24 Utskottet.

277 177 39 29 14
742 182 228 28 Statsutskottets
993 184 147 28 utlåtande
1161 185 49 27 Nr
1232 183 70 32 110.

274 251 80 41 vilja
388 254 162 31 motsätta
578 254 60 41 sig,
662 256 50 30 att
734 255 64 31 till-
822 256 64 31 och
910 257 354 43 ombyggnadsfrågan
1287 259 94 33 löses
1403 260 12 31 i
1438 261 229 43 huvudsaklig
1689 265 91 30 över-

274 295 260 32 ensstämmelse
568 296 79 32 med
680 297 58 31 det
770 309 40 20 av
828 300 381 71 generalposstyrelsen
1232 303 37 29 år
1293 303 78 31 1931
1397 303 187 42 framlagda
1605 305 173 42 förslaget.

273 335 182 74 Nämnden
489 337 170 33 vitsordar
693 340 102 31 också
853 352 42 20 den
929 342 88 41 goda
1049 343 356 43 kapitalförräntning,
1437 356 72 21 som
1534 346 95 32 detta
1651 347 128 42 förslag

273 389 152 21 innebär.

327 446 171 42 Slutligen
520 448 86 32 hava
631 449 254 33 motionärerna
907 452 121 38 anfört,
1052 454 50 30 att
1125 454 252 41 samstämmigt
1402 455 75 31 från
1504 456 66 31 alla
1595 457 70 31 håll
1681 458 98 31 fram-

273 496 118 32 hållits
424 497 148 33 behovet
595 510 40 20 av
658 502 50 29 att
734 501 243 41 postkontoret
1004 502 5 31 i
1031 503 199 42 Linköping
1251 504 146 33 beredes
1421 506 80 31 ökat
1524 509 177 39 utrymme,
1726 511 50 29 att

273 546 58 32 det
364 548 193 42 uppgjorda
590 549 344 44 byggnadsförslaget
966 555 75 29 rent
1074 554 247 42 affärsmässigt
1355 557 37 30 är
1420 556 54 31 för
1495 558 198 40 postverket
1715 559 63 31 för-

272 598 144 42 månligt
440 599 63 31 och
526 601 50 30 att
599 600 58 32 det
679 603 108 30 måste
811 613 102 21 anses
937 603 169 38 önskvärt,
1132 606 50 29 att
1204 605 128 31 sådana
1356 606 138 42 statliga
1514 607 264 42 byggnadsföre-

273 650 64 39 tag,
361 660 75 20 som
471 650 84 31 efter
587 662 177 31 noggrann
797 653 170 42 prövning
1000 654 177 32 befunnits
1211 666 78 21 vara
1316 656 225 43 nödvändiga,
1565 658 213 42 igångsättas

274 698 52 32 till
350 700 243 33 motverkande
617 712 41 21 av
680 702 285 33 arbetslösheten.

326 793 219 33 Beträffande
568 794 67 33 den
658 796 249 33 förberedande
929 798 219 42 behandling,
1162 799 116 42 frågan
1302 811 55 21 om
1381 801 221 33 förevarande
1625 802 64 32 till-
1712 804 64 31 och

273 844 218 42 ombyggnad
513 856 40 21 av
575 846 185 41 posthuset
781 847 11 31 i
815 847 199 43 Linköping
1036 849 192 42 undergått,
1241 851 51 30 får
1315 851 170 32 utskottet
1507 852 142 33 hänvisa
1665 854 52 31 till
1734 855 43 31 de

271 895 11 30 i
306 895 176 32 motionen
505 896 158 32 lämnade
686 898 227 41 uppgifterna.

324 945 243 33 Kostnaderna
598 947 55 31 för
685 948 355 43 byggnadsföretaget,
1065 950 66 32 den
1164 951 105 31 redan
1292 951 144 43 inköpta
1458 964 66 30 nya
1546 955 130 30 tomten
1700 955 76 32 obe-

271 996 129 38 räknat,
425 999 114 40 uppgå
571 997 53 32 till
658 999 135 38 657,000
819 999 136 35 kronor,
978 1011 100 21 varav
1101 1001 115 39 92,000
1238 1002 127 32 kronor
1389 1003 124 41 belöpa
1535 1006 44 39 på
1601 1004 175 43 ändrings-

270 1046 141 32 arbeten
435 1048 92 31 inom
551 1048 59 31 det
632 1050 196 31 nuvarande
851 1050 183 41 posthuset
1057 1051 64 32 och
1144 1052 136 38 565,000
1302 1052 128 33 kronor
1451 1056 42 39 på
1518 1054 257 43 tillbyggnaden

271 1097 63 31 och
358 1097 59 32 det
440 1109 66 31 nya
528 1102 147 38 garaget.

323 1148 100 32 Goda
457 1149 72 32 skäl
563 1160 104 31 synas
701 1151 169 31 utskottet
903 1152 68 31 tala
1000 1152 52 31 för
1078 1154 50 30 att
1151 1153 102 31 dessa
1275 1154 160 32 arbetens
1458 1154 261 43 igångsättande
1743 1157 29 41 ej

269 1199 116 41 längre
420 1199 214 42 uppskjutes.
680 1201 53 31 De
765 1202 198 32 nuvarande
986 1202 319 41 tjänstelokalernas
1329 1205 249 42 otidsenlighet
1600 1206 64 32 och
1688 1207 87 31 otill-

270 1250 188 41 räcklighet
490 1250 86 32 hava
608 1251 186 33 vitsordats
829 1263 40 21 av
902 1253 412 42 granskningsnämnden.
1359 1256 262 41 Ifrågavarande
1644 1258 131 41 företag

270 1300 160 41 erbjuder
453 1301 65 31 den
541 1301 164 40 fördelen,
729 1304 49 30 att
800 1303 257 32 vederbörande
1080 1304 268 33 affärsdrivande
1373 1307 80 31 verk
1468 1318 101 20 anser
1584 1308 190 31 detsamma

268 1351 114 31 lämna
405 1363 42 19 en
471 1352 317 33 tillfredsställande
812 1353 203 42 avkastning
1042 1355 63 31 och
1129 1357 141 39 påtager
1292 1356 53 41 sig
1367 1360 158 28 ansvaret
1547 1358 53 31 för
1622 1359 58 31 det
1696 1359 79 31 ned-

268 1401 99 41 lagda
397 1402 183 41 kapitalets
602 1403 223 42 förräntning.
870 1404 83 32 Med
986 1405 133 41 hänsyn
1154 1406 116 31 härtill
1292 1408 94 30 möta
1409 1407 29 41 ej
1463 1407 108 32 heller
1593 1410 104 38 några
1719 1409 54 32 be-

268 1451 230 42 tänkligheter
520 1455 71 29 mot
614 1455 50 30 att
687 1454 216 41 erforderligt
925 1455 118 42 anslag
1065 1456 137 32 anvisas
1225 1459 50 29 att
1300 1459 80 40 utgå
1403 1468 41 20 av
1466 1458 200 32 lånemedel.

320 1502 182 33 Utskottet
527 1514 102 21 anser
652 1504 132 32 således
808 1505 59 31 det
889 1505 205 32 motionsvis
1116 1506 150 42 begärda
1288 1508 166 42 anslaget,
1479 1509 135 38 200,000
1635 1510 136 38 kronor,

268 1564 47 20 nu
338 1553 85 32 böra
446 1554 117 32 ställas
587 1555 52 31 till
662 1555 199 42 förfogande
889 1556 53 31 för
964 1559 49 29 att
1036 1557 86 31 efter
1144 1557 67 32 den
1234 1558 198 42 ytterligare
1455 1560 169 41 prövning
1646 1571 40 20 av
1712 1560 61 31 frå-

268 1615 75 29 gan,
368 1615 75 20 som
476 1604 125 41 Kungl.
626 1605 98 42 Maj:t
745 1606 66 31 kan
835 1607 93 30 finna
951 1607 113 41 nödig,
1089 1608 173 31 användas
1285 1608 53 31 för
1361 1609 211 41 påbörjande
1594 1621 40 20 av
1657 1610 118 42 ifråga-

268 1654 149 31 varande
439 1654 64 32 till-
526 1655 64 31 och
614 1656 217 42 ombyggnad
854 1668 41 20 av
917 1658 184 40 posthuset
1123 1658 11 31 i
1158 1658 207 42 Linköping.

321 1705 180 32 Utskottet
523 1705 199 33 hemställer
744 1707 109 38 alltså,

588 1776 51 29 att
674 1774 192 42 riksdagen,
897 1766 79 41 med
1007 1775 97 32 bifall
1138 1776 53 31 till
1224 1776 66 32 den
1324 1789 41 20 av
1398 1778 116 31 herrar
1546 1778 182 33 Anderson
1762 1780 11 31 i

535 1824 222 43 Norrköping
789 1825 65 32 och
887 1825 195 33 Jacobsson
1104 1827 12 31 i
1140 1828 114 31 ämnet
1283 1828 120 31 väckta
1430 1829 176 31 motionen
1630 1829 46 32 II:
1703 1830 69 38 161,

536 1877 54 29 må
613 1876 53 31 till
688 1876 212 42 påbörjande
924 1888 40 20 av
986 1888 39 20 en
1053 1877 61 32 till-
1138 1877 54 32 och
1215 1879 198 40 ombyggnad
1435 1890 40 21 av
1485 1880 287 40 posthuset
1669 1872 17 52 i
1705 1872 69 52 Lin-

535 1926 117 41 köping
668 1927 52 31 för
735 1926 204 42 budgetåret
956 1928 179 40 1933/1934
1151 1928 109 32 under
1276 1929 142 41 utgifter
1434 1929 52 31 för
1501 1929 270 42 kapitalökning,

536 1979 132 29 statens
684 1977 328 39 affärsverksamhet,
1025 1978 118 32 anvisa
1160 1980 49 30 ett
1221 1979 351 42 reservationsanslag
1584 1991 40 20 av
1637 1981 135 38 200,000

534 2027 129 31 kronor
684 2029 50 29 att
757 2029 80 40 utgå
860 2039 40 20 av
923 2028 200 32 lånemedel.

320 2076 200 32 Stockholm
545 2077 66 31 den
635 2078 40 30 23
698 2078 65 41 maj
789 2078 90 32 1933.

761 2145 50 32 På
834 2146 276 32 statsutskottets
1135 2149 139 39 vägnar:

769 2219 35 32 S.
835 2220 45 31 H.
912 2220 351 33 KVARNZELIUS.

318 2336 220 28 Närvarande:
563 2345 33 19 se
619 2337 102 27 under
744 2337 184 28 utlåtandet
950 2347 38 18 nr
1013 2339 67 27 106.

686 2472 159 38 Stockholm
866 2487 75 23 1933.
970 2486 34 24 K.
1024 2487 29 23 L.
1073 2473 157 39 Beckmans
1249 2474 99 38 Boktr.
