2198 2596
219 1585 150 27 Utskottet.

394 146 17 28 2
843 146 358 29 Jordbruksutskoltels
1224 145 174 30 utlåtande
1422 145 51 30 Nr
1498 146 50 29 33.

394 240 99 30 utan
521 232 219 47 undantag,
773 233 76 36 och
877 234 134 45 någon
1031 232 297 48 inskränkning
1348 233 13 36 i
1381 231 512 49 skogsvårdsstyrelsernas
1914 234 80 35 rätt

394 285 248 38 beträffande
684 285 287 37 användandet
1014 298 52 24 av
1108 285 48 37 de
1198 297 144 36 genom
1372 284 478 49 skogsvårdsavgifterna
1878 285 115 49 infly-

394 339 123 38 tande
558 339 160 38 medlen
760 338 64 38 till
860 339 281 48 befrämjande
1177 351 52 25 av
1258 339 276 47 skogsvården
1564 341 23 34 å
1615 338 204 37 enskildas
1847 340 148 46 skogar

395 393 86 37 icke
524 393 191 47 stadgats,
750 392 74 37 vill
852 392 67 37 det
947 405 125 36 synas
1102 393 91 47 mig,
1224 395 60 34 att
1312 393 74 36 här
1413 392 216 48 föreligger
1659 394 57 34 ett
1744 392 249 37 missförhål-

395 446 130 46 lande,
556 459 87 24 som
671 449 139 34 tarvar
837 445 171 38 rättelse.

500 500 122 37 Vissa
650 500 241 47 skogsägare
919 503 69 33 äro
1017 511 145 35 genom
1190 512 58 24 nu
1277 499 186 48 gällande
1482 498 282 38 bestämmelse
1784 499 13 35 i
1818 498 77 37 den
1915 499 78 36 för-

396 553 177 47 månliga
616 553 257 48 ställningen,
915 555 60 35 att
1018 553 49 37 de
1109 555 69 35 äro
1208 552 181 38 befriade
1418 553 91 36 från
1539 552 284 48 skyldigheten
1851 554 59 34 att
1939 564 56 24 er-

395 607 116 48 lägga
553 606 387 48 skogsvårdsavgift,
984 618 96 25 men
1121 607 102 36 intet
1255 606 170 37 hindrar
1454 608 59 35 att
1541 605 48 37 de
1617 606 142 36 kunna
1787 605 166 37 komma
1982 606 12 35 i

396 660 238 48 åtnjutande
662 672 52 24 av
742 659 142 48 bidrag
911 660 94 36 från
1034 659 160 45 sådana,
1225 671 88 25 som
1343 662 52 45 på
1423 659 128 37 andra
1578 658 85 38 håll
1681 659 118 37 blivit
1819 658 173 48 erlagda.

396 714 134 37 Saken
559 713 135 37 ställer
722 714 62 46 sig
813 715 44 35 så
884 714 164 47 mycket
1076 713 286 48 betänkligare,
1393 725 86 25 som
1508 713 86 47 just
1621 712 117 38 invid
1766 715 128 34 större
1920 714 76 35 stä-

396 767 70 37 der
500 767 208 47 befintliga
738 767 145 47 skogar
911 767 87 37 ofta
1026 769 70 34 äro
1123 767 172 36 föremål
1323 767 66 37 för
1417 767 161 47 mycket
1606 766 112 48 långt
1746 765 155 48 gående
1931 778 64 24 av-

396 821 199 47 verkning
624 821 75 36 och
729 819 140 38 därför
896 832 112 25 mera
1037 823 53 34 än
1118 820 125 37 andra
1271 822 117 35 tarva
1415 819 138 48 anslag
1580 820 94 35 från
1702 819 131 37 länets
1858 819 136 45 skogs-

396 873 254 38 vårdsmedel
679 874 66 36 för
774 873 234 37 erhållande
1037 886 52 24 av
1117 874 169 48 behörig
1316 873 161 38 skötsel.

504 927 65 37 Nu
599 926 173 38 anförda
792 926 353 38 missförhållande
1166 927 72 37 bör
1257 926 180 49 tydligen
1458 926 91 37 med
1570 929 180 34 snaraste
1769 925 226 48 avhjälpas.

398 981 356 48 Angelägenheten
796 981 126 36 härav
965 983 45 34 är
1053 980 113 37 desto
1195 980 257 48 påtagligare,
1483 992 87 25 som
1599 980 13 36 i
1641 982 99 34 våra
1768 979 124 48 dagar
1920 979 77 37 den

398 1034 219 38 tendensen
659 1045 123 37 synes
824 1037 97 45 göra
962 1034 62 47 sig
1067 1033 180 37 alltmera
1286 1033 201 45 märkbar,
1517 1035 60 35 att
1606 1032 133 38 städer
1768 1044 144 36 genom
1941 1033 56 35 in-

398 1089 261 47 korporering
702 1100 53 24 av
797 1086 263 49 närliggande
1103 1087 172 37 socknar
1319 1087 99 37 söka
1445 1089 44 35 så
1518 1088 59 35 att
1606 1088 95 46 säga
1729 1088 106 34 växa
1863 1087 60 46 sig
1952 1088 46 34 ut

398 1154 49 24 ur
470 1140 459 48 landstingsområdena.

505 1195 80 37 Det
624 1206 121 36 synes
788 1194 93 48 mig,
926 1195 60 35 att
1015 1193 133 37 denna
1176 1193 72 37 sak
1277 1196 45 34 är
1350 1195 45 35 så
1422 1192 221 38 fristående
1671 1193 95 36 från
1795 1192 202 48 skogslag-

400 1248 238 48 stiftningen
666 1249 15 35 i
709 1248 145 46 övrigt,
886 1249 58 35 att
973 1247 165 37 rättelse
1165 1247 74 37 bör
1267 1247 141 36 kunna
1436 1250 118 44 göras
1582 1246 165 37 alldeles
1774 1245 223 38 oberoende

399 1314 50 24 av
492 1301 49 38 de
582 1301 164 48 förslag,
790 1313 87 25 som
918 1301 94 36 från
1047 1300 78 38 den
1154 1313 56 24 nu
1238 1299 219 39 arbetande
1485 1299 513 48 skogslagstiftningskom-

399 1356 145 36 mittén
573 1354 195 48 möjligen
798 1355 138 36 kunna
964 1354 284 37 framkomma.

506 1409 61 37 På
607 1408 133 48 grund
783 1420 51 24 av
875 1407 79 37 vad
996 1408 69 47 jag
1105 1419 57 25 nu
1203 1407 148 46 anfört,
1394 1406 149 37 tillåter
1585 1407 69 47 jag
1678 1407 83 46 mig
1789 1406 211 37 vördsamt

400 1463 150 36 föreslå
579 1486 49 3 —
658 1486 50 2 —
739 1479 73 15 —>

505 1569 173 37 Jämlikt
720 1569 117 48 lagen
874 1568 205 48 angående
1115 1567 100 37 vård
1243 1580 52 24 av
1329 1567 203 37 enskildes
1561 1567 146 47 skogar
1736 1566 78 37 den
1844 1567 50 35 24
1923 1566 76 46 juli

402 1623 102 36 1903
525 1623 103 37 skall
656 1623 12 36 i
699 1623 115 47 varje
842 1621 404 48 landstingsområde,
1279 1620 73 38 där
1375 1620 115 47 lagen
1511 1623 45 34 är
1574 1619 200 49 gällande,
1796 1620 134 36 finnas
1949 1631 51 25 en

400 1675 415 49 skogsvårdsstyrelse
843 1676 65 36 för
936 1674 170 48 uppsikt
1135 1678 96 34 över
1257 1674 140 48 lagens
1426 1673 261 38 efterlevnad.
1738 1673 133 48 Något
1900 1676 99 34 mot-

401 1730 198 37 svarande
628 1729 224 47 stadgande
880 1729 131 36 finnes
1041 1728 182 37 däremot
1250 1728 90 37 icke
1368 1728 66 36 för
1461 1727 101 46 stad,
1593 1739 87 25 som
1711 1727 36 47 ej
1780 1726 178 48 deltager
1987 1727 12 36 i

400 1782 216 48 landsting.
675 1783 20 36 I
725 1782 238 47 anslutning
992 1782 139 36 härtill
1160 1781 117 37 blevo
1311 1781 122 38 också
1461 1780 70 37 vid
1559 1780 251 37 tillkomsten
1842 1793 51 24 av
1921 1780 79 37 för-

402 1836 224 48 ordningen
655 1849 67 24 om
752 1835 379 49 skogsvårdsavgift
1160 1835 76 37 den
1267 1836 48 35 11
1337 1834 168 38 oktober
1526 1834 103 36 1912
1654 1834 147 48 skogar
1820 1833 181 38 hörande

401 1889 62 38 till
506 1890 134 37 städer
682 1902 52 24 av
777 1892 242 46 nyssnämnt
1056 1888 85 48 slag
1169 1888 263 47 undantagna
1459 1887 93 37 från
1581 1887 315 48 förordningens
1924 1886 76 38 till-

401 1943 436 49 lämplighetsområde.
896 1942 73 46 Då,
1001 1942 126 47 enligt
1156 1942 273 37 motionärens
1458 1940 277 46 förmenande,
1757 1940 134 48 giltigt
1912 1940 89 37 skäl

403 1997 148 37 saknas
579 1997 64 37 för
671 1996 80 38 den
779 1995 435 49 undantagsställning,
1246 1994 171 39 berörda
1445 1995 284 48 skogsmarker
1753 1994 172 37 sålunda
1944 1994 56 36 in-

402 2054 103 44 taga,
549 2051 259 47 ifrågasätter
850 2049 253 38 motionären
1136 2049 125 37 sådan
1296 2048 172 47 ändring
1496 2049 14 35 i
1538 2047 179 38 nämnda
1745 2047 253 47 förordning,

402 2107 59 34 att
489 2103 379 49 skogsvårdsavgift
896 2103 104 37 skall
1029 2105 97 45 utgå
1152 2102 154 47 jämväl
1335 2102 65 37 för
1428 2102 125 44 virke,
1580 2113 87 25 som
1696 2101 219 37 avverkats
1944 2101 56 35 in-

403 2170 65 24 om
499 2157 163 37 område
691 2157 67 37 för
786 2156 137 49 dylika
951 2155 147 38 städer.

510 2204 117 45 Även
668 2210 201 38 utskottet
910 2212 44 34 är
996 2221 52 25 av
1095 2209 76 37 den
1217 2209 328 48 uppfattningen,
1590 2211 59 34 att
1690 2206 310 50 ifrågavarande

403 2264 146 47 skogar
590 2264 115 37 torde
748 2265 136 46 intaga
926 2275 50 24 en
1020 2262 270 47 särställning,
1337 2274 86 26 som
1456 2262 82 36 kan
1567 2261 185 37 medföra
1780 2259 220 46 betänklig-
