2228 2632
389 215 20 31 6
814 207 346 34 Jordbruksutskottets
1184 205 164 32 utlåtande
1371 204 52 31 Nr
1448 205 72 30 105.

348 293 63 36 vid
441 291 239 50 upplåtelsen
708 288 228 50 lägenheten
965 291 42 31 är
1035 285 57 36 till
1120 284 185 37 avsevärd
1330 282 60 37 del
1410 281 219 49 ouppodlad
1649 281 90 36 eller
1757 281 33 47 ej
1813 280 152 36 försedd

349 344 85 37 med
477 343 143 48 nödiga
647 340 230 51 byggnader
905 339 90 36 eller
1024 337 71 36 ock
1125 336 114 36 andra
1267 334 181 37 liknande
1476 333 84 37 skäl
1588 334 59 35 för
1675 331 215 50 beviljande
1920 344 45 23 av

349 395 162 37 anstånd
540 394 201 48 föreligga;

482 452 65 42 att,
576 446 187 36 intilldess
792 465 50 4 —
870 464 50 4 —
948 463 50 4 —
1028 440 191 48 erlägges;

484 504 54 31 att
566 497 163 37 därefter
757 517 50 5 —
835 516 50 5 —
913 515 50 4 —
991 491 196 44 inbetalts;

485 556 54 30 att
568 550 63 36 det
660 548 96 36 skall
784 568 51 6 —
862 567 50 4 —
939 566 51 5 —
1019 543 156 37 stående
1203 541 125 44 delen;

479 607 57 31 att
565 601 84 37 med
678 599 198 47 undantag
902 618 50 5 —
981 618 49 3 —
1059 616 51 5 —
1138 593 160 49 guldits;

487 659 55 31 att
583 652 116 37 likväl
728 673 48 5 —
805 672 50 4 —
882 670 52 6 —
961 647 89 37 bort
1078 646 203 47 fullgöras;

485 711 66 41 att,
582 705 127 35 därest
736 701 232 50 lägenheten
996 721 52 5 —
1075 720 50 4 —
1153 719 50 4 —
1232 695 181 45 förfallet;

486 762 56 31 att
571 757 213 35 detsamma
812 775 47 4 —
888 774 51 4 —
969 772 45 5 —
1045 751 13 35 i
1087 750 120 36 första
1234 746 118 45 hand;

487 814 67 41 att,
584 808 67 36 där
679 807 109 49 eljest
815 827 50 4 —
893 826 50 5 —
970 825 51 4 —
1050 798 340 53 uppsägningstid;

489 867 54 30 att
570 860 170 48 köparen
769 879 51 5 —
847 878 49 4 —
924 877 51 4 —
1003 853 256 43 föreskrivits;
1290 856 99 30 samt

490 918 66 41 att,
586 912 126 35 därest
740 910 169 48 köparen
936 929 50 4 —
1015 927 51 5 —
1097 926 44 5 —
1172 903 173 49 stadgas;

488 964 39 49 b)
556 963 12 36 i
597 963 110 48 fråga
735 974 61 24 om
825 957 398 49 bostadslägenheter:

491 1021 54 31 att
573 1013 308 51 köpeskillingen
908 1033 51 4 —
986 1032 52 5 —
1065 1031 51 4 —
1144 1006 217 48 betalning;

493 1073 55 31 att
575 1067 65 36 vid
668 1064 185 38 tillträdet
881 1085 47 5 —
957 1085 51 3 —
1037 1083 50 4 —
1115 1065 125 38 ränta;
1271 1062 100 32 samt

494 1125 54 30 att
576 1118 74 36 vad
680 1130 99 23 ovan
806 1137 51 5 —
884 1136 50 5 —
962 1135 51 5 —
1041 1111 235 49 lägenheter.

494 1172 57 35 15.
608 1170 152 48 Köpare
803 1181 45 22 av
889 1164 208 50 obebyggd
1139 1161 180 50 lägenhet
1359 1158 97 37 skall
1500 1155 63 37 vid
1593 1153 183 38 tillträdet
1804 1151 175 36 avlämna

364 1222 233 39 förbindelse
628 1227 54 30 att
710 1224 130 33 senast
867 1218 65 36 vid
960 1218 199 47 ingången
1187 1227 48 23 av
1264 1212 111 49 sjätte
1399 1208 264 38 kalenderåret
1685 1209 86 32 näst
1790 1203 94 37 efter
1903 1202 75 46 det,

362 1276 47 36 då
450 1273 187 39 tillträdet
678 1277 67 44 ägt
784 1284 97 33 rum,
921 1269 100 36 hava
1058 1266 229 50 lägenheten
1311 1261 183 50 bebyggd
1523 1258 88 38 med
1639 1255 133 38 bostad
1801 1255 83 47 och,
1914 1254 67 36 där

363 1328 110 48 fråga
493 1331 42 31 är
554 1339 62 23 om
631 1322 402 51 jordbrukslägenhet,
1050 1318 145 50 jämväl
1215 1316 87 37 med
1323 1316 58 36 för
1400 1312 253 49 lägenhetens
1673 1307 141 38 skötsel
1829 1306 11 36 i
1856 1306 126 48 övrigt

365 1379 144 48 nödiga
536 1376 240 50 byggnader,
805 1374 64 36 vid
899 1378 174 43 äventyr,
1103 1370 128 36 därest
1259 1370 41 34 så
1328 1367 84 36 icke
1439 1365 99 45 sker,
1570 1367 54 31 att
1652 1365 136 32 utöver
1816 1359 72 36 den
1916 1371 64 22 av-

365 1431 125 36 talade
517 1427 311 50 köpeskillingen
856 1424 114 49 gälda
996 1422 226 50 ytterligare
1248 1424 58 32 ett
1324 1418 153 48 belopp,
1498 1411 270 40 motsvarande
1789 1424 47 23 en
1855 1410 128 36 femte-

366 1482 60 36 del
467 1495 48 22 av
552 1479 318 50 köpeskillingen.
926 1473 273 38 Förbindelsen
1228 1470 97 37 skall
1353 1469 121 36 tillika
1501 1466 187 36 innefatta
1715 1461 266 49 medgivande,

366 1539 55 31 att
449 1532 162 38 berörda
640 1528 334 48 fordringsbelopp
1004 1528 62 34 må
1093 1525 12 35 i
1133 1523 233 49 lägenheten
1394 1519 211 37 intecknas.
1650 1515 109 36 Efter
1777 1512 206 38 framställ-

365 1586 97 47 ning
506 1597 46 23 av
594 1583 155 48 köpare,
792 1593 81 23 som
915 1583 92 43 äger
1051 1577 58 36 för
1150 1574 250 49 lägenhetens
1435 1569 143 38 skötsel
1606 1567 172 48 lämplig,
1807 1568 21 33 å
1856 1577 127 24 annan

368 1637 186 48 fastighet
595 1634 162 48 belägen
798 1630 198 51 byggnad,
1042 1628 97 37 skall
1166 1624 208 39 emellertid
1404 1621 143 48 Kungl.
1579 1619 128 49 Maj:ts
1735 1617 249 47 befallnings-

367 1688 175 37 havande
584 1691 74 43 äga
699 1690 67 41 att,
796 1684 12 36 i
837 1684 72 35 den
949 1684 89 34 mån
1080 1679 135 37 sådant
1246 1682 141 45 prövas
1417 1674 153 48 skäligt,
1602 1670 178 49 medgiva
1809 1668 175 37 befrielse

369 1741 84 35 från
482 1735 499 53 byggnadsskyldighetens
1011 1730 251 49 tullgörande.

504 1792 58 34 18.
618 1789 79 36 Där
736 1786 235 38 beträffande
999 1783 165 47 område,
1194 1795 81 23 som
1303 1780 171 37 befinnes
1503 1775 180 50 lämpligt
1712 1778 54 32 att
1794 1772 192 39 användas

369 1843 57 36 till
468 1841 180 38 bildande
690 1853 47 23 av
779 1835 445 53 egnahemslägenheter,
1266 1831 209 48 anledning
1508 1841 125 38 yppas
1663 1831 54 32 att
1749 1830 153 43 antaga,
1932 1829 55 30 att

371 1894 127 37 anbud
528 1896 21 33 å
577 1892 169 36 området
786 1891 171 35 kommer
995 1893 55 31 att
1092 1891 113 44 göras
1249 1898 47 23 av
1337 1884 181 36 kommun
1559 1880 91 36 eller
1680 1892 46 23 av
1755 1877 115 47 bolag
1899 1875 89 37 eller

372 1945 191 49 förening,
594 1957 81 23 som
704 1942 193 50 uppfyller
924 1940 190 36 villkoren
1142 1938 57 36 för
1227 1935 214 38 erhållande
1470 1947 47 22 av
1544 1932 63 36 lån
1633 1931 82 35 från
1730 1926 254 51 jordförmed-

372 1997 260 50 lingsfonden,
662 1998 61 33 må
752 1993 169 37 området
948 1991 65 37 vid
1043 1988 235 49 förrättning
1305 1988 60 35 för
1393 1986 84 36 dess
1505 1982 282 51 uppskattning
1810 1979 177 37 värderas

366 2049 146 49 jämväl
557 2048 58 36 för
652 2045 232 49 försäljning
911 2044 13 36 i
952 2043 126 37 odelat
1120 2041 119 36 skick.
1295 2039 18 36 I
1343 2037 179 38 händelse
1564 2035 84 36 från
1690 2034 184 36 kommun
1902 2030 88 37 eller

372 2102 83 36 från
483 2100 117 48 bolag
629 2098 91 37 eller
750 2097 188 47 förening,
967 2108 83 23 som
1080 2106 98 24 ovan
1205 2096 121 43 sagts,
1356 2090 213 36 inkommer
1597 2085 139 47 anbud,
1762 2082 227 51 uppgående

372 2153 57 36 till
471 2152 117 36 minst
630 2150 63 36 det
735 2148 170 38 området
946 2150 123 33 åsatta
1107 2143 228 45 saluvärdet,
1365 2146 98 32 samt
1491 2140 110 48 fråga
1629 2143 41 31 är
1699 2150 61 23 om
1789 2134 201 50 egendom,

374 2218 81 23 som
484 2204 122 47 enligt
633 2201 228 48 riksdagens
888 2198 126 38 beslut
1044 2198 57 35 får
1130 2210 46 22 av
1207 2194 141 48 Kungl.
1374 2193 108 48 Maj:t
1501 2196 93 31 utan
1614 2189 227 46 riksdagens
1862 2185 129 36 vidare

375 2255 168 37 hörande
586 2253 188 47 försäljas,
818 2254 60 34 må
921 2249 166 37 anbudet
1130 2261 46 23 av
1210 2246 144 48 Kungl.
1385 2244 106 49 Maj:t
1520 2248 172 41 antagas.
1748 2239 137 36 Därest
1913 2239 80 34 åter

376 2308 109 48 fråga
524 2311 40 31 är
593 2319 61 23 om
692 2318 127 22 annan
856 2302 188 49 egendom
1082 2305 48 31 än
1167 2311 91 37 nyss
1287 2301 165 42 nämnts,
1482 2294 96 37 skall
1609 2292 179 46 anbudet,
1821 2303 60 23 om
1910 2289 80 36 det-
