1882 2778
245 155 36 30 14
604 159 285 31 Statsutskotlets
912 162 179 30 utlåtande
1111 172 43 20 nr
1176 163 40 29 10
1236 164 39 30 år
1297 164 83 30 1958

292 240 95 34 17:0)
417 242 156 36 Sveriges
602 243 198 36 geologiska
831 246 274 35 undersökning:
1139 247 263 34 Omkostnader.
1435 250 13 28 I
1479 249 152 40 enlighet
1662 251 79 29 med

244 290 125 40 Kungl.
388 292 125 39 Maj:ts
533 293 130 40 förslag
688 294 129 40 (punkt
838 296 49 35 17,
908 305 26 20 s.
953 297 41 30 37
1015 297 63 29 och
1097 297 74 35 38),
1192 307 75 20 som
1285 299 146 30 innebär
1451 302 52 27 att
1521 301 220 40 anslagspos-

244 343 58 27 ten
320 341 51 30 till
388 351 169 31 expenser
574 344 85 31 ökas
677 345 80 29 med
775 345 40 30 20
829 346 63 30 300
911 346 130 30 kronor
1059 348 64 29 och
1142 349 267 39 anslagsposten
1428 350 52 29 till
1499 351 118 39 övriga
1637 351 104 39 utgif-

243 392 51 28 ter
316 391 54 30 för
392 392 108 40 inköp
524 394 64 29 och
612 395 183 30 underhåll
819 405 43 20 av
884 397 160 29 material
1068 398 9 29 i
1102 399 198 39 geologiska
1324 400 327 40 undersökningens
1676 411 67 29 nya

244 442 132 31 lokaler
400 444 79 30 med
504 445 18 30 3
538 445 62 30 000
625 446 131 30 kronor
780 449 91 28 samt
896 450 51 27 att
971 449 157 39 anslaget
1153 450 158 30 minskas
1337 452 78 29 med
1441 453 64 30 500
1530 453 130 29 kronor
1685 453 55 30 för

243 493 169 39 sjukvård
432 494 65 30 och
517 496 77 29 med
617 497 37 29 15
670 496 63 31 000
753 497 139 35 kronor,
913 500 170 29 avseende
1102 500 94 30 vissa
1216 501 380 40 flyttningskostnader
1616 505 50 28 att
1687 506 53 28 ut-

242 543 131 30 betalas
394 545 112 30 under
527 546 56 29 det
604 556 47 20 nu
672 547 148 40 löpande
840 548 216 40 budgetåret,
1077 551 165 29 ävensom
1263 554 50 27 att
1334 553 158 39 anslaget
1513 553 52 30 till
1586 554 89 40 följd
1697 564 44 20 av

242 594 131 40 ökning
393 604 43 21 av
455 596 447 40 uppdragsverksamheten
924 601 203 39 uppräknas
1150 602 78 29 med
1250 602 62 31 260
1328 603 62 29 000
1412 603 141 36 kronor,
1575 604 165 30 hemstäl-

242 644 49 29 ler
312 645 180 36 utskottet,
514 648 111 29 under
644 648 141 30 erinran
806 658 57 21 om
883 651 51 28 att
954 651 337 40 anslagshöjningen
1312 655 101 37 utgör
1435 655 62 29 267
1513 654 62 30 800
1598 655 139 34 kronor,

593 700 51 27 att
670 699 186 40 riksdagen
883 700 58 30 må
968 701 53 30 till
1046 701 157 40 Sveriges
1229 703 200 40 geologiska
1457 705 279 40 undersökning:

552 747 258 32 Omkostnader
831 750 56 30 för
909 751 204 40 budgetåret
1138 753 150 36 1958/59
1311 754 121 30 anvisa
1454 757 50 28 ett
1526 755 212 40 förslagsan-

550 799 73 39 slag
640 808 43 20 av
700 799 63 30 646
777 800 63 30 500
858 801 141 30 kronor.

308 938 94 34 18:0)
432 939 155 37 Sveriges
610 941 198 36 geologiska
832 943 274 38 undersökning:
1133 946 107 29 Resor
1263 947 64 29 och
1352 947 216 30 fältarbeten.
1593 949 12 29 I
1630 944 107 47 enlig-

239 988 58 30 bet
317 989 79 30 med
417 990 127 40 Kungl.
565 991 124 40 Maj:ts
711 992 130 40 förslag
867 993 132 40 (punkt
1022 995 49 34 18,
1093 1004 26 21 s.
1140 996 42 30 38
1203 996 64 30 och
1289 996 74 37 39),
1384 997 239 32 innebärande
1643 998 93 30 oför-

237 1039 134 30 ändrad
391 1041 330 41 medelsanvisning,
741 1043 203 30 hemställer
963 1045 180 35 utskottet,

589 1094 50 28 att
666 1092 187 41 riksdagen
880 1094 59 30 må
964 1095 53 30 till
1042 1095 157 40 Sveriges
1225 1097 200 40 geologiska
1454 1098 279 41 undersökning:

546 1142 109 30 Resor
675 1143 64 30 och
760 1144 211 39 fältarbeten
994 1146 55 30 för
1069 1147 206 39 budgetåret
1299 1148 149 36 1958/59
1471 1149 122 30 anvisa
1613 1152 49 27 ett
1685 1159 50 20 re-

547 1192 316 42 servationsanslag
883 1204 43 21 av
948 1196 60 30 145
1024 1196 62 31 000
1106 1197 141 30 kronor.

282 1324 95 34 19:0)
423 1325 156 36 Sveriges
618 1327 198 35 geologiska
858 1329 274 36 undersökning:
1175 1331 214 36 Utrustning.
1433 1332 12 28 I
1477 1333 149 37 enlighet
1657 1334 78 29 med

234 1373 126 41 Kungl.
381 1375 125 40 Maj:ts
526 1376 131 40 förslag
682 1377 130 40 (punkt
833 1379 50 34 19,
904 1388 25 20 s.
951 1380 42 30 39
1013 1380 64 30 och
1097 1380 73 35 40),
1192 1381 237 31 innebärande
1450 1392 43 20 en
1514 1384 219 40 anslagshöj-

235 1424 84 40 ning
340 1434 43 20 av
404 1426 42 30 50
461 1426 63 31 000
546 1427 130 30 kronor
699 1428 53 29 till
775 1429 89 39 följd
887 1439 42 20 av
952 1430 199 40 nödvändig
1174 1432 273 40 komplettering
1469 1434 65 29 och
1559 1434 174 30 moderni-

235 1475 114 40 sering
370 1485 42 20 av
432 1477 258 40 utrustningen,
711 1478 202 32 hemställer
934 1481 180 34 utskottet,

587 1529 51 27 att
664 1528 186 39 riksdagen
877 1530 59 29 må
963 1531 51 30 till
1040 1530 156 39 Sveriges
1222 1532 199 39 geologiska
1451 1533 278 40 undersökning:

544 1578 207 40 Utrustning
776 1580 54 30 för
855 1581 206 39 budgetåret
1088 1582 149 36 1958/59
1264 1584 120 29 anvisa
1409 1586 50 29 ett
1484 1586 248 29 reservations-

542 1629 122 40 anslag
688 1638 43 21 av
756 1630 62 30 280
833 1630 62 31 000
921 1631 141 30 kronor.

278 1760 97 34 20:0)
405 1761 156 37 Sveriges
591 1762 198 37 geologiska
823 1765 273 37 undersökning:
1130 1766 246 36 Malmletning.
1421 1769 12 28 I
1467 1768 151 39 enlighet
1651 1769 77 29 med

230 1810 126 39 Kungl.
374 1811 126 39 Maj:ts
518 1812 131 40 förslag
671 1814 133 39 (punkt
821 1815 51 35 20,
892 1824 26 21 s.
937 1815 162 35 41-—44),
1119 1816 237 31 innebärande
1375 1827 42 20 en
1437 1819 291 39 anslagshöjning

230 1869 43 20 av
292 1861 63 30 240
369 1861 63 30 000
453 1862 131 30 kronor
603 1863 52 30 till
675 1864 90 39 följd
784 1874 43 20 av
845 1866 108 29 redan
974 1866 227 39 genomförda
1223 1868 93 29 löne-
1336 1868 65 29 och
1421 1868 307 31 traktamentsför-

229 1911 205 40 bättringar,
459 1912 202 32 hemställer
686 1915 179 36 utskottet,

582 1966 51 29 att
659 1964 187 41 riksdagen
873 1966 58 30 må
957 1967 53 29 till
1035 1967 157 39 Sveriges
1218 1968 200 39 geologiska
1447 1969 278 40 undersökning:

537 2014 243 40 Malmletning
799 2015 55 31 för
872 2016 206 40 budgetåret
1100 2018 149 35 1958/59
1270 2019 122 29 anvisa
1411 2021 49 28 ett
1481 2020 247 29 reservations-

539 2065 120 39 anslag
681 2074 42 20 av
747 2067 13 28 1
777 2066 62 30 240
854 2066 63 30 000
939 2067 141 30 kronor.

270 2196 97 35 21:0)
393 2197 157 36 Sveriges
569 2199 197 35 geologiska
791 2200 273 37 undersökning:
1088 2202 218 36 Inventering
1326 2212 42 20 av
1389 2206 223 28 torvmossar.
1636 2205 12 29 I
1670 2214 58 20 en-

226 2246 105 39 lighet
351 2247 79 29 med
449 2248 126 39 Kungl.
595 2248 123 40 Maj:ts
738 2249 130 40 förslag
892 2250 132 39 (punkt
1044 2251 50 34 21,
1115 2261 25 21 s.
1161 2252 74 36 44),
1255 2252 238 31 innebärande
1513 2254 213 30 oförändrad

225 2297 328 40 medelsanvisning,
573 2298 201 30 hemställer
792 2300 183 34 utskottet,

579 2350 49 27 att
655 2348 187 40 riksdagen
868 2351 58 29 må
953 2350 51 30 till
1031 2351 156 39 Sveriges
1214 2352 199 39 geologiska
1442 2354 278 39 undersökning:

533 2398 221 41 Inventering
773 2409 43 20 av
836 2402 213 29 torvmossar
1068 2402 54 30 för
1141 2402 204 40 budgetåret
1368 2404 150 36 1958/59
1537 2406 121 29 anvisa
1678 2407 47 27 ett

534 2450 354 40 reservationsanslag
911 2460 42 20 av
976 2451 40 30 60
1032 2451 61 30 000
1116 2453 140 29 kronor.
