1888 2782
475 178 286 30 Statsutskottets
783 177 179 30 utlåtande
983 186 43 20 nr
1048 176 40 29 10
1108 176 39 30 år
1169 176 84 29 1958
1576 174 37 29 31

112 262 170 40 styrelsen
308 262 199 39 föreslagna
531 261 273 39 Eva-projektet,
829 260 75 29 vari
929 260 107 38 enligt
1063 259 236 39 föreliggande
1326 258 287 30 samarbetsavtal

112 312 90 29 skall
223 312 79 38 ingå
320 312 67 29 den
407 321 42 20 av
467 312 56 28 AB
544 312 219 37 Atomenergi
783 310 246 41 projekterade
1049 310 164 28 reaktorn
1234 310 26 28 R
1280 309 29 29 4.
1330 310 283 38 Departements-

111 362 125 30 chefen
262 362 155 30 biträder
441 363 66 29 vad
533 362 376 39 vattenfallsstyrelsen
935 361 65 30 och
1025 361 240 39 delegationen
1294 360 117 30 anfört
1438 359 178 40 angående

112 413 296 39 angelägenheten
437 422 41 20 av
506 413 93 29 detta
628 412 141 40 projekt
796 412 57 29 vid
881 412 67 29 den
976 420 47 20 nu
1051 411 155 30 aktuella
1233 410 382 40 anslagsavvägningen

111 463 97 29 inom
229 464 56 28 det
307 463 107 29 totala
435 463 452 39 atomenergiprogrammet
909 462 65 30 och
996 461 216 36 förutsätter,
1234 463 50 27 att
1306 461 132 30 arbetet
1458 461 157 29 bedrives

112 513 79 30 med
212 513 89 30 sikte
321 513 45 40 på
385 513 139 30 verkets
546 514 147 38 tagande
714 513 10 29 i
745 513 85 29 drift
853 512 104 30 såvitt
978 512 137 39 möjligt
1137 512 110 29 under
1268 511 39 30 år
1331 511 93 30 1964.

157 563 220 40 Föregående
400 564 57 29 års
479 564 141 38 riksdag
642 563 133 30 fattade
797 563 114 29 beslut
936 572 58 20 om
1015 562 180 40 byggande
1218 571 41 20 av
1281 562 57 29 två
1360 561 257 30 värmereakto-

113 623 64 25 rer,
200 614 27 29 R
248 614 18 30 3
286 614 11 28 i
317 613 125 40 Ågesta
462 614 65 29 och
548 614 111 29 Adam
679 614 11 29 i
710 613 174 30 Västerås.
906 613 66 29 Vid
992 613 166 29 anmälan
1178 621 42 21 av
1239 613 115 29 denna
1376 611 241 40 anslagsfråga

113 664 146 30 anförde
275 664 387 39 departementschefen
678 664 43 28 bl.
738 673 30 19 a.
785 665 50 28 att
851 663 102 30 dessa
968 663 90 29 båda
1073 662 140 40 projekt
1229 662 76 30 icke
1321 671 61 20 var
1400 662 159 29 likvärda
1575 670 41 21 ur

112 714 477 40 utvecklingsprogrammets
609 714 189 40 synpunkt.
819 714 28 29 R
866 713 213 34 3-reaktorn,
1099 721 76 21 som
1193 713 244 29 konstruerats
1455 712 55 30 för
1530 721 87 20 sam-

113 765 87 38 tidig
225 765 215 39 produktion
466 774 42 20 av
532 766 119 28 värme
677 764 65 29 och
767 763 140 34 elkraft,
934 763 187 30 bedömdes
1149 763 44 39 på
1220 763 113 39 grund
1360 771 42 21 av
1429 763 54 29 sin
1511 762 106 39 högre

112 815 335 39 arbetstemperatur
471 823 38 31 ge
531 816 41 29 de
596 816 127 28 största
746 814 287 29 erfarenheterna
1055 813 55 30 för
1133 814 42 28 de
1198 813 164 30 fortsatta
1385 812 233 39 utvecklings-

114 865 166 30 arbetena
306 866 96 28 inom
430 865 127 34 landet,
584 865 119 30 varför
730 865 56 29 det
813 873 63 20 var
904 864 190 39 angeläget,
1122 865 50 28 att
1200 864 10 28 i
1241 863 111 30 första
1380 863 94 29 hand
1503 863 114 29 denna

113 916 141 29 reaktor
279 915 272 39 färdigställdes.
576 915 65 29 Vid
666 915 100 30 sidan
790 915 110 29 härav
924 914 106 29 borde
1054 916 10 29 i
1090 914 109 30 andra
1224 914 94 29 hand
1343 913 275 39 vattenfallssty-

113 966 132 29 relsens
266 965 212 41 anläggning
497 966 11 28 i
528 965 161 30 Västerås
708 966 139 28 komma
865 964 53 29 till
939 964 100 29 stånd
1060 964 37 29 så
1118 964 123 29 snabbt
1262 973 75 20 som
1359 964 175 37 personal-
1554 963 63 29 och

117 1016 401 36 tillverkningsresurser
549 1015 154 37 medgav.
735 1014 246 37 Delegationen
1015 1013 55 30 för
1102 1013 330 37 atomenergifrågor
1464 1013 63 30 har
1560 1022 59 20 an-

114 1066 86 29 mält
226 1065 192 30 resultaten
444 1074 42 21 av
511 1066 40 29 de
577 1065 164 30 fortsatta
766 1065 277 39 utredningarna
1069 1064 222 29 beträffande
1318 1064 152 39 typvalet
1496 1063 55 30 för
1577 1063 41 29 de

113 1116 91 30 båda
223 1116 109 29 första
350 1116 358 29 värmereaktorerna.
729 1114 396 41 Departementschefen
1144 1115 70 28 kan
1233 1114 54 29 för
1306 1122 84 31 egen
1409 1114 54 29 del
1482 1114 136 29 biträda

114 1166 259 39 delegationens
395 1166 156 34 slutsats,
572 1167 50 28 att
644 1166 65 29 den
731 1165 209 39 föregående
961 1165 38 29 år
1019 1165 102 29 valda
1141 1164 241 39 inriktningen
1403 1164 62 30 bör
1486 1163 133 30 fullföl-

112 1216 68 40 jas.
200 1216 93 30 Även
315 1225 58 20 om
394 1216 152 40 typvalet
567 1216 54 30 för
640 1217 41 29 de
701 1215 89 30 båda
810 1215 350 30 värmereaktorerna
1180 1214 142 30 utfaller
1343 1223 75 21 som
1439 1223 48 20 nu
1509 1214 110 30 förut-

115 1268 107 28 sättes
243 1267 64 29 och
328 1267 145 29 därmed
495 1267 111 29 Adam
627 1267 159 28 kommer
806 1267 51 28 att
878 1273 38 31 ge
938 1265 136 30 mindre
1096 1265 192 39 väsentliga
1311 1265 308 39 utvecklingserfa-

114 1317 163 29 renheter
299 1318 45 29 än
368 1317 27 30 R
419 1317 29 35 3,
471 1317 59 29 vill
555 1316 388 40 departementschefen
966 1316 128 29 liksom
1118 1315 188 39 förgående
1330 1315 38 30 år
1392 1315 152 34 förorda,
1569 1316 51 28 att

114 1367 307 40 Adam-projektet
446 1367 182 39 fullföljes,
654 1367 43 29 då
723 1367 204 38 därigenom
951 1366 377 39 vattenfallsstyrelsen
1354 1373 57 31 ges
1436 1365 183 39 möjlighet

115 1417 52 29 till
186 1419 48 28 ett
252 1417 151 29 konkret
422 1417 258 39 arbetsprojekt
699 1416 43 40 på
762 1416 387 39 atomenergiområdet,
1168 1417 63 29 där
1252 1416 170 39 styrelsen
1441 1416 11 29 i
1471 1425 44 20 en
1534 1416 85 29 nära

115 1467 145 30 framtid
278 1467 111 30 måste
405 1476 84 20 vara
506 1467 127 29 beredd
651 1467 54 29 för
723 1468 110 28 större
850 1466 161 29 insatser.
1030 1466 64 29 Det
1113 1474 102 30 synes
1233 1465 386 39 departementschefen

115 1518 88 29 även
222 1517 201 34 värdefullt,
445 1519 50 27 att
516 1518 66 28 den
604 1517 150 29 svenska
775 1516 199 30 industrien
996 1524 124 31 genom
1143 1518 50 27 att
1215 1516 105 29 också
1343 1518 48 27 ett
1413 1516 110 29 andra
1544 1516 76 29 vär-

115 1568 142 29 meverk
282 1568 160 29 kommer
468 1568 51 29 till
546 1567 101 30 stånd
673 1567 55 29 får
753 1567 111 30 ökade
890 1566 223 39 möjligheter
1140 1568 50 27 att
1216 1566 101 39 tidigt
1344 1566 162 30 förvärva
1531 1565 90 30 erfa-

117 1617 159 30 renheter
298 1627 42 20 av
363 1618 368 38 reaktortillverkning
754 1617 65 29 och
842 1617 404 29 reaktorkonstruktion.

160 1667 227 31 Beträffande
410 1668 403 39 bränsleförsörjningen
837 1667 55 29 för
915 1667 57 30 det
995 1667 150 29 svenska
1168 1667 452 39 atomenergiprogrammet

115 1718 161 30 förordar
296 1718 57 29 AB
373 1718 223 39 Atomenergi
615 1718 78 29 med
712 1718 261 29 instämmande
993 1726 42 21 av
1057 1717 240 39 delegationen
1318 1717 55 30 för
1393 1716 228 39 atomenergi-

116 1768 129 39 frågor,
266 1770 50 27 att
336 1768 115 30 beslut
473 1777 46 20 nu
541 1768 107 30 fattas
670 1777 56 20 om
747 1768 221 39 uppförande
992 1777 42 19 av
1054 1769 49 28 ett
1124 1768 175 28 uranverk
1321 1768 78 29 med
1421 1777 42 19 en
1484 1767 137 39 årspro-

116 1819 149 29 duktion
285 1827 42 21 av
346 1818 241 39 ungefärligen
610 1819 61 29 120
691 1820 60 27 ton
771 1827 99 21 uran.
891 1818 128 29 Verket
1039 1817 64 29 har
1123 1817 292 30 dimensionerats
1437 1817 38 30 så
1495 1819 50 27 att
1565 1817 54 29 det

117 1869 73 29 nätt
211 1868 64 30 och
295 1868 112 36 jämnt
428 1868 88 30 skall
538 1868 99 31 täcka
660 1869 55 28 det
738 1868 147 29 svenska
906 1867 146 30 behovet
1074 1877 42 19 av
1139 1867 232 30 atombränsle
1396 1867 109 29 under
1530 1867 91 29 1960-

117 1918 95 29 talet.
242 1918 394 39 Departementschefen
667 1918 170 33 förordar,
868 1919 51 28 att
948 1917 274 38 målsättningen
1252 1917 179 38 angående
1461 1917 161 39 självför-

117 1968 160 40 sörjning
296 1968 79 29 med
395 1968 236 29 atombränsle
652 1967 171 40 fullföljes
843 1967 65 29 och
928 1969 50 27 att
998 1967 119 29 därför
1137 1967 10 28 i
1167 1967 152 38 enlighet
1340 1967 77 29 med
1438 1967 184 38 delegatio-

117 2027 87 20 nens
227 2018 131 39 förslag
385 2018 39 29 10
448 2018 87 39 milj.
559 2018 130 29 kronor
712 2018 139 29 anvisas
874 2017 55 29 för
953 2018 100 28 nästa
1077 2017 169 38 budgetår
1269 2017 52 29 till
1344 2017 57 29 det
1424 2017 197 38 föreslagna

117 2068 221 29 uranverket.
359 2068 51 29 En
432 2068 210 39 anläggning
662 2068 54 29 för
738 2067 212 38 behandling
970 2076 42 21 av
1035 2067 142 29 utbränt
1197 2066 236 30 atombränsle
1454 2067 61 29 bör
1536 2068 86 28 även

117 2118 170 39 uppföras
307 2118 52 28 till
382 2118 202 29 1960-talets
604 2118 136 38 början,
761 2118 44 29 då
825 2117 112 39 dylikt
958 2117 159 29 material
1139 2117 118 39 börjar
1277 2117 212 39 produceras
1509 2117 10 28 i
1539 2116 83 29 våra

117 2168 287 29 atomreaktorer.
428 2168 58 28 Elt
507 2167 332 39 begynnelseanslag
861 2167 44 36 på
925 2167 19 29 3
964 2167 86 36 milj.
1073 2167 130 29 kronor
1226 2167 62 28 bör
1310 2167 171 29 beräknas
1502 2166 120 29 härför

119 2217 109 29 under
252 2218 98 28 nästa
374 2218 166 36 budgetår
566 2218 10 28 i
600 2217 149 37 enlighet
774 2218 78 28 med
878 2216 57 29 AB
960 2217 242 38 Atomenergis
1227 2216 165 30 äskande.
1417 2217 66 28 Till
1509 2217 41 28 de
1575 2225 47 19 nu

118 2267 154 29 aktuella
299 2267 164 38 frågorna
490 2268 94 28 inom
610 2265 462 38 atomenergiprogrammets
1098 2266 203 29 råvarusida
1326 2266 64 29 hör
1415 2275 42 20 en
1482 2266 141 28 intensi-

119 2317 112 28 fierad
263 2317 441 38 experimentverksamhet
736 2315 222 30 beträffande
994 2315 261 38 framställning
1288 2324 42 20 av
1362 2317 100 37 tungt
1493 2316 129 29 vatten.

118 2366 393 39 Departementschefen
536 2366 215 33 förutsätter,
775 2367 49 28 att
848 2366 102 28 dessa
973 2365 140 29 arbeten
1139 2365 171 38 fullföljes
1335 2367 84 27 utan
1442 2365 181 38 dröjsmål.

117 2416 49 29 De
189 2416 120 29 därför
331 2416 226 37 erforderliga
582 2415 290 38 anslagsmedlen,
900 2415 48 33 1,5
973 2414 86 39 milj.
1086 2415 139 33 kronor,
1252 2415 96 28 torde
1370 2414 83 29 böra
1479 2414 138 30 anvisas

120 2466 110 29 under
251 2467 100 28 nästa
372 2466 179 39 budgetår.
