1890 2778
257 168 41 31 28
620 172 288 32 Statsutskottets
929 174 179 32 utlåtande
1127 185 44 21 nr
1192 176 40 30 10
1252 177 39 30 år
1312 177 85 31 1958

305 258 184 31 Utskottet.
514 260 14 29 I
554 259 60 30 sitt
638 259 38 30 år
702 260 81 30 1957
810 269 43 20 av
876 261 186 39 riksdagen
1087 262 185 39 godkända
1297 262 180 30 utlåtande
1502 272 42 20 nr
1571 263 50 34 10,
1647 264 114 39 punkt

258 307 53 35 44,
330 310 11 29 i
359 308 189 40 anledning
568 318 43 21 av
629 310 44 30 då
692 310 125 30 väckta
837 311 172 29 motioner
1026 311 12 29 i
1057 311 210 31 hithörande
1288 313 102 29 ämne
1409 313 161 30 erinrade
1589 314 172 30 utskottet

258 366 58 21 om
342 360 50 27 att
418 360 133 29 statens
576 359 122 40 bidrag
723 361 53 28 till
801 360 176 31 institutet
1002 362 55 29 för
1083 362 455 41 konserveringsforskning
1564 365 196 39 reglerades

258 408 108 39 enligt
388 408 101 30 avtal.
514 409 66 30 Det
604 410 117 30 kunde
744 410 144 38 således,
913 411 164 30 framhöll
1102 413 180 36 utskottet,
1307 414 76 29 icke
1406 415 87 28 utan
1515 415 119 30 vidare
1659 416 101 38 göras

256 457 170 39 gällande,
450 460 49 29 att
522 460 116 28 staten
659 468 120 21 ensam
800 460 117 30 skulle
938 461 155 30 bestrida
1114 462 237 30 kostnaderna
1373 463 55 29 för
1450 465 67 29 den
1539 465 79 29 med
1641 465 114 29 forsk-

256 507 129 41 ningen
410 510 43 39 på
478 509 268 41 ifrågavarande
771 511 143 31 område
941 512 166 31 förenade
1131 514 279 32 verksamheten.
1436 515 53 30 Då
1514 516 102 30 alltså
1642 517 115 29 denna

256 557 100 41 fråga
379 559 188 30 förutsatte
593 569 43 21 en
662 562 211 29 samverkan
896 563 128 29 mellan
1050 565 115 29 staten
1190 564 64 29 och
1278 565 186 35 institutet,
1489 566 110 40 ansåg
1625 566 51 40 sig
1701 569 54 27 ut-

256 607 129 32 skottet
412 609 76 31 icke
515 610 112 31 berett
655 611 151 38 förorda,
835 615 50 28 att
913 613 57 31 det
997 614 55 30 för
1078 615 238 32 innevarande
1342 616 169 40 budgetår
1539 617 129 30 äskade
1697 627 60 20 an-

256 657 109 41 slaget
385 660 111 31 under
517 660 230 33 förevarande
767 663 124 30 rubrik
912 665 248 38 uppräknades
1181 666 11 29 i
1213 666 152 40 enlighet
1387 667 79 30 med
1486 668 175 38 yrkandet
1681 669 12 28 i
1714 668 43 30 de

254 709 44 30 då
329 709 237 40 föreliggande
599 712 230 32 motionerna.
862 714 175 30 Utskottet
1066 716 208 29 förväntade
1306 717 204 36 emellertid,
1542 719 51 28 att
1626 715 125 47 Kungl.

253 758 106 40 Maj:t
380 761 112 30 skulle
514 761 71 31 låta
606 763 160 31 närmare
788 765 125 30 utreda
934 765 114 31 denna
1070 765 109 41 fråga.

297 808 117 41 Enligt
434 812 66 29 vad
522 811 388 40 departementschefen
932 825 47 20 nu
1000 815 196 32 framhållit
1217 818 64 29 har
1302 817 298 41 kostnadsfrågan
1622 821 132 28 ansetts

252 857 84 32 böra
352 861 203 39 ytterligare
573 863 197 40 övervägas.
791 865 67 30 Vid
878 865 124 31 sådant
1021 866 221 31 förhållande
1260 869 64 29 och
1345 868 53 36 då,
1420 869 117 30 såsom
1556 870 11 29 i
1587 871 57 29 det
1664 870 91 31 före-

253 908 131 39 gående
407 911 147 37 anförts,
580 913 56 30 det
660 914 75 30 icke
759 914 63 30 bör
846 915 112 40 åligga
982 918 114 29 staten
1121 920 50 28 att
1194 927 122 21 ensam
1338 919 154 31 bestrida
1516 921 238 30 kostnaderna

253 959 56 30 för
337 960 268 41 ifrågavarande
635 963 438 42 forskningsverksamhet,
1105 969 38 29 är
1172 969 170 30 utskottet
1371 970 76 30 icke
1476 971 112 30 berett
1616 972 138 30 biträda

252 1008 58 31 det
330 1012 206 32 motionsvis
557 1013 125 40 gjorda
702 1015 184 39 yrkandet.

296 1060 72 31 Mot
390 1062 67 30 den
480 1072 43 21 av
546 1063 387 40 departementschefen
956 1068 215 31 verkställda
1194 1069 237 41 beräkningen
1457 1081 42 21 av
1523 1072 230 31 förevarande

250 1111 123 41 anslag
392 1113 65 29 har
478 1114 171 31 utskottet
670 1115 78 32 icke
768 1116 105 40 något
895 1120 50 28 att
965 1119 126 30 erinra.

296 1161 175 32 Utskottet
488 1164 214 36 hemställer,

605 1218 51 28 att
683 1217 188 40 riksdagen
900 1219 66 36 må,
996 1221 79 29 med
1104 1221 100 30 bifall
1231 1223 53 30 till
1312 1224 125 39 Kungl.
1467 1224 124 40 Maj:ts
1621 1225 132 40 förslag

559 1269 91 27 samt
672 1267 78 30 med
772 1269 120 40 avslag
913 1269 20 30 å
953 1270 220 32 motionerna
1196 1273 29 29 I:
1243 1273 60 30 102
1326 1274 65 29 och
1414 1275 45 29 II:
1476 1274 50 36 82,
1549 1275 54 30 till
1623 1276 129 40 Bidrag

559 1315 53 31 till
650 1316 176 33 institutet
863 1319 57 40 för
956 1321 456 43 konserveringsforskning
1451 1325 55 30 för
1544 1326 206 40 budgetåret

561 1366 149 36 1958/59
731 1370 122 29 anvisa
875 1372 48 28 ett
943 1371 272 42 förslagsanslag
1236 1383 42 21 av
1299 1375 63 30 572
1377 1375 62 31 900
1461 1377 141 30 kronor.

293 1536 99 35 46:0)
423 1537 126 38 Bidrag
573 1538 55 31 till
653 1539 170 31 institutet
850 1541 57 31 för
932 1543 113 35 optisk
1072 1543 193 37 forskning.
1293 1546 13 28 I
1333 1544 153 40 enlighet
1514 1546 79 29 med
1621 1547 127 39 Kungl.

248 1586 125 40 Maj:ts
394 1587 131 41 förslag
551 1588 131 41 (punkt
703 1589 52 38 47,
778 1600 26 20 s.
827 1591 74 35 92),
924 1601 73 21 som
1019 1593 148 30 innebär
1186 1603 45 21 en
1251 1595 291 40 anslagshöjning
1564 1605 43 21 av
1630 1597 38 30 17
1683 1597 64 30 800

248 1636 140 36 kronor,
408 1639 171 30 avseende
599 1640 73 30 dels
691 1641 211 40 omräkning
923 1652 42 20 av
984 1644 394 39 statstjänstemännens
1400 1646 106 36 löner,
1528 1647 73 29 dels
1621 1648 127 29 avtals-

246 1687 94 40 enlig
358 1689 225 40 uppräkning
602 1699 44 21 av
663 1690 239 33 kostnaderna
921 1693 55 30 för
994 1693 327 41 pensionsavgifter,
1341 1695 203 31 hemställer
1564 1697 182 35 utskottet,

601 1742 51 28 att
669 1741 189 40 riksdagen
875 1742 58 31 må
948 1743 52 30 till
1016 1744 129 40 Bidrag
1164 1744 52 31 till
1232 1745 175 31 institutet
1422 1747 59 39 för
1495 1747 118 40 optisk
1631 1747 116 40 forsk-

554 1790 87 40 ning
670 1791 54 30 för
754 1792 205 40 budgetåret
991 1794 150 36 1958/59
1172 1796 120 29 anvisa
1321 1798 48 28 ett
1399 1797 275 41 förslagsanslag
1704 1808 43 21 av

557 1841 61 30 117
633 1841 63 31 900
715 1842 142 30 kronor.

288 1997 99 35 47:0)
410 1999 126 37 Bidrag
552 2002 53 28 till
624 2002 147 30 svenska
790 2003 502 38 silikatforskningsinstitutet.
1313 2008 12 29 I
1346 2007 153 40 enlighet
1518 2009 79 29 med
1618 2005 126 48 Kungl.

244 2047 124 40 Maj:ts
393 2049 131 40 förslag
554 2050 130 40 (punkt
708 2052 52 35 48,
786 2062 26 20 s.
838 2053 73 35 93),
936 2054 238 31 innebärande
1198 2065 42 21 en
1265 2058 290 40 anslagshöjning
1580 2069 43 20 av
1647 2060 18 29 6
1680 2060 64 31 400

243 2097 132 31 kronor
405 2099 52 30 till
488 2100 91 40 följd
610 2111 43 20 av
682 2103 222 40 avtalsenligt
933 2104 180 32 beslutade
1146 2106 278 41 lönehöjningar,
1456 2109 203 31 hemställer
1691 2113 53 27 ut-

242 2148 140 36 skottet,

596 2204 51 28 att
666 2202 188 41 riksdagen
873 2205 56 30 må
947 2205 51 30 till
1016 2206 129 40 Bidrag
1164 2207 52 31 till
1233 2209 149 29 svenska
1401 2209 341 42 silikatforsknings-

551 2251 176 32 institutet
752 2254 56 30 för
835 2255 203 40 budgetåret
1068 2257 149 35 1958/59
1245 2259 120 30 anvisa
1391 2262 48 27 ett
1467 2260 274 42 förslagsanslag

550 2312 43 20 av
616 2303 61 30 108
690 2304 63 30 400
776 2304 140 31 kronor.
