1910 2844
548 190 292 31 Stalsutskottets
873 189 188 31 utlåtande
1093 189 51 31 Nr
1172 189 47 29 17.
1548 187 40 29 20

127 269 79 30 eller
242 268 93 31 reellt
373 268 127 35 riktiga
525 268 10 30 i
559 267 90 31 detta
682 267 277 30 betraktelsesiätt.
1010 267 117 34 Enligt
1152 266 176 30 utskottets
1352 265 138 35 mening
1515 265 118 30 kunna

128 322 145 29 tvärtom
306 320 85 35 goda
426 320 74 30 skäl
534 320 137 30 anföras
707 320 50 29 för
785 320 50 29 att
859 319 69 35 just
953 319 10 30 i
987 318 90 31 detta
1101 317 99 31 skede
1223 317 320 36 behovsprincipens
1567 316 66 30 till-

130 372 197 36 lämplighet
356 372 221 31 underkastas
600 372 174 35 slutgiltig
798 371 180 35 prövning.
1026 371 52 29 Då
1101 369 185 31 emellertid
1312 370 121 34 frågan
1457 378 56 20 om
1537 369 97 29 kvin-

130 435 122 20 nornas
286 425 243 35 löneställning
565 425 117 34 måste,
719 423 75 30 med
830 423 132 36 hänsyn
999 422 53 31 till
1084 423 49 29 att
1157 421 76 30 hela
1256 420 377 36 budgetbehandlingen

129 477 57 30 vid
209 478 88 29 årets
323 476 137 35 riksdag
484 478 38 28 är
545 476 160 30 beroende
729 486 43 19 av
796 475 91 31 detta
908 475 181 35 spörsmåls
1105 474 242 35 skyndsamma
1365 472 268 36 handläggning,

129 528 128 30 erhålla
292 529 47 29 ett
373 528 123 30 snabbt
529 526 201 36 avgörande,
759 527 61 29 och
845 526 42 31 då
913 526 147 35 givetvis
1084 525 302 35 behovsprincipen
1410 525 79 34 kan,
1513 524 122 30 åtmin-

128 582 94 29 stone
249 580 108 30 under
381 579 63 30 här
468 579 108 31 nedan
599 579 150 34 angiven
773 578 257 35 förutsättning,
1055 577 131 35 Jimviäl
1210 586 115 20 senare
1351 593 37 4 —
1415 575 60 30 och
1499 575 135 30 särskilt

130 633 11 28 i
175 632 54 30 det
262 641 43 21 av
341 630 366 37 departementschefen
743 630 149 36 antydda
928 629 198 30 sambandet
1156 646 39 3 —
1221 629 82 29 utan
1327 629 108 29 större
1458 626 177 36 olägenhet

129 685 163 35 upptagas
316 683 55 31 till
394 683 119 35 slutlig
537 683 181 35 prövning,
743 682 63 30 har
829 682 163 30 utskottet
1015 681 117 30 funnit
1155 680 52 36 sig
1232 679 74 31 med
1329 679 164 31 avseende
1516 679 42 35 på
1574 678 61 30 tid-

130 736 152 35 punkten
305 735 116 31 därför
446 735 115 30 kunna
585 734 139 35 biträda
743 733 384 37 departementschefens
1151 732 148 36 mening.

173 788 52 30 En
260 788 246 35 förutsättning
541 790 39 27 är
614 786 123 31 därvid
761 786 93 36 dock,
878 788 51 29 att
951 786 65 31 den
1040 785 324 35 lönekonstruktion,
1389 794 72 21 som
1485 794 46 20 nu
1559 782 77 37 god-

132 840 126 30 kännes
281 840 53 30 för
356 840 41 30 de
421 839 180 36 kvinnliga
624 839 376 35 befattningshavarna,
1026 838 72 30 icke
1122 837 183 35 föregriper
1325 836 64 31 den
1406 845 117 21 senare
1539 837 98 34 pröv-

129 892 129 35 ningen
281 902 44 20 av
349 891 300 35 behovsprincipen
672 891 62 30 och
758 890 197 36 därigenom
976 891 173 29 försvårar
1164 889 80 30 eller
1259 888 202 36 omöjliggör
1478 898 40 21 en
1535 889 102 29 fram-

130 943 71 32 tida
224 944 200 36 utveckling
453 953 42 20 av
519 943 110 31 denna
654 943 173 30 löneform.
873 942 46 31 Så
942 942 110 30 skulle
1075 941 84 30 dock
1176 941 109 35 enligt
1301 941 179 30 utskottets
1496 940 139 35 mening

130 996 94 31 bliva
247 996 107 36 fallet,
380 996 110 30 därest
514 995 63 31 den
600 1005 42 20 av
667 995 131 35 Kungl.
823 994 99 36 Maj:t
939 1004 47 20 nu
1003 993 190 35 föreslagna
1210 1003 66 25 nya
1291 992 202 36 löneplanen
1509 991 128 31 undan-

130 1048 142 36 tagslöst
306 1048 96 31 bleve
434 1047 157 36 gällande
614 1047 52 30 för
689 1047 98 30 såväl
810 1046 185 36 kvinnliga
1018 1055 71 21 som
1114 1045 152 36 manliga
1288 1044 348 36 befattningshavare.

131 1101 16 30 I
171 1101 86 35 syfte
291 1102 49 29 att
369 1100 184 36 förebygga
576 1109 43 21 en
642 1099 104 31 sådan
771 1099 181 36 möjlighet
980 1098 64 31 har
1068 1098 162 30 utskottet
1252 1097 117 31 därför
1392 1096 151 36 vidtagit
1566 1096 71 31 viss

132 1153 229 36 begränsning
396 1153 12 30 i
436 1152 64 31 den
534 1152 108 36 enligt
677 1152 202 35 löneplanen
914 1151 195 30 kvinnorna
1143 1149 259 31 tillkommande
1437 1149 199 31 lönerätten.

132 1205 94 31 Enär
248 1214 130 22 samma
401 1203 121 37 åtgärd
547 1222 38 3 —
610 1203 210 36 indragning
845 1203 52 30 för
921 1202 183 36 kvinnliga
1127 1202 339 36 befattningshavare
1489 1212 43 20 av
1556 1201 82 31 sista

132 1258 211 30 löneklassen
371 1257 12 30 i
407 1257 158 36 samtliga
600 1255 197 37 lönegrader
822 1273 39 3 —
886 1255 116 31 tillika
1036 1254 145 36 främjar
1215 1264 40 21 en
1289 1264 42 20 ur
1362 1254 178 31 utskottets
1563 1263 76 27 syn-

131 1310 109 36 punkt
274 1309 171 31 önskvärd
479 1309 182 36 jämkning
695 1308 76 31 med
805 1308 162 30 avseende
999 1308 43 35 på
1065 1307 275 35 likalönskravet,
1364 1306 64 30 har
1451 1306 74 30 däri
1549 1306 89 35 legat

133 1364 47 29 ett
202 1362 199 36 ytterligare
425 1361 108 31 motiv
557 1361 54 30 för
627 1360 152 31 nämnda
794 1360 158 35 ändring.
977 1359 129 30 Genom
1124 1358 259 36 godkännandet
1399 1368 43 20 av
1460 1358 179 31 utskottets

133 1414 125 36 förslag
294 1424 99 26 synas
426 1413 97 31 också
559 1415 153 33 vägarna
746 1412 57 30 till
837 1421 43 21 en
903 1420 127 26 senare,
1058 1410 158 31 obunden
1239 1410 171 36 prövning
1433 1420 44 20 av
1501 1410 136 30 behovs-

132 1467 178 36 principen
333 1467 138 30 komma
493 1467 51 29 att
567 1466 43 35 på
633 1464 54 32 det
710 1466 68 29 sätt
802 1464 109 30 hållas
934 1465 120 34 öppna,
1078 1463 52 30 att
1152 1464 48 29 ett
1215 1462 153 36 uppskov
1385 1462 139 31 därmed
1540 1471 98 27 synes

133 1521 116 29 kunna
284 1520 107 30 vinna
425 1518 202 35 anslutning
659 1518 79 30 från
761 1517 96 31 såväl
880 1518 132 29 vänner
1035 1525 71 21 som
1130 1514 229 32 motståndare
1382 1514 56 31 till
1461 1515 177 35 principen

132 1573 13 30 i
168 1573 106 35 fråga.
321 1571 52 32 Ur
401 1571 110 31 denna
533 1570 259 36 utgångspunkt
814 1568 151 32 biträder
988 1568 101 31 alltså
1112 1567 160 31 utskottet
1295 1567 126 30 tanken
1445 1568 43 35 på
1510 1568 51 30 att
1584 1567 54 30 det

131 1625 178 31 definitiva
333 1622 346 37 ställningstagandet
702 1623 55 30 till
780 1621 305 36 behovsprincipen
1109 1619 189 32 tillsvidare
1321 1619 207 36 uppskjutes.

177 1730 72 30 Den
282 1729 108 35 fråga,
421 1738 70 21 som
515 1727 211 32 tvivelsutan
750 1726 108 31 vållat
880 1725 40 32 de
943 1726 122 30 största
1088 1725 257 35 svårigheterna
1368 1723 59 31 vid
1452 1724 186 36 handlägg-

133 1782 130 35 ningen
285 1791 46 21 av
354 1781 76 30 hela
454 1780 91 31 detta
568 1779 134 36 ärende,
727 1779 62 30 har
813 1779 101 35 varit,
938 1777 173 31 huruvida
1134 1777 65 31 den
1223 1787 23 20 s.
1263 1777 32 30 k.
1313 1776 325 36 likalönsprincipen

132 1834 112 31 skulle
268 1834 118 35 läggas
409 1833 55 30 till
489 1832 111 37 grund
624 1832 52 30 för
700 1831 64 31 den
788 1841 68 26 nya
872 1830 185 35 kvinnliga
1073 1829 333 35 lönebestämningen
1422 1828 61 31 och
1500 1828 139 31 därmed

133 1886 97 31 såväl
264 1885 151 31 kvinnor
449 1894 70 21 som
553 1886 82 29 män
670 1884 13 30 i
717 1882 239 32 motsvarande
990 1882 167 35 ställning
1192 1881 225 31 tillförsäkras
1451 1881 70 30 lika
1553 1881 88 30 löne-

134 1938 159 31 inkomst.
340 1937 49 31 De
421 1937 237 35 beredningar,
694 1946 70 20 som
799 1934 238 32 förbehandlat
1072 1934 133 35 frågan,
1240 1935 161 29 ävensom
1436 1933 39 31 de
1499 1933 143 31 däröver

135 1990 105 32 hörda
263 1990 294 36 myndigheterna,
581 1989 91 30 hava
695 1989 43 35 på
761 1988 113 31 denna
897 1987 111 35 punkt
1031 1986 145 31 kommit
1200 1985 56 32 till
1274 1985 200 37 skiljaktiga
1490 1986 150 30 resultat.

134 2043 70 31 Och
238 2041 368 36 departementschefen
641 2041 64 30 har
739 2040 53 30 för
823 2049 83 26 egen
929 2039 53 31 del
1007 2039 64 30 löst
1093 2038 197 36 spörsmålet
1313 2039 43 34 på
1380 2038 54 30 det
1458 2039 109 35 sättet,
1591 2039 50 30 att

135 2096 67 29 han
236 2094 210 36 principiellt
480 2093 143 31 anslutit
656 2093 52 35 sig
731 2092 54 31 till
809 2092 335 35 likalönsprineipen,
1168 2090 122 31 medan
1313 2090 70 31 han
1406 2090 152 31 däremot
1582 2090 58 31 vid

136 2147 256 36 inplaceringen
426 2156 43 20 av
503 2146 39 31 de
577 2144 199 32 nuvarande
810 2144 183 36 kvinnliga
1027 2143 280 36 befattningarna
1330 2143 11 30 i
1367 2142 63 31 den
1454 2142 187 36 uppgjorda

135 2209 252 27 gemensamma
411 2198 199 36 löneplanen
633 2198 91 35 gång
748 2197 42 36 på
813 2198 92 34 gång
929 2196 117 30 funnit
1069 2196 52 35 sig
1145 2205 45 21 av
1213 2194 217 31 ekonomiska
1453 2195 60 30 och
1534 2194 107 31 andra

135 2252 74 31 skäl
243 2252 81 30 böra
356 2251 128 31 avvika
507 2250 79 31 från
609 2259 132 22 samma
765 2249 142 36 princip.
954 2247 232 32 Normerande
1209 2247 53 31 för
1284 2247 357 36 tillvägagångssättet

137 2305 63 30 har
222 2303 123 32 därvid
369 2303 223 37 synbarligen
616 2302 91 31 varit
731 2311 41 21 en
796 2312 43 20 av
863 2301 241 31 statskontoret
1127 2300 104 36 given
1254 2299 130 36 formel,
1401 2299 127 36 gående
1544 2301 38 29 ut
1598 2301 43 35 på

134 2358 50 30 att
207 2356 253 31 ämbetsverket
482 2355 129 31 anslöte
634 2355 52 35 sig
711 2355 56 30 till
790 2353 337 37 likalönsprincipen,
1151 2362 77 21 men
1252 2352 106 31 funne
1382 2352 54 31 det
1451 2352 189 36 angeläget,

135 2409 50 31 att
216 2406 60 33 vid
311 2407 217 37 lönefrågans
562 2406 175 38 praktiska
773 2406 135 31 lösande
931 2406 209 35 avlöningen
1163 2404 52 31 för
1238 2404 38 31 de
1299 2404 245 37 befattningar,
1568 2414 73 21 som

135 2461 125 30 hittills
295 2460 93 31 varit
423 2459 211 32 reserverade
670 2459 52 31 för
757 2459 159 35 kvinnor,
951 2458 73 31 icke
1059 2458 177 31 tillmättes
1268 2458 46 35 så,
1346 2458 50 29 att
1419 2458 109 30 staten
1551 2457 91 35 finge

1691 1721 136 24 Likalöns-

1686 1756 147 31 principen.
