1900 2794
248 187 37 29 12
454 187 186 29 Allmänna
661 186 397 39 beredningsutskottets
1079 186 179 30 utlåtande
1277 195 43 19 nr
1338 186 20 29 3
1377 186 40 29 år
1438 185 83 29 1966

248 267 279 34 hushållsavfall,
546 276 102 30 synes
666 266 105 39 enligt
788 265 192 40 kollegium
996 266 45 39 på
1057 266 115 39 grund
1189 275 42 20 av
1248 265 142 38 frågans
1407 263 202 30 invecklade
1628 265 102 28 natur

248 312 66 28 och
337 312 42 30 de
403 312 194 28 olikartade
620 310 268 30 förhållandena
912 311 93 28 inom
1031 310 114 29 skilda
1169 312 93 26 orter
1286 309 133 29 behöva
1443 308 198 38 kartläggas
1667 308 65 29 och

249 356 167 28 bedömas
432 356 161 38 allsidigt.
612 355 188 39 Uppgiften
818 355 65 29 bör
899 354 175 30 anförtros
1093 354 34 29 åt
1145 364 42 19 en
1207 353 185 39 utredning
1410 353 12 29 i
1438 352 119 30 vilken
1573 352 62 29 bör
1651 352 80 38 ingå

250 402 278 36 representanter
546 400 53 29 för
617 402 77 31 stat,
712 400 171 28 kommun
900 399 66 29 och
981 398 201 39 näringsliv.

292 444 362 29 Handelskammaren
674 444 9 28 i
702 443 169 39 Göteborg
891 444 39 28 är
947 453 42 19 av
1005 443 67 29 den
1090 442 181 29 bestämda
1290 441 273 40 uppfattningen
1581 443 50 27 att
1650 449 81 20 man

251 488 28 39 ej
298 489 62 28 bör
376 489 137 38 ingripa
530 489 78 28 med
626 488 133 29 direkta
778 488 129 29 förbud
924 490 71 26 mot
1012 487 224 38 användning
1253 496 43 20 av
1312 487 93 28 vissa
1423 486 74 38 slag
1514 495 42 20 av
1573 485 159 39 förpack-

250 533 123 38 ningar
395 533 81 28 eller
498 541 123 30 genom
644 535 49 26 att
714 532 144 39 belägga
878 532 95 29 vissa
992 534 100 37 typer
1112 541 43 19 av
1176 531 272 39 förpackningar
1471 530 78 29 med
1572 529 157 39 speciella

249 577 157 38 avgifter.
423 577 360 29 Handelskammaren
800 577 212 33 hemställer,
1029 578 49 27 att
1094 576 188 38 utredning
1297 575 65 29 och
1378 575 131 38 förslag
1526 574 206 39 skyndsamt

249 622 160 28 kommer
431 622 50 28 till
507 621 100 30 stånd
633 621 55 29 för
710 623 49 27 att
782 621 164 38 klargöra
968 620 417 30 ansvarsförhållandena
1407 620 10 28 i
1441 619 95 29 olika
1559 627 174 20 samman-

249 666 92 38 hang
355 665 56 29 för
422 666 223 38 renhållning
656 666 65 28 och
732 665 227 29 bortförande
973 674 41 20 av
1027 673 112 30 sopor,
1154 664 44 29 bl.
1212 674 29 19 a.
1256 664 394 28 fritidskommunernas
1665 663 68 28 rät-

249 710 147 38 tigheter
421 710 64 29 och
510 710 234 38 skyldigheter
769 712 92 26 samt
886 709 265 38 renhållningen
1176 708 119 29 utmed
1319 708 40 30 de
1385 710 96 27 stora
1504 707 228 39 genomfarts-

249 755 161 37 vägarna.

292 798 361 29 Handelskammaren
675 798 10 28 i
704 798 127 29 Malmö
852 798 181 39 avstyrker
1053 797 132 30 sådana
1205 797 160 39 åtgärder
1385 805 75 20 som
1481 795 111 40 syftar
1611 795 51 29 till
1683 796 49 28 att

250 843 158 29 försvåra
426 843 83 29 eller
528 843 184 29 förhindra
729 842 270 39 användningen
1018 851 42 20 av
1076 841 432 39 engångsförpackningar
1528 841 65 28 och
1612 839 120 30 därvid

251 889 86 28 även
358 887 184 30 införande
565 897 42 19 av
628 896 41 20 en
694 887 108 29 sådan
826 887 148 38 ordning
998 888 49 27 att
1069 886 292 29 distributörerna
1385 885 113 29 skulle
1522 885 139 38 åläggas
1683 886 49 27 att

250 932 110 29 återta
380 932 65 28 och
463 932 317 38 borttransportera
800 931 429 39 engångsförpackningar
1249 930 83 29 eller
1352 932 49 26 att
1423 929 54 29 för
1497 928 236 40 glasförpack-

252 977 121 38 ningar
402 976 111 29 skulle
541 977 155 38 erläggas
724 976 152 29 särskild
904 975 107 39 avgift
1039 975 55 29 för
1119 974 418 38 renhållningsändamål.
1566 973 167 29 Handels-

249 1020 205 29 kammaren
478 1021 154 28 ansluter
656 1021 50 37 sig
728 1019 194 30 emellertid
945 1020 38 29 så
1003 1020 50 28 till
1076 1019 80 29 vida
1178 1019 52 29 till
1253 1018 268 39 länsstyrelsens
1545 1017 188 29 framställ-

250 1065 92 38 ning,
366 1067 50 27 att
438 1065 352 29 handelskammaren
814 1064 194 39 tillstyrker
1029 1066 49 27 att
1101 1073 44 20 en
1167 1063 185 38 utredning
1376 1063 158 28 kommer
1556 1062 50 29 till
1631 1061 101 29 stånd

250 1109 148 29 rörande
420 1109 41 29 de
482 1109 110 29 andra
613 1109 220 38 möjligheter
856 1117 75 20 som
952 1108 70 29 kan
1044 1108 54 29 stå
1117 1108 52 29 till
1192 1108 88 28 buds
1304 1107 54 28 för
1379 1109 50 27 att
1451 1106 180 29 motverka
1653 1106 80 28 ned-

251 1153 238 39 skräpningen
505 1154 10 28 i
533 1155 148 27 naturen
699 1153 64 29 och
780 1152 201 30 underlätta
997 1152 56 29 det
1070 1152 141 38 slutliga
1228 1151 359 38 omhändertagandet
1606 1160 41 19 av
1665 1150 68 28 för-

250 1198 217 38 packningar
484 1198 64 28 och
565 1197 109 29 andra
692 1197 329 38 avfallsprodukter.
1040 1197 49 28 Bl.
1108 1206 29 19 a.
1157 1196 204 29 framhåller
1379 1195 354 29 handelskammaren

249 1242 147 29 behovet
417 1251 42 20 av
479 1242 320 38 uppsamlingskärl
827 1241 296 39 (papperskorgar
1144 1250 29 19 o.
1196 1241 48 32 d.)
1272 1240 93 29 såväl
1387 1240 10 28 i
1421 1240 117 29 städer
1558 1239 64 29 och
1644 1248 88 19 sam-

250 1286 116 29 hällen
394 1295 74 20 som
494 1287 98 38 längs
619 1287 162 37 vägarna,
808 1286 45 38 på
879 1285 214 39 rastplatser,
1121 1285 199 38 badplatser
1348 1285 67 28 och
1440 1283 293 39 campingplatser

250 1333 90 26 samt
363 1331 10 28 i
397 1330 314 34 friluftsområden,
734 1339 42 20 en
800 1330 138 38 lösning
961 1339 42 20 av
1025 1329 390 38 ansvarsfördelningen
1439 1328 67 29 vad
1529 1327 105 40 gäller
1657 1336 76 20 ren-

249 1375 204 38 hållningen
476 1375 98 38 längs
599 1375 161 38 vägarna,
785 1374 189 29 beivrande
997 1383 42 20 av
1063 1373 183 29 förseelser
1271 1375 71 26 mot
1369 1372 159 39 gällande
1553 1372 181 38 ordnings-

251 1419 220 29 föreskrifter
507 1419 199 32 (införande
737 1428 41 20 av
807 1419 98 28 böter
936 1418 164 30 liknande
1131 1418 322 38 parkeringsböter)
1490 1419 90 27 samt
1610 1416 123 39 frågan

251 1473 55 19 om
324 1464 68 29 den
407 1464 228 29 kommunala
653 1463 269 39 uppsamlingen
939 1464 64 28 och
1020 1462 265 29 destruktionen
1303 1471 42 20 av
1362 1470 105 30 sopor
1481 1461 109 39 jämte
1608 1461 126 39 nyttig-

250 1508 152 38 görande
419 1518 42 19 av
478 1508 277 39 sopmängderna
773 1507 54 29 för
845 1507 267 39 uppvärmning.

292 1552 364 29 Handelskammaren
678 1552 11 28 i
710 1552 101 29 Gävle
832 1570 45 2 —
897 1561 75 19 som
995 1560 196 30 opponerar
1212 1551 49 38 sig
1284 1552 71 27 mot
1379 1552 50 27 att
1451 1559 43 20 en
1514 1549 220 39 lagstiftning

250 1597 110 29 riktas
390 1599 72 27 mot
491 1598 276 37 producenterna
796 1606 43 19 av
867 1596 72 39 glas
969 1597 65 28 och
1061 1598 107 26 annat
1197 1594 304 39 väderbeständigt
1530 1594 204 38 emballage-

250 1642 159 28 material
434 1641 81 29 eller
539 1643 73 27 mot
635 1641 281 39 producenterna
939 1650 42 19 av
1003 1641 32 28 öl
1060 1641 66 28 och
1147 1642 118 27 vatten
1301 1657 31 2 -—
1355 1639 59 28 vill
1439 1639 89 28 dock
1552 1639 70 28 inte
1647 1640 87 27 mot-

251 1686 91 28 sätta
360 1686 52 38 sig
428 1688 51 27 att
496 1686 56 28 det
571 1688 137 27 snarast
725 1685 186 29 verkställs
930 1694 42 20 en
991 1684 262 38 undersökning
1271 1693 41 20 av
1331 1684 66 28 hur
1417 1683 65 29 och
1499 1683 10 29 i
1527 1683 116 29 vilken
1663 1691 71 20 om-

250 1730 153 38 fattning
420 1739 81 20 man
520 1730 89 29 skall
627 1730 120 28 kunna
764 1730 141 28 minska
923 1729 174 29 skadorna
1115 1729 66 28 och
1199 1728 268 39 olägenheterna
1485 1736 43 20 av
1544 1727 190 38 nedskräp-

251 1775 83 37 ning
365 1774 79 29 med
475 1774 303 38 väderbeständigt
810 1773 363 39 emballagematerial.
1207 1773 211 28 Kammaren
1451 1771 200 29 hemställer
1684 1772 49 28 att

250 1818 88 29 efter
357 1819 190 29 verkställd
568 1819 186 37 utredning
775 1818 37 29 få
831 1818 144 28 beredas
997 1817 136 29 tillfälle
1155 1819 49 27 att
1225 1817 153 38 granska
1398 1817 43 28 de
1461 1816 130 38 förslag
1612 1816 50 28 till
1685 1816 49 28 åt-

251 1863 123 38 gärder
391 1872 74 20 som
483 1863 122 29 därvid
622 1862 262 29 framkommer.

292 1907 140 29 Statens
450 1907 277 28 konsumentråd
744 1906 116 29 finner
877 1906 72 29 inte
967 1908 48 27 att
1033 1915 80 19 man
1133 1913 123 31 genom
1275 1905 126 28 förbud
1420 1906 71 27 mot
1510 1904 224 39 engångsför-

249 1952 217 38 packningar
487 1952 69 28 kan
579 1952 143 28 komma
742 1951 51 28 till
817 1951 92 28 rätta
931 1951 78 28 med
1031 1949 495 39 nedskräpningsproblemen.
1551 1948 108 29 Rådet
1682 1950 52 27 ut-

250 1996 88 28 talar
362 1996 52 38 sig
436 1996 72 28 inte
529 1996 92 28 klart
645 1995 53 29 för
721 2004 41 20 en
786 1995 188 38 utredning
997 2004 80 20 men
1099 1995 109 38 pekar
1231 1994 44 39 på
1297 1994 95 28 vissa
1413 1994 165 38 problem.
1603 1993 64 29 Vid
1691 2001 41 20 en

249 2039 204 39 jämförelse
469 2049 43 19 ur
528 2040 206 28 ekonomisk
752 2039 181 39 synpunkt
951 2038 128 29 mellan
1096 2038 429 39 engångsförpackningar
1543 2038 63 28 och
1624 2038 110 28 retur-

250 2084 275 38 förpackningar
615 2093 76 20 som
716 2085 36 27 är
776 2086 48 26 ett
852 2084 138 38 mycket
1015 2083 228 38 komplicerat
1269 2082 156 39 problem
1450 2100 43 2 —
1518 2082 38 28 är
1582 2082 55 29 det
1662 2082 71 28 inte

250 2128 158 39 lämpligt
431 2130 49 27 att
502 2128 83 38 utgå
606 2128 79 29 från
708 2128 128 38 dagens
859 2127 371 39 detaljhandelspriser
1252 2127 53 28 för
1329 2127 40 29 de
1392 2126 160 30 enskilda
1574 2125 160 39 förpack-

250 2173 261 38 ningstyperna,
530 2172 166 29 eftersom
714 2172 100 29 dessa
833 2172 71 28 inte
924 2180 100 30 synes
1042 2180 85 20 vara
1144 2171 153 39 avvägda
1316 2171 79 28 med
1413 2171 137 38 hänsyn
1569 2170 51 29 till
1640 2171 93 28 kost-

250 2217 164 28 naderna.
434 2216 226 29 Beträffande
677 2216 92 29 vissa
789 2215 273 39 förpackningar
1081 2215 108 39 gäller
1206 2215 208 39 exempelvis
1434 2215 78 29 med
1532 2214 201 29 nuvarande

250 2261 370 38 detaljhandelspriser
640 2262 51 27 att
709 2263 46 26 ett
775 2260 172 38 returglas
967 2260 70 29 kan
1056 2259 150 30 framstå
1225 2269 73 19 som
1319 2260 66 28 den
1405 2259 171 38 billigaste
1597 2258 135 29 formen

250 2314 42 20 av
310 2305 398 39 engångsförpackning.
731 2305 11 28 I
764 2304 116 29 stället
899 2305 63 28 bör
981 2313 81 20 man
1084 2314 34 19 se
1139 2304 45 38 på
1203 2304 40 28 de
1264 2304 155 38 verkliga
1439 2304 64 28 och
1524 2312 94 20 mera
1639 2303 94 37 lång-

250 2349 127 39 siktiga
395 2349 238 29 kostnaderna
649 2357 124 30 genom
789 2351 50 26 att
857 2348 152 39 jämföra
1028 2347 437 39 tillverkningskostnader
1482 2347 55 29 för
1554 2347 91 29 olika
1665 2346 66 29 för-

249 2393 305 40 packningstyper,
572 2395 35 27 ta
624 2393 138 39 hänsyn
779 2393 51 29 till
850 2393 41 29 de
909 2392 189 29 kostnader
1116 2401 75 20 som
1211 2392 144 38 uppstår
1374 2393 63 28 när
1455 2391 170 39 returglas
1644 2390 86 30 skall

250 2437 332 39 återtransporteras
610 2438 65 28 och
701 2438 165 37 rengöras
894 2446 81 19 men
1001 2438 85 27 även
1113 2437 113 28 räkna
1252 2437 78 28 med
1358 2436 189 29 kostnader
1576 2435 54 29 för
1656 2444 77 29 sop-

249 2482 186 38 hämtning
451 2491 29 20 o.
499 2482 31 28 d.
549 2482 64 29 Det
632 2481 147 30 återstår
797 2481 108 29 också
922 2482 50 28 att
989 2481 147 29 bedöma
1153 2480 174 29 huruvida
1346 2480 66 29 den
1431 2480 301 37 kostnadsökning

250 2535 75 20 som
351 2526 430 39 engångsförpackningar
808 2535 49 19 ev.
886 2526 70 28 kan
984 2525 157 29 medföra
1170 2525 70 29 står
1269 2525 9 28 i
1306 2525 116 38 rimlig
1451 2524 203 39 proportion
1681 2523 49 29 till
