1870 2806
518 168 105 27 Andra
643 168 217 35 lagutskottets
881 169 158 27 utlåtande
1061 178 37 18 nr
1119 170 46 26 68.
1569 171 16 28 7

96 247 194 30 emellertid
312 247 91 31 måst
424 250 97 36 tagas
543 249 88 29 även
654 248 52 30 till
726 248 230 39 jordägarens
978 249 156 30 intresse.
1169 249 283 39 Uppenbarligen
1475 250 112 30 skulle

96 300 58 30 det
173 300 151 38 mången
344 300 90 39 gång
454 310 83 21 vara
558 301 151 38 oskäligt
729 305 73 26 mot
821 302 212 38 jordägaren
1054 305 49 27 att
1123 302 123 39 ålägga
1267 303 133 30 honom
1420 306 50 27 att
1489 303 99 30 avstå

96 352 81 31 från
201 363 43 21 en
266 354 135 30 kanske
424 353 173 31 värdefull
620 354 55 30 del
698 364 42 20 av
763 354 224 39 fastigheten,
1011 355 203 38 varigenom
1238 356 77 30 dess
1341 357 246 29 sammansätt-

96 405 84 40 ning
203 416 43 21 av
270 407 141 38 ägoslag
434 407 67 29 och
526 407 231 39 arrondering
781 407 179 32 måhända
985 409 110 30 skulle
1122 418 40 21 ur
1185 409 402 39 jordbruksekonomisk

97 461 180 37 synpunkt
303 460 204 30 försämras.
1367 469 2 2 |

142 511 50 32 De
215 522 42 21 av
280 511 257 33 motionärerna
561 513 154 38 antydda
740 513 236 38 ändringarna
1001 515 10 29 i
1036 516 99 37 lagen
1159 525 58 20 om
1241 514 214 39 förköpsrätt
1479 516 110 29 skulle

98 567 196 38 antagligen
312 568 142 29 komma
474 571 48 26 att
541 567 37 30 få
596 577 43 20 en
657 568 136 39 mycket
811 569 195 38 begränsad
1025 569 176 30 räckvidd.
1223 570 67 30 Om
1308 579 82 21 man
1410 569 180 31 fasthåller

99 618 57 32 vid
180 619 158 31 villkoret
362 624 49 27 att
434 619 94 31 såväl
554 621 56 30 det
636 621 50 30 till
710 620 133 31 inlösen
868 622 151 30 avsedda
1045 621 155 32 området
1226 632 75 21 som
1325 621 195 32 återstoden
1547 632 43 21 av

98 672 67 31 den
192 673 153 31 försålda
373 674 207 38 fastigheten
607 675 110 29 skulle
742 675 120 30 kunna
889 676 105 38 enligt
1020 675 355 40 jorddelningslagens
1402 677 110 38 regler
1538 680 50 27 ut-

99 727 117 38 läggas
243 728 50 29 till
320 727 150 31 särskild
495 727 171 39 fastighet,
695 728 70 30 kan
792 729 56 30 det
874 729 175 39 nämligen
1075 733 153 35 antagas,
1258 733 49 27 att
1333 731 129 29 antalet
1490 730 62 30 fall
1579 730 11 30 i

99 779 93 32 vilka
218 779 214 40 förköpsrätt
457 780 110 31 skulle
592 781 121 31 kunna
739 783 121 29 utövas
884 782 110 30 skulle
1018 782 93 31 bliva
1137 783 131 38 ganska
1294 782 108 39 ringa.
1430 784 64 30 Det
1520 783 69 30 för-

96 834 115 39 tjänar
238 835 11 29 i
277 835 93 30 detta
400 836 254 38 sammanhang
682 837 186 29 anmärkas
898 840 58 32 att,
986 836 104 39 enligt
1118 837 67 29 vad
1214 846 74 21 som
1316 836 192 31 meddelats
1536 840 51 27 ut-

97 888 124 30 skottet
242 888 222 30 beträffande
485 889 55 29 det
565 898 42 20 av
630 888 257 31 motionärerna
910 888 193 40 åberopade
1127 889 192 36 rättsfallet,
1344 891 42 30 de
1410 889 176 35 områden,

99 939 50 31 till
170 939 94 32 vilka
284 941 11 29 i
316 939 105 32 målet
439 942 119 37 yrkats
581 941 222 39 förköpsrätt,
827 942 76 30 icke
925 941 107 39 fyllde
1055 943 41 30 de
1117 942 198 39 fordringar
1338 943 250 39 jorddelnings-

98 993 100 38 lagen
221 994 190 38 uppställer
435 994 55 30 för
514 994 237 38 avstyckning.

144 1048 72 30 Mot
248 1048 41 30 de
320 1048 202 30 nuvarande
554 1049 156 38 reglerna
741 1049 221 30 beträffande
995 1049 167 31 villkoren
1194 1050 55 30 för
1281 1051 68 29 rätt
1382 1051 50 30 till
1464 1050 125 39 förköp

99 1100 70 31 kan
196 1101 217 38 naturligtvis
440 1102 198 36 anmärkas,
667 1105 49 27 att
742 1103 41 29 de
807 1104 62 29 äro
896 1103 231 30 schematiska
1154 1104 65 29 och
1245 1103 76 30 icke
1347 1107 80 35 taga
1453 1104 136 39 hänsyn

99 1154 50 30 till
168 1155 340 30 omständigheterna
527 1155 11 30 i
560 1155 95 39 varje
675 1155 139 31 särskilt
833 1156 73 30 fall.
930 1157 49 29 De
999 1157 90 30 hava
1110 1156 89 31 dock
1220 1157 66 30 den
1307 1157 157 30 fördelen
1484 1157 105 30 fram-

100 1207 55 31 för
181 1209 42 29 de
249 1218 42 20 av
318 1208 257 31 motionärerna
602 1209 206 39 föreslagna,
837 1213 50 27 att
913 1210 265 31 intressenterna
1204 1214 84 26 utan
1315 1211 147 38 rättsligt
1488 1212 101 37 avgö-

100 1262 107 29 rande
231 1261 120 31 kunna
374 1261 148 32 förvissa
548 1263 50 38 sig
626 1272 58 21 om
709 1262 172 32 huruvida
909 1262 213 40 förköpsrätt
1148 1263 191 39 föreligger.
1369 1263 136 39 Frågan
1533 1273 57 21 om

99 1314 237 39 tillåtligheten
360 1325 44 20 av
428 1325 43 21 en
496 1315 319 40 fastighetsdelning
841 1318 40 29 är
906 1317 73 31 ofta
1005 1326 43 21 en
1072 1317 155 30 tveksam
1250 1317 338 39 bedömningsfråga,

99 1368 115 30 vilken
236 1368 159 39 slutligen
417 1370 71 29 kan
509 1370 145 37 avgöras
677 1369 120 31 endast
819 1378 126 31 genom
967 1369 217 39 myndighets
1207 1371 120 37 utslag.
1352 1371 78 30 Med
1452 1371 137 38 hänsyn

100 1422 50 30 till
178 1423 156 29 riskerna
361 1432 43 21 av
432 1432 43 20 en
501 1422 258 39 felbedömning
785 1423 109 30 måste
923 1424 56 30 det
1006 1433 83 21 vara
1114 1434 42 20 av
1183 1427 46 27 ett
1254 1424 84 30 visst
1363 1424 143 31 intresse
1534 1425 56 29 för

99 1474 159 38 samtliga
284 1474 228 37 intressenter,
540 1479 49 27 att
617 1475 99 31 deras
742 1475 161 32 inbördes
930 1475 198 39 rättigheter
1155 1475 100 32 såvitt
1281 1476 134 39 möjligt
1441 1478 148 37 regleras

99 1536 124 30 genom
242 1529 258 30 bestämmelser
521 1539 75 20 som
616 1528 75 31 icke
711 1529 77 39 giva
808 1530 143 38 upphov
972 1530 50 30 till
1043 1530 224 31 tveksamhet.

145 1583 121 29 Därest
294 1583 42 29 de
366 1592 48 20 nu
446 1583 159 38 gällande
635 1583 155 38 reglerna
822 1587 141 26 ersattes
995 1584 78 29 med
1103 1584 258 30 bestämmelser
1393 1584 197 30 utformade

99 1634 105 38 enligt
225 1636 40 29 de
286 1645 42 20 av
350 1634 257 32 motionärerna
628 1636 154 38 antydda
803 1635 228 39 riktlinjerna,
1055 1638 38 29 är
1115 1638 56 29 det
1192 1637 31 39 ej
1244 1637 169 36 uteslutet,
1435 1641 50 27 att
1506 1637 83 29 änd-

98 1689 119 39 ringen
237 1690 110 29 skulle
365 1689 157 31 medföra
540 1699 42 21 en
598 1690 192 39 skärpning
808 1700 41 20 av
869 1691 187 29 tendensen
1075 1690 50 30 till
1143 1690 207 40 indragning
1369 1700 42 21 av
1429 1691 158 30 arrende-

98 1743 121 29 ställen
240 1743 109 29 under
369 1742 256 39 huvudgårdar.

144 1795 64 30 Vid
229 1795 239 38 övervägande
489 1805 42 20 av
553 1795 228 31 förevarande
803 1795 99 39 fråga
925 1796 64 30 har
1009 1796 162 31 utskottet
1193 1797 78 30 med
1292 1798 137 38 hänsyn
1451 1798 49 29 till
1524 1798 66 29 vad

101 1857 90 21 ovan
219 1849 173 38 upptagits
421 1848 124 36 funnit,
576 1853 49 26 att
652 1849 204 39 tillräckliga
886 1850 76 29 skäl
992 1850 31 38 ej
1053 1850 133 30 anförts
1216 1850 55 30 för
1299 1851 148 38 ändring
1476 1861 43 20 av
1549 1851 41 29 de

100 1902 201 29 nuvarande
327 1902 313 30 bestämmelserna.

145 1956 13 28 I
189 1955 169 29 samband
388 1955 79 29 med
497 1956 55 28 det
582 1965 43 20 av
657 1955 256 30 motionärerna
945 1956 123 30 väckta
1099 1956 202 38 spörsmålet
1332 1957 64 29 har
1426 1957 164 30 utskottet

101 2009 323 38 uppmärksammat
453 2007 123 39 frågan
606 2018 57 20 om
692 2009 244 30 arrendatorns
967 2009 221 38 lösningsrätt
1217 2010 9 29 i
1253 2009 62 30 fall
1345 2009 44 31 då
1417 2010 171 38 fastighet,

100 2061 219 30 beträffande
346 2060 115 30 vilken
489 2060 167 31 villkoren
686 2062 53 29 för
767 2061 222 39 lösningsrätt
1016 2063 61 29 äro
1104 2061 192 39 uppfyllda,
1327 2062 146 38 rättsligt
1501 2072 88 20 sam-

102 2115 197 37 manlägges
327 2115 78 29 med
432 2115 261 37 kringliggande
721 2115 86 38 jord,
837 2115 38 30 så
903 2119 49 26 att
981 2116 56 29 det
1064 2116 228 30 arrenderade
1321 2116 157 30 området
1504 2117 86 29 efter

101 2168 367 37 sammanläggningen
494 2168 157 29 kommer
676 2172 48 26 att
751 2168 146 30 omfatta
923 2169 133 29 mindre
1083 2170 45 28 än
1156 2169 132 30 hälften
1316 2179 43 20 av
1387 2170 66 29 den
1480 2170 109 38 nybil-

101 2219 87 31 dade
210 2219 221 37 fastighetens
453 2220 123 30 odlade
596 2220 87 38 jord.
706 2220 234 30 Arrendatorn
962 2222 64 29 har
1046 2222 74 29 icke
1141 2221 177 38 möjlighet
1339 2226 49 26 att
1408 2222 181 29 förhindra

101 2282 41 20 en
168 2272 109 30 sådan
303 2273 331 37 sammanläggning.
666 2274 119 29 Därest
810 2274 241 37 utvecklingen
1077 2274 109 30 skulle
1213 2273 212 39 ådagalägga
1452 2285 41 19 en
1522 2280 67 25 ten-

101 2326 82 29 dens
210 2326 44 29 till
281 2326 363 37 sammanläggningar
668 2327 8 28 i
701 2327 88 37 syfte
812 2331 49 25 att
882 2326 146 38 kringgå
1050 2327 303 30 bestämmelserna
1377 2328 9 29 i
1410 2329 100 35 Jagen
1533 2338 56 19 om

103 2379 219 38 förköpsrätt,
353 2389 100 28 synes
484 2379 90 30 detta
604 2379 84 30 böra
720 2380 179 29 föranleda
931 2379 159 39 åtgärder
1122 2380 47 29 till
1201 2380 179 38 stävjande
1410 2382 81 28 eller
1522 2381 66 29 för-

102 2432 146 36 tagande
273 2442 41 19 av
344 2432 200 29 terdensens
572 2432 138 29 verkan.
740 2433 12 28 I
780 2432 123 30 sådant
930 2432 166 29 avseende
1124 2433 115 29 kunde
1266 2433 122 30 tänkas
1415 2434 65 29 den
1506 2434 82 29 änd-

102 2485 118 38 ringen
248 2485 8 29 i
282 2486 98 36 lagen
409 2495 56 19 om
494 2485 221 39 förköpsrätt,
744 2489 48 26 att
820 2486 227 29 arrendatorn
1074 2487 109 28 skulle
1211 2496 82 20 vara
1321 2487 192 37 berättigad
1542 2491 48 26 att
