1916 2776
269 158 43 31 26
640 156 252 27 Statsutskottets
916 156 162 27 utlåtande
1101 164 39 19 nr
1162 156 56 27 113
1240 157 36 26 år
1299 157 75 27 1960

271 236 250 39 krigsmakten.
559 237 135 38 Frågan
719 246 58 20 om
802 237 160 39 förlängd
988 237 198 39 utbildning
1212 247 41 19 av
1278 237 272 30 civilförsvarets
1575 238 93 29 befäl
1692 238 63 30 bör

271 289 30 39 ej
330 289 123 39 prövas
478 289 12 29 i
515 289 228 30 förevarande
769 290 265 38 sammanhang.
1071 291 65 38 Jag
1160 290 58 29 vill
1244 291 151 39 tillägga,
1421 293 50 27 att
1496 291 179 30 formerna
1700 291 55 30 för

270 341 267 40 ifrågavarande
559 342 197 39 överföring
776 352 42 20 av
837 343 229 39 värnpliktigt
1085 343 92 30 befäl
1199 343 54 30 för
1274 345 218 29 närvarande
1513 345 38 29 är
1571 345 111 29 under
1702 347 53 27 ut-

271 394 154 39 redning.

324 447 65 39 Jag
410 456 115 26 anser,
549 449 51 28 att
624 448 386 40 tjänstgöringspremie
1033 449 63 30 bör
1121 450 82 39 utgå
1227 450 52 30 till
1304 451 68 29 den
1396 460 76 21 som
1496 451 160 40 fullgjort
1681 453 72 29 sär-

271 500 91 30 skild
381 500 252 41 befälsövning.
665 502 64 39 Jag
751 510 103 21 anser
874 503 86 29 även
981 503 252 40 utredningens
1256 504 131 40 förslag
1407 505 150 30 rörande
1577 505 176 40 premiens

270 554 130 29 storlek
424 554 56 30 väl
507 555 133 39 avvägt.
677 555 54 29 En
756 555 132 40 premie
914 565 57 20 om
999 556 63 30 250
1089 557 130 29 kronor
1244 557 62 30 bör
1332 558 104 29 alltså
1462 558 83 40 utgå
1572 558 56 30 för
1654 559 98 39 varje

269 606 168 40 fullgjord
460 607 152 31 särskild
633 608 251 40 befälsövning.
919 609 189 31 Införande
1130 620 42 20 av
1193 620 48 20 nu
1264 611 160 39 åsyftade
1447 612 151 39 premier
1620 612 133 30 erford-

270 668 57 21 rar
358 660 191 40 ändringar
580 661 11 29 i
621 662 628 41 värnpliktsavlöningskungörelsen.
1293 664 119 30 Beslut
1444 665 124 30 härom
1598 665 63 30 bör
1691 674 61 21 an-

269 713 141 30 komma
434 713 46 40 på
504 714 126 40 Kungl.
655 714 116 40 Maj:t.

325 770 13 29 I
366 771 170 30 samband
563 772 78 29 med
666 771 189 39 yttranden
881 772 80 29 över
988 771 365 39 befälsutredningens
1381 771 131 39 förslag
1539 772 64 29 har
1629 772 125 29 chefen

270 822 55 30 för
355 823 160 30 marinen
546 825 112 38 yrkat,
691 826 50 28 att
773 824 173 30 särskilda
975 824 283 40 befälsövningar
1291 825 89 29 skall
1411 824 135 30 införas
1579 826 86 29 även
1695 825 59 30 vid

267 875 277 31 kustartilleriet.
581 877 243 30 Motsvarande
848 878 156 38 yrkande
1027 877 222 30 beträffande
1274 878 221 39 flygvapnets
1518 878 236 40 värnpliktiga

268 928 276 40 befälspersonal
575 930 64 29 har
669 930 114 30 ställts
815 939 41 21 av
886 930 323 39 flygvapenchefen.
1251 931 76 30 Vad
1358 932 195 38 respektive
1584 932 170 29 försvars-

268 981 222 39 grenschefer
512 983 12 28 i
548 983 116 29 ämnet
687 982 119 30 anfört
828 984 64 29 har
916 984 179 38 övertygat
1118 984 70 39 mig
1211 993 57 20 om
1291 984 250 39 lämpligheten
1565 987 50 27 att
1637 985 117 30 införa

269 1034 173 30 särskilda
470 1034 284 40 befälsövningar
783 1036 79 30 med
892 1036 67 30 den
988 1037 106 39 längd
1122 1038 65 29 och
1216 1038 80 29 med
1324 1038 68 29 den
1422 1038 224 39 uppdelning,
1678 1048 75 20 som

269 1086 184 31 förutsatts
483 1087 56 30 för
568 1088 137 29 arméns
733 1089 245 39 värnpliktiga,
1010 1091 86 28 även
1124 1090 57 30 vid
1209 1090 267 30 kustartilleriet
1504 1092 66 29 och
1598 1091 156 40 flygvap-

268 1141 68 33 net,
353 1140 119 29 varför
489 1140 61 39 jag
567 1141 152 29 biträder
738 1141 175 40 förslagen
931 1143 135 29 härom.
1095 1144 64 38 Jag
1177 1143 207 31 förutsätter
1400 1144 135 35 härvid,
1554 1146 50 28 att
1622 1146 132 38 premie

268 1193 89 29 skall
381 1193 83 39 utgå
489 1193 56 29 för
571 1194 278 39 tjänstgöringen
875 1195 44 39 på
944 1197 70 28 sätt
1039 1196 197 39 föreslagits
1262 1197 55 29 för
1343 1198 139 29 arméns
1506 1198 246 40 värnpliktiga.

322 1250 48 29 De
391 1249 111 40 årliga
522 1250 238 29 kostnaderna
781 1249 55 30 för
857 1259 47 20 nu
927 1249 199 40 föreslagna
1148 1251 173 29 särskilda
1342 1250 292 40 befälsövningar,
1657 1252 97 30 inne-

268 1302 158 31 fattande
454 1303 191 29 kostnader
674 1303 55 29 för
758 1303 159 38 premier,
947 1303 72 29 kan
1048 1303 172 30 beräknas
1250 1304 117 39 uppgå
1395 1304 53 30 till
1477 1305 58 29 vid
1564 1305 121 30 armén
1713 1315 41 20 ca

267 1355 95 30 2100
376 1355 62 30 000
463 1355 141 35 kronor,
628 1356 57 29 vid
708 1355 267 30 kustartilleriet
999 1365 40 20 ca
1065 1356 60 30 190
1140 1356 61 30 000
1226 1357 131 30 kronor
1380 1358 66 29 och
1468 1358 58 30 vid
1551 1358 202 40 flygvapnet

266 1417 40 21 ca
330 1408 40 30 40
385 1408 62 30 000
472 1409 142 29 kronor.

320 1464 64 39 Jag
404 1466 130 37 upptar
555 1465 38 29 så
612 1465 123 39 frågan
756 1474 57 20 om
833 1464 270 40 möjligheterna
1124 1466 49 28 att
1192 1464 228 30 avbalansera
1439 1465 239 30 kostnaderna
1698 1466 55 29 för

265 1516 42 29 de
330 1516 200 40 föreslagna
554 1518 172 29 särskilda
749 1517 333 39 befälsövningarna
1105 1518 64 29 och
1193 1517 118 30 därtill
1335 1518 138 30 knutna
1496 1519 160 38 premier.
1692 1520 61 29 Be-

265 1568 305 41 fälsutredningen
594 1570 64 30 har
683 1570 123 31 därvid
832 1570 190 40 föreslagit,
1049 1572 51 28 att
1124 1571 125 40 Kungl.
1275 1571 107 40 Maj:t
1407 1571 89 30 skall
1522 1572 228 40 bemyndigas

266 1624 50 28 att
343 1623 105 40 enligt
476 1624 96 30 vissa
598 1624 110 39 regler
736 1624 145 30 avkorta
909 1624 160 39 gällande
1098 1624 308 39 utbildningstider
1434 1624 56 30 för
1516 1626 237 39 värnpliktiga

264 1676 79 30 med
363 1676 102 40 högst
489 1677 16 29 7
529 1677 117 39 dagar.
679 1677 284 39 Genomsnittligt
985 1678 113 29 skulle
1119 1678 204 39 härigenom
1344 1678 54 29 för
1419 1678 98 40 varje
1539 1679 213 40 värnpliktig

265 1729 66 29 den
358 1730 265 39 sammanlagda
649 1730 315 40 utbildningstiden
990 1731 113 39 nedgå
1128 1731 79 30 med
1232 1740 41 21 ca
1299 1731 45 34 3,5
1370 1732 116 39 dagar,
1514 1732 238 31 innebärande

264 1791 43 20 en
329 1782 376 40 kostnadsminskning
727 1784 81 29 med
830 1793 41 20 ca
892 1784 18 29 2
925 1783 63 30 900
1003 1783 63 30 000
1090 1784 140 30 kronor.

318 1835 64 39 Jag
403 1834 157 31 biträder
583 1836 251 40 utredningens
859 1837 141 40 förslag.
1037 1837 181 40 Möjlighet
1242 1838 52 29 till
1318 1838 268 40 ifrågavarande
1612 1841 139 29 avkort-

264 1887 84 41 ning
368 1888 62 30 bör
452 1888 121 31 finnas
596 1889 11 29 i
629 1889 100 40 fråga
750 1898 57 21 om
831 1890 46 30 all
898 1890 436 42 värnpliktstjänstgöring
1356 1892 108 40 enligt
1487 1892 41 30 27
1554 1897 16 36 &
1595 1893 29 30 1.
1647 1895 103 29 värn-

263 1941 210 40 pliktslagen
504 1943 81 29 med
616 1943 180 40 undantag
828 1952 43 20 av
900 1943 128 31 befäls-
1059 1944 65 30 och
1156 1945 376 41 repetitionsövningar
1564 1947 66 29 och
1662 1948 87 30 även

262 1994 173 31 innefatta
458 1995 179 31 marinens
660 1996 65 30 och
747 1996 220 41 flygvapnets
989 1998 246 39 värnpliktiga.
1269 1999 50 29 De
1341 1999 110 40 årliga
1473 1999 277 41 besparingarna

263 2047 70 31 kan
362 2048 54 30 för
446 2048 221 31 sistnämnda
696 2049 283 41 försvarsgrenar
1008 2051 174 30 beräknas
1212 2052 52 29 till
1294 2061 39 21 ca
1363 2052 63 30 240
1441 2052 63 31 000
1533 2053 131 30 kronor
1693 2054 57 31 för

262 2101 160 30 marinen
447 2102 66 30 och
539 2112 40 21 ca
605 2102 62 31 300
681 2102 63 31 000
770 2103 131 30 kronor
926 2104 55 30 för
1009 2104 211 41 flygvapnet.
1258 2106 49 29 De
1333 2106 204 31 redovisade
1563 2107 186 31 kostnads-

262 2154 220 41 ökningarna
501 2156 56 30 för
578 2156 172 31 särskilda
769 2157 284 40 befälsövningar
1072 2158 109 39 jämte
1201 2159 151 40 premier
1372 2160 72 29 kan
1464 2160 103 30 alltså
1586 2161 163 30 avbalan-

263 2216 94 22 seras
375 2208 97 30 inom
488 2218 124 21 ramen
628 2209 54 30 för
701 2219 47 21 nu
767 2210 148 40 löpande
933 2211 191 30 kostnader
1143 2212 53 30 för
1215 2213 42 29 de
1275 2213 255 40 värnpliktigas
1549 2214 200 40 utbildning

262 2261 65 30 och
351 2261 246 41 tjänstgöring.

317 2315 74 30 Vad
410 2315 61 40 jag
492 2325 49 20 nu
564 2317 178 39 föreslagit
763 2318 149 29 rörande
934 2318 175 30 särskilda
1130 2318 282 41 befälsövningar
1433 2321 65 28 och
1518 2320 71 29 viss
1612 2321 138 30 avkort-

262 2367 83 40 ning
363 2378 42 20 av
423 2368 42 30 de
484 2369 254 39 värnpliktigas
757 2369 236 41 tjänstgöring
1011 2370 159 40 påkallar
1187 2372 95 30 vissa
1301 2373 189 39 ändringar
1508 2373 12 30 i
1537 2374 213 38 värnplikts-

261 2420 110 40 lagen.
402 2421 66 40 Jag
490 2431 109 25 avser,
623 2424 49 28 att
694 2423 188 30 framdeles
904 2424 220 30 återkomma
1144 2426 80 29 med
1245 2425 131 40 förslag
1397 2427 134 29 härom.

316 2473 352 41 Befälsutredningen
689 2476 65 29 har
777 2476 219 31 konstaterat
1020 2479 50 28 att
1093 2479 129 29 antalet
1245 2480 236 38 värnpliktiga
1504 2489 75 20 som
1603 2481 145 39 uttagits
