1920 2782
505 134 254 29 Statsutskottets
783 131 162 28 utlåtande
967 138 40 19 nr
1029 130 56 26 113
1108 129 36 27 år
1166 128 75 27 1960
1583 127 40 29 19

191 219 153 29 Behovet
362 227 43 20 av
422 216 186 31 officerare
626 215 65 29 har
710 222 75 21 som
805 213 96 29 förut
920 211 143 30 nämnts
1082 208 149 40 angivits
1251 208 53 29 till
1324 206 53 31 66.
1408 205 131 30 Härvid
1558 205 65 28 har

137 274 186 30 förutsatts
347 273 51 28 att
421 280 42 21 en
486 269 198 39 befattning
709 268 55 29 för
787 266 127 39 major,
938 264 80 30 chef
1042 264 54 29 för
1121 258 502 41 mobiliseringsavdelningen,

137 327 225 30 tillkommer.
404 324 180 39 Förslaget
614 322 65 30 har
710 320 188 39 tillstyrkts
931 328 43 20 av
1004 315 429 41 remissmyndigheterna.
1476 310 148 32 Särskilt

138 380 58 30 må
215 381 149 29 nämnas
385 380 51 28 att
457 379 132 28 statens
611 372 394 43 organisationsnämnd
1025 371 58 30 vid
1104 372 147 37 översyn
1273 378 42 20 av
1338 367 110 31 stabs-
1469 366 66 30 och
1556 364 69 30 för-

137 433 336 40 valtningstjänsten
494 431 219 30 konstaterat
734 428 92 31 ökad
847 425 316 39 arbetsbelastning
1185 423 44 41 på
1251 413 376 52 mobiliseringsavdel-

139 489 139 39 ningen.
314 487 66 39 Jag
405 485 193 39 tillstyrker
624 482 252 39 utredningens
903 480 132 39 förslag
1061 479 65 29 och
1152 478 130 30 räknar
1308 474 135 32 således
1469 473 80 31 med
1575 472 52 30 att

140 551 44 20 en
199 539 335 42 majorsbefattning
550 538 214 30 tillkommer
782 536 55 30 för
853 533 269 41 ifrågavarande
1141 529 296 41 arbetsuppgifter
1455 528 58 30 vid
1530 526 99 41 varje

140 594 377 40 infanteriregemente.

196 652 13 29 I
231 651 205 39 underlaget
458 649 53 30 för
532 647 241 38 beräkningen
795 654 42 20 av
858 641 293 32 officersbehovet
1173 639 63 30 har
1259 636 236 39 utredningen
1517 634 111 30 förut-

141 712 69 28 satt
233 711 51 28 att
306 717 45 21 en
375 704 330 34 ställföreträdande
729 697 469 45 kompanichefsbefattning
1223 695 90 30 skall
1338 694 119 30 finnas
1481 692 59 30 vid
1565 690 63 31 ett-

140 765 77 29 vart
244 772 43 21 av
312 764 53 28 tre
393 758 325 42 skyttekompanier
746 756 66 30 och
838 756 12 29 i
877 750 391 42 befälsuppsättningen
1296 748 60 31 vid
1384 745 245 38 utbildningen

142 827 43 21 av
205 813 450 44 plutonchefsskoleelever.
687 811 65 40 Jag
773 810 64 29 har
860 809 106 38 ingen
988 807 142 29 erinran
1152 804 170 30 häremot.

197 869 184 32 Likaledes
397 868 207 31 förutsätter
619 866 70 40 jag,
706 866 51 28 att
773 872 44 22 en
835 861 153 32 särskild
1004 859 132 31 central
1153 857 239 39 befälsgrupp,
1410 851 219 34 omfattande

142 926 45 29 bl.
207 934 31 20 a.
258 924 79 40 fyra
356 922 196 33 officerare,
573 920 90 30 skall
683 927 83 21 vara
786 914 227 42 organiserad
1033 913 58 30 vid
1112 906 517 41 normalinfanteriregemente.

198 977 239 39 Utredningen
459 976 65 28 har
546 974 132 39 angivit
701 971 132 30 antalet
856 968 160 31 fänrikar
1039 976 61 32 per
1123 956 507 50 normalinfanteriregemente

144 1032 52 30 till
216 1032 30 30 6.
279 1031 13 30 I
313 1031 42 29 de
377 1029 83 31 1942
481 1027 205 31 redovisade
706 1024 285 38 beräkningarna
1010 1030 62 21 var
1093 1017 247 33 motsvarande
1361 1016 96 30 antal
1481 1015 51 34 10,
1553 1014 78 30 där-

144 1086 58 30 vid
221 1085 90 30 dock
329 1084 207 30 förutsattes
557 1084 53 27 tre
631 1078 189 32 fänriksår.
854 1076 114 31 Sedan
991 1074 83 30 1952
1097 1073 106 40 gäller
1224 1070 194 32 emellertid
1440 1071 51 28 att
1512 1066 120 32 fänrik

144 1138 182 31 befordras
354 1137 53 31 till
435 1136 154 40 löjtnant
616 1134 89 30 efter
733 1132 58 31 två
818 1131 49 30 år.
907 1128 131 31 Därvid
1065 1128 160 32 inrättas,
1253 1126 12 29 i
1293 1125 68 29 den
1389 1122 84 30 mån
1500 1121 132 31 vakant

145 1196 175 31 ordinarie
342 1193 211 39 beställning
574 1192 77 29 icke
673 1190 128 33 finnes,
824 1189 98 29 extra
944 1185 176 32 ordinarie
1142 1179 396 44 löjtnantsbeställning.
1573 1177 60 30 Ut-

145 1250 193 39 redningen
365 1257 103 31 synes
496 1247 30 39 ej
555 1246 48 29 ha
629 1244 132 40 åsyftat
788 1242 116 39 någon
931 1238 197 43 principiell
1156 1235 206 40 förändring
1389 1235 12 30 i
1429 1231 204 32 nuvarande

146 1304 159 39 ordning.
343 1302 53 30 Då
421 1302 59 39 jag
506 1300 30 40 ej
567 1307 103 22 anser
697 1299 51 28 att
774 1295 202 41 ytterligare
1004 1291 175 32 ordinarie
1207 1286 426 44 löjtnantsbeställningar

146 1359 63 29 bör
223 1357 210 32 tillkomma,
448 1355 207 29 förutsätter
670 1352 59 39 jag
745 1352 50 28 att
811 1350 54 30 för
883 1344 507 39 normalinfanteriregemente
1408 1341 89 31 skall
1515 1340 119 30 finnas

147 1411 42 30 24
211 1410 176 30 ordinarie
410 1408 193 39 löjtnanter
626 1406 66 29 och
716 1402 235 39 sammanlagt
978 1400 38 30 10
1040 1397 270 33 icke-ordinarie
1334 1396 193 39 löjtnanter
1552 1393 83 30 eller

148 1465 170 30 fänrikar.
355 1463 13 29 I
395 1461 111 40 övrigt
530 1460 176 30 beräknar
731 1458 59 39 jag
814 1457 11 29 i
851 1455 154 39 enlighet
1031 1453 80 30 med
1136 1450 252 39 utredningens
1415 1447 132 40 förslag
1573 1454 62 31 per

149 1519 196 39 regemente
378 1518 14 27 1
426 1516 143 32 överste,
602 1514 15 28 1
651 1510 301 39 överstelöjtnant,
985 1508 14 29 1
1032 1505 289 39 överstelöjtnant
1352 1503 82 29 eller
1464 1501 125 39 major,
1619 1499 20 29 4

149 1571 152 40 majorer
325 1570 66 29 och
415 1568 40 31 25
480 1568 181 39 kaptener.

203 1625 70 30 När
295 1624 58 29 det
375 1623 106 40 gäller
502 1617 417 42 beräkningsgrunderna
942 1615 55 30 för
1021 1612 297 39 underofficerare
1342 1610 65 30 och
1432 1606 205 40 underbefäl

150 1679 63 29 har
231 1677 234 39 utredningen
482 1675 44 30 bl.
541 1684 30 20 a.
590 1674 169 30 förutsatt
776 1672 51 29 att
844 1669 198 39 befattning
1062 1676 75 21 som
1155 1664 346 42 kompaniadjutant,
1520 1661 119 31 vilken

151 1733 54 29 för
236 1730 219 31 närvarande
487 1737 99 21 avses
619 1727 55 29 för
706 1724 201 31 alternativt
940 1722 214 39 fanjunkare
1185 1720 82 29 eller
1299 1716 342 31 rustmästare/över-

151 1785 100 34 furir,
272 1783 154 31 normalt
448 1782 88 30 skall
557 1780 174 31 bestridas
754 1788 42 20 av
817 1775 218 32 underbefäl.
1068 1775 64 39 Jag
1154 1772 153 31 biträder
1331 1771 177 39 förslaget.
1543 1769 13 29 I
1579 1776 60 20 an-

152 1839 155 38 slutning
337 1837 53 30 till
421 1834 207 31 uttalanden
659 1842 42 21 av
731 1830 224 32 arméchefen
985 1829 65 29 och
1082 1829 132 28 statens
1245 1817 394 51 organisationsnämnd

150 1892 60 30 vill
233 1892 58 39 jag
316 1890 89 30 dock
430 1888 189 30 framhålla
643 1888 50 28 att
717 1886 95 29 detta
837 1884 30 39 ej
895 1882 171 30 utesluter
1090 1883 51 27 att
1166 1878 238 31 underofficer
1428 1878 12 29 i
1466 1875 174 30 särskilda

153 1945 61 30 fall
234 1945 156 40 placeras
410 1944 11 29 i
440 1941 254 39 befattningen.
726 1938 78 30 Med
825 1938 139 38 hänsyn
984 1935 53 30 till
1058 1931 387 33 underofficerskårens
1466 1936 174 22 nuvaran-

153 2000 41 29 de
225 1995 437 37 ålderssammansättning
694 1993 65 29 och
790 1992 66 29 den
888 1988 305 39 omständigheten
1225 1988 49 28 att
1307 1983 336 31 underbefälskåren

154 2054 94 28 ännu
270 2051 30 39 ej
326 2052 38 28 är
386 2050 81 29 fullt
488 2047 154 40 utbyggd
664 2047 70 29 kan
757 2045 106 30 också
886 2042 162 40 speciella
1070 2039 246 32 förhållanden
1339 2038 168 39 föreligga
1529 2035 112 30 under

154 2115 43 20 en
221 2101 325 42 övergångsperiod.

210 2157 239 38 Utredningen
482 2155 174 30 beräknar
691 2154 51 28 att
764 2153 11 28 i
800 2151 67 29 den
902 2149 156 30 centrala
1093 2147 272 39 befälsgruppen
1402 2144 89 30 skall
1516 2143 81 39 ingå
1622 2142 20 27 4

156 2211 309 32 underofficerare,
487 2217 43 21 av
548 2208 96 29 vilka
665 2207 18 29 2
706 2205 189 30 förvaltare
917 2204 10 28 i
949 2201 220 40 trupptjänst
1191 2200 64 29 och
1277 2200 18 29 2
1320 2198 225 39 fanjunkare.
1579 2195 64 38 Jag

157 2264 155 33 föreslår,
339 2265 50 27 att
414 2263 67 29 alla
504 2262 11 28 i
539 2260 272 37 befälsgruppen
837 2255 169 39 ingående
1031 2253 298 30 underofficerare
1356 2251 88 29 skall
1469 2260 83 19 vara
1577 2249 69 28 för-

156 2318 131 29 valtare
313 2316 9 29 i
348 2315 220 39 trupptjänst
592 2313 79 28 med
697 2310 186 40 placering,
910 2310 18 28 2
954 2309 10 28 i
990 2307 164 38 lönegrad
1181 2306 48 28 Ao
1246 2305 36 29 17
1310 2305 65 28 och
1402 2304 17 28 2
1446 2304 8 28 i
1481 2302 164 38 lönegrad

158 2371 49 28 Ao
223 2370 49 29 15.
311 2367 293 31 Pensionsåldern
630 2365 54 29 för
710 2364 95 38 dylik
832 2362 189 29 förvaltare
1047 2360 62 29 bör
1133 2368 83 20 vara
1242 2358 40 29 50
1308 2358 49 29 år.

213 2422 154 30 Svenska
398 2416 449 34 underofficersförbundet
877 2415 64 29 har
971 2415 115 28 ansett
1116 2414 50 28 att
1196 2410 238 31 underofficer
1466 2411 86 28 även
1582 2408 62 28 bör

158 2477 121 29 kunna
299 2475 157 40 placeras
479 2482 74 21 som
575 2469 330 32 ställföreträdande
927 2465 259 41 kompanichef.
1219 2466 64 37 Jag
1306 2465 70 28 kan
1399 2462 175 31 såtillvida
1596 2460 49 31 bi-
