2214 2630
670 141 111 29 Andra
805 140 209 40 lagutskottets
1040 139 160 30 utlåtande
1224 138 53 31 Nr
1305 138 42 31 18.
1731 138 37 28 21

204 231 219 43 grinsning,
466 241 77 23 som
588 230 230 33 motionären
861 229 157 42 antagit.
1082 228 103 33 FEnär
1212 227 207 34 emellertid
1449 226 264 42 avfattningen
1742 225 73 33 kan

204 281 115 33 verka
351 280 268 42 vilseledande,
649 280 68 33 har
745 279 181 34 utskottet
954 279 205 42 föreslagit,
1189 280 55 32 att
1272 277 229 44 paragrafen
1531 275 284 35 omformuleras

202 332 9 32 i
243 331 221 42 anslutning
491 331 55 34 till
576 330 253 34 motionärens
857 329 178 43 yrkande.

747 447 93 43 Kap.
874 447 54 33 11.
958 443 47 45 $$
1036 447 43 33 77
1110 447 67 33 och
1207 446 57 34 80.

338 531 262 34 Förevarande
643 531 43 32 77
730 530 68 33 och
840 530 46 33 80
927 527 48 44 $$
1016 531 10 31 i
1071 531 41 32 11
1156 530 84 42 kap.
1270 529 241 42 vattenlagen
1540 529 99 33 hava
1666 529 63 33 vid
1759 532 57 30 ut-

205 581 203 36 arbetande
437 592 48 22 av
512 580 129 43 Kungl
671 580 128 42 Maj:ts
820 579 257 43 föreliggande
1097 580 142 42 förslag
1257 580 163 32 lämnats
1440 578 262 34 oförändrade.
1722 579 97 33 Herr

205 643 69 23 von
301 630 129 44 Sydow
459 631 68 33 har
551 630 205 34 emellertid
776 630 55 34 uti
851 630 56 34 sin
928 630 154 42 motion,
1098 629 120 34 under
1237 628 237 44 åberopande
1494 640 48 22 av
1560 628 75 34 vad
1655 628 45 34 de
1720 628 98 34 flott-

205 681 351 44 ningssakkunniga
583 681 12 33 i
623 680 108 44 fråga
759 692 59 22 om
847 679 265 35 motsvarande
1131 679 237 44 stadganden
1389 679 205 43 föreslagit,
1615 679 211 41 hemställt,

206 735 55 32 att
288 732 57 34 till
374 732 46 34 80
448 729 23 44 &
499 732 116 33 måtte
644 731 106 43 fogas
779 733 52 32 ett
858 731 132 43 tillägg
1017 742 47 22 av
1092 730 166 34 innehåll
1279 732 66 39 att,
1367 730 127 34 därest
1513 729 59 34 för
1591 729 227 43 stämnings-

207 783 94 33 måls
342 782 203 42 utredning
585 785 196 40 parternas
821 781 204 34 inställelse
1065 781 100 34 inför
1204 780 341 34 vattendomstolen
1586 780 80 33 icke
1702 782 42 31 är
1771 790 48 23 av

208 833 135 42 nöden,
373 833 114 33 målet
514 835 62 30 må
603 832 129 33 kunna
760 831 180 34 avdömas
968 831 251 34 dessförutan.

339 883 74 33 Till
433 882 85 34 stöd
536 882 59 33 för
614 882 104 33 detta
736 882 168 42 yrkande
924 882 69 33 har
1011 882 245 41 motionären,
1278 883 132 31 utöver
1428 881 75 33 vad
1518 880 159 34 rörande
1693 880 124 33 denna

208 933 108 43 fråga
344 944 44 22 ur
415 933 189 33 motionen
633 931 116 34 redan
780 931 200 34 refererats
1008 932 168 33 härovan
1205 931 120 33 under
1353 931 44 33 61
1428 928 34 44 $,
1488 930 126 34 anfört
1632 929 185 43 följande:

341 983 97 34 »Den
470 982 270 43 väsentligaste
771 981 216 43 betydelsen
1021 993 46 22 av
1095 980 245 44 möjligheten
1370 982 55 32 att
1452 981 130 33 kunna
1609 980 49 43 på
1686 980 132 34 ansök-

207 1033 188 44 ningsmål
437 1033 173 43 tillämpa
650 1031 355 44 stämningsmålens
1045 1032 285 43 förfaringssätt
1369 1031 119 43 ligger
1528 1030 207 35 emellertid
1771 1030 49 43 på

207 1087 52 32 ett
298 1084 12 33 i
349 1084 77 34 viss
467 1083 86 34 mån
591 1086 117 31 annat
736 1083 161 42 område,
927 1094 79 23 som
1033 1082 81 34 icke
1142 1082 156 34 kommit
1326 1082 56 34 till
1411 1093 112 32 synes
1550 1082 12 33 i
1591 1081 72 34 den
1691 1081 127 43 kungl.

207 1135 293 44 propositionen,
530 1145 85 23 men
644 1133 132 34 varvid
804 1133 46 34 de
870 1133 433 44 flottningssakkunnige
1322 1132 117 34 fästat
1458 1135 79 31 stor
1554 1132 91 34 vikt.
1699 1132 119 33 Dessa

207 1186 99 33 hava
345 1185 190 43 nämligen
577 1184 138 42 funnit,
757 1186 56 31 att
852 1184 58 34 för
950 1185 100 33 vissa
1082 1183 241 35 flottledsmål
1351 1186 95 31 även
1476 1182 63 35 det
1565 1182 166 34 nämnda
1758 1182 61 33 be-

207 1236 320 43 handlingssättet
571 1235 60 34 för
670 1234 287 44 stämningsmål
996 1235 147 33 komme
1184 1236 56 31 att
1280 1234 111 33 ställa
1431 1233 58 44 sig
1529 1233 128 34 alltför
1696 1235 122 40 tungt.

207 1286 124 34 Målen
372 1286 129 33 kunna
541 1297 93 22 vara
674 1297 47 22 av
761 1285 72 33 den
874 1284 269 42 beskaffenhet,
1186 1286 55 32 att
1277 1283 124 44 någon
1430 1284 166 43 egentlig
1622 1283 91 34 tvist
1739 1283 81 33 icke

208 1337 248 33 förekommer
484 1336 89 34 eller
601 1338 57 31 att
684 1336 139 33 tvisten
850 1338 61 31 rör
938 1336 57 42 sig
1022 1335 161 34 allenast
1209 1346 60 22 om
1297 1335 97 32 huru
1422 1334 138 43 många
1588 1333 136 34 kronor
1751 1333 69 34 och

209 1390 89 31 ören
326 1387 89 33 böra
444 1387 147 33 lämnas
618 1386 227 43 jordägaren
873 1386 13 33 i
910 1385 210 43 ersättning
1138 1385 59 34 för
1215 1385 152 42 intrång
1385 1395 135 33 genom
1540 1383 280 44 anläggningen

208 1436 133 44 ifråga.
395 1437 75 33 För
510 1448 45 22 en
597 1436 371 43 flottningsförening
1007 1436 74 33 kan
1123 1435 63 34 det
1224 1446 92 23 vara
1356 1434 284 43 betydelsefullt
1680 1435 56 32 att
1762 1433 60 34 för

209 1487 204 34 framtiden
454 1490 72 40 äga
567 1487 184 42 säkerhet,
793 1489 55 31 att
888 1487 80 33 icke
996 1497 46 23 en
1070 1496 131 24 senare
1227 1485 203 44 jordägare
1458 1484 61 35 må
1546 1485 130 33 kunna
1702 1484 118 34 rubba

208 1549 46 23 en
282 1538 232 43 anläggning
542 1537 22 34 å
591 1538 96 33 hans
714 1537 116 34 mark.
884 1531 109 40 Även
1022 1548 60 22 om
1110 1535 432 45 flottningsföreningen,
1571 1538 69 31 när
1668 1535 153 43 anlägg-

208 1589 140 43 ningen
390 1588 95 34 skall
525 1591 121 41 göras,
688 1591 41 30 är
769 1591 155 31 överens
965 1587 84 35 med
1078 1587 72 34 den
1180 1586 215 35 dåvarande
1421 1586 228 44 jordägaren
1678 1597 59 22 om
1766 1596 54 23 er-

208 1639 379 43 sättningsbeloppet,
629 1639 70 33 har
725 1638 73 34 den
826 1637 110 35 alltså
964 1637 206 44 anledning
1197 1640 56 31 att
1280 1637 151 44 påkalla
1457 1636 363 35 vattendomstolens

206 1689 189 44 prövning
435 1689 68 34 och
535 1688 288 45 godkännande.
877 1689 89 33 Man
994 1688 132 35 tänker
1153 1688 57 43 sig
1237 1690 57 32 att
1320 1687 222 44 föreningen
1569 1687 12 34 i
1610 1687 57 34 sin
1694 1687 127 42 inlaga

209 1740 56 33 till
306 1739 345 35 vattendomstolen
693 1738 136 44 bjuder
867 1739 228 44 jordägaren
1128 1739 72 34 den
1228 1738 295 35 överenskomna
1550 1748 173 23 summan
1752 1737 69 33 och

209 1793 55 31 att
300 1790 120 34 denne
456 1791 13 33 i
497 1791 66 33 sitt
591 1790 187 43 skriftliga
806 1789 186 35 svaromål
1020 1789 192 44 medgiver
1238 1789 279 43 anläggningen
1546 1788 69 34 och
1643 1787 180 44 godtager

215 1841 417 43 ersättningsbeloppet.
686 1841 19 33 I
732 1840 118 35 sådan
878 1840 179 34 händelse
1085 1843 41 30 är
1153 1840 64 34 det
1235 1839 296 44 uppenbarligen
1552 1837 270 35 ändamålslöst

212 1894 56 31 att
307 1894 177 41 parterna
525 1892 105 33 skola
662 1891 149 44 tvingas
839 1891 56 33 till
922 1891 205 34 inställelse
1155 1890 99 34 inför
1280 1889 355 35 vattendomstolen.
1688 1889 134 33 Denna

210 1942 66 34 bör
303 1942 128 34 kunna
459 1945 140 41 avgöra
627 1941 114 35 målet
768 1942 159 34 allenast
953 1941 49 44 på
1030 1941 314 43 skriftväxlingen
1368 1943 93 31 utan
1481 1940 163 44 muntlig
1661 1939 160 44 partför-

210 1992 194 44 handling.
460 1992 123 35 Också
624 2004 59 22 om
724 1992 123 44 någon
888 1992 201 44 stridighet
1128 1992 118 34 skulle
1287 1991 152 34 kvarstå
1479 1991 138 34 mellan
1646 1992 176 42 parterna

209 2043 12 33 i
250 2045 53 32 ett
330 2043 122 43 dylikt
471 2043 85 42 mål,
578 2054 112 32 synes
710 2042 298 35 understundom
1027 2042 162 44 muntlig
1208 2041 332 44 partförhandling
1558 2041 100 34 inför
1675 2042 147 33 vatten-

211 2093 207 35 domstolen
455 2093 129 34 kunna
612 2093 202 34 undvaras.
867 2093 213 43 Utredning
1107 2093 74 34 kan
1207 2092 44 43 ju
1278 2104 92 22 vara
1397 2091 206 35 verkställd
1631 2091 116 43 enligt
1775 2091 45 33 45

211 2141 33 45 8,
286 2143 279 43 vittnesförhör,
608 2156 59 22 om
700 2144 135 34 sådant
861 2143 182 44 påkallas,
1072 2144 74 33 kan
1174 2143 117 43 enligt
1318 2143 46 34 43
1393 2140 23 45 &
1444 2142 120 35 hållas
1591 2142 64 34 vid
1683 2142 138 33 allmän

210 2194 196 34 underrätt
449 2195 68 33 och
556 2198 95 30 även
689 2195 126 34 förhör
855 2194 84 35 med
980 2196 177 41 parterna
1190 2193 122 43 själva
1340 2194 73 33 kan
1443 2194 117 42 enligt
1588 2191 234 36 sistnämnda

1855 525 77 26 Herr
1952 534 54 18 von

1839 559 117 38 Sydows
1962 567 57 19 mo-

1892 595 67 24 tion.
