<?xml version="1.0" encoding="UTF-8"?>
<alto xmlns="http://www.loc.gov/standards/alto/ns-v3#" xmlns:xlink="http://www.w3.org/1999/xlink" xmlns:xsi="http://www.w3.org/2001/XMLSchema-instance" xsi:schemaLocation="http://www.loc.gov/standards/alto/ns-v3# http://www.loc.gov/alto/v3/alto-3-0.xsd">
	<Description>
		<MeasurementUnit>pixel</MeasurementUnit>
		<sourceImageInformation>
			<fileName>/tmp/tess_8c0d9_1h_input.PNG</fileName>
		</sourceImageInformation>
		<OCRProcessing ID="OCR_0">
			<ocrProcessingStep>
				<processingSoftware>
					<softwareName>tesseract 5.3.0</softwareName>
				</processingSoftware>
			</ocrProcessingStep>
		</OCRProcessing>
	</Description>
	<Layout>
		<Page WIDTH="2222" HEIGHT="2624" PHYSICAL_IMG_NR="0" ID="page_0">
			<PrintSpace HPOS="0" VPOS="0" WIDTH="2222" HEIGHT="2624">
				<ComposedBlock ID="cblock_0" HPOS="443" VPOS="142" WIDTH="1128" HEIGHT="42">
					<TextBlock ID="block_0" HPOS="443" VPOS="142" WIDTH="1128" HEIGHT="42">
						<TextLine ID="line_0" HPOS="443" VPOS="142" WIDTH="1128" HEIGHT="42">
							<String ID="string_0" HPOS="443" VPOS="148" WIDTH="41" HEIGHT="30" WC="0.96" CONTENT="64"/><SP WIDTH="371" VPOS="148" HPOS="484"/>
							<String ID="string_1" HPOS="855" VPOS="144" WIDTH="120" HEIGHT="30" WC="0.93" CONTENT="Andra"/><SP WIDTH="23" VPOS="144" HPOS="975"/>
							<String ID="string_2" HPOS="998" VPOS="143" WIDTH="215" HEIGHT="41" WC="0.91" CONTENT="lagutskottets"/><SP WIDTH="23" VPOS="143" HPOS="1213"/>
							<String ID="string_3" HPOS="1236" VPOS="142" WIDTH="163" HEIGHT="31" WC="0.96" CONTENT="utlåtande"/><SP WIDTH="23" VPOS="142" HPOS="1399"/>
							<String ID="string_4" HPOS="1422" VPOS="142" WIDTH="55" HEIGHT="31" WC="0.79" CONTENT="Nr"/><SP WIDTH="23" VPOS="142" HPOS="1477"/>
							<String ID="string_5" HPOS="1500" VPOS="143" WIDTH="71" HEIGHT="30" WC="0.81" CONTENT="18."/>
						</TextLine>
					</TextBlock>
				</ComposedBlock>
				<ComposedBlock ID="cblock_1" HPOS="400" VPOS="230" WIDTH="1632" HEIGHT="1961">
					<TextBlock ID="block_1" HPOS="400" VPOS="230" WIDTH="1630" HEIGHT="601">
						<TextLine ID="line_1" HPOS="400" VPOS="230" WIDTH="1628" HEIGHT="50">
							<String ID="string_6" HPOS="400" VPOS="236" WIDTH="184" HEIGHT="44" WC="0.93" CONTENT="mängder"/><SP WIDTH="40" VPOS="236" HPOS="584"/>
							<String ID="string_7" HPOS="624" VPOS="235" WIDTH="120" HEIGHT="42" WC="0.90" CONTENT="hopas"/><SP WIDTH="41" VPOS="235" HPOS="744"/>
							<String ID="string_8" HPOS="785" VPOS="234" WIDTH="34" HEIGHT="43" WC="0.96" CONTENT="ej"/><SP WIDTH="44" VPOS="234" HPOS="819"/>
							<String ID="string_9" HPOS="863" VPOS="233" WIDTH="118" HEIGHT="34" WC="0.96" CONTENT="heller"/><SP WIDTH="40" VPOS="233" HPOS="981"/>
							<String ID="string_10" HPOS="1021" VPOS="232" WIDTH="79" HEIGHT="34" WC="0.96" CONTENT="där."/><SP WIDTH="54" VPOS="232" HPOS="1100"/>
							<String ID="string_11" HPOS="1154" VPOS="231" WIDTH="19" HEIGHT="34" WC="0.89" CONTENT="I"/><SP WIDTH="32" VPOS="231" HPOS="1173"/>
							<String ID="string_12" HPOS="1205" VPOS="230" WIDTH="42" HEIGHT="35" WC="0.95" CONTENT="så"/><SP WIDTH="31" VPOS="230" HPOS="1247"/>
							<String ID="string_13" HPOS="1278" VPOS="231" WIDTH="68" HEIGHT="34" WC="0.96" CONTENT="fall"/><SP WIDTH="29" VPOS="231" HPOS="1346"/>
							<String ID="string_14" HPOS="1375" VPOS="231" WIDTH="121" HEIGHT="34" WC="0.96" CONTENT="skulle"/><SP WIDTH="27" VPOS="231" HPOS="1496"/>
							<String ID="string_15" HPOS="1523" VPOS="232" WIDTH="109" HEIGHT="33" WC="0.96" CONTENT="leden"/><SP WIDTH="29" VPOS="232" HPOS="1632"/>
							<String ID="string_16" HPOS="1661" VPOS="231" WIDTH="131" HEIGHT="35" WC="0.96" CONTENT="kunna"/><SP WIDTH="27" VPOS="231" HPOS="1792"/>
							<String ID="string_17" HPOS="1819" VPOS="231" WIDTH="79" HEIGHT="34" WC="0.93" CONTENT="helt"/><SP WIDTH="26" VPOS="231" HPOS="1898"/>
							<String ID="string_18" HPOS="1924" VPOS="231" WIDTH="104" HEIGHT="43" WC="0.92" CONTENT="igen-"/>
						</TextLine>
						<TextLine ID="line_2" HPOS="400" VPOS="281" WIDTH="1627" HEIGHT="50">
							<String ID="string_19" HPOS="400" VPOS="288" WIDTH="126" HEIGHT="43" WC="0.96" CONTENT="fyllas,"/><SP WIDTH="30" VPOS="288" HPOS="526"/>
							<String ID="string_20" HPOS="556" VPOS="285" WIDTH="70" HEIGHT="35" WC="0.96" CONTENT="och"/><SP WIDTH="32" VPOS="285" HPOS="626"/>
							<String ID="string_21" HPOS="658" VPOS="287" WIDTH="150" HEIGHT="32" WC="0.96" CONTENT="vattnet"/><SP WIDTH="31" VPOS="287" HPOS="808"/>
							<String ID="string_22" HPOS="839" VPOS="283" WIDTH="48" HEIGHT="35" WC="0.96" CONTENT="då"/><SP WIDTH="28" VPOS="283" HPOS="887"/>
							<String ID="string_23" HPOS="915" VPOS="286" WIDTH="88" HEIGHT="40" WC="0.96" CONTENT="taga"/><SP WIDTH="28" VPOS="286" HPOS="1003"/>
							<String ID="string_24" HPOS="1031" VPOS="283" WIDTH="57" HEIGHT="42" WC="0.96" CONTENT="sig"/><SP WIDTH="27" VPOS="283" HPOS="1088"/>
							<String ID="string_25" HPOS="1115" VPOS="293" WIDTH="78" HEIGHT="32" WC="0.96" CONTENT="nya"/><SP WIDTH="27" VPOS="293" HPOS="1193"/>
							<String ID="string_26" HPOS="1220" VPOS="284" WIDTH="128" HEIGHT="40" WC="0.94" CONTENT="vägar."/><SP WIDTH="56" VPOS="284" HPOS="1348"/>
							<String ID="string_27" HPOS="1404" VPOS="281" WIDTH="154" HEIGHT="34" WC="0.58" CONTENT="Sådana"/><SP WIDTH="27" VPOS="281" HPOS="1558"/>
							<String ID="string_28" HPOS="1585" VPOS="283" WIDTH="346" HEIGHT="42" WC="0.91" CONTENT="uppgrundningar"/><SP WIDTH="27" VPOS="283" HPOS="1931"/>
							<String ID="string_29" HPOS="1958" VPOS="281" WIDTH="69" HEIGHT="34" WC="0.96" CONTENT="och"/>
						</TextLine>
						<TextLine ID="line_3" HPOS="400" VPOS="331" WIDTH="1627" HEIGHT="48">
							<String ID="string_30" HPOS="400" VPOS="337" WIDTH="120" HEIGHT="35" WC="0.95" CONTENT="risker"/><SP WIDTH="26" VPOS="337" HPOS="520"/>
							<String ID="string_31" HPOS="546" VPOS="335" WIDTH="96" HEIGHT="44" WC="0.95" CONTENT="vilja"/><SP WIDTH="28" VPOS="335" HPOS="642"/>
							<String ID="string_32" HPOS="670" VPOS="336" WIDTH="106" HEIGHT="33" WC="0.93" CONTENT="såväl"/><SP WIDTH="29" VPOS="336" HPOS="776"/>
							<String ID="string_33" HPOS="805" VPOS="334" WIDTH="277" HEIGHT="42" WC="0.91" CONTENT="strandägarna"/><SP WIDTH="28" VPOS="334" HPOS="1082"/>
							<String ID="string_34" HPOS="1110" VPOS="343" WIDTH="81" HEIGHT="23" WC="0.93" CONTENT="som"/><SP WIDTH="19" VPOS="343" HPOS="1191"/>
							<String ID="string_35" HPOS="1210" VPOS="332" WIDTH="407" HEIGHT="43" WC="0.91" CONTENT="flottningsledningen"/><SP WIDTH="20" VPOS="332" HPOS="1617"/>
							<String ID="string_36" HPOS="1637" VPOS="331" WIDTH="246" HEIGHT="35" WC="0.95" CONTENT="förekomma."/><SP WIDTH="45" VPOS="331" HPOS="1883"/>
							<String ID="string_37" HPOS="1928" VPOS="332" WIDTH="99" HEIGHT="43" WC="0.95" CONTENT="Nyss"/>
						</TextLine>
						<TextLine ID="line_4" HPOS="401" VPOS="381" WIDTH="1624" HEIGHT="50">
							<String ID="string_38" HPOS="401" VPOS="387" WIDTH="213" HEIGHT="44" WC="0.96" CONTENT="åberopade"/><SP WIDTH="28" VPOS="387" HPOS="614"/>
							<String ID="string_39" HPOS="642" VPOS="384" WIDTH="49" HEIGHT="44" WC="0.60" CONTENT="$$"/><SP WIDTH="28" VPOS="384" HPOS="691"/>
							<String ID="string_40" HPOS="719" VPOS="386" WIDTH="13" HEIGHT="32" WC="0.93" CONTENT="i"/><SP WIDTH="27" VPOS="386" HPOS="732"/>
							<String ID="string_41" HPOS="759" VPOS="383" WIDTH="365" HEIGHT="44" WC="0.91" CONTENT="flottningsstadgan"/><SP WIDTH="29" VPOS="383" HPOS="1124"/>
							<String ID="string_42" HPOS="1153" VPOS="383" WIDTH="89" HEIGHT="43" WC="0.96" CONTENT="giva"/><SP WIDTH="28" VPOS="383" HPOS="1242"/>
							<String ID="string_43" HPOS="1270" VPOS="382" WIDTH="249" HEIGHT="43" WC="0.96" CONTENT="anvisningar"/><SP WIDTH="19" VPOS="382" HPOS="1519"/>
							<String ID="string_44" HPOS="1538" VPOS="393" WIDTH="59" HEIGHT="22" WC="0.96" CONTENT="om"/><SP WIDTH="24" VPOS="393" HPOS="1597"/>
							<String ID="string_45" HPOS="1621" VPOS="381" WIDTH="239" HEIGHT="35" WC="0.96" CONTENT="förfarandet"/><SP WIDTH="18" VPOS="381" HPOS="1860"/>
							<String ID="string_46" HPOS="1878" VPOS="382" WIDTH="147" HEIGHT="34" WC="0.96" CONTENT="härvid."/>
						</TextLine>
						<TextLine ID="line_5" HPOS="401" VPOS="431" WIDTH="1628" HEIGHT="50">
							<String ID="string_47" HPOS="401" VPOS="438" WIDTH="47" HEIGHT="43" WC="0.95" CONTENT="Ej"/><SP WIDTH="45" VPOS="438" HPOS="448"/>
							<String ID="string_48" HPOS="493" VPOS="438" WIDTH="118" HEIGHT="33" WC="0.95" CONTENT="heller"/><SP WIDTH="40" VPOS="438" HPOS="611"/>
							<String ID="string_49" HPOS="651" VPOS="437" WIDTH="50" HEIGHT="33" WC="0.96" CONTENT="ha"/><SP WIDTH="31" VPOS="437" HPOS="701"/>
							<String ID="string_50" HPOS="732" VPOS="436" WIDTH="39" HEIGHT="33" WC="0.96" CONTENT="vi"/><SP WIDTH="33" VPOS="436" HPOS="771"/>
							<String ID="string_51" HPOS="804" VPOS="437" WIDTH="55" HEIGHT="31" WC="0.96" CONTENT="att"/><SP WIDTH="26" VPOS="437" HPOS="859"/>
							<String ID="string_52" HPOS="885" VPOS="434" WIDTH="178" HEIGHT="34" WC="0.96" CONTENT="förvänta"/><SP WIDTH="28" VPOS="434" HPOS="1063"/>
							<String ID="string_53" HPOS="1091" VPOS="444" WIDTH="60" HEIGHT="23" WC="0.96" CONTENT="oss"/><SP WIDTH="29" VPOS="444" HPOS="1151"/>
							<String ID="string_54" HPOS="1180" VPOS="435" WIDTH="57" HEIGHT="32" WC="0.93" CONTENT="att"/><SP WIDTH="26" VPOS="435" HPOS="1237"/>
							<String ID="string_55" HPOS="1263" VPOS="432" WIDTH="169" HEIGHT="44" WC="0.92" CONTENT="påträffa"/><SP WIDTH="29" VPOS="432" HPOS="1432"/>
							<String ID="string_56" HPOS="1461" VPOS="432" WIDTH="155" HEIGHT="43" WC="0.92" CONTENT="sjunket"/><SP WIDTH="25" VPOS="432" HPOS="1616"/>
							<String ID="string_57" HPOS="1641" VPOS="432" WIDTH="107" HEIGHT="34" WC="0.96" CONTENT="virke"/><SP WIDTH="28" VPOS="432" HPOS="1748"/>
							<String ID="string_58" HPOS="1776" VPOS="431" WIDTH="49" HEIGHT="44" WC="0.96" CONTENT="på"/><SP WIDTH="28" VPOS="431" HPOS="1825"/>
							<String ID="string_59" HPOS="1853" VPOS="433" WIDTH="136" HEIGHT="33" WC="0.95" CONTENT="ställen"/><SP WIDTH="27" VPOS="433" HPOS="1989"/>
							<String ID="string_60" HPOS="2016" VPOS="433" WIDTH="13" HEIGHT="32" WC="0.96" CONTENT="i"/>
						</TextLine>
						<TextLine ID="line_6" HPOS="400" VPOS="482" WIDTH="1628" HEIGHT="47">
							<String ID="string_61" HPOS="400" VPOS="488" WIDTH="290" HEIGHT="41" WC="0.96" CONTENT="vattendragen,"/><SP WIDTH="42" VPOS="488" HPOS="690"/>
							<String ID="string_62" HPOS="732" VPOS="486" WIDTH="68" HEIGHT="33" WC="0.93" CONTENT="där"/><SP WIDTH="39" VPOS="486" HPOS="800"/>
							<String ID="string_63" HPOS="839" VPOS="485" WIDTH="134" HEIGHT="42" WC="0.89" CONTENT="tämlig"/><SP WIDTH="39" VPOS="485" HPOS="973"/>
							<String ID="string_64" HPOS="1012" VPOS="483" WIDTH="327" HEIGHT="43" WC="0.92" CONTENT="vattenhastighet"/><SP WIDTH="26" VPOS="483" HPOS="1339"/>
							<String ID="string_65" HPOS="1365" VPOS="483" WIDTH="122" HEIGHT="34" WC="0.96" CONTENT="råder."/><SP WIDTH="54" VPOS="483" HPOS="1487"/>
							<String ID="string_66" HPOS="1541" VPOS="483" WIDTH="92" HEIGHT="42" WC="0.82" CONTENT="Här,"/><SP WIDTH="30" VPOS="483" HPOS="1633"/>
							<String ID="string_67" HPOS="1663" VPOS="483" WIDTH="70" HEIGHT="33" WC="0.96" CONTENT="där"/><SP WIDTH="27" VPOS="483" HPOS="1733"/>
							<String ID="string_68" HPOS="1760" VPOS="482" WIDTH="56" HEIGHT="34" WC="0.96" CONTENT="till"/><SP WIDTH="29" VPOS="482" HPOS="1816"/>
							<String ID="string_69" HPOS="1845" VPOS="482" WIDTH="69" HEIGHT="34" WC="0.96" CONTENT="och"/><SP WIDTH="29" VPOS="482" HPOS="1914"/>
							<String ID="string_70" HPOS="1943" VPOS="483" WIDTH="85" HEIGHT="33" WC="0.96" CONTENT="med"/>
						</TextLine>
						<TextLine ID="line_7" HPOS="402" VPOS="533" WIDTH="1628" HEIGHT="45">
							<String ID="string_71" HPOS="402" VPOS="542" WIDTH="82" HEIGHT="31" WC="0.96" CONTENT="sten"/><SP WIDTH="29" VPOS="542" HPOS="484"/>
							<String ID="string_72" HPOS="513" VPOS="538" WIDTH="70" HEIGHT="34" WC="0.96" CONTENT="och"/><SP WIDTH="27" VPOS="538" HPOS="583"/>
							<String ID="string_73" HPOS="610" VPOS="536" WIDTH="106" HEIGHT="34" WC="0.96" CONTENT="bråte"/><SP WIDTH="28" VPOS="536" HPOS="716"/>
							<String ID="string_74" HPOS="744" VPOS="535" WIDTH="96" HEIGHT="43" WC="0.96" CONTENT="följa"/><SP WIDTH="28" VPOS="535" HPOS="840"/>
							<String ID="string_75" HPOS="868" VPOS="535" WIDTH="85" HEIGHT="34" WC="0.96" CONTENT="med"/><SP WIDTH="28" VPOS="535" HPOS="953"/>
							<String ID="string_76" HPOS="981" VPOS="536" WIDTH="159" HEIGHT="40" WC="0.93" CONTENT="vattnet,"/><SP WIDTH="29" VPOS="536" HPOS="1140"/>
							<String ID="string_77" HPOS="1169" VPOS="534" WIDTH="203" HEIGHT="43" WC="0.90" CONTENT="nedspolas"/><SP WIDTH="29" VPOS="534" HPOS="1372"/>
							<String ID="string_78" HPOS="1401" VPOS="536" WIDTH="97" HEIGHT="31" WC="0.96" CONTENT="även"/><SP WIDTH="28" VPOS="536" HPOS="1498"/>
							<String ID="string_79" HPOS="1526" VPOS="533" WIDTH="123" HEIGHT="34" WC="0.96" CONTENT="virket"/><SP WIDTH="27" VPOS="533" HPOS="1649"/>
							<String ID="string_80" HPOS="1676" VPOS="544" WIDTH="61" HEIGHT="22" WC="0.96" CONTENT="om"/><SP WIDTH="28" VPOS="544" HPOS="1737"/>
							<String ID="string_81" HPOS="1765" VPOS="535" WIDTH="49" HEIGHT="31" WC="0.93" CONTENT="än"/><SP WIDTH="28" VPOS="535" HPOS="1814"/>
							<String ID="string_82" HPOS="1842" VPOS="534" WIDTH="112" HEIGHT="41" WC="0.91" CONTENT="tyngt"/><SP WIDTH="27" VPOS="534" HPOS="1954"/>
							<String ID="string_83" HPOS="1981" VPOS="544" WIDTH="49" HEIGHT="22" WC="0.96" CONTENT="av"/>
						</TextLine>
						<TextLine ID="line_8" HPOS="401" VPOS="583" WIDTH="1627" HEIGHT="47">
							<String ID="string_84" HPOS="401" VPOS="591" WIDTH="143" HEIGHT="32" WC="0.96" CONTENT="vatten."/><SP WIDTH="55" VPOS="591" HPOS="544"/>
							<String ID="string_85" HPOS="599" VPOS="587" WIDTH="19" HEIGHT="34" WC="0.93" CONTENT="I"/><SP WIDTH="27" VPOS="587" HPOS="618"/>
							<String ID="string_86" HPOS="645" VPOS="588" WIDTH="225" HEIGHT="42" WC="0.91" CONTENT="lugnvatten"/><SP WIDTH="29" VPOS="588" HPOS="870"/>
							<String ID="string_87" HPOS="899" VPOS="585" WIDTH="70" HEIGHT="35" WC="0.96" CONTENT="och"/><SP WIDTH="28" VPOS="585" HPOS="969"/>
							<String ID="string_88" HPOS="997" VPOS="584" WIDTH="153" HEIGHT="35" WC="0.96" CONTENT="särskilt"/><SP WIDTH="27" VPOS="584" HPOS="1150"/>
							<String ID="string_89" HPOS="1177" VPOS="585" WIDTH="70" HEIGHT="33" WC="0.96" CONTENT="där"/><SP WIDTH="26" VPOS="585" HPOS="1247"/>
							<String ID="string_90" HPOS="1273" VPOS="584" WIDTH="124" HEIGHT="34" WC="0.96" CONTENT="virket"/><SP WIDTH="19" VPOS="584" HPOS="1397"/>
							<String ID="string_91" HPOS="1416" VPOS="583" WIDTH="99" HEIGHT="34" WC="0.96" CONTENT="måst"/><SP WIDTH="18" VPOS="583" HPOS="1515"/>
							<String ID="string_92" HPOS="1533" VPOS="583" WIDTH="121" HEIGHT="34" WC="0.96" CONTENT="hållas"/><SP WIDTH="21" VPOS="583" HPOS="1654"/>
							<String ID="string_93" HPOS="1675" VPOS="584" WIDTH="138" HEIGHT="33" WC="0.96" CONTENT="samlat"/><SP WIDTH="18" VPOS="584" HPOS="1813"/>
							<String ID="string_94" HPOS="1831" VPOS="594" WIDTH="46" HEIGHT="22" WC="0.96" CONTENT="en"/><SP WIDTH="20" VPOS="594" HPOS="1877"/>
							<String ID="string_95" HPOS="1897" VPOS="584" WIDTH="131" HEIGHT="42" WC="0.95" CONTENT="längre"/>
						</TextLine>
						<TextLine ID="line_9" HPOS="401" VPOS="633" WIDTH="1628" HEIGHT="46">
							<String ID="string_96" HPOS="401" VPOS="640" WIDTH="56" HEIGHT="34" WC="0.96" CONTENT="tid"/><SP WIDTH="28" VPOS="640" HPOS="457"/>
							<String ID="string_97" HPOS="485" VPOS="639" WIDTH="124" HEIGHT="34" WC="0.96" CONTENT="såsom"/><SP WIDTH="28" VPOS="639" HPOS="609"/>
							<String ID="string_98" HPOS="637" VPOS="638" WIDTH="13" HEIGHT="33" WC="0.93" CONTENT="i"/><SP WIDTH="27" VPOS="638" HPOS="650"/>
							<String ID="string_99" HPOS="677" VPOS="636" WIDTH="324" HEIGHT="43" WC="0.91" CONTENT="timmermagasin"/><SP WIDTH="34" VPOS="636" HPOS="1001"/>
							<String ID="string_100" HPOS="1035" VPOS="635" WIDTH="69" HEIGHT="34" WC="0.96" CONTENT="och"/><SP WIDTH="32" VPOS="635" HPOS="1104"/>
							<String ID="string_101" HPOS="1136" VPOS="635" WIDTH="65" HEIGHT="34" WC="0.93" CONTENT="vid"/><SP WIDTH="29" VPOS="635" HPOS="1201"/>
							<String ID="string_102" HPOS="1230" VPOS="634" WIDTH="343" HEIGHT="44" WC="0.89" CONTENT="skiljningsställen"/><SP WIDTH="28" VPOS="634" HPOS="1573"/>
							<String ID="string_103" HPOS="1601" VPOS="633" WIDTH="189" HEIGHT="44" WC="0.96" CONTENT="påträffas"/><SP WIDTH="28" VPOS="633" HPOS="1790"/>
							<String ID="string_104" HPOS="1818" VPOS="633" WIDTH="65" HEIGHT="35" WC="0.96" CONTENT="det"/><SP WIDTH="26" VPOS="633" HPOS="1883"/>
							<String ID="string_105" HPOS="1909" VPOS="636" WIDTH="120" HEIGHT="32" WC="0.96" CONTENT="mesta"/>
						</TextLine>
						<TextLine ID="line_10" HPOS="402" VPOS="683" WIDTH="1627" HEIGHT="50">
							<String ID="string_106" HPOS="402" VPOS="689" WIDTH="250" HEIGHT="44" WC="0.91" CONTENT="sjunkvirket."/><SP WIDTH="55" VPOS="689" HPOS="652"/>
							<String ID="string_107" HPOS="707" VPOS="688" WIDTH="81" HEIGHT="33" WC="0.96" CONTENT="Här"/><SP WIDTH="38" VPOS="688" HPOS="788"/>
							<String ID="string_108" HPOS="826" VPOS="687" WIDTH="252" HEIGHT="33" WC="0.96" CONTENT="förekommer"/><SP WIDTH="40" VPOS="687" HPOS="1078"/>
							<String ID="string_109" HPOS="1118" VPOS="686" WIDTH="64" HEIGHT="33" WC="0.96" CONTENT="det"/><SP WIDTH="31" VPOS="686" HPOS="1182"/>
							<String ID="string_110" HPOS="1213" VPOS="688" WIDTH="97" HEIGHT="31" WC="0.96" CONTENT="även"/><SP WIDTH="32" VPOS="688" HPOS="1310"/>
							<String ID="string_111" HPOS="1342" VPOS="684" WIDTH="49" HEIGHT="44" WC="0.96" CONTENT="på"/><SP WIDTH="29" VPOS="684" HPOS="1391"/>
							<String ID="string_112" HPOS="1420" VPOS="685" WIDTH="146" HEIGHT="33" WC="0.96" CONTENT="mindre"/><SP WIDTH="27" VPOS="685" HPOS="1566"/>
							<String ID="string_113" HPOS="1593" VPOS="683" WIDTH="230" HEIGHT="44" WC="0.96" CONTENT="vattendjup"/><SP WIDTH="28" VPOS="683" HPOS="1823"/>
							<String ID="string_114" HPOS="1851" VPOS="684" WIDTH="104" HEIGHT="34" WC="0.95" CONTENT="inom"/><SP WIDTH="28" VPOS="684" HPOS="1955"/>
							<String ID="string_115" HPOS="1983" VPOS="685" WIDTH="46" HEIGHT="33" WC="0.96" CONTENT="de"/>
						</TextLine>
						<TextLine ID="line_11" HPOS="403" VPOS="734" WIDTH="1626" HEIGHT="46">
							<String ID="string_116" HPOS="403" VPOS="752" WIDTH="48" HEIGHT="22" WC="0.95" CONTENT="av"/><SP WIDTH="27" VPOS="752" HPOS="451"/>
							<String ID="string_117" HPOS="478" VPOS="741" WIDTH="171" HEIGHT="33" WC="0.96" CONTENT="bommar"/><SP WIDTH="27" VPOS="741" HPOS="649"/>
							<String ID="string_118" HPOS="676" VPOS="737" WIDTH="234" HEIGHT="43" WC="0.96" CONTENT="begränsade"/><SP WIDTH="29" VPOS="737" HPOS="910"/>
							<String ID="string_119" HPOS="939" VPOS="735" WIDTH="217" HEIGHT="44" WC="0.93" CONTENT="områdena,"/><SP WIDTH="29" VPOS="735" HPOS="1156"/>
							<String ID="string_120" HPOS="1185" VPOS="738" WIDTH="129" HEIGHT="31" WC="0.92" CONTENT="varest"/><SP WIDTH="26" VPOS="738" HPOS="1314"/>
							<String ID="string_121" HPOS="1340" VPOS="736" WIDTH="64" HEIGHT="33" WC="0.96" CONTENT="det"/><SP WIDTH="28" VPOS="736" HPOS="1404"/>
							<String ID="string_122" HPOS="1432" VPOS="734" WIDTH="34" HEIGHT="43" WC="0.96" CONTENT="ej"/><SP WIDTH="32" VPOS="734" HPOS="1466"/>
							<String ID="string_123" HPOS="1498" VPOS="735" WIDTH="120" HEIGHT="34" WC="0.93" CONTENT="sällan"/><SP WIDTH="29" VPOS="735" HPOS="1618"/>
							<String ID="string_124" HPOS="1647" VPOS="734" WIDTH="235" HEIGHT="43" WC="0.92" CONTENT="nedsjunker"/><SP WIDTH="19" VPOS="734" HPOS="1882"/>
							<String ID="string_125" HPOS="1901" VPOS="735" WIDTH="11" HEIGHT="32" WC="0.93" CONTENT="i"/><SP WIDTH="20" VPOS="735" HPOS="1912"/>
							<String ID="string_126" HPOS="1932" VPOS="735" WIDTH="97" HEIGHT="33" WC="0.92" CONTENT="bott-"/>
						</TextLine>
						<TextLine ID="line_12" HPOS="402" VPOS="785" WIDTH="1455" HEIGHT="46">
							<String ID="string_127" HPOS="402" VPOS="802" WIDTH="94" HEIGHT="22" WC="0.93" CONTENT="nens"/><SP WIDTH="28" VPOS="802" HPOS="496"/>
							<String ID="string_128" HPOS="524" VPOS="791" WIDTH="71" HEIGHT="32" WC="0.92" CONTENT="ler-"/><SP WIDTH="29" VPOS="791" HPOS="595"/>
							<String ID="string_129" HPOS="624" VPOS="789" WIDTH="70" HEIGHT="34" WC="0.93" CONTENT="och"/><SP WIDTH="28" VPOS="789" HPOS="694"/>
							<String ID="string_130" HPOS="722" VPOS="788" WIDTH="140" HEIGHT="43" WC="0.92" CONTENT="dyjord"/><SP WIDTH="28" VPOS="788" HPOS="862"/>
							<String ID="string_131" HPOS="890" VPOS="787" WIDTH="70" HEIGHT="34" WC="0.96" CONTENT="och"/><SP WIDTH="29" VPOS="787" HPOS="960"/>
							<String ID="string_132" HPOS="989" VPOS="787" WIDTH="73" HEIGHT="33" WC="0.96" CONTENT="kan"/><SP WIDTH="29" VPOS="787" HPOS="1062"/>
							<String ID="string_133" HPOS="1091" VPOS="787" WIDTH="69" HEIGHT="33" WC="0.96" CONTENT="där"/><SP WIDTH="26" VPOS="787" HPOS="1160"/>
							<String ID="string_134" HPOS="1186" VPOS="787" WIDTH="79" HEIGHT="33" WC="0.96" CONTENT="vila"/><SP WIDTH="27" VPOS="787" HPOS="1265"/>
							<String ID="string_135" HPOS="1292" VPOS="786" WIDTH="13" HEIGHT="33" WC="0.95" CONTENT="i"/><SP WIDTH="26" VPOS="786" HPOS="1305"/>
							<String ID="string_136" HPOS="1331" VPOS="785" WIDTH="98" HEIGHT="34" WC="0.96" CONTENT="flera"/><SP WIDTH="27" VPOS="785" HPOS="1429"/>
							<String ID="string_137" HPOS="1456" VPOS="797" WIDTH="95" HEIGHT="22" WC="0.96" CONTENT="varv"/><SP WIDTH="27" VPOS="797" HPOS="1551"/>
							<String ID="string_138" HPOS="1578" VPOS="785" WIDTH="50" HEIGHT="43" WC="0.96" CONTENT="på"/><SP WIDTH="27" VPOS="785" HPOS="1628"/>
							<String ID="string_139" HPOS="1655" VPOS="785" WIDTH="202" HEIGHT="34" WC="0.96" CONTENT="varandra."/>
						</TextLine>
					</TextBlock>
					<TextBlock ID="block_2" HPOS="402" VPOS="835" WIDTH="1628" HEIGHT="601">
						<TextLine ID="line_13" HPOS="537" VPOS="835" WIDTH="1493" HEIGHT="47">
							<String ID="string_140" HPOS="537" VPOS="840" WIDTH="76" HEIGHT="33" WC="0.93" CONTENT="För"/><SP WIDTH="27" VPOS="840" HPOS="613"/>
							<String ID="string_141" HPOS="640" VPOS="839" WIDTH="289" HEIGHT="43" WC="0.91" CONTENT="upptagningen"/><SP WIDTH="28" VPOS="839" HPOS="929"/>
							<String ID="string_142" HPOS="957" VPOS="837" WIDTH="149" HEIGHT="34" WC="0.96" CONTENT="fordras"/><SP WIDTH="28" VPOS="837" HPOS="1106"/>
							<String ID="string_143" HPOS="1134" VPOS="839" WIDTH="77" HEIGHT="31" WC="0.96" CONTENT="rätt"/><SP WIDTH="26" VPOS="839" HPOS="1211"/>
							<String ID="string_144" HPOS="1237" VPOS="836" WIDTH="216" HEIGHT="43" WC="0.96" CONTENT="betydande"/><SP WIDTH="29" VPOS="836" HPOS="1453"/>
							<String ID="string_145" HPOS="1482" VPOS="836" WIDTH="268" HEIGHT="42" WC="0.90" CONTENT="anordningar."/><SP WIDTH="55" VPOS="836" HPOS="1750"/>
							<String ID="string_146" HPOS="1805" VPOS="835" WIDTH="128" HEIGHT="34" WC="0.90" CONTENT="Blotta"/><SP WIDTH="27" VPOS="835" HPOS="1933"/>
							<String ID="string_147" HPOS="1960" VPOS="846" WIDTH="70" HEIGHT="22" WC="0.92" CONTENT="un-"/>
						</TextLine>
						<TextLine ID="line_14" HPOS="402" VPOS="885" WIDTH="1627" HEIGHT="48">
							<String ID="string_148" HPOS="402" VPOS="891" WIDTH="279" HEIGHT="42" WC="0.92" CONTENT="dersökningen"/><SP WIDTH="42" VPOS="891" HPOS="681"/>
							<String ID="string_149" HPOS="723" VPOS="900" WIDTH="60" HEIGHT="23" WC="0.95" CONTENT="om"/><SP WIDTH="40" VPOS="900" HPOS="783"/>
							<String ID="string_150" HPOS="823" VPOS="888" WIDTH="254" HEIGHT="35" WC="0.95" CONTENT="förekomsten"/><SP WIDTH="43" VPOS="888" HPOS="1077"/>
							<String ID="string_151" HPOS="1120" VPOS="887" WIDTH="70" HEIGHT="34" WC="0.96" CONTENT="och"/><SP WIDTH="42" VPOS="887" HPOS="1190"/>
							<String ID="string_152" HPOS="1232" VPOS="886" WIDTH="190" HEIGHT="44" WC="0.95" CONTENT="mängden"/><SP WIDTH="42" VPOS="886" HPOS="1422"/>
							<String ID="string_153" HPOS="1464" VPOS="898" WIDTH="49" HEIGHT="22" WC="0.93" CONTENT="av"/><SP WIDTH="32" VPOS="898" HPOS="1513"/>
							<String ID="string_154" HPOS="1545" VPOS="885" WIDTH="223" HEIGHT="44" WC="0.92" CONTENT="sjunkvirke"/><SP WIDTH="31" VPOS="885" HPOS="1768"/>
							<String ID="string_155" HPOS="1799" VPOS="885" WIDTH="50" HEIGHT="44" WC="0.96" CONTENT="på"/><SP WIDTH="28" VPOS="885" HPOS="1849"/>
							<String ID="string_156" HPOS="1877" VPOS="897" WIDTH="46" HEIGHT="22" WC="0.96" CONTENT="en"/><SP WIDTH="28" VPOS="897" HPOS="1923"/>
							<String ID="string_157" HPOS="1951" VPOS="886" WIDTH="78" HEIGHT="33" WC="0.96" CONTENT="viss"/>
						</TextLine>
						<TextLine ID="line_15" HPOS="402" VPOS="936" WIDTH="1627" HEIGHT="49">
							<String ID="string_158" HPOS="402" VPOS="942" WIDTH="101" HEIGHT="43" WC="0.96" CONTENT="plats"/><SP WIDTH="41" VPOS="942" HPOS="503"/>
							<String ID="string_159" HPOS="544" VPOS="944" WIDTH="42" HEIGHT="31" WC="0.96" CONTENT="är"/><SP WIDTH="41" VPOS="944" HPOS="586"/>
							<String ID="string_160" HPOS="627" VPOS="943" WIDTH="54" HEIGHT="31" WC="0.96" CONTENT="ett"/><SP WIDTH="38" VPOS="943" HPOS="681"/>
							<String ID="string_161" HPOS="719" VPOS="940" WIDTH="143" HEIGHT="34" WC="0.96" CONTENT="varken"/><SP WIDTH="40" VPOS="940" HPOS="862"/>
							<String ID="string_162" HPOS="902" VPOS="939" WIDTH="72" HEIGHT="33" WC="0.96" CONTENT="lätt"/><SP WIDTH="31" VPOS="939" HPOS="974"/>
							<String ID="string_163" HPOS="1005" VPOS="938" WIDTH="91" HEIGHT="34" WC="0.96" CONTENT="eller"/><SP WIDTH="26" VPOS="938" HPOS="1096"/>
							<String ID="string_164" HPOS="1122" VPOS="938" WIDTH="124" HEIGHT="43" WC="0.96" CONTENT="billigt"/><SP WIDTH="26" VPOS="938" HPOS="1246"/>
							<String ID="string_165" HPOS="1272" VPOS="937" WIDTH="159" HEIGHT="43" WC="0.96" CONTENT="företag."/><SP WIDTH="55" VPOS="937" HPOS="1431"/>
							<String ID="string_166" HPOS="1486" VPOS="937" WIDTH="75" HEIGHT="34" WC="0.96" CONTENT="För"/><SP WIDTH="27" VPOS="937" HPOS="1561"/>
							<String ID="string_167" HPOS="1588" VPOS="936" WIDTH="124" HEIGHT="43" WC="0.93" CONTENT="själva"/><SP WIDTH="28" VPOS="936" HPOS="1712"/>
							<String ID="string_168" HPOS="1740" VPOS="936" WIDTH="289" HEIGHT="43" WC="0.91" CONTENT="upptagningen"/>
						</TextLine>
						<TextLine ID="line_16" HPOS="403" VPOS="982" WIDTH="1626" HEIGHT="48">
							<String ID="string_169" HPOS="403" VPOS="993" WIDTH="49" HEIGHT="33" WC="0.96" CONTENT="ha"/><SP WIDTH="41" VPOS="993" HPOS="452"/>
							<String ID="string_170" HPOS="493" VPOS="992" WIDTH="260" HEIGHT="34" WC="0.95" CONTENT="konstruerats"/><SP WIDTH="42" VPOS="992" HPOS="753"/>
							<String ID="string_171" HPOS="795" VPOS="989" WIDTH="186" HEIGHT="35" WC="0.96" CONTENT="särskilda"/><SP WIDTH="40" VPOS="989" HPOS="981"/>
							<String ID="string_172" HPOS="1021" VPOS="988" WIDTH="202" HEIGHT="35" WC="0.95" CONTENT="maskiner."/><SP WIDTH="54" VPOS="988" HPOS="1223"/>
							<String ID="string_173" HPOS="1277" VPOS="982" WIDTH="110" HEIGHT="40" WC="0.96" CONTENT="Även"/><SP WIDTH="42" VPOS="982" HPOS="1387"/>
							<String ID="string_174" HPOS="1429" VPOS="987" WIDTH="50" HEIGHT="34" WC="0.95" CONTENT="ha"/><SP WIDTH="41" VPOS="987" HPOS="1479"/>
							<String ID="string_175" HPOS="1520" VPOS="987" WIDTH="142" HEIGHT="43" WC="0.95" CONTENT="dykare"/><SP WIDTH="42" VPOS="987" HPOS="1662"/>
							<String ID="string_176" HPOS="1704" VPOS="987" WIDTH="166" HEIGHT="34" WC="0.96" CONTENT="anlitats."/><SP WIDTH="55" VPOS="987" HPOS="1870"/>
							<String ID="string_177" HPOS="1925" VPOS="986" WIDTH="104" HEIGHT="34" WC="0.96" CONTENT="Dock"/>
						</TextLine>
						<TextLine ID="line_17" HPOS="402" VPOS="1037" WIDTH="1628" HEIGHT="47">
							<String ID="string_178" HPOS="402" VPOS="1043" WIDTH="131" HEIGHT="33" WC="0.96" CONTENT="kunna"/><SP WIDTH="26" VPOS="1043" HPOS="533"/>
							<String ID="string_179" HPOS="559" VPOS="1042" WIDTH="90" HEIGHT="42" WC="0.96" CONTENT="inga"/><SP WIDTH="29" VPOS="1042" HPOS="649"/>
							<String ID="string_180" HPOS="678" VPOS="1041" WIDTH="259" HEIGHT="41" WC="0.96" CONTENT="anordningar"/><SP WIDTH="26" VPOS="1041" HPOS="937"/>
							<String ID="string_181" HPOS="963" VPOS="1042" WIDTH="122" HEIGHT="40" WC="0.96" CONTENT="göras,"/><SP WIDTH="29" VPOS="1042" HPOS="1085"/>
							<String ID="string_182" HPOS="1114" VPOS="1039" WIDTH="222" HEIGHT="43" WC="0.96" CONTENT="varigenom"/><SP WIDTH="28" VPOS="1039" HPOS="1336"/>
							<String ID="string_183" HPOS="1364" VPOS="1037" WIDTH="127" HEIGHT="44" WC="0.96" CONTENT="någon"/><SP WIDTH="28" VPOS="1037" HPOS="1491"/>
							<String ID="string_184" HPOS="1519" VPOS="1038" WIDTH="215" HEIGHT="34" WC="0.95" CONTENT="kännedom"/><SP WIDTH="28" VPOS="1038" HPOS="1734"/>
							<String ID="string_185" HPOS="1762" VPOS="1037" WIDTH="81" HEIGHT="34" WC="0.93" CONTENT="före"/><SP WIDTH="23" VPOS="1037" HPOS="1843"/>
							<String ID="string_186" HPOS="1866" VPOS="1039" WIDTH="164" HEIGHT="41" WC="0.92" CONTENT="upptag-"/>
						</TextLine>
						<TextLine ID="line_18" HPOS="402" VPOS="1087" WIDTH="1627" HEIGHT="49">
							<String ID="string_187" HPOS="402" VPOS="1094" WIDTH="141" HEIGHT="42" WC="0.96" CONTENT="ningen"/><SP WIDTH="41" VPOS="1094" HPOS="543"/>
							<String ID="string_188" HPOS="584" VPOS="1093" WIDTH="75" HEIGHT="32" WC="0.96" CONTENT="kan"/><SP WIDTH="43" VPOS="1093" HPOS="659"/>
							<String ID="string_189" HPOS="702" VPOS="1090" WIDTH="174" HEIGHT="42" WC="0.96" CONTENT="erhållas,"/><SP WIDTH="30" VPOS="1090" HPOS="876"/>
							<String ID="string_190" HPOS="906" VPOS="1101" WIDTH="61" HEIGHT="22" WC="0.96" CONTENT="om"/><SP WIDTH="40" VPOS="1101" HPOS="967"/>
							<String ID="string_191" HPOS="1007" VPOS="1090" WIDTH="103" HEIGHT="33" WC="0.96" CONTENT="vilka"/><SP WIDTH="32" VPOS="1090" HPOS="1110"/>
							<String ID="string_192" HPOS="1142" VPOS="1089" WIDTH="46" HEIGHT="33" WC="0.96" CONTENT="de"/><SP WIDTH="28" VPOS="1089" HPOS="1188"/>
							<String ID="string_193" HPOS="1216" VPOS="1089" WIDTH="271" HEIGHT="43" WC="0.96" CONTENT="ursprungliga"/><SP WIDTH="27" VPOS="1089" HPOS="1487"/>
							<String ID="string_194" HPOS="1514" VPOS="1091" WIDTH="143" HEIGHT="40" WC="0.96" CONTENT="ägarna"/><SP WIDTH="27" VPOS="1091" HPOS="1657"/>
							<String ID="string_195" HPOS="1684" VPOS="1088" WIDTH="58" HEIGHT="33" WC="0.96" CONTENT="till"/><SP WIDTH="29" VPOS="1088" HPOS="1742"/>
							<String ID="string_196" HPOS="1771" VPOS="1088" WIDTH="64" HEIGHT="33" WC="0.96" CONTENT="det"/><SP WIDTH="26" VPOS="1088" HPOS="1835"/>
							<String ID="string_197" HPOS="1861" VPOS="1087" WIDTH="168" HEIGHT="43" WC="0.96" CONTENT="sjunkna"/>
						</TextLine>
						<TextLine ID="line_19" HPOS="402" VPOS="1137" WIDTH="1628" HEIGHT="46">
							<String ID="string_198" HPOS="402" VPOS="1143" WIDTH="123" HEIGHT="34" WC="0.96" CONTENT="virket"/><SP WIDTH="26" VPOS="1143" HPOS="525"/>
							<String ID="string_199" HPOS="551" VPOS="1142" WIDTH="111" HEIGHT="35" WC="0.96" CONTENT="varit."/><SP WIDTH="55" VPOS="1142" HPOS="662"/>
							<String ID="string_200" HPOS="717" VPOS="1141" WIDTH="188" HEIGHT="42" WC="0.79" CONTENT="Tydligen"/><SP WIDTH="28" VPOS="1141" HPOS="905"/>
							<String ID="string_201" HPOS="933" VPOS="1139" WIDTH="202" HEIGHT="43" WC="0.95" CONTENT="föreligger"/><SP WIDTH="27" VPOS="1139" HPOS="1135"/>
							<String ID="string_202" HPOS="1162" VPOS="1141" WIDTH="79" HEIGHT="32" WC="0.96" CONTENT="stor"/><SP WIDTH="26" VPOS="1141" HPOS="1241"/>
							<String ID="string_203" HPOS="1267" VPOS="1139" WIDTH="79" HEIGHT="33" WC="0.96" CONTENT="risk"/><SP WIDTH="27" VPOS="1139" HPOS="1346"/>
							<String ID="string_204" HPOS="1373" VPOS="1141" WIDTH="57" HEIGHT="31" WC="0.96" CONTENT="att"/><SP WIDTH="26" VPOS="1141" HPOS="1430"/>
							<String ID="string_205" HPOS="1456" VPOS="1138" WIDTH="40" HEIGHT="34" WC="0.96" CONTENT="få"/><SP WIDTH="19" VPOS="1138" HPOS="1496"/>
							<String ID="string_206" HPOS="1515" VPOS="1138" WIDTH="256" HEIGHT="33" WC="0.96" CONTENT="kostnaderna"/><SP WIDTH="19" VPOS="1138" HPOS="1771"/>
							<String ID="string_207" HPOS="1790" VPOS="1137" WIDTH="59" HEIGHT="35" WC="0.93" CONTENT="för"/><SP WIDTH="18" VPOS="1137" HPOS="1849"/>
							<String ID="string_208" HPOS="1867" VPOS="1140" WIDTH="163" HEIGHT="40" WC="0.92" CONTENT="upptag-"/>
						</TextLine>
						<TextLine ID="line_20" HPOS="402" VPOS="1187" WIDTH="1627" HEIGHT="49">
							<String ID="string_209" HPOS="402" VPOS="1194" WIDTH="142" HEIGHT="42" WC="0.93" CONTENT="ningen"/><SP WIDTH="27" VPOS="1194" HPOS="544"/>
							<String ID="string_210" HPOS="571" VPOS="1192" WIDTH="177" HEIGHT="34" WC="0.93" CONTENT="betäckta"/><SP WIDTH="27" VPOS="1192" HPOS="748"/>
							<String ID="string_211" HPOS="775" VPOS="1201" WIDTH="136" HEIGHT="33" WC="0.96" CONTENT="genom"/><SP WIDTH="29" VPOS="1201" HPOS="911"/>
							<String ID="string_212" HPOS="940" VPOS="1190" WIDTH="133" HEIGHT="34" WC="0.96" CONTENT="värdet"/><SP WIDTH="27" VPOS="1190" HPOS="1073"/>
							<String ID="string_213" HPOS="1100" VPOS="1201" WIDTH="49" HEIGHT="22" WC="0.96" CONTENT="av"/><SP WIDTH="28" VPOS="1201" HPOS="1149"/>
							<String ID="string_214" HPOS="1177" VPOS="1190" WIDTH="64" HEIGHT="33" WC="0.96" CONTENT="det"/><SP WIDTH="27" VPOS="1190" HPOS="1241"/>
							<String ID="string_215" HPOS="1268" VPOS="1191" WIDTH="198" HEIGHT="41" WC="0.96" CONTENT="upptagna"/><SP WIDTH="27" VPOS="1191" HPOS="1466"/>
							<String ID="string_216" HPOS="1493" VPOS="1189" WIDTH="133" HEIGHT="34" WC="0.94" CONTENT="virket."/><SP WIDTH="44" VPOS="1189" HPOS="1626"/>
							<String ID="string_217" HPOS="1670" VPOS="1187" WIDTH="130" HEIGHT="35" WC="0.91" CONTENT="Skulle"/><SP WIDTH="21" VPOS="1187" HPOS="1800"/>
							<String ID="string_218" HPOS="1821" VPOS="1188" WIDTH="208" HEIGHT="34" WC="0.95" CONTENT="emellertid"/>
						</TextLine>
						<TextLine ID="line_21" HPOS="402" VPOS="1238" WIDTH="1626" HEIGHT="46">
							<String ID="string_219" HPOS="402" VPOS="1243" WIDTH="292" HEIGHT="35" WC="0.96" CONTENT="förhållandena"/><SP WIDTH="41" VPOS="1243" HPOS="694"/>
							<String ID="string_220" HPOS="735" VPOS="1241" WIDTH="59" HEIGHT="34" WC="0.96" CONTENT="för"/><SP WIDTH="39" VPOS="1241" HPOS="794"/>
							<String ID="string_221" HPOS="833" VPOS="1241" WIDTH="240" HEIGHT="43" WC="0.95" CONTENT="upptagning"/><SP WIDTH="32" VPOS="1241" HPOS="1073"/>
							<String ID="string_222" HPOS="1105" VPOS="1240" WIDTH="140" HEIGHT="33" WC="0.96" CONTENT="ordnas"/><SP WIDTH="29" VPOS="1240" HPOS="1245"/>
							<String ID="string_223" HPOS="1274" VPOS="1240" WIDTH="69" HEIGHT="33" WC="0.96" CONTENT="och"/><SP WIDTH="28" VPOS="1240" HPOS="1343"/>
							<String ID="string_224" HPOS="1371" VPOS="1242" WIDTH="235" HEIGHT="40" WC="0.95" CONTENT="uppmuntra"/><SP WIDTH="27" VPOS="1242" HPOS="1606"/>
							<String ID="string_225" HPOS="1633" VPOS="1239" WIDTH="58" HEIGHT="33" WC="0.95" CONTENT="till"/><SP WIDTH="28" VPOS="1239" HPOS="1691"/>
							<String ID="string_226" HPOS="1719" VPOS="1238" WIDTH="309" HEIGHT="44" WC="0.95" CONTENT="företagsamhet,"/>
						</TextLine>
						<TextLine ID="line_22" HPOS="402" VPOS="1289" WIDTH="1627" HEIGHT="44">
							<String ID="string_227" HPOS="402" VPOS="1295" WIDTH="107" HEIGHT="34" WC="0.96" CONTENT="torde"/><SP WIDTH="40" VPOS="1295" HPOS="509"/>
							<String ID="string_228" HPOS="549" VPOS="1294" WIDTH="64" HEIGHT="33" WC="0.95" CONTENT="väl"/><SP WIDTH="40" VPOS="1294" HPOS="613"/>
							<String ID="string_229" HPOS="653" VPOS="1292" WIDTH="170" HEIGHT="34" WC="0.96" CONTENT="metoder"/><SP WIDTH="40" VPOS="1292" HPOS="823"/>
							<String ID="string_230" HPOS="863" VPOS="1291" WIDTH="70" HEIGHT="34" WC="0.96" CONTENT="och"/><SP WIDTH="40" VPOS="1291" HPOS="933"/>
							<String ID="string_231" HPOS="973" VPOS="1291" WIDTH="163" HEIGHT="42" WC="0.95" CONTENT="redskap"/><SP WIDTH="41" VPOS="1291" HPOS="1136"/>
							<String ID="string_232" HPOS="1177" VPOS="1289" WIDTH="60" HEIGHT="35" WC="0.95" CONTENT="för"/><SP WIDTH="40" VPOS="1289" HPOS="1237"/>
							<String ID="string_233" HPOS="1277" VPOS="1290" WIDTH="332" HEIGHT="42" WC="0.90" CONTENT="undersökningen"/><SP WIDTH="33" VPOS="1290" HPOS="1609"/>
							<String ID="string_234" HPOS="1642" VPOS="1289" WIDTH="70" HEIGHT="34" WC="0.92" CONTENT="och"/><SP WIDTH="29" VPOS="1289" HPOS="1712"/>
							<String ID="string_235" HPOS="1741" VPOS="1289" WIDTH="288" HEIGHT="43" WC="0.91" CONTENT="upptagningen"/>
						</TextLine>
						<TextLine ID="line_23" HPOS="402" VPOS="1339" WIDTH="1624" HEIGHT="44">
							<String ID="string_236" HPOS="402" VPOS="1345" WIDTH="153" HEIGHT="34" WC="0.96" CONTENT="komma"/><SP WIDTH="28" VPOS="1345" HPOS="555"/>
							<String ID="string_237" HPOS="583" VPOS="1346" WIDTH="57" HEIGHT="31" WC="0.96" CONTENT="att"/><SP WIDTH="26" VPOS="1346" HPOS="640"/>
							<String ID="string_238" HPOS="666" VPOS="1342" WIDTH="196" HEIGHT="34" WC="0.96" CONTENT="utvecklas"/><SP WIDTH="28" VPOS="1342" HPOS="862"/>
							<String ID="string_239" HPOS="890" VPOS="1341" WIDTH="71" HEIGHT="34" WC="0.96" CONTENT="och"/><SP WIDTH="27" VPOS="1341" HPOS="961"/>
							<String ID="string_240" HPOS="988" VPOS="1341" WIDTH="216" HEIGHT="41" WC="0.95" CONTENT="förbättras,"/><SP WIDTH="31" VPOS="1341" HPOS="1204"/>
							<String ID="string_241" HPOS="1235" VPOS="1340" WIDTH="42" HEIGHT="34" WC="0.96" CONTENT="så"/><SP WIDTH="27" VPOS="1340" HPOS="1277"/>
							<String ID="string_242" HPOS="1304" VPOS="1343" WIDTH="56" HEIGHT="31" WC="0.96" CONTENT="att"/><SP WIDTH="28" VPOS="1343" HPOS="1360"/>
							<String ID="string_243" HPOS="1388" VPOS="1352" WIDTH="52" HEIGHT="22" WC="0.93" CONTENT="nu"/><SP WIDTH="29" VPOS="1352" HPOS="1440"/>
							<String ID="string_244" HPOS="1469" VPOS="1339" WIDTH="320" HEIGHT="44" WC="0.91" CONTENT="svårtillgängligt"/><SP WIDTH="26" VPOS="1339" HPOS="1789"/>
							<String ID="string_245" HPOS="1815" VPOS="1339" WIDTH="211" HEIGHT="43" WC="0.91" CONTENT="sjunkgods"/>
						</TextLine>
						<TextLine ID="line_24" HPOS="405" VPOS="1391" WIDTH="1084" HEIGHT="45">
							<String ID="string_246" HPOS="405" VPOS="1394" WIDTH="284" HEIGHT="42" WC="0.90" CONTENT="tillförlitligare"/><SP WIDTH="30" VPOS="1394" HPOS="689"/>
							<String ID="string_247" HPOS="719" VPOS="1393" WIDTH="69" HEIGHT="33" WC="0.96" CONTENT="och"/><SP WIDTH="28" VPOS="1393" HPOS="788"/>
							<String ID="string_248" HPOS="816" VPOS="1393" WIDTH="135" HEIGHT="33" WC="0.96" CONTENT="lättare"/><SP WIDTH="28" VPOS="1393" HPOS="951"/>
							<String ID="string_249" HPOS="979" VPOS="1392" WIDTH="125" HEIGHT="33" WC="0.92" CONTENT="kunde"/><SP WIDTH="28" VPOS="1392" HPOS="1104"/>
							<String ID="string_250" HPOS="1132" VPOS="1391" WIDTH="154" HEIGHT="43" WC="0.92" CONTENT="bringas"/><SP WIDTH="27" VPOS="1391" HPOS="1286"/>
							<String ID="string_251" HPOS="1313" VPOS="1391" WIDTH="13" HEIGHT="33" WC="0.96" CONTENT="i"/><SP WIDTH="28" VPOS="1391" HPOS="1326"/>
							<String ID="string_252" HPOS="1354" VPOS="1391" WIDTH="135" HEIGHT="43" WC="0.96" CONTENT="dagen."/>
						</TextLine>
					</TextBlock>
					<TextBlock ID="block_3" HPOS="402" VPOS="1439" WIDTH="1630" HEIGHT="752">
						<TextLine ID="line_25" HPOS="538" VPOS="1439" WIDTH="1488" HEIGHT="47">
							<String ID="string_253" HPOS="538" VPOS="1445" WIDTH="74" HEIGHT="33" WC="0.96" CONTENT="Det"/><SP WIDTH="39" VPOS="1445" HPOS="612"/>
							<String ID="string_254" HPOS="651" VPOS="1443" WIDTH="167" HEIGHT="43" WC="0.96" CONTENT="sjunkna"/><SP WIDTH="36" VPOS="1443" HPOS="818"/>
							<String ID="string_255" HPOS="854" VPOS="1442" WIDTH="123" HEIGHT="34" WC="0.95" CONTENT="virket"/><SP WIDTH="26" VPOS="1442" HPOS="977"/>
							<String ID="string_256" HPOS="1003" VPOS="1444" WIDTH="280" HEIGHT="41" WC="0.96" CONTENT="representerar"/><SP WIDTH="27" VPOS="1444" HPOS="1283"/>
							<String ID="string_257" HPOS="1310" VPOS="1441" WIDTH="33" HEIGHT="43" WC="0.96" CONTENT="ej"/><SP WIDTH="32" VPOS="1441" HPOS="1343"/>
							<String ID="string_258" HPOS="1375" VPOS="1441" WIDTH="216" HEIGHT="43" WC="0.96" CONTENT="obetydliga"/><SP WIDTH="27" VPOS="1441" HPOS="1591"/>
							<String ID="string_259" HPOS="1618" VPOS="1441" WIDTH="156" HEIGHT="42" WC="0.96" CONTENT="värden,"/><SP WIDTH="30" VPOS="1441" HPOS="1774"/>
							<String ID="string_260" HPOS="1804" VPOS="1451" WIDTH="80" HEIGHT="23" WC="0.96" CONTENT="som"/><SP WIDTH="28" VPOS="1451" HPOS="1884"/>
							<String ID="string_261" HPOS="1912" VPOS="1452" WIDTH="52" HEIGHT="21" WC="0.95" CONTENT="nu"/><SP WIDTH="29" VPOS="1452" HPOS="1964"/>
							<String ID="string_262" HPOS="1993" VPOS="1439" WIDTH="33" HEIGHT="43" WC="0.93" CONTENT="ej"/>
						</TextLine>
						<TextLine ID="line_26" HPOS="405" VPOS="1490" WIDTH="1625" HEIGHT="48">
							<String ID="string_263" HPOS="405" VPOS="1494" WIDTH="190" HEIGHT="44" WC="0.96" CONTENT="utnyttjas"/><SP WIDTH="42" VPOS="1494" HPOS="595"/>
							<String ID="string_264" HPOS="637" VPOS="1494" WIDTH="52" HEIGHT="41" WC="0.96" CONTENT="så,"/><SP WIDTH="35" VPOS="1494" HPOS="689"/>
							<String ID="string_265" HPOS="724" VPOS="1504" WIDTH="80" HEIGHT="23" WC="0.93" CONTENT="som"/><SP WIDTH="33" VPOS="1504" HPOS="804"/>
							<String ID="string_266" HPOS="837" VPOS="1493" WIDTH="165" HEIGHT="42" WC="0.92" CONTENT="önskligt"/><SP WIDTH="25" VPOS="1493" HPOS="1002"/>
							<String ID="string_267" HPOS="1027" VPOS="1503" WIDTH="101" HEIGHT="23" WC="0.96" CONTENT="vore."/><SP WIDTH="55" VPOS="1503" HPOS="1128"/>
							<String ID="string_268" HPOS="1183" VPOS="1491" WIDTH="59" HEIGHT="34" WC="0.74" CONTENT="En"/><SP WIDTH="30" VPOS="1491" HPOS="1242"/>
							<String ID="string_269" HPOS="1272" VPOS="1491" WIDTH="108" HEIGHT="34" WC="0.96" CONTENT="enkel"/><SP WIDTH="27" VPOS="1491" HPOS="1380"/>
							<String ID="string_270" HPOS="1407" VPOS="1491" WIDTH="130" HEIGHT="43" WC="0.96" CONTENT="kalkyl"/><SP WIDTH="27" VPOS="1491" HPOS="1537"/>
							<String ID="string_271" HPOS="1564" VPOS="1490" WIDTH="62" HEIGHT="34" WC="0.96" CONTENT="må"/><SP WIDTH="28" VPOS="1490" HPOS="1626"/>
							<String ID="string_272" HPOS="1654" VPOS="1491" WIDTH="92" HEIGHT="34" WC="0.96" CONTENT="söka"/><SP WIDTH="27" VPOS="1491" HPOS="1746"/>
							<String ID="string_273" HPOS="1773" VPOS="1491" WIDTH="88" HEIGHT="42" WC="0.96" CONTENT="giva"/><SP WIDTH="28" VPOS="1491" HPOS="1861"/>
							<String ID="string_274" HPOS="1889" VPOS="1501" WIDTH="46" HEIGHT="23" WC="0.92" CONTENT="en"/><SP WIDTH="29" VPOS="1501" HPOS="1935"/>
							<String ID="string_275" HPOS="1964" VPOS="1502" WIDTH="66" HEIGHT="22" WC="0.92" CONTENT="an-"/>
						</TextLine>
						<TextLine ID="line_27" HPOS="402" VPOS="1541" WIDTH="1627" HEIGHT="49">
							<String ID="string_276" HPOS="402" VPOS="1546" WIDTH="121" HEIGHT="44" WC="0.92" CONTENT="tydan"/><SP WIDTH="41" VPOS="1546" HPOS="523"/>
							<String ID="string_277" HPOS="564" VPOS="1545" WIDTH="144" HEIGHT="33" WC="0.95" CONTENT="härom."/><SP WIDTH="56" VPOS="1545" HPOS="708"/>
							<String ID="string_278" HPOS="764" VPOS="1543" WIDTH="129" HEIGHT="35" WC="0.95" CONTENT="Under"/><SP WIDTH="41" VPOS="1543" HPOS="893"/>
							<String ID="string_279" HPOS="934" VPOS="1542" WIDTH="90" HEIGHT="34" WC="0.93" CONTENT="åren"/><SP WIDTH="37" VPOS="1542" HPOS="1024"/>
							<String ID="string_280" HPOS="1061" VPOS="1542" WIDTH="247" HEIGHT="34" WC="0.91" CONTENT="1908—1912"/><SP WIDTH="30" VPOS="1542" HPOS="1308"/>
							<String ID="string_281" HPOS="1338" VPOS="1541" WIDTH="223" HEIGHT="34" WC="0.90" CONTENT="utflottades"/><SP WIDTH="28" VPOS="1541" HPOS="1561"/>
							<String ID="string_282" HPOS="1589" VPOS="1542" WIDTH="13" HEIGHT="32" WC="0.96" CONTENT="i"/><SP WIDTH="28" VPOS="1542" HPOS="1602"/>
							<String ID="string_283" HPOS="1630" VPOS="1541" WIDTH="46" HEIGHT="33" WC="0.96" CONTENT="de"/><SP WIDTH="27" VPOS="1541" HPOS="1676"/>
							<String ID="string_284" HPOS="1703" VPOS="1541" WIDTH="186" HEIGHT="42" WC="0.93" CONTENT="viktigare"/><SP WIDTH="28" VPOS="1541" HPOS="1889"/>
							<String ID="string_285" HPOS="1917" VPOS="1541" WIDTH="112" HEIGHT="33" WC="0.90" CONTENT="nord-"/>
						</TextLine>
						<TextLine ID="line_28" HPOS="404" VPOS="1591" WIDTH="1626" HEIGHT="45">
							<String ID="string_286" HPOS="404" VPOS="1596" WIDTH="163" HEIGHT="35" WC="0.96" CONTENT="svenska"/><SP WIDTH="27" VPOS="1596" HPOS="567"/>
							<String ID="string_287" HPOS="594" VPOS="1594" WIDTH="276" HEIGHT="42" WC="0.96" CONTENT="vattendragen"/><SP WIDTH="27" VPOS="1594" HPOS="870"/>
							<String ID="string_288" HPOS="897" VPOS="1592" WIDTH="87" HEIGHT="34" WC="0.96" CONTENT="från"/><SP WIDTH="29" VPOS="1592" HPOS="984"/>
							<String ID="string_289" HPOS="1013" VPOS="1592" WIDTH="69" HEIGHT="34" WC="0.96" CONTENT="och"/><SP WIDTH="28" VPOS="1592" HPOS="1082"/>
							<String ID="string_290" HPOS="1110" VPOS="1592" WIDTH="86" HEIGHT="33" WC="0.96" CONTENT="med"/><SP WIDTH="28" VPOS="1592" HPOS="1196"/>
							<String ID="string_291" HPOS="1224" VPOS="1591" WIDTH="230" HEIGHT="34" WC="0.96" CONTENT="Kalixälven"/><SP WIDTH="29" VPOS="1591" HPOS="1454"/>
							<String ID="string_292" HPOS="1483" VPOS="1591" WIDTH="56" HEIGHT="34" WC="0.95" CONTENT="till"/><SP WIDTH="29" VPOS="1591" HPOS="1539"/>
							<String ID="string_293" HPOS="1568" VPOS="1591" WIDTH="69" HEIGHT="34" WC="0.96" CONTENT="och"/><SP WIDTH="29" VPOS="1591" HPOS="1637"/>
							<String ID="string_294" HPOS="1666" VPOS="1591" WIDTH="86" HEIGHT="34" WC="0.96" CONTENT="med"/><SP WIDTH="28" VPOS="1591" HPOS="1752"/>
							<String ID="string_295" HPOS="1780" VPOS="1591" WIDTH="209" HEIGHT="34" WC="0.96" CONTENT="Klarälven"/><SP WIDTH="28" VPOS="1591" HPOS="1989"/>
							<String ID="string_296" HPOS="2017" VPOS="1591" WIDTH="13" HEIGHT="33" WC="0.96" CONTENT="i"/>
						</TextLine>
						<TextLine ID="line_29" HPOS="402" VPOS="1641" WIDTH="1628" HEIGHT="47">
							<String ID="string_297" HPOS="402" VPOS="1646" WIDTH="179" HEIGHT="34" WC="0.96" CONTENT="medeltal"/><SP WIDTH="40" VPOS="1646" HPOS="581"/>
							<String ID="string_298" HPOS="621" VPOS="1656" WIDTH="46" HEIGHT="32" WC="0.96" CONTENT="pr"/><SP WIDTH="40" VPOS="1656" HPOS="667"/>
							<String ID="string_299" HPOS="707" VPOS="1644" WIDTH="43" HEIGHT="34" WC="0.96" CONTENT="år"/><SP WIDTH="32" VPOS="1644" HPOS="750"/>
							<String ID="string_300" HPOS="782" VPOS="1644" WIDTH="102" HEIGHT="33" WC="0.93" CONTENT="cirka"/><SP WIDTH="34" VPOS="1644" HPOS="884"/>
							<String ID="string_301" HPOS="918" VPOS="1643" WIDTH="224" HEIGHT="42" WC="0.91" CONTENT="67,000,000"/><SP WIDTH="28" VPOS="1643" HPOS="1142"/>
							<String ID="string_302" HPOS="1170" VPOS="1642" WIDTH="352" HEIGHT="43" WC="0.91" CONTENT="flottgodsenheter."/><SP WIDTH="54" VPOS="1642" HPOS="1522"/>
							<String ID="string_303" HPOS="1576" VPOS="1642" WIDTH="88" HEIGHT="33" WC="0.96" CONTENT="Med"/><SP WIDTH="29" VPOS="1642" HPOS="1664"/>
							<String ID="string_304" HPOS="1693" VPOS="1644" WIDTH="54" HEIGHT="31" WC="0.92" CONTENT="ett"/><SP WIDTH="28" VPOS="1644" HPOS="1747"/>
							<String ID="string_305" HPOS="1775" VPOS="1641" WIDTH="255" HEIGHT="34" WC="0.91" CONTENT="medelkubik-"/>
						</TextLine>
						<TextLine ID="line_30" HPOS="402" VPOS="1691" WIDTH="1629" HEIGHT="46">
							<String ID="string_306" HPOS="402" VPOS="1696" WIDTH="169" HEIGHT="35" WC="0.95" CONTENT="innehåll"/><SP WIDTH="33" VPOS="1696" HPOS="571"/>
							<String ID="string_307" HPOS="604" VPOS="1707" WIDTH="48" HEIGHT="22" WC="0.95" CONTENT="av"/><SP WIDTH="34" VPOS="1707" HPOS="652"/>
							<String ID="string_308" HPOS="686" VPOS="1695" WIDTH="68" HEIGHT="42" WC="0.91" CONTENT="5,17"/><SP WIDTH="29" VPOS="1695" HPOS="754"/>
							<String ID="string_309" HPOS="783" VPOS="1694" WIDTH="178" HEIGHT="43" WC="0.93" CONTENT="engelska"/><SP WIDTH="28" VPOS="1694" HPOS="961"/>
							<String ID="string_310" HPOS="989" VPOS="1692" WIDTH="175" HEIGHT="34" WC="0.91" CONTENT="kubikfot"/><SP WIDTH="26" VPOS="1692" HPOS="1164"/>
							<String ID="string_311" HPOS="1190" VPOS="1692" WIDTH="147" HEIGHT="43" WC="0.96" CONTENT="verklig"/><SP WIDTH="29" VPOS="1692" HPOS="1337"/>
							<String ID="string_312" HPOS="1366" VPOS="1703" WIDTH="126" HEIGHT="23" WC="0.96" CONTENT="massa"/><SP WIDTH="27" VPOS="1703" HPOS="1492"/>
							<String ID="string_313" HPOS="1519" VPOS="1704" WIDTH="45" HEIGHT="31" WC="0.96" CONTENT="pr"/><SP WIDTH="27" VPOS="1704" HPOS="1564"/>
							<String ID="string_314" HPOS="1591" VPOS="1692" WIDTH="120" HEIGHT="34" WC="0.96" CONTENT="sådan"/><SP WIDTH="31" VPOS="1692" HPOS="1711"/>
							<String ID="string_315" HPOS="1742" VPOS="1692" WIDTH="113" HEIGHT="34" WC="0.96" CONTENT="enhet"/><SP WIDTH="26" VPOS="1692" HPOS="1855"/>
							<String ID="string_316" HPOS="1881" VPOS="1691" WIDTH="150" HEIGHT="44" WC="0.96" CONTENT="uppgår"/>
						</TextLine>
						<TextLine ID="line_31" HPOS="402" VPOS="1742" WIDTH="1627" HEIGHT="48">
							<String ID="string_317" HPOS="402" VPOS="1745" WIDTH="376" HEIGHT="45" WC="0.91" CONTENT="flottgodsmängden"/><SP WIDTH="29" VPOS="1745" HPOS="778"/>
							<String ID="string_318" HPOS="807" VPOS="1756" WIDTH="44" HEIGHT="31" WC="0.96" CONTENT="pr"/><SP WIDTH="28" VPOS="1756" HPOS="851"/>
							<String ID="string_319" HPOS="879" VPOS="1743" WIDTH="42" HEIGHT="34" WC="0.94" CONTENT="år"/><SP WIDTH="27" VPOS="1743" HPOS="921"/>
							<String ID="string_320" HPOS="948" VPOS="1744" WIDTH="57" HEIGHT="33" WC="0.96" CONTENT="till"/><SP WIDTH="29" VPOS="1744" HPOS="1005"/>
							<String ID="string_321" HPOS="1034" VPOS="1754" WIDTH="56" HEIGHT="23" WC="0.86" CONTENT="c:a"/><SP WIDTH="29" VPOS="1754" HPOS="1090"/>
							<String ID="string_322" HPOS="1119" VPOS="1743" WIDTH="252" HEIGHT="42" WC="0.90" CONTENT="346,500,000"/><SP WIDTH="29" VPOS="1743" HPOS="1371"/>
							<String ID="string_323" HPOS="1400" VPOS="1754" WIDTH="83" HEIGHT="31" WC="0.93" CONTENT="eng."/><SP WIDTH="30" VPOS="1754" HPOS="1483"/>
							<String ID="string_324" HPOS="1513" VPOS="1742" WIDTH="76" HEIGHT="34" WC="0.91" CONTENT="kbf."/><SP WIDTH="21" VPOS="1742" HPOS="1589"/>
							<String ID="string_325" HPOS="1610" VPOS="1742" WIDTH="148" HEIGHT="43" WC="0.96" CONTENT="verklig"/><SP WIDTH="19" VPOS="1742" HPOS="1758"/>
							<String ID="string_326" HPOS="1777" VPOS="1753" WIDTH="135" HEIGHT="23" WC="0.96" CONTENT="massa."/><SP WIDTH="43" VPOS="1753" HPOS="1912"/>
							<String ID="string_327" HPOS="1955" VPOS="1742" WIDTH="74" HEIGHT="33" WC="0.96" CONTENT="Vid"/>
						</TextLine>
						<TextLine ID="line_32" HPOS="404" VPOS="1792" WIDTH="1625" HEIGHT="47">
							<String ID="string_328" HPOS="404" VPOS="1800" WIDTH="53" HEIGHT="31" WC="0.93" CONTENT="ett"/><SP WIDTH="27" VPOS="1800" HPOS="457"/>
							<String ID="string_329" HPOS="484" VPOS="1796" WIDTH="204" HEIGHT="43" WC="0.89" CONTENT="medelpris"/><SP WIDTH="29" VPOS="1796" HPOS="688"/>
							<String ID="string_330" HPOS="717" VPOS="1807" WIDTH="48" HEIGHT="22" WC="0.96" CONTENT="av"/><SP WIDTH="30" VPOS="1807" HPOS="765"/>
							<String ID="string_331" HPOS="795" VPOS="1795" WIDTH="46" HEIGHT="34" WC="0.96" CONTENT="30"/><SP WIDTH="29" VPOS="1795" HPOS="841"/>
							<String ID="string_332" HPOS="870" VPOS="1797" WIDTH="62" HEIGHT="31" WC="0.93" CONTENT="öre"/><SP WIDTH="27" VPOS="1797" HPOS="932"/>
							<String ID="string_333" HPOS="959" VPOS="1793" WIDTH="77" HEIGHT="35" WC="0.89" CONTENT="kbf."/><SP WIDTH="30" VPOS="1793" HPOS="1036"/>
							<String ID="string_334" HPOS="1066" VPOS="1794" WIDTH="72" HEIGHT="33" WC="0.96" CONTENT="blir"/><SP WIDTH="26" VPOS="1794" HPOS="1138"/>
							<String ID="string_335" HPOS="1164" VPOS="1794" WIDTH="136" HEIGHT="33" WC="0.96" CONTENT="värdet"/><SP WIDTH="27" VPOS="1794" HPOS="1300"/>
							<String ID="string_336" HPOS="1327" VPOS="1805" WIDTH="49" HEIGHT="22" WC="0.96" CONTENT="av"/><SP WIDTH="27" VPOS="1805" HPOS="1376"/>
							<String ID="string_337" HPOS="1403" VPOS="1793" WIDTH="73" HEIGHT="34" WC="0.96" CONTENT="den"/><SP WIDTH="29" VPOS="1793" HPOS="1476"/>
							<String ID="string_338" HPOS="1505" VPOS="1792" WIDTH="121" HEIGHT="44" WC="0.93" CONTENT="årliga"/><SP WIDTH="26" VPOS="1792" HPOS="1626"/>
							<String ID="string_339" HPOS="1652" VPOS="1792" WIDTH="377" HEIGHT="43" WC="0.92" CONTENT="flottgodsmängden"/>
						</TextLine>
						<TextLine ID="line_33" HPOS="406" VPOS="1841" WIDTH="1625" HEIGHT="48">
							<String ID="string_340" HPOS="406" VPOS="1847" WIDTH="250" HEIGHT="42" WC="0.90" CONTENT="103,950,000"/><SP WIDTH="41" VPOS="1847" HPOS="656"/>
							<String ID="string_341" HPOS="697" VPOS="1846" WIDTH="149" HEIGHT="33" WC="0.93" CONTENT="kronor."/><SP WIDTH="29" VPOS="1846" HPOS="846"/>
							<String ID="string_342" HPOS="875" VPOS="1862" WIDTH="50" HEIGHT="4" WC="0.92" CONTENT="—"/><SP WIDTH="28" VPOS="1862" HPOS="925"/>
							<String ID="string_343" HPOS="953" VPOS="1843" WIDTH="71" HEIGHT="36" WC="0.93" CONTENT="Om"/><SP WIDTH="28" VPOS="1843" HPOS="1024"/>
							<String ID="string_344" HPOS="1052" VPOS="1844" WIDTH="562" HEIGHT="43" WC="0.89" CONTENT="medelsjunkningsprocenten"/><SP WIDTH="30" VPOS="1844" HPOS="1614"/>
							<String ID="string_345" HPOS="1644" VPOS="1846" WIDTH="117" HEIGHT="31" WC="0.92" CONTENT="sättes"/><SP WIDTH="27" VPOS="1846" HPOS="1761"/>
							<String ID="string_346" HPOS="1788" VPOS="1843" WIDTH="58" HEIGHT="34" WC="0.96" CONTENT="till"/><SP WIDTH="29" VPOS="1843" HPOS="1846"/>
							<String ID="string_347" HPOS="1875" VPOS="1841" WIDTH="84" HEIGHT="44" WC="0.96" CONTENT="21/2,"/><SP WIDTH="30" VPOS="1841" HPOS="1959"/>
							<String ID="string_348" HPOS="1989" VPOS="1845" WIDTH="42" HEIGHT="31" WC="0.96" CONTENT="är"/>
						</TextLine>
						<TextLine ID="line_34" HPOS="404" VPOS="1893" WIDTH="1628" HEIGHT="45">
							<String ID="string_349" HPOS="404" VPOS="1897" WIDTH="146" HEIGHT="35" WC="0.96" CONTENT="således"/><SP WIDTH="29" VPOS="1897" HPOS="550"/>
							<String ID="string_350" HPOS="579" VPOS="1897" WIDTH="73" HEIGHT="34" WC="0.96" CONTENT="den"/><SP WIDTH="29" VPOS="1897" HPOS="652"/>
							<String ID="string_351" HPOS="681" VPOS="1896" WIDTH="139" HEIGHT="42" WC="0.96" CONTENT="årligen"/><SP WIDTH="27" VPOS="1896" HPOS="820"/>
							<String ID="string_352" HPOS="847" VPOS="1895" WIDTH="168" HEIGHT="43" WC="0.96" CONTENT="sjunkna"/><SP WIDTH="27" VPOS="1895" HPOS="1015"/>
							<String ID="string_353" HPOS="1042" VPOS="1906" WIDTH="152" HEIGHT="22" WC="0.96" CONTENT="massan"/><SP WIDTH="29" VPOS="1906" HPOS="1194"/>
							<String ID="string_354" HPOS="1223" VPOS="1905" WIDTH="57" HEIGHT="23" WC="0.70" CONTENT="c:a"/><SP WIDTH="29" VPOS="1905" HPOS="1280"/>
							<String ID="string_355" HPOS="1309" VPOS="1894" WIDTH="200" HEIGHT="43" WC="0.90" CONTENT="8,663,000"/><SP WIDTH="28" VPOS="1894" HPOS="1509"/>
							<String ID="string_356" HPOS="1537" VPOS="1893" WIDTH="77" HEIGHT="34" WC="0.89" CONTENT="kbf."/><SP WIDTH="30" VPOS="1893" HPOS="1614"/>
							<String ID="string_357" HPOS="1644" VPOS="1893" WIDTH="86" HEIGHT="34" WC="0.96" CONTENT="med"/><SP WIDTH="29" VPOS="1893" HPOS="1730"/>
							<String ID="string_358" HPOS="1759" VPOS="1896" WIDTH="53" HEIGHT="31" WC="0.96" CONTENT="ett"/><SP WIDTH="25" VPOS="1896" HPOS="1812"/>
							<String ID="string_359" HPOS="1837" VPOS="1893" WIDTH="118" HEIGHT="34" WC="0.96" CONTENT="värde"/><SP WIDTH="29" VPOS="1893" HPOS="1955"/>
							<String ID="string_360" HPOS="1984" VPOS="1904" WIDTH="48" HEIGHT="22" WC="0.96" CONTENT="av"/>
						</TextLine>
						<TextLine ID="line_35" HPOS="405" VPOS="1943" WIDTH="1627" HEIGHT="47">
							<String ID="string_361" HPOS="405" VPOS="1960" WIDTH="57" HEIGHT="22" WC="0.92" CONTENT="c:a"/><SP WIDTH="39" VPOS="1960" HPOS="462"/>
							<String ID="string_362" HPOS="501" VPOS="1948" WIDTH="206" HEIGHT="42" WC="0.91" CONTENT="2,600,000"/><SP WIDTH="41" VPOS="1948" HPOS="707"/>
							<String ID="string_363" HPOS="748" VPOS="1946" WIDTH="140" HEIGHT="33" WC="0.93" CONTENT="kronor."/><SP WIDTH="30" VPOS="1946" HPOS="888"/>
							<String ID="string_364" HPOS="918" VPOS="1962" WIDTH="50" HEIGHT="6" WC="0.91" CONTENT="—"/><SP WIDTH="26" VPOS="1962" HPOS="968"/>
							<String ID="string_365" HPOS="994" VPOS="1945" WIDTH="266" HEIGHT="43" WC="0.95" CONTENT="Beräkningen"/><SP WIDTH="41" VPOS="1945" HPOS="1260"/>
							<String ID="string_366" HPOS="1301" VPOS="1947" WIDTH="61" HEIGHT="31" WC="0.95" CONTENT="rör"/><SP WIDTH="28" VPOS="1947" HPOS="1362"/>
							<String ID="string_367" HPOS="1390" VPOS="1945" WIDTH="57" HEIGHT="42" WC="0.96" CONTENT="sig"/><SP WIDTH="28" VPOS="1945" HPOS="1447"/>
							<String ID="string_368" HPOS="1475" VPOS="1955" WIDTH="61" HEIGHT="23" WC="0.96" CONTENT="om"/><SP WIDTH="28" VPOS="1955" HPOS="1536"/>
							<String ID="string_369" HPOS="1564" VPOS="1955" WIDTH="46" HEIGHT="23" WC="0.95" CONTENT="en"/><SP WIDTH="28" VPOS="1955" HPOS="1610"/>
							<String ID="string_370" HPOS="1638" VPOS="1955" WIDTH="66" HEIGHT="23" WC="0.95" CONTENT="sen"/><SP WIDTH="29" VPOS="1955" HPOS="1704"/>
							<String ID="string_371" HPOS="1733" VPOS="1943" WIDTH="220" HEIGHT="44" WC="0.95" CONTENT="tidsperiod,"/><SP WIDTH="30" VPOS="1943" HPOS="1953"/>
							<String ID="string_372" HPOS="1983" VPOS="1943" WIDTH="49" HEIGHT="34" WC="0.96" CONTENT="då"/>
						</TextLine>
						<TextLine ID="line_36" HPOS="404" VPOS="1994" WIDTH="1627" HEIGHT="48">
							<String ID="string_373" HPOS="404" VPOS="1998" WIDTH="50" HEIGHT="44" WC="0.96" CONTENT="på"/><SP WIDTH="40" VPOS="1998" HPOS="454"/>
							<String ID="string_374" HPOS="494" VPOS="1998" WIDTH="125" HEIGHT="43" WC="0.96" CONTENT="grund"/><SP WIDTH="33" VPOS="1998" HPOS="619"/>
							<String ID="string_375" HPOS="652" VPOS="2009" WIDTH="49" HEIGHT="22" WC="0.96" CONTENT="av"/><SP WIDTH="32" VPOS="2009" HPOS="701"/>
							<String ID="string_376" HPOS="733" VPOS="1996" WIDTH="233" HEIGHT="43" WC="0.96" CONTENT="egenskaper"/><SP WIDTH="27" VPOS="1996" HPOS="966"/>
							<String ID="string_377" HPOS="993" VPOS="1996" WIDTH="68" HEIGHT="33" WC="0.96" CONTENT="hos"/><SP WIDTH="28" VPOS="1996" HPOS="1061"/>
							<String ID="string_378" HPOS="1089" VPOS="1995" WIDTH="125" HEIGHT="34" WC="0.92" CONTENT="virket"/><SP WIDTH="26" VPOS="1995" HPOS="1214"/>
							<String ID="string_379" HPOS="1240" VPOS="1994" WIDTH="440" HEIGHT="44" WC="0.91" CONTENT="sjunkningstendensen"/><SP WIDTH="28" VPOS="1994" HPOS="1680"/>
							<String ID="string_380" HPOS="1708" VPOS="1994" WIDTH="101" HEIGHT="34" WC="0.96" CONTENT="varit"/><SP WIDTH="27" VPOS="1994" HPOS="1809"/>
							<String ID="string_381" HPOS="1836" VPOS="1996" WIDTH="118" HEIGHT="32" WC="0.96" CONTENT="större"/><SP WIDTH="28" VPOS="1996" HPOS="1954"/>
							<String ID="string_382" HPOS="1982" VPOS="1996" WIDTH="49" HEIGHT="31" WC="0.96" CONTENT="än"/>
						</TextLine>
						<TextLine ID="line_37" HPOS="403" VPOS="2043" WIDTH="1629" HEIGHT="46">
							<String ID="string_383" HPOS="403" VPOS="2049" WIDTH="80" HEIGHT="34" WC="0.96" CONTENT="före"/><SP WIDTH="41" VPOS="2049" HPOS="483"/>
							<String ID="string_384" HPOS="524" VPOS="2049" WIDTH="126" HEIGHT="33" WC="0.96" CONTENT="denna"/><SP WIDTH="40" VPOS="2049" HPOS="650"/>
							<String ID="string_385" HPOS="690" VPOS="2047" WIDTH="68" HEIGHT="34" WC="0.96" CONTENT="tid."/><SP WIDTH="54" VPOS="2047" HPOS="758"/>
							<String ID="string_386" HPOS="812" VPOS="2047" WIDTH="87" HEIGHT="34" WC="0.96" CONTENT="Men"/><SP WIDTH="33" VPOS="2047" HPOS="899"/>
							<String ID="string_387" HPOS="932" VPOS="2049" WIDTH="91" HEIGHT="31" WC="0.92" CONTENT="enär"/><SP WIDTH="31" VPOS="2049" HPOS="1023"/>
							<String ID="string_388" HPOS="1054" VPOS="2046" WIDTH="230" HEIGHT="43" WC="0.91" CONTENT="flottningen"/><SP WIDTH="29" VPOS="2046" HPOS="1284"/>
							<String ID="string_389" HPOS="1313" VPOS="2046" WIDTH="72" HEIGHT="33" WC="0.96" CONTENT="den"/><SP WIDTH="30" VPOS="2046" HPOS="1385"/>
							<String ID="string_390" HPOS="1415" VPOS="2045" WIDTH="104" HEIGHT="34" WC="0.96" CONTENT="tiden"/><SP WIDTH="29" VPOS="2045" HPOS="1519"/>
							<String ID="string_391" HPOS="1548" VPOS="2044" WIDTH="79" HEIGHT="35" WC="0.96" CONTENT="ofta"/><SP WIDTH="28" VPOS="2044" HPOS="1627"/>
							<String ID="string_392" HPOS="1655" VPOS="2056" WIDTH="70" HEIGHT="23" WC="0.96" CONTENT="var"/><SP WIDTH="28" VPOS="2056" HPOS="1725"/>
							<String ID="string_393" HPOS="1753" VPOS="2043" WIDTH="65" HEIGHT="35" WC="0.96" CONTENT="två"/><SP WIDTH="28" VPOS="2043" HPOS="1818"/>
							<String ID="string_394" HPOS="1846" VPOS="2044" WIDTH="69" HEIGHT="33" WC="0.92" CONTENT="och"/><SP WIDTH="28" VPOS="2044" HPOS="1915"/>
							<String ID="string_395" HPOS="1943" VPOS="2043" WIDTH="89" HEIGHT="35" WC="0.92" CONTENT="fler-"/>
						</TextLine>
						<TextLine ID="line_38" HPOS="404" VPOS="2094" WIDTH="1626" HEIGHT="47">
							<String ID="string_396" HPOS="404" VPOS="2099" WIDTH="92" HEIGHT="42" WC="0.96" CONTENT="årig,"/><SP WIDTH="29" VPOS="2099" HPOS="496"/>
							<String ID="string_397" HPOS="525" VPOS="2110" WIDTH="69" HEIGHT="22" WC="0.93" CONTENT="var"/><SP WIDTH="40" VPOS="2110" HPOS="594"/>
							<String ID="string_398" HPOS="634" VPOS="2098" WIDTH="436" HEIGHT="42" WC="0.90" CONTENT="sjunkningsprocenten"/><SP WIDTH="29" VPOS="2098" HPOS="1070"/>
							<String ID="string_399" HPOS="1099" VPOS="2096" WIDTH="49" HEIGHT="34" WC="0.96" CONTENT="då"/><SP WIDTH="27" VPOS="2096" HPOS="1148"/>
							<String ID="string_400" HPOS="1175" VPOS="2096" WIDTH="149" HEIGHT="34" WC="0.96" CONTENT="ändock"/><SP WIDTH="28" VPOS="2096" HPOS="1324"/>
							<String ID="string_401" HPOS="1352" VPOS="2096" WIDTH="85" HEIGHT="43" WC="0.92" CONTENT="hög."/><SP WIDTH="54" VPOS="2096" HPOS="1437"/>
							<String ID="string_402" HPOS="1491" VPOS="2095" WIDTH="70" HEIGHT="34" WC="0.94" CONTENT="Att"/><SP WIDTH="27" VPOS="2095" HPOS="1561"/>
							<String ID="string_403" HPOS="1588" VPOS="2095" WIDTH="132" HEIGHT="34" WC="0.95" CONTENT="märka"/><SP WIDTH="28" VPOS="2095" HPOS="1720"/>
							<String ID="string_404" HPOS="1748" VPOS="2097" WIDTH="53" HEIGHT="40" WC="0.96" CONTENT="är,"/><SP WIDTH="29" VPOS="2097" HPOS="1801"/>
							<String ID="string_405" HPOS="1830" VPOS="2096" WIDTH="57" HEIGHT="32" WC="0.96" CONTENT="att"/><SP WIDTH="25" VPOS="2096" HPOS="1887"/>
							<String ID="string_406" HPOS="1912" VPOS="2094" WIDTH="118" HEIGHT="43" WC="0.96" CONTENT="virke,"/>
						</TextLine>
						<TextLine ID="line_39" HPOS="405" VPOS="2145" WIDTH="1624" HEIGHT="46">
							<String ID="string_407" HPOS="405" VPOS="2161" WIDTH="80" HEIGHT="23" WC="0.95" CONTENT="som"/><SP WIDTH="40" VPOS="2161" HPOS="485"/>
							<String ID="string_408" HPOS="525" VPOS="2149" WIDTH="102" HEIGHT="42" WC="0.91" CONTENT="legat"/><SP WIDTH="40" VPOS="2149" HPOS="627"/>
							<String ID="string_409" HPOS="667" VPOS="2148" WIDTH="156" HEIGHT="43" WC="0.91" CONTENT="sjunket"/><SP WIDTH="38" VPOS="2148" HPOS="823"/>
							<String ID="string_410" HPOS="861" VPOS="2150" WIDTH="97" HEIGHT="31" WC="0.96" CONTENT="även"/><SP WIDTH="41" VPOS="2150" HPOS="958"/>
							<String ID="string_411" HPOS="999" VPOS="2147" WIDTH="121" HEIGHT="33" WC="0.96" CONTENT="under"/><SP WIDTH="27" VPOS="2147" HPOS="1120"/>
							<String ID="string_412" HPOS="1147" VPOS="2157" WIDTH="47" HEIGHT="23" WC="0.96" CONTENT="en"/><SP WIDTH="28" VPOS="2157" HPOS="1194"/>
							<String ID="string_413" HPOS="1222" VPOS="2146" WIDTH="150" HEIGHT="44" WC="0.96" CONTENT="mycket"/><SP WIDTH="26" VPOS="2146" HPOS="1372"/>
							<String ID="string_414" HPOS="1398" VPOS="2146" WIDTH="91" HEIGHT="43" WC="0.96" CONTENT="lång"/><SP WIDTH="26" VPOS="2146" HPOS="1489"/>
							<String ID="string_415" HPOS="1515" VPOS="2146" WIDTH="67" HEIGHT="42" WC="0.95" CONTENT="tid,"/><SP WIDTH="30" VPOS="2146" HPOS="1582"/>
							<String ID="string_416" HPOS="1612" VPOS="2148" WIDTH="42" HEIGHT="31" WC="0.96" CONTENT="är"/><SP WIDTH="28" VPOS="2148" HPOS="1654"/>
							<String ID="string_417" HPOS="1682" VPOS="2157" WIDTH="49" HEIGHT="22" WC="0.96" CONTENT="av"/><SP WIDTH="27" VPOS="2157" HPOS="1731"/>
							<String ID="string_418" HPOS="1758" VPOS="2145" WIDTH="73" HEIGHT="43" WC="0.95" CONTENT="god"/><SP WIDTH="29" VPOS="2145" HPOS="1831"/>
							<String ID="string_419" HPOS="1860" VPOS="2145" WIDTH="169" HEIGHT="42" WC="0.96" CONTENT="kvalitet,"/>
						</TextLine>
					</TextBlock>
				</ComposedBlock>
			</PrintSpace>
		</Page>
	</Layout>
</alto>
