2226 2624
445 155 40 30 48
871 150 116 30 Andra
1011 148 213 41 lagutskottets
1247 146 163 30 utlåtande
1434 145 53 30 Nr
1510 145 49 30 15.

402 245 80 44 ligt,
524 246 57 31 att
609 240 178 43 samtliga
814 237 195 43 flottande,
1039 248 60 23 om
1128 239 48 32 än
1205 236 13 33 i
1246 235 101 34 olika
1374 233 105 44 grad,
1508 232 186 35 beroende
1722 232 50 44 på
1800 231 140 43 skäligt
1967 241 65 23 av-

401 293 186 44 vägande,
618 291 39 34 få
686 290 154 43 deltaga
866 290 12 33 i
907 286 420 45 sorteringsutgifterna
1353 284 65 34 vid
1445 283 109 43 varje
1575 282 234 43 skiljeställe.
1838 281 195 36 Utskottet

403 355 111 23 anser
542 343 58 43 sig
628 341 131 35 därför
785 340 81 34 icke
894 340 131 33 kunna
1052 337 191 43 tillstyrka
1272 334 217 44 antagande
1510 345 47 23 av
1575 333 144 43 Kungl.
1739 332 131 43 Maj:ts
1889 332 145 41 förslag

402 395 12 33 i
444 394 125 34 denna
598 392 60 34 del
687 390 231 35 oförändrat.

538 443 109 34 Huru
676 442 46 34 de
751 440 138 44 syften,
917 440 104 33 vilka
1049 438 184 34 utskottet
1260 435 162 36 sålunda
1450 446 111 23 anser
1584 434 58 44 sig
1660 434 92 33 böra
1771 432 262 42 understödja,

405 496 104 34 skola
537 493 49 44 på
614 492 312 44 lagstiftningens
954 493 75 40 väg
1056 489 206 43 lämpligen
1292 487 129 33 kunna
1450 484 161 44 uppnås,
1633 484 132 34 därom
1785 483 129 33 kunna
1934 482 101 34 olika

406 546 198 42 meningar
643 542 105 35 råda.
804 541 281 34 Motionärerna
1113 539 101 33 hava
1241 549 69 22 var
1337 537 59 34 för
1424 536 57 43 sig
1509 535 196 43 föreslagit
1733 533 100 35 olika
1860 536 173 40 utvägar.

406 596 153 34 Således
600 595 71 33 har
699 594 86 33 herr
812 591 172 35 Gezelius
1012 590 204 41 hemställt,
1246 591 56 31 att
1329 598 88 23 man
1445 587 12 33 i
1486 586 73 34 den
1587 596 76 32 nya
1695 585 111 42 lagen
1835 583 117 35 måtte
1981 583 54 33 bi-

405 646 149 35 behålla
582 643 214 36 skillnaden
825 643 138 33 mellan
993 650 283 35 gemensamma
1304 639 69 33 och
1402 637 173 34 enskilda
1602 635 261 43 skiljeställen,
1889 634 70 34 och
1981 636 56 32 att

407 697 98 34 olika
534 695 167 45 grunder
729 694 118 34 skulle
876 693 101 43 gälla
1004 691 60 35 för
1082 688 484 44 sorteringskostnadernas
1585 685 223 36 fördelande
1826 684 65 34 vid
1912 684 122 35 dessa.

407 747 133 35 Såsom
568 747 236 43 gemensamt
831 743 120 34 skulle
979 742 185 34 förklaras
1184 739 139 35 sådant
1342 738 234 43 skiljeställe,
1597 748 80 23 som
1697 746 90 24 vore
1808 747 47 22 av
1873 735 164 34 särskild

408 797 192 43 betydelse
628 796 60 34 för
716 797 126 32 ortens
871 792 317 44 skogshantering
1216 791 90 33 eller
1330 789 68 34 där
1417 800 46 22 en
1484 787 186 35 avsevärd
1690 786 231 42 utsortering
1939 785 98 43 ägde

407 860 95 22 rum.
569 847 143 33 Herrar
751 845 190 34 Aarnseth
983 843 69 34 och
1086 842 183 33 Eriksson
1298 841 12 32 i
1339 838 262 44 Grängesberg
1628 838 100 33 hava
1756 836 79 34 åter
1862 835 175 44 påyrkat,

408 902 56 31 att
504 897 218 44 grunderna
750 896 59 34 för
836 892 484 44 sorteringskostnadernas
1348 889 222 35 fördelande
1598 887 118 35 måtte
1744 887 211 34 fastställas
1984 885 53 42 så,

409 952 55 32 att
490 947 212 35 kostnaden
731 946 59 34 för
817 944 328 45 grovsorteringen
1173 941 215 35 fördelades
1416 939 50 44 på
1494 940 68 33 allt
1588 937 191 44 flottgods,
1810 948 79 23 som
1913 936 125 34 flotta-

409 1000 65 34 des
492 999 58 34 till
570 999 90 33 eler
678 997 98 35 förbi
796 999 54 31 ett
869 995 233 43 skiljeställe,
1123 993 122 34 under
1264 992 64 34 det
1347 994 55 31 att
1421 987 475 46 finsorteringskostnaden
1917 987 121 34 skulle

410 1053 148 32 ensamt
585 1049 145 34 drabba
758 1048 63 33 det
848 1047 116 40 virke,
994 1056 80 23 som
1102 1043 188 43 utskiljes.

543 1098 215 44 Ingendera
799 1108 47 22 av
887 1096 112 34 dessa
1039 1097 161 40 utvägar
1241 1104 112 23 anser
1380 1092 58 43 sig
1466 1092 183 33 utskottet
1677 1090 131 33 kunna
1835 1088 203 43 tillstyrka.

411 1152 67 33 Att
506 1151 12 33 i
545 1151 64 41 lag
636 1148 201 44 uppdraga
865 1157 45 23 en
940 1145 254 43 allmängiltig
1221 1146 114 41 gräns
1363 1142 59 34 för
1449 1140 255 35 åtskillnaden
1730 1139 138 34 mellan
1889 1149 151 32 gemen-

412 1211 145 24 samma
598 1199 70 34 och
710 1197 172 35 enskilda
915 1195 251 43 skiljeställen
1196 1204 113 33 synes
1336 1203 94 24 vara
1458 1191 243 44 synnerligen
1730 1188 114 35 svårt.
1898 1189 75 33 Det
2001 1191 41 31 är

412 1255 96 31 även
551 1252 56 32 att
642 1249 144 42 märka,
829 1250 56 32 att
925 1245 293 35 förhållandena
1258 1244 65 33 vid
1363 1242 108 43 varje
1513 1241 223 43 skiljeställe
1764 1240 129 33 kunna
1920 1238 123 35 under

412 1302 100 35 olika
552 1300 99 35 tider
691 1298 187 44 betydligt
917 1297 125 41 växla,
1072 1296 69 34 och
1183 1298 56 31 att
1267 1297 54 31 ett
1340 1293 235 43 skiljeställe,
1605 1302 79 23 som
1712 1290 66 34 vid
1806 1301 46 23 en
1879 1290 79 33 viss
1986 1289 56 34 tid

412 1353 115 33 borde
555 1362 111 23 anses
695 1361 80 22 som
803 1350 245 42 gemensamt,
1078 1346 145 44 ganska
1252 1347 106 32 snart
1385 1344 74 33 kan
1488 1341 218 44 nedsjunka
1732 1341 13 33 i
1772 1340 194 43 betydelse
1985 1339 60 34 för

414 1406 117 38 orten,
562 1401 41 34 så
631 1403 57 32 att
715 1400 66 34 det
807 1399 66 34 bör
900 1398 204 34 betecknas
1132 1396 125 34 såsom
1287 1395 148 34 enskilt.
1490 1393 86 34 Vad
1604 1392 81 34 åter
1713 1391 120 43 angår
1860 1390 184 43 förslaget

415 1455 57 32 att
499 1456 91 40 göra
617 1449 207 36 åtskillnad
852 1449 140 34 mellan
1021 1447 146 35 sådana
1195 1443 423 45 sorteringskostnader,
1648 1453 81 23 som
1757 1440 218 35 föranledas
1996 1452 49 22 av

415 1502 330 45 grovsorteringen
774 1500 22 34 å
825 1510 70 23 ena
924 1501 99 32 samt
1051 1509 48 22 av
1125 1496 294 43 finsorteringen
1439 1495 22 33 å
1481 1493 119 35 andra
1620 1492 123 42 sidan,
1765 1493 72 32 kan
1859 1491 186 34 utskottet

416 1557 103 31 ännu
547 1552 148 34 mindre
723 1550 166 44 godtaga
919 1560 46 22 en
986 1548 118 34 sådan
1124 1547 162 42 lösning.
1328 1546 112 33 Först
1460 1545 69 33 och
1548 1543 137 34 främst
1703 1542 107 34 torde
1831 1542 73 42 det,
1926 1541 120 43 enligt

415 1604 75 34 vad
519 1603 186 34 utskottet
732 1600 84 34 från
845 1599 234 43 sakkunnigt
1106 1597 78 34 håll
1211 1597 203 41 inhämtat,
1442 1605 94 23 vara
1560 1593 163 44 ogörligt
1742 1595 56 31 att
1818 1603 66 23 ens
1903 1592 144 33 tillnär-

416 1655 174 34 melsevis
633 1655 153 40 avgöra,
828 1651 98 32 huru
955 1652 79 31 stor
1061 1648 60 34 del
1150 1658 47 23 av
1226 1643 421 45 sorteringskostnaden
1675 1643 75 33 kan
1780 1642 181 34 hänföras
1989 1642 58 33 till

417 1704 342 45 grovsorteringen,
800 1704 41 39 ty
869 1700 86 34 med
985 1700 45 33 de
1057 1697 223 36 invecklade
1309 1698 215 41 apparater,
1554 1706 79 22 som
1661 1704 157 23 numera
1848 1692 199 34 användas

416 1755 64 34 vid
510 1754 175 43 skiljena,
715 1751 118 45 pågår
861 1751 146 34 arbetet
1034 1749 87 34 med
1149 1748 106 34 såväl
1284 1746 282 44 grovsortering
1593 1756 80 23 som
1702 1743 242 43 finsortering
1962 1743 13 33 i
1995 1745 53 31 ett

419 1805 289 42 sammanhang.
776 1801 140 35 Vidare
949 1800 108 35 torde
1086 1811 45 22 en
1161 1798 121 34 sådan
1309 1797 151 43 lösning
1487 1796 130 33 kunna
1644 1795 104 33 bliva
1777 1794 156 34 orättvis
1962 1793 12 33 i
2003 1792 45 34 de

418 1856 33 43 ej
496 1855 41 34 så
577 1855 123 34 sällan
741 1851 309 36 förekommande
1090 1850 80 41 fall,
1201 1849 48 34 då
1278 1848 135 34 endast
1441 1849 53 32 ett
1521 1845 256 35 virkesmärke
1805 1846 151 41 uttages
1984 1842 65 35 vid

420 1906 242 43 skiljestället
703 1904 70 33 och
814 1902 49 35 då
890 1901 163 35 sålunda
1081 1901 50 33 all
1160 1897 373 44 sorteringskostnad
1560 1896 64 34 vid
1653 1895 243 43 skiljestället
1923 1896 43 31 är
1994 1896 56 32 att

420 1968 90 23 anse
539 1955 124 35 såsom
691 1953 164 35 kostnad
882 1953 60 34 för
970 1950 292 45 grovsortering.

554 2005 131 36 Under
729 2004 204 34 utskottets
979 2001 234 43 behandling
1258 2011 48 22 av
1350 1997 250 36 förevarande
1629 1995 184 45 paragraf
1838 1996 69 33 har
1935 1994 114 34 tanke

421 2058 131 34 väckts
584 2056 51 43 på
668 2067 46 23 en
743 2054 119 35 sådan
892 2053 224 42 anordning,
1147 2054 57 31 att
1231 2049 258 35 kostnaderna
1517 2048 59 34 för
1602 2046 356 44 sorteringsarbetet
1985 2044 64 34 vid

422 2109 75 33 alla
525 2106 250 43 skiljeställen
803 2105 13 33 i
844 2107 54 31 ett
925 2102 230 43 vattendrag
1183 2101 122 34 skulle
1334 2098 252 36 sammanslås
1606 2098 70 34 och
1701 2096 165 35 därefter
1884 2095 167 34 fördelas

422 2159 77 33 lika
526 2157 49 44 på
604 2158 68 33 allt
699 2156 116 41 virke,
847 2166 79 23 som
956 2153 197 35 därstädes
1180 2151 242 34 framflottas.
1478 2149 172 34 Svenska
1669 2145 383 45 flottningschefsför-

423 2209 162 43 eningen
628 2208 70 33 har
738 2207 11 33 i
791 2217 45 23 en
878 2205 56 34 till
976 2204 185 34 utskottet
1188 2202 154 43 ingiven
1372 2200 179 35 skrivelse
1579 2199 196 41 förklarat,
1806 2199 56 32 att
1890 2192 164 52 tekniska
