2210 2628
656 138 113 29 Andra
794 136 208 42 lagutskottets
1027 138 161 30 utlåtande
1211 138 53 30 Nr
1288 140 47 29 18.
1721 142 55 28 161

363 227 141 41 (Kungl.
529 227 122 43 Maj:ts
673 227 152 43 förslag.)

208 320 123 31 slutets
354 320 74 41 dag.
474 319 219 33 Försummas
718 320 65 38 det,
807 331 80 21 vare
910 323 72 29 rätt

208 362 58 30 till
290 362 238 31 klandertalan
558 366 69 27 mot
653 362 146 32 beslutet
822 363 157 31 förlorad.

271 403 73 32 Vill
368 405 164 41 styrelsen
551 404 258 41 anhängiggöra
827 405 152 31 klander-

206 445 103 38 talan,
334 457 78 20 vare
435 446 58 40 lag
516 457 70 20 som
603 446 11 30 i
632 448 39 29 46
689 450 17 35 &
724 446 105 31 andra
846 447 135 40 stycket

207 492 92 36 sägs;
317 487 82 31 dock
418 488 89 30 skall
523 487 186 42 styrelsens
727 490 71 28 rätt
814 488 57 30 till
887 489 93 30 talan

207 539 96 21 anses
328 528 154 39 bevarad,
517 539 51 20 om
593 529 60 31 den
680 529 62 30 där
765 529 216 31 omrförmälda

206 570 349 42 flottningsstämman
591 570 103 31 blivit
727 570 90 31 inom
851 582 84 20 ovan
969 571 12 30 i

208 612 108 31 denna
349 613 165 41 paragraf
543 612 144 42 stadgad
723 613 50 31 tid
799 613 107 42 utlyst
929 615 51 30 att

208 654 111 31 hällas
343 660 37 26 så
404 659 94 27 snart
521 655 57 31 det
602 655 75 31 med
700 655 222 42 iakttagande
938 666 42 21 av

207 696 209 32 föreskriven
440 696 193 33 kallelsetid
659 698 63 31 kan
749 697 67 32 ske.

272 739 75 31 Har
390 739 241 32 klandertalan
681 739 297 42 anhängiggjorts,

207 786 61 36 äge
292 781 194 38 domstolen,
511 787 60 26 när
587 781 76 31 skäl
680 781 120 31 därtill
817 782 160 31 förekom-

208 834 77 27 mer,
320 826 62 35 att,
413 824 103 30 innan
540 824 139 41 slutligt
703 824 116 40 utslag
843 824 10 30 i
879 824 101 31 målet

207 864 180 39 meddelas,
422 864 167 37 förordna,
625 869 55 27 att
714 865 186 31 klandrade
926 866 52 31 be-

207 906 107 32 slutet
336 906 29 43 ej
391 908 54 30 må
467 907 215 31 verkställas.

270 949 168 31 Domstols
452 949 125 42 utslag,
587 949 195 42 varigenom
796 949 183 42 förenings-

207 991 112 32 beslut
341 991 171 43 upphävts
529 992 83 31 eller
628 992 148 37 ändrats,
794 992 87 41 gälle
895 991 84 42 jäm-

207 1034 56 31 väl
299 1036 50 29 för
383 1034 81 39 dem,
499 1045 69 21 som
603 1033 29 42 ej
661 1034 143 32 instämt
826 1034 152 32 klander-

1251 228 197 42 (Utskottets
1469 229 153 41 förslag.)

1050 321 122 32 slutets
1196 321 75 43 dag.
1318 322 216 32 Försummas
1558 323 65 37 det,
1649 335 79 20 vare
1752 327 71 29 rätt

1050 363 56 31 till
1131 363 237 33 klandertalan
1403 368 68 28 mot
1495 365 144 32 beslutet
1662 366 159 32 förlorad.

1094 405 72 32 Vill
1190 406 168 42 styrelsen
1387 407 256 41 anhängiggöra
1671 407 150 32 klander-

1051 447 105 38 talan,
1181 458 80 21 vare
1287 448 54 41 lag
1358 459 71 20 som
1448 449 9 30 i
1474 450 39 29 46
1531 455 17 32 &
1566 450 107 30 andra
1689 451 134 40 stycket

1051 493 92 36 sägs;
1160 489 84 31 dock
1261 490 90 30 skall
1368 490 185 41 styrelsens
1571 494 73 28 rätt
1660 491 55 31 till
1729 491 93 31 talan

1051 540 95 20 anses
1170 530 159 39 bevarad,
1358 542 51 20 om
1433 531 62 32 den
1519 532 60 31 där
1602 533 220 31 omförmälda

1050 571 347 42 flottningsstämman
1434 573 100 31 blivit
1567 576 89 29 inom
1692 586 84 20 ovan
1812 575 11 30 i

1050 613 109 32 denna
1191 615 168 42 paragraf
1390 615 146 42 stadgad
1560 616 51 31 tid
1635 616 114 42 utlyst
1773 619 50 29 att

1050 656 111 31 hållas
1184 658 38 30 så
1245 659 95 29 snart
1363 657 57 32 det
1444 658 70 31 med
1539 657 225 42 iakttagande
1781 669 41 21 av

1050 698 211 32 föreskriven
1286 699 195 32 kallelsetid
1504 700 66 31 kan
1595 701 66 31 ske.

1112 740 74 32 Har
1235 741 240 32 klandertalan
1530 742 291 43 anhängiggjorts,

1049 787 61 37 äge
1133 782 198 40 domstolen,
1355 789 61 26 när
1432 784 74 31 skäl
1525 784 117 31 därtill
1661 786 161 30 förekom-

1049 835 78 27 mer,
1163 828 63 34 att,
1261 828 103 28 innan
1389 826 136 41 slutligt
1551 826 86 32 utslag
1687 828 12 30 i
1724 829 99 30 mälet

1049 866 179 39 meddelas,
1263 867 167 38 förordna,
1465 871 55 27 att
1554 838 188 62 klandrade
1772 869 49 32 be-

1049 908 106 31 slutet
1178 909 28 40 ej
1233 909 53 31 må
1308 909 211 32 verkställas.

1112 950 172 32 Domstols
1299 952 122 40 utslag,
1430 952 194 41 varigenom
1636 952 185 42 förenings-

1051 992 111 32 beslut
1177 993 174 42 upphävts
1368 994 82 31 eller
1467 996 147 36 ändrats,
1632 995 91 41 gälle
1737 995 84 41 jäm-

1049 1034 58 32 väl
1140 1035 53 32 för
1227 1036 83 39 dem,
1345 1047 69 21 som
1448 1036 29 43 ej
1503 1037 143 31 instämt
1669 1037 154 32 klander-

206 1076 104 31 talan.
1050 1077 103 32 talan.

970 1171 39 31 62
1033 1172 27 38 8.

342 1227 118 33 Menar
494 1228 173 38 flottande,
703 1231 55 29 att
792 1239 117 31 genom
942 1229 213 42 föreningens
1191 1230 111 32 beslut
1329 1241 51 21 om
1405 1230 199 33 kostnaders
1627 1233 196 41 uttaxering

211 1269 202 43 flottningen
450 1270 151 42 oskäligt
637 1271 164 40 betungas
836 1271 81 31 eller
950 1275 51 27 att
1038 1273 104 40 något
1177 1272 52 31 för
1253 1273 194 41 föreningen
1473 1274 108 31 fattat
1604 1275 111 31 beslut
1741 1275 83 31 eller

211 1312 119 32 träffat
363 1312 95 32 avtal
492 1324 52 20 om
574 1312 122 32 arvode
720 1314 35 30 åt
778 1312 295 43 styrelseledamot
1096 1313 83 32 eller
1201 1315 132 31 revisor
1356 1316 81 30 eller
1459 1327 51 20 om
1543 1316 279 42 flottningschefts,

213 1365 111 21 annan
356 1355 227 41 tjänstemans
615 1354 83 32 eller
724 1355 170 31 arbetares
921 1356 213 31 anställande
1160 1356 82 32 eller
1268 1368 49 20 om
1347 1357 143 31 sålunda
1514 1358 148 32 anställd
1687 1370 136 31 persons

211 1396 350 42 avlöningsförmåner
578 1397 84 31 eller
678 1408 50 20 om
748 1398 147 41 pension,
913 1397 211 43 olycksfalls-
1142 1397 82 33 eller
1239 1398 357 42 sjukdomsunderstöd
1614 1400 80 32 eller
1710 1401 114 42 dylikt

210 1440 37 30 åt
271 1439 119 31 honom
425 1439 83 32 eller
541 1439 83 32 hans
648 1439 165 41 anhöriga
837 1444 38 27 är
896 1440 182 41 oförenligt
1100 1440 74 32 med
1212 1440 195 33 flottledens
1435 1442 143 32 intresse
1602 1443 82 31 eller
1707 1443 117 32 länder

208 1481 57 31 till
299 1482 195 41 uppenbart
529 1493 75 20 men
637 1482 52 31 för
713 1481 40 32 de
776 1482 174 38 flottande,
974 1488 61 36 äge
1052 1485 51 29 att
1120 1483 206 32 därutinnan
1343 1484 82 32 söka
1448 1485 141 32 rättelse
1612 1485 59 32 hos
1695 1485 126 42 Kungl.

210 1523 115 42 Maj:ts
350 1524 372 42 befallningshavande.

342 1565 187 34 Förmenar
562 1566 178 39 flottande,
769 1569 52 29 att
850 1577 120 32 genom
993 1567 105 41 något
1120 1567 106 32 under
1247 1567 147 42 tidigare
1418 1569 37 31 år
1477 1568 106 33 fattat
1606 1569 113 32 beslut
1741 1570 82 32 eller

207 1608 120 31 träffat
352 1608 94 32 avtal
470 1609 19 31 å
512 1609 205 41 flottningen
741 1610 106 30 under
870 1609 56 31 det
949 1610 48 38 år,
1021 1609 66 32 han
1116 1610 74 31 däri
1215 1610 164 42 deltager,
1404 1611 92 41 lagts
1519 1612 155 38 kostnad,
1699 1624 66 20 som
1792 1612 28 43 ej

209 1650 60 32 bör
292 1650 119 42 gäldas
435 1661 42 21 av
501 1651 56 32 det
579 1652 89 30 årets
685 1651 164 32 flottande
867 1651 81 32 eller
969 1662 68 21 som
1055 1657 38 26 är
1109 1652 191 43 uppenbart
1321 1653 143 42 oskälig,
1482 1659 61 36 äge
1560 1654 164 32 likaledes
1741 1655 82 32 söka

209 1693 140 31 rättelse
379 1693 57 32 hos
460 1693 130 42 Kungl.
619 1693 118 43 Maj:ts
761 1693 374 42 befallningshavande,
1159 1705 80 28 som,
1264 1700 60 26 när
1347 1696 77 31 skäl
1446 1696 123 31 därtill
1591 1697 117 38 finnes,
1743 1702 88 27 äger:

208 1734 195 40 bestämma,
439 1738 53 29 att
526 1736 186 31 kostnaden
747 1735 88 32 skall
871 1735 72 32 helt
967 1736 86 32 eller
1081 1736 109 32 delvis
1214 1737 167 32 bestridas
1405 1749 41 21 av
1471 1738 40 32 de
1534 1738 161 33 flottande
1717 1750 106 21 under

209 1777 57 32 det
289 1780 47 36 är,
362 1778 169 32 varunder
555 1778 147 31 beslutet
725 1778 121 31 fattats
870 1778 79 32 eller
972 1779 130 31 avtalet
1125 1779 147 32 träffats.

344 1819 189 33 Huruledes
567 1821 12 30 i
614 1822 87 29 visst
734 1820 64 31 fall
833 1820 112 31 beslut
982 1821 83 31 eller
1098 1822 96 31 avtal
1228 1821 66 32 kan
1328 1823 44 41 på
1399 1821 145 33 förhand
1567 1823 103 32 vinna
1693 1823 128 42 Kungl.

209 1861 115 43 Maj:ts
348 1862 383 42 befallningshavandes
755 1862 225 40 stadfästelse,
1005 1862 114 33 därom
1143 1863 85 33 skils
1251 1864 12 31 i
1287 1866 38 30 27
1350 1866 29 38 8.

852 1964 57 32 Om
934 1964 79 41 laga
1037 1964 148 33 domstol.

969 2042 39 31 63
1032 2044 28 38 8.

343 2099 355 43 Flottningsförening
730 2111 78 21 vare
842 2101 53 30 uti
928 2100 40 32 de
991 2101 76 38 mål,
1091 2101 53 32 för
1166 2101 95 32 vilka
1284 2102 28 42 ej
1338 2102 212 33 annorlunda
1573 2114 118 31 genom
1715 2104 108 33 denna

211 2142 81 32 eller
325 2153 112 21 annan
470 2143 59 42 lag
555 2143 150 41 stadgas,
729 2143 149 42 lydande
901 2143 105 32 under
1029 2143 128 32 allmän
1181 2145 181 31 underrätt
1384 2146 12 30 i
1420 2144 62 33 den
1505 2149 62 36 ort,
1592 2146 62 32 där
1678 2147 143 31 förenin-

210 2195 80 31 gens
314 2184 143 43 styrelse
481 2186 107 41 enligt
611 2186 221 41 reglementet
853 2184 62 33 har
938 2186 64 31 sitt
1025 2190 80 27 säte.

345 2245 128 42 Bihang
497 2245 48 31 till
568 2246 183 41 riksdagens
773 2245 153 42 protokoll
949 2246 91 30 1919.
1086 2247 20 30 9
1128 2246 89 31 saml.
1251 2248 21 29 2
1295 2248 67 30 avd.
1400 2248 38 30 14
1451 2247 77 40 häft.
1553 2248 68 38 (Nr
1644 2250 63 36 18)
1741 2250 37 30 21
