1880 2778
295 174 18 29 4
632 179 314 32 Bankoutskottets
969 183 177 31 utlåtande
1167 194 43 20 nr
1231 186 40 29 24
1293 186 39 30 år
1354 187 82 30 1961

294 254 63 30 bör
374 264 76 20 som
470 256 123 31 hittills
612 267 80 21 avse
711 261 47 28 ett
777 260 48 30 år.
844 261 177 31 Utskottet
1039 262 64 30 har
1122 264 108 30 heller
1248 266 75 29 icke
1342 266 116 40 någon
1477 268 140 30 erinran
1636 273 73 27 mot
1728 273 50 27 att

295 307 252 32 förordnandet
579 311 88 30 skall
699 312 149 31 omfatta
880 323 135 22 samma
1045 316 136 39 lagrum
1213 318 10 29 i
1254 319 221 40 valutalagen
1508 330 74 20 som
1614 322 55 30 för
1700 324 78 29 när-

294 362 162 33 varande,
475 363 106 30 vilket
599 364 315 32 överensstämmer
931 369 79 29 med
1027 370 65 29 vad
1110 370 341 42 bankofullmäktige
1470 373 166 32 förordat.

337 414 234 41 Fullmäktige
595 417 11 29 i
630 418 214 31 riksbanken
869 420 148 31 föreslår
1041 423 86 29 även
1152 425 50 28 att
1226 424 372 42 valutaförordningen
1623 428 154 31 förlänas

294 466 142 31 fortsatt
464 469 156 39 giltighet
648 471 10 29 i
687 471 280 41 huvudsakligen
995 475 204 31 oförändrat
1228 478 108 29 skick.
1365 479 13 28 I
1407 481 49 28 ett
1483 480 198 31 hänseende
1709 481 69 30 för-

293 520 103 30 ordas
420 521 89 30 dock
532 523 148 40 ändring
702 525 11 29 i
737 524 260 42 förordningen.
1021 528 122 30 Denna
1166 539 42 20 av
1231 530 385 39 departementschefen
1639 535 66 29 och
1728 544 50 20 re-

293 573 311 32 missinstanserna
621 577 191 39 tillstyrkta
829 580 150 39 ändring
994 581 145 30 innebär
1157 585 50 27 att
1225 583 65 30 den
1308 584 177 39 tidpunkt,
1504 586 79 30 från
1600 587 117 30 vilken
1734 597 41 20 en

294 627 185 40 utlänning
494 629 87 30 skall
597 630 45 29 ha
657 630 77 31 haft
749 631 69 30 fast
832 632 125 31 bostad
972 634 10 29 i
998 635 136 39 Sverige
1149 635 55 30 för
1219 639 50 27 att
1284 637 107 39 enligt
1405 639 372 41 valutaförordningen

291 679 198 39 jämställas
509 683 78 29 med
606 683 64 29 här
688 684 114 31 bosatt
823 687 127 29 svensk
971 688 234 40 medborgare,
1226 690 88 29 skall
1335 690 217 41 framflyttas
1573 692 79 31 från
1672 694 66 29 den
1761 695 13 28 1

291 733 142 38 januari
465 735 80 30 1957
575 736 52 29 till
657 737 65 29 den
753 739 13 28 1
796 738 144 39 januari
971 741 92 29 1959.
1093 742 175 30 Utskottet
1296 744 64 28 har
1388 744 77 30 icke
1493 746 114 39 någon
1636 747 140 29 erinran

293 786 168 31 häremot.

336 840 65 29 Vid
423 840 207 41 föregående
652 843 56 30 års
729 844 143 41 riksdag
892 845 90 31 hade
1004 848 179 34 utskottet,
1212 849 3 29 i
1238 849 170 31 samband
1430 852 78 29 med
1531 852 53 29 sin
1606 853 170 40 prövning

292 902 41 20 av
351 893 125 40 frågan
494 904 56 20 om
569 895 142 31 fortsatt
728 897 301 42 valutareglering,
1050 909 90 31 uppe
1158 902 52 29 till
1229 902 212 41 behandling
1459 904 93 30 vissa
1570 906 205 30 motionsvis

291 945 197 32 framförda
520 948 130 40 förslag
683 959 56 20 om
771 953 50 28 att
854 961 43 20 en
929 953 187 40 utredning
1148 955 147 30 rörande
1327 956 337 41 valutaregleringen
1699 969 77 20 sna-

292 1002 71 27 rast
381 1000 107 30 borde
506 1001 142 31 komma
666 1003 51 29 till
736 1004 113 30 stånd.
869 1005 13 29 I
901 1006 187 40 anledning
1107 1007 108 30 därav
1233 1008 186 31 förordade
1437 1011 171 30 utskottet
1626 1012 11 29 i
1657 1013 59 29 sitt
1734 1022 42 20 av

291 1052 188 40 riksdagen
496 1055 184 38 godkända
699 1057 179 30 utlåtande
896 1068 42 19 nr
956 1059 149 35 22/1960,
1126 1063 70 27 »att
1214 1061 125 40 Kungl.
1358 1063 106 39 Maj:t
1483 1067 138 27 snarast
1638 1065 138 39 möjligt

291 1106 163 30 tillsätter
472 1116 42 20 en
534 1108 324 41 förutsättningslös
879 1112 186 40 utredning
1084 1114 79 29 med
1183 1114 138 40 uppgift
1340 1117 51 28 att
1411 1116 181 40 kartlägga
1611 1114 165 48 betingel-

291 1168 102 20 serna
416 1160 55 29 för
493 1170 42 20 en
558 1163 214 39 anpassning
795 1173 42 20 av
860 1164 67 30 den
951 1166 148 30 svenska
1120 1167 338 41 valutaregleringen
1481 1170 52 29 till
1557 1170 41 29 de
1621 1171 154 30 ändrade

290 1212 283 32 internationella
589 1214 300 33 förhållandena».
907 1218 74 30 Den
998 1219 149 39 begärda
1165 1221 231 39 utredningen
1414 1222 64 29 har
1496 1223 196 30 sedermera
1708 1224 66 30 till-

290 1267 97 28 satts.
412 1266 13 29 I
450 1267 194 30 direktiven
668 1268 55 30 för
747 1270 232 40 utredningen
1004 1271 203 32 förutsättes
1231 1274 111 29 behov
1366 1274 168 41 föreligga
1558 1286 43 20 av
1624 1286 42 20 en
1690 1277 85 30 fort-

290 1320 68 28 satt
376 1320 293 41 valutareglering
687 1322 10 29 i
717 1322 98 40 fråga
834 1332 57 21 om
910 1325 363 41 kapitalbetalningar,
1291 1327 174 39 varjämte
1484 1346 43 4 —
1545 1329 52 30 till
1617 1329 158 31 förhind-

289 1372 107 30 rande
420 1382 42 20 av
485 1374 178 30 missbruk
685 1393 44 4 —
751 1376 222 40 möjligheter
996 1387 100 21 anses
1120 1379 85 30 böra
1228 1380 117 30 finnas
1369 1381 53 29 till
1446 1381 152 31 kontroll
1623 1383 86 29 även
1732 1393 42 20 av

289 1425 132 30 sådana
443 1426 219 41 betalningar
685 1437 74 21 som
782 1429 11 29 i
816 1430 66 29 och
906 1430 54 30 för
984 1431 50 40 sig
1056 1432 30 39 ej
1113 1432 38 29 är
1174 1433 260 31 underkastade
1458 1435 111 39 saklig
1592 1436 180 40 reglering.

288 1478 238 41 Utredningen
547 1481 38 28 är
605 1482 191 30 emellertid
818 1483 108 39 enligt
947 1484 193 30 direktiven
1161 1485 231 31 oförhindrad
1413 1490 50 27 att
1484 1489 85 28 även
1591 1490 182 39 analysera

287 1532 260 39 verkningarna
575 1534 111 29 under
714 1535 92 30 olika
835 1536 295 41 förutsättningar
1158 1548 42 20 av
1228 1541 50 28 att
1305 1540 338 41 valutaregleringen
1672 1543 101 29 totalt

289 1585 181 30 avskaffas
485 1586 82 30 eller
582 1588 215 39 uppmjukas
812 1589 10 29 i
838 1590 153 39 enlighet
1005 1591 78 30 med
1097 1591 94 30 vissa
1205 1593 56 29 vid
1279 1593 82 30 1960
1378 1593 56 30 års
1450 1594 142 40 riksdag
1606 1596 166 30 motions-

288 1638 92 29 ledes
396 1638 222 31 framställda
634 1641 192 39 yrkanden.

331 1691 13 29 I
368 1692 41 29 de
431 1692 58 30 vid
511 1693 236 31 innevarande
770 1695 55 30 års
849 1696 144 40 riksdag
1014 1698 125 29 väckta
1162 1699 181 34 motioner,
1368 1709 76 21 som
1468 1709 88 21 ovan
1579 1709 105 31 anges
1708 1702 64 29 och

287 1753 74 21 som
384 1746 171 30 utskottet
577 1747 10 29 i
611 1747 95 30 detta
728 1749 257 40 sammanhang
1007 1750 153 31 förehaft
1182 1752 52 29 till
1256 1752 223 40 behandling,
1504 1753 146 31 föreslås
1673 1755 44 29 bl.
1740 1764 30 21 a.

286 1800 50 27 att
356 1798 188 40 riksdagen
564 1800 62 29 hos
647 1801 124 39 Kungl.
792 1802 106 39 Maj:t
918 1803 201 30 hemställer
1139 1813 56 21 om
1216 1804 109 30 sådan
1346 1806 149 39 ändring
1515 1816 42 20 av
1577 1807 192 31 direktiven

287 1850 53 30 för
362 1851 67 29 den
451 1852 146 30 tillsatta
620 1854 230 40 utredningen
873 1856 149 30 rörande
1042 1857 336 40 valutaregleringen
1401 1861 51 28 att
1474 1860 114 29 denna
1609 1860 70 30 kan
1703 1861 69 30 för-

287 1904 282 40 utsättningslöst
590 1906 107 39 pröva
717 1907 146 31 behovet
884 1917 43 21 av
948 1918 42 20 en
1012 1909 140 31 fortsatt
1174 1911 170 40 reglering
1366 1921 42 20 av
1429 1912 340 39 kapitalrörelserna.

286 1957 11 28 I
318 1957 189 40 anledning
527 1958 108 30 härav
655 1959 55 30 får
730 1961 170 30 utskottet
920 1961 187 31 framhålla
1127 1966 51 27 att
1199 1963 103 31 såvitt
1323 1965 171 30 utskottet
1513 1966 137 31 kunnat
1669 1967 101 30 finna

284 2010 39 29 är
346 2011 233 39 utredningen
602 2013 149 30 rörande
773 2014 337 41 valutaregleringen
1135 2016 106 40 enligt
1266 2017 40 30 de
1331 2026 42 21 av
1397 2018 125 40 Kungl.
1547 2019 105 39 Maj:t
1677 2020 93 30 med-

285 2063 119 30 delade
423 2064 193 30 direktiven
635 2065 230 32 oförhindrad
884 2070 51 27 att
952 2069 189 30 verkställa
1160 2070 40 29 de
1219 2079 42 20 av
1278 2070 189 40 riksdagen
1485 2072 150 39 begärda
1654 2074 116 29 utred-

284 2117 182 39 ningarna.
484 2117 52 30 Då
551 2119 170 30 utskottet
737 2120 118 30 vidare
871 2121 225 31 informerats
1113 2131 57 21 om
1187 2125 50 28 att
1254 2124 231 39 utredningen
1502 2125 64 30 har
1583 2125 55 30 för
1654 2127 114 29 avsikt

284 2171 50 28 att
349 2170 124 29 utreda
488 2171 76 29 icke
579 2171 85 30 bara
680 2172 40 30 de
736 2173 172 39 spörsmål
926 2183 74 21 som
1016 2176 293 40 sammanhänger
1325 2178 78 29 med
1421 2187 42 20 en
1481 2178 140 30 fortsatt
1635 2179 134 29 valuta-

283 2222 171 40 reglering
473 2226 85 27 utan
578 2225 85 29 även
683 2226 40 29 de
743 2226 156 39 problem
920 2236 74 21 som
1014 2228 112 30 skulle
1145 2229 232 31 aktualiseras
1396 2231 58 29 vid
1474 2233 47 28 ett
1541 2232 166 39 slopande
1727 2242 42 19 av

282 2276 114 30 denna
421 2277 181 40 reglering,
629 2287 102 21 anser
757 2280 171 30 utskottet
953 2281 219 30 motionerna
1197 2283 11 29 i
1234 2282 229 31 förevarande
1488 2284 54 30 del
1568 2284 30 39 ej
1627 2285 141 39 påkalla

283 2329 114 39 någon
414 2330 205 39 riksdagens
636 2331 132 40 åtgärd.

326 2383 13 29 I
359 2383 220 30 motionerna
599 2384 28 30 I:
647 2385 59 30 150
727 2385 65 29 och
811 2385 45 30 II:
876 2386 61 30 179
958 2386 191 32 framställs
1171 2389 86 29 även
1276 2390 183 38 yrkanden
1480 2399 74 21 som
1575 2391 72 30 dels
1667 2401 100 20 avser

282 2436 174 29 lättnader
475 2437 11 28 i
507 2437 403 40 uppgiftsskyldigheten
930 2440 65 29 och
1014 2440 72 30 dels
1106 2443 54 27 tar
1181 2442 89 29 sikte
1289 2442 45 39 på
1353 2443 162 39 åtgärder
1534 2443 55 30 för
1608 2446 51 28 att
1679 2445 88 38 möj-

281 2488 131 39 liggöra
430 2491 48 28 ett
497 2489 223 40 återtagande
738 2500 43 20 av
797 2491 42 30 de
856 2493 253 30 reservationer
1127 2494 137 40 Sverige
1282 2495 128 39 avgivit
1428 2496 52 29 till
1500 2496 150 31 OEEC:s
1668 2498 97 39 kapi-
