1870 2792
401 134 123 29 Första
544 132 245 40 lagutskottets
810 131 180 30 utlåtande
1010 139 43 21 nr
1075 130 39 29 16
1133 129 39 30 år
1194 129 84 29 1955
1576 126 19 30 5

753 269 184 35 Utskottet

134 372 130 30 Genom
282 368 381 41 Washington-avtalet
681 367 64 31 har
764 366 138 39 Sverige
920 364 108 40 åtagit
1047 364 52 40 sig
1116 363 45 30 bl.
1179 372 30 21 a.
1229 364 51 29 att
1298 362 52 30 till
1368 361 42 30 de
1430 359 163 32 allierade

89 423 178 30 återställa
289 422 63 29 allt
374 431 43 20 av
440 420 136 39 Sverige
598 419 179 30 förvärvat
799 417 93 39 guld,
919 425 74 21 som
1015 414 191 39 bevisligen
1228 412 105 40 tagits
1358 421 42 21 av
1424 411 169 40 tyskarna

90 474 80 29 från
196 472 220 41 ockuperade
441 471 131 30 länder.

134 525 52 30 Då
200 521 328 42 tillfyllestgörande
544 520 183 39 bevisning
742 526 149 29 numera
905 517 55 30 får
976 525 102 21 anses
1095 515 169 39 föreligga
1279 514 54 30 för
1351 514 51 29 att
1419 513 57 29 det
1493 513 100 29 kräv-

90 576 44 29 da
158 573 211 41 guldpartiet
392 573 79 29 med
493 571 132 41 påstått
648 568 252 32 nederländskt
923 574 177 33 ursprung
1123 565 98 30 blivit
1245 574 41 20 av
1309 564 170 40 tyskarna
1501 564 94 38 taget

90 625 81 30 från
188 624 161 34 Holland,
369 623 65 30 har
454 622 136 39 Sverige
609 622 52 29 att
680 620 53 30 till
751 619 211 40 uppfyllelse
982 627 43 22 av
1043 617 60 30 sitt
1122 616 171 39 åtagande
1314 615 11 29 i
1344 614 250 39 Washington-

90 674 366 32 överenskommelsen
473 672 178 31 återställa
669 671 57 31 det
744 669 167 30 »rövade>
932 667 221 41 guldpartiet.
1171 667 75 28 Den
1263 665 188 30 reduktion
1467 673 42 21 av
1527 663 67 30 den

90 726 133 30 krävda
240 724 260 41 guldmängden
519 732 76 21 som
612 721 169 41 uppnåtts
800 720 11 29 i
829 720 68 29 den
915 718 178 40 ingångna
1111 714 484 42 kompromissöverenskom-

91 777 134 29 melsen
249 784 103 31 synes
377 774 77 30 icke
481 773 54 30 för
563 772 136 40 Sverige
727 769 223 40 oförmånlig.
977 769 177 30 Utskottet
1179 767 54 30 får
1261 766 120 30 därför
1407 764 186 40 tillstyrka,

90 830 50 29 att
162 828 41 30 de
224 828 73 29 mot
320 826 137 39 Sverige
481 825 135 31 riktade
639 824 130 29 kraven
791 822 47 41 på
860 820 228 31 utlämnande
1112 829 41 20 av
1176 828 24 20 s.
1224 818 33 30 k.
1280 818 99 29 rövat
1403 816 81 40 guld
1507 814 86 31 defi-

90 879 103 30 nitivt
212 878 151 40 regleras
381 884 124 33 genom
524 876 67 30 den
610 873 152 31 träffade
782 872 242 41 uppgörelsen.

136 929 13 30 I
171 927 263 41 propositionen
455 926 142 33 hävdas,
619 926 50 29 att
690 923 137 39 Sverige
849 930 126 31 genom
995 919 229 31 utlämnande
1246 928 42 21 av
1308 918 119 40 guldet
1447 916 148 31 erhåller

92 980 49 29 ett
162 978 224 40 regresskrav
408 977 73 29 mot
501 974 190 41 Tyskland,
717 983 75 20 som
813 973 63 29 bör
899 971 83 40 utgå
1005 971 79 29 med
1107 969 231 36 förmånsrätt
1362 977 43 20 ur
1429 967 42 30 de
1493 967 101 40 tyska

92 1029 233 39 tillgångarna
346 1027 12 29 i
383 1026 146 40 Sverige.
553 1026 71 29 Mot
645 1022 330 42 argumenteringen
997 1021 55 30 för
1075 1021 116 29 denna
1213 1018 228 41 uppfattning
1463 1019 99 38 göres
1586 1017 10 29 i

93 1079 220 30 motionerna
340 1079 29 29 I:
386 1076 130 37 561/54
543 1076 66 30 och
635 1076 45 29 II:
698 1073 129 37 723/54
855 1073 95 30 vissa
977 1071 268 39 invändningar,
1273 1069 173 39 varjämte
1474 1068 122 29 motio-

93 1131 150 29 närerna
267 1128 158 33 föreslår,
451 1129 51 29 att
525 1127 68 29 den
618 1124 229 36 förevarande
873 1123 125 39 frågan
1021 1121 211 39 hänskjutes
1257 1120 53 30 till
1335 1119 196 40 avgörande
1555 1127 41 21 av

92 1180 69 29 den
182 1179 174 30 särskilda
375 1177 133 31 nämnd
529 1186 75 21 som
625 1175 146 32 föreslås
792 1174 166 30 inrättad.

137 1230 52 30 Då
210 1229 125 40 frågan
356 1237 58 21 om
436 1226 248 32 återställande
707 1235 43 21 av
772 1226 58 29 det
851 1224 158 39 belgiska
1030 1222 119 40 guldet
1171 1221 37 30 år
1233 1221 83 30 1950
1340 1219 256 31 underställdes

92 1280 198 39 riksdagen,
312 1279 88 30 fann
420 1278 171 30 utskottet
612 1278 51 28 att
685 1276 136 39 Sverige
842 1274 214 30 åtminstone
1078 1272 107 40 enligt
1206 1272 192 29 folkrätten
1420 1270 177 30 förvärvat

94 1340 43 20 en
155 1331 146 35 fordran
318 1331 74 28 mot
410 1328 190 40 Tyskland.
619 1328 59 29 Ett
697 1327 145 29 motsatt
859 1324 282 30 betraktelsesätt
1161 1323 110 29 skulle
1290 1322 76 30 leda
1384 1321 53 30 till
1455 1321 66 30 den
1540 1329 57 21 en-

94 1381 62 40 ligt
171 1381 189 29 utskottets
379 1379 141 39 mening
537 1378 158 37 orimliga
711 1376 274 33 konsekvensen,
1003 1376 49 28 att
1068 1373 188 38 Tyskland,
1274 1381 75 21 som
1366 1371 111 38 aldrig
1493 1372 105 29 ersatt

94 1431 140 40 Belgien
257 1430 55 31 för
337 1430 128 39 guldet,
491 1428 113 31 skulle
628 1429 84 38 göra
734 1436 44 20 en
801 1426 96 31 vinst
921 1425 45 40 på
989 1426 52 28 att
1065 1423 137 40 Sverige
1227 1422 197 40 gottgjorde
1445 1416 152 49 Belgien.

95 1482 176 30 Utskottet
290 1480 88 30 fann
397 1480 58 29 det
474 1480 88 29 även
581 1478 90 39 ligga
691 1478 87 29 nära
797 1476 53 30 till
869 1475 114 30 hands
1003 1476 51 28 att
1074 1474 147 39 anlägga
1240 1473 58 30 det
1317 1472 281 30 betraktelsesät-

94 1533 57 34 tet,
172 1533 48 29 att
240 1530 136 38 Sverige
398 1538 122 29 genom
541 1530 49 30 att
609 1528 156 37 gottgöra
784 1526 140 38 Belgien
945 1525 157 30 inträdde
1123 1524 11 29 i
1156 1524 65 29 den
1243 1524 67 28 rätt
1330 1523 52 29 till
1405 1521 193 39 ersättning

95 1583 171 37 gentemot
289 1580 189 38 Tyskland,
502 1589 75 20 som
601 1577 238 38 otvivelaktigt
862 1576 139 31 tillkom
1025 1574 150 40 Belgien.

140 1631 245 31 Motsvarande
404 1630 219 40 synpunkter
643 1637 102 31 synes
765 1637 48 20 nu
833 1627 86 30 böra
938 1626 165 39 anläggas
1123 1624 222 31 beträffande
1365 1624 57 29 det
1441 1623 158 30 holländ-

96 1683 65 30 ska
184 1682 127 40 guldet.
335 1681 122 30 Såsom
480 1678 387 42 departementschefen
891 1676 206 30 framhåller
1119 1677 37 28 är
1180 1675 176 39 nämligen
1378 1674 42 30 de
1443 1673 156 30 faktiska

95 1733 219 29 olikheterna
336 1732 11 29 i
370 1730 354 39 händelseförloppen
747 1728 223 30 beträffande
995 1727 41 29 de
1059 1726 157 39 belgiska
1238 1725 65 30 och
1326 1725 41 30 de
1390 1724 211 30 holländska

97 1782 264 40 guldpartierna
383 1781 30 40 ej
440 1781 132 39 ägnade
596 1782 50 27 att
667 1779 145 30 inverka
835 1778 45 40 på
900 1777 258 39 bedömningen
1180 1786 42 21 av
1242 1785 82 20 vare
1346 1775 51 39 sig
1419 1775 58 29 det
1498 1774 103 40 tyska

97 1833 214 39 tillgreppets
329 1830 275 40 rättsstridighet
622 1830 81 30 eiler
721 1830 58 29 det
796 1828 151 30 svenska
965 1828 269 38 regresskravet.
1252 1826 177 30 Utskottet
1447 1824 153 31 biträder

97 1883 103 30 alltså
221 1882 284 40 uppfattningen,
528 1882 50 30 att
600 1880 136 39 Sverige
757 1888 125 31 genom
905 1877 228 31 utlämnande
1156 1886 41 20 av
1220 1877 57 29 det
1298 1876 210 29 holländska
1529 1874 73 40 gul-

98 1934 58 29 det
181 1933 149 35 erhåller
356 1932 147 29 fordran
527 1931 20 30 å
573 1930 245 30 motsvarande
843 1929 126 39 belopp
995 1929 176 38 gentemot
1197 1926 190 40 Tyskland.

144 1984 140 29 Samma
306 1982 93 31 åsikt
423 1982 159 29 kommer
605 1981 52 29 till
681 1980 142 39 uttryck
847 1980 87 29 även
956 1979 10 28 i
991 1978 178 29 motionen
1192 1978 45 29 II:
1255 1975 139 37 720/54.
1418 1976 13 29 I
1455 1976 146 29 motsats

99 2034 51 28 till
171 2033 282 40 propositionens
473 2032 131 38 förslag
624 2030 147 30 föreslår
792 2029 193 30 emellertid
1006 2028 229 33 motionären,
1256 2029 48 28 alt
1326 2026 147 30 svenska
1492 2027 110 28 staten

98 2102 44 2 —
160 2084 10 29 i
190 2083 115 30 stället
326 2083 55 29 för
400 2084 51 28 att
469 2083 76 28 utta
564 2082 54 29 sin
637 2080 282 40 regressfordran
940 2088 41 20 ur
1000 2079 42 29 de
1062 2079 102 39 tyska
1184 2077 234 40 tillgångarna
1435 2076 11 29 i
1467 2076 136 39 Sverige

99 2152 44 3 —
164 2133 88 30 skall
276 2141 125 31 genom
424 2131 323 39 underhandlingar
771 2131 79 29 med
875 2129 179 40 Tyskland
1080 2129 85 29 söka
1189 2129 50 28 att
1262 2128 10 28 i
1297 2136 119 21 annan
1438 2126 92 36 form
1553 2135 51 20 er-

100 2184 94 29 hålla
215 2183 195 30 motvärdet
431 2192 42 20 av
495 2182 57 30 det
574 2181 202 30 utlämnade
798 2180 128 39 guldet.
949 2180 182 29 Gentemot
1151 2179 68 28 den
1240 2188 42 20 av
1304 2177 219 30 motionären
1544 2185 60 20 an-

102 2234 101 29 förda
225 2233 253 38 motiveringen
500 2232 70 29 kan
592 2231 218 34 framhållas,
833 2231 51 30 att
906 2239 57 19 om
987 2238 83 20 man
1092 2230 198 37 accepterar
1313 2228 67 29 den
1402 2227 11 29 i
1435 2227 58 29 det
1516 2226 89 30 före-

102 2283 130 39 gående
248 2283 206 29 utvecklade
471 2281 271 40 uppfattningen
759 2290 56 19 om
833 2280 192 38 rättsläget,
1043 2278 178 39 betalning
1236 2278 90 28 skall
1343 2277 83 39 utgå
1441 2277 9 28 i
1468 2276 137 39 tvångs-

101 2333 198 39 clearingen
317 2333 10 28 i
346 2332 153 39 enlighet
516 2331 78 29 med
611 2331 41 30 de
670 2340 43 21 av
731 2329 276 31 statsmakterna
1026 2329 145 38 tidigare
1190 2328 95 29 såväl
1302 2327 57 30 vid
1380 2327 226 39 godkännan-

104 2384 57 29 det
188 2393 42 20 av
257 2380 603 40 Washingtonöverenskommelsen
891 2388 75 20 som
994 2379 57 29 vid
1083 2377 212 40 antagandet
1323 2387 43 21 av
1394 2376 212 39 tvångsclea-

104 2434 122 38 ringen
245 2433 78 29 med
342 2432 180 39 Tyskland
543 2431 173 39 fastlagda
736 2430 284 40 grundsatserna.
