2190 2608
678 168 294 34 Statsutskottets
993 169 188 33 utlåtande
1200 170 53 31 Nr
1277 169 50 31 70.
1729 170 41 31 27

210 251 125 32 staten
377 245 48 37 då
459 246 32 47 ej
525 246 196 49 begagnar
748 246 59 36 sin
836 246 121 49 enligt
984 260 51 23 nu
1064 246 292 49 ifrågavarande
1385 248 102 36 avtal
1515 248 198 49 reglerade
1742 249 73 36 lös-

210 298 202 48 ningsrätt,
448 297 55 37 till
536 300 95 34 1937
662 300 59 34 års
749 301 150 46 utgång
927 298 96 36 skall
1050 299 273 48 trafikbolaget
1351 299 98 37 hava
1477 299 85 37 hela
1590 300 149 37 vinsten
1769 314 46 23 av

209 351 179 46 rörelsen,
432 363 58 24 om
535 363 89 23 man
666 350 150 36 bortser
858 350 81 36 från
981 350 73 37 den
1091 351 280 48 jämförelsevis
1399 352 88 49 låga
1515 352 249 49 utdelningen
1794 355 22 34 å

209 402 380 50 preferensaktierna.
644 402 61 36 Av
748 402 123 36 denna
913 402 208 49 anledning
1149 403 69 36 har
1246 403 265 47 trafikbolaget
1539 404 58 36 för
1623 404 104 36 tiden
1756 405 58 35 till

212 455 96 35 1936
351 457 59 33 års
451 456 149 45 utgång
627 453 268 37 tillförsäkrats
925 455 268 48 övervägande
1221 455 209 48 inflytande
1458 456 12 35 i
1499 456 196 48 styrelsen.
1753 456 61 36 In-

209 506 56 36 till
293 505 165 36 nämnda
486 505 54 36 tid
571 505 116 47 väljes
717 505 166 37 direktör
911 519 46 22 av
986 506 45 36 de
1058 513 92 29 utav
1169 506 270 50 trafikbolaget
1458 507 162 36 utsedda
1640 508 177 49 styrelse-

209 557 270 47 ledamöterna,
518 570 87 23 men
638 558 57 35 för
723 558 104 36 tiden
856 557 162 37 därefter
1047 571 46 23 av
1122 558 184 49 styrelsen
1334 559 11 35 i
1374 559 133 48 vanlig
1535 559 163 49 ordning
1728 560 86 36 med

209 609 115 37 lotten
354 612 125 33 såsom
508 609 12 35 i
548 609 92 36 sista
668 609 101 37 hand
798 609 229 49 avgörande.

339 660 152 37 Statens
519 661 160 36 intresse
707 675 47 22 av
783 666 54 31 att
866 662 78 36 dels
973 662 129 36 kunna
1130 662 195 37 förhindra
1354 663 100 35 avtal
1475 663 70 36 och
1566 663 118 36 andra
1702 668 112 32 rätts-

211 713 240 48 handlingar,
492 712 103 37 vilka
635 713 183 37 innebära
855 713 257 56 förpliktelser
1152 714 97 36 efter
1276 727 46 23 en
1351 714 190 37 eventuell
1570 715 244 36 statsinlösen

208 764 70 37 och
319 765 124 36 därför
483 764 141 36 kunna.
652 765 154 36 komma
834 770 56 31 att
895 756 148 58 påvila
1071 771 123 31 staten
1223 773 92 28 utan
1343 766 266 36 motsvarande
1638 767 175 47 fördelar,

209 816 77 36 dels
328 817 69 36 ock
439 816 130 36 kunna
610 817 261 49 åvägabringa
913 817 191 48 åtgärder,
1146 817 101 37 vilka
1289 822 64 32 äro
1386 817 255 49 nödvändiga,
1673 819 58 35 för
1761 796 54 59 att

207 868 168 36 rörelsen
404 868 94 36 skall
528 868 128 36 kunna
684 874 91 30 utan
804 869 152 36 avbrott
984 869 124 36 drivas
1137 869 96 36 efter
1261 882 47 23 en
1336 870 191 36 eventuell
1556 870 259 47 statsinlösen,

208 920 67 35 har
315 920 135 36 vunnit
491 920 212 37 beaktande
744 923 47 46 på
836 921 63 36 det
940 926 85 37 sätt,
1055 926 55 31 att
1137 921 12 36 1
1177 921 100 36 vissa
1305 922 131 47 frågor
1464 921 348 37 beslutanderätten

208 971 203 48 fråntagits
458 972 337 48 bolagsstämman,
832 972 67 36 där
926 973 269 48 trafikbolaget
1223 973 68 35 har
1319 973 189 47 majoritet
1536 974 57 35 till
1623 975 96 35 1937
1751 976 61 34 års

207 1026 160 46 utgång,
410 1023 70 37 och
522 1024 100 48 lagts
663 1023 69 37 hos
766 1025 187 48 styrelsen
981 1025 86 36 med
1095 1025 78 36 viss
1201 1025 188 36 utsträckt
1416 1024 234 45 befogenhet
1679 1026 59 35 för
1766 1026 47 36 de

209 1088 45 23 av
281 1075 144 48 Kungl.
462 1075 107 48 Maj:t
601 1076 158 36 utsedda
792 1076 430 49 styrelseledamöterna.
1279 1076 166 37 Sålunda
1474 1077 108 36 skola
1610 1078 72 35 alla
1710 1078 103 36 avtal

208 1126 69 37 och
306 1127 116 36 andra
451 1127 239 49 handlingar,
720 1141 81 23 som
830 1128 110 48 ingås
968 1128 98 36 intill
1095 1131 41 33 år
1167 1131 93 34 1937
1292 1128 68 37 och
1390 1129 188 36 innefatta
1597 1129 216 48 åtaganden

207 1178 59 36 för
302 1179 104 36 tiden
449 1179 173 47 därefter,
652 1179 225 48 godkännas
906 1180 71 36 och
1005 1179 276 37 undertecknas
1311 1194 46 22 av
1387 1181 184 47 antingen
1600 1184 62 33 två
1691 1195 48 22 av
1766 1181 47 37 de

206 1236 91 30 utav
342 1231 139 47 Kungl.
527 1230 107 48 Maj:t
662 1231 159 36 utsedda
850 1231 422 49 styrelseledamöterna
1300 1232 91 35 eller
1419 1232 72 36 den
1522 1246 46 22 av
1596 1232 109 36 dessa
1734 1239 78 42 sty-

206 1282 312 46 relseledamöter,
553 1295 79 22 som
662 1295 45 23 av
735 1283 142 48 Kungl.
909 1282 108 49 Maj:t
1045 1283 124 36 därtill
1198 1288 147 41 utsetts,
1375 1283 70 36 och
1466 1283 107 36 skola
1592 1289 96 31 även
1710 1284 104 36 vissa

208 1333 116 37 andra
343 1333 324 49 rättshandlingar
688 1334 56 36 för
764 1347 145 23 samma
930 1335 51 35 tid
1003 1335 225 48 godkännas
1249 1348 46 22 av
1315 1337 63 34 två
1398 1348 47 22 av
1465 1335 141 48 Kungl.
1629 1335 106 49 Maj:t
1755 1341 59 30 ut-

207 1385 115 36 sedda
350 1385 366 49 styrelseledamöter
744 1386 90 36 eller
856 1400 45 22 av
921 1386 71 36 den
1010 1387 154 35 särskilt
1179 1386 225 37 förordnade
1420 1387 391 48 styrelseledamoten.

336 1436 146 37 Genom
512 1437 46 36 de
587 1437 158 36 sålunda
773 1438 218 48 föreslagna
1019 1438 335 37 bestämmelserna
1374 1451 59 23 om
1455 1438 98 36 ökad
1573 1439 240 49 delaktighet

206 1488 12 36 i
246 1487 172 49 bolagets
447 1489 306 36 administration
782 1503 79 23 som
893 1490 70 36 ock
990 1490 103 36 vissa
1122 1491 127 45 andra,
1279 1490 187 36 avseende
1494 1496 54 30 att
1579 1491 233 36 tillförsäkra

207 1545 122 30 staten
369 1544 75 32 rätt
486 1545 55 30 att
578 1544 180 45 övertaga
787 1554 46 23 en
861 1541 60 36 del
950 1554 47 22 av
1025 1542 286 47 trafikbolagets
1340 1547 169 43 tonnage
1537 1542 70 36 och
1636 1543 175 36 handels-

208 1591 269 48 organisation,
519 1591 120 47 torde,
682 1570 114 58 såvitt
832 1592 187 36 utskottet
1047 1593 147 36 kunnat
1221 1593 113 47 finna,
1364 1595 38 33 åt
1431 1599 124 30 staten
1584 1607 90 23 vara
1702 1600 108 43 tryg-

205 1643 99 46 gade
347 1643 292 48 möjligheterna
680 1650 56 29 att
777 1644 128 36 kunna
948 1649 182 43 övertaga
1165 1645 138 35 driften
1333 1658 45 23 av
1408 1645 198 48 företaget,
1637 1652 89 29 utan
1756 1651 56 31 att

206 1694 117 36 härav
352 1694 166 36 behöver
546 1695 213 36 föranledas
787 1698 119 44 något
934 1695 151 36 avbrott
1116 1695 8 35 1
1143 1696 388 48 malmavsättningen
1551 1696 89 36 eller
1658 1697 11 35 i
1685 1697 127 48 övrigt

205 1745 118 37 vållas
352 1748 121 45 några
502 1750 119 32 större
648 1746 198 48 praktiska
874 1747 247 48 svårigheter.

335 1797 120 36 Bland
498 1797 289 49 trafikbolagets
830 1800 135 46 övriga
999 1798 214 48 åtaganden
1242 1798 120 49 enligt
1389 1799 293 48 ifrågavarande
1710 1801 101 35 avtal

205 1848 112 49 ingår
346 1849 112 36 också
487 1848 222 50 skyldighet
737 1855 56 30 att
822 1850 190 48 alltjämnt
1040 1851 175 35 fortsätta
1240 1850 350 49 malmbrytniogen
1610 1851 61 36 vid
1694 1851 116 37 Gelli-

205 1913 99 23 vare.
360 1900 129 37 Under
517 1900 338 49 förhandlingarna
883 1902 68 36 har
979 1902 238 47 framhållits,
1248 1907 53 30 att
1330 1902 84 36 med
1444 1903 219 36 nuvarande
1683 1903 127 37 drifts-

206 1952 69 35 och
318 1952 308 36 fraktkostnader
666 1953 233 48 brytningen
940 1954 64 35 vid
1039 1953 188 37 Gellivare
1255 1953 81 37 icke
1365 1953 71 36 blir
1464 1954 161 36 lönande
1654 1955 70 35 och
1752 1955 57 35 till

205 2003 70 36 och
317 2003 84 36 med
443 2003 75 36 kan
560 2004 167 36 medföra
760 2009 121 31 större
909 2005 148 46 förlust,
1087 2010 47 31 än
1163 2018 59 23 om
1251 2005 233 49 brytningen
1513 2005 78 36 helt
1619 2005 191 48 nedlades,

206 2060 96 30 samt
343 2061 55 30 att
439 2054 271 49 malmbolaget
753 2056 126 35 därför
916 2069 90 22 vore
1034 2056 160 36 betänkt
1222 2059 48 45 på
1298 2061 54 30 att
1382 2056 77 35 helt
1487 2057 190 47 nedlägga
1707 2057 103 48 bryt-

205 2105 140 47 ningen
374 2106 91 36 eller
493 2105 246 37 koncentrera
768 2107 73 35 den
869 2109 48 46 på
945 2107 101 35 vissa
1076 2110 49 33 år.
1182 2107 179 36 Förutom
1391 2112 54 30 att
1469 2112 54 31 ett
1542 2108 268 48 nedläggande

206 2170 46 22 av
281 2155 232 50 brytningen
542 2157 61 36 vid
634 2156 189 38 Gellivare
852 2158 122 36 skulle
1002 2158 171 36 medföra
1202 2159 249 47 svårigheter,
1482 2171 59 23 om
1572 2165 122 30 staten
1715 2160 96 35 efter

205 2220 46 24 en
279 2208 145 36 inlösen
454 2209 88 35 ville
571 2211 249 46 återupptaga
849 2210 233 47 densamma,
1108 2223 113 35 synes
1241 2209 208 37 emellertid
1471 2215 53 31 ett
1543 2210 268 47 nedläggande

205 2260 90 36 eller
336 2264 208 45 temporärt
586 2260 228 36 inställande
851 2274 45 23 av
931 2239 234 70 brytningen
1195 2262 156 36 framför
1379 2261 66 36 allt
1473 2261 92 36 böra
1594 2262 215 36 förhindras
