2188 2602
434 153 37 31 12
869 158 292 35 Statsulskottets
1193 161 186 34 utlåtande
1411 163 52 31 Nr
1493 165 49 31 70.

386 231 246 49 fartygsrum,
661 232 208 52 berättigas
909 241 122 31 staten
1060 243 53 30 att
1140 238 63 36 vid
1232 239 149 38 inlösen
1410 255 46 23 av
1485 244 272 36 stamaktierna
1786 246 10 35 i
1826 247 163 37 Luossa-

385 283 405 39 vaara-Kiirunavaara
823 287 230 51 Aktiebolag
1076 289 145 47 jämväl
1250 291 80 36 lösa
1359 295 40 33 så
1428 299 77 31 stor
1538 294 60 37 del
1627 308 48 23 av
1694 296 295 41 Trafikaktiebo-

384 334 103 49 laget
516 334 511 52 Grängesberg-Oxelösund
1062 341 185 49 tillhörigt
1281 343 245 50 fartygsrum,
1556 360 80 23 som
1658 348 82 36 med
1762 349 147 50 hänsyn
1930 352 57 35 till

383 385 131 49 vanlig
556 386 213 51 skeppning
807 403 47 23 av
895 391 112 36 malm
1051 392 83 36 från
1175 393 555 42 Luossavaara-Kiirunavaara
1759 396 229 59 Aktiebolag

384 437 193 49 tillhöriga
627 452 142 35 gruvor
820 442 11 35 i
875 442 234 38 förhållande
1160 444 55 36 till
1270 446 384 52 Trafikaktiebolaget
1696 450 287 53 Grängesberg-

380 487 241 39 Oxelösunds
651 491 134 49 övriga
814 494 337 50 malmskeppning
1180 500 60 33 må
1270 511 110 23 anses
1408 500 152 48 skäligt.

510 543 112 38 Mom.
651 547 35 32 2.
742 544 137 37 Därest
920 551 123 32 staten
1085 548 66 35 vill
1193 548 179 50 begagna
1409 552 61 48 sig
1498 565 46 23 av
1573 554 73 36 den
1675 560 123 31 staten
1828 556 156 36 sålunda

378 592 206 49 medgivna
624 598 85 45 rätt,
752 595 98 37 skall
892 604 125 30 senast
1058 599 103 36 inom
1203 613 65 23 sex
1297 603 182 36 månader
1507 604 81 36 från
1619 605 71 36 den
1719 606 88 50 dag,
1837 607 46 36 då
1911 608 74 35 till-

379 645 150 47 sägelse
558 658 61 24 om
649 646 146 37 inlösen
827 661 47 23 av
893 650 220 37 stamaktier
1133 651 11 35 i
1163 651 555 42 Luossavaara-Kiirunavaara
1756 654 229 58 Aktiebolag

380 694 58 36 för
477 696 292 50 ifrågavarande
812 699 272 50 inlösningstid
1127 703 69 36 sist
1237 704 147 37 kunnat
1426 706 78 48 ske,
1535 709 160 48 angivas
1723 709 103 36 vilka
1855 710 129 49 fartyg

378 752 123 31 staten
528 749 122 37 under
678 750 277 51 förutsättning
984 766 45 23 av
1058 754 293 38 stamaktiernas
1380 757 146 38 inlösen
1555 760 139 36 önskar
1723 766 192 43 övertaga.

508 807 389 52 Trafikaktiebolaget
933 811 512 52 Grängesberg-Oxelösund
1484 822 59 33 må
1585 820 82 37 icke
1708 827 92 30 utan
1839 817 142 57 Kungl.

381 856 131 51 Maj:ts
555 860 253 50 medgivande
849 863 120 36 under
996 864 104 37 tiden
1131 866 82 36 från
1242 867 70 36 och
1341 869 87 35 med
1458 876 51 30 ett
1537 874 41 33 år
1607 872 80 36 före
1716 872 87 49 dag,
1834 873 46 36 då
1907 874 76 35 till-

379 910 148 48 sägelse
568 924 61 24 om
658 913 147 37 inlösen
836 928 46 22 av
920 917 272 37 stamaktierna
1221 919 11 34 i
1261 919 556 41 Luossavaara-Kiirunavaara
1856 924 126 38 Aktie-

378 960 112 50 bolag
533 963 58 37 för
632 964 103 48 varje
778 966 161 36 särskild
981 967 271 51 inlösningstid
1295 971 69 36 sist
1405 972 146 37 kunnat
1592 975 76 48 ske,
1714 975 54 36 till
1797 976 71 36 och
1897 978 84 35 med

375 1013 164 37 nämnda
581 1014 76 50 dag
697 1020 195 44 ävensom,
936 1018 124 37 därest
1102 1020 116 37 sådan
1250 1022 211 48 tillsägelse
1490 1025 11 34 i
1528 1025 162 49 behörig
1717 1027 56 36 tid
1803 1027 113 48 skett,
1946 1029 33 48 ej

375 1063 118 38 heller
534 1066 129 37 förrän
705 1068 95 37 efter
842 1069 64 36 det
946 1071 224 48 ytterligare
1211 1085 65 24 sex
1311 1075 180 36 månader
1519 1076 170 49 förflutit,
1722 1079 171 36 avhända
1922 1080 60 48 sig

374 1118 118 46 något
520 1117 59 36 för
607 1118 385 52 malmskeppningen
1022 1127 125 32 avsett
1175 1123 89 37 eller
1292 1124 197 50 begagnat
1517 1128 140 49 fartyg.

501 1176 57 37 De
586 1177 140 51 fartyg,
754 1180 104 36 vilka
885 1186 123 31 staten
1037 1182 182 38 förklarat
1247 1184 62 49 sig
1334 1177 96 57 vilja
1461 1187 121 37 inlösa
1611 1192 60 34 må
1695 1190 32 49 ej
1759 1190 119 37 heller
1896 1192 83 35 där-

375 1227 92 37 efter
493 1229 230 38 frånhändas
752 1230 166 50 bolaget,
948 1233 128 36 såvida
1101 1234 33 49 ej
1156 1235 135 49 frågan
1311 1250 62 23 om
1394 1239 242 37 statsinlösen
1656 1241 59 37 för
1733 1241 73 37 den
1825 1245 155 46 gången

375 1278 163 38 förfallit.

502 1351 113 35 Mom.
645 1354 32 33 3.
733 1352 168 48 Uppstår
937 1354 90 36 tvist
1066 1368 60 23 om
1157 1356 64 36 det
1248 1358 248 49 fartygsrum,
1526 1373 79 24 som
1631 1367 124 31 staten
1784 1367 91 43 äger
1902 1369 76 30 rätt

374 1405 54 30 att
467 1400 122 37 inlösa
630 1402 89 36 eller
757 1416 61 22 om
848 1404 298 51 lösenbeloppet,
1176 1414 163 42 avgöres
1367 1410 140 36 tvisten
1537 1425 46 22 av
1612 1412 72 36 den
1712 1413 154 47 nämnd,
1897 1427 79 23 som

374 1451 243 38 omförmäles
645 1453 12 35 i
686 1452 20 49 8
738 1456 20 34 9
790 1468 47 22 av
868 1456 96 35 1907
994 1459 59 34 års
1083 1459 112 35 avtal.

501 1522 114 36 Mom.
644 1525 34 33 4.
736 1522 86 37 Med
866 1525 183 37 avseende
1078 1528 20 34 å
1125 1527 306 51 lösenbeloppets
1473 1531 232 49 erläggande
1741 1534 106 36 skola
1875 1536 101 48 gälla

371 1584 147 24 samma
560 1572 400 51 betalningsterminer
1000 1577 71 36 och
1108 1579 407 50 räntebestämmelser,
1544 1596 81 24 som
1654 1585 11 35 i
1694 1585 169 49 enlighet
1891 1587 84 37 med

371 1621 22 49 $
422 1624 21 34 3
473 1636 112 25 mom,
617 1627 21 34 2
667 1625 32 48 c)
730 1626 153 37 komma
926 1633 52 31 att
1020 1629 102 37 bliva
1163 1631 176 47 gällande
1368 1633 11 35 i
1409 1634 108 48 fråga
1546 1648 59 23 om
1635 1636 253 37 lösesumman
1919 1639 57 35 för

371 1675 285 38 stamaktierna.

1128 1802 21 49 $
1180 1805 32 34 8.

498 1882 116 37 Detta
655 1883 179 38 kontrakt
876 1899 106 24 avser
1023 1888 83 36 icke
1148 1895 54 30 att
1239 1891 260 37 åstadkomma
1527 1893 194 50 rubbning
1749 1896 54 35 uti
1831 1897 142 48 grund-

369 1932 111 37 valen
509 1934 58 36 för
595 1934 46 37 de
659 1948 140 36 genom
821 1937 160 49 tidigare
1001 1940 390 39 överenskommelser
1410 1943 136 38 mellan
1566 1950 125 32 staten
1715 1946 72 37 och
1807 1947 165 49 bolagen

369 1984 220 49 uppkomna
627 1987 358 40 rättsförhållanden
1014 1990 12 36 i
1055 1991 130 37 vidare
1226 1996 89 33 mån
1358 2000 48 31 än
1448 1996 67 36 här
1543 2009 98 24 ovan
1675 1998 179 49 angivits,
1884 2013 87 23 men

369 2038 60 33 må
457 2039 21 33 å
505 2037 118 37 andra
651 2038 106 37 sidan
786 2039 236 40 beträffande
1051 2042 112 38 dessa
1183 2045 103 37 äldre
1307 2047 388 38 överenskommelser
1713 2055 115 42 göras
1845 2051 126 48 jämk-

369 2086 147 50 ningar,
558 2089 101 37 vilka
700 2095 63 32 äro
807 2097 55 31 att
903 2106 90 24 anse
1031 2097 125 35 såsom
1186 2109 46 23 en
1261 2097 115 48 given
1407 2098 93 49 följd
1529 2114 47 22 av
1605 2100 62 36 det
1695 2114 51 23 nu
1775 2102 196 50 ingångna

367 2137 218 40 kontraktet
614 2142 68 36 och
711 2145 119 35 måste
859 2150 158 43 antagas
1059 2146 98 37 hava
1186 2149 97 35 varit
1312 2163 48 22 av
1389 2150 45 35 de
1462 2150 303 39 kontraherande
1795 2160 176 42 parterna

367 2189 175 38 avsedda.
