2188 2604
408 151 42 32 22
827 151 293 32 Stalsutskottets
1152 151 186 33 utlåtande
1370 151 52 31 Nr
1455 153 51 30 70.

362 228 143 49 ningen
542 228 82 37 icke
659 228 174 38 bedrives
875 242 46 23 av
960 228 272 50 malmbolaget
1259 234 90 31 utan
1379 242 46 23 av
1453 229 279 49 trafikbolaget,
1761 242 80 25 som
1870 234 96 33 även

362 280 70 37 har
459 280 102 36 hand
589 292 63 24 om
680 279 256 49 befraktning,
964 280 208 49 bokföring
1200 294 47 23 m.
1277 294 48 22 m.

492 331 37 49 b)
560 331 167 37 Malmen
754 332 188 36 levereras
969 344 50 23 nu
1048 332 55 36 till
1132 338 79 30 stor
1238 332 60 36 del
1327 332 54 36 cif
1405 332 384 50 mottagningsorten.
1834 332 133 38 Staten

361 383 107 37 torde
509 383 63 36 vid
614 383 189 37 eventuell
844 383 146 37 inlösen
1027 396 92 23 vara
1147 389 172 43 tvungen
1348 389 55 31 att
1431 384 176 37 fortsätta
1634 384 168 40 rörelsen
1831 384 95 37 efter
1954 385 12 36 i

361 440 96 31 stort
484 440 74 31 sett
585 448 144 23 samma
757 435 191 49 principer
976 448 81 23 som
1086 435 165 49 bolagen
1279 435 71 36 och
1377 435 69 37 bör
1474 436 126 36 därför
1627 436 13 36 i
1668 436 78 48 god
1773 436 53 36 tid
1846 436 121 36 skaffa

361 492 170 43 tonnage
558 486 136 37 därför.
737 486 72 37 Det
837 491 41 32 är
906 486 180 50 önskligt,
1117 492 55 31 att
1200 492 121 31 staten
1350 487 57 36 får
1434 492 74 32 rätt
1532 492 55 32 att
1605 487 65 36 vid
1691 493 52 31 ett
1761 488 206 36 eventuellt

361 537 257 49 övertagande
647 552 47 22 av
722 538 239 48 gruvdriften
989 543 96 31 även
1113 538 123 37 inlösa
1262 538 288 50 trafikbolagets
1578 545 178 43 tonnage.

492 589 35 49 3)
555 589 440 49 Malmförsäljningarna
1036 589 99 37 hava
1176 590 133 36 hittills
1351 591 101 36 skett
1492 590 94 37 efter
1626 591 119 36 sådan
1781 591 101 48 plan,
1912 596 55 31 att

361 646 120 32 större
522 640 107 38 delen
672 655 48 22 av
752 641 175 49 bolagets
955 641 184 49 brytning
1168 641 150 37 försålts
1348 642 142 37 medels
1518 642 227 49 mångåriga
1772 642 192 46 kontrakt,

360 692 121 36 under
508 692 63 37 det
599 698 55 31 att
682 705 46 24 en
757 693 148 36 mindre
933 693 58 36 del
1020 697 163 32 använts
1212 693 58 36 för
1297 694 273 48 försäljningar
1589 707 141 35 genom
1750 694 110 36 korta
1878 694 89 36 kon-

360 743 112 37 trakt.
528 744 272 48 Malmbolaget
840 745 106 36 torde
986 758 50 22 nu
1077 758 93 23 vara
1202 745 158 36 framme
1389 745 85 36 med
1503 746 82 36 sina
1614 745 269 48 försäljningar
1910 744 57 37 till

361 795 179 49 omkring
576 798 40 33 år
656 797 98 35 1930
788 801 107 31 samt
921 800 137 32 svävar
1086 794 13 38 i
1127 796 170 37 ovisshet
1325 810 74 34 om,
1428 797 127 36 vilken
1585 796 381 50 försäljningspolitik

361 859 83 24 som
485 846 67 37 bör
593 847 101 36 föras
732 847 59 36 för
819 847 103 36 tiden
951 847 173 37 därefter.
1181 848 72 36 Det
1280 850 120 35 måste
1429 849 103 36 såväl
1561 849 59 35 för
1648 853 123 32 staten
1800 861 80 23 som
1910 848 58 36 för

360 899 156 48 bolaget
543 911 92 24 vara
663 912 48 23 av
738 899 92 47 vikt,
860 904 56 31 att
935 899 544 49 försäljningsverksamheten
1498 900 75 36 kan
1594 900 67 36 ske
1681 900 11 35 i
1712 899 253 37 samförstånd

361 950 85 36 dem
476 950 171 48 emellan,
676 950 133 36 varvid
838 956 123 31 staten
989 951 167 47 givetvis
1184 951 170 37 kommer
1373 956 57 32 att
1448 952 192 36 övervaka
1661 956 55 31 att
1735 951 73 36 den
1829 952 137 35 ordnas

361 1003 55 45 så,
458 1006 56 31 att
554 1006 145 33 statens
740 1002 256 48 övertagande
1038 1016 47 23 av
1113 1003 289 36 verksamheten
1431 1003 220 48 därigenom
1680 1003 82 36 icke
1791 1002 175 49 omöjlig-

360 1057 114 44 göres
503 1053 90 37 eller
621 1053 203 37 försvåras.

492 1156 52 36 De
585 1169 52 23 nu
679 1155 157 37 anförda
878 1156 129 36 skälen
1048 1156 61 36 för
1132 1156 250 49 jämkningar
1410 1157 12 35 i
1450 1157 350 37 rättsförhållandet
1827 1158 138 35 mellan

360 1212 124 33 staten
512 1207 70 36 och
610 1207 164 49 bolagen
801 1207 122 36 skulle
944 1207 191 37 sannolikt
1154 1208 103 49 gjort
1279 1208 62 49 sig
1359 1208 177 49 gällande
1556 1213 95 32 även
1672 1209 62 36 vid
1754 1222 46 23 en
1819 1210 147 35 normal

359 1259 231 49 utveckling.
647 1258 56 37 De
730 1259 84 36 med
845 1258 71 37 den
945 1259 222 36 nuvarande
1196 1260 255 36 världskrisen
1482 1260 213 36 förbundna
1719 1260 248 37 händelserna

360 1310 99 36 hava
486 1310 207 37 emellertid
721 1310 12 36 i
762 1310 79 49 hög
869 1310 96 49 grad
993 1310 250 37 aktualiserat
1270 1311 135 37 kravet
1432 1314 48 46 på
1504 1312 250 48 jämkningar
1781 1312 12 36 i
1817 1313 148 36 avtalen

362 1362 138 36 mellan
540 1367 125 31 staten
694 1361 68 36 och
791 1361 181 49 bolagen;
1004 1363 202 36 anmärkas
1234 1363 79 47 bör,
1344 1368 54 31 att
1426 1363 201 48 härvidlag
1655 1363 63 37 det
1745 1368 138 32 största
1910 1364 56 35 in-

362 1418 138 31 tresset
527 1413 59 36 för
610 1412 251 49 jämkningar
889 1413 126 48 ligger
1042 1417 21 33 å
1091 1413 186 49 bolagens
1306 1415 93 35 sida.

489 1464 37 47 4)
554 1464 58 36 En
642 1469 79 31 stor
749 1464 60 36 del
837 1477 49 23 av
911 1469 100 31 ännu
1032 1464 180 49 gällande
1230 1465 433 49 försäljningskontrakt
1681 1466 99 36 hava
1799 1465 168 38 baserats

361 1518 50 47 på
451 1515 452 49 kostnadsberäkningar,
933 1529 78 23 som
1041 1516 83 37 icke
1153 1517 99 49 tagit
1281 1516 149 49 hänsyn
1457 1517 56 36 till
1542 1517 45 37 de
1615 1530 140 36 genom
1785 1518 181 36 kristiden

361 1567 166 37 ändrade
568 1567 143 37 arbets-
751 1567 71 37 och
863 1568 460 49 transportkostnaderna.
1367 1568 158 50 Följden
1554 1569 118 36 härav
1709 1569 107 37 torde
1852 1569 113 47 bliva,

361 1624 56 31 att
463 1618 289 50 malmbolagets
792 1618 102 37 vinst
935 1619 229 37 åtminstone
1198 1620 58 36 för
1296 1620 119 36 första
1456 1623 87 34 åren
1585 1620 71 37 och
1690 1621 192 36 sannolikt
1909 1621 59 36 för

361 1675 122 32 större
525 1670 108 37 delen
668 1684 47 22 av
746 1671 309 49 10-årsperioden
1086 1672 255 35 1920—1929
1371 1671 73 37 blir
1471 1672 121 36 starkt
1620 1672 218 37 reducerad.
1893 1673 73 36 Bo-

360 1721 115 48 lagen
503 1735 90 23 anse
623 1722 63 36 det
713 1735 91 23 vara
832 1722 154 48 skäligt,
1015 1728 55 31 att
1098 1736 47 23 en
1175 1723 299 49 framskjutning
1500 1728 94 43 äger
1621 1738 83 22 rum
1734 1724 233 37 beträffande

361 1773 73 36 den
463 1786 28 23 8.
521 1773 35 36 k.
586 1773 532 50 vinstberäkningsperioden,
1147 1774 256 37 innebärande
1432 1781 54 30 att
1513 1775 12 36 i
1550 1775 125 37 stället
1695 1776 59 36 för
1773 1781 55 31 att
1847 1781 119 31 netto-

360 1824 151 37 vinsten
552 1825 122 36 under
701 1828 102 34 åren
848 1827 252 35 1920—1929
1136 1826 95 36 skall
1259 1827 136 48 läggas
1424 1827 55 36 till
1508 1827 125 48 grund
1666 1827 60 36 för
1754 1827 213 49 beräkning

360 1889 47 23 av
448 1877 271 47 lösesumman,
760 1877 151 36 vinsten
952 1877 121 37 under
1115 1890 47 24 en
1190 1891 133 23 senare
1351 1878 131 49 period
1511 1879 12 35 1
1552 1879 125 36 stället
1706 1879 71 36 blir
1803 1878 164 37 bestäm-

361 1927 137 37 mande
528 1928 57 36 för
612 1928 135 37 denna.

488 1979 121 37 Innan
637 1980 46 36 de
712 1980 248 37 ekonomiska
988 1981 285 37 förhållandena
1301 1982 12 35 i
1332 1981 156 37 världen
1507 1984 164 46 uppnått
1690 1987 120 32 större
1830 1982 136 48 stadga

359 2030 70 37 och
458 2031 116 36 innan
601 2045 89 22 man
718 2037 64 31 vet
808 2032 12 35 i
849 2032 118 37 vilket
996 2033 234 49 ungefärligt
1258 2034 85 47 läge
1370 2033 307 49 penningvärdet
1709 2034 170 36 kommer
1912 2038 55 31 att

359 2082 246 48 stabiliseras,
634 2087 41 32 är
703 2083 65 36 det
794 2084 167 48 givetvis
990 2087 104 33 svårt
1122 2090 57 31 att
1206 2085 84 36 med
1320 2088 128 45 någon
1476 2089 120 32 större
1623 2085 95 48 grad
1748 2098 46 23 av
1821 2084 145 37 visshet

359 2133 206 49 förutsäga,
607 2134 73 37 vad
721 2147 47 24 en
810 2135 247 49 förflyttning
1097 2149 48 23 av
1183 2136 518 49 vinstberäkningsperioden
1729 2136 11 36 i
1768 2136 197 37 realiteten

360 2185 76 36 kan
465 2185 192 37 innebära.
714 2185 107 37 Dock
858 2187 68 36 har
954 2187 71 49 jag
1053 2187 74 37 den
1155 2188 311 49 uppfattningen,
1496 2193 54 31 att
1578 2201 47 23 en
1654 2188 105 49 dylik
1787 2188 179 48 förskjut-

358 2235 97 50 ning
495 2235 121 39 skulle
648 2237 115 37 verka
791 2238 163 49 höjande
981 2241 49 46 på
1057 2239 255 37 lösesumman
1341 2240 71 36 och
1442 2239 158 37 sålunda
1627 2239 12 36 i
1668 2240 78 36 viss
1774 2242 86 34 mån
1888 2239 77 36 för-
