2213 2702
236 1026 140 31 Angående

210 1060 138 31 åtskilliga
361 1069 44 16 an-

209 1095 57 31 slag
284 1096 45 23 till
353 1097 52 23 Ka-

206 1130 200 24 rolinskainsti-

266 1166 78 23 tutet.

213 2057 58 28 Ang.
286 2056 103 24 elemen-

229 2090 145 24 tarlärares

212 2125 179 30 uppflyttning

249 2159 10 21 i
278 2159 75 29 högre

237 2192 132 31 lönegrad.

471 212 38 28 24
912 208 97 35 Stats-
1029 213 158 31 Utskottets
1215 213 168 32 Utlåtande
1405 213 62 33 N:o
1490 213 51 33 21.

827 299 32 46 c)
896 306 53 31 att
976 301 129 48 Kongl.
1134 301 120 49 Maj:ts
1282 303 134 48 nådiga
1444 303 273 49 framställning
1733 305 139 44 derom,
1902 311 53 30 att
1978 307 45 35 de

901 353 214 36 nuvarande
1167 353 328 49 adjunktslönerna
1537 356 61 36 vid
1640 357 187 35 institutet
1856 358 167 44 måtte,
2003 349 23 59 i

903 405 69 35 den
1002 408 84 32 mån
1116 405 45 37 de
1191 406 118 36 blefve
1339 407 219 49 disponibla,
1593 407 38 36 få
1664 408 183 36 användas
1875 410 57 35 till
1960 409 63 36 ad-

899 457 266 46 junkturernas
1194 458 230 49 ombildning
1465 460 116 46 enligt
1609 459 106 35 ofvan
1746 460 152 47 angifna
1926 461 94 47 plan,

901 507 58 37 för
988 509 227 35 närvarande
1244 510 78 36 icke
1351 514 59 32 må
1437 512 111 34 vinna
1577 510 228 48 Riksdagens
1834 512 121 44 bifall;

826 558 39 47 d)
903 565 53 30 att
983 558 57 37 för
1067 566 105 30 extra
1213 561 187 37 ordinarie
1434 562 199 48 professor,
1676 563 167 36 hvilkens
1884 565 61 34 lön
1982 571 39 28 är

900 611 172 36 bestämd
1101 613 56 34 till
1186 613 131 36 endast
1345 615 109 42 4,000
1480 615 144 41 kronor,
1654 617 59 32 må
1741 614 93 37 efter
1861 615 73 36 fem
1963 619 58 32 års

899 663 58 35 väl
985 663 193 36 vitsordad
1206 665 246 48 tjenstgöring
1479 669 88 44 utgå
1596 671 55 30 ett
1667 666 254 50 ålderstillägg
1938 666 82 37 med

901 715 71 35 500
1001 715 153 43 kronor,
1196 723 53 28 att
1290 715 81 36 från
1401 717 61 35 det
1490 720 20 31 å
1538 717 254 36 hufvudtiteln
1835 718 186 47 uppförda

901 766 127 43 anslag
1056 764 57 36 för
1140 766 140 35 sådana
1308 767 131 47 tillägg
1469 767 202 45 utbetalas;
1702 768 67 35 och

825 814 32 43 e)
900 822 54 30 att
998 816 94 36 Herr
1134 816 134 38 Grefve
1310 817 36 37 C:
1380 818 47 35 M.
1462 818 271 48 Björnstjernas
1777 819 243 37 omförmälda

894 868 139 47 förslag
1047 867 57 36 för
1127 869 229 35 närvarande
1384 869 78 36 icke
1492 873 58 31 må
1578 870 54 35 till
1654 874 118 45 någon
1789 871 231 49 Riksdagens

894 920 129 45 åtgärd
1051 917 203 39 föranleda.

558 1023 67 35 8:o.
655 1020 131 48 Kongl.
816 1021 103 48 Maj:t
948 1022 66 35 har
1041 1021 124 36 vidare
1195 1021 200 48 föreslagit,
1436 1028 53 30 att
1524 1026 47 44 på
1598 1024 205 35 institutets
1834 1025 183 36 ordinarie

429 1078 75 31 stat
533 1076 114 32 måtte
678 1072 178 49 uppföras
884 1072 164 47 följande
1076 1072 56 36 för
1159 1076 40 32 år
1229 1075 93 35 1877
1353 1077 46 44 på
1428 1080 105 30 extra
1562 1080 73 31 stat
1676 1076 172 35 anvisade
1877 1078 138 46 anslag,

427 1124 203 47 nemligen:
672 1125 54 34 till
759 1124 152 36 arfvode
940 1128 37 32 åt
1005 1138 42 22 en
1077 1137 199 24 amanuens
1304 1126 62 34 vid
1396 1126 203 36 institutets
1628 1128 135 34 anstalt
1792 1127 56 35 för
1876 1129 140 34 normal

426 1176 161 35 anatomi
618 1177 107 43 1,000
754 1176 157 43 kronor;
952 1176 56 35 till
1038 1174 153 38 arfvode
1220 1180 37 32 åt
1285 1189 43 22 en
1359 1190 198 23 amanuens
1586 1178 60 35 vid
1675 1179 203 35 institutets
1906 1178 112 48 fysio-

425 1227 143 46 logiska
595 1227 136 35 anstalt
759 1228 71 34 400
859 1227 156 44 kronor;
1057 1227 65 34 och
1152 1228 55 33 till
1235 1227 152 35 arfvode
1416 1231 37 32 åt
1481 1242 43 22 en
1555 1241 198 23 amanuens
1795 1230 82 35 med
1919 1231 97 48 skyl-

425 1276 128 48 dighet
580 1283 54 29 att
661 1278 198 35 verkställa
887 1277 66 36 och
983 1278 253 35 demonstrera
1265 1279 306 48 liköppningarne
1601 1280 61 35 vid
1693 1280 69 36 den
1791 1281 224 47 pediatriska

424 1328 161 36 kliniken
615 1331 19 32 å
662 1329 182 35 allmänna
874 1329 206 36 barnhuset
1111 1330 106 43 1,000
1234 1330 153 42 kronor;
1416 1330 67 36 och
1508 1331 66 35 har
1589 1329 205 46 Utskottet,
1823 1345 79 22 som
1931 1331 86 37 fun-

424 1380 54 34 nit
507 1379 70 35 den
618 1379 331 49 omständigheten,
991 1386 54 29 att
1086 1380 67 35 den
1196 1379 216 49 ifrågasatta
1452 1382 262 46 förändringen
1749 1383 10 34 i
1793 1382 173 37 afseende
1995 1387 20 31 å

423 1430 204 36 institutets
654 1431 294 47 lärarepersonal
976 1431 80 36 icke
1085 1444 50 22 nu
1163 1431 141 35 kunnat
1332 1433 9 33 i
1370 1432 71 35 allo
1470 1433 110 35 vinna
1602 1433 209 36 Utskottets
1839 1434 175 48 gillande,

423 1481 31 47 ej
484 1481 92 36 böra
604 1487 135 43 utgöra
767 1482 133 35 hinder
928 1481 57 36 för
1015 1482 230 48 uppförande
1275 1486 45 44 på
1349 1483 184 36 ordinarie
1574 1490 72 29 stat
1688 1484 37 36 af
1755 1498 49 22 nu
1832 1485 180 49 ifrågava-

422 1532 115 36 rande
565 1533 293 48 anslagsbelopp,
900 1533 123 35 hvilka
1054 1534 9 34 i
1093 1534 64 35 allt
1184 1533 64 35 fall
1277 1533 104 36 torde
1423 1534 114 37 blifva
1566 1535 303 49 oundgängligen
1898 1536 114 36 erfor-

423 1583 150 48 derliga,
603 1590 121 29 ansett
752 1585 54 46 sig
835 1585 89 34 böra
952 1584 205 43 hemställa,

869 1640 53 30 att
949 1633 241 38 förevarande
1221 1636 136 47 nådiga
1385 1636 274 49 framställning
1687 1641 59 32 må
1774 1638 109 36 vinna
1904 1638 106 37 Riks-

821 1685 136 48 dagens
986 1686 109 43 bifall,
1125 1686 67 36 och
1221 1692 53 30 att
1302 1687 105 35 alltså
1428 1691 45 44 på
1490 1687 218 37 Karolinska
1726 1688 284 37 mediko-kirur-

820 1737 105 45 giska
966 1737 206 35 institutets
1214 1738 185 35 ordinarie
1440 1744 73 29 stat
1554 1742 57 32 må
1644 1738 56 36 för
1728 1739 280 48 ifrågavarande

817 1787 170 36 ändamål
1029 1788 174 48 uppföras
1245 1795 54 29 ett
1339 1790 271 47 sammanlagdt
1651 1790 131 48 belopp
1824 1791 39 36 af
1901 1794 108 43 2,400

816 1838 148 35 kronor.

938 1955 553 42 Elementarläroverken.

554 2043 66 34 92:0.
672 2041 98 37 Enär
797 2056 42 22 en
869 2044 99 35 inom
999 2044 559 49 Ecklesiastik-departementet
1586 2048 187 49 uppgjord
1802 2048 205 48 beräkning

418 2092 180 44 utvisade,
627 2098 54 31 att
695 2093 57 35 för
779 2094 133 37 lärares
937 2096 62 35 vid
1019 2096 397 37 elementarläroverken
1437 2099 244 47 uppflyttning
1701 2101 114 45 enligt
1834 2096 170 51 gällande

417 2144 167 46 grunder
611 2144 13 34 i
649 2144 102 45 högre
779 2144 172 49 lönegrad
979 2146 236 37 erfordrades
1243 2148 81 35 från
1354 2149 66 35 och
1449 2149 82 35 med
1560 2153 39 31 år
1631 2152 104 41 1878,
1764 2151 90 35 efter
1876 2151 129 50 afdrag

418 2193 57 36 för
503 2195 46 34 de
577 2195 252 48 besparingar,
858 2210 80 22 som
965 2210 132 34 genom
1127 2198 98 35 äldre
1254 2200 139 35 lärares
1423 2199 137 49 afgång
1588 2201 124 36 kunde
1741 2207 148 42 antagas
1914 2216 91 35 upp-

418 2245 159 44 komma,
611 2258 43 23 en
683 2259 144 23 summa
855 2247 143 37 utöfver
1027 2249 62 35 det
1119 2262 48 22 nu
1196 2251 186 47 utgående
1412 2252 367 49 läroverksanslaget,
1808 2253 39 36 af
1871 2256 133 41 30,000

418 2296 148 45 kronor,
595 2296 66 36 har
687 2296 135 51 Kongl.
852 2298 102 48 Maj:t
975 2299 56 36 för
1052 2300 159 36 berörda
1233 2301 170 36 ändamål
1425 2303 104 35 äskat
1550 2307 53 31 ett
1623 2304 128 47 anslag
1770 2304 57 35 till
1842 2305 162 36 nämnda

1771 2355 133 50 belopp
