2214 2697
449 212 38 28 26
887 210 102 32 Stats-
1000 206 171 48 Utskottets
1184 212 168 33 Utlåtande
1374 213 63 33 N:o
1458 215 50 31 21.

405 297 109 36 hamn
555 297 225 49 utvidgning
820 299 81 37 från
942 306 76 31 tre-
1059 301 56 36 till
1149 300 241 50 femklassigt,
1423 304 178 37 likaledes
1635 303 79 37 från
1743 305 68 37 och
1841 306 83 36 med
1954 309 40 33 år

408 351 106 44 1878,
544 349 137 47 bevilja
709 352 110 43 5,600
847 351 148 37 kronor.

537 401 239 37 Beträffande
806 403 69 36 den
905 404 134 36 äskade
1068 405 397 50 anslagstillökningen
1492 406 60 37 för
1579 408 208 36 läroverket
1814 409 9 35 i
1850 408 142 38 Sunds-

405 452 73 36 vall
505 453 185 36 inhemtas
718 453 40 36 af
780 455 412 50 statsrådsprotokollet
1219 455 82 48 (Bil.
1328 457 65 37 N:r
1426 460 33 42 7,
1487 458 68 37 sid.
1585 461 45 35 43
1646 460 68 35 och
1735 457 74 49 44),
1830 465 53 31 att
1903 460 90 37 den-

405 517 138 24 samma
582 518 87 23 vore
710 505 221 50 erforderlig
970 508 57 36 till
1067 508 161 49 aflöning
1270 512 37 33 åt
1340 512 63 33 två
1429 510 159 37 lektorer
1615 517 97 31 samt
1739 512 57 36 till
1824 511 169 50 förhöjda

404 555 176 37 arfvoden
622 560 35 32 åt
698 559 124 35 rektor
860 559 67 35 och
961 559 284 50 öfningslärare;
1281 561 68 35 och
1383 561 68 36 har
1478 561 203 46 Utskottet,
1709 571 90 28 enär
1827 563 46 36 de
1902 565 90 44 skäl,

403 620 80 23 som
511 607 124 38 blifvit
661 609 156 37 anförda
844 611 57 35 till
929 610 84 37 stöd
1041 610 58 37 för
1125 611 162 37 nämnda
1314 613 187 37 läroverks
1529 614 236 50 utvidgning,
1794 621 105 44 synts
1919 617 75 35 till-

403 658 303 50 fyllestgörande,
746 668 92 30 samt
871 661 56 37 för
954 663 269 49 utvidgningen
1253 664 119 36 skulle
1400 666 99 48 gälla
1526 665 64 37 det
1617 667 132 45 vilkor,
1778 673 55 30 att
1860 668 133 36 staden

403 710 201 37 Sundsvall
643 711 182 38 förbunde
866 715 56 45 sig
959 720 54 29 att
1041 714 258 36 kostnadsfritt
1327 716 280 36 tillhandahålla
1634 719 99 34 lokal
1760 718 58 35 för
1845 719 63 35 det
1935 725 58 29 ut-

404 761 159 49 vidgade
591 763 226 44 läroverket,
844 763 126 37 funnit
998 765 57 47 sig
1082 765 90 36 böra
1199 765 186 50 tillstyrka
1413 765 211 50 Riksdagen
1654 774 55 30 att
1737 768 72 36 den
1837 769 156 37 sålunda

404 813 134 36 äskade
568 814 410 50 anslagsförhöjningen
1006 816 146 48 bevilja.

536 864 106 36 Hvad
684 870 113 43 angår
839 867 70 35 den
951 867 210 47 föreslagna
1194 869 269 48 utvidgningen
1493 868 39 37 af
1555 871 211 35 läroverket
1794 872 11 33 i
1834 870 158 37 Oskars-

403 915 124 42 hamn,
568 917 182 36 inhemtas
789 918 139 48 jemväl
957 918 38 36 af
1026 919 410 50 statsrådsprotokollet
1483 919 84 47 (Bil.
1596 921 68 37 N:o
1693 924 30 42 7,
1752 921 67 37 sid.
1848 924 48 34 44
1925 923 67 36 och

403 965 74 47 45),
522 972 51 31 att
610 967 126 37 härför
762 969 178 37 likaledes
968 970 118 36 skulle
1114 971 97 48 gälla
1238 974 120 34 såsom
1385 972 132 44 vilkor,
1546 978 55 31 att
1628 973 227 36 kommunen
1883 974 109 36 beko-

403 1018 104 36 stade
548 1018 57 36 för
646 1019 62 36 det
743 1021 204 49 utvidgade
983 1022 210 36 läroverket
1225 1022 86 37 fullt
1343 1023 293 49 ändamålsenlig
1662 1025 109 45 lokal,
1800 1023 191 38 äfvensom

402 1075 54 30 att
497 1069 64 37 det
594 1071 136 37 äskade
760 1072 326 49 anslagsbeloppet
1114 1087 85 23 vore
1228 1074 120 37 afsedt
1375 1075 57 36 till
1460 1074 299 50 löneförhöjning
1786 1079 38 33 åt
1851 1076 140 45 rektor,

402 1122 103 35 löner
533 1125 37 32 åt
599 1124 19 33 3
647 1135 72 36 nya
759 1124 168 49 kolleger
968 1125 70 35 och
1071 1123 213 50 förhöjning
1312 1127 11 34 i
1352 1125 312 49 öfningslärarnes
1697 1126 188 38 arfvoden.
1938 1128 54 36 De

402 1172 272 46 förhållanden,
703 1187 81 23 som
811 1175 124 36 blifvit
963 1175 152 37 anförda
1142 1180 122 32 såsom
1292 1177 221 48 påkallande
1534 1192 45 22 en
1595 1178 225 49 utvidgning
1836 1178 39 37 af
1892 1180 100 36 detta

401 1224 181 44 läroverk,
623 1225 107 36 hafva
763 1225 110 37 äfven
901 1233 103 43 synts
1032 1226 174 48 förtjenta
1235 1227 38 36 af
1297 1227 190 45 afseende;
1517 1242 94 32 men,
1639 1230 12 35 i
1677 1230 249 36 betraktande
1955 1230 40 37 af

403 1273 269 39 Oskarshamns
706 1277 185 48 egenskap
920 1284 55 30 att
1002 1291 88 23 vara
1117 1278 310 50 hufvudsakligen
1455 1293 43 22 en
1527 1280 247 45 handelsstad,
1802 1294 88 24 vore
1920 1281 71 44 det,

403 1326 115 48 enligt
545 1326 213 38 Utskottets
785 1327 247 46 förmenande,
1066 1330 214 48 lämpligast
1308 1337 54 30 att
1391 1331 71 36 den
1486 1330 212 49 föreslagna
1718 1332 271 49 utvidgningen

402 1377 131 36 endast
573 1378 147 37 komme
760 1385 54 30 att
853 1380 77 36 afse
966 1381 204 36 reallinien.
1224 1381 74 36 Till
1330 1382 82 36 stöd
1440 1381 58 37 för
1526 1383 120 37 denna
1672 1384 237 48 uppfattning
1935 1384 56 37 får

401 1427 192 38 Utskottet
620 1430 161 49 åberopa
809 1431 63 36 det
901 1430 38 37 af
963 1431 416 48 Departementschefen
1418 1435 55 34 uti
1492 1434 193 49 yttrandet
1714 1435 57 36 till
1791 1435 199 37 statsråds-

401 1480 227 48 protokollet
656 1480 84 47 (Bil.
767 1481 69 37 N:o
866 1485 33 41 7,
928 1483 67 35 sid.
1025 1480 62 47 45)
1116 1483 148 48 angifna
1304 1484 113 50 syftet
1456 1485 85 36 med
1583 1486 72 36 den
1695 1486 208 49 föreslagna
1930 1493 61 30 ut-

401 1530 241 48 vidgningen,
671 1538 54 31 att
752 1533 187 48 nemligen
967 1534 136 36 bereda
1130 1535 195 48 ynglingar
1353 1535 144 37 tillfälle
1524 1536 54 36 till
1605 1536 264 39 förvärfvande
1889 1537 38 38 af
1945 1539 44 35 de

401 1582 221 48 kunskaper,
651 1596 78 23 som
758 1584 129 48 gjorde
917 1585 83 35 dem
1028 1598 133 32 mogne
1189 1592 54 29 att
1271 1587 88 35 söka
1378 1587 144 36 inträde
1539 1587 63 36 vid
1618 1588 171 36 tekniska
1804 1590 183 44 läroverk,

400 1632 171 37 handels-
614 1635 68 35 och
717 1634 377 38 landtbruksinstitut
1127 1649 47 23 m.
1203 1650 45 22 m.
1302 1637 73 37 För
1402 1638 246 48 bibringande
1677 1640 40 36 af
1741 1640 209 49 kunskaper
1977 1642 11 34 i

401 1683 122 37 denna
550 1686 165 48 rigtning
743 1686 108 36 torde
880 1692 52 30 ett
959 1688 183 44 läroverk,
1170 1701 77 23 som
1277 1689 238 36 uteslutande
1544 1689 97 37 afser
1669 1691 71 36 den
1765 1692 102 36 reala
1892 1691 95 37 bild-

400 1735 148 49 ningen,
592 1737 167 35 befinnas
799 1738 215 48 lämpligare
1051 1746 45 28 än
1125 1744 54 31 ett
1205 1739 144 45 sådant,
1379 1740 65 35 der
1472 1740 314 50 undervisningen
1815 1750 39 28 är
1882 1742 106 37 delad

399 1789 48 45 på
480 1786 97 37 båda
603 1788 163 36 linierna.
820 1788 127 48 Enligt
975 1789 97 36 hvad
1099 1789 190 38 Utskottet
1315 1791 194 45 inhemtat,
1537 1792 119 37 skulle
1684 1793 205 37 emellertid
1919 1794 68 36 den

399 1838 138 35 äskade
565 1839 395 49 anslagstillökningen
988 1841 11 34 i
1027 1841 66 35 allt
1119 1841 65 36 fall
1211 1842 118 36 blifva
1357 1843 56 35 till
1443 1841 244 39 oförändradt
1713 1845 141 49 belopp
1873 1844 114 37 erfor-

399 1887 137 49 derlig;
577 1890 66 36 och
683 1890 66 36 har
782 1889 193 38 Utskottet
1002 1891 101 49 förty
1131 1899 121 30 ansett
1280 1894 57 48 sig
1363 1893 90 37 böra
1480 1894 187 50 tillstyrka
1695 1895 211 49 Riksdagen
1935 1902 51 31 att

397 1938 217 39 densamma
640 1942 145 47 bevilja,
813 1942 94 36 dock
935 1942 83 36 med
1045 1942 248 47 förklarande,
1322 1950 54 31 att
1403 1944 273 51 utvidgningen
1695 1946 39 37 af
1744 1946 242 38 förevarande

397 1990 172 37 läroverk
598 1992 131 37 endast
756 1996 60 33 må
844 1993 76 36 afse
950 1993 72 36 den
1050 1995 98 36 reala
1175 1995 321 48 bildningslinien.

547 2044 53 36 På
627 2044 119 47 grund
774 2043 39 37 af
837 2044 98 36 hvad
963 2045 156 36 sålunda
1147 2045 234 38 förekommit
1408 2048 68 35 och
1506 2047 151 46 anförts,
1685 2048 208 38 hemställer
1920 2049 66 37 Ut-

396 2094 155 45 skottet,

842 2150 65 40 att,
942 2146 119 37 under
1089 2146 108 38 ofvan
1225 2148 243 37 omförmälda
1496 2150 120 36 vilkor
1642 2151 11 35 i
1682 2149 176 39 afseende
1885 2154 20 33 å
1931 2152 54 36 1o-

791 2196 102 36 kaler
931 2196 59 37 för
1029 2198 47 36 de
1111 2199 197 49 utvidgade
1341 2200 234 46 läroverken,
1608 2205 60 32 må
1695 2201 81 37 från
1804 2202 67 37 och
1900 2203 84 36 med

793 2249 39 33 år
862 2249 94 34 1878
985 2249 157 37 anvisas:
