2225 2670
706 223 103 31 Stats-
822 219 168 47 Utskottets
1007 225 164 32 Utlåtande
1195 227 60 32 N:o
1277 229 50 31 21.
1740 236 37 28 77

369 309 60 36 vid
478 310 79 35 7:de
599 311 160 47 punkten
810 326 103 22 mom.
956 315 28 42 b,
1024 327 17 24 ec
1081 316 69 35 och
1193 317 24 34 d
1263 315 204 51 (angående
1513 320 233 50 ombildning
1786 323 37 37 af

219 360 291 48 adjunkturerna
551 362 61 35 vid
654 362 223 37 Karolinska
918 364 203 47 institutet)
1155 367 36 35 af
1222 367 137 38 Herrar
1389 369 82 37 Carl
1501 371 152 43 Ekman,
1683 373 136 38 Grefve

217 410 35 37 C.
281 411 224 45 Beck-Friis,
537 412 167 37 Friherre
732 415 39 35 F.
802 428 68 22 von
897 416 115 36 Essen
1042 417 66 36 och
1138 416 134 39 Grefve
1302 419 41 37 G.
1372 420 149 48 Sparre,
1539 423 125 36 hvilka
1678 426 141 47 yrkade

219 468 54 29 att
303 463 211 35 Utskottets
541 465 175 47 yttrande
746 466 159 35 rörande
935 467 131 47 Kongl.
1096 468 122 48 Maj:ts
1252 471 4 34 i
1286 478 125 29 ämnet
1439 471 215 38 framstälda
1682 474 138 52 förslag

219 515 113 33 måtte
375 514 140 35 erhålla
557 513 162 50 följande
760 516 225 37 förändrade
1020 518 157 49 lydelse:
1207 520 125 37 »Hvad
1362 522 37 36 af
1428 523 131 47 Kongl.
1588 524 105 48 Maj:t
1720 526 98 37 före-

219 564 129 47 slagits
392 565 67 35 har
488 566 8 33 i
528 565 212 38 hufvudsak
770 569 133 34 vunnit
932 567 209 39 Utskottets
1169 572 175 47 gillande.
1400 574 98 36 Enär
1527 576 205 36 emellertid
1764 577 56 37 för

218 615 45 35 de
293 615 188 36 ordinarie
511 617 277 47 professorerne
816 620 9 33 i
855 620 173 43 medicin,
1058 621 141 47 kirurgi
1228 624 69 34 och
1328 624 181 48 pediatrik
1530 627 143 36 lönerna
1697 628 123 37 blifvit

217 665 194 37 bestämda
451 668 57 34 till
551 674 54 29 ett
646 670 147 47 belopp,
834 683 80 23 som
944 672 84 34 med
1059 674 70 34 500
1157 674 140 35 kronor
1326 675 234 47 understiger
1588 677 116 50 öfrige
1733 680 83 35 med

215 716 342 37 boställsförmåner
597 720 31 45 ej
672 719 172 37 försedde
885 721 182 36 ordinarie
1108 723 257 48 professorers,
1406 727 126 44 borde,
1562 728 47 35 då
1637 728 45 37 de
1710 736 106 31 extra

215 767 188 37 ordinarie
446 768 277 49 professorerne
766 772 10 34 i
819 771 105 36 dessa
964 779 56 30 tre
1063 780 132 30 ämnen
1222 775 140 47 jemväl
1391 777 145 37 komme
1565 784 55 31 att
1648 781 167 48 uppbära

214 818 179 37 arfvoden
437 820 79 35 från
559 827 112 29 annat
713 822 83 44 håll,
840 822 105 35 deras
988 824 101 35 löner
1129 826 177 35 likaledes
1347 833 116 30 sättas
1494 830 56 34 till
1579 832 71 34 500
1679 832 137 35 kronor

214 870 102 47 lägre
348 869 135 50 belopp
511 878 43 28 än
585 872 114 35 andre
728 878 105 30 extra
862 873 185 37 ordinarie
1077 874 257 49 professorers,
1365 879 68 35 och
1462 880 11 34 i
1502 879 94 49 följd
1626 881 111 36 häraf
1752 882 63 36 det

214 919 58 36 för
313 921 307 49 löneförbättring
661 926 37 31 åt
739 923 198 48 adjunkter
979 938 45 22 m.
1063 939 46 21 m.
1146 926 154 37 afsedda
1337 929 173 48 beloppet
1538 932 163 35 minskas
1731 933 83 36 med

216 973 107 41 1,500
350 972 149 36 kronor.

345 1022 52 36 På
424 1024 125 46 grund
578 1024 111 36 häraf
715 1025 223 44 hemställes,

664 1081 54 30 att
758 1075 131 48 Kongl.
924 1077 121 47 Maj:ts
1074 1079 134 49 nådiga
1236 1079 317 50 framställningar
1581 1085 10 34 i
1621 1083 105 50 fråga
1753 1099 60 22 om

614 1126 214 36 Karolinska
859 1127 373 49 mediko-kirurgiska
1262 1132 187 36 institutet
1477 1137 59 32 må
1564 1135 113 36 vinna
1704 1136 110 36 Riks-

614 1177 140 46 dagens
796 1177 120 45 bifall;
950 1179 96 36 dock
1084 1186 54 30 att
1167 1181 63 35 det
1257 1183 54 34 till
1339 1183 315 50 löneförbättring
1682 1190 37 32 åt
1747 1188 66 35 ad-

605 1228 156 47 Junkter
803 1242 45 21 m.
891 1242 46 22 m.
980 1229 151 37 afsedda
1172 1233 336 49 anslagsbeloppet,
1542 1235 38 36 af
1609 1236 109 37 ofvan
1747 1251 65 22 an-

608 1278 106 48 gifna
741 1279 93 45 skäl,
863 1280 188 37 nedsättes
1079 1282 57 35 till
1168 1284 133 43 10,000
1330 1284 168 37 kronor.»

359 1379 62 36 vid
452 1380 107 35 15:de
580 1380 164 47 punkten
773 1394 102 23 mom.
899 1395 21 23 a
941 1381 205 50 (angående
1168 1385 441 40 elementarläroverkens
1625 1390 187 36 allmänna

209 1428 242 48 anordning):
661 1446 4 2 |

344 1480 38 36 af
419 1480 97 36 Herr
557 1481 135 38 Grefve
733 1483 90 36 Axel
863 1484 160 46 Mörner,
1065 1500 80 22 som
1174 1488 166 49 yttrade:
1369 1487 160 38 »Genom
1559 1490 70 36 den
1658 1492 151 48 nyligen

209 1531 171 48 öppnade
419 1533 203 46 jernvägen
665 1535 155 34 emellan
863 1534 694 47 Oxelösund—Flen—Vestmanland,
1587 1542 65 35 har
1680 1542 131 37 staden

209 1581 199 49 Nyköping
417 1577 16 64 .
449 1583 147 35 erhållit
637 1597 43 22 en
710 1584 208 37 förbättrad
953 1587 316 37 kommunikation
1299 1603 79 22 som
1407 1592 208 45 säkerligen
1644 1592 166 37 kommer

209 1638 54 28 att
295 1632 140 36 tillföra
470 1634 409 37 elementarläroverket
913 1637 192 37 derstädes
1134 1653 44 22 en
1208 1640 168 48 betydlig
1404 1642 199 47 tillökning
1631 1643 9 34 i
1671 1644 139 47 lärjun-

208 1695 131 34 garnes
375 1685 110 41 antal,
519 1685 143 35 hvilket
686 1686 139 46 jemväl
855 1688 108 35 torde
992 1690 148 35 komma
1169 1696 54 29 att
1251 1691 88 36 ökas
1367 1692 10 34 i
1405 1691 92 47 följd
1528 1693 38 35 af
1590 1693 114 36 andra
1732 1707 79 23 om-

209 1733 269 47 ständigheter,
509 1734 195 37 deribland
734 1740 58 31 må
821 1745 153 29 nämnas
1004 1741 241 46 möjligheten
1276 1741 39 36 af
1339 1755 45 22 en
1413 1755 86 23 snar
1528 1744 220 48 utvidgning
1776 1746 39 35 af

208 1784 69 35 den
320 1785 230 36 industriella
589 1787 285 36 verksamheten
916 1789 10 34 i
967 1795 116 39 ortén,
1127 1791 85 36 med
1254 1792 105 36 deraf
1395 1791 194 39 föranledd
1619 1796 189 36 tillväxt
1788 1780 22 58 i

206 1834 279 48 folkmängden.
540 1837 67 35 Att
650 1838 116 35 under
807 1839 137 36 sådana
985 1841 258 37 förhållanden
1275 1844 144 35 besluta
1447 1858 42 22 en
1518 1845 227 49 indragning
1773 1847 38 36 af

207 1886 318 49 undervisningen
556 1889 10 34 i
595 1888 70 35 den
694 1890 99 35 reala
822 1891 133 36 liniens
984 1892 131 48 sjunde
1144 1893 96 36 klass
1269 1894 61 36 vid
1357 1896 251 48 nyssnämnda
1629 1898 179 44 läroverk,

207 1937 107 35 torde
344 1938 91 45 icke
476 1952 88 22 vara
605 1939 322 48 ändamålsenligt,
962 1943 170 36 hvarföre
1156 1945 65 46 jag
1249 1948 112 45 vågar
1389 1942 185 58 tillstyrka

607 1996 54 29 att
689 1994 121 44 någon
839 1992 218 50 förändring
1098 1995 10 34 i
1149 1994 175 37 afseende
1354 2000 19 32 å
1401 1997 316 49 undervisningen
1745 2000 61 36 vid

608 2042 113 47 högre
762 2043 422 38 elementarläroverket
1223 2047 10 33 i
1269 2046 198 50 Nyköping
1494 2047 59 37 för
1580 2052 227 34 närvarande

608 2092 78 35 icke
716 2096 58 32 må
801 2093 40 35 af
864 2093 210 50 Riksdagen
1102 2097 194 36 beslutas.»

344 2191 61 35 vid
448 2192 106 35 I9:de
589 2194 162 46 punkten
789 2193 207 50 (angående
1040 2196 590 41 folkskolelärareseminariernas
1659 2203 147 47 utvidg-

205 2242 91 47 ning
325 2255 45 22 m.
401 2241 82 46 m.):

343 2292 39 36 af
407 2292 139 37 Herrar
575 2292 136 38 Grefve
740 2295 91 37 Axel
857 2296 151 37 Mörner
1036 2299 70 34 och
1135 2299 85 37 Liss
1248 2299 85 50 Olof
1358 2301 183 45 Larsson;
