2212 2698
474 211 36 28 14
954 208 98 32 Stats-
1062 209 162 31 Utskottets
1253 209 165 33 Utlåtande
1444 211 56 30 N:o
1523 211 50 31 21.

429 298 164 46 räckliga
634 296 122 38 medel
798 297 57 37 för
896 298 327 36 åstadkommande
1264 298 39 36 af
1341 298 44 37 de
1420 298 54 37 för
1503 298 110 38 ofvan
1641 299 179 60 uppgifna
1849 300 173 37 ändamål

429 350 185 44 behöfliga
655 350 127 47 anslag
823 350 65 35 och
931 349 177 49 derjemte
1150 356 53 30 ett
1243 349 202 38 öfverskott
1486 351 60 36 vid
1577 351 135 49 Upsala
1740 352 218 37 universitet
1987 352 38 38 af

430 404 108 43 8,000
567 403 138 35 kronor
732 382 67 55 och
829 401 61 36 vid
921 403 259 35 universitetet
1208 403 11 34 i
1247 402 105 36 Lund
1383 402 38 36 af
1446 405 107 42 6,250
1582 405 147 34 kronor.

570 453 15 35 I
613 453 131 49 sjelfva
774 454 126 35 verket
928 453 117 36 borde
1074 454 204 35 emellertid
1309 454 107 36 dessa
1444 432 209 59 öfverskott
1682 455 117 36 blifva
1828 459 111 43 något
1958 457 64 35 hö-

430 519 64 33 gre
536 506 79 42 och,
657 503 36 38 af
734 504 153 37 anförda
928 505 90 45 skäl,
1061 506 145 35 komma
1236 511 53 31 att
1317 510 127 45 uppgå
1471 506 55 36 för
1555 506 136 49 Upsala
1720 507 217 37 universitet
1964 509 58 35 till

430 535 21 57 9
458 559 83 39 500
574 535 137 58 kronor
740 558 66 34 och
836 556 57 36 för
922 535 256 58 universitetet
1206 558 10 34 i
1245 557 108 36 Lund
1381 559 56 34 till
1468 561 107 41 6,750
1605 560 146 40 kronor,
1781 559 84 36 med
1896 559 125 37 hvilka

429 610 196 73 tillgångar
658 614 155 41 utväcar
841 608 119 36 skulle
990 608 156 36 beredas
1174 614 53 31 att
1257 609 198 46 tillgodose
1484 610 64 36 det
1576 609 39 36 af
1641 610 212 49 Riksdagen
1883 610 136 36 omför-

431 660 121 36 mälda
575 651 118 45 behof
718 651 38 45 af
782 660 117 35 medel
927 660 56 35 för
1014 660 246 48 upprättande
1288 661 35 35 af
1336 640 191 69 tillfälliga
1544 642 478 69 professorsbeställningar

429 713 69 34 och
528 712 136 47 rörliga
692 711 356 57 docentstipendier.
1098 711 235 36 Beträffande
1363 712 63 35 det
1454 693 84 63 sätt,
1569 713 144 56 hvarpå
1738 713 91 35 först
1857 714 163 35 nämnda

428 762 169 35 ändamål
618 743 123 54 borde
770 762 137 43 vinnas,
938 762 91 35 hade
1058 761 44 36 de
1131 762 271 49 myndigheter,
1431 775 80 23 som
1539 768 120 45 yttrat
1686 763 56 49 sig
1770 764 10 34 i
1808 762 141 45 frågan,
1977 766 45 46 på

429 814 90 43 skäl,
548 827 79 22 som
656 819 125 44 syntes
811 812 85 36 fullt
925 813 140 47 giltiga,
1096 813 160 48 afstyrkt
1284 814 210 36 inrättande
1535 814 37 36 af
1601 793 170 68 ständiga
1800 792 222 81 professors-

428 843 104 57 löner
572 864 57 37 för
671 865 104 35 detta
816 864 183 36 ändamål.
1054 865 54 36 Då
1149 865 183 46 nemligen
1363 864 177 37 behofvet
1569 865 40 37 af
1633 847 260 65 lärareplatser
1921 867 10 34 i
1960 866 60 36 be-

429 916 146 36 stämda
616 923 132 29 ämnen
789 928 90 24 vore
909 915 191 48 grundadt
1128 916 10 35 i
1155 916 132 44 kända,
1317 929 99 23 mera
1445 917 289 48 stadigvarande
1763 916 259 37 förhållanden

428 968 10 34 i
481 967 169 36 afseende
685 971 45 44 på
768 947 309 68 vetenskapernas
1117 973 111 30 natur
1274 968 69 35 och
1387 969 226 47 utveckling,
1657 972 39 32 så
1739 968 165 37 berodde
1946 970 75 35 till-

429 1019 212 49 sättningen
676 1018 39 36 af
737 1018 188 47 tillfälliga
956 1018 373 49 lärarebefattningar
1358 1023 44 43 på
1432 1001 186 55 huruvida
1648 1020 65 35 och
1741 1021 11 34 i
1771 1020 148 36 hvilken
1936 1024 85 32 mån

429 1071 163 48 ovanligt
621 1069 245 37 framstående
880 1049 204 69 förmågor
1113 1050 228 57 framträdde
1370 1071 66 36 och
1464 1071 128 48 gjorde
1622 1072 56 47 sig
1701 1071 171 48 gällande
1888 1085 134 36 genom

431 1121 142 47 utgifna
602 1121 267 58 förtjenstfulla
898 1099 277 75 vetenskapliga
1204 1123 163 35 arbeten.
1423 1122 71 35 Det
1521 1122 133 36 funnes
1681 1123 110 44 tider,
1820 1123 45 35 då
1885 1123 138 36 sådana

428 1154 193 65 samtidigt
662 1173 128 35 visade
832 1173 56 45 sig
930 1173 10 34 i
984 1172 218 36 oförmodad
1243 1174 179 43 rikedom,
1465 1174 66 34 och
1566 1174 114 35 andra
1710 1152 96 58 tider
1834 1174 186 44 inträdde,

430 1224 46 35 då
504 1224 45 35 de
578 1236 89 23 vore
698 1236 78 23 mer
804 1224 66 35 säll
866 1200 155 76 Isporda.
1077 1223 66 36 Att
1171 1224 59 34 vid
1261 1224 137 35 sådana
1426 1224 255 36 förhållanden
1711 1225 139 35 inrätta
1879 1225 65 35 och
1975 1228 47 45 på

428 1280 74 30 stat
545 1274 161 49 uppföra
746 1280 54 30 ett
829 1274 186 36 bestämdt
1043 1275 99 35 antal
1172 1276 115 42 löner,
1316 1275 123 36 hvilka
1467 1276 188 35 sannolikt
1682 1289 75 36 nog
1785 1277 148 34 komme
1963 1282 55 29 att

429 1327 10 34 i
470 1326 70 35 alla
569 1326 197 35 händelser
795 1325 118 36 förses
942 1326 81 34 med
1053 1325 250 44 innehafvare,
1333 1332 126 43 syntes
1488 1327 78 35 icke
1596 1327 319 48 ändamålsenligt.
1948 1327 74 35 Det

429 1390 86 22 vore
543 1376 145 36 derföre
718 1376 82 35 med
830 1376 105 36 dessa
964 1377 255 48 egendomliga
1248 1376 256 37 förhållanden
1534 1384 91 29 mest
1653 1377 186 49 förenligt,
1870 1391 58 22 om
1959 1391 64 23 ve-

429 1428 230 35 derbörande
702 1427 157 36 fakultet
901 1427 91 46 egde
1034 1433 64 38 att,
1132 1427 48 35 då
1212 1428 200 47 anledning
1440 1429 125 35 dertill
1593 1429 177 48 yppades,
1799 1436 91 40 göra
1919 1429 103 36 hem-

429 1480 133 34 ställan
604 1492 58 22 om
698 1479 227 35 anställande
954 1478 62 36 vid
1045 1479 268 35 universiteten
1344 1478 39 37 af
1406 1493 118 36 yngre
1552 1480 355 48 vetenskapsidkare
1937 1480 85 35 med

430 1530 162 36 särdeles
634 1529 281 49 hoppgifvande
952 1530 116 48 anlag.
1124 1529 225 47 Pröfningen
1379 1531 123 35 kunde
1531 1531 63 35 vid
1625 1537 52 29 ett
1705 1531 131 35 sådant
1865 1537 74 30 sätt
1967 1536 55 31 att

427 1585 46 44 gå
514 1582 56 34 till
612 1589 93 37 väga
745 1581 80 35 icke
867 1580 114 36 blifva
1011 1586 111 30 annat
1150 1588 44 27 än
1222 1562 137 66 ganska
1391 1582 179 47 allvarlig.
1625 1581 53 36 De
1706 1582 147 48 belopp,
1883 1583 139 85 Sr

429 1632 115 47 enligt
585 1632 96 35 hvad
717 1631 107 37 ofvan
854 1632 123 35 blitvit
1005 1632 163 44 nämndt,
1197 1610 77 57 icke
1303 1631 121 37 blefve
1452 1631 58 37 för
1537 1633 213 36 inrättande
1781 1633 39 36 af
1846 1632 130 37 fasta
1981 1641 39 27 lä-

426 1684 222 46 rareplatser
688 1684 89 35 eller
819 1683 60 34 vid
921 1682 248 36 fakulteterna
1208 1682 144 37 fästade
1392 1684 343 48 docentstipendier
1764 1683 256 49 erforderliga,

428 1741 125 43 syntes
583 1733 143 36 derföre
760 1735 90 34 böra
877 1735 123 34 ställas
1029 1735 57 34 till
1115 1734 133 46 Kongl.
1279 1734 121 48 Maj:ts
1429 1735 222 46 disposition
1679 1735 58 35 för
1765 1741 54 29 att
1848 1735 62 35 vid
1939 1735 80 36 uni-

428 1786 197 35 versiteten
655 1784 174 37 förvaltas
858 1785 78 45 och,
965 1785 10 35 i
1005 1785 70 35 den
1105 1785 158 47 ordning
1291 1785 134 50 Kongl.
1456 1786 103 47 Maj:t
1587 1786 125 36 kunde
1741 1787 97 35 finna
1861 1785 54 37 för
1931 1786 89 48 godt

428 1836 233 43 föreskrifva,
703 1836 187 36 användas
930 1837 57 34 till
1017 1837 165 48 aflöning
1210 1836 56 36 för
1294 1838 213 47 personliga
1537 1837 482 48 professorsbeställningar

427 1888 88 35 eller
543 1888 55 34 till
626 1888 138 45 rörliga
792 1886 350 48 docentstipendier.

560 1919 268 55 Innehafvarne
857 1937 38 35 af
920 1938 44 35 de
992 1938 154 35 sålunda
1174 1939 203 47 föreslagna
1405 1952 71 35 nya
1510 1938 509 49 professorsbefattningarne

428 1989 93 35 hade
551 1989 39 35 af
616 1990 262 34 konsistorium
908 1990 9 33 i
948 1988 134 48 Upsala
1113 1990 192 35 benämnts
1335 1990 218 35 biträdande
1575 1989 239 49 professorer,
1844 1990 39 36 af
1894 1990 125 36 Lunds

429 2041 263 34 konsistorium
721 2039 415 48 fakultetsprofessorer,
1166 2041 68 35 och
1264 2040 37 35 af
1326 2041 330 35 kanslersembetet
1696 2046 104 30 extra
1834 2041 183 35 ordinarie

428 2090 237 48 professorer.
719 2091 281 57 Benämningen
1030 2091 10 34 i
1068 2091 55 48 sig
1151 2091 84 48 sjelf
1259 2104 87 23 vore
1382 2092 216 46 visserligen
1639 2091 39 36 af
1715 2091 86 48 föga
1842 2092 177 49 betyden-

428 2142 72 43 het,
543 2154 82 23 men
660 2142 46 35 då
734 2142 101 35 det
812 2138 25 55 I
841 2123 110 54 ikväl
966 2154 89 24 vore
1084 2118 132 76 nödigt
1244 2148 65 38 att,
1337 2142 57 36 för
1436 2148 53 30 att
1522 2143 31 48 ej
1583 2143 233 47 grundlägga
1857 2143 64 35 allt
1962 2142 57 36 för

427 2199 100 29 stora
563 2193 157 48 anspråk
749 2194 10 33 i
787 2193 264 47 aflöningsväg,
1081 2174 116 67 välja
1206 2199 53 30 ett
1287 2170 110 58 anna
1425 2207 109 21 namn
1570 2201 43 27 än
1654 2194 183 35 ordinarie
1879 2193 139 49 profes-

425 2257 92 29 sors,
558 2252 127 40 syntes
726 2244 78 35 skäl
833 2244 79 35 icke
924 2222 218 57 förefinnas
1176 2250 53 30 att
1263 2244 131 47 frångå
1423 2244 70 35 den
1523 2244 38 36 af
1587 2244 336 37 Kanslersembetet
1951 2258 66 21 an-

430 2294 120 37 vända
579 2295 281 47 benämningen,
889 2298 120 33 såsom
1040 2295 66 36 hos
1136 2308 58 23 oss
1236 2296 111 35 redan
1377 2294 237 38 häfdvunnen
1644 2296 10 34 i
1683 2296 116 36 denna
1815 2296 202 49 betydelse.
