2228 2690
232 516 142 31 Angående

224 551 92 30 anslag
334 550 45 24 till

218 586 75 30 högre
312 584 86 24 skolor

225 621 42 26 för
287 615 109 36 qvinligj)

248 654 115 31 ungdom.

245 2086 134 30 Angående

234 2120 157 31 ombyggnad

222 2155 33 25 af
266 2154 138 31 folkskole-

237 2188 146 23 lärarinne-

238 2223 150 22 seminarie-

222 2256 148 30 byggnaden
388 2256 11 21 i

236 2289 152 24 Stockholm.

463 216 37 27 58
904 210 98 32 Stats-
1012 210 164 31 Utskottets
1205 208 167 32 Utlåtande
1395 207 64 32 N:o
1481 208 50 31 21.

871 305 54 30 att
965 298 212 49 Riksdagen
1218 301 59 32 må
1317 297 63 36 det
1420 298 59 35 till
1521 296 167 49 praktisk
1728 294 215 50 utbildning
1984 295 40 36 af

822 350 188 37 blifvande
1039 351 320 35 elementarlärare
1388 348 136 37 äskade
1553 349 144 47 belopp,
1723 348 130 43 15,000
1869 347 151 44 kronor,

820 407 45 44 på
893 409 106 29 extra
1027 408 73 29 stat
1129 401 54 36 för
1207 405 40 32 år
1278 403 94 33 1878
1402 401 139 35 anvisa.

559 510 93 34 43:o.
707 506 72 36 Till
810 504 204 37 understöd
1042 507 38 33 åt
1108 504 102 46 högre
1239 503 114 36 skolor
1372 503 68 49 för
1469 502 132 49 qvinlig
1628 503 159 47 ungdom
1807 502 66 35 har
1890 500 130 48 Kongl.

426 561 104 47 Maj:t
559 560 104 34 äskat
692 564 52 30 ett
773 563 102 30 extra
906 556 127 46 anslag
1061 554 58 36 för
1147 559 39 31 år
1217 556 93 34 1878
1339 555 57 34 till
1425 567 138 23 samma
1593 554 144 48 belopp,
1766 566 81 22 som
1877 552 63 36 det
1968 552 54 36 för

426 610 248 37 innevarande
705 613 37 31 år
771 608 196 47 beviljade,
997 608 86 34 eller
1111 608 133 42 40,000
1274 607 151 42 kronor,
1453 611 54 30 att
1536 605 118 35 under
1683 604 191 36 enahanda
1904 605 118 35 vilkor

427 663 39 36 af
504 662 131 49 Kongl.
677 660 103 48 Maj:t
821 660 231 48 disponeras;
1095 658 201 46 hvarjemte
1338 657 55 36 uti
1435 670 45 23 en
1515 657 96 35 inom
1640 655 130 37 Första
1799 655 224 37 Kammaren

427 716 122 37 väckt,
578 715 55 33 till
663 711 330 37 Stats-Utskottets
1022 709 226 47 behandling
1275 708 255 35 öfverlemnad
1560 709 138 33 inotion
1729 706 84 41 (N:o
1838 705 62 46 25)
1929 706 96 36 Herr

435 764 48 35 W.
514 763 91 35 Falk
634 762 38 36 af
697 760 152 37 anförda
878 760 78 36 skäl
986 759 200 48 föreslagit,
1216 764 53 30 att
1297 757 212 49 Riksdagen
1532 760 114 33 måtte
1664 758 86 47 höja
1766 756 258 44 omförmälda,

429 815 37 36 af
493 815 130 48 Kongl.
651 814 103 47 Maj:t
783 811 136 37 äskade
948 812 127 47 anslag
1102 810 57 36 till
1189 811 133 42 60,000
1351 809 151 36 kronor.

558 865 75 36 Vid
661 870 145 30 senaste
836 862 148 46 riksdag
1012 862 129 47 höjdes
1169 860 281 49 ifrågavarande
1479 861 128 46 anslag
1623 859 80 36 från
1722 861 134 42 30,000
1874 861 149 42 kronor,

428 917 84 36 med
554 916 140 36 hvilket
735 915 135 48 belopp
911 913 202 36 detsamma
1155 915 122 44 utgått
1319 911 117 36 under
1477 914 87 33 åren
1593 912 93 35 1875
1720 911 68 35 och
1820 912 107 43 1876,
1968 912 57 35 till

428 969 134 42 40,000
605 968 150 42 kronor,
798 967 11 34 i
850 964 268 47 sammanhang
1159 962 179 37 hvarmed
1366 962 216 48 förändring
1623 962 149 46 vidtogs
1812 963 54 34 uti
1895 962 44 35 de
1967 962 59 36 för

428 1018 361 37 statsunderstödets
819 1015 215 48 åtnjutande
1063 1014 99 36 förut
1190 1014 179 47 stadgade
1398 1014 131 35 vilkor.
1570 1013 229 47 Visserligen
1815 1013 78 43 har,
1910 1014 117 48 enligt

428 1070 98 36 hvad
555 1067 412 49 statsrådsprotokollet
995 1063 84 48 (Bil.
1108 1065 67 36 N:o
1205 1067 30 40 7,
1263 1065 67 35 sid.
1362 1063 87 46 118)
1477 1064 118 49 gifver
1615 1064 62 36 vid
1694 1064 154 44 handen,
1864 1064 162 37 berörda

426 1121 221 48 förändring
688 1119 77 35 haft
807 1119 56 34 till
904 1117 100 48 följd,
1046 1123 53 29 att
1133 1122 52 30 ett
1212 1116 185 49 betydligt
1425 1122 116 29 större
1571 1116 99 35 antal
1698 1116 123 34 skolor
1850 1123 45 27 än
1924 1114 103 37 förut

428 1173 138 35 anmält
607 1172 54 46 sig
702 1171 57 35 till
802 1169 215 36 erhållande
1060 1167 39 36 af
1127 1167 215 43 understöd,
1376 1167 145 35 hvadan
1564 1167 110 35 också
1706 1166 86 36 flere
1826 1166 39 36 af
1892 1167 44 35 de
1966 1174 59 28 sö-

426 1223 121 34 kande
579 1223 78 34 icke
685 1222 146 34 kunnat
861 1219 159 35 tilldelas
1048 1222 112 43 något
1189 1218 229 47 statsbidrag
1448 1217 68 35 och
1546 1222 131 30 nästan
1706 1218 71 35 alla
1792 1216 71 37 fått
1879 1217 146 35 mindre

424 1274 136 47 belopp
603 1280 46 27 än
691 1272 61 35 det
794 1270 175 47 begärda,
1011 1282 80 22 men
1134 1267 414 49 Departementschefen
1582 1268 67 35 har
1677 1268 113 35 likväl
1820 1274 122 30 ansett
1971 1269 56 46 sig

425 1325 92 43 icke,
559 1324 111 35 innan
704 1322 219 50 ytterligare
952 1320 206 36 erfarenhet
1187 1320 163 43 vunnits,
1378 1319 93 36 böra
1498 1318 138 36 föreslå
1664 1323 122 43 någon
1813 1318 214 49 förhöjning

425 1376 11 35 i
467 1374 262 36 meranämnda
757 1373 135 48 anslag.

560 1425 96 36 Enär
689 1425 107 35 alltså
833 1424 103 35 detta
965 1423 128 46 anslag
1121 1425 39 32 så
1188 1422 146 48 nyligen
1366 1421 149 36 erhållit
1531 1422 30 47 ej
1592 1421 194 49 obetydlig
1814 1421 215 46 tillökning,

426 1478 68 34 och
536 1475 194 36 Utskottet
771 1475 102 35 delar
908 1474 45 35 de
983 1475 148 47 åsigter,
1160 1486 80 22 som
1268 1473 56 35 uti
1352 1471 436 49 Departementschefens
1817 1472 211 48 åberopade

427 1527 201 36 anförande
672 1527 164 42 uttalats,
866 1527 67 34 har
973 1523 195 37 Utskottet
1208 1524 77 35 icke
1320 1524 140 35 kunnat
1488 1523 135 36 föreslå
1651 1522 212 49 Riksdagen
1892 1529 54 30 att
1975 1525 53 34 uti

427 1577 245 36 förevarande
701 1576 106 48 fråga
836 1576 154 45 vidtaga
1019 1574 172 49 åtgärder
1218 1575 10 34 i
1259 1574 270 36 vidsträcktare
1563 1578 94 39 mån,
1686 1581 44 28 än
1759 1574 136 49 Kongl.
1925 1574 105 47 Maj:t

427 1629 209 48 föreslagit;
685 1626 271 38 hemställande
1002 1625 205 44 Utskottet,
1248 1629 45 44 på
1333 1625 123 48 grund
1498 1626 37 35 af
1574 1625 94 35 hvad
1712 1625 155 36 sålunda
1907 1625 123 36 blifvit

428 1680 160 41 anfördt,

879 1734 54 30 att
975 1728 209 47 Riksdagen
1227 1731 69 40 må,
1340 1727 85 36 med
1466 1725 118 48 afslag
1625 1730 20 32 å
1684 1726 96 36 Herr
1820 1726 55 37 W.
1917 1727 110 37 Falks

829 1778 277 47 ifrågavarande
1141 1778 286 48 framställning,
1468 1780 46 46 på
1542 1783 106 30 extra
1676 1783 74 31 stat
1777 1777 58 36 för
1862 1781 40 33 år
1934 1780 92 35 1878

832 1832 127 34 anvisa
999 1832 135 42 40,000
1175 1830 147 42 kronor,
1361 1834 54 30 att
1456 1828 38 36 af
1524 1828 132 49 Kongl.
1685 1828 103 48 Maj:t
1817 1828 212 49 disponeras

831 1882 56 34 till
918 1880 202 36 understöd
1149 1883 36 32 åt
1214 1880 114 47 högre
1358 1880 123 35 skolor
1508 1879 59 36 för
1596 1880 139 47 qvinlig
1764 1879 162 47 ungdom
1942 1880 83 36 med

829 1933 111 47 högst
970 1933 106 42 3,000
1104 1932 136 35 kronor
1273 1934 37 32 åt
1338 1931 128 46 hvarje
1495 1936 95 30 samt
1618 1930 118 36 under
1764 1931 10 34 i
1803 1929 112 49 öfrigt
1930 1930 98 36 stad-

829 1984 94 46 gade
952 1983 130 35 vilkor.

563 2087 95 33 44:0.
714 2084 122 37 Sedan
864 2084 220 47 Riksdagen,
1113 2084 11 35 i
1154 2083 202 47 anledning
1385 2082 36 36 af
1448 2083 136 48 Kongl.
1614 2083 121 48 Maj:ts
1764 2084 134 49 nådiga
1914 2083 113 36 fram-

428 2136 188 47 ställning,
659 2135 56 36 för
757 2134 232 49 uppförande
1030 2133 39 36 af
1107 2135 168 47 byggnad
1309 2134 37 35 åt
1366 2134 622 48 folkskolelärarinne-seminarium
2018 2136 9 34 i

429 2186 211 36 Stockholm
670 2187 150 46 beviljat
849 2193 54 29 ett
932 2186 127 46 anslag
1088 2184 38 36 af
1153 2186 133 42 68,000
1309 2185 137 35 kronor
1463 2186 68 36 och
1561 2186 108 36 deraf
1683 2186 55 35 till
1755 2186 184 49 utgående
1959 2199 68 22 un-

429 2238 65 35 der
524 2241 38 31 år
597 2240 89 33 1877
718 2241 46 42 på
793 2244 102 29 extra
924 2245 73 28 stat
1026 2237 144 35 anvisat
1199 2238 132 39 50,000
1360 2236 149 45 kronor,
1537 2243 95 30 samt
1659 2237 133 47 Kongl.
1821 2238 104 46 Maj:t
1939 2238 88 34 stält

431 2288 231 35 sistnämnda
704 2288 135 48 helopp
873 2289 53 35 till
957 2287 238 36 Stockholms
1224 2286 100 37 stads
1354 2287 209 37 konsistorii
1593 2288 224 48 disposition
1847 2288 57 36 för
1932 2287 94 49 byg-
