2216 2683
670 220 103 33 Stats-
786 216 174 46 Utskottets
975 221 169 33 Utlåtande
1168 220 62 33 N:o
1254 222 51 31 21.
1708 223 39 29 45

196 313 112 44 något
337 317 53 29 att
418 311 119 34 erinra
567 310 60 36 vid
657 310 132 48 Kongl.
818 309 122 49 Maj:ts
970 309 109 37 ofvan
1097 309 239 37 omförmälda
1356 309 130 48 nådiga
1506 309 285 48 framställning,

196 343 210 54 hemställer
435 357 200 56 Utskottet,

596 391 40 66 a)
675 418 54 30 att
761 413 165 45 anslaget
953 412 57 35 till
1043 412 167 36 tekniska
1251 412 123 36 afton-
1403 412 66 36 och
1499 412 292 48 söndagsskolan

673 465 8 33 i
711 444 215 55 Eskilstuna
955 467 67 38 må,
1050 463 120 36 under
1198 463 109 36 ofvan
1337 463 151 47 angifna
1517 439 128 76 vilkor,
1686 464 105 47 höjas

665 514 84 36 med
782 516 107 42 1,600
917 514 153 44 kronor;
1099 514 64 35 och

593 563 34 45 b)
666 572 55 29 att
747 565 96 36 Herr
883 565 63 36 Th.
975 564 234 49 Strömbergs
1250 564 246 37 omförmälda
1536 564 136 50 förslag
1712 565 78 35 icke

671 620 59 32 må
759 618 56 34 till
844 620 119 44 någon
994 616 231 48 Riksdagens
1254 616 130 46 åtgärd
1414 615 203 37 föranleda.

333 721 92 33 26:0.
481 718 120 36 Sedan
632 718 231 36 komiterade
891 720 57 34 för
976 719 68 35 den
1088 719 99 45 lägre
1227 718 168 36 tekniska
1437 718 313 49 undervisningen
1779 719 9 35 i

197 771 98 35 riket
322 770 55 34 uti
408 769 152 48 afgifvet
589 770 232 35 betänkande
864 770 110 35 bland
1009 776 109 29 annat
1146 769 71 36 fäst
1247 769 376 48 uppmärksamheten
1655 774 44 43 på
1727 770 62 36 be-

199 821 127 35 hofvet
354 820 37 35 af
418 820 169 47 åtgärder
615 820 81 36 från
727 826 140 30 statens
908 821 78 35 sida
1028 820 57 36 för
1125 820 219 48 spridandet
1386 818 34 37 af
1447 820 210 48 kunskaper
1685 822 9 34 i
1725 822 64 34 rit-

199 873 122 43 konst,
351 871 254 47 modellering,
634 872 193 48 geometri,
855 872 238 42 räknekonst,
1124 870 337 50 uppsatsskrifning
1493 871 66 36 och
1589 871 113 36 andra
1730 871 60 37 för

198 924 176 35 tekniken
402 924 141 45 vigtiga
572 923 322 48 kunskapsgrenar
923 923 110 36 bland
1065 923 175 42 arbetare,
1269 935 77 23 som
1376 922 111 36 redan
1509 935 88 23 vore
1625 923 165 35 anstälde

201 976 9 33 i
240 974 224 35 industriens
492 974 115 47 tjenst
637 974 67 35 och
735 975 9 34 i
773 973 131 36 sådant
934 974 207 35 hänseende
1183 973 38 35 af
1245 973 154 36 anförda
1440 974 77 36 skal
1546 971 85 46 (Bil.
1660 973 66 36 N:o
1757 977 33 40 7,

200 1026 67 35 sid.
298 1026 160 42 78—80)
487 1023 203 48 föreslagit,
720 1031 54 29 att
801 1030 118 30 staten
948 1025 119 35 skulle
1096 1025 129 47 främja
1253 1024 266 48 upprättandet
1560 1024 38 36 af
1632 1024 159 37 tekniska

203 1077 121 48 afton-
353 1077 61 34 och
442 1076 277 46 söndagsskolor
751 1076 65 35 och
847 1076 153 46 bidraga
1028 1076 54 34 till
1114 1076 254 48 utvecklingen
1399 1076 38 35 af
1460 1075 111 36 redan
1601 1075 191 49 befintliga

201 1128 261 34 läroanstalter
490 1125 37 35 af
554 1127 101 35 detta
684 1127 90 47 slag,
804 1127 62 35 har
896 1127 130 46 Kongl.
1055 1126 103 47 Muj:t
1185 1125 193 49 föreslagit
1407 1126 213 47 Riksdagen
1660 1132 54 30 att
1747 1130 45 45 på

201 1178 188 35 ordinarie
432 1182 73 30 stat
547 1176 158 49 uppföra
745 1183 53 30 ett
839 1178 373 46 reservationsanslag
1245 1176 38 36 af
1308 1179 134 41 20,000
1471 1177 149 45 kronor,
1650 1184 48 28 att
1731 1191 60 22 an-

199 1229 141 35 vändas
368 1229 56 35 till
454 1227 202 37 understöd
689 1233 37 31 åt
753 1229 168 35 tekniska
948 1228 117 36 afton-
1094 1229 66 35 och
1191 1228 302 48 söndagsskolor,
1524 1228 118 36 under
1676 1230 116 35 vilkor

200 1279 56 36 för
281 1280 124 57 dylikt
436 1279 219 35 understöds
684 1279 231 48 åtnjutande,
945 1287 49 27 att
1023 1279 277 36 vederbörande
1331 1280 174 35 kommun
1534 1280 165 35 tillsköte
1741 1286 52 30 ett

202 1331 221 57 åtminstone
452 1330 73 35 lika
556 1336 96 29 stort
679 1331 135 47 belopp
844 1344 77 21 som
952 1330 274 48 statsbidraget,
1256 1337 47 28 att
1332 1331 76 35 icke
1438 1334 121 43 någon
1581 1331 212 47 minskning

201 1396 9 20 i
240 1382 44 35 de
312 1381 81 36 från
423 1382 224 35 kommunen
676 1382 58 35 för
763 1381 211 36 ändamålet
1001 1383 111 34 redan
1143 1362 73 66 utg
1214 1359 112 58 ående
1357 1382 132 46 bidrag
1486 1361 112 66 finge
1615 1395 66 35 ega
1709 1396 83 22 rum

201 1396 56 72 till
288 1431 90 48 följd
409 1432 38 36 af
474 1431 62 36 det
564 1433 82 35 utaf
670 1438 116 30 staten
816 1433 167 34 lemnade
1013 1410 253 65 understödet,
1295 1440 93 28 samt
1417 1440 50 28 att
1496 1413 129 55 skolan
1635 1414 157 54 ”under-

203 1483 170 36 kastades
403 1484 68 34 den
503 1483 222 48 inspektion,
756 1483 130 47 Kongl.
917 1483 102 48 Maj:t
1052 1483 121 35 kunde
1215 1484 96 34 finna
1354 1484 91 45 godt
1485 1483 57 36 för
1583 1483 210 37 densamma

202 1534 218 36 föreskrifva

336 1585 51 35 De
416 1586 88 41 skäl,
533 1598 77 22 som
639 1585 124 35 blifvit
790 1584 38 36 af
855 1584 242 35 omförmälde
1133 1585 230 36 komiterade
1409 1586 208 48 åberopade
1659 1593 97 29 samt
1785 1588 7 33 i

204 1635 112 47 öfrigt
343 1636 118 34 finnas
504 1636 153 35 anförda
688 1637 8 32 i
727 1635 409 61 statsrådsprotokollet
1164 1634 83 46 (Bil.
1277 1636 118 35 N:o
1373 1630 35 55 7,
1438 1637 62 34 sid.
1537 1639 161 38 80—82)
1740 1638 53 33 till

202 1666 94 55 stöd
316 1686 138 44 derför,
483 1692 54 30 att
565 1693 118 29 staten
713 1687 68 35 bör
810 1686 203 35 vidkännas
1041 1690 121 42 någon
1199 1686 212 48 uppoffring
1451 1687 57 35 för
1548 1693 53 29 att
1642 1688 153 47 bidraga

202 1738 56 34 till
287 1716 268 68 upprättandet
582 1738 65 34 och
677 1737 258 47 utvecklingen
964 1736 39 35 af
1026 1718 135 54 sådana
1191 1738 137 43 skolor,
1357 1751 78 22 som
1458 1738 65 35 här
1551 1746 62 27 äro
1644 1740 6 33 i
1681 1721 113 65 fråga,

203 1788 69 35 och
304 1788 214 46 derigenom
548 1788 131 47 främja
706 1788 63 35 det
797 1789 136 45 vigtiga
963 1789 107 33 målet
1099 1795 53 28 att
1183 1767 164 68 bibringa
1375 1789 308 47 yrkesarbetarne
1701 1790 95 35 kun-

204 1840 92 46 skap
327 1839 8 34 i
365 1840 96 34 vissa
488 1838 59 36 för
577 1819 277 55 utvecklandet
869 1821 41 52 af
934 1838 104 35 deras
1069 1821 333 66 konstskicklighet
1422 1841 144 47 nyttiga
1583 1841 212 35 läroämnen

204 1898 95 26 samt
327 1889 120 36 vända
476 1890 105 35 deras
609 1890 71 46 håg
707 1890 53 35 till
791 1902 41 23 en
860 1890 136 46 jemväl
1025 1893 45 44 på
1097 1889 106 36 deras
1233 1891 198 35 moraliska
1449 1891 236 47 utveckling
1678 1904 118 23 inver-

205 1940 121 35 kande
355 1941 290 57 sysselsättning,
687 1940 108 36 hafva
836 1947 103 41 synts
975 1939 191 37 Utskottet
1205 1941 146 47 giltiga;
1394 1942 64 34 och
1500 1942 67 35 har
1609 1922 189 56 Utskottet

205 1992 110 34 alltså
343 1992 28 47 ej
401 1991 126 35 tvekat
555 1998 54 28 att
635 1992 176 48 tillstyrka
852 1991 217 36 anvisandet
1097 1991 36 35 af
1160 1971 66 55 de
1232 1980 62 47 för
1315 1970 209 58 ändamålet
1557 1993 240 48 erforderliga

206 2042 133 35 medel.
394 2043 67 34 Att
490 2043 202 34 emellertid
721 2043 111 35 redan
863 2055 46 22 nu
939 2042 158 48 uppföra
1125 2042 64 35 det
1222 2043 135 35 äskade
1398 2044 325 48 anslagsbeloppet
1752 2048 45 44 på

208 2092 185 36 ordinarie
421 2100 75 28 stat
525 2093 107 35 torde
662 2094 79 35 icke
769 2107 86 21 vara
884 2093 87 36 fullt
998 2093 181 48 lämpligt,
1209 2102 39 41 ty
1278 2092 253 38 dessförinnan
1560 2095 79 44 bör,
1681 2097 116 46 enligt

205 2143 212 36 Utskottets
460 2144 250 43 förmenande,
752 2148 119 42 någon
913 2143 207 36 erfarenhet
1161 2158 88 22 vara
1290 2158 149 23 vunnen
1482 2145 230 36 beträffande
1753 2147 44 35 de

205 2195 246 57 verkningar,
473 2208 76 22 som
579 2194 38 36 af
641 2173 339 57 statsunderstödet
1008 2195 125 36 kunna
1162 2195 225 43 framkallas;
1416 2197 66 34 och
1515 2200 117 43 någon
1650 2198 148 47 olägen-

207 2246 62 34 het
297 2247 95 34 lärer
421 2247 31 45 ej
484 2247 125 34 kunna
639 2249 131 44 uppstå
800 2246 106 35 deraf
932 2252 54 29 att
1013 2246 279 48 ifrågavarande
1321 2225 129 70 anslag
1483 2247 57 35 för
1569 2248 227 36 närvarande

207 2297 127 35 endast
363 2297 153 48 beviljas
544 2300 46 45 på
619 2305 104 28 extra
751 2305 85 37 stat,
866 2296 46 36 då
941 2296 62 36 det
1031 2297 83 36 med
1144 2298 140 35 visshet
1312 2298 68 35 kan
1408 2306 164 41 antagas,
1611 2306 52 29 att
1691 2299 109 36 Riks.

1842 718 135 31 Angående

1833 753 146 25 understöd

1820 789 44 24 till
1881 789 118 24 tekniska

1830 824 85 29 afton-
1936 825 43 22 och

1807 857 203 30 söndagsskolor.
