2226 2638
192 1697 134 24 Utskottet.

419 159 38 31 14
822 156 342 33 Jordbruksutskottets
1187 154 165 33 utlåtande
1374 155 51 31 Nr
1448 155 53 31 53.

372 239 12 35 i
412 238 72 36 den
512 238 132 47 kungl.
681 235 282 50 propositionen
1001 237 124 33 såsom
1155 233 217 49 avgörande
1402 232 164 36 ansedda
1595 231 129 36 skälen
1751 230 108 38 blivit
1887 231 84 35 fullt

373 290 177 36 bemötta.
607 286 424 51 Departementschefen
1073 286 135 35 uttalar
1248 285 106 48 själv,
1396 284 118 36 vilket
1537 284 72 48 jag
1638 295 109 24 anser
1773 283 81 47 mig
1881 282 90 36 böra

374 341 210 46 framhålla,
628 346 53 30 att
723 345 95 31 även
858 337 230 51 principiellt
1130 342 104 42 taget
1269 335 122 37 skulle
1418 335 62 36 det
1507 348 91 22 vara
1627 339 96 31 mest
1751 334 218 45 tilltalande,

374 399 54 30 att
456 392 158 37 vardera
642 391 261 37 institutionen
930 390 102 46 finge
1063 388 127 36 arbeta
1218 386 211 38 oberoende
1457 400 47 22 av
1533 386 72 36 den
1631 386 127 36 andra.
1814 386 72 36 Det
1905 385 67 36 bör

373 445 83 36 icke
497 444 258 47 förglömmas,
798 447 55 31 att
880 446 53 31 ett
960 440 147 37 tillfälle
1135 453 82 23 som
1245 439 63 36 det
1335 437 220 37 nuvarande
1584 442 56 32 att
1667 437 143 48 avlyfta
1838 436 133 38 under-

373 495 446 49 visningsskyldigheten
847 494 84 35 från
959 493 72 35 den
1061 505 46 22 av
1135 496 53 32 ett
1216 491 65 36 allt
1307 503 101 23 mera
1427 489 234 37 omfattande
1680 488 127 38 arbete
1825 488 147 49 tyngda

373 547 188 37 anstalten
603 546 191 48 svårligen
834 544 106 36 torde
981 543 242 47 återkomma,
1266 542 46 36 då
1348 541 96 37 båda
1472 541 45 36 de
1544 540 270 49 befattningar,
1842 554 128 23 varom

374 599 68 36 här
482 604 41 31 är
564 598 120 48 fråga,
725 597 240 49 professuren
992 596 12 35 i
1031 594 219 50 patologisk
1292 593 165 36 anatomi
1499 593 85 47 (och
1612 591 267 51 bakteriologi)
1907 591 65 37 vid

373 649 402 48 veterinärhögskolan
816 653 97 31 samt
953 645 478 48 laboratorsbefattningen
1463 644 63 36 vid
1555 643 416 38 veterinärbakteriolo-

375 702 109 49 giska
512 701 186 37 anstalten
728 714 50 22 nu
807 705 64 31 äro
900 699 176 36 vakanta.

501 752 243 37 Beträffande
780 751 182 48 förslaget
995 755 56 31 att
1078 749 13 36 i
1119 749 180 36 samband
1328 748 85 36 med
1441 746 294 50 överflyttandet
1763 760 47 22 av
1838 747 135 36 under-

374 805 204 49 visningen
606 804 13 36 i
646 802 250 49 bakteriologi
933 802 82 36 från
1053 799 508 48 veterinärbakteriologiska
1590 798 186 36 anstalten
1804 799 56 35 till
1888 811 85 36 pro-

375 857 148 36 fessorn
551 856 12 35 i
582 855 215 50 patologisk
818 854 164 36 anatomi
1002 852 177 37 förändra
1198 851 442 47 assistentbefattningen
1659 849 62 36 vid
1741 849 232 49 patologisk-

375 908 238 36 anatomiska
642 907 252 47 avdelningen
922 905 56 36 till
1007 918 47 23 en
1072 903 430 46 laboratorsbefattning
1521 902 69 36 har
1610 901 123 36 denna
1753 901 221 47 förändring

375 959 217 48 föreslagits
621 972 47 22 av
694 959 191 48 professor
917 956 205 48 Lundgren
1150 956 11 35 i
1189 955 95 36 hans
1312 954 232 36 reservation
1573 953 57 36 till
1657 952 317 48 lärarekollegiets

375 1011 176 49 yttrande
588 1011 72 36 den
697 1011 47 35 29
782 1009 95 49 april
908 1010 108 35 1914.
1072 1007 112 36 Detta
1211 1006 146 47 förslag
1384 1006 66 35 har
1478 1004 201 50 tillstyrkts
1709 1017 46 23 av
1782 1017 193 23 reservan-

377 1070 107 29 terna
524 1063 12 36 i
577 1060 425 48 veterinärhögskolans
1050 1059 200 46 direktion,
1298 1071 46 22 av
1361 1056 415 54 medicinalstyrelsen
1817 1055 71 36 och
1929 1068 46 23 av

377 1120 287 31 reservanterna
703 1114 12 35 i
743 1111 536 49 löneregleringskommittén.
1350 1110 107 34 Åven
1499 1121 62 23 om
1603 1108 121 35 denna
1752 1106 223 48 förändring

376 1166 83 36 icke
500 1171 41 30 är
568 1165 221 48 nödvändig
816 1167 48 46 på
891 1163 124 49 grund
1044 1176 47 22 av
1119 1168 53 30 att
1199 1161 323 47 undervisningen
1550 1160 13 35 i
1591 1159 253 48 bakteriologi
1872 1163 104 31 över-

377 1218 143 49 flyttats
549 1217 55 37 till
632 1216 165 37 nämnda
826 1215 217 48 avdelning,
1073 1227 111 36 synes
1213 1213 73 36 den
1315 1212 96 36 dock
1437 1212 93 35 böra
1558 1215 74 44 äga
1652 1224 81 22 rum
1761 1211 13 35 i
1793 1210 182 37 samband

377 1269 166 37 därmed.
600 1268 75 37 För
702 1268 123 36 denna
853 1267 225 47 förändring
1106 1265 134 36 kräves
1269 1269 55 32 ett
1352 1264 89 36 ökat
1469 1263 135 47 anslag
1624 1276 46 22 av
1692 1263 110 47 1,500
1823 1261 152 44 kronor,

378 1334 86 23 men
504 1321 223 47 härigenom
763 1319 74 36 blir
865 1317 322 47 undervisningen
1216 1317 58 35 för
1302 1329 47 23 en
1377 1315 90 48 lång
1495 1314 54 36 tid
1577 1315 138 35 framåt
1742 1313 143 36 ordnad
1913 1312 63 36 vid

378 1372 418 48 veterinärhögskolan,
826 1370 71 36 och
924 1367 511 48 veterinärbakteriologiska
1471 1366 209 36 anstaltens
1708 1364 269 37 arbetskrafter

380 1424 127 36 kunna
535 1424 78 36 helt
645 1428 110 43 tagas
784 1422 12 36 i
825 1421 162 50 anspråk
1014 1421 58 35 för
1101 1421 81 35 sina
1210 1419 194 49 egentliga
1430 1418 206 48 uppgifter,
1672 1417 219 47 varigenom
1921 1416 57 36 för

378 1476 97 36 båda
515 1474 307 38 institutionerna
861 1473 164 36 behovet
1066 1485 47 23 av
1141 1485 73 36 nya
1247 1471 160 48 tjänster
1434 1470 58 35 för
1520 1482 48 23 en
1596 1469 133 47 längre
1756 1468 55 36 tid
1840 1468 138 36 framåt

379 1528 107 36 torde
514 1540 90 23 vara
633 1526 97 49 fyllt.

509 1579 90 36 Med
640 1577 231 48 hänvisning
906 1576 57 36 till
992 1575 72 37 vad
1089 1575 71 49 jag
1188 1574 125 37 anfört
1342 1573 55 36 får
1420 1574 69 48 jag
1516 1572 198 36 hemställa
1744 1592 44 4 —
1818 1592 51 4 —
1896 1583 81 22 —.»

511 1682 151 38 Genom
692 1681 71 37 den
792 1682 11 35 i
831 1680 156 37 ärendet
1028 1678 216 48 förebragta
1281 1677 254 48 utredningen
1564 1676 68 36 har
1659 1674 184 37 utskottet
1870 1674 110 36 blivit

382 1739 200 45 övertygat
610 1747 61 23 om
705 1738 55 31 att
802 1737 142 32 statens
984 1728 514 48 veterinärbakteriologiska
1527 1728 140 35 anstalt
1694 1740 51 22 nu
1773 1726 206 48 lämpligen

383 1787 67 36 bör
494 1786 182 49 uppföras
724 1787 19 34 å
789 1784 186 36 ordinarie
1022 1787 87 41 stat,
1154 1781 126 36 varför
1324 1780 183 36 utskottet
1548 1778 209 50 tillstyrker
1799 1777 181 47 förslaget

382 1839 143 36 härom.

511 1889 84 37 Vad
624 1888 165 37 härefter
819 1889 117 46 angår
963 1891 116 32 sättet
1108 1885 58 36 för
1193 1883 212 37 ordnandet
1433 1896 46 23 av
1506 1881 324 48 undervisningen
1857 1880 13 36 i
1889 1879 90 37 bak-

383 1941 177 49 teriologi
605 1941 64 36 vid
715 1938 415 49 veterinärhögskolan,
1167 1936 127 36 vilken
1334 1933 280 48 undervisning
1651 1933 58 36 för
1746 1930 234 38 närvarande

384 1993 187 37 bestrides
619 2006 45 23 av
705 1992 73 36 den
818 1990 64 36 vid
910 1988 290 50 ifrågavarande
1232 1987 141 36 anstalt
1399 1985 188 37 anställde
1616 1984 227 47 laboratorn,
1872 1983 107 45 hava,

385 2047 124 34 såsom
537 2057 47 23 av
612 2042 410 50 statsrådsprotokollet
1051 2041 179 47 framgår,
1259 2041 64 33 två
1352 2037 184 37 särskilda
1565 2035 198 48 meningar
1791 2035 104 49 gjort
1922 2033 60 49 sig

386 2095 185 50 gällande.
627 2095 132 49 Enligt
787 2095 73 36 den
888 2107 69 23 ena
985 2093 121 36 skulle
1135 2092 62 36 det
1225 2089 217 37 nuvarande
1471 2093 185 44 systemet
1682 2086 208 38 bibehållas
1910 2086 71 35 och

386 2148 120 48 enligt
534 2147 73 37 den
636 2147 114 36 andra
776 2145 115 38 borde
931 2144 164 37 nämnde
1136 2142 189 37 laborator
1360 2140 137 37 befrias
1527 2140 84 36 från
1640 2139 118 48 sagda
1785 2137 195 36 undervis-

385 2201 106 48 ning,
520 2211 82 24 som
613 2184 23 69 i
672 2198 123 36 stället
823 2197 119 37 skulle
970 2195 223 49 överflyttas
1221 2196 48 46 på
1297 2193 217 49 professorn
1542 2192 13 35 i
1580 2190 217 50 patologisk
1816 2188 166 37 anatomi

385 2252 64 36 vid
478 2251 224 49 högskolan.
757 2250 83 36 Den
886 2249 99 36 förra
1027 2247 159 47 åsikten,
1227 2258 81 23 som
1337 2244 160 36 kommit
1534 2243 58 36 till
1620 2242 151 49 uttryck
1799 2241 12 35 i
1840 2240 63 36 det
1931 2253 51 23 nu
