1886 2835
230 155 19 29 8
576 158 327 32 Utrikesutskottets
925 162 177 30 utlåtande
1122 172 43 21 nr
1185 165 19 28 6
1224 165 38 30 år
1285 165 83 29 1968

229 236 112 31 lution
361 237 63 31 332
445 238 183 32 framhölls
649 243 50 28 att
719 241 240 40 Europarådet
980 243 63 31 har
1063 246 48 29 ett
1133 245 141 31 särskilt
1296 256 124 21 ansvar
1443 247 53 31 för
1518 250 193 39 skapandet

228 291 65 29 och
312 292 241 40 utnyttjandet
574 304 42 20 av
636 296 47 30 ett
704 295 146 31 allmänt
871 298 372 40 avspänningsklimat.

272 346 259 40 Europarådets
562 348 220 32 förhållande
813 351 52 30 till
897 351 174 31 Grekland
1102 353 276 32 aktualiserades
1410 364 124 31 genom
1566 358 145 30 militär-

227 400 142 39 kuppen
393 401 13 29 i
429 401 94 31 detta
548 403 81 29 land
655 404 66 29 den
747 405 37 29 21
812 406 88 38 april
926 406 64 29 och
1016 407 138 39 spelade
1179 418 42 19 en
1247 410 337 38 uppmärksammad
1608 412 65 29 roll
1699 413 10 29 i

227 454 204 30 debatterna
461 456 11 29 i
502 456 251 41 församlingen
786 459 111 30 under
928 460 103 39 april-
1062 461 64 29 och
1158 463 427 38 septembersessionerna.
1617 465 93 31 Från

227 509 128 29 svensk
370 509 76 30 sida
461 509 139 40 gjordes
617 511 115 40 inlägg
749 522 42 20 av
806 512 121 31 herrar
943 514 119 39 Björk,
1080 515 190 31 Gustafson
1287 517 64 29 och
1368 517 150 41 Alemyr.
1536 519 173 30 Minister-

226 562 209 31 kommittén
464 565 241 38 uppmanades
734 567 10 28 i
773 567 326 31 rekommendation
1128 569 62 30 498
1219 570 88 30 bl.a.
1338 574 50 27 att
1416 572 126 40 begära
1571 583 42 20 av
1642 574 66 30 den

225 616 164 39 grekiska
415 618 203 40 regeringen
645 622 50 27 att
724 621 112 30 denna
864 622 219 39 respekterar
1113 624 40 29 de
1182 624 144 30 friheter
1356 635 74 20 som
1458 627 250 31 tillförsäkrats

224 671 253 39 medborgarna
502 674 11 29 i
538 674 258 39 Europarådets
823 676 121 39 stadga
968 677 65 29 och
1059 679 49 28 att
1134 679 164 39 upprätta
1326 682 48 28 ett
1399 681 309 38 parlamentariskt

223 726 310 40 regeringssystem
548 728 106 30 vilket
668 729 191 31 innefattar
875 731 40 29 de
930 731 174 39 garantier
1120 732 54 30 för
1189 733 41 29 de
1245 734 198 40 mänskliga
1456 735 252 40 rättigheterna

224 789 75 21 som
320 781 37 29 är
378 783 47 28 ett
446 782 125 29 villkor
592 782 54 31 för
667 784 239 40 medlemskap
927 785 11 29 i
958 786 250 39 Europarådet.
1231 787 13 29 I
1264 788 192 30 resolution
1478 789 62 30 346
1562 799 147 31 uppma-

223 835 107 29 nades
348 835 87 30 bl.a.
456 836 269 40 församlingens
744 838 193 39 presidium
956 842 50 27 att
1026 842 76 28 utse
1121 850 43 20 en
1182 843 185 38 rapportör
1387 852 57 20 om
1465 843 212 31 situationen
1696 845 11 29 i

223 887 175 29 Grekland
418 890 79 27 med
518 890 138 38 uppgift
677 892 50 27 att
747 893 206 36 rapportera
971 892 123 30 härom
1116 894 54 28 för
1192 894 251 39 församlingen
1464 896 56 29 vid
1546 897 81 28 1968
1649 898 58 28 års

220 940 289 40 januarisession.
532 943 13 29 I
566 943 191 30 resolution
779 944 60 30 351
863 945 154 31 uttalade
1040 946 251 41 församlingen
1314 948 54 30 sin
1389 950 254 40 uppskattning
1665 960 41 20 av

223 997 49 28 att
289 995 41 30 de
346 996 144 35 danska,
508 998 129 29 norska
654 998 64 29 och
736 999 148 30 svenska
899 1000 248 39 regeringarna
1162 1001 92 39 gjort
1270 1011 43 20 en
1330 1003 165 30 anmälan
1512 1006 72 27 mot
1601 1004 105 30 Grek-

221 1048 82 30 land
322 1049 64 30 hos
405 1050 66 29 den
489 1051 207 39 europeiska
715 1052 276 31 kommissionen
1011 1054 54 29 för
1084 1055 41 29 de
1145 1056 197 39 mänskliga
1360 1056 262 40 rättigheterna.

266 1103 13 28 I
308 1103 326 31 rekommendation
664 1105 63 29 489
757 1107 240 38 uppmanades
1027 1108 373 31 ministerkommittén
1429 1111 151 30 anmoda
1611 1112 95 29 med-

221 1156 335 40 lemsregeringarna
583 1160 50 28 att
661 1159 44 39 på
732 1159 61 30 allt
822 1161 66 29 sätt
917 1160 131 40 främja
1076 1162 283 40 fredsforskning
1385 1163 89 31 bl.a.
1503 1172 124 31 genom
1655 1167 49 28 att

220 1209 130 31 inrätta
369 1211 189 30 nationella
578 1212 452 41 fredsforskningsinstitut.
1051 1216 58 29 Ett
1129 1216 10 29 i
1160 1225 41 20 en
1222 1217 133 29 motion
1374 1218 103 30 väckt
1498 1218 130 40 förslag
1647 1228 57 20 om

219 1263 200 31 inrättande
444 1274 43 20 av
512 1267 48 28 ett
586 1266 443 40 fredsforskningsinstitut
1054 1269 11 29 i
1091 1270 259 39 Europarådets
1375 1272 72 38 regi
1473 1272 190 29 avvisades.
1692 1272 12 28 I

220 1317 114 30 stället
356 1318 105 30 borde
485 1320 208 29 samarbetet
716 1321 129 29 mellan
866 1322 182 39 befintliga
1070 1323 189 30 nationella
1282 1324 239 31 institutioner
1545 1325 159 40 främjas.

221 1370 13 29 I
256 1371 163 30 debatten
439 1372 124 30 härom
584 1374 136 39 yttrade
744 1375 50 37 sig
815 1374 81 30 herr
917 1375 119 39 Björk.

263 1425 65 30 Vid
345 1426 376 39 septembersessionen
738 1428 120 39 gjorde
875 1429 65 29 den
957 1429 180 30 israeliske
1155 1430 321 31 utrikesministern
1493 1432 96 30 Abba
1606 1433 98 29 Eban

218 1478 206 30 uttalanden
450 1489 57 20 om
533 1480 67 29 den
626 1481 154 30 aktuella
805 1482 165 39 politiska
997 1483 213 30 situationen
1236 1484 12 29 i
1273 1485 177 30 Mellersta
1475 1484 125 31 Östern
1628 1495 76 21 som

219 1541 78 21 svar
311 1533 44 39 på
370 1533 117 40 frågor
503 1534 79 30 från
597 1535 94 29 olika
706 1535 466 40 församlingsmedlemmar.
1189 1538 12 28 I
1218 1538 54 29 sin
1285 1538 328 31 rekommendation
1628 1539 73 35 498,

217 1594 58 21 om
294 1587 259 39 Europarådets
574 1588 178 31 allmänna
772 1589 134 39 politik,
928 1591 223 39 uppmanade
1172 1591 252 40 församlingen
1444 1593 261 30 ministerkom-

218 1639 124 30 mittén
360 1642 50 28 att
428 1641 226 31 manifestera
673 1643 346 31 medlemsstaternas
1036 1645 136 29 önskan
1191 1654 57 21 om
1267 1646 87 39 goda
1373 1646 231 30 förbindelser
1623 1647 79 30 med

219 1693 92 30 såväl
336 1694 105 30 Israel
465 1704 75 20 som
563 1696 241 30 arabstaterna
828 1697 54 29 för
905 1700 49 27 att
978 1698 202 39 därigenom
1203 1699 100 30 bidra
1325 1700 52 29 till
1402 1709 42 20 en
1468 1700 126 40 fredlig
1616 1710 87 30 upp-

217 1747 132 38 görelse
369 1748 10 29 i
398 1748 175 30 Mellersta
593 1748 134 31 Östern.

218 1845 265 40 U-landsfrågor

259 1907 266 40 Församlingen
545 1909 221 31 debatterade
786 1911 261 40 u-landsfrågor
1067 1912 57 29 vid
1145 1913 161 39 samtliga
1325 1915 52 27 tre
1398 1914 171 29 sessioner
1590 1914 111 29 under

216 1961 83 30 året.

259 2014 66 30 Vid
346 2015 157 39 januari-
525 2016 65 30 och
614 2018 416 38 septembersessionerna
1054 2019 161 31 lämnade
1239 2020 79 30 herr
1343 2020 170 30 Wiklund
1537 2030 42 20 en
1602 2021 98 29 redo-

215 2068 131 39 görelse
370 2069 54 29 för
447 2070 42 29 de
512 2070 166 39 frivilliga
700 2072 342 38 organisationernas
1065 2073 65 29 roll
1154 2073 58 30 vid
1235 2073 310 30 biståndsinsatser
1575 2074 125 33 (Inter-

214 2121 155 31 national
396 2123 194 41 Voluntary
615 2124 166 34 Service).
807 2125 265 40 Församlingen
1098 2128 104 38 antog
1227 2127 58 29 två
1309 2127 230 30 resolutioner
1566 2128 132 34 därom,

215 2174 62 31 340
296 2176 66 29 och
381 2176 72 34 355,
475 2180 89 28 samt
584 2187 43 19 en
645 2178 337 36 rekommendation,
1002 2179 74 30 486.

258 2229 48 30 På
323 2230 170 39 grundval
510 2241 43 20 av
569 2240 42 21 en
627 2234 143 37 rapport
789 2232 173 40 framlagd
980 2234 56 29 vid
1054 2234 270 40 aprilsessionen
1342 2236 177 39 angående
1537 2236 162 40 åtgärder

212 2282 55 30 för
291 2284 50 28 att
365 2284 86 30 lätta
474 2284 228 31 u-ländernas
727 2286 215 31 skuldbörda
965 2289 105 38 antog
1095 2288 252 40 församlingen
1371 2289 327 31 rekommendation

212 2335 63 30 490
295 2337 73 29 vari
390 2337 424 41 medlemsregeringarna,
837 2347 124 32 genom
982 2341 380 36 ministerkommittén,
1385 2344 241 38 uppmanades
1647 2346 50 28 att

211 2389 190 31 verkställa
421 2391 122 30 DAC:s
564 2392 366 31 rekommendationer
952 2396 169 29 avseende
1143 2396 44 30 bl.
1202 2407 29 19 a.
1255 2397 214 31 förbättrade
1492 2399 205 30 lånevillkor

213 2442 54 31 för
287 2444 219 31 u-länderna.
528 2445 159 31 Krediter
708 2447 65 29 och
793 2447 122 40 bidrag
934 2448 62 30 bör
1018 2449 173 31 utformas
1214 2451 37 29 så
1273 2453 49 29 att
1345 2452 40 29 de
1408 2462 119 21 svarar
1549 2456 71 27 mot
1640 2454 55 29 be-

212 2496 112 30 hoven
353 2497 65 30 och
446 2498 269 39 möjligheterna
744 2501 9 28 i
784 2501 56 29 det
870 2503 223 38 mottagande
1123 2504 127 29 landet.
1280 2501 413 48 Medlemsregeringarna
