2222 2642
716 212 235 40 Lagutskottets
979 212 173 33 Utlåtande
1174 212 63 33 N:o
1262 215 51 30 43.
1805 212 20 31 3

977 298 22 32 4
1031 296 33 46 8.

325 404 109 37 Hvad
476 403 136 37 svensk
653 404 61 47 lag
742 403 146 47 stadgar
917 403 14 36 i
959 403 103 47 fråga
1091 415 55 24 om
1175 402 140 49 lysning
1337 402 74 37 till
1440 402 216 48 äktenskap,
1688 404 39 34 så
1755 401 69 37 ock

219 458 13 36 i
261 458 111 47 öfrigt
401 470 56 24 om
487 458 141 36 formen
655 457 56 36 för
740 457 224 47 äktenskaps
994 457 219 44 afslutande,
1244 457 94 36 skall
1367 462 67 42 äga
1462 456 235 48 tillämpning
1716 456 108 36 äfven

218 512 57 36 för
303 512 61 36 det
393 512 63 35 fall
484 515 54 33 att
566 511 175 36 utländsk
769 511 197 36 undersåte
995 510 67 38 vill
1090 511 98 36 inför
1216 510 135 37 svensk
1375 510 215 48 myndighet
1609 511 66 34 här
1695 509 13 36 i
1727 509 97 36 riket

218 566 106 36 träda
352 566 14 36 i
394 566 216 46 äktenskap.

325 620 213 36 Innehåller
579 619 224 36 främmande
846 621 92 34 stats
972 619 60 47 lag
1059 618 232 37 föreskrifter
1318 631 56 23 om
1403 618 150 48 lysning
1581 618 56 36 för
1666 618 62 35 det
1756 617 66 36 fall

218 677 54 34 att
300 674 194 36 undersåte
524 673 14 36 i
566 673 71 36 den
664 675 73 34 stat
765 672 65 37 vill
858 672 88 48 ingå
975 672 204 48 äktenskap
1208 675 99 34 utom
1334 672 65 37 sitt
1418 672 184 44 hemland,
1624 674 58 33 må
1701 671 123 48 gifter-

218 728 73 36 mål
319 728 100 36 inför
448 727 136 37 svensk
612 726 216 49 myndighet
856 727 31 48 ej
918 726 77 45 ske,
1026 726 113 36 innan
1167 726 121 37 visadt
1307 726 141 45 varder,
1470 729 54 33 att
1543 727 113 35 sådan
1675 725 151 48 lysning

219 786 62 44 ägt
321 795 79 23 rum
444 782 85 35 eller
571 783 54 34 att
665 780 152 48 behörig
854 780 216 48 myndighet
1098 780 14 36 i
1140 781 71 35 den
1241 780 226 36 främmande
1496 783 120 33 staten
1644 780 83 35 från
1755 780 70 35 den

218 835 154 49 lysning
400 836 182 35 meddelat
609 834 182 37 befrielse.
848 834 43 49 Ej
923 837 58 33 må
1011 834 93 36 dock
1132 835 113 35 sådan
1273 834 167 48 lysnings
1468 834 270 36 försaummande
1759 834 66 35 här

219 890 190 36 föranleda
438 889 261 47 äktenskapets
728 888 204 48 ogiltighet,
964 889 94 35 ändå
1086 891 54 33 att
1169 889 70 35 den
1259 888 138 49 påföljd
1416 893 40 30 är
1474 888 14 35 i
1508 888 71 35 den
1600 887 224 37 främmande

220 947 141 33 statens
390 944 61 47 lag
479 943 163 47 stadgad.

979 1106 20 32 5
1030 1104 33 46 8

324 1212 80 35 Har
447 1211 81 35 med
570 1211 225 46 Konungens
835 1209 168 36 tillstånd
1045 1209 224 35 främmande
1311 1211 73 34 stat
1412 1212 38 33 åt
1478 1209 80 36 sina
1587 1210 66 35 här
1681 1209 14 35 i
1722 1209 98 36 riket

216 1265 181 36 anställda
439 1263 258 48 diplomatiska
739 1263 87 35 eller
867 1263 197 36 konsulära
1088 1294 4 15 ,
1104 1263 226 35 ämbetsmän
1358 1263 199 47 uppdragit
1585 1266 54 33 att
1668 1263 154 36 förrätta

214 1319 196 47 giftermål,
440 1318 96 36 skall
565 1317 214 46 äktenskap,
810 1329 75 23 som
913 1316 14 36 i
955 1316 166 48 enlighet
1148 1316 82 36 med
1258 1316 71 36 den
1357 1317 225 35 främmande
1602 1319 138 34 statens
1761 1318 59 46 lag

214 1372 97 36 inför
348 1372 112 36 sådan
493 1372 223 36 ämbetsman
744 1370 138 48 ingåtts
911 1370 133 36 mellan
1073 1370 197 36 utländska
1298 1370 227 44 undersåtar,
1556 1383 107 24 anses
1693 1383 86 25 vara
1809 1371 13 35 i

217 1425 154 49 behörig
399 1426 92 36 form
521 1425 186 37 afslutadt.

974 1588 20 33 6
1020 1563 39 74 8.

323 1687 56 42 Är
422 1693 204 46 äktenskap
670 1695 20 33 å
731 1692 141 37 utrikes
914 1695 57 33 ort
1013 1693 111 35 slutet
1161 1692 13 35 i
1216 1692 103 44 form,
1364 1704 75 24 som
1480 1693 108 46 lagen
1617 1695 20 33 å
1665 1693 71 35 den
1765 1696 55 33 ort

214 1747 249 44 föreskrifver,
494 1746 94 36 skall
617 1746 252 47 äktenskapet,
901 1746 119 36 ehvad
1049 1746 103 46 fråga
1180 1750 40 30 är
1248 1758 56 23 om
1332 1746 159 35 svenska
1510 1746 90 35 eller
1619 1746 198 36 utländska

216 1801 225 43 undersåtar,
472 1801 68 35 här
567 1799 14 36 i
609 1799 97 36 riket
735 1812 104 24 anses
869 1812 86 24 vara
984 1798 13 36 1
1026 1798 153 48 behörig
1208 1799 91 36 form
1329 1799 188 36 afslutadt.

975 1963 18 32 7
1017 1938 42 75 8.

324 2068 204 44 Giftermål,
574 2080 74 23 som
691 2067 13 35 i
746 2067 225 36 främmande
1014 2069 90 34 stats
1137 2066 115 48 tjänst
1281 2067 155 35 anställd
1465 2066 236 47 diplomatisk
1730 2067 88 35 eller

216 2122 171 35 konsulär
427 2122 223 35 ämbetsman
687 2123 20 32 å
734 2120 143 36 utrikes
905 2123 56 33 ort
990 2120 169 35 förrättat
1187 2119 14 36 1
1229 2119 162 47 enlighet
1420 2120 81 35 med
1529 2120 106 46 lagen
1663 2119 13 35 i
1705 2120 111 46 sagda

216 2178 84 41 stat,
345 2187 84 24 vare
471 2175 67 34 här
575 2173 12 36 i
615 2173 98 36 riket
740 2174 179 46 gällande,
950 2175 40 34 så
1019 2173 110 35 framt
1158 2172 164 36 hvarken
1351 2185 157 23 mannen
1537 2173 86 35 eller
1652 2172 164 36 kvinnan

218 2241 64 24 var
323 2229 192 35 undersåte
557 2227 14 35 i
613 2227 69 36 den
725 2230 83 41 stat,
850 2229 20 33 å
912 2227 110 36 hvars
1051 2227 143 35 område
1223 2225 222 48 giftermålet
1474 2226 109 44 skett,
1615 2229 92 34 samt
1736 2225 81 37 sist-

218 2282 158 36 nämnda
404 2284 73 34 stat
506 2280 83 37 icke
619 2281 183 47 förvägrat
831 2280 300 36 ämbetsmannen
1160 2283 53 33 att
1242 2279 184 48 giftermål
1455 2280 163 36 förrätta.
