2242 2648
384 175 39 33 28
626 174 242 32 Sammansatta
891 172 114 33 banko-
1030 171 54 33 och
1101 170 343 42 jordbruksutskottets
1466 169 168 33 utlåtande
1657 180 40 21 nr
1721 172 26 28 1.

383 262 155 38 hemska
552 260 327 47 lånemarknaden,
899 272 111 36 synes
1035 258 32 49 ej
1095 271 88 23 vara
1207 257 184 49 lämpligt,
1417 256 71 37 och
1512 270 86 22 man
1623 255 74 36 kan
1722 255 189 49 knappast
1930 269 50 22 nu

384 314 146 48 skönja,
559 317 66 32 när
652 311 284 38 förhållandena
964 311 107 36 skola
1098 310 52 36 bli
1177 309 131 36 bättre.
1354 309 73 36 Det
1454 308 106 36 torde
1589 308 125 35 därför
1733 307 85 35 med
1838 307 143 35 visshet

384 379 90 22 vara
501 364 146 37 säkrast
676 364 57 36 för
760 363 153 48 frågans
955 362 214 47 fortkomst,
1204 365 55 31 att
1287 359 249 49 utredningen
1565 359 128 36 därom
1721 358 56 35 får
1804 363 90 44 taga
1923 358 57 36 sin

384 416 205 49 behövliga
615 415 55 37 tid
697 415 88 37 eller
812 414 85 37 med
926 414 115 36 andra
1069 413 78 48 ord,
1177 417 55 32 att
1260 426 86 22 man
1374 412 32 48 ej
1439 411 161 37 forcerar
1629 410 82 37 den.

487 469 89 36 Just
602 468 12 36 i
642 468 109 36 dessa
779 467 117 49 dagar
924 466 130 36 ställas
1081 466 78 35 helt
1192 464 70 37 och
1290 464 115 36 hållet
1433 477 74 35 nya
1534 463 92 36 krav
1642 466 60 50 på
1731 462 250 35 allmänheten

385 526 54 32 att
468 525 148 32 avsätta
643 520 81 35 sina
752 518 182 37 särskilda
961 518 135 48 bidrag
1124 517 56 35 till
1202 517 385 49 folkpensioneringen.
1630 517 114 33 Ännu
1772 514 67 35 har
1866 513 115 48 ingen

385 572 95 37 enda
507 571 234 49 inbetalning
769 571 123 48 gjorts
920 569 137 47 härför,
1087 581 86 23 men
1200 568 62 36 väl
1290 572 63 31 äro
1383 580 46 23 en
1457 567 31 48 ej
1519 566 193 49 obetydlig
1731 565 140 48 mängd
1892 578 89 34 pen-

385 623 194 38 sionsbrev
606 623 114 36 redan
747 621 197 50 beviljade.
1000 620 72 36 Det
1113 619 106 37 torde
1247 632 89 23 vara
1363 619 11 35 i
1402 619 57 35 sin
1489 618 171 48 ordning,
1691 622 53 31 att
1772 630 87 22 man
1888 617 94 35 först

385 677 248 45 konstaterar,
662 675 95 37 huru
786 674 102 37 detta
916 678 102 32 stora
1037 671 426 50 besparingsmaskineri
1482 670 177 49 fungerar
1677 669 12 37 i
1708 668 272 49 verkligheten,

384 729 115 36 innan
540 741 87 23 man
668 730 68 45 går
777 731 53 31 att
863 726 200 49 disponera
1090 724 320 48 behållningarna.
1466 723 57 36 De
1551 728 100 30 stora
1681 721 190 47 fonderna,
1902 734 79 22 som

385 780 182 49 möjligen
604 793 46 23 en
687 781 103 47 gång
818 778 127 36 kunna
972 779 149 46 uppstå,
1152 776 125 36 fordra
1305 775 157 36 framför
1490 775 65 35 allt
1583 775 101 35 säker
1708 774 197 47 placering,
1935 772 46 36 då

385 832 329 48 utbetalningarne
755 830 31 49 ej
830 830 37 35 få
907 829 132 36 klicka.
1094 828 68 36 Att
1201 827 116 36 redan
1357 840 50 22 nu
1436 826 115 36 tänka
1579 826 60 48 sig
1667 839 45 22 en
1741 824 242 48 användning

387 884 117 38 därav
532 884 58 35 för
616 887 84 32 rent
728 880 371 50 experimenterande
1126 879 196 49 uppgifter
1349 878 105 36 torde
1483 878 37 35 få
1549 890 108 23 anses
1686 877 57 35 för
1771 876 124 47 tidigt.

488 936 77 48 Jag
592 934 67 37 har
687 934 107 36 alltså
822 933 32 49 ej
885 933 85 36 med
998 932 77 36 min
1102 936 80 32 röst
1209 931 143 35 kunnat
1381 930 152 36 förorda
1561 929 207 36 skrivelsen
1796 928 12 36 i
1836 928 143 48 fråga.»

489 1038 96 36 Herr
626 1037 154 35 friherre
821 1036 195 44 Hermelin,
1058 1034 84 36 med
1172 1034 127 35 vilken
1327 1033 126 35 herrar
1485 1032 217 48 Gustafsson
1731 1031 69 35 och
1827 1031 156 36 Jönsson

386 1091 166 46 instämt,
582 1089 67 36 har
677 1088 141 36 anmält
837 1086 231 38 reservation
1088 1091 78 31 mot
1185 1085 204 36 utskottets
1409 1084 239 48 motivering,
1670 1082 129 36 därvid
1820 1082 161 36 anförts:

493 1141 96 38 »Om
617 1141 38 37 vi
683 1146 97 31 även
807 1140 82 37 icke
915 1139 100 37 velat
1043 1143 179 31 motsätta
1251 1150 63 24 oss
1343 1151 45 23 en
1417 1136 180 37 skrivelse
1625 1135 55 36 till
1710 1134 139 49 Kungl.
1875 1134 108 48 Maj:t

387 1196 12 36 i
428 1195 62 37 det
519 1194 111 49 syfte,
668 1206 80 24 som
785 1205 48 24 av
857 1192 187 37 utskottet
1073 1191 171 47 föreslås,
1273 1190 96 35 hava
1396 1189 38 36 vi
1464 1188 96 37 dock
1587 1188 123 48 ifråga
1738 1201 60 22 om
1827 1186 156 36 motive-

387 1247 135 47 ringen
563 1250 121 31 ansett
726 1258 61 23 oss
819 1245 90 35 böra
937 1243 219 48 kraftigare,
1186 1248 48 30 än
1262 1241 74 36 vad
1364 1241 183 36 utskottet
1575 1240 103 48 gjort
1705 1239 139 36 betona
1872 1238 111 36 önsk-

388 1298 203 36 värdheten
633 1310 57 30 av,
734 1301 53 30 att
828 1309 46 22 en
916 1294 225 36 samverkan
1174 1294 68 35 bör
1270 1293 110 35 sökas
1408 1293 152 34 komma
1600 1291 57 35 till
1699 1290 108 36 stånd
1849 1290 135 35 mellan

384 1347 599 52 jordbrukskreditföreningarna
1024 1345 69 36 och
1135 1345 45 35 de
1221 1347 20 33 å
1270 1344 100 36 vissa
1398 1343 75 36 håll
1501 1342 137 36 talrika
1667 1341 278 49 sparbankerna
1973 1341 11 34 1

388 1401 140 47 landet,
571 1400 102 37 detta
714 1399 57 36 för
811 1397 207 38 ordnandet
1059 1410 47 23 av
1148 1410 46 23 en
1234 1395 156 50 lämplig
1422 1393 215 37 driftkredit
1665 1393 58 36 för
1750 1392 62 37 det
1840 1392 145 36 mindre

385 1452 236 50 jordbruket.

491 1503 144 37 Därvid
662 1503 97 35 hava
785 1502 38 36 vi
852 1501 108 36 tänkt
989 1514 73 33 oss,
1092 1505 66 42 att,
1189 1500 124 35 därest
1342 1499 45 35 de
1415 1498 124 36 lokala
1559 1497 268 48 föreningarna
1847 1509 138 35 genom

390 1561 144 31 statens
576 1554 228 47 förmedling
844 1553 120 36 skulle
1004 1552 81 36 visa
1126 1551 60 48 sig
1227 1550 120 36 direkt
1375 1550 128 35 kunna
1531 1548 212 37 samarbeta
1771 1547 83 36 med
1884 1560 102 36 spar-

389 1607 192 37 bankerna
622 1605 70 38 och
733 1618 46 23 en
819 1604 220 48 utveckling
1081 1616 46 23 av
1169 1600 472 51 sparbanksinstitutionen
1682 1599 125 36 kunde
1836 1599 65 36 ske
1929 1598 56 35 till

391 1664 108 43 orter,
541 1658 67 37 där
649 1657 216 38 densamma
888 1656 49 50 -ej
982 1669 49 23 nu
1075 1656 148 46 funnes,
1266 1653 161 38 särskild
1463 1652 265 49 inlåningsrätt
1757 1651 81 37 icke
1868 1650 118 37 skulle

390 1711 147 37 behöva
573 1711 179 48 tilläggas
793 1708 405 48 kreditföreningarna,
1240 1709 125 34 såsom
1406 1705 163 37 varande
1601 1703 243 49 betungande
1872 1703 11 36 i
1913 1703 73 36 för-

391 1763 221 48 valtningen
641 1762 69 36 och
738 1760 225 50 fördyrande
991 1760 12 35 i
1030 1760 283 36 konkurrensen
1341 1772 60 22 om
1428 1757 73 36 löst
1528 1755 176 50 kapital.»

495 1865 186 49 Slutligen
722 1865 68 36 har
825 1864 86 36 herr
949 1864 153 36 Linders
1131 1862 141 36 anmält
1300 1861 58 36 sin
1385 1860 230 37 reservation
1643 1863 78 32 mot
1748 1858 78 36 viss
1855 1857 58 36 del
1941 1870 47 22 av

392 1917 289 50 motiveringen.
