2242 2648
480 194 244 35 Sammansatta
747 198 112 32 banko-
882 199 55 32 och
952 199 343 41 jordbruksutskottets
1317 204 168 32 utlåtande
1508 206 52 31 N>
1582 209 27 28 1.
1806 209 37 30 15

245 279 116 36 hålles
402 279 12 36 i
455 280 63 36 det
558 281 101 37 inom
695 282 503 51 jordbruksdepartementet
1238 288 220 38 utarbetade
1500 291 193 49 förslaget,
1722 293 119 36 skulle

244 331 193 47 nämligen
478 332 118 48 enligt
628 333 46 36 de
702 334 255 50 sakkunniges
985 337 99 35 åsikt
1112 338 79 35 dels
1220 339 166 36 försvåra
1414 341 56 35 för
1498 342 261 49 föreningarna
1787 350 55 30 att

245 381 139 36 erhålla
424 384 41 33 så
506 383 132 49 billiga
677 386 212 49 penningar
929 400 79 23 som
1038 389 162 49 möjligt,
1230 390 78 36 dels
1336 391 72 36 vad
1438 394 404 49 centralföreningarna

244 432 187 47 beträffar,
462 434 192 37 förhindra
682 436 143 38 direkta
853 438 247 38 förbindelser
1127 441 137 36 mellan
1284 442 109 37 dessa
1412 444 68 36 och
1500 450 139 32 smärre
1657 447 184 49 penning-

244 485 264 49 inrättningar.
564 487 170 37 Erhåller
775 490 425 49 centralföreningarnas
1233 495 136 36 rörelse
1397 495 71 37 den
1497 497 164 37 önskade
1689 499 151 36 omfatt-

243 536 154 49 ningen,
439 538 105 36 torde
585 539 62 37 det
688 540 12 35 i
740 540 46 37 de
818 541 107 36 festa
952 542 66 36 fall
1047 543 101 37 bliva
1177 545 57 35 för
1261 546 83 35 dem
1373 548 235 48 nödvändigt
1636 555 54 30 att
1718 551 123 35 vända

243 588 60 48 sig
343 589 58 35 till
441 589 90 36 flera
571 591 230 48 långivande
841 594 190 47 anstalter,
1075 608 60 23 om
1177 596 46 36 de
1250 597 92 48 vilja
1368 598 98 36 hava
1493 601 180 47 trygghet
1702 602 56 35 för
1786 608 54 30 att

242 639 106 36 alltid
376 640 98 36 hava
502 641 62 36 det
592 642 203 50 behövliga
827 644 179 49 kapitalet
1034 651 54 31 att
1117 647 119 49 tillgå.
1291 649 73 35 För
1386 650 345 50 jordbrukskassor,
1760 667 79 22 som

242 696 63 31 äro
334 692 175 36 anslutna
536 693 55 36 till
620 695 367 50 centralföreningar,
1007 711 110 24 anses
1145 699 62 36 det
1236 699 167 38 däremot
1431 703 198 49 olämpligt
1658 710 53 30 att
1739 706 101 35 med-

242 743 91 48 giva
364 744 228 37 förbindelse
620 746 84 36 med
733 760 124 23 annan
885 749 388 52 penninginrättning.
1330 752 72 37 Det
1430 759 40 30 är
1497 756 191 48 nämligen
1704 770 45 23 av
1764 763 77 30 stor

241 794 92 47 vikt,
363 794 104 37 såväl
496 802 55 30 att
579 797 72 36 den
680 811 98 36 egna
805 801 188 35 centralen
1022 802 158 37 tillföres
1200 808 137 32 största
1356 806 156 48 möjliga
1531 807 309 50 låneförmedling

241 859 80 23 som
364 852 54 30 att
459 847 83 47 den,
577 848 219 50 därigenom
825 856 55 30 att
907 852 340 51 underföreningen
1275 855 70 37 blir
1373 857 57 36 för
1457 858 65 35 sitt
1549 860 290 47 penningbehov

239 898 239 36 uteslutande
505 899 184 38 hänvisad
719 902 55 35 till
804 902 230 49 densamma,
1064 910 116 32 sättes
1208 906 12 36 i
1248 907 108 36 stånd
1382 914 55 30 att
1455 914 115 31 utöva
1590 923 45 23 en
1655 911 184 48 ingående

239 949 155 48 uppsikt
423 955 89 31 över
538 951 363 51 underföreningens
929 955 153 37 skötsel.

342 1000 85 37 Med
465 1003 185 36 avseende
677 1007 48 45 på
753 1006 283 47 föreningarnas
1064 1009 256 47 organisation
1348 1011 68 35 och
1446 1012 200 37 arbetssätt
1675 1014 10 35 i
1714 1015 124 49 övrigt

239 1051 97 36 hava
377 1052 45 36 de
464 1054 235 50 sakkunnige
742 1056 193 49 föreslagit
962 1059 101 36 vissa
1092 1060 262 50 förändringar
1381 1063 11 34 i
1421 1063 62 36 det
1512 1064 224 49 föregående
1764 1067 73 35 för-

240 1103 134 48 slaget.

341 1155 313 39 Medlemmarnas
683 1159 158 37 lånerätt
869 1160 96 37 hade
993 1175 47 22 av
1070 1164 98 35 1910
1197 1166 59 34 års
1284 1165 238 50 sakkunnige
1542 1168 213 49 föreslagits
1779 1170 57 36 till

238 1207 49 35 50
328 1207 138 37 kronor
507 1209 57 35 för
599 1211 103 48 varje
730 1211 133 36 hektar
890 1213 99 48 åker,
1018 1215 126 35 varför
1171 1215 145 37 inträde
1343 1218 164 36 vunnits.
1563 1219 132 37 Denna
1722 1227 114 43 gräns

236 1271 67 23 var
343 1258 213 38 bibehållen
593 1266 94 32 även
724 1263 12 35 i
774 1263 61 36 det
863 1264 101 36 inom
988 1265 500 51 jordbruksdepartementet
1516 1271 220 37 utarbetade
1764 1273 72 36 för-

236 1310 134 48 slaget.
429 1313 96 35 1913
569 1315 58 33 års
669 1314 238 50 sakkunnige
946 1316 98 36 hava
1080 1319 205 36 emellertid
1314 1321 122 35 funnit
1464 1322 62 36 det
1553 1336 89 23 vara
1670 1337 46 22 av
1743 1320 92 56 vikt,

236 1367 55 30 att
332 1362 267 49 föreningarna
626 1365 12 35 i
667 1370 117 32 större
824 1368 264 49 utsträckning
1119 1375 117 31 sattes
1265 1371 11 35 i
1305 1372 108 36 stånd
1442 1379 56 30 att
1525 1374 201 49 tillgodose
1754 1377 81 35 sina

235 1412 261 38 medlemmars
538 1416 207 37 lånebehov
785 1418 69 36 och
895 1425 128 42 syntes
1065 1421 62 35 det
1164 1422 84 36 dem
1275 1426 48 45 på
1351 1425 122 47 grund
1502 1438 47 22 av
1576 1427 101 35 vissa
1705 1427 130 36 beräk-

235 1464 138 49 ningar
414 1467 195 47 angående
650 1469 151 36 särskilt
843 1470 142 37 mindre
1021 1472 268 48 jordbrukares
1330 1475 120 36 behov
1487 1490 47 22 av
1561 1477 272 38 lantbruksför-

234 1516 229 37 nödenheter
502 1531 90 23 vara
632 1521 203 48 påtagligt,
873 1527 55 30 att
965 1522 176 50 beloppet
1170 1525 57 35 för
1255 1525 127 37 dessas
1411 1527 58 37 del
1497 1531 119 34 måste
1644 1530 117 49 höjas.
1817 1531 17 36 I

235 1567 108 49 fråga
384 1581 60 23 om
485 1569 226 38 innehavare
753 1585 47 23 av
831 1575 117 47 något
977 1579 117 32 större
1122 1575 314 51 brukningsdelar
1465 1579 63 48 (10
1556 1580 67 36 har
1651 1582 87 36 åker
1765 1583 68 36 och

233 1618 169 50 däröver)
445 1623 142 47 ansågo
630 1622 45 37 de
711 1623 168 38 däremot
908 1627 48 35 50
984 1626 158 37 kronors
1171 1628 169 49 lånerätt,
1370 1643 61 23 om
1460 1632 31 48 ej
1523 1632 11 35 1
1564 1633 73 35 alla
1666 1633 64 36 fall
1759 1635 74 35 till-

232 1671 156 49 räcklig,
431 1675 40 33 så
513 1673 97 37 dock
651 1675 106 37 alltid
799 1676 252 39 innebärande
1079 1692 46 23 en
1153 1681 150 48 mycket
1332 1683 180 36 avsevärd
1540 1684 115 49 hjälp.
1710 1685 123 50 Fråga

231 1722 69 36 har
340 1723 46 36 då
427 1728 183 45 uppstått,
653 1740 60 23 om
756 1728 31 48 ej
831 1731 125 46 någon
993 1743 125 24 annan
1146 1732 123 48 grund
1299 1733 55 36 för
1381 1735 207 37 lånerätten
1617 1742 46 30 än
1692 1739 140 36 antalet

231 1774 133 36 hektar
392 1775 99 48 åker,
519 1778 126 35 varför
671 1779 144 37 inträde
843 1782 164 47 vunnits,
1036 1782 114 37 borde
1170 1784 165 37 föreslås.
1382 1786 56 36 De
1458 1787 237 50 sakkunnige
1715 1790 116 35 funno

231 1825 62 36 det
335 1827 204 37 emellertid
581 1842 47 22 av
668 1830 90 36 flera
786 1832 81 35 skäl
894 1846 90 22 vara
1012 1839 55 31 att
1097 1835 209 49 föredraga,
1335 1843 55 30 att
1418 1840 263 36 ovannämnda
1708 1842 123 47 grund

230 1876 217 50 bibehölles,
489 1893 85 23 men
607 1886 54 31 att
690 1882 175 49 beloppet
892 1897 66 35 per
984 1885 134 36 hektar
1144 1887 132 48 höjdes
1304 1888 56 36 till
1391 1892 46 33 75
1466 1890 146 36 kronor.
1668 1891 162 38 Härmed

231 1935 129 42 syntes
389 1931 227 37 åtminstone
644 1932 46 37 de
717 1940 97 30 mest
842 1936 209 48 trängande
1079 1938 254 37 lånebehoven
1358 1940 56 36 för
1433 1941 74 36 alla
1527 1943 304 37 storleksklasser

230 1993 48 22 av
314 1981 184 48 jordbruk
538 1983 129 36 kunna
695 1985 124 48 fyllas.
873 1986 114 38 Bleve
1014 1988 12 36 i
1053 1991 119 46 något
1201 1990 65 36 fall
1295 1991 207 38 lånerätten
1530 1999 116 31 större
1674 2000 47 31 än
1749 2009 80 23 som

229 2044 88 24 vore
358 2033 312 51 oundgängligen
711 2037 244 50 nödvändigt,
997 2040 199 37 ankomme
1237 2041 62 37 det
1335 2043 43 49 ju
1406 2047 48 45 på
1483 2045 263 50 föreningarna
1774 2053 55 30 att

228 2088 116 44 pröva
384 2086 104 48 varje
528 2086 216 38 inkommen
786 2089 265 50 låneansökan,
1093 2093 69 36 och
1203 2097 138 46 ansågs
1383 2095 71 37 den
1494 2097 123 36 häruti
1650 2098 178 49 liggande

228 2136 199 47 garantien
467 2138 205 50 tillräcklig
713 2140 56 36 för
809 2141 307 39 förekommande
1157 2158 47 22 av
1240 2146 163 49 onödiga
1431 2148 73 36 lån.
1559 2149 85 36 Med
1673 2150 69 36 den
1771 2154 57 32 så-

228 2186 115 36 lunda
384 2188 214 50 föreslagna
639 2191 119 37 ökade
795 2193 207 37 lånerätten
1031 2195 109 49 följer
1167 2196 97 37 ökad
1292 2199 192 49 personlig
1512 2202 231 48 arsvarighet
1771 2203 58 35 för

227 2238 303 50 medlemmarna,
573 2247 88 31 enär
700 2245 268 47 proportionen
1009 2248 137 35 mellan
1188 2249 158 37 lånerätt
1388 2251 68 36 och
1494 2254 238 48 ansvarighet
1761 2254 67 36 har

227 2296 143 30 ansetts
399 2291 90 37 böra
517 2293 207 37 bibehållas
753 2296 234 37 oförändrad.
