2164 2616
760 159 113 29 Banko-
882 160 150 31 Utskottets
1059 161 154 31 Utlåtande
1237 164 57 28 N:o
1317 163 28 30 5.
1792 172 11 26 1

983 687 67 28 N:o
1068 691 31 25 5.

893 862 61 23 Ank.
976 863 36 22 till
1035 864 80 23 Riksd.
1136 865 82 23 Kansli
1239 866 44 24 den
1303 865 33 25 13
1356 867 67 24 Febr.
1445 867 75 30 1872,
1541 870 31 23 kl.
1593 869 16 24 2
1628 879 19 15 e.
1669 880 31 15 m.

441 1032 177 41 Utlåtande,
645 1034 13 31 i
685 1034 169 42 anledning
880 1037 42 40 af
942 1038 83 32 Herr
1046 1040 40 31 A.
1114 1040 122 33 Hedins
1269 1043 116 31 motion
1411 1054 48 21 om
1486 1045 109 40 tillägg
1621 1046 49 31 till
1695 1048 136 32 instruk-

634 1086 103 31 tionen
762 1087 54 40 för
842 1088 196 42 Riksdagens
1063 1091 163 34 Revisorer
1252 1094 41 40 af
1314 1094 208 34 Riksbanken.

368 1199 49 33 Uti
460 1212 36 21 en
540 1203 82 32 inom
664 1204 102 33 Andra
807 1206 186 34 Kammaren
1023 1206 89 36 väckt
1141 1213 127 40 motion,
1297 1213 54 32 N:o
1381 1214 58 40 25,
1468 1215 55 32 har
1551 1216 78 33 Herr
1655 1219 39 31 A.
1723 1220 105 32 Hedin

232 1250 116 42 anfört,
378 1252 149 33 hurusom
555 1266 40 22 nu
623 1255 141 42 gällande
792 1258 188 42 stadganden
1010 1261 48 32 för
1085 1262 191 43 Riksdagens
1304 1266 155 32 revisorer
1474 1265 32 34 al
1525 1270 198 40 statsverket,
1752 1272 75 31 riks-

231 1302 118 33 banken
379 1304 57 32 och
467 1304 303 44 riksgäldskontoret
799 1309 158 34 företedde
986 1313 113 32 brister
1126 1312 195 44 derutinnan,
1349 1322 44 27 att
1416 1319 69 42 inga
1501 1319 196 34 föreskrifter
1713 1322 111 33 funnos

229 1353 134 34 hvarken
405 1366 50 22 om
495 1356 38 33 de
576 1357 126 42 former,
742 1371 67 22 som
851 1364 128 40 revisor,
1024 1366 153 32 ordinarie
1218 1368 76 32 eller
1334 1370 171 42 suppleant,
1554 1371 94 33 borde
1688 1373 134 44 iakttaga

228 1410 55 27 när
325 1407 70 39 han,
438 1408 36 42 på
512 1409 42 31 tid
599 1410 38 33 då
679 1412 172 43 Riksdagen
886 1416 26 41 ej
948 1420 34 27 är
1016 1417 125 40 samlad,
1183 1419 49 32 vill
1262 1422 87 30 vinna
1379 1421 143 33 befrielse
1546 1422 65 33 från
1641 1421 181 51 uppdraget,

226 1457 75 31 eller
342 1468 53 23 om
436 1463 95 28 sättet
573 1461 46 32 för
660 1463 177 33 erhållande
877 1465 32 32 af
948 1465 134 45 tillfällig
1123 1467 135 45 ledighet
1300 1471 64 33 från
1406 1471 183 44 deltagande
1626 1473 6 32 i
1663 1478 158 41 pågående

227 1510 269 32 revisionsarbetle.

359 1561 11 31 I
399 1560 81 33 förra
516 1561 157 35 alseendet
710 1565 75 32 hade
814 1568 45 31 väl
888 1569 8 30 i
925 1569 166 33 allmänhet
1120 1572 170 42 iakttagits,
1318 1578 44 28 att
1389 1575 141 33 anmälan
1559 1578 81 31 skett
1669 1578 55 32 hos
1753 1578 65 34 full-

225 1611 135 43 mäktige
402 1614 6 30 i
451 1610 187 36 riksbanken
679 1616 75 33 eller
796 1619 297 42 riksgäldskontoret
1135 1623 75 32 eller
1251 1624 161 41 bådadera,
1446 1632 80 27 samt
1553 1633 45 27 att
1626 1640 126 22 numera
1781 1632 36 31 de

224 1662 93 39 förre,
360 1663 152 34 tillförene
553 1666 74 33 båda
656 1674 207 36 gemensamt,
898 1671 106 33 derom
1034 1674 219 34 underrättade
1283 1677 230 34 vederbörande
1539 1681 180 44 suppleant;
1747 1694 69 21 men

221 1713 52 32 det
303 1715 77 32 hade
408 1717 55 31 ock
494 1718 142 41 inträffat,
666 1724 43 28 alt
739 1723 126 39 revisor,
894 1734 65 22 som
990 1726 76 31 varit
1095 1726 128 33 hindrad
1251 1733 44 28 att
1323 1729 113 32 infinna
1463 1731 46 41 sig
1539 1730 41 33 till
1610 1731 205 45 deltagande
1796 1726 21 54 i

221 1766 286 41 revisionsarbetet,
535 1771 127 32 allenast
692 1773 132 32 enskildt
854 1775 190 33 underrättat
1074 1777 58 32 den
1161 1780 173 42 suppleant,
1363 1781 57 32 han
1451 1781 152 34 förmodat
1631 1795 68 22 vara
1724 1787 8 30 i
1749 1788 66 30 ord-

220 1816 124 45 ningen.
401 1817 58 34 Vid
483 1819 52 33 det
563 1822 54 32 sist
648 1823 132 33 nämada
810 1825 258 45 förfaringssättet
1097 1828 179 37 förefunnos
1305 1832 254 43 betänkligheter,
1589 1835 100 34 hvilka
1720 1839 6 30 i
1757 1837 58 34 för-

219 1869 92 42 ening
340 1869 126 34 dermed
496 1877 44 27 att
569 1876 99 40 någon
697 1875 159 34 föreskrift
884 1889 49 22 om
963 1880 148 43 rättighet
1140 1882 76 32 eller
1244 1884 176 44 skyldighet
1449 1886 45 32 för
1520 1886 294 47 bankofullmäktige

217 1924 55 36 att,
311 1921 45 32 vid
392 1922 54 33 hos
480 1924 70 32 dem
588 1926 89 42 gjord
719 1929 140 32 anmälan
895 1940 49 22 om
978 1931 149 42 afsägelse
1163 1934 32 31 af
1219 1936 302 44 revisionsuppdrag,
1556 1938 120 43 vidtaga
1705 1942 108 41 åtgärd

217 1971 47 32 för
292 1973 172 33 inkallande
494 1975 33 32 af
550 1978 162 41 suppleant
743 1980 65 31 icke
836 1981 121 41 funnes,
984 1988 107 39 syntes
1119 1986 117 41 påkalla
1265 1998 38 22 en
1334 1988 216 34 bestämmelse
1566 2001 49 22 om
1635 1991 178 45 förfarings-

215 2027 92 29 sältet
338 2025 46 31 vid
415 2037 39 22 nu
482 2026 232 43 ifrågavarande
745 2030 58 34 fall.

350 2076 84 33 Hvad
474 2080 67 30 åter
581 2082 107 39 angick
725 2083 51 31 det
812 2083 49 32 fall
889 2089 44 28 att
962 2087 125 40 revisor,
1130 2090 98 31 under
1262 2090 158 42 pågående
1459 2094 266 40 revisionsarbete,
1759 2101 48 27 ön-

215 2123 94 34 skade
351 2129 99 40 någon
492 2130 60 32 tids
592 2131 148 43 ledighet,
782 2134 53 32 har
867 2137 193 33 motionären
1089 2140 115 32 erinrat
1235 2151 50 21 om
1315 2141 143 34 behofvet
1486 2142 34 33 af
1544 2147 99 40 någon
1672 2146 137 33 bestäm-

215 2177 95 32 melse
350 2189 50 21 om
443 2184 93 28 sättet
578 2180 46 34 för
665 2183 177 35 erhållande
882 2187 32 31 af
951 2189 92 31 sådan
1084 2189 144 44 ledighet,
1269 2197 73 28 enär
1374 2194 51 31 det
1459 2196 144 32 stundom
1633 2198 91 31 händt
1753 2204 55 34 alt,

349 2244 61 28 Bih.
434 2247 43 26 till
498 2247 101 28 Riksd.
624 2249 83 28 Prot.
730 2249 94 30 1572.
870 2251 20 29 6
912 2255 88 26 Saml.
1023 2256 17 27 1
1064 2258 69 31 Afd.
1158 2256 19 28 4
1200 2253 89 45 Häöft.
1708 2269 11 22 i
