2216 2640
416 214 39 32 10
870 221 340 38 Bevillningsutskottets
1234 225 191 29 Betänkande
1448 224 61 31 N:o
1535 228 52 29 28.

785 298 37 49 d)
853 301 22 34 4
899 303 130 44 gånger
1055 304 16 33 i
1096 304 122 34 veckan

572 348 327 41 Gotlands-POSten
930 383 811 13 mms
1393 344 32 62 sn
1428 344 156 62 sissi
1606 344 32 62 ass
1645 344 28 62 oss
1680 344 28 62 ses
1715 344 28 62 sn
1776 360 62 51 ho

571 404 240 48 Engelholms
839 407 285 49 Tidning...
1145 439 597 12 ssrssssnsssssssssesrssssrsssr
1609 400 65 60 annars
1684 400 61 60 on
1777 413 60 52 ha

786 459 31 48 e)
850 462 25 34 6
898 464 132 44 gånger
1057 466 15 32 i
1098 465 124 34 veckan

573 510 127 48 DAZON
718 543 98 5 ooeerrr
825 544 63 5 senses
898 544 26 5 era
933 545 26 5 rsr
972 546 12 4 ss
1003 545 27 5 sse
1041 546 60 5 sanera
1111 547 26 5 rer
1150 547 23 5 bar
1185 547 48 6 anar
1243 547 37 5 ersr
1293 547 23 5 rr
1328 548 25 5 san
1367 548 23 5 br
1402 548 25 5 ser
1440 548 24 5 BUR
1475 548 13 6 AA
1510 548 25 6 Ass
1549 549 22 5 Ae
1584 550 23 5 UL
1623 550 49 5 Use
1700 550 7 5 a
1735 550 18 6 La
1790 520 63 51 ho

572 563 209 49 Dagbladet
809 566 280 38 Ystads-Posten
1109 600 463 8 ............i.wimi
1593 604 16 4 sin
1790 573 62 51 ho

571 617 252 47 Aftonbladet,
853 620 147 49 dagliga
1028 622 389 51 landsortsupplagan,
1441 656 313 8 ................
1791 627 11 18 7
1823 659 30 19 10

550 670 55 35 En
634 671 38 36 så
699 673 103 47 ringa
830 676 212 47 ersättning,
1069 689 77 23 som
1175 677 68 35 den
1265 678 66 35 här
1347 678 111 36 ofvan
1478 680 160 49 angifna,
1657 681 103 36 torde
1776 683 79 34 icke
1875 683 124 35 kunna

413 735 100 23 anses
553 726 116 34 såsom
711 727 117 48 skälig
872 728 230 49 godtgörelse
1145 730 57 36 för
1242 731 61 35 det
1337 733 124 36 arbete
1494 734 66 35 och
1589 734 45 36 de
1664 734 163 49 utgifter,
1856 749 76 22 som
1962 735 40 36 af

412 778 224 45 postverkets
663 779 108 36 redan
800 780 132 50 åtagna
961 782 124 49 bestyr
1114 784 84 35 med
1218 783 170 39 afseende
1408 785 21 36 å
1448 787 459 48 tidningsprenumeration
1928 788 70 36 för-

412 830 144 36 orsakas
585 830 130 49 (såsom
742 838 25 30 t.
798 847 57 23 ex.
885 835 265 49 tidningstaxas
1179 839 243 47 upprättande
1446 840 67 35 och
1533 840 215 49 utgifvande
1767 843 56 34 till
1843 843 153 47 trycket,

411 881 167 50 afgifters
620 886 236 49 uppbärande
898 888 67 35 och
1008 889 207 50 bokföring,
1247 892 159 47 liqvider
1434 894 83 35 med
1545 894 357 49 tidningsutgifvare,
1931 896 66 35 tid-

410 937 308 49 ningsexemplars
759 940 189 49 bladning,
991 942 344 52 adresspåteckning
1377 946 67 36 och
1486 947 279 48 postbefordran
1804 955 94 30 samt
1929 950 68 35 tid-

410 991 281 46 ningsnumrens
732 994 204 50 utdelning,
980 997 115 52 enligt
1135 999 215 35 nuvarande
1389 1001 115 46 regler
1533 1002 66 35 och
1629 1002 283 45 bestämmelser,
1941 1003 56 35 till

409 1043 271 38 vederbörande
696 1049 325 48 prenumeranter).
1041 1049 115 37 Annu
1180 1052 140 35 mindre
1345 1054 98 34 lärer
1457 1055 212 48 ersättning,
1682 1056 184 35 beräknad
1883 1056 114 48 enligt

409 1109 52 22 nu
489 1098 170 47 gällande
687 1101 176 46 grunder,
892 1115 90 22 vara
1009 1104 202 48 tillräcklig
1237 1104 57 36 för
1322 1111 55 29 att
1396 1107 136 47 jemväl
1554 1108 153 35 betäcka
1727 1108 44 36 de
1791 1109 205 45 kostnader,

409 1162 79 24 som
528 1151 55 35 för
620 1154 213 46 postverket
870 1155 121 36 skulle
1024 1156 133 48 uppstå
1188 1170 132 36 genom
1349 1158 197 49 åtagandet
1577 1164 54 33 att
1657 1162 12 34 i
1697 1162 133 43 städer,
1861 1163 63 35 der
1952 1176 44 22 en

409 1204 90 34 eller
526 1204 85 36 flera
640 1205 118 37 oftare
786 1211 45 31 än
860 1220 43 23 en
934 1208 94 49 gång
1055 1210 13 35 i
1096 1211 137 35 veckan
1258 1212 261 36 utkommande
1541 1214 186 48 tidningar
1747 1215 162 49 utgifvas
1929 1216 67 35 och

409 1257 97 35 dessa
533 1258 12 34 1
573 1260 126 46 regeln
728 1260 104 35 torde
862 1261 111 35 hafva
1002 1263 74 35 sina
1104 1263 102 36 flesta
1235 1271 315 41 prenumeranter,
1579 1267 149 49 vidtaga
1749 1269 43 35 de
1812 1268 183 50 åtgärder,

408 1322 78 23 som
514 1311 185 37 erfordras
727 1312 56 36 för
810 1320 54 30 att
892 1315 126 48 hvarje
1046 1317 153 35 särskild
1228 1326 260 39 prenumerant
1516 1320 60 35 må
1600 1320 123 37 kunna
1743 1324 44 46 på
1807 1323 188 35 bestämda

408 1364 103 44 tider,
538 1364 86 37 flere
653 1365 138 50 gånger
819 1369 12 33 i
851 1369 148 43 veckan,
1017 1371 242 47 regelbundet
1279 1370 36 36 få
1336 1372 124 48 hvarje
1480 1375 308 46 postabonneradt
1807 1389 187 23 nummer-

408 1419 185 46 exemplar
621 1420 54 47 sig
703 1421 177 37 tillburet.

514 1471 55 36 Då
613 1485 50 23 nu
692 1475 204 35 emellertid
925 1475 200 49 anspråken
1153 1477 46 48 på
1228 1480 210 46 postverket
1467 1480 81 35 med
1578 1480 168 37 afseende
1774 1481 21 36 å
1824 1482 80 36 dess
1933 1484 60 34 be-

408 1522 159 51 fattning
596 1526 84 36 med
710 1527 317 49 tidningsrörelsen
1056 1531 69 35 allt
1153 1544 100 22 mera
1281 1532 100 44 ökas,
1412 1546 82 22 men
1524 1534 166 36 deremot
1718 1536 68 34 allt
1815 1549 101 22 mera
1944 1537 49 35 af-

408 1578 139 48 lägsnas
576 1581 238 47 möjligheten
843 1581 58 36 för
930 1584 208 46 postverket
1167 1590 54 30 att
1240 1584 266 38 tillfredsställa
1525 1587 101 36 dessa
1647 1588 155 48 anspråk
1824 1595 88 29 utan
1933 1603 59 22 an-

407 1631 137 36 litande
573 1632 42 35 af
640 1633 114 36 andra
782 1635 204 37 inkomster
1015 1644 44 27 än
1089 1638 96 44 dem,
1214 1651 88 32 som,
1327 1639 84 35 med
1440 1641 237 48 tillämpning
1693 1641 39 35 af
1749 1655 50 22 nu
1821 1644 171 47 gällande

407 1684 284 47 bestämmelser,
728 1688 130 49 inflyta
887 1688 41 36 af
953 1691 159 35 nämnda
1140 1693 144 43 rörelse,
1312 1693 69 34 vill
1411 1693 60 35 det
1498 1706 105 36 synas
1632 1697 359 48 generalpoststyrel-

406 1750 72 32 sen,
510 1751 75 24 som
619 1740 101 36 tiden
748 1742 125 35 kunde
902 1756 87 22 vara
1017 1744 83 35 inne
1129 1743 56 37 för
1213 1751 53 30 att
1294 1746 222 36 underkasta
1544 1749 213 35 nuvarande
1785 1748 206 37 författnin-

405 1804 67 35 gar
499 1792 186 48 angående
715 1796 227 46 postverkets
969 1797 294 48 tidningsrörelse
1292 1811 43 23 en
1365 1800 166 45 revision,
1558 1802 173 35 särskildt
1758 1803 12 33 i
1798 1802 104 49 fråga
1931 1816 59 23 om

405 1846 217 46 grunderna,
667 1846 92 37 efter
800 1848 129 36 hvilka
970 1851 227 47 postverkets
1236 1854 203 47 ersättning
1466 1853 56 36 för
1550 1854 80 36 dess
1660 1855 122 49 bestyr
1812 1857 82 35 med
1923 1857 66 35 tid-

404 1898 404 50 ningsprenumeration
836 1902 215 37 hädanefter
1079 1905 68 35 bör
1175 1906 188 35 beräknas.

510 1952 124 37 Såsom
674 1953 110 38 ofvan
826 1962 41 29 är
907 1957 138 49 antydt,
1078 1959 119 47 gäller
1225 1957 57 37 för
1309 1960 228 36 närvarande
1565 1960 117 37 såsom
1710 1957 280 59 hufvudgrund,

404 2010 56 31 att
501 2008 226 46 postverkets
754 2010 202 49 ersättning
984 2013 106 47 utgår
1119 2011 93 37 efter
1240 2025 44 23 en
1312 2013 73 36 viss
1413 2020 149 41 procent
1591 2013 41 37 af
1658 2015 68 35 den
1755 2029 233 35 prenumera-

403 2059 206 50 tionsafgift
651 2062 90 35 eller
782 2062 62 36 det
886 2066 398 48 prenumerationspris,
1326 2079 77 23 som
1438 2067 344 50 tidningsutgifvare
1818 2069 86 49 sjelf
1930 2070 59 36 be-

402 2118 184 31 stämmer.
644 2114 264 38 Erfarenheten
938 2118 93 35 visar
1049 2119 215 44 emellertid,
1281 2125 53 30 att
1353 2121 517 49 prenumerationsafgifterna
1890 2124 98 47 inga-

403 2166 113 35 lunda
543 2168 109 36 vuxit
680 2169 12 34 i
720 2182 140 23 samma
890 2170 84 36 mån
1003 2184 77 23 som
1109 2172 253 49 tidningarnas
1391 2175 100 34 antal
1520 2174 67 36 och
1609 2176 192 48 upplagor.
1861 2177 126 35 Tvärt-

401 2232 62 23 om
504 2219 56 46 ha,
596 2222 60 35 till
699 2223 93 47 följd
835 2222 42 37 af
907 2224 170 36 nutidens
1111 2226 217 36 utvecklade
1357 2228 428 49 annonseringsväsende,
1809 2231 95 34 vissa
1933 2235 53 30 ut-

401 2272 141 49 gifvare
571 2273 145 38 kunnat
742 2282 93 30 sätta
862 2278 64 35 sitt
954 2279 74 47 pris
1056 2277 57 37 för
1136 2279 190 49 tidningen
1357 2281 57 35 till
1433 2294 43 23 en
1504 2281 265 50 obetydlighet,
1785 2284 39 48 ja
1839 2284 61 35 till
1920 2284 66 35 och
