1872 2778
268 162 37 30 12
616 164 315 30 Bankoutskottets
948 165 179 29 utlåtande
1143 174 42 20 nr
1200 166 39 29 21
1256 165 40 30 år
1312 166 85 30 1956

268 252 186 29 eventuellt
474 252 112 29 skulle
604 252 133 29 behöva
756 253 249 36 kompenseras
1024 261 122 29 genom
1166 263 42 20 en
1226 254 200 37 ytterligare
1446 255 121 36 skärpt
1586 254 166 30 kreditåt-

267 305 205 37 stramning.
494 305 51 30 Då
567 314 41 20 en
631 305 108 30 sådan
761 306 220 30 konsekvens
1003 308 85 28 även
1111 307 106 37 enligt
1238 308 240 36 fullmäktiges
1500 308 140 36 mening
1660 308 91 29 helst

265 358 105 29 borde
393 358 185 35 undvikas,
601 359 79 29 ville
704 359 221 38 fullmäktige
949 360 163 37 avstyrka
1135 361 41 29 de
1199 361 9 28 i
1230 361 221 29 motionerna
1474 360 195 30 framförda
1692 370 58 20 an-

265 412 308 36 slagsyrkandena.

310 474 115 36 Enligt
449 474 57 29 vid
531 474 237 37 fullmäktiges
793 475 168 29 skrivelse
984 475 95 37 fogat
1102 476 322 37 protokollsutdrag
1447 476 183 30 utvisande
1654 477 97 29 ären-

266 527 73 30 dets
361 527 213 37 behandling
595 528 94 29 inom
712 528 222 37 fullmäktige
956 528 163 31 anfördes
1141 529 213 30 reservation
1376 538 41 21 av
1438 530 81 29 herr
1538 530 211 36 Rubbestad,

265 581 115 28 vilken
408 580 107 37 ansåg
541 582 49 28 att
616 581 221 37 fullmäktige
862 582 78 29 bort
964 582 177 37 tillstyrka
1166 582 98 30 bifall
1289 583 52 29 till
1368 583 230 29 motionerna.
1623 583 126 29 Vidare

265 634 154 29 uttalade
443 634 81 29 herr
547 634 235 37 Kristensson,
806 635 52 29 till
882 635 117 29 vilken
1023 636 80 29 herr
1126 635 163 36 Kollberg
1312 636 115 30 anslöt
1450 636 61 37 sig,
1535 638 50 28 att
1607 637 70 29 han
1700 637 50 29 in-

265 688 134 29 stämde
424 687 10 29 i
460 697 41 20 av
525 687 220 38 fullmäktige
769 688 93 37 gjort
887 689 234 37 avstyrkande
1146 698 41 20 av
1210 690 41 28 de
1274 690 11 28 i
1308 690 222 29 motionerna
1554 690 195 30 framförda

266 741 354 36 anslagsyrkandena,
640 751 79 19 men
740 743 50 28 att
808 742 70 29 han
898 742 55 29 för
972 742 53 29 sin
1045 743 52 29 del
1117 743 75 29 icke
1212 743 116 29 kunde
1346 743 138 29 biträda
1503 743 66 30 den
1587 743 10 29 i
1616 745 133 35 yttran-

264 794 55 29 det
334 794 148 37 avgivna
496 795 251 37 motiveringen
762 795 52 29 till
830 795 95 30 detta
940 795 244 37 avstyrkande.

307 892 156 29 Svenska
500 892 301 36 bankföreningen
839 893 205 30 framhåller
1069 894 10 28 i
1104 894 60 29 sitt
1200 894 162 37 yttrande
1388 896 50 28 att
1464 895 211 36 antagandet
1700 896 50 28 att

263 945 261 36 jordbrukarna
558 946 65 29 och
658 945 303 38 småföretagarna
995 947 98 29 blivit
1128 947 182 30 eftersatta
1344 948 11 29 i
1390 948 268 29 konkurrensen
1692 957 57 20 om

262 998 298 30 bankkrediterna
600 1000 38 28 är
678 999 171 37 obefogat.
891 1000 308 37 Bankföreningen
1239 1001 252 37 understryker
1530 1001 129 35 vidare,
1700 1003 49 28 att

263 1052 119 29 starka
408 1052 279 37 betänkligheter
713 1053 111 29 möter
850 1055 74 27 mot
952 1055 49 28 att
1028 1054 202 37 undantaga
1255 1054 93 30 vissa
1374 1062 152 29 grupper
1553 1064 41 20 av
1620 1055 129 29 kredit-

264 1105 154 29 sökande
436 1105 79 29 från
533 1106 299 29 restriktionerna.
850 1107 111 29 Dessa
977 1107 277 37 betänkligheter
1270 1108 86 30 ökas
1373 1108 223 37 naturligtvis
1614 1109 44 28 än
1676 1117 73 20 mer

262 1168 56 19 om
336 1159 279 37 prioriteringen,
634 1159 114 29 såsom
768 1168 102 28 synes
887 1169 84 20 vara
989 1162 110 28 avsett
1117 1161 10 28 i
1145 1169 46 20 nu
1210 1160 231 31 förevarande
1458 1162 182 34 motioner,
1658 1162 89 29 skall

262 1212 60 29 ske
343 1212 44 36 på
409 1212 119 37 övriga
548 1212 337 31 kreditbehövandes
906 1213 205 30 bekostnad.
1132 1213 308 38 Bankföreningen
1462 1215 69 29 kan
1552 1215 75 30 icke
1648 1215 100 29 finna

263 1265 55 29 det
339 1265 121 37 riktigt
480 1266 65 29 och
564 1266 158 37 lämpligt
743 1268 49 27 att
811 1266 173 36 jordbruk
1003 1267 65 29 och
1087 1266 352 38 småföretagsamhet
1459 1268 113 30 skulle
1591 1268 43 37 på
1654 1269 95 29 detta

262 1319 68 29 sätt
352 1326 135 29 gynnas
510 1319 150 30 framför
681 1321 23 28 t.
728 1329 49 20 ex.
801 1320 66 29 den
890 1319 55 30 för
967 1320 135 31 landets
1125 1320 162 30 ekonomi
1310 1321 38 29 så
1369 1321 133 37 viktiga
1524 1322 223 36 exportindu-

262 1371 116 29 strien.

305 1434 46 29 På
380 1433 150 31 anförda
558 1435 75 29 skäl
664 1435 181 37 avstyrker
873 1435 302 38 bankföreningen
1204 1436 149 30 sålunda
1380 1436 268 38 ifrågavarande
1675 1446 72 20 mo-

260 1487 122 30 tioner.

302 1585 158 35 Sveriges
497 1585 341 37 lantbruksförbund
874 1587 206 30 instämmer
1115 1589 79 28 med
1231 1588 261 30 motionärerna
1527 1598 56 20 om
1620 1590 50 28 att
1705 1589 41 29 de

259 1639 154 28 nämnda
441 1638 219 37 åtgärderna,
688 1649 75 20 som
790 1640 165 37 vidtagits
982 1641 10 29 i
1020 1641 90 37 syfte
1138 1643 50 28 att
1215 1641 105 37 hejda
1347 1642 221 34 inflationen,
1595 1642 151 29 drabbar

260 1691 233 37 jordbrukare
514 1692 64 29 och
600 1693 109 29 andra
730 1693 274 38 småföretagare
1024 1695 89 29 hårt.
1135 1695 201 29 Emellertid
1358 1704 103 20 anser
1481 1695 188 30 förbundet
1690 1696 56 29 det

260 1754 41 20 av
324 1745 261 30 motionärerna
609 1746 199 37 föreslagna
830 1747 361 38 tillvägagångssättet
1213 1748 76 30 icke
1311 1757 84 21 vara
1418 1748 169 38 lämpligt.
1611 1749 135 30 Kredit-

257 1798 146 30 behovet
426 1798 56 30 för
504 1798 218 37 jordbruket,
744 1800 115 29 vartill
883 1800 107 30 borde
1013 1801 128 29 räknas
1165 1801 94 30 såväl
1282 1802 41 29 de
1345 1802 172 37 egentliga
1539 1802 206 37 jordbruks-

258 1851 178 37 företagen
466 1861 75 20 som
569 1852 226 37 jordbrukets
824 1854 230 30 ekonomiska
1082 1854 211 38 föreningar,
1321 1864 81 21 vore
1429 1856 177 37 nämligen
1634 1866 41 19 av
1702 1865 42 21 en

259 1905 310 37 storleksordning,
594 1915 74 20 som
691 1906 53 30 till
768 1916 41 20 en
833 1907 53 29 del
911 1907 70 29 kan
1004 1908 120 30 täckas
1149 1917 41 20 av
1212 1910 48 28 ett
1283 1909 121 37 anslag
1426 1909 45 37 på
1496 1909 60 29 100
1579 1910 165 36 miljoner

258 1958 139 30 kronor.
423 1959 237 37 Erforderliga
684 1960 191 29 lånemedel
899 1961 65 29 har
986 1970 157 26 numera,
1165 1971 57 20 om
1245 1962 44 29 än
1311 1963 79 28 med
1414 1962 185 37 svårighet,
1623 1963 10 29 i
1656 1964 88 28 stort

257 2013 66 28 sett
345 2012 138 30 kunnat
506 2013 183 30 anskaffas
712 2012 79 30 från
814 2014 410 38 kreditinrättningarna.
1247 2015 119 31 Skulle
1388 2018 48 28 ett
1458 2016 143 30 särskilt
1623 2016 120 37 anslag

257 2074 55 20 om
348 2065 61 29 100
444 2065 165 37 miljoner
641 2066 131 30 kronor
794 2067 120 30 ställas
937 2067 51 29 till
1011 2068 233 30 riksbankens
1266 2069 83 29 eller
1371 2070 110 29 andra
1502 2069 150 30 bankers
1674 2070 70 29 för-

256 2118 148 37 fogande
431 2118 55 30 för
513 2120 49 28 att
587 2119 288 30 tillhandahållas
902 2120 233 37 jordbrukare
1160 2122 64 29 och
1251 2123 110 29 andra
1387 2122 212 38 småföretag
1625 2123 117 30 kunde

256 2171 133 35 följden
417 2174 145 35 antagas
588 2173 58 34 bli,
674 2175 50 28 att
749 2173 182 30 bankerna
956 2174 76 30 icke
1058 2175 118 37 längre
1202 2175 113 30 kände
1341 2176 52 37 sig
1418 2176 248 38 förpliktigade
1692 2179 50 28 att

255 2225 159 30 utlämna
439 2225 57 30 lån
521 2226 52 29 till
598 2227 102 29 dessa
724 2227 196 37 kategorier
943 2229 121 28 utöver
1087 2229 52 29 till
1165 2228 207 38 förfogande
1397 2230 96 30 ställt
1516 2229 135 38 belopp.
1675 2231 66 29 Vid

256 2278 123 30 sådant
400 2278 220 31 förhållande
640 2280 113 29 skulle
772 2280 41 30 de
832 2281 10 29 i
861 2281 220 30 motionerna
1101 2282 150 30 avsedda
1270 2282 198 37 företagens
1488 2283 253 38 kreditmöjlig-

253 2331 96 30 heter
375 2331 204 31 försämras.
607 2333 116 37 Enligt
749 2334 207 30 förbundets
982 2335 228 37 uppfattning
1234 2338 118 34 syntes
1379 2345 42 20 en
1447 2336 204 38 lämpligare
1675 2337 65 30 och

254 2394 73 20 mer
360 2385 162 36 praktisk
554 2387 65 36 väg
651 2396 84 20 vara
758 2389 50 27 att
831 2388 125 36 Kungl.
979 2388 106 37 Maj:t
1107 2389 65 29 och
1194 2389 214 30 riksbanken
1431 2390 10 29 i
1464 2391 139 30 samråd
1626 2390 114 30 åstad-

254 2438 138 30 komme
408 2439 174 30 lättnader
597 2440 55 30 för
666 2440 246 37 näringslivets
927 2441 215 38 berättigade
1157 2442 237 30 kreditbehov.
