2258 2632
754 189 249 41 Lagutskottets
1026 186 174 34 utlåtande
1223 185 50 32 Nr
1298 186 28 32 1.
1822 181 13 30 1

991 634 60 40 Nr
1073 633 31 41 I.

830 798 109 23 Ankom
960 796 45 23 till
1025 795 171 30 Riksdagens
1217 792 91 25 kansli
1327 793 54 24 den
1400 790 32 26 31
1455 790 109 31 januari
1584 787 72 27 1914
1676 789 28 24 kl
1734 786 16 26 3
1770 796 14 16 e
1812 795 35 18 m.

466 944 199 42 Utlåtande,
695 943 13 34 i
737 941 188 44 anledning
954 951 44 23 av
1025 938 189 36 verkställd
1237 935 223 45 granskning
1489 945 43 24 av
1557 932 291 45 Jjustitieombuds-

675 1024 170 26 mannens
873 1009 356 45 ämbetsförvaltning.

463 1174 232 27 Närvarande:
734 1173 100 24 Herrar
865 1173 159 23 Pettersson
1056 1170 9 24 i
1094 1169 162 31 Södertälje,
1286 1167 182 31 Söderbergh,
1496 1167 98 29 Trana,
1624 1165 120 30 Stärner,
1772 1171 81 24 greve

571 1218 189 32 Lagerbjelke,
779 1217 144 25 Johanson
942 1216 9 24 i
971 1215 127 29 Valared,
1118 1216 29 23 L.
1168 1215 99 24 Olsson
1287 1213 9 24 i
1315 1213 71 28 Hov,
1406 1219 82 23 greve
1508 1211 96 31 Spens,
1628 1210 82 29 Dahl,
1733 1209 121 24 Jansson

569 1264 10 24 i
599 1263 172 29 Edsbäcken,
796 1261 148 31 Lindqvist
968 1260 10 23 i
998 1259 169 30 Stockholm,
1188 1259 138 24 Svensson
1346 1257 10 24 i
1376 1257 110 30 Saläng,
1506 1257 116 23 Persson
1641 1255 10 23 i
1670 1254 185 31 Norrköping,

570 1307 162 30 Holmdahl,
754 1307 128 24 Olofsson
903 1306 9 23 i
932 1299 74 30 Åvik
1025 1304 51 24 och
1096 1304 86 24 Olson
1201 1304 10 24 i
1229 1302 115 31 Torsby.

361 1454 73 35 För
478 1453 71 35 den
595 1451 117 47 enligt
755 1453 49 33 42
842 1450 22 46 8
897 1452 20 33 2
948 1461 108 23 mom.
1086 1445 383 48 riksdagsordningen
1498 1444 244 46 lagutskottet
1771 1442 88 46 ålig-

254 1508 123 46 gande
407 1505 237 48 granskning
674 1517 44 23 av
744 1502 485 50 justitieombudsmannens
1260 1497 370 47 ämbetsförvaltning
1653 1498 96 34 hava
1763 1496 97 35 båda

253 1561 199 35 kamrarna
494 1559 57 36 till
585 1558 183 36 utskottet
795 1557 174 36 hänvisat
995 1554 491 49 justitieombudsmannens
1515 1551 62 36 vid
1605 1550 253 36 innevarande

254 1615 153 46 riksdag
436 1613 162 46 avgivna
628 1611 353 36 ämbetsberättelse.

361 1669 72 34 För
473 1666 284 47 ifrågavarande
798 1664 173 35 ändamål
1013 1663 67 35 har
1113 1661 182 36 utskottet
1330 1661 82 34 från
1437 1658 423 49 justitieombudsmans-

254 1721 265 47 expeditionen
549 1719 173 46 mottagit
751 1717 32 48 ej
819 1717 145 36 mindre
995 1717 45 34 de
1070 1715 145 44 diarier,
1246 1714 101 35 vilka
1381 1713 120 34 under
1529 1714 39 32 år
1600 1713 98 34 1913
1729 1712 91 33 förts
1848 1709 13 36 1

255 1775 162 35 nämnda
454 1773 217 48 expedition
706 1775 94 32 samt
840 1771 120 35 under
1003 1770 71 34 den
1104 1781 45 23 av
1174 1766 467 50 justitieombudsmannen
1669 1764 192 46 företagna

258 1828 239 43 ämbetsresa,
543 1832 47 30 än
620 1832 94 29 även
744 1824 284 48 expeditionens
1056 1822 219 46 registratur
1301 1820 57 36 för
1387 1831 138 25 samma
1555 1821 49 32 år.
1662 1818 197 35 Dessutom

256 1882 96 35 hava
395 1883 47 45 på
480 1880 161 35 särskild
670 1879 162 46 begäran
857 1877 274 46 handlingarna
1159 1875 157 35 rörande
1346 1874 98 36 vissa
1474 1885 44 23 av
1543 1871 317 49 justitieombuds-

257 1947 163 23 mannen
450 1934 214 46 handlagda
695 1933 161 35 ärenden
886 1930 125 36 hållits
1041 1929 181 36 utskottet
1251 1928 56 35 till
1336 1928 135 35 handa.

367 1981 98 43 Över
508 1988 71 34 den
621 1998 154 24 numera
816 1984 234 36 fullbordade
1091 1982 281 47 granskningen
1402 1993 46 23 av
1477 1979 242 36 förenämnda
1748 1977 113 35 hand-

257 2041 123 46 lingar
408 2041 57 35 får
489 2040 183 35 utskottet
701 2039 151 35 härmed
883 2037 133 47 avgiva
1045 2036 204 35 utlåtande.

365 2094 18 34 I
427 2093 380 42 ämbetsberättelsen,
851 2091 128 36 vilken
1023 2101 106 24 avser
1170 2087 276 47 förvaltningen
1481 2099 45 22 av
1555 2085 162 35 ämbetet
1745 2084 119 34 under

258 2147 178 35 nästlidet
466 2148 50 41 år,
548 2146 232 35 omförmäler
804 2142 481 50 justitieombudsmannen,
1318 2144 55 31 att
1402 2141 72 34 den
1496 2152 44 22 av
1567 2140 97 33 1913
1683 2140 58 32 års
1757 2136 107 36 Riks-

261 2201 72 45 dag
361 2200 222 35 förordnade
609 2198 468 48 justitieombudsmannen
1102 2193 441 38 revisionssekreteraren
1562 2191 142 36 Berndt
1724 2189 145 36 Fridolf

259 2252 233 48 Engolbrekt
520 2252 196 35 Ilasselrot
745 2251 92 35 efter
872 2251 57 34 sin
966 2248 223 47 utnämning
1218 2247 56 36 till
1303 2247 192 47 president
1522 2246 13 34 i
1563 2244 186 35 hofrätten
1779 2248 87 30 över

304 2325 138 38 Bihang
468 2324 50 30 till
547 2323 211 40 Riksdagens
779 2322 164 40 protokoll
970 2321 95 30 1914.
1115 2322 19 28 9
1157 2319 96 31 saml.
1301 2319 17 28 1
1345 2318 81 38 häft.
1477 2317 63 37 (Nr
1565 2315 110 39 1-2.)
1804 2313 14 30 1
