2250 2626
394 182 40 30 50
906 182 263 33 Statsutskottets
1192 183 171 33 utlåtande
1385 184 55 32 Nr
1463 186 30 31 8.

394 262 130 36 därom
564 268 64 40 att,
670 262 121 37 såsom
817 263 14 35 i
857 263 408 48 statsrådsprotokollet
1305 263 226 48 framhålles,
1571 265 211 46 Riksdagen
1820 265 40 37 år
1894 267 106 43 1912,

394 313 47 35 då
481 325 141 24 samma
661 313 163 36 äskande
864 313 153 47 förelåg,
1053 314 116 46 ansåg
1203 315 227 45 tillräckliga
1465 316 80 35 skäl
1578 316 32 45 ej
1638 315 182 46 föreligga
1845 316 59 36 för
1929 316 72 36 för-

394 364 117 44 slaget
538 376 60 23 om
625 363 213 46 höjningen,
865 364 123 36 vadan
1015 364 324 46 framställningen
1367 365 30 45 ej
1427 366 117 35 heller
1570 379 48 22 av
1636 365 211 47 Riksdagen
1866 365 134 37 bifölls.

393 412 199 45 Utskottet,
632 426 79 23 som
752 414 30 45 ej
819 415 130 44 finner,
977 419 55 31 att
1059 414 45 36 de
1131 415 89 43 skäl,
1248 428 80 23 som
1355 428 51 23 nu
1433 414 219 48 förebragts,
1679 416 93 46 givit
1799 416 203 47 anledning

392 464 60 36 till
485 464 160 46 ändring
672 478 47 23 av
746 464 71 36 den
849 470 91 31 utav
965 464 213 48 Riksdagen
1205 465 41 37 år
1275 467 95 35 1912
1399 466 171 37 hävdade
1600 466 299 48 uppfattningen,
1926 468 74 35 kan

392 514 141 37 således
561 516 30 45 ej
619 514 154 37 förorda
798 514 137 47 Kungl.
963 516 121 45 Maj:ts
1110 516 278 46 framställning
1413 518 14 35 i
1454 517 123 36 denna
1605 517 69 37 del.

498 615 186 36 Utskottet
711 615 58 36 får
795 615 110 35 alltså
931 616 206 45 hemställa,

899 663 36 49 a)
976 671 56 31 att
1066 666 198 46 riksdagen
1300 666 62 37 må
1387 666 216 47 föreskriva,
1632 673 54 31 att
1712 667 81 37 från
1823 668 67 36 och
1918 668 85 36 med

795 716 41 36 år
874 718 94 35 1915
1007 717 60 36 må
1103 731 46 23 av
1177 717 45 37 de
1249 718 65 36 vid
1341 723 138 32 statens
1506 720 257 35 normalskola
1789 718 58 37 för
1873 719 130 36 flickor

793 767 208 45 inflytande
1043 769 266 46 inskrivnings-
1353 770 68 35 och
1466 769 372 47 terminsavgifterna,
1883 771 119 35 vilkas

794 819 140 34 storlek
959 819 222 35 bestämmes
1210 832 47 23 av
1285 820 134 45 Kungl.
1447 820 113 45 Maj:t,
1578 826 148 39 uttagas
1744 821 59 34 till
1822 833 181 33 expenser

792 868 110 45 högst
918 870 132 42 15,000
1065 870 140 34 kronor
1223 874 96 31 samt
1336 870 60 35 till
1415 870 359 46 hyresersättningar
1792 871 70 35 och
1881 871 121 43 hyres-

792 918 134 46 bidrag
949 919 109 45 högst
1087 921 132 42 11,000
1254 920 150 45 kronor,
1440 927 175 29 ävensom
1651 925 55 31 att
1740 921 75 35 vad
1842 920 160 36 därefter

792 968 154 36 återstår
977 983 45 22 av
1056 970 158 35 berörda
1240 969 240 47 elevavgifter
1507 972 96 35 skall
1630 971 189 36 användas
1846 971 59 36 till
1931 970 71 37 för-

791 1020 176 45 räntning
994 1021 67 34 och
1089 1022 228 44 amortering
1343 1034 46 23 av
1415 1022 285 35 läroanstaltens
1726 1022 166 43 skulder;

895 1067 39 47 b)
975 1075 54 30 att
1064 1070 137 45 Kungl.
1238 1071 120 45 Maj:ts
1385 1071 149 46 förslag,
1562 1077 54 30 att
1643 1071 83 36 från
1754 1072 67 35 och
1850 1071 84 36 med
1962 1071 40 35 år

796 1120 95 34 1915
921 1119 71 36 den
1019 1120 329 46 hyresersättning,
1390 1134 79 23 som
1499 1122 228 35 tillkommer
1758 1122 151 35 rektorn
1937 1121 65 36 vid

794 1170 114 45 högre
934 1170 411 45 lärarinneseminariet,
1375 1172 123 36 därest
1523 1172 48 36 fri
1592 1172 134 36 bostad
1745 1173 30 45 ej
1797 1185 46 23 av
1861 1173 139 35 honom

794 1220 169 47 åtnjutes,
998 1221 62 36 må
1091 1222 105 46 höjas
1226 1221 84 37 från
1340 1225 107 43 1,700
1474 1224 139 35 kronor
1639 1223 59 36 till
1726 1224 108 44 2,000
1862 1224 139 35 kronor

793 1271 151 46 årligen,
971 1273 80 35 icke
1078 1272 61 36 må
1166 1286 47 22 av
1239 1273 199 46 riksdagen
1465 1273 157 36 bifallas.

173 1368 196 40 Uppehållande
495 1366 120 49 123:o)
642 1368 137 47 Kungl.
806 1370 104 46 Maj:t
937 1371 69 35 har
1032 1370 192 48 föreslagit
1250 1373 198 46 riksdagen
1476 1378 55 31 att
1558 1375 74 35 dels
1659 1374 199 45 godkänna
1884 1373 115 37 sådan

181 1411 32 15 av
231 1402 128 24 hushålls-
489 1420 7 6 5
592 1420 7 7 é
735 1427 12 6 -
834 1428 6 6 |
1047 1423 6 6 å
1214 1424 7 7 k
1298 1424 7 7 ä
1689 1424 7 8 .

173 1437 104 24 skolans
295 1437 76 23 verk-
391 1419 160 47 ändring
589 1433 12 22 i
642 1420 45 36 de
714 1419 59 37 för
804 1422 114 45 högre
945 1422 401 38 lärarinneseminariet
1372 1424 173 46 gällande
1572 1425 429 46 avlöningsbestämmel-

172 1471 108 57 samhev
295 1478 75 50 arvo-
391 1484 115 31 serna,
535 1476 55 31 att
616 1471 141 36 vikarie
784 1472 21 36 å
831 1473 153 36 lektors-
1012 1474 69 35 och
1108 1474 293 47 adjunktstjänst
1427 1476 106 44 skall,
1561 1476 123 36 därest
1711 1476 74 36 han
1808 1477 128 44 avlagt
1955 1475 45 36 de

197 1539 156 28 lärarinnor,
391 1522 174 35 examina
592 1522 68 35 och
687 1535 104 33 prov,
818 1536 81 23 som
927 1523 185 37 erfordras
1140 1525 59 36 för
1224 1525 219 46 behörighet
1469 1527 60 35 till
1556 1526 186 36 ordinarie
1761 1527 239 35 ämneslärar-

171 1573 132 22 timlärare
323 1572 46 23 och
390 1571 211 46 befattning
639 1572 65 36 vid
742 1574 158 35 allmänt
939 1575 183 45 läroverk,
1163 1575 144 46 åtnjuta
1346 1576 83 36 från
1465 1577 67 35 och
1560 1577 85 35 med
1671 1577 186 45 ingången
1885 1590 47 22 av
1960 1576 40 35 år

172 1602 115 68 vikarier
308 1613 62 16 m-M-
393 1624 97 34 1914
518 1622 139 36 arvode
684 1622 21 35 å
733 1625 108 43 2,700
868 1625 149 41 kronor,
1045 1626 105 45 eljest
1177 1626 138 36 arvode
1343 1625 21 36 å
1392 1628 108 44 2,300
1528 1627 148 44 kronor,

214 1649 111 44 [123.]
493 1673 75 36 dels
594 1674 61 35 ock
682 1672 58 37 för
763 1675 115 46 högre
900 1675 402 38 lärarinneseminariet
1319 1677 49 47 på
1386 1682 107 31 extra
1511 1683 73 30 stat
1600 1677 60 36 för
1679 1677 40 36 år
1741 1679 94 34 1915
1856 1677 143 37 anvisa:

391 1724 59 35 till
477 1723 275 47 uppehållande
779 1739 47 23 av
852 1725 321 39 hushållsskolans
1199 1728 237 36 verksamhet
1456 1761 115 4 ...........
1612 1729 140 36 kronor
1782 1729 142 43 11,800:
1952 1748 47 4 —

411 1787 14 17 1
513 1771 19 57 54
545 1771 31 57 012
588 1771 33 57 016
635 1776 29 35 TS
714 1809 867 6 RR
1676 1794 12 15 >
1841 1780 81 35 750:
1951 1801 48 5 —

412 1839 11 15 >?
483 1823 181 48 EXPENSC
691 1858 116 4 soon
848 1859 48 4 ere
915 1857 116 7 srrrsssns
1040 1861 293 4 sasse
1334 1843 246 22 resans
1563 1823 22 55 oa
1674 1844 12 15 >
1806 1831 116 41 1,000:
1951 1850 46 3 —

413 1889 10 14 >»
483 1875 163 36 arvoden
676 1876 37 35 åt
740 1882 107 30 extra
873 1878 221 44 lärarinnor,
1120 1879 191 36 timlärare
1334 1880 69 35 och
1422 1880 161 35 vikarier
1672 1893 14 16 >
1779 1881 143 43 15,000:
1953 1899 42 3 —

410 1938 14 15 >»
481 1924 228 45 förhyrande
729 1940 47 23 av
794 1928 103 35 lokal
915 1927 59 36 för
991 1930 299 35 normalskolans
1309 1930 121 45 lägsta
1444 1930 139 35 klasser
1619 1920 19 59 —
1674 1944 12 15 »>
1805 1931 118 44 3,000:
1952 1949 45 4 —

410 1988 14 16 >
481 1976 275 45 uppehållande
784 1990 47 24 av
858 1978 72 36 den
958 1978 136 37 valfria
1120 1978 120 47 fjärde
1267 1980 197 36 årskursen
1485 2013 92 3 .........
1672 1995 12 14 >
1803 1982 119 42 3,000:
1953 2000 43 3 —

411 2040 11 14 >»
481 2025 228 45 förhyrande
749 2041 47 23 av
836 2029 144 36 lokaler
1019 2028 59 37 för
1108 2030 269 45 undervisning
1401 2031 13 35 i
1441 2030 141 46 biologi

541 2077 68 35 OCh
635 2078 227 46 teCkDilg..
856 2073 36 55 so
903 2112 676 4 sees
1197 2073 28 55 sa
1231 2073 28 55 ss
1276 2073 83 55 sasse
1365 2073 8 55 s
1375 2073 91 55 saras
1475 2073 107 55 essensen
1674 2095 12 15 >
1768 2104 11 8 2
1803 2082 118 42 3,000:
1951 2100 44 4 —

410 2139 14 16 >
481 2127 269 48 undervisning
775 2129 13 35 i
815 2130 155 47 trä8glöjd
984 2163 36 3 i.
1028 2164 552 3 nens
1676 2145 12 15 >
1840 2132 82 35 300:
1954 2151 40 4 —

1311 2199 91 36 eller
1426 2199 161 47 tillhopa
1612 2200 139 35 kronor
1779 2200 142 45 37,850:
1949 2219 48 3 —
