2246 2628
392 176 19 29 []

905 180 265 36 Statsutskottets
1192 184 171 33 utlåtande
1386 185 55 32 Nr
1465 188 29 30 8.

1234 262 12 12 o

493 256 256 47 Utredningen
776 259 12 35 i
816 259 153 36 ärendet
1004 260 198 38 återfinnes
1230 276 21 22 å
1278 264 65 35 sid.
1372 266 21 33 3
1422 266 66 35 och
1518 268 22 33 4
1568 267 11 34 i
1607 267 63 35 det
1696 268 63 35 vid
1787 271 215 35 statsverks-

391 306 281 45 propositionen
700 308 60 36 till
794 309 255 37 innevarande
1076 311 59 36 års
1162 311 102 37 förra
1290 313 153 47 riksdag
1469 314 135 47 fogade
1631 311 369 57 statsrådsprotokol-

392 355 51 36 let
470 363 89 29 över
585 357 395 39 ecklesiastikärenden
1009 360 69 37 den
1111 364 46 33 14
1178 363 151 46 januari
1359 366 107 35 1914.

493 457 200 47 Utskottet,
733 471 80 25 som
853 460 79 37 icke
972 462 69 35 har
1076 462 115 47 något
1230 470 55 30 att
1326 466 122 35 erinra
1475 473 79 30 mot
1581 467 335 50 framställningen,
1943 471 58 37 får

392 507 206 46 hemställa,

212 561 119 24 Minskat
896 567 57 29 att
979 562 199 46 riksdagen
1205 564 62 36 må

221 589 98 65 anslag:
896 610 37 47 a)
960 611 60 37 till
1066 615 223 42 provisorisk
1336 616 256 48 lönereglering
1624 619 63 46 för
1723 620 277 48 befattningsha-

794 673 84 25 vare
921 664 13 34 1
979 663 504 50 ecklesiastikdepartementet,
1526 669 13 35 i
1579 669 164 47 enlighet
1790 671 85 37 med
1923 673 75 36 vad

792 725 48 23 av
867 712 407 48 departementschefen
1300 717 13 36 i
1341 718 409 47 statsrådsprotokollet
1777 730 88 29 över
1883 724 115 36 eckle-

793 763 292 37 siastikärenden
1113 765 70 36 den
1216 769 44 33 14
1283 767 151 45 januari
1465 771 95 34 1914
1589 772 172 44 angivits,
1791 773 137 46 bevilja
1949 774 49 46 på

792 819 107 30 extra
926 819 74 31 stat
1025 814 57 36 för
1109 814 41 36 år
1180 818 95 35 1915
1304 823 53 30 ett
1383 816 292 51 förslagsanslag
1701 836 47 23 av
1771 825 130 43 12,090
1916 824 81 36 kro-

791 876 78 31 nor,
902 877 116 23 varav
1044 865 111 46 högst
1183 868 71 35 275
1283 867 139 37 kronor
1448 869 61 36 må
1535 872 192 36 användas
1754 873 59 36 till
1840 873 157 47 höjning

791 926 46 23 av
864 914 387 50 vikariatsersättning
1276 918 120 36 under
1422 926 184 41 semester,

893 963 34 46 b)
954 966 201 45 godkänna
1186 982 48 21 av
1261 968 406 47 departementschefen
1693 971 13 37 1
1733 974 262 47 statsrådspro-

792 1015 159 36 tokollet
964 1016 165 36 nämnda
1143 1017 73 46 dag
1229 1018 200 37 förordade
1443 1021 140 36 villkor
1601 1023 68 35 och
1687 1023 231 38 föreskrifter
1935 1024 61 37 för

791 1063 220 47 åtnjutande
1052 1080 48 23 av
1140 1067 45 36 de
1211 1069 254 46 provisoriska
1492 1072 378 49 avlöningstilläggen
1898 1081 97 31 samt

790 1115 59 36 till
876 1116 243 47 iakttagande
1145 1118 62 36 vid
1237 1120 281 47 utbetalningen
1547 1136 47 23 av
1622 1124 115 37 dessa.

200 1198 110 60 bk
314 1231 16 25 -
488 1203 73 47 3:0)
588 1205 16 36 I
632 1207 164 45 enlighet
836 1209 84 36 med
961 1209 136 47 Kungl.
1124 1211 121 46 Maj:ts
1273 1213 130 36 därom
1429 1213 237 39 framställda
1691 1217 140 47 förslag
1856 1218 58 37 får
1940 1225 55 30 ut-

216 1257 81 63 [3]
386 1254 138 37 skottet
551 1256 207 47 hemställa,

234 1303 121 24 Ra
890 1315 55 30 att
971 1310 198 47 riksdagen
1197 1312 70 42 må,
1289 1314 13 34 i
1325 1313 118 37 likhet
1469 1315 84 36 med
1572 1316 74 36 vad
1664 1316 59 37 för
1749 1317 41 36 år
1811 1319 96 35 1914
1926 1325 64 40 ägt

785 1371 95 34 rum,
915 1359 59 37 för
1000 1361 211 38 beredande
1238 1362 38 36 åt
1303 1376 44 23 en
1375 1369 101 32 extra
1504 1366 169 48 byråchef
1703 1369 96 35 inom
1830 1369 163 37 ecklesia-

785 1410 342 45 stikdepartementet
1154 1426 47 23 av
1216 1414 137 37 arvode
1381 1414 21 36 å
1430 1417 108 44 7,800
1565 1417 149 47 kronor,
1741 1431 117 25 varav
1883 1422 110 43 2,500

785 1461 140 36 kronor
943 1462 61 35 må
1022 1476 109 23 anses
1150 1470 189 31 motsvara
1355 1465 487 50 tjänstgöringspenningar,
1863 1470 130 37 anvisa

783 1510 49 46 på
873 1517 107 30 extra
1007 1518 74 31 stat
1107 1513 59 37 för
1192 1514 41 36 år
1264 1517 94 34 1915
1387 1521 53 30 ett
1466 1517 136 47 belopp
1630 1532 47 23 av
1706 1520 108 43 7,800
1841 1521 151 36 kronor.

181 1599 82 57 TE
280 1599 66 59 Tres
443 1588 113 55 —4:0)
584 1599 54 36 På
677 1602 122 45 grund
840 1616 47 24 av
927 1604 136 47 Kungl.
1103 1606 120 46 Maj:ts
1264 1607 129 37 därom
1433 1609 132 46 gjorda
1590 1610 278 49 framställning
1893 1613 99 36 hem-

215 1640 114 51 TR”
383 1649 126 36 ställer
537 1651 188 42 utskottet,

233 1708 65 49 [4.]
887 1712 55 29 att
982 1707 198 46 riksdagen
1220 1709 60 35 må
1319 1708 59 37 för
1417 1710 209 37 beredande
1666 1725 47 23 av
1748 1713 165 36 arvoden
1952 1714 39 36 åt

785 1759 102 33 extra
924 1756 265 47 föredragande
1215 1760 15 34 i
1257 1760 493 46 ecklesiastikdepartementet
1776 1776 45 23 m.
1851 1776 43 24 m.
1927 1764 62 36 be-

784 1805 91 45 vilja
913 1807 49 45 på
1001 1813 107 30 extra
1148 1813 72 31 stat
1259 1808 59 37 för
1349 1809 40 36 år
1419 1812 95 35 1915
1543 1817 52 30 ett
1622 1813 131 45 anslag
1779 1827 48 23 av
1856 1816 133 42 10,050

782 1855 148 38 kronor.

170 1943 123 24 Arvoden
313 1945 39 24 till
454 1938 100 42 .5:o)
584 1937 134 47 Kungl.
758 1938 104 47 Maj:t
901 1941 68 35 har
1004 1941 192 47 föreslagit
1235 1944 198 46 riksdagen
1460 1951 54 30 att
1542 1946 58 35 till
1628 1945 215 49 förhöjning
1869 1961 47 23 av
1943 1948 45 36 de

176 1983 169 51 "ömt
378 1985 103 36 inom
509 1987 528 48 ecklesiastikdepartementet
1064 1993 187 35 anställda
1276 2007 312 25 amanuensernas
1612 1997 163 36 arvoden
1794 2011 48 23 m.
1861 2011 47 24 m.
1928 2011 62 23 an-

232 2030 62 72 [5.]
380 2035 78 36 visa
473 2035 60 37 för
560 2036 41 36 år
630 2039 94 35 1915
754 2043 52 32 ett
833 2046 107 30 extra
966 2043 132 45 anslag
1124 2056 47 23 av
1200 2045 108 43 9,950
1335 2045 148 36 kronor.

478 2113 100 44 Över
605 2122 123 37 denna
754 2122 279 50 framställning
1059 2127 170 37 kommer
1255 2129 182 36 utskottet
1464 2135 56 31 att
1536 2130 200 38 framdeles
1755 2132 120 36 under
1891 2133 91 36 riks-

378 2170 116 46 dagen
536 2173 136 45 avgiva
711 2174 204 46 utlåtande,
958 2178 116 35 vilket
1101 2180 181 35 utskottet
1309 2179 217 46 härigenom
1553 2182 122 36 skolat
1701 2181 59 37 för
1785 2183 198 47 riksdagen

881 2228 159 35 anmäla.
