2254 2630
759 215 262 35 Statsutskottets
1045 217 171 33 utlåtande
1239 219 54 33 Nr
1316 221 30 30 8.
1839 222 18 29 3

505 461 43 40 B.
610 457 204 64 Arkiv,
854 459 288 52 bibliotek
1176 462 114 50 och
1328 476 268 36 museer.

983 571 140 38 Arkiv.

346 653 73 41 6:0)
446 652 136 46 Kungl.
623 653 107 46 Maj:t
767 655 69 35 har
875 655 190 47 föreslagit
1105 658 200 45 riksdagen
1332 663 54 30 att
1417 658 12 35 i
1461 664 121 30 staten
1609 658 58 37 för
1693 660 162 35 landsar-

243 702 103 37 kivet
371 703 13 35 i
412 700 191 50 Göteborg
634 704 122 36 under
782 705 143 37 rubrik:
958 706 95 37 »Till
1078 707 116 47 inköp
1214 721 48 23 av
1280 708 200 36 arkivalier
1499 709 68 36 och
1586 710 147 43 tryckta
1756 710 100 36 arbe-

243 758 84 32 ten»
350 752 163 48 uppföra
548 759 53 32 ett
632 754 138 49 belopp
803 770 48 23 av
880 759 71 34 150
978 758 142 36 kronor
1146 764 107 40 samt,
1280 758 64 37 vid
1370 758 108 37 bifall
1504 760 138 44 härtill,
1668 760 86 37 med
1781 767 75 30 ute-

244 804 173 37 slutande
457 818 47 23 av
545 805 72 37 den
657 806 185 37 särskilda
881 809 329 44 anslagsrubriken
1249 808 59 38 för
1335 809 103 37 detta
1464 811 217 37 landsarkiv
1707 812 149 44 inflytta

242 859 122 32 staten
404 854 59 37 för
502 855 209 38 detsamma
750 858 120 36 under
899 872 44 23 en
983 858 60 38 för
1082 860 77 36 alla
1197 860 264 37 landsarkiven
1488 874 212 33 gemensam
1727 862 129 36 rubrik

250 904 335 45 »Landsarkiven»,
613 908 242 45 upptagande
880 908 60 37 för
966 915 84 31 vart
1078 910 70 36 och
1176 916 52 30 ett
1256 924 47 23 av
1329 911 264 37 landsarkiven
1619 912 13 36 i
1656 912 199 44 Vadstena,

246 954 175 48 Uppsala,
461 955 109 37 Lund
615 957 69 36 och
725 956 191 49 Göteborg
954 972 45 23 en
1027 973 147 23 summa
1205 974 47 22 av
1280 962 107 43 8,000
1415 962 140 36 kronor
1581 962 91 36 eller
1696 963 157 46 tillhopa

242 1006 138 45 32;000
407 1006 149 37 kronor.

344 1055 258 47 Utredningen
628 1057 13 36 i
668 1058 154 36 ärendet
848 1058 198 38 återfinnes
1071 1061 13 35 i
1112 1061 64 36 det
1200 1060 65 37 vid
1292 1062 482 46 statsverkspropositionen
1797 1064 58 35 till

242 1106 254 36 innevarande
517 1133 3 3 .
535 1107 153 47 riksdag
726 1108 135 47 fogade
901 1110 409 47 statsrådsprotokollet
1345 1119 88 29 över
1459 1113 395 37 ecklesiastikärenden

243 1156 73 37 den
346 1159 45 34 14
419 1157 73 46 maj
524 1159 97 35 1914
648 1158 68 37 sid.
743 1160 46 35 35
818 1160 71 36 och
917 1162 57 34 36.
1414 1159 4 7 |

344 1249 190 38 Utskottet
570 1251 68 36 har
672 1252 80 36 icke
788 1252 80 36 haft
903 1253 114 46 något
1048 1259 56 30 att
1138 1255 124 35 erinra
1300 1261 78 30 mot
1405 1255 135 48 Kungl.
1568 1255 122 48 Maj:ts
1717 1256 140 46 förslag

242 1314 65 27 om
333 1300 236 48 uppförande
595 1302 12 35 i
635 1307 121 32 staten
783 1302 59 37 för
868 1304 255 37 landsarkivet
1148 1305 14 36 i
1185 1303 189 48 Göteborg
1400 1318 47 23 av
1475 1311 52 31 ett
1554 1306 136 47 belopp
1717 1320 46 23 av
1785 1309 71 34 150

243 1353 141 35 kronor
417 1352 60 36 till
510 1352 116 47 inköp
663 1365 47 24 av
746 1354 199 36 arkivalier
980 1355 69 36 och
1087 1356 149 44 tryckta
1262 1356 150 36 arbeten
1439 1363 97 29 samt
1561 1357 221 44 inflyttande
1810 1371 46 22 av

243 1402 125 37 denna
385 1407 75 31 stat
482 1403 120 36 under
620 1416 46 23 en
683 1402 61 37 för
762 1405 75 35 alla
854 1404 265 37 landsarkiven
1139 1418 212 33 gemensam
1370 1407 129 36 rubrik
1524 1407 295 37 »Landsarkiven
1831 1424 23 19 ».

244 1452 57 36 Då
340 1453 206 36 emellertid
590 1455 96 34 1914
727 1454 58 36 års
826 1460 74 31 stat
937 1455 60 36 för
1036 1456 263 36 landsarkiven
1327 1457 12 36 i
1367 1457 201 44 Vadstena,
1596 1457 166 47 Uppsala
1789 1459 67 35 och

244 1503 108 36 Lund
378 1504 119 36 slutar
523 1504 21 36 å
570 1509 54 31 ett
649 1504 136 48 belopp
813 1519 47 23 av
888 1507 110 38 8,045
1027 1507 141 36 kronor
1193 1506 58 37 för
1278 1507 83 36 dem
1389 1508 158 36 vardera
1574 1509 67 35 och
1659 1507 59 37 för
1736 1509 118 36 lands-

244 1554 145 36 arkivet
415 1555 12 35 i
456 1553 191 48 Göteborg
686 1561 184 41 upptager
911 1558 106 43 7,895
1058 1558 141 35 kronor
1234 1558 91 36 eller
1360 1559 160 45 tillhopa
1547 1561 133 43 32,030
1708 1560 147 37 kronor,

245 1605 169 36 kommer
440 1605 65 36 vid
532 1605 107 36 bifall
667 1606 59 35 till
753 1606 136 47 Kungl.
917 1607 119 46 Maj:ts
1063 1607 143 47 förslag
1231 1615 85 29 vart
1342 1609 68 35 och
1435 1615 51 30 ett
1505 1622 48 23 av
1572 1609 45 36 de
1635 1608 83 45 fyra
1736 1610 120 36 lands-

244 1655 172 36 arkivens
452 1661 73 31 stat
566 1662 55 30 att
647 1656 99 36 sluta
773 1656 21 37 å
822 1659 107 42 8,045
958 1658 140 36 kronor
1124 1659 91 36 eller
1241 1659 247 37 tillsammans
1517 1661 134 44 32,180
1678 1661 139 36 kronor
1843 1661 11 35 i

243 1706 126 36 stället
408 1705 58 37 för
492 1706 121 37 såsom
641 1706 11 36 i
680 1706 137 47 Kungl.
844 1708 120 46 Maj:ts
992 1707 140 48 förslag
1159 1709 162 47 angives,
1349 1711 207 47 respektive
1584 1712 108 43 8,000
1719 1712 138 35 kronor

243 1756 70 36 och
342 1758 133 44 32,000
503 1758 149 36 kronor.

345 1808 192 36 Utskottet
563 1808 57 36 får
645 1807 111 37 alltså
783 1808 206 47 hemställa,

753 1865 55 29 att
842 1860 201 46 riksdagen
1070 1860 61 36 må
1156 1861 13 35 i
1196 1866 122 32 staten
1345 1861 58 36 för
1430 1862 255 36 landsarkivet
1711 1862 11 35 i
1751 1861 107 38 Göte-

650 1909 94 45 borg
770 1910 120 36 under
916 1910 146 36 rubrik:
1096 1911 94 36 »Till
1208 1911 116 46 inköp
1343 1925 47 22 av
1408 1912 201 36 arkivalier
1628 1913 67 35 och
1711 1913 144 43 tryckta

650 1958 173 37 arbeten»
870 1960 160 47 uppföra
1065 1966 53 31 ett
1154 1961 136 47 belopp
1318 1975 46 22 av
1394 1964 71 34 150
1493 1963 140 35 kronor
1660 1970 105 38 samt,
1792 1963 65 35 vid

650 2009 109 36 bifall
786 2010 136 45 härtill,
951 2010 85 37 med
1064 2011 237 37 uteslutande
1329 2026 46 22 av
1403 2012 72 36 den
1494 2012 183 37 särskilda
1697 2014 160 45 anslags-

648 2060 179 36 rubriken
862 2060 60 37 för
956 2061 104 36 detta
1095 2062 226 45 landsarkiv,
1349 2063 149 44 inflytta
1533 2069 120 31 staten
1690 2062 58 37 för
1784 2064 73 35 det-

648 2122 145 24 samma
820 2111 119 37 under
965 2125 45 23 en
1037 2111 59 37 för
1123 2113 77 35 alla
1217 2112 263 37 landsarkiven
1499 2126 212 33 gemensam
1729 2114 128 36 rubrik

655 2160 335 48 »Landsarkiven>,
1022 2163 242 46 upptagande
1291 2162 59 38 för
1376 2170 84 30 vart
1487 2164 69 36 och
1583 2170 53 30 ett
1664 2177 47 23 av
1737 2164 121 37 lands-

650 2212 154 36 arkiven
831 2213 12 35 i
873 2211 200 43 Vadstena,
1116 2213 175 48 Uppsala,
1333 2214 108 36 Lund
1481 2215 69 36 och
1592 2213 191 48 Göteborg
1810 2229 46 22 en

649 2275 147 23 summa
823 2276 46 22 av
897 2265 108 44 8,045
1034 2263 141 37 kronor
1201 2265 90 36 eller
1317 2265 160 46 tillhopa
1504 2267 135 41 32,180
1668 2266 147 36 kronor.

1883 659 87 31 Inköp
1984 667 31 16 av
2029 663 39 20 af-

1883 692 114 25 kivalier
2019 694 48 23 och

1884 726 104 31 tryckta
1996 727 72 24 arbe-

1883 764 44 20 ten
1935 760 132 25 förlands-

1884 794 120 24 arkivet
1997 789 16 40 i
2016 794 52 26 Gö-

1926 829 98 30 teborg.

1948 869 65 49 [6.]

1887 1870 64 30 Nytt
1970 1871 98 29 anslag.
