2196 2622
388 222 41 30 28
893 217 233 31 Statsutskottets
1155 214 153 30 Utlåtande
1332 213 59 29 N:o
1416 213 50 27 68.

1079 755 95 39 N:o
1200 753 93 38 68.

1054 913 67 26 Ank.
1142 912 41 27 till
1202 911 95 27 Riksd.
1318 910 91 26 kansli
1429 909 53 26 den
1501 909 34 26 23
1556 908 68 33 april
1646 907 76 31 1901,
1743 906 35 26 kl.
1800 906 16 26 2
1837 913 23 19 e.
1880 913 34 17 m.

723 1062 189 39 Utlåtande,
954 1061 15 32 i
995 1058 182 44 anledning
1204 1058 47 43 af
1273 1056 122 45 Kongl.
1425 1054 124 46 Maj:ts
1571 1054 219 46 proposition
1820 1052 170 44 angående

818 1129 283 47 efterskänkande
1129 1129 46 43 af
1197 1128 152 34 kronans
1376 1128 75 32 rätt
1476 1126 53 34 till
1549 1125 162 43 danaarf
1723 1125 89 43 efter
1834 1123 155 33 stations-

819 1202 118 35 karlen
965 1200 94 35 Karl
1084 1198 132 45 Alfred
1243 1198 164 35 Larsson.
1804 1191 41 49 (I.
1876 1188 60 51 A.)

500 1362 66 37 Uti
595 1375 46 23 en
669 1361 60 36 till
757 1359 210 48 Riksdagen
995 1357 72 37 den
1097 1358 50 37 30
1175 1367 98 23 mars
1306 1355 96 36 1901
1437 1352 132 36 aflåten
1589 1350 226 50 proposition
1836 1349 72 48 (n:o
1930 1348 63 48 77)

396 1417 199 45 meddelas,
626 1416 189 42 hurusom,
843 1412 110 37 sedan
982 1409 282 38 stationskarlen
1292 1407 92 36 Karl
1412 1404 135 38 Alfred
1575 1405 154 36 Larsson
1749 1403 83 36 från
1849 1401 145 48 Saltsjö-

397 1471 117 36 baden
542 1471 13 34 i
588 1468 127 37 Nacka
744 1467 132 36 socken
907 1464 40 37 af
971 1464 233 37 Stockholms
1231 1463 61 34 län
1322 1461 71 36 den
1426 1462 45 35 14
1501 1460 94 48 april
1628 1459 99 37 1899
1758 1456 121 37 aflidit
1905 1460 89 31 utan

395 1530 56 31 att
489 1522 219 38 efterlemna
748 1520 116 49 några
904 1518 63 37 vid
1007 1513 486 53 bouppteckningstillfället
1530 1512 122 36 kända
1681 1509 191 50 arfvingar
1900 1514 95 30 samt

398 1578 253 50 polismannen
681 1575 43 36 AÅ.
752 1573 39 37 F.
821 1573 208 36 Pettersson
1058 1571 41 36 af
1125 1568 274 38 vederbörande
1423 1565 272 37 domhafvande
1714 1563 208 37 förordnats
1941 1564 56 33 att

398 1632 116 36 sågom
557 1630 74 50 god
668 1641 86 24 man
796 1627 120 36 under
943 1625 371 48 förmyndareansvar
1343 1621 287 48 omhändertaga
1658 1618 68 36 och
1755 1617 114 36 vårda
1896 1616 100 35 Lars-

399 1698 80 24 sons
507 1682 293 50 qvarlåtenskap,
827 1681 14 34 i
869 1693 45 23 en
941 1680 59 35 till
1030 1678 133 48 Kongl.
1192 1676 103 48 Maj:t
1323 1675 70 36 den
1423 1676 21 35 3
1474 1673 205 37 november
1712 1673 100 36 1900
1832 1668 164 50 ingifven

399 1737 109 38 skrift
534 1736 99 37 förre
661 1735 242 37 båtsmannen
932 1731 136 38 Gustaf
1093 1729 117 38 Adolf
1234 1724 147 54 Ryman
1409 1727 80 36 från
1518 1727 124 36 Backa
1669 1727 12 34 i
1709 1724 137 37 Kårsta
1865 1723 131 36 socken

400 1791 40 36 af
478 1790 163 37 nämnda
670 1791 71 43 län,
774 1787 86 37 med
887 1786 194 44 förmälan,
1111 1790 54 30 att
1192 1784 71 35 den
1291 1782 134 35 aflidne
1453 1780 156 36 Larsson
1637 1791 86 24 vore
1752 1778 92 35 hans
1871 1775 126 37 foster-

400 1858 75 32 son,
500 1843 169 45 anhållit,
697 1848 54 30 att
780 1843 161 34 kronans
968 1844 75 31 rätt
1070 1839 61 35 till
1159 1835 155 38 danaarf
1341 1835 92 37 efter
1460 1834 118 36 denne
1606 1832 112 36 måtte
1746 1830 252 37 efterskänkas

401 1899 58 36 till
503 1896 147 38 förmån
691 1895 57 37 för
787 1893 200 45 sökanden;
1020 1891 164 38 varande
1227 1889 64 37 vid
1334 1889 250 46 ansökningen
1616 1885 133 50 fogade
1778 1883 40 37 af
1843 1889 156 43 pastors-

400 1953 160 35 embetet
588 1952 12 35 i
629 1949 132 38 Kårsta
789 1948 133 36 socken
950 1946 70 36 den
1052 1948 15 35 1
1103 1945 154 36 oktober
1279 1944 102 36 1900
1402 1940 139 50 afgifna
1561 1941 116 49 intyg,
1696 1937 205 45 utvisande,
1923 1936 77 35 dels

402 2011 53 31 att
482 2005 297 36 barnhusbarnet
807 2001 91 37 Karl
921 1999 130 37 Alfred
1080 1999 166 42 Larsson,
1271 1995 90 37 född
1389 1996 13 35 i
1429 1994 215 37 Stockholm
1672 1993 70 36 den
1764 1994 22 35 4
1808 1989 191 38 december

406 2061 98 36 1869
547 2059 70 35 och
653 2057 72 36 död
767 2054 111 38 våren
924 2055 98 37 1899
1061 2052 64 37 vid
1159 2049 265 50 Saltsjöbaden,
1453 2048 159 36 kommit
1639 2047 14 35 i
1680 2045 203 37 sökandens
1910 2042 91 37 vård

403 2113 62 35 vid
509 2111 85 50 fyra
634 2110 190 36 månaders
857 2107 104 37 ålder
989 2112 96 30 samt
1112 2105 147 37 vårdats
1288 2104 38 35 af
1354 2102 185 37 sökanden
1567 2101 100 36 intill
1699 2101 45 35 15
1776 2097 54 45 år,
1861 2101 54 31 att
1942 2096 59 36 be-

403 2165 121 37 mälde
565 2165 172 35 Larssons
775 2162 106 37 fader
922 2160 119 48 aldrig
1068 2160 97 35 varit
1192 2156 109 46 känd,
1329 2161 55 31 att
1411 2155 171 36 Larssons
1609 2153 140 44 moder,
1777 2151 47 36 då
1852 2151 71 35 han
1953 2149 49 36 så-

404 2232 77 23 som
523 2218 108 49 spädt
657 2218 92 36 barn
776 2216 154 49 uttagits
957 2212 81 38 från
1067 2213 211 43 barnhuset,
1307 2210 65 36 der
1399 2209 206 49 uppgifvits
1633 2206 117 37 såsom
1777 2204 115 37 redan
1921 2203 83 44 död,

404 2277 95 32 samt
539 2277 56 31 att
635 2271 73 36 han
748 2270 205 48 veterligen
994 2267 81 36 icke
1119 2267 91 35 känt
1241 2264 115 49 några
1384 2263 203 48 slägtingar
1615 2261 68 36 och
1711 2260 32 48 ej
1769 2258 235 37 efterlemnat
