<?xml version="1.0" encoding="UTF-8"?>
<alto xmlns="http://www.loc.gov/standards/alto/ns-v3#" xmlns:xlink="http://www.w3.org/1999/xlink" xmlns:xsi="http://www.w3.org/2001/XMLSchema-instance" xsi:schemaLocation="http://www.loc.gov/standards/alto/ns-v3# http://www.loc.gov/alto/v3/alto-3-0.xsd">
	<Description>
		<MeasurementUnit>pixel</MeasurementUnit>
		<sourceImageInformation>
			<fileName>/tmp/tess_6jksh1hp_input.PNG</fileName>
		</sourceImageInformation>
		<OCRProcessing ID="OCR_0">
			<ocrProcessingStep>
				<processingSoftware>
					<softwareName>tesseract 5.3.0</softwareName>
				</processingSoftware>
			</ocrProcessingStep>
		</OCRProcessing>
	</Description>
	<Layout>
		<Page WIDTH="2228" HEIGHT="2640" PHYSICAL_IMG_NR="0" ID="page_0">
			<PrintSpace HPOS="0" VPOS="0" WIDTH="2228" HEIGHT="2640">
				<ComposedBlock ID="cblock_0" HPOS="492" VPOS="199" WIDTH="1282" HEIGHT="43">
					<TextBlock ID="block_0" HPOS="492" VPOS="199" WIDTH="1282" HEIGHT="43">
						<TextLine ID="line_0" HPOS="492" VPOS="199" WIDTH="1282" HEIGHT="43">
							<String ID="string_0" HPOS="492" VPOS="201" WIDTH="238" HEIGHT="31" WC="0.89" CONTENT="Sammansatta"/><SP WIDTH="24" VPOS="201" HPOS="730"/>
							<String ID="string_1" HPOS="754" VPOS="200" WIDTH="101" HEIGHT="32" WC="0.66" CONTENT="Stats-"/><SP WIDTH="24" VPOS="200" HPOS="855"/>
							<String ID="string_2" HPOS="879" VPOS="200" WIDTH="53" HEIGHT="32" WC="0.93" CONTENT="och"/><SP WIDTH="23" VPOS="200" HPOS="932"/>
							<String ID="string_3" HPOS="955" VPOS="200" WIDTH="232" HEIGHT="42" WC="0.66" CONTENT="Lagutskottels"/><SP WIDTH="31" VPOS="200" HPOS="1187"/>
							<String ID="string_4" HPOS="1218" VPOS="199" WIDTH="172" HEIGHT="34" WC="0.96" CONTENT="Utlåtande"/><SP WIDTH="23" VPOS="199" HPOS="1390"/>
							<String ID="string_5" HPOS="1413" VPOS="201" WIDTH="64" HEIGHT="32" WC="0.93" CONTENT="N:o"/><SP WIDTH="22" VPOS="201" HPOS="1477"/>
							<String ID="string_6" HPOS="1499" VPOS="202" WIDTH="31" HEIGHT="30" WC="0.96" CONTENT="3."/><SP WIDTH="226" VPOS="202" HPOS="1530"/>
							<String ID="string_7" HPOS="1756" VPOS="201" WIDTH="18" HEIGHT="30" WC="0.96" CONTENT="3"/>
						</TextLine>
					</TextBlock>
				</ComposedBlock>
				<ComposedBlock ID="cblock_1" HPOS="215" VPOS="279" WIDTH="1606" HEIGHT="2068">
					<TextBlock ID="block_1" HPOS="219" VPOS="279" WIDTH="1602" HEIGHT="933">
						<TextLine ID="line_1" HPOS="354" VPOS="279" WIDTH="1466" HEIGHT="50">
							<String ID="string_8" HPOS="354" VPOS="280" WIDTH="151" HEIGHT="37" WC="0.89" CONTENT="»Under"/><SP WIDTH="28" VPOS="280" HPOS="505"/>
							<String ID="string_9" HPOS="533" VPOS="279" WIDTH="157" HEIGHT="37" WC="0.96" CONTENT="fredstid"/><SP WIDTH="29" VPOS="279" HPOS="690"/>
							<String ID="string_10" HPOS="719" VPOS="279" WIDTH="129" HEIGHT="37" WC="0.96" CONTENT="tillhör"/><SP WIDTH="27" VPOS="279" HPOS="848"/>
							<String ID="string_11" HPOS="875" VPOS="279" WIDTH="65" HEIGHT="37" WC="0.92" CONTENT="det"/><SP WIDTH="19" VPOS="279" HPOS="940"/>
							<String ID="string_12" HPOS="959" VPOS="279" WIDTH="297" HEIGHT="50" WC="0.91" CONTENT="krigsstyrelsen"/><SP WIDTH="16" VPOS="279" HPOS="1256"/>
							<String ID="string_13" HPOS="1272" VPOS="284" WIDTH="56" HEIGHT="32" WC="0.96" CONTENT="att"/><SP WIDTH="13" VPOS="284" HPOS="1328"/>
							<String ID="string_14" HPOS="1341" VPOS="279" WIDTH="176" HEIGHT="38" WC="0.96" CONTENT="utarbeta"/><SP WIDTH="15" VPOS="279" HPOS="1517"/>
							<String ID="string_15" HPOS="1532" VPOS="280" WIDTH="141" HEIGHT="37" WC="0.95" CONTENT="sådana"/><SP WIDTH="16" VPOS="280" HPOS="1673"/>
							<String ID="string_16" HPOS="1689" VPOS="280" WIDTH="131" HEIGHT="49" WC="0.96" CONTENT="planer"/>
						</TextLine>
						<TextLine ID="line_2" HPOS="221" VPOS="331" WIDTH="1597" HEIGHT="51">
							<String ID="string_17" HPOS="221" VPOS="333" WIDTH="58" HEIGHT="36" WC="0.93" CONTENT="för"/><SP WIDTH="29" VPOS="333" HPOS="279"/>
							<String ID="string_18" HPOS="308" VPOS="332" WIDTH="284" HEIGHT="49" WC="0.92" CONTENT="krigsmagtens"/><SP WIDTH="28" VPOS="332" HPOS="592"/>
							<String ID="string_19" HPOS="620" VPOS="332" WIDTH="249" HEIGHT="37" WC="0.96" CONTENT="användande"/><SP WIDTH="29" VPOS="332" HPOS="869"/>
							<String ID="string_20" HPOS="898" VPOS="331" WIDTH="63" HEIGHT="37" WC="0.96" CONTENT="vid"/><SP WIDTH="29" VPOS="331" HPOS="961"/>
							<String ID="string_21" HPOS="990" VPOS="337" WIDTH="53" HEIGHT="31" WC="0.93" CONTENT="ett"/><SP WIDTH="28" VPOS="337" HPOS="1043"/>
							<String ID="string_22" HPOS="1071" VPOS="331" WIDTH="216" HEIGHT="48" WC="0.91" CONTENT="fredsbrott,"/><SP WIDTH="31" VPOS="331" HPOS="1287"/>
							<String ID="string_23" HPOS="1318" VPOS="331" WIDTH="129" HEIGHT="38" WC="0.96" CONTENT="hvilka"/><SP WIDTH="26" VPOS="331" HPOS="1447"/>
							<String ID="string_24" HPOS="1473" VPOS="331" WIDTH="85" HEIGHT="37" WC="0.96" CONTENT="med"/><SP WIDTH="18" VPOS="331" HPOS="1558"/>
							<String ID="string_25" HPOS="1576" VPOS="332" WIDTH="242" HEIGHT="50" WC="0.96" CONTENT="tillämpning"/>
						</TextLine>
						<TextLine ID="line_3" HPOS="220" VPOS="383" WIDTH="1599" HEIGHT="50">
							<String ID="string_26" HPOS="220" VPOS="384" WIDTH="42" HEIGHT="36" WC="0.95" CONTENT="af"/><SP WIDTH="21" VPOS="384" HPOS="262"/>
							<String ID="string_27" HPOS="283" VPOS="384" WIDTH="177" HEIGHT="48" WC="0.95" CONTENT="gällande"/><SP WIDTH="30" VPOS="384" HPOS="460"/>
							<String ID="string_28" HPOS="490" VPOS="384" WIDTH="259" HEIGHT="49" WC="0.96" CONTENT="organisation"/><SP WIDTH="27" VPOS="384" HPOS="749"/>
							<String ID="string_29" HPOS="776" VPOS="384" WIDTH="58" HEIGHT="36" WC="0.96" CONTENT="för"/><SP WIDTH="27" VPOS="384" HPOS="834"/>
							<String ID="string_30" HPOS="861" VPOS="384" WIDTH="240" HEIGHT="49" WC="0.96" CONTENT="personalen,"/><SP WIDTH="30" VPOS="384" HPOS="1101"/>
							<String ID="string_31" HPOS="1131" VPOS="384" WIDTH="86" HEIGHT="36" WC="0.96" CONTENT="med"/><SP WIDTH="29" VPOS="384" HPOS="1217"/>
							<String ID="string_32" HPOS="1246" VPOS="383" WIDTH="247" HEIGHT="37" WC="0.95" CONTENT="användande"/><SP WIDTH="30" VPOS="383" HPOS="1493"/>
							<String ID="string_33" HPOS="1523" VPOS="384" WIDTH="41" HEIGHT="36" WC="0.92" CONTENT="af"/><SP WIDTH="14" VPOS="384" HPOS="1564"/>
							<String ID="string_34" HPOS="1578" VPOS="384" WIDTH="241" HEIGHT="49" WC="0.92" CONTENT="tillgängliga"/>
						</TextLine>
						<TextLine ID="line_4" HPOS="222" VPOS="435" WIDTH="1599" HEIGHT="52">
							<String ID="string_35" HPOS="222" VPOS="436" WIDTH="208" HEIGHT="36" WC="0.93" CONTENT="materiella"/><SP WIDTH="27" VPOS="436" HPOS="430"/>
							<String ID="string_36" HPOS="457" VPOS="436" WIDTH="232" HEIGHT="51" WC="0.92" CONTENT="hjelpmedel"/><SP WIDTH="28" VPOS="436" HPOS="689"/>
							<String ID="string_37" HPOS="717" VPOS="436" WIDTH="71" HEIGHT="37" WC="0.96" CONTENT="och"/><SP WIDTH="29" VPOS="436" HPOS="788"/>
							<String ID="string_38" HPOS="817" VPOS="436" WIDTH="85" HEIGHT="36" WC="0.96" CONTENT="med"/><SP WIDTH="28" VPOS="436" HPOS="902"/>
							<String ID="string_39" HPOS="930" VPOS="437" WIDTH="86" HEIGHT="36" WC="0.96" CONTENT="stöd"/><SP WIDTH="30" VPOS="437" HPOS="1016"/>
							<String ID="string_40" HPOS="1046" VPOS="436" WIDTH="42" HEIGHT="36" WC="0.96" CONTENT="af"/><SP WIDTH="23" VPOS="436" HPOS="1088"/>
							<String ID="string_41" HPOS="1111" VPOS="435" WIDTH="177" HEIGHT="49" WC="0.96" CONTENT="gällande"/><SP WIDTH="28" VPOS="435" HPOS="1288"/>
							<String ID="string_42" HPOS="1316" VPOS="436" WIDTH="105" HEIGHT="48" WC="0.96" CONTENT="lagar"/><SP WIDTH="29" VPOS="436" HPOS="1421"/>
							<String ID="string_43" HPOS="1450" VPOS="436" WIDTH="71" HEIGHT="36" WC="0.96" CONTENT="och"/><SP WIDTH="27" VPOS="436" HPOS="1521"/>
							<String ID="string_44" HPOS="1548" VPOS="436" WIDTH="273" HEIGHT="48" WC="0.95" CONTENT="författningar"/>
						</TextLine>
						<TextLine ID="line_5" HPOS="221" VPOS="487" WIDTH="1596" HEIGHT="50">
							<String ID="string_45" HPOS="221" VPOS="488" WIDTH="129" HEIGHT="36" WC="0.95" CONTENT="kunna"/><SP WIDTH="41" VPOS="488" HPOS="350"/>
							<String ID="string_46" HPOS="391" VPOS="501" WIDTH="111" HEIGHT="24" WC="0.93" CONTENT="anses"/><SP WIDTH="33" VPOS="501" HPOS="502"/>
							<String ID="string_47" HPOS="535" VPOS="488" WIDTH="205" HEIGHT="37" WC="0.86" CONTENT="utförbara."/><SP WIDTH="56" VPOS="488" HPOS="740"/>
							<String ID="string_48" HPOS="796" VPOS="488" WIDTH="79" HEIGHT="36" WC="0.96" CONTENT="När"/><SP WIDTH="28" VPOS="488" HPOS="875"/>
							<String ID="string_49" HPOS="903" VPOS="488" WIDTH="64" HEIGHT="36" WC="0.96" CONTENT="det"/><SP WIDTH="26" VPOS="488" HPOS="967"/>
							<String ID="string_50" HPOS="993" VPOS="487" WIDTH="122" HEIGHT="49" WC="0.96" CONTENT="gäller"/><SP WIDTH="27" VPOS="487" HPOS="1115"/>
							<String ID="string_51" HPOS="1142" VPOS="488" WIDTH="138" HEIGHT="36" WC="0.93" CONTENT="härens"/><SP WIDTH="29" VPOS="488" HPOS="1280"/>
							<String ID="string_52" HPOS="1309" VPOS="487" WIDTH="232" HEIGHT="37" WC="0.92" CONTENT="försättande"/><SP WIDTH="24" VPOS="487" HPOS="1541"/>
							<String ID="string_53" HPOS="1565" VPOS="491" WIDTH="48" HEIGHT="46" WC="0.93" CONTENT="på"/><SP WIDTH="28" VPOS="491" HPOS="1613"/>
							<String ID="string_54" HPOS="1641" VPOS="488" WIDTH="176" HEIGHT="48" WC="0.92" CONTENT="krigsfot,"/>
						</TextLine>
						<TextLine ID="line_6" HPOS="219" VPOS="539" WIDTH="1597" HEIGHT="49">
							<String ID="string_55" HPOS="219" VPOS="540" WIDTH="125" HEIGHT="36" WC="0.96" CONTENT="finnas"/><SP WIDTH="41" VPOS="540" HPOS="344"/>
							<String ID="string_56" HPOS="385" VPOS="540" WIDTH="109" HEIGHT="37" WC="0.96" CONTENT="alltså"/><SP WIDTH="42" VPOS="540" HPOS="494"/>
							<String ID="string_57" HPOS="536" VPOS="545" WIDTH="53" HEIGHT="31" WC="0.96" CONTENT="att"/><SP WIDTH="27" VPOS="545" HPOS="589"/>
							<String ID="string_58" HPOS="616" VPOS="539" WIDTH="91" HEIGHT="49" WC="0.96" CONTENT="följa"/><SP WIDTH="28" VPOS="539" HPOS="707"/>
							<String ID="string_59" HPOS="735" VPOS="539" WIDTH="12" HEIGHT="36" WC="0.96" CONTENT="i"/><SP WIDTH="29" VPOS="539" HPOS="747"/>
							<String ID="string_60" HPOS="776" VPOS="539" WIDTH="114" HEIGHT="49" WC="0.96" CONTENT="detalj"/><SP WIDTH="31" VPOS="539" HPOS="890"/>
							<String ID="string_61" HPOS="921" VPOS="539" WIDTH="148" HEIGHT="49" WC="0.96" CONTENT="gående"/><SP WIDTH="27" VPOS="539" HPOS="1069"/>
							<String ID="string_62" HPOS="1096" VPOS="539" WIDTH="133" HEIGHT="49" WC="0.96" CONTENT="planer"/><SP WIDTH="27" VPOS="539" HPOS="1229"/>
							<String ID="string_63" HPOS="1256" VPOS="540" WIDTH="60" HEIGHT="36" WC="0.96" CONTENT="för"/><SP WIDTH="27" VPOS="540" HPOS="1316"/>
							<String ID="string_64" HPOS="1343" VPOS="539" WIDTH="247" HEIGHT="49" WC="0.93" CONTENT="personalens"/><SP WIDTH="27" VPOS="539" HPOS="1590"/>
							<String ID="string_65" HPOS="1617" VPOS="539" WIDTH="199" HEIGHT="38" WC="0.84" CONTENT="inkallelse"/>
						</TextLine>
						<TextLine ID="line_7" HPOS="219" VPOS="591" WIDTH="1598" HEIGHT="49">
							<String ID="string_66" HPOS="219" VPOS="592" WIDTH="121" HEIGHT="36" WC="0.92" CONTENT="under"/><SP WIDTH="27" VPOS="592" HPOS="340"/>
							<String ID="string_67" HPOS="367" VPOS="592" WIDTH="160" HEIGHT="37" WC="0.89" CONTENT="fanorna"/><SP WIDTH="28" VPOS="592" HPOS="527"/>
							<String ID="string_68" HPOS="555" VPOS="592" WIDTH="69" HEIGHT="36" WC="0.96" CONTENT="och"/><SP WIDTH="28" VPOS="592" HPOS="624"/>
							<String ID="string_69" HPOS="652" VPOS="591" WIDTH="190" HEIGHT="37" WC="0.96" CONTENT="ordnande"/><SP WIDTH="28" VPOS="591" HPOS="842"/>
							<String ID="string_70" HPOS="870" VPOS="592" WIDTH="13" HEIGHT="35" WC="0.96" CONTENT="i"/><SP WIDTH="28" VPOS="592" HPOS="883"/>
							<String ID="string_71" HPOS="911" VPOS="596" WIDTH="146" HEIGHT="32" WC="0.93" CONTENT="smärre"/><SP WIDTH="28" VPOS="596" HPOS="1057"/>
							<String ID="string_72" HPOS="1085" VPOS="591" WIDTH="273" HEIGHT="49" WC="0.91" CONTENT="truppenheter"/><SP WIDTH="27" VPOS="591" HPOS="1358"/>
							<String ID="string_73" HPOS="1385" VPOS="591" WIDTH="41" HEIGHT="37" WC="0.96" CONTENT="af"/><SP WIDTH="24" VPOS="591" HPOS="1426"/>
							<String ID="string_74" HPOS="1450" VPOS="591" WIDTH="99" HEIGHT="37" WC="0.96" CONTENT="olika"/><SP WIDTH="28" VPOS="591" HPOS="1549"/>
							<String ID="string_75" HPOS="1577" VPOS="591" WIDTH="141" HEIGHT="38" WC="0.96" CONTENT="storlek"/><SP WIDTH="29" VPOS="591" HPOS="1718"/>
							<String ID="string_76" HPOS="1747" VPOS="592" WIDTH="70" HEIGHT="36" WC="0.96" CONTENT="och"/>
						</TextLine>
						<TextLine ID="line_8" HPOS="220" VPOS="642" WIDTH="1598" HEIGHT="51">
							<String ID="string_77" HPOS="220" VPOS="644" WIDTH="345" HEIGHT="49" WC="0.96" CONTENT="sammansättning"/><SP WIDTH="48" VPOS="644" HPOS="565"/>
							<String ID="string_78" HPOS="613" VPOS="649" WIDTH="97" HEIGHT="31" WC="0.96" CONTENT="samt"/><SP WIDTH="49" VPOS="649" HPOS="710"/>
							<String ID="string_79" HPOS="759" VPOS="643" WIDTH="108" HEIGHT="37" WC="0.90" CONTENT="deras"/><SP WIDTH="46" VPOS="643" HPOS="867"/>
							<String ID="string_80" HPOS="913" VPOS="643" WIDTH="233" HEIGHT="49" WC="0.90" CONTENT="hopförande"/><SP WIDTH="42" VPOS="643" HPOS="1146"/>
							<String ID="string_81" HPOS="1188" VPOS="642" WIDTH="58" HEIGHT="37" WC="0.96" CONTENT="till"/><SP WIDTH="42" VPOS="642" HPOS="1246"/>
							<String ID="string_82" HPOS="1288" VPOS="648" WIDTH="119" HEIGHT="32" WC="0.96" CONTENT="större"/><SP WIDTH="42" VPOS="648" HPOS="1407"/>
							<String ID="string_83" HPOS="1449" VPOS="643" WIDTH="164" HEIGHT="37" WC="0.93" CONTENT="enheter."/><SP WIDTH="70" VPOS="643" HPOS="1613"/>
							<String ID="string_84" HPOS="1683" VPOS="643" WIDTH="135" HEIGHT="37" WC="0.68" CONTENT="Planer"/>
						</TextLine>
						<TextLine ID="line_9" HPOS="220" VPOS="695" WIDTH="1598" HEIGHT="50">
							<String ID="string_85" HPOS="220" VPOS="696" WIDTH="125" HEIGHT="36" WC="0.96" CONTENT="finnas"/><SP WIDTH="28" VPOS="696" HPOS="345"/>
							<String ID="string_86" HPOS="373" VPOS="696" WIDTH="218" HEIGHT="49" WC="0.96" CONTENT="uppgjorda"/><SP WIDTH="28" VPOS="696" HPOS="591"/>
							<String ID="string_87" HPOS="619" VPOS="696" WIDTH="60" HEIGHT="36" WC="0.93" CONTENT="för"/><SP WIDTH="27" VPOS="696" HPOS="679"/>
							<String ID="string_88" HPOS="706" VPOS="696" WIDTH="248" HEIGHT="36" WC="0.91" CONTENT="anskaffande"/><SP WIDTH="30" VPOS="696" HPOS="954"/>
							<String ID="string_89" HPOS="984" VPOS="696" WIDTH="43" HEIGHT="36" WC="0.93" CONTENT="af"/><SP WIDTH="23" VPOS="696" HPOS="1027"/>
							<String ID="string_90" HPOS="1050" VPOS="695" WIDTH="135" HEIGHT="49" WC="0.91" CONTENT="nödigt"/><SP WIDTH="28" VPOS="695" HPOS="1185"/>
							<String ID="string_91" HPOS="1213" VPOS="695" WIDTH="103" HEIGHT="37" WC="0.96" CONTENT="antal"/><SP WIDTH="28" VPOS="695" HPOS="1316"/>
							<String ID="string_92" HPOS="1344" VPOS="695" WIDTH="127" HEIGHT="37" WC="0.96" CONTENT="hästar"/><SP WIDTH="28" VPOS="695" HPOS="1471"/>
							<String ID="string_93" HPOS="1499" VPOS="695" WIDTH="69" HEIGHT="36" WC="0.95" CONTENT="och"/><SP WIDTH="27" VPOS="695" HPOS="1568"/>
							<String ID="string_94" HPOS="1595" VPOS="696" WIDTH="136" HEIGHT="36" WC="0.96" CONTENT="fordon"/><SP WIDTH="29" VPOS="696" HPOS="1731"/>
							<String ID="string_95" HPOS="1760" VPOS="696" WIDTH="58" HEIGHT="37" WC="0.96" CONTENT="för"/>
						</TextLine>
						<TextLine ID="line_10" HPOS="219" VPOS="746" WIDTH="1593" HEIGHT="51">
							<String ID="string_96" HPOS="219" VPOS="752" WIDTH="156" HEIGHT="44" WC="0.96" CONTENT="trupper"/><SP WIDTH="41" VPOS="752" HPOS="375"/>
							<String ID="string_97" HPOS="416" VPOS="748" WIDTH="69" HEIGHT="36" WC="0.92" CONTENT="och"/><SP WIDTH="41" VPOS="748" HPOS="485"/>
							<String ID="string_98" HPOS="526" VPOS="747" WIDTH="363" HEIGHT="49" WC="0.91" CONTENT="trängafdelningar,"/><SP WIDTH="44" VPOS="747" HPOS="889"/>
							<String ID="string_99" HPOS="933" VPOS="748" WIDTH="58" HEIGHT="36" WC="0.96" CONTENT="för"/><SP WIDTH="27" VPOS="748" HPOS="991"/>
							<String ID="string_100" HPOS="1018" VPOS="746" WIDTH="248" HEIGHT="51" WC="0.96" CONTENT="personalens"/><SP WIDTH="29" VPOS="746" HPOS="1266"/>
							<String ID="string_101" HPOS="1295" VPOS="747" WIDTH="216" HEIGHT="49" WC="0.96" CONTENT="beväpning"/><SP WIDTH="28" VPOS="747" HPOS="1511"/>
							<String ID="string_102" HPOS="1539" VPOS="752" WIDTH="97" HEIGHT="32" WC="0.96" CONTENT="samt"/><SP WIDTH="27" VPOS="752" HPOS="1636"/>
							<String ID="string_103" HPOS="1663" VPOS="747" WIDTH="60" HEIGHT="37" WC="0.93" CONTENT="för"/><SP WIDTH="28" VPOS="747" HPOS="1723"/>
							<String ID="string_104" HPOS="1751" VPOS="761" WIDTH="61" HEIGHT="23" WC="0.91" CONTENT="an-"/>
						</TextLine>
						<TextLine ID="line_11" HPOS="220" VPOS="799" WIDTH="1595" HEIGHT="49">
							<String ID="string_105" HPOS="220" VPOS="799" WIDTH="193" HEIGHT="49" WC="0.91" CONTENT="skaffning"/><SP WIDTH="28" VPOS="799" HPOS="413"/>
							<String ID="string_106" HPOS="441" VPOS="800" WIDTH="41" HEIGHT="36" WC="0.93" CONTENT="af"/><SP WIDTH="23" VPOS="800" HPOS="482"/>
							<String ID="string_107" HPOS="505" VPOS="799" WIDTH="242" HEIGHT="49" WC="0.91" CONTENT="utrednings-"/><SP WIDTH="30" VPOS="799" HPOS="747"/>
							<String ID="string_108" HPOS="777" VPOS="813" WIDTH="48" HEIGHT="22" WC="0.92" CONTENT="m."/><SP WIDTH="30" VPOS="813" HPOS="825"/>
							<String ID="string_109" HPOS="855" VPOS="799" WIDTH="35" HEIGHT="36" WC="0.45" CONTENT="£."/><SP WIDTH="30" VPOS="799" HPOS="890"/>
							<String ID="string_110" HPOS="920" VPOS="799" WIDTH="195" HEIGHT="49" WC="0.92" CONTENT="persedlar"/><SP WIDTH="18" VPOS="799" HPOS="1115"/>
							<String ID="string_111" HPOS="1133" VPOS="799" WIDTH="58" HEIGHT="36" WC="0.96" CONTENT="för"/><SP WIDTH="20" VPOS="799" HPOS="1191"/>
							<String ID="string_112" HPOS="1211" VPOS="799" WIDTH="104" HEIGHT="36" WC="0.96" CONTENT="såväl"/><SP WIDTH="19" VPOS="799" HPOS="1315"/>
							<String ID="string_113" HPOS="1334" VPOS="799" WIDTH="178" HEIGHT="49" WC="0.96" CONTENT="personal"/><SP WIDTH="20" VPOS="799" HPOS="1512"/>
							<String ID="string_114" HPOS="1532" VPOS="812" WIDTH="81" HEIGHT="23" WC="0.96" CONTENT="som"/><SP WIDTH="21" VPOS="812" HPOS="1613"/>
							<String ID="string_115" HPOS="1634" VPOS="799" WIDTH="181" HEIGHT="37" WC="0.96" CONTENT="materiel."/>
						</TextLine>
						<TextLine ID="line_12" HPOS="219" VPOS="850" WIDTH="1597" HEIGHT="50">
							<String ID="string_116" HPOS="219" VPOS="851" WIDTH="161" HEIGHT="48" WC="0.96" CONTENT="Förslag"/><SP WIDTH="35" VPOS="851" HPOS="380"/>
							<String ID="string_117" HPOS="415" VPOS="852" WIDTH="123" HEIGHT="36" WC="0.96" CONTENT="finnas"/><SP WIDTH="29" VPOS="852" HPOS="538"/>
							<String ID="string_118" HPOS="567" VPOS="851" WIDTH="223" HEIGHT="37" WC="0.96" CONTENT="utarbetade"/><SP WIDTH="28" VPOS="851" HPOS="790"/>
							<String ID="string_119" HPOS="818" VPOS="851" WIDTH="160" HEIGHT="37" WC="0.96" CONTENT="rörande"/><SP WIDTH="28" VPOS="851" HPOS="978"/>
							<String ID="string_120" HPOS="1006" VPOS="856" WIDTH="226" HEIGHT="44" WC="0.93" CONTENT="truppernas"/><SP WIDTH="29" VPOS="856" HPOS="1232"/>
							<String ID="string_121" HPOS="1261" VPOS="850" WIDTH="262" HEIGHT="50" WC="0.91" CONTENT="inqvartering"/><SP WIDTH="27" VPOS="850" HPOS="1523"/>
							<String ID="string_122" HPOS="1550" VPOS="851" WIDTH="69" HEIGHT="37" WC="0.92" CONTENT="och"/><SP WIDTH="27" VPOS="851" HPOS="1619"/>
							<String ID="string_123" HPOS="1646" VPOS="851" WIDTH="170" HEIGHT="49" WC="0.92" CONTENT="förpläg-"/>
						</TextLine>
						<TextLine ID="line_13" HPOS="220" VPOS="902" WIDTH="1595" HEIGHT="50">
							<String ID="string_124" HPOS="220" VPOS="902" WIDTH="95" HEIGHT="49" WC="0.95" CONTENT="ning"/><SP WIDTH="27" VPOS="902" HPOS="315"/>
							<String ID="string_125" HPOS="342" VPOS="903" WIDTH="119" HEIGHT="37" WC="0.93" CONTENT="under"/><SP WIDTH="28" VPOS="903" HPOS="461"/>
							<String ID="string_126" HPOS="489" VPOS="903" WIDTH="312" HEIGHT="48" WC="0.90" CONTENT="mobiliserings-,"/><SP WIDTH="29" VPOS="903" HPOS="801"/>
							<String ID="string_127" HPOS="830" VPOS="903" WIDTH="247" HEIGHT="49" WC="0.83" CONTENT="uppmarsch-"/><SP WIDTH="30" VPOS="903" HPOS="1077"/>
							<String ID="string_128" HPOS="1107" VPOS="902" WIDTH="70" HEIGHT="37" WC="0.91" CONTENT="och"/><SP WIDTH="28" VPOS="902" HPOS="1177"/>
							<String ID="string_129" HPOS="1205" VPOS="902" WIDTH="479" HEIGHT="50" WC="0.90" CONTENT="koncentreringstiderna,"/><SP WIDTH="21" VPOS="902" HPOS="1684"/>
							<String ID="string_130" HPOS="1705" VPOS="903" WIDTH="110" HEIGHT="37" WC="0.92" CONTENT="hvar-"/>
						</TextLine>
						<TextLine ID="line_14" HPOS="215" VPOS="932" WIDTH="1606" HEIGHT="87">
							<String ID="string_131" HPOS="215" VPOS="932" WIDTH="122" HEIGHT="71" WC="0.96" CONTENT="jemte"/><SP WIDTH="40" VPOS="932" HPOS="337"/>
							<String ID="string_132" HPOS="377" VPOS="955" WIDTH="146" HEIGHT="49" WC="0.96" CONTENT="ganska"/><SP WIDTH="41" VPOS="955" HPOS="523"/>
							<String ID="string_133" HPOS="564" VPOS="933" WIDTH="201" HEIGHT="70" WC="0.96" CONTENT="vidlyftiga"/><SP WIDTH="28" VPOS="933" HPOS="765"/>
							<String ID="string_134" HPOS="793" VPOS="932" WIDTH="269" HEIGHT="87" WC="0.51" CONTENT="&quot;beräkningar"/><SP WIDTH="40" VPOS="932" HPOS="1062"/>
							<String ID="string_135" HPOS="1102" VPOS="959" WIDTH="62" HEIGHT="32" WC="0.96" CONTENT="äro"/><SP WIDTH="40" VPOS="959" HPOS="1164"/>
							<String ID="string_136" HPOS="1204" VPOS="954" WIDTH="137" HEIGHT="49" WC="0.96" CONTENT="gjorda"/><SP WIDTH="41" VPOS="954" HPOS="1341"/>
							<String ID="string_137" HPOS="1382" VPOS="955" WIDTH="58" HEIGHT="36" WC="0.96" CONTENT="för"/><SP WIDTH="41" VPOS="955" HPOS="1440"/>
							<String ID="string_138" HPOS="1481" VPOS="955" WIDTH="266" HEIGHT="36" WC="0.95" CONTENT="användandet"/><SP WIDTH="33" VPOS="955" HPOS="1747"/>
							<String ID="string_139" HPOS="1780" VPOS="955" WIDTH="41" HEIGHT="36" WC="0.96" CONTENT="af"/>
						</TextLine>
						<TextLine ID="line_15" HPOS="220" VPOS="1006" WIDTH="1597" HEIGHT="50">
							<String ID="string_140" HPOS="220" VPOS="1006" WIDTH="150" HEIGHT="37" WC="0.96" CONTENT="landets"/><SP WIDTH="28" VPOS="1006" HPOS="370"/>
							<String ID="string_141" HPOS="398" VPOS="1007" WIDTH="368" HEIGHT="36" WC="0.96" CONTENT="kommunikationer"/><SP WIDTH="27" VPOS="1007" HPOS="766"/>
							<String ID="string_142" HPOS="793" VPOS="1010" WIDTH="48" HEIGHT="46" WC="0.96" CONTENT="på"/><SP WIDTH="29" VPOS="1010" HPOS="841"/>
							<String ID="string_143" HPOS="870" VPOS="1011" WIDTH="54" HEIGHT="32" WC="0.96" CONTENT="ett"/><SP WIDTH="19" VPOS="1011" HPOS="924"/>
							<String ID="string_144" HPOS="943" VPOS="1007" WIDTH="135" HEIGHT="36" WC="0.96" CONTENT="sådant"/><SP WIDTH="20" VPOS="1007" HPOS="1078"/>
							<String ID="string_145" HPOS="1098" VPOS="1011" WIDTH="85" HEIGHT="42" WC="0.96" CONTENT="sätt,"/><SP WIDTH="22" VPOS="1011" HPOS="1183"/>
							<String ID="string_146" HPOS="1205" VPOS="1011" WIDTH="55" HEIGHT="32" WC="0.96" CONTENT="att"/><SP WIDTH="18" VPOS="1011" HPOS="1260"/>
							<String ID="string_147" HPOS="1278" VPOS="1011" WIDTH="205" HEIGHT="44" WC="0.96" CONTENT="trupperna"/><SP WIDTH="20" VPOS="1011" HPOS="1483"/>
							<String ID="string_148" HPOS="1503" VPOS="1011" WIDTH="149" HEIGHT="32" WC="0.95" CONTENT="snarast"/><SP WIDTH="15" VPOS="1011" HPOS="1652"/>
							<String ID="string_149" HPOS="1667" VPOS="1006" WIDTH="150" HEIGHT="50" WC="0.95" CONTENT="möjligt"/>
						</TextLine>
						<TextLine ID="line_16" HPOS="221" VPOS="1058" WIDTH="1593" HEIGHT="50">
							<String ID="string_150" HPOS="221" VPOS="1059" WIDTH="130" HEIGHT="36" WC="0.96" CONTENT="kunna"/><SP WIDTH="26" VPOS="1059" HPOS="351"/>
							<String ID="string_151" HPOS="377" VPOS="1072" WIDTH="211" HEIGHT="36" WC="0.96" CONTENT="grupperas"/><SP WIDTH="30" VPOS="1072" HPOS="588"/>
							<String ID="string_152" HPOS="618" VPOS="1059" WIDTH="100" HEIGHT="36" WC="0.96" CONTENT="inom"/><SP WIDTH="36" VPOS="1059" HPOS="718"/>
							<String ID="string_153" HPOS="754" VPOS="1059" WIDTH="71" HEIGHT="36" WC="0.96" CONTENT="och"/><SP WIDTH="28" VPOS="1059" HPOS="825"/>
							<String ID="string_154" HPOS="853" VPOS="1060" WIDTH="268" HEIGHT="35" WC="0.95" CONTENT="koncentreras"/><SP WIDTH="28" VPOS="1060" HPOS="1121"/>
							<String ID="string_155" HPOS="1149" VPOS="1035" WIDTH="56" HEIGHT="60" WC="0.96" CONTENT="till"/><SP WIDTH="29" VPOS="1035" HPOS="1205"/>
							<String ID="string_156" HPOS="1234" VPOS="1058" WIDTH="46" HEIGHT="37" WC="0.96" CONTENT="de"/><SP WIDTH="30" VPOS="1058" HPOS="1280"/>
							<String ID="string_157" HPOS="1310" VPOS="1063" WIDTH="96" HEIGHT="32" WC="0.96" CONTENT="mest"/><SP WIDTH="27" VPOS="1063" HPOS="1406"/>
							<String ID="string_158" HPOS="1433" VPOS="1058" WIDTH="138" HEIGHT="37" WC="0.96" CONTENT="hotade"/><SP WIDTH="29" VPOS="1058" HPOS="1571"/>
							<String ID="string_159" HPOS="1600" VPOS="1058" WIDTH="214" HEIGHT="37" WC="0.96" CONTENT="områdena."/>
						</TextLine>
						<TextLine ID="line_17" HPOS="220" VPOS="1110" WIDTH="1596" HEIGHT="48">
							<String ID="string_160" HPOS="220" VPOS="1110" WIDTH="87" HEIGHT="37" WC="0.95" CONTENT="Med"/><SP WIDTH="40" VPOS="1110" HPOS="307"/>
							<String ID="string_161" HPOS="347" VPOS="1124" WIDTH="286" HEIGHT="34" WC="0.95" CONTENT="gemensamma"/><SP WIDTH="40" VPOS="1124" HPOS="633"/>
							<String ID="string_162" HPOS="673" VPOS="1124" WIDTH="115" HEIGHT="23" WC="0.89" CONTENT="namn"/><SP WIDTH="40" VPOS="1124" HPOS="788"/>
							<String ID="string_163" HPOS="828" VPOS="1111" WIDTH="121" HEIGHT="36" WC="0.96" CONTENT="kallas"/><SP WIDTH="44" VPOS="1111" HPOS="949"/>
							<String ID="string_164" HPOS="993" VPOS="1110" WIDTH="110" HEIGHT="37" WC="0.95" CONTENT="dessa"/><SP WIDTH="27" VPOS="1110" HPOS="1103"/>
							<String ID="string_165" HPOS="1130" VPOS="1110" WIDTH="115" HEIGHT="37" WC="0.96" CONTENT="redan"/><SP WIDTH="34" VPOS="1110" HPOS="1245"/>
							<String ID="string_166" HPOS="1279" VPOS="1111" WIDTH="12" HEIGHT="36" WC="0.91" CONTENT="1"/><SP WIDTH="33" VPOS="1111" HPOS="1291"/>
							<String ID="string_167" HPOS="1324" VPOS="1110" WIDTH="81" HEIGHT="37" WC="0.96" CONTENT="fred"/><SP WIDTH="29" VPOS="1110" HPOS="1405"/>
							<String ID="string_168" HPOS="1434" VPOS="1110" WIDTH="153" HEIGHT="37" WC="0.93" CONTENT="utförda"/><SP WIDTH="27" VPOS="1110" HPOS="1587"/>
							<String ID="string_169" HPOS="1614" VPOS="1110" WIDTH="202" HEIGHT="37" WC="0.92" CONTENT="beräknin-"/>
						</TextLine>
						<TextLine ID="line_18" HPOS="219" VPOS="1162" WIDTH="1543" HEIGHT="50">
							<String ID="string_170" HPOS="219" VPOS="1176" WIDTH="71" HEIGHT="34" WC="0.96" CONTENT="gar"/><SP WIDTH="29" VPOS="1176" HPOS="290"/>
							<String ID="string_171" HPOS="319" VPOS="1163" WIDTH="70" HEIGHT="36" WC="0.95" CONTENT="och"/><SP WIDTH="27" VPOS="1163" HPOS="389"/>
							<String ID="string_172" HPOS="416" VPOS="1163" WIDTH="147" HEIGHT="49" WC="0.93" CONTENT="förslag"/><SP WIDTH="28" VPOS="1163" HPOS="563"/>
							<String ID="string_173" HPOS="591" VPOS="1162" WIDTH="311" HEIGHT="49" WC="0.86" CONTENT="mobiliserings-,"/><SP WIDTH="30" VPOS="1162" HPOS="902"/>
							<String ID="string_174" HPOS="932" VPOS="1162" WIDTH="247" HEIGHT="59" WC="0.91" CONTENT="uppmarsch-"/><SP WIDTH="30" VPOS="1162" HPOS="1179"/>
							<String ID="string_175" HPOS="1209" VPOS="1162" WIDTH="71" HEIGHT="37" WC="0.93" CONTENT="och"/><SP WIDTH="23" VPOS="1162" HPOS="1280"/>
							<String ID="string_176" HPOS="1303" VPOS="1162" WIDTH="459" HEIGHT="49" WC="0.92" CONTENT="koncentreringsplaner."/>
						</TextLine>
					</TextBlock>
					<TextBlock ID="block_2" HPOS="219" VPOS="1214" WIDTH="1599" HEIGHT="515">
						<TextLine ID="line_19" HPOS="349" VPOS="1214" WIDTH="1467" HEIGHT="62">
							<String ID="string_177" HPOS="349" VPOS="1214" WIDTH="130" HEIGHT="37" WC="0.96" CONTENT="Under"/><SP WIDTH="27" VPOS="1214" HPOS="479"/>
							<String ID="string_178" HPOS="506" VPOS="1215" WIDTH="106" HEIGHT="36" WC="0.96" CONTENT="forna"/><SP WIDTH="27" VPOS="1215" HPOS="612"/>
							<String ID="string_179" HPOS="639" VPOS="1214" WIDTH="151" HEIGHT="62" WC="0.74" CONTENT="dagars"/><SP WIDTH="16" VPOS="1214" HPOS="790"/>
							<String ID="string_180" HPOS="806" VPOS="1214" WIDTH="97" HEIGHT="49" WC="0.96" CONTENT="krig,"/><SP WIDTH="30" VPOS="1214" HPOS="903"/>
							<String ID="string_181" HPOS="933" VPOS="1214" WIDTH="47" HEIGHT="36" WC="0.96" CONTENT="då"/><SP WIDTH="26" VPOS="1214" HPOS="980"/>
							<String ID="string_182" HPOS="1006" VPOS="1214" WIDTH="10" HEIGHT="36" WC="0.96" CONTENT="i"/><SP WIDTH="22" VPOS="1214" HPOS="1016"/>
							<String ID="string_183" HPOS="1038" VPOS="1214" WIDTH="204" HEIGHT="36" WC="0.95" CONTENT="allmänhet"/><SP WIDTH="20" VPOS="1214" HPOS="1242"/>
							<String ID="string_184" HPOS="1262" VPOS="1214" WIDTH="251" HEIGHT="36" WC="0.96" CONTENT="händelserna"/><SP WIDTH="19" VPOS="1214" HPOS="1513"/>
							<String ID="string_185" HPOS="1532" VPOS="1214" WIDTH="116" HEIGHT="49" WC="0.96" CONTENT="följde"/><SP WIDTH="21" VPOS="1214" HPOS="1648"/>
							<String ID="string_186" HPOS="1669" VPOS="1214" WIDTH="147" HEIGHT="37" WC="0.95" CONTENT="mindre"/>
						</TextLine>
						<TextLine ID="line_20" HPOS="221" VPOS="1265" WIDTH="1597" HEIGHT="50">
							<String ID="string_187" HPOS="221" VPOS="1265" WIDTH="136" HEIGHT="38" WC="0.96" CONTENT="snabbt"/><SP WIDTH="27" VPOS="1265" HPOS="357"/>
							<String ID="string_188" HPOS="384" VPOS="1269" WIDTH="48" HEIGHT="46" WC="0.96" CONTENT="på"/><SP WIDTH="33" VPOS="1269" HPOS="432"/>
							<String ID="string_189" HPOS="465" VPOS="1266" WIDTH="212" HEIGHT="37" WC="0.95" CONTENT="hvarandra"/><SP WIDTH="28" VPOS="1266" HPOS="677"/>
							<String ID="string_190" HPOS="705" VPOS="1271" WIDTH="48" HEIGHT="31" WC="0.96" CONTENT="än"/><SP WIDTH="27" VPOS="1271" HPOS="753"/>
							<String ID="string_191" HPOS="780" VPOS="1266" WIDTH="13" HEIGHT="36" WC="0.85" CONTENT="i"/><SP WIDTH="28" VPOS="1266" HPOS="793"/>
							<String ID="string_192" HPOS="821" VPOS="1269" WIDTH="89" HEIGHT="33" WC="0.96" CONTENT="våra"/><SP WIDTH="28" VPOS="1269" HPOS="910"/>
							<String ID="string_193" HPOS="938" VPOS="1266" WIDTH="129" HEIGHT="49" WC="0.96" CONTENT="dagar,"/><SP WIDTH="30" VPOS="1266" HPOS="1067"/>
							<String ID="string_194" HPOS="1097" VPOS="1266" WIDTH="68" HEIGHT="36" WC="0.96" CONTENT="och"/><SP WIDTH="29" VPOS="1266" HPOS="1165"/>
							<String ID="string_195" HPOS="1194" VPOS="1266" WIDTH="48" HEIGHT="36" WC="0.96" CONTENT="då"/><SP WIDTH="29" VPOS="1266" HPOS="1242"/>
							<String ID="string_196" HPOS="1271" VPOS="1266" WIDTH="190" HEIGHT="46" WC="0.95" CONTENT="månader,"/><SP WIDTH="29" VPOS="1266" HPOS="1461"/>
							<String ID="string_197" HPOS="1490" VPOS="1266" WIDTH="58" HEIGHT="36" WC="0.96" CONTENT="för"/><SP WIDTH="28" VPOS="1266" HPOS="1548"/>
							<String ID="string_198" HPOS="1576" VPOS="1271" WIDTH="54" HEIGHT="31" WC="0.96" CONTENT="att"/><SP WIDTH="27" VPOS="1271" HPOS="1630"/>
							<String ID="string_199" HPOS="1657" VPOS="1267" WIDTH="35" HEIGHT="48" WC="0.96" CONTENT="ej"/><SP WIDTH="32" VPOS="1267" HPOS="1692"/>
							<String ID="string_200" HPOS="1724" VPOS="1271" WIDTH="94" HEIGHT="44" WC="0.96" CONTENT="säga"/>
						</TextLine>
						<TextLine ID="line_21" HPOS="220" VPOS="1295" WIDTH="1596" HEIGHT="72">
							<String ID="string_201" HPOS="220" VPOS="1321" WIDTH="51" HEIGHT="43" WC="0.95" CONTENT="år,"/><SP WIDTH="26" VPOS="1321" HPOS="271"/>
							<String ID="string_202" HPOS="297" VPOS="1318" WIDTH="127" HEIGHT="37" WC="0.92" CONTENT="kunde"/><SP WIDTH="29" VPOS="1318" HPOS="424"/>
							<String ID="string_203" HPOS="453" VPOS="1318" WIDTH="153" HEIGHT="49" WC="0.92" CONTENT="förflyta"/><SP WIDTH="29" VPOS="1318" HPOS="606"/>
							<String ID="string_204" HPOS="635" VPOS="1318" WIDTH="137" HEIGHT="36" WC="0.96" CONTENT="mellan"/><SP WIDTH="29" VPOS="1318" HPOS="772"/>
							<String ID="string_205" HPOS="801" VPOS="1331" WIDTH="47" HEIGHT="23" WC="0.95" CONTENT="en"/><SP WIDTH="27" VPOS="1331" HPOS="848"/>
							<String ID="string_206" HPOS="875" VPOS="1295" WIDTH="320" HEIGHT="70" WC="0.95" CONTENT="krigsförklaring"/><SP WIDTH="28" VPOS="1295" HPOS="1195"/>
							<String ID="string_207" HPOS="1223" VPOS="1317" WIDTH="70" HEIGHT="37" WC="0.96" CONTENT="och"/><SP WIDTH="28" VPOS="1317" HPOS="1293"/>
							<String ID="string_208" HPOS="1321" VPOS="1317" WIDTH="45" HEIGHT="37" WC="0.92" CONTENT="de"/><SP WIDTH="30" VPOS="1317" HPOS="1366"/>
							<String ID="string_209" HPOS="1396" VPOS="1318" WIDTH="206" HEIGHT="48" WC="0.91" CONTENT="afgörande"/><SP WIDTH="26" VPOS="1318" HPOS="1602"/>
							<String ID="string_210" HPOS="1628" VPOS="1330" WIDTH="188" HEIGHT="24" WC="0.92" CONTENT="samman-"/>
						</TextLine>
						<TextLine ID="line_22" HPOS="220" VPOS="1369" WIDTH="1596" HEIGHT="49">
							<String ID="string_211" HPOS="220" VPOS="1369" WIDTH="309" HEIGHT="49" WC="0.92" CONTENT="drabbningarna"/><SP WIDTH="42" VPOS="1369" HPOS="529"/>
							<String ID="string_212" HPOS="571" VPOS="1369" WIDTH="138" HEIGHT="37" WC="0.93" CONTENT="mellan"/><SP WIDTH="43" VPOS="1369" HPOS="709"/>
							<String ID="string_213" HPOS="752" VPOS="1370" WIDTH="296" HEIGHT="46" WC="0.92" CONTENT="motståndarne,"/><SP WIDTH="43" VPOS="1370" HPOS="1048"/>
							<String ID="string_214" HPOS="1091" VPOS="1369" WIDTH="126" HEIGHT="37" WC="0.96" CONTENT="kunde"/><SP WIDTH="39" VPOS="1369" HPOS="1217"/>
							<String ID="string_215" HPOS="1256" VPOS="1370" WIDTH="78" HEIGHT="36" WC="0.95" CONTENT="ofta"/><SP WIDTH="28" VPOS="1370" HPOS="1334"/>
							<String ID="string_216" HPOS="1362" VPOS="1369" WIDTH="72" HEIGHT="37" WC="0.96" CONTENT="den"/><SP WIDTH="29" VPOS="1369" HPOS="1434"/>
							<String ID="string_217" HPOS="1463" VPOS="1369" WIDTH="243" HEIGHT="37" WC="0.96" CONTENT="försvarande"/><SP WIDTH="28" VPOS="1369" HPOS="1706"/>
							<String ID="string_218" HPOS="1734" VPOS="1369" WIDTH="82" HEIGHT="37" WC="0.96" CONTENT="icke"/>
						</TextLine>
						<TextLine ID="line_23" HPOS="220" VPOS="1421" WIDTH="1596" HEIGHT="49">
							<String ID="string_219" HPOS="220" VPOS="1421" WIDTH="96" HEIGHT="37" WC="0.95" CONTENT="blott"/><SP WIDTH="41" VPOS="1421" HPOS="316"/>
							<String ID="string_220" HPOS="357" VPOS="1422" WIDTH="150" HEIGHT="48" WC="0.95" CONTENT="förfoga"/><SP WIDTH="41" VPOS="1422" HPOS="507"/>
							<String ID="string_221" HPOS="548" VPOS="1422" WIDTH="103" HEIGHT="36" WC="0.96" CONTENT="öfver"/><SP WIDTH="40" VPOS="1422" HPOS="651"/>
							<String ID="string_222" HPOS="691" VPOS="1435" WIDTH="49" HEIGHT="23" WC="0.96" CONTENT="en"/><SP WIDTH="40" VPOS="1435" HPOS="740"/>
							<String ID="string_223" HPOS="780" VPOS="1421" WIDTH="147" HEIGHT="49" WC="0.93" CONTENT="ganska"/><SP WIDTH="45" VPOS="1421" HPOS="927"/>
							<String ID="string_224" HPOS="972" VPOS="1421" WIDTH="152" HEIGHT="49" WC="0.92" CONTENT="rundlig"/><SP WIDTH="39" VPOS="1421" HPOS="1124"/>
							<String ID="string_225" HPOS="1163" VPOS="1421" WIDTH="56" HEIGHT="36" WC="0.96" CONTENT="tid"/><SP WIDTH="41" VPOS="1421" HPOS="1219"/>
							<String ID="string_226" HPOS="1260" VPOS="1421" WIDTH="57" HEIGHT="36" WC="0.95" CONTENT="för"/><SP WIDTH="29" VPOS="1421" HPOS="1317"/>
							<String ID="string_227" HPOS="1346" VPOS="1426" WIDTH="55" HEIGHT="32" WC="0.95" CONTENT="att"/><SP WIDTH="28" VPOS="1426" HPOS="1401"/>
							<String ID="string_228" HPOS="1429" VPOS="1421" WIDTH="117" HEIGHT="37" WC="0.96" CONTENT="ordna"/><SP WIDTH="28" VPOS="1421" HPOS="1546"/>
							<String ID="string_229" HPOS="1574" VPOS="1421" WIDTH="81" HEIGHT="36" WC="0.92" CONTENT="sina"/><SP WIDTH="29" VPOS="1421" HPOS="1655"/>
							<String ID="string_230" HPOS="1684" VPOS="1421" WIDTH="132" HEIGHT="37" WC="0.92" CONTENT="strids-"/>
						</TextLine>
						<TextLine ID="line_24" HPOS="219" VPOS="1472" WIDTH="1598" HEIGHT="50">
							<String ID="string_231" HPOS="219" VPOS="1473" WIDTH="154" HEIGHT="46" WC="0.95" CONTENT="krafter,"/><SP WIDTH="42" VPOS="1473" HPOS="373"/>
							<String ID="string_232" HPOS="415" VPOS="1479" WIDTH="91" HEIGHT="31" WC="0.96" CONTENT="utan"/><SP WIDTH="42" VPOS="1479" HPOS="506"/>
							<String ID="string_233" HPOS="548" VPOS="1473" WIDTH="68" HEIGHT="36" WC="0.96" CONTENT="ock"/><SP WIDTH="29" VPOS="1473" HPOS="616"/>
							<String ID="string_234" HPOS="645" VPOS="1473" WIDTH="118" HEIGHT="37" WC="0.96" CONTENT="under"/><SP WIDTH="28" VPOS="1473" HPOS="763"/>
							<String ID="string_235" HPOS="791" VPOS="1473" WIDTH="146" HEIGHT="48" WC="0.96" CONTENT="krigets"/><SP WIDTH="38" VPOS="1473" HPOS="937"/>
							<String ID="string_236" HPOS="975" VPOS="1476" WIDTH="105" HEIGHT="46" WC="0.96" CONTENT="gång"/><SP WIDTH="26" VPOS="1476" HPOS="1080"/>
							<String ID="string_237" HPOS="1106" VPOS="1474" WIDTH="12" HEIGHT="35" WC="0.96" CONTENT="1"/><SP WIDTH="27" VPOS="1474" HPOS="1118"/>
							<String ID="string_238" HPOS="1145" VPOS="1472" WIDTH="191" HEIGHT="49" WC="0.96" CONTENT="väsentlig"/><SP WIDTH="28" VPOS="1472" HPOS="1336"/>
							<String ID="string_239" HPOS="1364" VPOS="1473" WIDTH="94" HEIGHT="48" WC="0.93" CONTENT="grad"/><SP WIDTH="29" VPOS="1473" HPOS="1458"/>
							<String ID="string_240" HPOS="1487" VPOS="1473" WIDTH="201" HEIGHT="49" WC="0.92" CONTENT="godtgöra,"/><SP WIDTH="29" VPOS="1473" HPOS="1688"/>
							<String ID="string_241" HPOS="1717" VPOS="1473" WIDTH="100" HEIGHT="36" WC="0.96" CONTENT="hvad"/>
						</TextLine>
						<TextLine ID="line_25" HPOS="220" VPOS="1525" WIDTH="1596" HEIGHT="50">
							<String ID="string_242" HPOS="220" VPOS="1538" WIDTH="81" HEIGHT="23" WC="0.96" CONTENT="som"/><SP WIDTH="22" VPOS="1538" HPOS="301"/>
							<String ID="string_243" HPOS="323" VPOS="1525" WIDTH="180" HEIGHT="50" WC="0.95" CONTENT="möjligen"/><SP WIDTH="21" VPOS="1525" HPOS="503"/>
							<String ID="string_244" HPOS="524" VPOS="1525" WIDTH="136" HEIGHT="36" WC="0.96" CONTENT="brustit"/><SP WIDTH="20" VPOS="1525" HPOS="660"/>
							<String ID="string_245" HPOS="680" VPOS="1525" WIDTH="11" HEIGHT="36" WC="0.87" CONTENT="i"/><SP WIDTH="19" VPOS="1525" HPOS="691"/>
							<String ID="string_246" HPOS="710" VPOS="1525" WIDTH="446" HEIGHT="49" WC="0.92" CONTENT="krigsförberedelserna."/><SP WIDTH="44" VPOS="1525" HPOS="1156"/>
							<String ID="string_247" HPOS="1200" VPOS="1525" WIDTH="115" HEIGHT="37" WC="0.96" CONTENT="Detta"/><SP WIDTH="21" VPOS="1525" HPOS="1315"/>
							<String ID="string_248" HPOS="1336" VPOS="1538" WIDTH="64" HEIGHT="23" WC="0.93" CONTENT="var"/><SP WIDTH="18" VPOS="1538" HPOS="1400"/>
							<String ID="string_249" HPOS="1418" VPOS="1525" WIDTH="398" HEIGHT="49" WC="0.91" CONTENT="krigsrustningarnas"/>
						</TextLine>
						<TextLine ID="line_26" HPOS="220" VPOS="1576" WIDTH="1595" HEIGHT="50">
							<String ID="string_250" HPOS="220" VPOS="1577" WIDTH="67" HEIGHT="47" WC="0.95" CONTENT="tid,"/><SP WIDTH="31" VPOS="1577" HPOS="287"/>
							<String ID="string_251" HPOS="318" VPOS="1577" WIDTH="69" HEIGHT="37" WC="0.97" CONTENT="och"/><SP WIDTH="28" VPOS="1577" HPOS="387"/>
							<String ID="string_252" HPOS="415" VPOS="1578" WIDTH="81" HEIGHT="35" WC="0.96" CONTENT="från"/><SP WIDTH="28" VPOS="1578" HPOS="496"/>
							<String ID="string_253" HPOS="524" VPOS="1590" WIDTH="48" HEIGHT="23" WC="0.96" CONTENT="en"/><SP WIDTH="29" VPOS="1590" HPOS="572"/>
							<String ID="string_254" HPOS="601" VPOS="1577" WIDTH="75" HEIGHT="36" WC="0.96" CONTENT="viss"/><SP WIDTH="21" VPOS="1577" HPOS="676"/>
							<String ID="string_255" HPOS="697" VPOS="1576" WIDTH="198" HEIGHT="50" WC="0.93" CONTENT="synpunkt"/><SP WIDTH="19" VPOS="1576" HPOS="895"/>
							<String ID="string_256" HPOS="914" VPOS="1576" WIDTH="85" HEIGHT="37" WC="0.93" CONTENT="sedt"/><SP WIDTH="20" VPOS="1576" HPOS="999"/>
							<String ID="string_257" HPOS="1019" VPOS="1590" WIDTH="67" HEIGHT="23" WC="0.96" CONTENT="var"/><SP WIDTH="20" VPOS="1590" HPOS="1086"/>
							<String ID="string_258" HPOS="1106" VPOS="1577" WIDTH="62" HEIGHT="36" WC="0.96" CONTENT="det"/><SP WIDTH="16" VPOS="1577" HPOS="1168"/>
							<String ID="string_259" HPOS="1184" VPOS="1577" WIDTH="83" HEIGHT="49" WC="0.96" CONTENT="just"/><SP WIDTH="20" VPOS="1577" HPOS="1267"/>
							<String ID="string_260" HPOS="1287" VPOS="1577" WIDTH="120" HEIGHT="48" WC="0.96" CONTENT="dessa,"/><SP WIDTH="23" VPOS="1577" HPOS="1407"/>
							<String ID="string_261" HPOS="1430" VPOS="1577" WIDTH="96" HEIGHT="36" WC="0.95" CONTENT="ända"/><SP WIDTH="19" VPOS="1577" HPOS="1526"/>
							<String ID="string_262" HPOS="1545" VPOS="1577" WIDTH="57" HEIGHT="36" WC="0.96" CONTENT="till"/><SP WIDTH="19" VPOS="1577" HPOS="1602"/>
							<String ID="string_263" HPOS="1621" VPOS="1582" WIDTH="55" HEIGHT="31" WC="0.93" CONTENT="ett"/><SP WIDTH="19" VPOS="1582" HPOS="1676"/>
							<String ID="string_264" HPOS="1695" VPOS="1577" WIDTH="120" HEIGHT="37" WC="0.92" CONTENT="freds-"/>
						</TextLine>
						<TextLine ID="line_27" HPOS="219" VPOS="1628" WIDTH="1595" HEIGHT="49">
							<String ID="string_265" HPOS="219" VPOS="1629" WIDTH="105" HEIGHT="36" WC="0.96" CONTENT="brott"/><SP WIDTH="33" VPOS="1629" HPOS="324"/>
							<String ID="string_266" HPOS="357" VPOS="1629" WIDTH="69" HEIGHT="36" WC="0.96" CONTENT="och"/><SP WIDTH="25" VPOS="1629" HPOS="426"/>
							<String ID="string_267" HPOS="451" VPOS="1634" WIDTH="102" HEIGHT="31" WC="0.95" CONTENT="ännu"/><SP WIDTH="29" VPOS="1634" HPOS="553"/>
							<String ID="string_268" HPOS="582" VPOS="1629" WIDTH="130" HEIGHT="48" WC="0.96" CONTENT="längre"/><SP WIDTH="29" VPOS="1629" HPOS="712"/>
							<String ID="string_269" HPOS="741" VPOS="1629" WIDTH="247" HEIGHT="48" WC="0.96" CONTENT="uppskjutna,"/><SP WIDTH="29" VPOS="1629" HPOS="988"/>
							<String ID="string_270" HPOS="1017" VPOS="1629" WIDTH="146" HEIGHT="48" WC="0.96" CONTENT="ganska"/><SP WIDTH="29" VPOS="1629" HPOS="1163"/>
							<String ID="string_271" HPOS="1192" VPOS="1628" WIDTH="253" HEIGHT="49" WC="0.95" CONTENT="omständliga"/><SP WIDTH="27" VPOS="1628" HPOS="1445"/>
							<String ID="string_272" HPOS="1472" VPOS="1629" WIDTH="230" HEIGHT="48" WC="0.95" CONTENT="rustningar,"/><SP WIDTH="32" VPOS="1629" HPOS="1702"/>
							<String ID="string_273" HPOS="1734" VPOS="1642" WIDTH="80" HEIGHT="23" WC="0.96" CONTENT="som"/>
						</TextLine>
						<TextLine ID="line_28" HPOS="219" VPOS="1680" WIDTH="959" HEIGHT="49">
							<String ID="string_274" HPOS="219" VPOS="1683" WIDTH="38" HEIGHT="33" WC="0.96" CONTENT="åt"/><SP WIDTH="28" VPOS="1683" HPOS="257"/>
							<String ID="string_275" HPOS="285" VPOS="1680" WIDTH="131" HEIGHT="49" WC="0.93" CONTENT="krigen"/><SP WIDTH="28" VPOS="1680" HPOS="416"/>
							<String ID="string_276" HPOS="444" VPOS="1681" WIDTH="114" HEIGHT="48" WC="0.92" CONTENT="gåfvo"/><SP WIDTH="29" VPOS="1681" HPOS="558"/>
							<String ID="string_277" HPOS="587" VPOS="1680" WIDTH="109" HEIGHT="37" WC="0.96" CONTENT="deras"/><SP WIDTH="29" VPOS="1680" HPOS="696"/>
							<String ID="string_278" HPOS="725" VPOS="1680" WIDTH="240" HEIGHT="49" WC="0.92" CONTENT="långdragna"/><SP WIDTH="27" VPOS="1680" HPOS="965"/>
							<String ID="string_279" HPOS="992" VPOS="1680" WIDTH="186" HEIGHT="37" WC="0.91" CONTENT="karakter."/>
						</TextLine>
					</TextBlock>
					<TextBlock ID="block_3" HPOS="219" VPOS="1731" WIDTH="1599" HEIGHT="409">
						<TextLine ID="line_29" HPOS="350" VPOS="1731" WIDTH="1465" HEIGHT="50">
							<String ID="string_280" HPOS="350" VPOS="1731" WIDTH="69" HEIGHT="37" WC="0.91" CONTENT="Om"/><SP WIDTH="28" VPOS="1731" HPOS="419"/>
							<String ID="string_281" HPOS="447" VPOS="1732" WIDTH="325" HEIGHT="49" WC="0.90" CONTENT="krigsrustningar"/><SP WIDTH="27" VPOS="1732" HPOS="772"/>
							<String ID="string_282" HPOS="799" VPOS="1732" WIDTH="12" HEIGHT="35" WC="0.96" CONTENT="1"/><SP WIDTH="28" VPOS="1732" HPOS="811"/>
							<String ID="string_283" HPOS="839" VPOS="1732" WIDTH="124" HEIGHT="36" WC="0.96" CONTENT="denna"/><SP WIDTH="29" VPOS="1732" HPOS="963"/>
							<String ID="string_284" HPOS="992" VPOS="1732" WIDTH="153" HEIGHT="47" WC="0.95" CONTENT="mening"/><SP WIDTH="30" VPOS="1732" HPOS="1145"/>
							<String ID="string_285" HPOS="1175" VPOS="1731" WIDTH="74" HEIGHT="36" WC="0.96" CONTENT="kan"/><SP WIDTH="30" VPOS="1731" HPOS="1249"/>
							<String ID="string_286" HPOS="1279" VPOS="1745" WIDTH="87" HEIGHT="23" WC="0.96" CONTENT="man"/><SP WIDTH="28" VPOS="1745" HPOS="1366"/>
							<String ID="string_287" HPOS="1394" VPOS="1732" WIDTH="33" HEIGHT="48" WC="0.47" CONTENT="ej"/><SP WIDTH="22" VPOS="1732" HPOS="1427"/>
							<String ID="string_288" HPOS="1449" VPOS="1731" WIDTH="12" HEIGHT="36" WC="0.47" CONTENT="i"/><SP WIDTH="20" VPOS="1731" HPOS="1461"/>
							<String ID="string_289" HPOS="1481" VPOS="1734" WIDTH="90" HEIGHT="34" WC="0.96" CONTENT="våra"/><SP WIDTH="19" VPOS="1734" HPOS="1571"/>
							<String ID="string_290" HPOS="1590" VPOS="1732" WIDTH="117" HEIGHT="48" WC="0.93" CONTENT="dagar"/><SP WIDTH="19" VPOS="1732" HPOS="1707"/>
							<String ID="string_291" HPOS="1726" VPOS="1731" WIDTH="89" HEIGHT="48" WC="0.95" CONTENT="tala,"/>
						</TextLine>
						<TextLine ID="line_30" HPOS="219" VPOS="1783" WIDTH="1596" HEIGHT="49">
							<String ID="string_292" HPOS="219" VPOS="1789" WIDTH="90" HEIGHT="30" WC="0.94" CONTENT="utan"/><SP WIDTH="42" VPOS="1789" HPOS="309"/>
							<String ID="string_293" HPOS="351" VPOS="1783" WIDTH="56" HEIGHT="36" WC="0.94" CONTENT="lär"/><SP WIDTH="41" VPOS="1783" HPOS="407"/>
							<String ID="string_294" HPOS="448" VPOS="1783" WIDTH="257" HEIGHT="37" WC="0.96" CONTENT="erfarenheten"/><SP WIDTH="45" VPOS="1783" HPOS="705"/>
							<String ID="string_295" HPOS="750" VPOS="1783" WIDTH="85" HEIGHT="36" WC="0.96" CONTENT="från"/><SP WIDTH="38" VPOS="1783" HPOS="835"/>
							<String ID="string_296" HPOS="873" VPOS="1796" WIDTH="133" HEIGHT="23" WC="0.95" CONTENT="senare"/><SP WIDTH="28" VPOS="1796" HPOS="1006"/>
							<String ID="string_297" HPOS="1034" VPOS="1783" WIDTH="125" HEIGHT="36" WC="0.96" CONTENT="tidens"/><SP WIDTH="28" VPOS="1783" HPOS="1159"/>
							<String ID="string_298" HPOS="1187" VPOS="1783" WIDTH="169" HEIGHT="48" WC="0.96" CONTENT="historia,"/><SP WIDTH="31" VPOS="1783" HPOS="1356"/>
							<String ID="string_299" HPOS="1387" VPOS="1788" WIDTH="54" HEIGHT="31" WC="0.96" CONTENT="att"/><SP WIDTH="28" VPOS="1788" HPOS="1441"/>
							<String ID="string_300" HPOS="1469" VPOS="1783" WIDTH="45" HEIGHT="37" WC="0.96" CONTENT="de"/><SP WIDTH="29" VPOS="1783" HPOS="1514"/>
							<String ID="string_301" HPOS="1543" VPOS="1783" WIDTH="119" HEIGHT="36" WC="0.93" CONTENT="första"/><SP WIDTH="27" VPOS="1783" HPOS="1662"/>
							<String ID="string_302" HPOS="1689" VPOS="1783" WIDTH="126" HEIGHT="49" WC="0.92" CONTENT="krigs-"/>
						</TextLine>
						<TextLine ID="line_31" HPOS="221" VPOS="1834" WIDTH="1595" HEIGHT="50">
							<String ID="string_303" HPOS="221" VPOS="1835" WIDTH="248" HEIGHT="37" WC="0.92" CONTENT="händelserna"/><SP WIDTH="41" VPOS="1835" HPOS="469"/>
							<String ID="string_304" HPOS="510" VPOS="1835" WIDTH="114" HEIGHT="49" WC="0.92" CONTENT="pläga"/><SP WIDTH="43" VPOS="1835" HPOS="624"/>
							<String ID="string_305" HPOS="667" VPOS="1835" WIDTH="90" HEIGHT="49" WC="0.96" CONTENT="följa"/><SP WIDTH="35" VPOS="1835" HPOS="757"/>
							<String ID="string_306" HPOS="792" VPOS="1837" WIDTH="40" HEIGHT="34" WC="0.95" CONTENT="så"/><SP WIDTH="34" VPOS="1837" HPOS="832"/>
							<String ID="string_307" HPOS="866" VPOS="1834" WIDTH="137" HEIGHT="37" WC="0.96" CONTENT="snabbt"/><SP WIDTH="24" VPOS="1834" HPOS="1003"/>
							<String ID="string_308" HPOS="1027" VPOS="1837" WIDTH="48" HEIGHT="46" WC="0.91" CONTENT="på"/><SP WIDTH="29" VPOS="1837" HPOS="1075"/>
							<String ID="string_309" HPOS="1104" VPOS="1834" WIDTH="257" HEIGHT="48" WC="0.91" CONTENT="fredsbrottet,"/><SP WIDTH="30" VPOS="1834" HPOS="1361"/>
							<String ID="string_310" HPOS="1391" VPOS="1840" WIDTH="56" HEIGHT="32" WC="0.96" CONTENT="att"/><SP WIDTH="28" VPOS="1840" HPOS="1447"/>
							<String ID="string_311" HPOS="1475" VPOS="1835" WIDTH="63" HEIGHT="36" WC="0.97" CONTENT="det"/><SP WIDTH="27" VPOS="1835" HPOS="1538"/>
							<String ID="string_312" HPOS="1565" VPOS="1834" WIDTH="99" HEIGHT="48" WC="0.96" CONTENT="land,"/><SP WIDTH="31" VPOS="1834" HPOS="1664"/>
							<String ID="string_313" HPOS="1695" VPOS="1848" WIDTH="80" HEIGHT="23" WC="0.96" CONTENT="som"/><SP WIDTH="30" VPOS="1848" HPOS="1775"/>
							<String ID="string_314" HPOS="1805" VPOS="1835" WIDTH="11" HEIGHT="36" WC="0.96" CONTENT="i"/>
						</TextLine>
						<TextLine ID="line_32" HPOS="219" VPOS="1860" WIDTH="1598" HEIGHT="91">
							<String ID="string_315" HPOS="219" VPOS="1887" WIDTH="107" HEIGHT="48" WC="0.96" CONTENT="fråga"/><SP WIDTH="41" VPOS="1887" HPOS="326"/>
							<String ID="string_316" HPOS="367" VPOS="1900" WIDTH="59" HEIGHT="23" WC="0.95" CONTENT="om"/><SP WIDTH="44" VPOS="1900" HPOS="426"/>
							<String ID="string_317" HPOS="470" VPOS="1893" WIDTH="54" HEIGHT="31" WC="0.85" CONTENT="ett"/><SP WIDTH="42" VPOS="1893" HPOS="524"/>
							<String ID="string_318" HPOS="566" VPOS="1887" WIDTH="135" HEIGHT="36" WC="0.85" CONTENT="anfalls"/><SP WIDTH="44" VPOS="1887" HPOS="701"/>
							<String ID="string_319" HPOS="745" VPOS="1886" WIDTH="217" HEIGHT="65" WC="0.91" CONTENT="afvärjande"/><SP WIDTH="42" VPOS="1886" HPOS="962"/>
							<String ID="string_320" HPOS="1004" VPOS="1887" WIDTH="35" HEIGHT="47" WC="0.96" CONTENT="ej"/><SP WIDTH="43" VPOS="1887" HPOS="1039"/>
							<String ID="string_321" HPOS="1082" VPOS="1887" WIDTH="115" HEIGHT="36" WC="0.96" CONTENT="redan"/><SP WIDTH="34" VPOS="1887" HPOS="1197"/>
							<String ID="string_322" HPOS="1231" VPOS="1860" WIDTH="230" HEIGHT="80" WC="0.91" CONTENT="undangjort"/><SP WIDTH="30" VPOS="1860" HPOS="1461"/>
							<String ID="string_323" HPOS="1491" VPOS="1886" WIDTH="82" HEIGHT="37" WC="0.96" CONTENT="sina"/><SP WIDTH="26" VPOS="1886" HPOS="1573"/>
							<String ID="string_324" HPOS="1599" VPOS="1864" WIDTH="218" HEIGHT="85" WC="0.95" CONTENT="rustningar"/>
						</TextLine>
						<TextLine ID="line_33" HPOS="220" VPOS="1938" WIDTH="1598" HEIGHT="49">
							<String ID="string_325" HPOS="220" VPOS="1938" WIDTH="92" HEIGHT="37" WC="0.96" CONTENT="eller"/><SP WIDTH="41" VPOS="1938" HPOS="312"/>
							<String ID="string_326" HPOS="353" VPOS="1939" WIDTH="32" HEIGHT="47" WC="0.96" CONTENT="ej"/><SP WIDTH="43" VPOS="1939" HPOS="385"/>
							<String ID="string_327" HPOS="428" VPOS="1939" WIDTH="117" HEIGHT="36" WC="0.96" CONTENT="redan"/><SP WIDTH="29" VPOS="1939" HPOS="545"/>
							<String ID="string_328" HPOS="574" VPOS="1939" WIDTH="11" HEIGHT="35" WC="0.96" CONTENT="i"/><SP WIDTH="29" VPOS="1939" HPOS="585"/>
							<String ID="string_329" HPOS="614" VPOS="1939" WIDTH="79" HEIGHT="36" WC="0.96" CONTENT="fred"/><SP WIDTH="29" VPOS="1939" HPOS="693"/>
							<String ID="string_330" HPOS="722" VPOS="1938" WIDTH="12" HEIGHT="36" WC="0.96" CONTENT="i"/><SP WIDTH="30" VPOS="1938" HPOS="734"/>
							<String ID="string_331" HPOS="764" VPOS="1939" WIDTH="77" HEIGHT="35" WC="0.96" CONTENT="viss"/><SP WIDTH="42" VPOS="1939" HPOS="841"/>
							<String ID="string_332" HPOS="883" VPOS="1941" WIDTH="85" HEIGHT="33" WC="0.88" CONTENT="mån"/><SP WIDTH="42" VPOS="1941" HPOS="968"/>
							<String ID="string_333" HPOS="1010" VPOS="1938" WIDTH="117" HEIGHT="36" WC="0.88" CONTENT="lefver"/><SP WIDTH="26" VPOS="1938" HPOS="1127"/>
							<String ID="string_334" HPOS="1153" VPOS="1938" WIDTH="159" HEIGHT="48" WC="0.92" CONTENT="rustadt,"/><SP WIDTH="29" VPOS="1938" HPOS="1312"/>
							<String ID="string_335" HPOS="1341" VPOS="1939" WIDTH="221" HEIGHT="48" WC="0.96" CONTENT="härigenom"/><SP WIDTH="29" VPOS="1939" HPOS="1562"/>
							<String ID="string_336" HPOS="1591" VPOS="1938" WIDTH="158" HEIGHT="37" WC="0.96" CONTENT="faktiskt"/><SP WIDTH="28" VPOS="1938" HPOS="1749"/>
							<String ID="string_337" HPOS="1777" VPOS="1943" WIDTH="41" HEIGHT="32" WC="0.96" CONTENT="är"/>
						</TextLine>
						<TextLine ID="line_34" HPOS="219" VPOS="1986" WIDTH="1596" HEIGHT="72">
							<String ID="string_338" HPOS="219" VPOS="1993" WIDTH="41" HEIGHT="32" WC="0.93" CONTENT="så"/><SP WIDTH="43" VPOS="1993" HPOS="260"/>
							<String ID="string_339" HPOS="303" VPOS="1990" WIDTH="244" HEIGHT="49" WC="0.85" CONTENT="underlägset"/><SP WIDTH="29" VPOS="1990" HPOS="547"/>
							<String ID="string_340" HPOS="576" VPOS="1990" WIDTH="8" HEIGHT="35" WC="0.93" CONTENT="i"/><SP WIDTH="31" VPOS="1990" HPOS="584"/>
							<String ID="string_341" HPOS="615" VPOS="1990" WIDTH="281" HEIGHT="37" WC="0.90" CONTENT="försvarskraft,"/><SP WIDTH="31" VPOS="1990" HPOS="896"/>
							<String ID="string_342" HPOS="927" VPOS="1995" WIDTH="55" HEIGHT="30" WC="0.95" CONTENT="att"/><SP WIDTH="28" VPOS="1995" HPOS="982"/>
							<String ID="string_343" HPOS="1010" VPOS="1990" WIDTH="178" HEIGHT="48" WC="0.96" CONTENT="vanligen"/><SP WIDTH="28" VPOS="1990" HPOS="1188"/>
							<String ID="string_344" HPOS="1216" VPOS="1990" WIDTH="117" HEIGHT="48" WC="0.96" CONTENT="ingen"/><SP WIDTH="29" VPOS="1990" HPOS="1333"/>
							<String ID="string_345" HPOS="1362" VPOS="1968" WIDTH="84" HEIGHT="59" WC="0.96" CONTENT="bot"/><SP WIDTH="8" VPOS="1968" HPOS="1446"/>
							<String ID="string_346" HPOS="1454" VPOS="1995" WIDTH="41" HEIGHT="31" WC="0.96" CONTENT="är"/><SP WIDTH="29" VPOS="1995" HPOS="1495"/>
							<String ID="string_347" HPOS="1524" VPOS="1986" WIDTH="142" HEIGHT="72" WC="0.94" CONTENT="möjlig."/><SP WIDTH="58" VPOS="1986" HPOS="1666"/>
							<String ID="string_348" HPOS="1724" VPOS="1990" WIDTH="91" HEIGHT="47" WC="0.95" CONTENT="Allt,"/>
						</TextLine>
						<TextLine ID="line_35" HPOS="219" VPOS="2015" WIDTH="1597" HEIGHT="80">
							<String ID="string_349" HPOS="219" VPOS="2055" WIDTH="79" HEIGHT="22" WC="0.96" CONTENT="som"/><SP WIDTH="33" VPOS="2055" HPOS="298"/>
							<String ID="string_350" HPOS="331" VPOS="2042" WIDTH="117" HEIGHT="35" WC="0.96" CONTENT="under"/><SP WIDTH="14" VPOS="2042" HPOS="448"/>
							<String ID="string_351" HPOS="462" VPOS="2020" WIDTH="96" HEIGHT="58" WC="0.96" CONTENT="fred"/><SP WIDTH="28" VPOS="2020" HPOS="558"/>
							<String ID="string_352" HPOS="586" VPOS="2042" WIDTH="73" HEIGHT="36" WC="0.96" CONTENT="kan"/><SP WIDTH="30" VPOS="2042" HPOS="659"/>
							<String ID="string_353" HPOS="689" VPOS="2030" WIDTH="228" HEIGHT="54" WC="0.96" CONTENT="förberedas,"/><SP WIDTH="27" VPOS="2030" HPOS="917"/>
							<String ID="string_354" HPOS="944" VPOS="2044" WIDTH="119" HEIGHT="33" WC="0.96" CONTENT="måste"/><SP WIDTH="28" VPOS="2044" HPOS="1063"/>
							<String ID="string_355" HPOS="1091" VPOS="2055" WIDTH="88" HEIGHT="22" WC="0.96" CONTENT="vara"/><SP WIDTH="29" VPOS="2055" HPOS="1179"/>
							<String ID="string_356" HPOS="1208" VPOS="2015" WIDTH="204" HEIGHT="80" WC="0.92" CONTENT="förberedt,"/><SP WIDTH="32" VPOS="2015" HPOS="1412"/>
							<String ID="string_357" HPOS="1444" VPOS="2042" WIDTH="70" HEIGHT="36" WC="0.96" CONTENT="och"/><SP WIDTH="28" VPOS="2042" HPOS="1514"/>
							<String ID="string_358" HPOS="1542" VPOS="2045" WIDTH="47" HEIGHT="45" WC="0.96" CONTENT="på"/><SP WIDTH="21" VPOS="2045" HPOS="1589"/>
							<String ID="string_359" HPOS="1610" VPOS="2042" WIDTH="74" HEIGHT="36" WC="0.96" CONTENT="den"/><SP WIDTH="19" VPOS="2042" HPOS="1684"/>
							<String ID="string_360" HPOS="1703" VPOS="2019" WIDTH="113" HEIGHT="59" WC="0.96" CONTENT="korta"/>
						</TextLine>
						<TextLine ID="line_36" HPOS="220" VPOS="2089" WIDTH="1595" HEIGHT="71">
							<String ID="string_361" HPOS="220" VPOS="2093" WIDTH="420" HEIGHT="48" WC="0.89" CONTENT="mobilisoringsordern"/><SP WIDTH="44" VPOS="2093" HPOS="640"/>
							<String ID="string_362" HPOS="684" VPOS="2093" WIDTH="83" HEIGHT="35" WC="0.80" CONTENT="från"/><SP WIDTH="37" VPOS="2093" HPOS="767"/>
							<String ID="string_363" HPOS="804" VPOS="2089" WIDTH="139" HEIGHT="71" WC="0.96" CONTENT="högsta"/><SP WIDTH="28" VPOS="2089" HPOS="943"/>
							<String ID="string_364" HPOS="971" VPOS="2099" WIDTH="58" HEIGHT="29" WC="0.96" CONTENT="ort"/><SP WIDTH="30" VPOS="2099" HPOS="1029"/>
							<String ID="string_365" HPOS="1059" VPOS="2096" WIDTH="119" HEIGHT="32" WC="0.96" CONTENT="måste"/><SP WIDTH="30" VPOS="2096" HPOS="1178"/>
							<String ID="string_366" HPOS="1208" VPOS="2098" WIDTH="120" HEIGHT="31" WC="0.95" CONTENT="sättas"/><SP WIDTH="28" VPOS="2098" HPOS="1328"/>
							<String ID="string_367" HPOS="1356" VPOS="2093" WIDTH="11" HEIGHT="35" WC="0.95" CONTENT="i"/><SP WIDTH="27" VPOS="2093" HPOS="1367"/>
							<String ID="string_368" HPOS="1394" VPOS="2096" WIDTH="106" HEIGHT="44" WC="0.95" CONTENT="gång"/><SP WIDTH="28" VPOS="2096" HPOS="1500"/>
							<String ID="string_369" HPOS="1528" VPOS="2098" WIDTH="53" HEIGHT="30" WC="0.96" CONTENT="ett"/><SP WIDTH="28" VPOS="2098" HPOS="1581"/>
							<String ID="string_370" HPOS="1609" VPOS="2093" WIDTH="206" HEIGHT="36" WC="0.96" CONTENT="maskineri"/>
						</TextLine>
					</TextBlock>
					<TextBlock ID="block_4" HPOS="219" VPOS="2121" WIDTH="1597" HEIGHT="122">
						<TextLine ID="line_37" HPOS="220" VPOS="2121" WIDTH="1596" HEIGHT="71">
							<String ID="string_371" HPOS="220" VPOS="2148" WIDTH="42" HEIGHT="31" WC="0.96" CONTENT="så"/><SP WIDTH="29" VPOS="2148" HPOS="262"/>
							<String ID="string_372" HPOS="291" VPOS="2144" WIDTH="60" HEIGHT="35" WC="0.93" CONTENT="väl"/><SP WIDTH="29" VPOS="2144" HPOS="351"/>
							<String ID="string_373" HPOS="380" VPOS="2124" WIDTH="210" HEIGHT="56" WC="0.86" CONTENT="konstruer:"/><SP WIDTH="-5" VPOS="2124" HPOS="590"/>
							<String ID="string_374" HPOS="585" VPOS="2144" WIDTH="73" HEIGHT="46" WC="0.90" CONTENT="adt,"/><SP WIDTH="31" VPOS="2144" HPOS="658"/>
							<String ID="string_375" HPOS="689" VPOS="2149" WIDTH="56" HEIGHT="31" WC="0.93" CONTENT="att"/><SP WIDTH="29" VPOS="2149" HPOS="745"/>
							<String ID="string_376" HPOS="774" VPOS="2144" WIDTH="264" HEIGHT="48" WC="0.90" CONTENT="öfvergången"/><SP WIDTH="29" VPOS="2144" HPOS="1038"/>
							<String ID="string_377" HPOS="1067" VPOS="2144" WIDTH="84" HEIGHT="35" WC="0.90" CONTENT="från"/><SP WIDTH="29" VPOS="2144" HPOS="1151"/>
							<String ID="string_378" HPOS="1180" VPOS="2144" WIDTH="157" HEIGHT="36" WC="0.90" CONTENT="fredsfot"/><SP WIDTH="29" VPOS="2144" HPOS="1337"/>
							<String ID="string_379" HPOS="1366" VPOS="2122" WIDTH="56" HEIGHT="57" WC="0.95" CONTENT="till"/><SP WIDTH="20" VPOS="2122" HPOS="1422"/>
							<String ID="string_380" HPOS="1442" VPOS="2121" WIDTH="164" HEIGHT="71" WC="0.91" CONTENT="krigsfot"/><SP WIDTH="20" VPOS="2121" HPOS="1606"/>
							<String ID="string_381" HPOS="1626" VPOS="2143" WIDTH="129" HEIGHT="49" WC="0.74" CONTENT="följer,"/><SP WIDTH="21" VPOS="2143" HPOS="1755"/>
							<String ID="string_382" HPOS="1776" VPOS="2147" WIDTH="40" HEIGHT="33" WC="0.96" CONTENT="så"/>
						</TextLine>
						<TextLine ID="line_38" HPOS="219" VPOS="2172" WIDTH="1229" HEIGHT="71">
							<String ID="string_383" HPOS="219" VPOS="2200" WIDTH="54" HEIGHT="31" WC="0.96" CONTENT="att"/><SP WIDTH="28" VPOS="2200" HPOS="273"/>
							<String ID="string_384" HPOS="301" VPOS="2200" WIDTH="104" HEIGHT="42" WC="0.96" CONTENT="säga,"/><SP WIDTH="30" VPOS="2200" HPOS="405"/>
							<String ID="string_385" HPOS="435" VPOS="2197" WIDTH="41" HEIGHT="35" WC="0.96" CONTENT="af"/><SP WIDTH="24" VPOS="2197" HPOS="476"/>
							<String ID="string_386" HPOS="500" VPOS="2196" WIDTH="60" HEIGHT="47" WC="0.96" CONTENT="sig"/><SP WIDTH="28" VPOS="2196" HPOS="560"/>
							<String ID="string_387" HPOS="588" VPOS="2195" WIDTH="90" HEIGHT="49" WC="0.95" CONTENT="sjelf"/><SP WIDTH="25" VPOS="2195" HPOS="678"/>
							<String ID="string_388" HPOS="703" VPOS="2195" WIDTH="69" HEIGHT="36" WC="0.96" CONTENT="och"/><SP WIDTH="28" VPOS="2195" HPOS="772"/>
							<String ID="string_389" HPOS="800" VPOS="2173" WIDTH="120" HEIGHT="58" WC="0.96" CONTENT="tillika"/><SP WIDTH="29" VPOS="2173" HPOS="920"/>
							<String ID="string_390" HPOS="949" VPOS="2172" WIDTH="49" HEIGHT="71" WC="0.96" CONTENT="på"/><SP WIDTH="28" VPOS="2172" HPOS="998"/>
							<String ID="string_391" HPOS="1026" VPOS="2194" WIDTH="143" HEIGHT="37" WC="0.96" CONTENT="kortast"/><SP WIDTH="29" VPOS="2194" HPOS="1169"/>
							<String ID="string_392" HPOS="1198" VPOS="2195" WIDTH="158" HEIGHT="48" WC="0.96" CONTENT="möjliga"/><SP WIDTH="27" VPOS="2195" HPOS="1356"/>
							<String ID="string_393" HPOS="1383" VPOS="2195" WIDTH="65" HEIGHT="36" WC="0.96" CONTENT="tid."/>
						</TextLine>
					</TextBlock>
					<TextBlock ID="block_5" HPOS="219" VPOS="2224" WIDTH="1596" HEIGHT="123">
						<TextLine ID="line_39" HPOS="348" VPOS="2224" WIDTH="1467" HEIGHT="70">
							<String ID="string_394" HPOS="348" VPOS="2247" WIDTH="73" HEIGHT="36" WC="0.96" CONTENT="Det"/><SP WIDTH="41" VPOS="2247" HPOS="421"/>
							<String ID="string_395" HPOS="462" VPOS="2224" WIDTH="123" HEIGHT="70" WC="0.96" CONTENT="ligger"/><SP WIDTH="27" VPOS="2224" HPOS="585"/>
							<String ID="string_396" HPOS="612" VPOS="2247" WIDTH="11" HEIGHT="35" WC="0.96" CONTENT="i"/><SP WIDTH="29" VPOS="2247" HPOS="623"/>
							<String ID="string_397" HPOS="652" VPOS="2246" WIDTH="137" HEIGHT="37" WC="0.96" CONTENT="sakens"/><SP WIDTH="41" VPOS="2246" HPOS="789"/>
							<String ID="string_398" HPOS="830" VPOS="2252" WIDTH="123" HEIGHT="40" WC="0.96" CONTENT="natur,"/><SP WIDTH="44" VPOS="2252" HPOS="953"/>
							<String ID="string_399" HPOS="997" VPOS="2251" WIDTH="65" HEIGHT="42" WC="0.95" CONTENT="att,"/><SP WIDTH="29" VPOS="2251" HPOS="1062"/>
							<String ID="string_400" HPOS="1091" VPOS="2251" WIDTH="67" HEIGHT="31" WC="0.93" CONTENT="när"/><SP WIDTH="32" VPOS="2251" HPOS="1158"/>
							<String ID="string_401" HPOS="1190" VPOS="2246" WIDTH="212" HEIGHT="48" WC="0.90" CONTENT="tidsfrågan"/><SP WIDTH="29" VPOS="2246" HPOS="1402"/>
							<String ID="string_402" HPOS="1431" VPOS="2251" WIDTH="41" HEIGHT="31" WC="0.96" CONTENT="är"/><SP WIDTH="29" VPOS="2251" HPOS="1472"/>
							<String ID="string_403" HPOS="1501" VPOS="2247" WIDTH="41" HEIGHT="36" WC="0.96" CONTENT="af"/><SP WIDTH="25" VPOS="2247" HPOS="1542"/>
							<String ID="string_404" HPOS="1567" VPOS="2249" WIDTH="40" HEIGHT="33" WC="0.96" CONTENT="så"/><SP WIDTH="29" VPOS="2249" HPOS="1607"/>
							<String ID="string_405" HPOS="1636" VPOS="2251" WIDTH="78" HEIGHT="31" WC="0.93" CONTENT="stor"/><SP WIDTH="29" VPOS="2251" HPOS="1714"/>
							<String ID="string_406" HPOS="1743" VPOS="2246" WIDTH="72" HEIGHT="37" WC="0.92" CONTENT="be-"/>
						</TextLine>
						<TextLine ID="line_40" HPOS="219" VPOS="2297" WIDTH="1595" HEIGHT="50">
							<String ID="string_407" HPOS="219" VPOS="2298" WIDTH="146" HEIGHT="49" WC="0.92" CONTENT="tydelse"/><SP WIDTH="42" VPOS="2298" HPOS="365"/>
							<String ID="string_408" HPOS="407" VPOS="2300" WIDTH="68" HEIGHT="36" WC="0.96" CONTENT="och"/><SP WIDTH="36" VPOS="2300" HPOS="475"/>
							<String ID="string_409" HPOS="511" VPOS="2298" WIDTH="46" HEIGHT="36" WC="0.96" CONTENT="då"/><SP WIDTH="28" VPOS="2298" HPOS="557"/>
							<String ID="string_410" HPOS="585" VPOS="2298" WIDTH="119" HEIGHT="36" WC="0.96" CONTENT="under"/><SP WIDTH="29" VPOS="2298" HPOS="704"/>
							<String ID="string_411" HPOS="733" VPOS="2312" WIDTH="46" HEIGHT="23" WC="0.96" CONTENT="en"/><SP WIDTH="32" VPOS="2312" HPOS="779"/>
							<String ID="string_412" HPOS="811" VPOS="2299" WIDTH="81" HEIGHT="35" WC="0.95" CONTENT="kort"/><SP WIDTH="29" VPOS="2299" HPOS="892"/>
							<String ID="string_413" HPOS="921" VPOS="2297" WIDTH="53" HEIGHT="36" WC="0.96" CONTENT="tid"/><SP WIDTH="30" VPOS="2297" HPOS="974"/>
							<String ID="string_414" HPOS="1004" VPOS="2275" WIDTH="58" HEIGHT="58" WC="0.96" CONTENT="ett"/><SP WIDTH="24" VPOS="2275" HPOS="1062"/>
							<String ID="string_415" HPOS="1086" VPOS="2301" WIDTH="40" HEIGHT="32" WC="0.96" CONTENT="så"/><SP WIDTH="28" VPOS="2301" HPOS="1126"/>
							<String ID="string_416" HPOS="1154" VPOS="2304" WIDTH="96" HEIGHT="29" WC="0.96" CONTENT="stort"/><SP WIDTH="30" VPOS="2304" HPOS="1250"/>
							<String ID="string_417" HPOS="1280" VPOS="2299" WIDTH="126" HEIGHT="35" WC="0.96" CONTENT="arbete"/><SP WIDTH="29" VPOS="2299" HPOS="1406"/>
							<String ID="string_418" HPOS="1435" VPOS="2298" WIDTH="96" HEIGHT="36" WC="0.96" CONTENT="skall"/><SP WIDTH="27" VPOS="2298" HPOS="1531"/>
							<String ID="string_419" HPOS="1558" VPOS="2298" WIDTH="144" HEIGHT="37" WC="0.96" CONTENT="utföras"/><SP WIDTH="30" VPOS="2298" HPOS="1702"/>
							<String ID="string_420" HPOS="1732" VPOS="2311" WIDTH="82" HEIGHT="24" WC="0.96" CONTENT="som"/>
						</TextLine>
					</TextBlock>
				</ComposedBlock>
			</PrintSpace>
		</Page>
	</Layout>
</alto>
