1940 2836
331 169 18 30 8
687 168 113 30 Första
816 166 218 38 lagutskottets
1049 164 160 33 utlåtande
1226 174 37 21 nr
1283 164 12 30 I
1316 163 35 31 år
1390 163 65 31 1970

325 250 222 40 länsstyrelsen
573 250 11 31 i
611 249 247 32 Västmanlands
885 248 53 31 län
966 252 81 27 samt
1073 245 335 37 lantbruksnämnden,
1437 238 371 45 länsbostadsnämnden,

369 304 422 41 länsnykterhetsnämnden,
809 301 346 37 länsarbetsnämnden,
1175 298 351 42 skogsvårdsstyrelsen,
1546 295 264 42 vägförvaltning-

370 369 49 29 en,
438 359 255 37 länsarkitekten,
712 357 304 32 länsskolnämnden
1033 357 61 31 och
1112 355 287 32 överlantmätaren
1416 353 10 31 i
1443 352 139 32 nämnda
1600 352 62 37 län,

325 413 348 32 distriktslantmätaren
693 413 9 31 i
720 412 151 32 Västerås
891 411 132 37 distrikt,

326 467 424 41 kronofogdemyndigheten
766 466 10 31 i
792 465 150 32 Västerås
960 464 132 38 distrikt,

328 521 255 41 hyresnämnden
598 522 50 31 för
663 520 267 32 Södermanlands
946 520 62 31 och
1022 518 248 33 Västmanlands
1285 518 63 36 län,

329 576 210 40 domkapitlet
552 576 61 31 och
626 575 244 32 stiftsnämnden
884 576 10 31 i
907 573 150 33 Västerås
1072 574 65 31 stift
1150 578 82 27 samt

327 630 337 32 länsarbetsnämnden
680 630 10 30 i
707 629 200 31 Stockholms
925 629 52 30 län
995 628 23 37 (i
1035 627 83 31 vissa
1135 626 226 37 hänseenden).

327 775 301 39 Ställföreträdande
644 775 50 31 JO
712 775 179 37 Thyresson
908 774 56 31 har
981 773 101 31 under
1099 772 33 32 år
1152 772 82 31 1969
1253 770 191 42 inspekterat

330 847 393 40 övervakningsnämnden
739 848 10 31 i
765 845 134 38 Örebro,

330 900 330 41 skyddskonsulenten
675 902 10 30 i
702 899 123 32 Örebro
841 899 134 37 distrikt,

329 974 200 31 Stockholms
553 973 179 32 rådhusrätt
757 973 122 38 (andra,
903 972 106 36 femte,
1036 971 137 37 åttonde,
1199 970 126 37 nionde,
1351 968 117 38 tionde,
1494 968 73 31 elfte
1590 968 36 37 E,
1652 966 161 36 sextonde,

375 1028 183 37 adertonde,
577 1027 161 40 tjugonde,
757 1026 189 41 tjugoandra
962 1026 62 30 och
1042 1025 189 40 tjugofjärde
1250 1023 257 40 avdelningarna)
1528 1027 81 26 samt

332 1080 230 33 Västernärkes
578 1081 162 40 domsaga.

374 1155 15 30 I
406 1154 84 32 vissa
506 1154 57 31 fall
579 1154 58 31 har
654 1153 277 32 ombudsmännen
949 1152 52 31 vid
1021 1152 67 31 sina
1106 1151 284 40 inspektionsresor
1408 1149 117 40 jämväl
1543 1148 113 32 besökt
1674 1146 142 41 myndig-

330 1209 96 37 heter,
445 1218 71 21 vars
534 1208 103 40 tillsyn
655 1207 176 32 ankommit
847 1207 42 41 på
906 1216 105 22 annan
1028 1206 214 31 ombudsman
1259 1206 40 30 än
1317 1204 62 32 den
1396 1202 250 41 inspekterande.

374 1280 64 31 Vid
460 1280 257 40 inspektionerna
740 1289 38 21 av
799 1278 233 41 truppförband
1053 1278 62 31 och
1137 1277 100 31 andra
1258 1276 136 32 militära
1416 1275 128 31 enheter
1565 1275 58 30 har
1644 1273 173 41 uppmärk-

330 1335 122 31 samhet
471 1334 10 31 i
499 1334 99 31 likhet
615 1334 75 31 med
708 1333 131 40 tidigare
860 1333 33 31 år
912 1332 125 32 särskilt
1057 1334 109 38 ägnats
1185 1330 206 37 rättsvården,
1412 1328 263 33 beskaffenheten
1694 1338 39 21 av
1752 1327 64 32 för-

329 1388 177 40 läggnings-
529 1388 62 30 och
614 1387 225 31 fritidslokaler
861 1387 51 30 för
936 1386 40 32 de
999 1385 218 41 värnpliktiga,
1243 1383 247 40 mathållningen
1514 1383 62 31 och
1599 1380 218 43 personalvår-

330 1442 71 31 den.
420 1442 107 31 Besök
544 1441 58 31 har
620 1442 118 39 avlagts
756 1441 43 40 på
816 1440 263 31 militärhäktena.
1098 1438 244 40 Granskningen
1361 1448 39 21 av
1418 1438 39 31 de
1475 1437 158 40 judiciella
1651 1435 166 40 handling-

330 1505 77 22 arna
430 1496 59 31 har
512 1496 146 31 omfattat
682 1494 397 42 disciplinmålsprotokoll,
1106 1491 503 41 tillrättavisningsförteckningar
1633 1491 61 30 och
1719 1490 99 31 andra

330 1550 187 40 handlingar
536 1559 70 22 som
624 1549 57 31 har
701 1549 156 31 avseende
877 1549 18 31 å
914 1549 62 31 den
994 1548 136 31 militära
1149 1547 104 31 straff-
1273 1547 62 31 och
1353 1545 364 41 processlagstiftningen
1737 1547 81 28 samt

331 1604 104 31 därtill
455 1604 199 39 anknytande
675 1603 205 32 föreskrifter.
902 1603 51 30 De
971 1602 209 40 värnpliktiga
1200 1601 219 32 ledamöterna
1438 1600 10 31 i
1467 1598 351 33 förbandsnämnderna

331 1658 57 31 har
408 1658 115 32 beretts
544 1657 121 32 tillfälle
687 1662 44 26 att
750 1657 154 31 framföra
925 1657 193 40 synpunkter
1138 1656 152 39 varjämte
1311 1653 225 42 upplysningar
1557 1653 169 31 inhämtats
1747 1652 71 32 från

332 1712 447 40 personalvårdskonsulenter
796 1711 62 31 och
873 1711 204 31 -assistenter.

378 1765 244 40 Granskningen
641 1775 39 21 av
698 1765 171 31 försvarets
890 1764 226 32 arrestantkort
1136 1764 57 31 har
1212 1763 100 31 under
1333 1763 34 31 år
1391 1762 83 32 1969
1496 1761 147 31 omfattat
1663 1770 157 22 samman-

332 1820 64 39 lagt
413 1819 147 40 omkring
577 1820 20 30 2
612 1820 64 30 800
695 1820 80 30 kort.
795 1819 72 30 Den
884 1819 57 31 har
960 1819 75 40 givit
1051 1818 132 40 upphov
1200 1818 45 30 till
1264 1817 18 31 5
1303 1816 153 31 särskilda
1475 1815 281 31 initiativärenden.

379 1871 326 33 Ämbetsberättelsen
729 1872 173 31 innehåller
924 1882 40 21 en
988 1871 199 40 redogörelse
1210 1871 50 31 för
1285 1869 138 32 ärenden
1448 1879 38 21 av
1510 1878 88 21 mera
1622 1868 129 31 allmänt
1775 1867 46 31 in-

335 1931 106 27 tresse.
460 1927 14 31 I
492 1926 154 32 särskilda
662 1926 53 31 vid
730 1926 190 32 berättelsen
935 1926 117 40 fogade
1068 1925 122 40 bilagor
1206 1925 58 31 har
1280 1923 159 41 upptagits
1456 1923 68 31 dels
1542 1921 280 40 arbetsordningen

334 1980 51 31 för
401 1980 184 40 riksdagens
603 1980 439 40 ombudsmannaexpedition
1061 1979 66 38 (bil.
1145 1980 42 36 1),
1206 1978 68 31 dels
1291 1988 40 21 en
1349 1977 200 39 redogörelse
1566 1976 51 31 för
1634 1975 188 41 justitieom-

335 2033 237 32 budsmännens
596 2034 62 31 och
682 2034 90 31 deras
797 2033 281 32 ställföreträdares
1102 2032 207 41 tjänstgöring
1333 2036 82 26 samt
1438 2031 51 30 för
1513 2028 309 42 personalorganisa-

335 2088 109 31 tionen
464 2088 66 37 (bil.
545 2088 45 37 2),
611 2088 68 31 dels
698 2098 39 21 en
755 2087 200 40 förteckning
974 2089 76 29 över
1070 2086 148 37 ärenden,
1240 2095 70 22 som
1330 2084 80 33 varit
1431 2083 175 41 anhängiga
1626 2083 58 32 hos
1705 2082 116 41 Kungl.

336 2141 95 41 Maj:t
446 2141 102 31 under
565 2141 35 31 år
619 2142 84 31 1969
721 2151 116 30 genom
855 2141 164 31 skrivelser
1035 2140 70 31 från
1122 2140 131 40 justitie-
1271 2139 60 31 och
1349 2138 387 32 militieombudsmännen
1753 2137 70 30 före

337 2195 63 31 den
421 2196 13 30 1
456 2195 125 41 januari
602 2196 84 31 1969
708 2195 66 38 (bil.
791 2195 43 37 3),
855 2195 68 31 dels
941 2199 43 27 ett
1004 2194 185 39 sakregister
1209 2193 46 31 till
1278 2193 84 31 1969
1383 2192 62 31 och
1468 2192 86 31 1970
1574 2191 49 32 års
1644 2190 178 32 ämbetsbe-

337 2250 142 31 rättelser
496 2250 66 37 (bil.
577 2250 34 37 4)
629 2250 60 30 och
706 2249 68 31 dels
790 2259 39 21 en
846 2248 173 31 kortfattad
1035 2247 200 41 redogörelse
1252 2246 42 41 på
1310 2246 149 40 engelska
1475 2246 51 31 för
1542 2244 170 32 innehållet
1729 2245 11 30 i
1757 2246 66 29 äm-

337 2303 259 32 betsberättelsen
612 2313 42 21 m.
669 2313 41 21 m.
730 2303 66 37 (bil.
812 2303 44 37 5).
