2204 2636
435 159 21 30 4
847 155 389 34 Konstitutionsutskottets
1257 153 162 32 utlåtande
1440 164 39 20 nr
1500 153 54 32 24.

1132 257 23 47 $
1185 260 82 35 110.

528 348 42 47 Ej
601 351 59 32 må
687 366 50 4 —
763 365 49 6 —
839 366 49 4 —
914 365 49 4 —
990 346 126 35 beivra
1143 345 84 35 låta.

527 398 124 35 Bliver
690 397 252 47 riksdagsman
969 414 49 5 —
1044 414 50 6 —
1120 413 50 6 —
1197 395 90 35 eller
1318 393 393 47 justitieombudsman
1739 394 90 34 eller
1855 394 151 33 militie-

394 448 256 44 ombudsman,
680 448 89 34 eller
794 465 51 5 —
870 465 49 4 —
945 464 50 5 —
1022 445 235 48 förolämpas.

993 560 419 39 Riksdagsordningen.

1048 629 24 45 $
1099 632 47 33 42
1175 643 110 22 mom.
1316 631 33 33 2.

526 691 192 37 Utskottet
757 691 91 35 skall
888 690 66 35 ock
992 689 157 47 granska
1184 687 486 47 justitieombudsmannens
1697 686 68 36 och
1793 686 212 35 militieom-

392 742 274 36 budsmannens
694 741 154 49 avgivna
875 739 263 48 redogörelser,
1167 745 170 29 ävensom
1365 737 105 36 deras
1497 736 280 37 ämbetsdiarier
1803 755 50 5 —
1879 756 50 4 —
1954 755 51 5 —

392 793 200 36 inkomma.

1149 838 23 46 $
1201 841 59 35 68.

526 919 72 35 Till
626 917 94 47 följd
747 930 45 23 av
819 915 356 50 regeringsformens
1205 917 44 34 96
1278 915 23 44 8
1329 915 92 35 skall
1448 914 102 46 varje
1577 914 152 47 lagtima
1747 913 165 47 Riksdag
1929 912 74 37 för-

391 969 116 36 ordna
545 972 61 33 två
637 967 58 37 för
720 969 78 47 lag-
825 968 69 35 och
920 966 409 47 författningskunskap
1357 969 95 32 samt
1480 965 164 35 utmärkt
1671 963 185 49 redlighet
1882 963 122 36 kända

391 1027 96 37 män,
530 1019 71 36 den
642 1032 67 23 ene
748 1021 119 33 såsom
904 1016 394 49 justitieombudsman
1338 1016 68 35 och
1447 1015 70 35 den
1559 1014 113 36 andre
1705 1017 119 33 såsom
1852 1015 149 34 militie-

390 1070 257 43 ombudsman,
677 1074 54 30 att
757 1069 95 35 hava
877 1069 131 47 tillsyn
1035 1074 86 29 över
1147 1068 123 46 lagars
1297 1066 68 36 och
1392 1064 285 48 författningars
1705 1063 230 37 efterlevnad
1959 1077 42 23 av

392 1121 160 42 domare,
582 1120 158 34 ämbets-
767 1119 69 35 och
863 1118 224 46 tjänstemän
1115 1122 94 30 samt
1235 1121 54 30 att
1316 1115 99 36 inför
1441 1133 49 5 —
1516 1133 50 5 —
1592 1133 50 5 —
1668 1133 49 5 —
1743 1114 173 47 fullgöra.

526 1168 477 37 Justitieombudsmannen
1042 1167 68 36 och
1141 1165 467 44 militieombudsmannen,
1636 1165 116 35 vilkas
1784 1164 219 48 rättigheter

391 1221 67 36 och
487 1219 219 49 åligganden
733 1220 216 48 ytterligare
977 1219 97 35 såväl
1101 1218 13 35 i
1140 1215 335 50 regeringsformen
1502 1227 78 24 som
1609 1227 133 36 genom
1770 1214 155 36 särskild
1944 1214 60 36 för

392 1285 45 22 en
463 1285 63 23 var
552 1284 46 23 av
625 1270 83 36 dem
736 1269 176 37 utfärdad
939 1269 227 37 instruktion
1202 1268 175 44 utstakas,
1405 1268 115 47 väljas
1546 1279 64 24 var
1629 1265 58 37 för
1715 1267 57 47 sig
1798 1278 45 24 av
1869 1264 134 50 fyrtio-

390 1326 77 32 åtta
493 1341 49 4 —
568 1340 50 5 —
643 1340 51 4 —
719 1340 50 4 —
795 1321 178 47 åtskiljas,
1001 1319 126 36 förrän
1154 1320 106 35 valen
1288 1326 63 28 äro
1377 1317 225 44 fulländade,
1631 1317 104 39 skola
1752 1335 49 5 —
1818 1335 51 5 —
1886 1335 51 4 —
1956 1335 48 5 —

390 1373 202 46 behörigen
618 1371 97 35 vald.

525 1421 232 35 Valmännen
776 1421 90 34 böra
883 1419 63 36 vid
965 1432 140 23 samma
1122 1418 158 45 tillfälle,
1301 1418 46 35 då
1362 1416 397 49 justitieombudsman
1771 1416 68 35 och
1853 1416 151 35 militie-

390 1471 245 36 ombudsman
663 1476 111 39 utses,
803 1471 68 35 och
899 1473 47 45 på
972 1469 191 36 enahanda
1190 1474 72 31 sätt
1288 1468 97 48 välja
1404 1480 45 24 en
1468 1468 197 48 suppleant
1683 1465 58 37 för
1759 1479 64 24 var
1841 1478 45 24 av
1906 1466 94 36 dem.

528 1522 16 35 I
572 1521 175 37 händelse
775 1520 470 48 justitieombudsmannen
1277 1520 89 35 eller
1393 1517 463 43 militieombudsmannen,
1885 1516 118 36 under

392 1573 60 35 det
480 1572 165 48 Riksdag
670 1591 50 4 —
746 1591 49 4 —
822 1590 49 4 —
897 1590 50 4 —
972 1576 131 41 genast
1131 1571 243 47 suppleanten
1400 1571 14 33 i
1432 1570 171 34 ämbetet.
1644 1566 126 38 Skulle
1793 1568 209 48 suppleant,

391 1623 118 35 under
548 1622 173 47 Riksdag,
751 1628 131 41 avsäga
910 1623 57 46 sig
994 1621 61 35 det
1082 1622 164 34 erhållna
1273 1619 229 36 förtroendet
1529 1620 88 34 eller
1643 1618 13 35 i
1678 1617 325 48 justitieombuds-

391 1686 121 22 mans-
531 1673 89 35 eller
646 1671 561 38 militieombudsmansämbetet
1233 1671 155 35 insättas
1416 1670 89 35 eller
1531 1688 49 4 —
1607 1687 49 5 —
1682 1687 50 5 —
1758 1686 50 5 —
1834 1668 117 35 ställe.

526 1722 175 37 Inträffar
727 1742 50 4 —
803 1741 49 5 —
879 1741 49 4 —
954 1740 52 6 —
1031 1726 142 32 utövas.

921 1835 552 41 Tryckfrihetsförordningen.

529 2010 69 34 5:0.
653 2006 47 38 Så
727 2012 101 31 snart
855 2025 49 5 —
930 2025 50 5 —
1006 2025 50 4 —
1082 2006 177 36 likaledes
1283 2004 468 49 justitieombudsmannen
1769 2003 68 36 och
1857 2003 148 35 militie-

393 2059 318 35 ombudsmannen
751 2058 165 48 pliktiga,
952 2061 70 36 att,
1064 2057 12 34 i
1108 2056 179 36 avseende
1319 2058 46 45 på
1393 2054 240 49 förbrytelser
1659 2058 99 31 emot
1785 2053 121 35 denna
1932 2054 71 47 lag,

393 2111 124 34 lämna
557 2110 57 35 sin
654 2107 284 48 ämbetsåtgärd,
980 2107 118 47 enligt
1137 2107 46 35 de
1222 2107 14 35 i
1270 2106 328 43 instruktionerna,
1626 2104 158 36 rörande
1812 2103 104 36 deras
1943 2103 62 35 be-

394 2159 163 48 fattning
583 2178 50 5 —
661 2178 46 4 —
735 2178 49 3 —
811 2159 106 34 åtala.
