1902 2790
452 143 123 29 Första
596 141 245 39 lagutskottets
861 140 179 30 utlåtande
1058 149 42 20 nr
1118 141 20 29 6
1157 140 39 29 år
1217 140 83 29 1966
1603 140 19 31 3

293 222 225 35 (Nuvarande
545 221 146 40 lydelse)

133 284 409 41 säkringsinspektionen
572 279 17 50 =
621 283 228 40 föreskriver;

137 331 88 30 dock
246 332 50 28 att
317 330 11 29 i
348 330 95 39 varje
464 328 64 40 fall
548 329 180 39 åbyggnad
750 328 100 34 skall,

135 375 54 30 för
211 377 51 28 att
283 374 201 39 inteckning
505 374 11 29 i
537 373 210 39 fastigheten
768 373 83 29 eller

135 420 205 30 tomträtten
392 419 57 29 må
501 418 214 39 godkännas,
769 426 83 21 vara

136 464 299 30 brandförsäkrad
477 463 11 29 i
530 461 322 40 försäkringsbolag

137 518 75 21 som
226 518 99 21 avses
340 509 12 29 i
364 509 115 29 denna
493 508 55 39 lag
562 508 82 28 eller
658 507 11 29 i
684 506 168 30 utländsk

138 553 350 39 försäkringsanstalt
505 552 79 29 med
601 552 68 29 rätt
687 553 50 28 att
755 551 97 29 driva

138 598 349 39 försäkringsrörelse
500 597 65 29 här
578 596 12 29 i
602 596 105 35 riket;

1064 220 225 39 (Föreslagen
1316 218 147 40 lydelse)

910 283 157 30 tomträtt
1087 283 95 29 inom
1204 282 55 30 två
1281 280 209 40 tredjedelar
1510 289 42 21 av
1571 289 52 21 se-

907 329 80 30 nast
1013 326 200 41 fastställda
1242 325 291 40 taxeringsvärde,
1560 324 63 31 allt

909 372 78 30 med
1002 372 66 30 den
1084 371 199 40 ytterligare
1300 369 232 41 begränsning
1546 378 75 21 som

907 415 466 41 försäkringsinspektionen
1410 413 214 41 föreskriver

909 461 79 30 med
1003 461 138 39 hänsyn
1161 460 52 29 till
1230 458 325 31 tomträttsavtalets
1573 458 51 29 in-

908 506 118 30 nehåll
1045 505 82 30 eller
1145 514 118 21 annan
1283 502 268 40 omständighet,

953 551 89 30 dock
1064 552 60 32 att,
1148 550 96 28 utom
1268 549 11 29 i
1298 548 99 40 fråga
1419 557 55 21 om
1497 546 127 30 sådant

910 595 56 30 lån
998 595 51 29 till
1077 594 128 30 svensk
1234 593 169 30 kommun
1432 592 57 40 för
1519 591 105 30 vilket

909 637 467 42 försäkringsinspektionen
1459 635 165 40 medgivit

912 684 188 38 undantag,
1118 683 182 39 åbyggnad
1318 682 99 34 skall,
1435 681 55 30 för
1507 683 50 28 att
1574 681 51 29 in-

910 729 164 39 teckning
1095 729 11 29 i
1129 728 210 38 fastigheten
1362 726 82 30 eller
1466 725 159 30 tomträt-

907 776 58 28 ten
979 773 56 29 må
1051 773 214 39 godkännas,
1279 780 83 21 vara
1376 769 250 31 brandförsäk-

911 818 62 30 rad
1000 818 10 29 i
1038 816 321 40 försäkringsbolag
1387 824 74 20 som
1489 823 98 21 avses
1614 813 11 30 i

912 863 114 29 denna
1055 862 55 39 lag
1140 861 83 30 eller
1251 861 11 29 i
1293 859 167 30 utländsk
1490 858 136 30 försäk-

911 907 228 39 ringsanstalt
1164 905 79 30 med
1266 905 70 29 rätt
1360 906 50 28 att
1434 903 98 30 driva
1557 903 69 29 för-

913 950 292 40 säkringsrörelse
1222 950 64 29 här
1302 949 11 29 i
1330 949 105 34 riket;

185 1001 28 29 7.
238 999 282 30 inhemskaeller
534 1012 602 7 ————-—————-—>--
1147 994 123 29 kunna
1284 993 186 39 medgivas.

183 1046 92 29 Utan
297 1044 124 30 hinder
444 1053 43 20 av
509 1043 66 29 vad
598 1043 11 29 i
632 1042 111 30 första
767 1043 88 38 styc-

139 1090 58 29 ket
223 1090 38 29 är
288 1089 136 39 stadgat
449 1087 59 30 må
534 1089 48 28 ett
607 1086 134 40 belopp,
769 1088 86 27 mot-

141 1134 170 30 svarande
329 1133 101 39 högst
449 1141 43 21 en
511 1132 129 29 tiondel
659 1140 43 21 av
720 1130 136 30 försäk-

140 1178 229 40 ringsfonden
405 1177 54 30 för
495 1184 85 31 egen
615 1176 150 38 räkning
800 1174 56 40 för

139 1222 242 41 försäkringar
410 1222 10 29 i
447 1221 128 30 svensk
604 1220 126 35 valuta,
758 1220 99 29 redo-

141 1269 90 29 visas
259 1268 11 29 i
296 1267 110 30 andra
431 1265 316 39 värdehandlingar
775 1265 44 28 än
846 1264 11 29 i

141 1313 111 30 första
275 1312 134 39 stycket
434 1310 81 30 1—7
539 1319 108 24 avses,
669 1309 90 30 dock
781 1309 76 29 icke

143 1359 10 28 i
171 1358 123 29 aktier.

187 1402 78 29 Med
281 1399 306 39 försäkringsfond
624 1416 21 4 —
675 1416 28 3 —
732 1415 27 4 —
786 1415 27 4 —
843 1415 33 4 —

955 1041 92 29 Utan
1061 1039 125 30 hinder
1201 1048 43 20 av
1258 1038 66 30 vad
1339 1038 11 29 i
1365 1038 111 29 första
1492 1036 135 40 stycket

911 1085 38 29 är
967 1084 137 39 stadgat
1120 1083 58 30 må
1194 1085 49 27 ett
1259 1082 134 39 belopp,
1411 1083 216 28 motsvaran-

912 1129 41 30 de
977 1129 102 39 högst
1104 1137 43 21 en
1172 1127 131 30 tiondel
1328 1136 43 20 av
1395 1125 233 39 försäkrings-

911 1174 131 29 fonden
1070 1173 54 29 för
1151 1180 85 31 egen
1263 1171 159 39 räkning,
1450 1170 177 29 redovisas

912 1219 11 29 i
945 1219 110 30 andra
1077 1216 317 39 värdehandlingar
1416 1216 44 28 än
1483 1216 10 29 i
1517 1214 111 30 första

913 1263 134 39 stycket
1075 1262 81 29 1-7
1184 1270 109 25 avses,
1319 1261 89 29 dock
1432 1260 76 29 icke
1533 1259 12 29 i
1569 1259 59 29 ak-

913 1308 74 29 tier.

889 1415 44 3 —
948 1394 430 40 återförsäkringsgivares
1395 1392 230 39 ansvarighet.

186 1527 122 29 Denna
322 1526 55 38 lag
391 1524 116 30 träder
521 1523 12 29 i
546 1523 95 30 kraft
655 1523 67 29 den
739 1522 14 29 1
769 1522 68 39 juli
854 1521 92 29 1966.

783 1758 40 43 2)
848 1757 73 42 Lag

178 1831 182 44 angående
376 1829 134 34 ändrad
526 1829 128 42 lydelse
671 1840 44 21 av
732 1828 44 32 13
794 1828 22 43 8
833 1827 104 43 lagen
952 1827 68 32 den
1036 1827 21 32 9
1071 1826 80 43 juni
1168 1825 90 33 1950
1275 1827 60 41 (nr
1352 1825 83 42 272)
1453 1835 59 21 om
1529 1825 71 30 rätt

308 1902 57 33 för
380 1900 168 34 utländsk
563 1897 355 44 försäkringsanstalt
934 1904 52 26 att
1002 1897 99 32 driva
1116 1894 353 44 försäkringsrörelse

787 1969 66 32 här
868 1969 12 31 i
896 1968 91 32 riket

190 2076 212 39 Härigenom
420 2074 195 33 förordnas,
633 2075 50 28 att
703 2073 39 29 13
762 2072 15 37 $
796 2073 100 39 lagen
913 2072 66 29 den
997 2070 19 30 9
1032 2071 79 39 juni
1131 2069 83 30 1950
1232 2078 56 21 om
1306 2069 69 29 rätt
1393 2068 54 30 för
1464 2067 167 30 utländsk

147 2119 351 40 försäkringsanstalt
516 2120 50 28 att
585 2118 96 29 driva
700 2115 350 40 försäkringsrörelse
1069 2115 64 29 här
1151 2115 10 29 i
1181 2114 90 29 riket
1290 2113 89 29 skall
1398 2112 132 30 erhålla
1548 2112 84 29 änd-

147 2166 63 29 rad
226 2165 130 39 lydelse
372 2164 44 39 på
434 2164 68 29 sätt
519 2163 113 29 nedan
650 2162 151 39 angives.

312 2259 226 36 (Nuvarande
555 2258 146 40 lydelse)

1081 2255 225 39 (Föreslagen
1324 2254 146 39 lydelse)

192 2374 364 40 Försäkringsfonden
574 2373 76 29 med
696 2389 126 5 ———
833 2386 376 8 ——-———-——
1224 2369 10 29 i
1252 2367 286 39 återförsäkring.

194 2422 90 29 Utan
300 2420 124 29 hinder
440 2428 41 20 av
495 2418 65 29 vad
576 2418 10 29 i
602 2417 110 29 första
728 2416 135 39 stycket

149 2467 38 28 är
205 2465 137 38 stadgat
359 2463 56 30 må
432 2465 47 28 ett
496 2462 133 39 belopp,
647 2463 217 28 motsvaran-

965 2416 89 29 Utan
1071 2414 124 29 hinder
1211 2423 41 20 av
1266 2413 65 29 vad
1347 2413 10 28 i
1373 2412 110 29 första
1500 2411 133 39 stycket

920 2460 38 29 är
976 2459 136 38 stadgat
1129 2458 56 29 må
1202 2460 48 27 ett
1267 2457 134 38 belopp,
1419 2458 215 27 motsvaran-

184 2530 32 27 1t
256 2526 111 29 Bihang
385 2525 46 23 till
447 2524 168 30 riksdagens
632 2523 148 31 protokoll
797 2523 75 22 1966.
897 2522 7 23 9
920 2522 83 22 saml.
1021 2522 13 21 1
1051 2521 64 23 avd.
1131 2520 39 23 Nr
1190 2523 14 20 6
