1900 2826
518 165 112 27 Första
652 162 216 36 lagutskottets
891 159 159 29 utlåtande
1073 158 43 28 Nr
1138 158 49 28 46.
1580 153 20 30 5

108 248 80 31 med
207 248 58 30 det
284 245 227 32 individuella
529 243 189 35 brottsfall,
738 251 75 21 som
832 241 57 30 för
908 238 224 41 ögonblicket
1151 236 168 39 tilldragit
1340 235 51 39 sig
1411 233 190 40 uppmärk-

109 302 192 30 samheten.

154 355 177 30 Utskottet
352 352 127 30 tilltror
500 351 51 38 sig
572 350 77 30 icke
669 352 50 27 att
740 348 110 30 uttala
871 345 118 40 någon
1008 339 162 36 bestämd
1190 343 142 38 mening
1353 342 11 29 i
1384 340 137 40 frågan,
1541 339 61 30 vil-

108 409 59 29 ket
188 408 60 38 fog
269 416 75 20 som
366 406 70 29 kan
456 404 120 31 finnas
596 403 57 30 för
674 403 68 30 den
764 400 148 31 sålunda
932 398 81 32 från
1035 398 114 30 skilda
1170 395 304 40 utgångspunkter
1495 394 107 29 fram-

106 461 103 31 förda
236 459 158 31 kritiken.
423 458 171 31 Utskottet
620 457 65 30 har
711 454 189 31 emellertid
926 452 336 40 uppmärksammat,
1291 452 49 27 att
1366 447 236 32 domstolarna

110 514 44 40 på
181 515 130 30 sistone
336 511 203 40 upprepade
565 510 130 39 gånger
720 509 59 30 vid
805 508 58 30 sitt
889 504 339 40 ställningstagande
1253 501 156 40 frångått
1434 501 42 30 de
1503 501 100 30 rätts-

110 567 239 40 psykiatriska
392 562 432 41 sakkunnigutlåtandena
865 561 67 30 och
972 558 103 32 alltså
1105 557 162 40 upptagit
1297 550 307 48 tillräknelighets-

110 619 215 40 spörsmålen
348 619 52 31 till
424 617 241 40 självständigt
686 614 229 32 bedömande.
940 613 102 31 Detta
1066 611 100 36 visar,
1192 610 115 31 såsom
1331 607 184 33 statsrådet
1538 607 65 30 och

108 674 125 30 chefen
252 673 55 30 för
324 671 402 40 justitiedepartementet
744 667 167 31 framhöll
928 667 10 30 i
958 666 56 31 sitt
1032 675 79 21 svar
1130 664 45 40 på
1193 663 234 31 motionärens
1446 661 157 38 interpel-

110 727 107 30 lation
239 727 57 29 vid
318 724 207 40 föregående
548 723 56 31 års
626 722 150 39 riksdag,
800 724 49 28 att
871 721 67 30 den
962 719 133 39 garanti
1118 718 55 31 för
1195 727 42 21 en
1260 716 102 39 riktig
1384 714 219 38 bedömning,

113 790 76 21 som
209 780 108 39 ligger
337 779 10 30 i
367 778 173 39 prövning
560 786 43 21 av
622 775 91 31 både
733 776 121 29 läkare
874 774 68 30 och
961 772 163 35 domstol,
1145 771 177 38 fungerar.
1345 769 122 30 Ehuru
1487 768 58 29 det
1567 767 39 29 är

113 834 135 39 tydligt,
279 836 50 27 att
357 830 262 32 vederbörande
650 827 426 38 undersökningsläkares
1105 833 90 30 resp.
1227 817 379 48 medicinalstyrelsens

114 886 220 39 sakkunniga
356 885 139 38 mening
517 884 98 30 alltid
636 884 63 29 bör
722 884 106 37 ägnas
851 882 56 30 det
930 882 124 28 största
1075 878 206 35 beaktande,
1305 877 114 29 finner
1441 871 165 47 utskottet

114 942 57 30 det
190 942 11 29 i
221 941 93 30 detta
334 939 253 37 sammanhang
606 938 86 29 böra
712 935 260 38 understrykas,
993 937 50 26 att
1062 932 237 31 domstolarna
1319 930 57 30 vid
1396 928 210 40 avgörandet

111 1004 43 21 av
174 990 502 42 tillräknelighetsspörsmålen
696 990 91 30 hava
807 991 49 28 att
875 987 111 31 under
1005 984 306 40 hänsynstagande
1331 983 50 30 till
1402 981 95 32 såväl
1518 990 88 21 sam-

111 1048 123 30 hällets
273 1056 74 20 som
384 1044 191 31 individens
603 1043 167 30 intressen
797 1042 135 29 bevaka
958 1039 129 39 viktiga
1113 1035 493 40 rättssäkerhetssynpunkter,

112 1101 93 30 vilka
229 1098 185 32 emellanåt
437 1099 120 29 kunna
581 1097 102 39 bryta
707 1096 50 39 sig
780 1098 73 27 mot
877 1095 43 29 de
943 1093 56 30 för
1023 1092 214 30 medicinska
1260 1090 187 30 bedömare
1471 1087 137 31 särskilt

112 1154 153 30 aktuella
288 1149 421 42 sjukvårdsönskemålen.
1055 1153 2 3 |

157 1207 116 39 Enligt
295 1207 183 29 utskottets
502 1203 230 31 förmenande
755 1203 60 29 äro
838 1202 66 29 här
926 1199 148 31 berörda
1098 1196 170 41 spörsmål
1292 1206 42 21 av
1359 1195 37 31 så
1421 1198 70 28 stor
1513 1195 94 38 bety-

113 1261 93 30 delse
224 1263 49 27 att
290 1269 43 21 en
350 1260 161 29 närmare
529 1256 184 40 utredning
730 1256 11 30 i
759 1256 117 30 ämnet
893 1253 110 31 måste
1021 1262 100 21 anses
1140 1250 173 41 påkallad.
1332 1248 278 32 Verkställandet

113 1324 43 20 av
174 1323 44 21 en
236 1312 109 31 sådan
361 1311 184 39 utredning
563 1311 74 35 har,
658 1309 115 31 såsom
791 1318 91 21 ovan
900 1308 149 34 nämnts,
1068 1304 203 41 uppdragits
1290 1303 36 31 åt
1343 1302 170 31 särskilda
1532 1302 76 29 sak-

114 1366 165 40 kunniga.
297 1364 197 40 Tillräcklig
509 1363 187 39 anledning
712 1363 97 30 torde
824 1361 121 31 därför
961 1361 127 30 saknas
1104 1362 51 27 att
1170 1368 47 20 nu
1234 1359 81 38 göra
1331 1356 115 39 någon
1462 1354 147 32 särskild

114 1419 258 39 framställning
389 1418 50 30 till
456 1417 122 39 Kungl.
598 1416 102 38 Maj:t
722 1416 5 30 i
744 1417 126 29 ämnet.

162 1472 222 31 Motionären
411 1471 64 30 har
504 1471 87 29 även
618 1470 120 29 berört
766 1467 217 40 psykiatrins
1011 1466 108 38 enligt
1147 1465 90 29 hans
1265 1463 143 39 mening
1437 1460 174 40 olyckliga

118 1525 197 40 inflytande
334 1525 11 29 i
364 1524 102 30 civila
484 1522 81 36 mål,
585 1522 143 31 särskilt
747 1522 10 29 i
775 1517 391 42 förmynderskapsmål
1185 1517 67 30 och
1272 1510 337 48 testamentstvister.

118 1579 138 30 Jämväl
280 1578 213 30 härutinnan
518 1576 116 30 finner
659 1576 165 29 utskottet
851 1574 57 30 det
933 1572 93 31 svårt
1051 1575 49 27 att
1125 1571 148 30 bedöma
1299 1569 152 39 tyngden
1477 1577 42 20 av
1547 1567 66 30 den

117 1632 199 30 framförda
338 1630 164 31 kritiken.
524 1629 146 30 Liksom
693 1629 11 29 i
726 1627 101 39 fråga
849 1636 59 21 om
930 1624 410 38 straffrättsskipningen
1362 1622 59 30 vill
1443 1621 169 30 utskottet

118 1684 195 32 emellertid
337 1684 127 35 erinra,
489 1686 50 27 att
563 1682 200 30 domstolen
788 1682 82 37 äger
895 1683 48 27 ett
969 1677 246 41 självständigt
1240 1685 127 22 ansvar
1391 1675 57 31 för
1474 1675 58 29 det
1556 1682 57 21 av-

120 1739 165 38 görande,
308 1738 68 30 den
399 1737 89 30 skall
509 1736 120 35 träffa,
652 1735 67 30 och
742 1734 192 39 ingalunda
955 1733 154 29 behöver
1131 1732 120 29 känna
1274 1730 51 39 sig
1346 1728 196 40 förpliktad
1564 1729 50 28 att

118 1792 101 30 alltid
244 1791 86 39 följa
358 1790 148 39 avgivna
532 1788 240 40 psykiatriska
799 1785 341 41 expertutlåtanden.
1167 1783 160 39 Påpekas
1353 1782 58 30 må
1438 1783 98 33 även,
1563 1782 50 28 att

119 1845 194 31 domstolen
349 1845 10 29 i
396 1844 41 29 de
473 1853 42 20 av
551 1842 219 31 motionären
795 1840 151 30 avsedda
970 1838 252 31 rättstvisterna
1248 1836 189 40 ingalunda
1464 1836 37 29 är
1526 1835 85 29 hän-

119 1899 99 30 visad
261 1898 120 30 enbart
426 1896 51 30 till
521 1896 67 29 den
633 1904 43 21 av
720 1897 77 36 part
841 1892 209 31 anskaffade
1093 1890 234 40 psykiatriska
1371 1888 239 38 utredningen.

120 1952 116 38 Enligt
263 1952 100 37 lagen
389 1950 66 29 den
483 1951 16 27 7
528 1948 74 39 juni
633 1948 83 30 1934
743 1957 57 20 om
826 1945 181 39 bevisning
1034 1952 124 31 genom
1186 1942 196 39 sakkunnig
1410 1943 81 37 äger
1516 1941 96 30 dom-

121 2005 110 30 stolen
269 2003 174 38 nämligen
471 2002 10 29 i
510 2002 67 30 alla
605 2000 72 31 mål
705 2002 81 29 över
812 1998 288 32 förekommande
1130 1996 126 39 frågor,
1285 1996 111 29 vilkas
1425 1994 187 31 bedöman-

122 2059 42 29 de
204 2058 126 29 kräver
370 2055 150 30 särskild
559 2054 260 37 fackkunskap,
849 2052 161 30 inhämta
1036 2050 165 39 yttrande
1229 2059 41 20 av
1299 2048 206 39 myndighet
1533 2047 83 30 eller

122 2111 225 38 tjänsteman,
371 2118 75 21 som
467 2109 38 29 är
528 2111 67 26 satt
617 2110 51 27 att
689 2105 219 39 tillhandagå
929 2105 81 29 med
1030 2103 189 40 yttranden
1242 2103 10 29 i
1274 2103 57 29 det
1353 2103 114 33 ämne,
1490 2099 126 39 frågan

123 2165 67 34 rör,
217 2164 84 29 eller
326 2163 65 29 ock
418 2161 182 39 uppdraga
627 2160 35 30 åt
689 2160 111 29 andra
827 2158 223 38 sakkunniga
1077 2160 50 26 att
1154 2156 122 38 avgiva
1303 2155 112 39 dylikt
1442 2153 172 39 yttrande.

123 2216 177 30 Utskottet
323 2215 117 30 finner
462 2214 75 30 icke
559 2213 192 38 anledning
772 2212 171 37 föreligga
965 2211 55 29 för
1042 2210 188 37 riksdagen
1252 2212 49 26 att
1325 2211 77 35 taga
1425 2207 106 38 något
1553 2205 63 30 ini-

123 2269 100 29 tiativ
244 2268 52 30 till
317 2277 42 20 en
381 2267 188 38 utredning
591 2266 20 30 å
632 2266 95 29 detta
750 2264 154 31 område.

170 2375 47 30 På
244 2374 112 39 grund
382 2383 42 19 av
449 2373 66 29 vad
541 2371 148 30 sålunda
716 2371 137 29 anförts
879 2369 55 30 får
959 2369 170 29 utskottet
1155 2367 195 34 hemställa,
