1894 2837
245 181 18 29 2
443 182 187 30 Allmänna
650 182 396 40 beredningsutskottets
1067 182 177 30 utlåtande
1263 192 42 20 nr
1323 183 42 29 26
1383 183 38 30 år
1442 182 83 30 1967

243 264 82 29 mån
347 263 63 30 har
434 264 202 30 samhällets
658 264 211 30 ansvarsroll
892 265 91 29 ökat.
1007 265 47 29 De
1078 265 145 29 ledande
1246 264 139 31 skikten
1408 266 9 28 i
1441 265 182 30 samhället
1647 265 82 29 övar

244 318 196 39 inflytande
457 318 113 30 direkt
587 319 82 29 eller
686 319 152 29 indirekt
856 319 78 30 över
951 319 83 30 våra
1050 319 220 30 massmedia.
1288 319 64 30 Via
1369 320 101 29 dessa
1486 320 114 29 media
1619 329 110 20 serve-

244 382 56 20 ras
323 375 47 27 ett
391 373 182 40 rikhaltigt
595 374 258 30 våldsmaterial
879 383 74 20 som
975 382 57 32 ger
1054 374 167 40 impulser
1244 374 51 29 till
1318 374 182 39 brottsliga
1520 373 206 35 beteenden;

244 428 32 28 vi
297 428 65 28 blir
384 427 145 30 föremål
552 428 53 29 för
626 438 41 19 en
690 428 203 29 förstucken
916 429 344 39 sexualpropaganda
1282 429 64 29 och
1368 429 111 29 möter
1499 430 47 28 ett
1568 428 161 30 förhärli-

243 481 110 39 gande
374 491 43 20 av
436 482 258 29 alkoholseden.
717 482 203 39 Ungdomen
943 482 214 30 frånhändes
1180 492 73 20 mer
1275 483 64 29 och
1362 492 72 19 mer
1456 482 56 30 det
1535 483 131 39 kapital
1688 492 42 20 av

245 536 283 39 religiöst-etiska
547 536 131 30 värden
698 546 74 21 som
791 537 146 40 tidigare
957 537 239 40 generationer
1215 537 72 30 fick
1305 538 10 29 i
1336 538 66 29 den
1422 537 137 30 kristna
1578 537 149 34 fostran;

245 591 135 38 trycket
399 590 79 30 från
496 591 114 39 dåliga
627 592 168 39 impulser
812 592 64 29 har
894 592 91 29 ökat.

288 645 116 39 Enligt
428 645 277 30 motionärernas
730 646 140 39 mening
892 646 62 30 bär
979 646 182 31 samhället
1185 656 42 20 en
1253 648 70 28 stor
1347 646 54 29 del
1425 656 41 20 av
1490 648 161 28 ansvaret
1676 645 53 31 för

245 698 67 30 den
334 699 167 30 situation
523 709 74 20 som
619 710 46 19 nu
688 700 184 40 föreligger
891 701 45 39 på
956 701 113 39 grund
1091 711 41 20 av
1152 703 49 27 att
1223 710 82 20 man
1327 701 214 29 försummar
1563 702 49 28 att
1634 700 96 40 delge

246 753 198 40 ungdomen
472 754 185 30 bestående
685 755 111 39 regler
823 755 54 29 för
905 765 42 19 en
974 755 206 29 harmonisk
1208 755 392 40 samhällsgemenskap.
1630 755 100 29 Dess-

246 810 96 28 utom
360 809 63 28 har
440 818 82 20 man
539 809 117 29 alltför
673 809 100 39 ytligt
789 810 188 29 behandlat
995 810 116 39 frågor
1129 819 55 20 om
1203 810 290 39 återanpassning
1509 809 52 30 till
1579 810 150 29 normalt

247 863 225 28 samhällsliv.

290 915 227 30 Beträffande
533 916 252 40 motiveringen
801 917 11 29 i
830 916 110 40 övrigt
957 916 54 30 får
1028 917 169 29 utskottet
1214 916 146 30 hänvisa
1375 917 52 29 till
1445 917 133 29 motion
1596 916 45 30 II:
1657 916 73 29 839.

289 970 176 29 Utskottet
481 970 65 30 har
562 971 173 29 inhämtat
752 971 162 39 yttrande
931 972 79 28 över
1028 971 218 30 motionerna
1263 971 80 30 från
1359 971 278 39 socialstyrelsen
1657 980 74 20 som

247 1024 118 29 anför:

289 1096 48 29 De
354 1096 10 29 i
380 1097 219 29 motionerna
615 1097 147 30 berörda
778 1097 165 39 frågorna
959 1098 63 29 har
1038 1097 110 30 under
1166 1107 120 20 senare
1304 1098 38 29 år
1357 1098 207 29 behandlats
1581 1107 41 20 av
1638 1098 92 29 olika

245 1141 227 39 utredningar
490 1142 64 29 och
572 1142 313 39 undersökningar.
905 1143 52 28 En
976 1143 61 29 rad
1056 1143 130 37 förslag
1204 1143 64 28 och
1285 1143 365 29 rekommendationer
1668 1143 63 29 har

244 1185 193 40 framlagts.
462 1186 206 39 Ytterligare
695 1187 130 39 förslag
851 1188 188 29 förväntas.
1065 1187 174 31 Jämsides
1266 1188 78 29 med
1370 1188 40 29 de
1436 1187 154 30 nämnda
1616 1188 115 29 utred-

245 1231 171 38 ningarna
435 1232 130 38 sysslar
583 1239 94 22 mera
696 1235 227 36 permanenta
943 1233 136 38 statliga
1097 1241 107 31 organ
1223 1233 79 29 med
1320 1233 303 38 ungdomsfrågor.
1644 1233 13 28 I
1675 1233 56 29 det

246 1276 156 39 följande
420 1276 177 30 redovisas
616 1278 41 29 de
676 1278 184 38 viktigaste
880 1278 275 38 utredningarna
1174 1278 64 29 och
1257 1278 41 29 de
1317 1278 44 39 på
1380 1278 156 29 området
1555 1278 177 29 verksam-

246 1331 56 19 ma
319 1330 162 30 organen.
503 1322 82 29 1962
604 1323 56 29 års
679 1323 361 39 ungdomsutredning
1058 1324 63 28 har
1139 1323 110 29 under
1268 1323 82 30 åren
1371 1322 215 30 1963—1966
1606 1323 126 39 avgivit

246 1368 47 27 ett
324 1366 115 29 flertal
468 1367 255 34 betänkanden,
754 1368 10 28 i
794 1368 94 29 vilka
917 1368 131 29 sådana
1078 1368 292 39 ungdomsfrågor
1400 1370 225 37 penetrerats,
1658 1377 73 20 som

247 1412 155 28 närmast
423 1412 69 28 kan
512 1412 187 29 betecknas
721 1422 73 20 som
814 1413 145 30 allmänt
981 1413 254 39 förebyggande
1257 1413 159 39 åtgärder
1443 1412 100 32 (SOU
1567 1412 97 30 1963:
1681 1412 51 34 67,

246 1455 84 30 SOU
357 1455 98 30 1965:
472 1456 50 34 63,
550 1456 83 30 SOU
660 1456 165 35 1966:47,
853 1457 83 30 SOU
964 1457 187 33 1966:66).
1177 1458 111 29 Barns
1314 1458 63 29 och
1403 1458 172 39 ungdoms
1601 1458 132 29 fritids-

246 1500 245 30 förhållanden
510 1502 64 28 har
592 1502 199 39 ytterligare
810 1503 207 29 behandlats
1037 1503 9 29 i
1066 1505 47 27 ett
1131 1503 221 29 betänkande
1373 1503 77 29 med
1472 1513 134 19 samma
1625 1513 107 19 namn

252 1545 101 33 (SOU
376 1545 99 30 1966:
491 1546 72 34 32),
586 1547 106 29 vilket
714 1548 192 29 utarbetats
928 1558 43 19 av
990 1558 40 19 en
1054 1558 41 19 av
1117 1548 136 29 Statens
1275 1548 237 38 ungdomsråd
1534 1548 124 29 tillsatt
1681 1557 52 20 ar-

245 1591 200 39 betsgrupp.

290 1635 155 30 Allmänt
471 1636 255 40 förebyggande
751 1638 176 39 uppgifter
952 1638 94 29 inom
1071 1638 305 39 ungdomsvården
1402 1638 99 29 faller
1527 1639 86 28 även
1638 1638 94 29 inom

247 1690 121 20 ramen
383 1681 54 29 för
452 1681 66 30 den
531 1682 233 34 verksamhet,
782 1692 73 20 som
872 1683 136 29 Statens
1023 1683 237 38 ungdomsråd
1275 1684 133 28 utövar.
1424 1683 110 29 Rådet
1549 1683 63 29 har
1627 1683 107 29 bland

247 1727 106 27 annat
372 1726 51 28 till
443 1726 137 39 uppgift
601 1729 48 26 att
670 1728 85 28 söka
774 1727 187 29 samordna
980 1728 63 28 och
1063 1728 181 29 stimulera
1262 1728 41 29 de
1323 1728 165 38 frivilliga
1507 1728 227 38 organisatio-

247 1779 127 21 nernas
390 1771 116 29 arbete
522 1771 106 29 bland
645 1772 152 38 ungdom
815 1772 63 29 och
896 1774 49 27 att
963 1772 129 39 främja
1110 1773 208 29 samverkan
1335 1773 128 28 mellan
1480 1772 252 40 myndigheter,

249 1815 98 29 skola
362 1816 65 28 och
443 1816 79 29 hem
538 1817 11 28 i
565 1816 147 30 berörda
728 1816 179 30 avseende.

292 1860 13 28 I
322 1860 94 29 detta
433 1861 255 39 sammanhang
704 1862 58 29 må
778 1863 87 28 även
881 1862 149 29 nämnas
1048 1862 56 29 det
1121 1862 38 29 år
1178 1861 83 30 1964
1278 1861 147 30 tillsatta
1442 1862 292 39 samarbetsorga-

247 1906 57 28 net
323 1905 53 29 för
395 1906 160 37 åtgärder
572 1908 71 27 mot
662 1907 450 38 ungdomsbrottsligheten.
1131 1907 66 29 Till
1215 1907 117 29 rådets
1351 1907 176 39 uppgifter
1546 1907 64 29 hör
1628 1907 106 29 bland

248 1952 106 28 annat
372 1952 49 28 att
440 1951 131 38 främja
587 1951 193 40 forskning,
800 1952 213 39 upplysning
1029 1952 65 29 och
1111 1961 117 20 annan
1246 1952 222 29 verksamhet
1488 1961 73 21 som
1579 1953 70 28 kan
1668 1952 66 29 öka

248 1996 202 29 samhällets
476 1996 219 39 möjligheter
721 1999 49 27 att
795 1997 173 39 bekämpa
992 1997 108 30 sådan
1125 1997 231 40 brottslighet.
1383 1997 109 30 Rådet
1518 1998 37 29 är
1581 1999 153 28 utrustat

247 2040 79 29 med
346 2043 47 27 ett
415 2043 205 36 permanent
641 2042 125 29 kansli.

293 2086 75 29 Vad
393 2087 106 37 gäller
525 2086 66 30 den
616 2087 108 29 redan
749 2087 282 39 missanpassade
1058 2087 199 39 ungdomen
1283 2087 64 30 har
1371 2086 131 31 vården
1529 2097 42 20 av
1596 2096 41 20 en
1663 2087 74 30 viss

247 2139 111 31 grupp
377 2141 42 19 av
436 2131 78 29 dem
532 2132 208 30 behandlats
758 2142 41 20 av
820 2132 79 29 1961
921 2133 56 29 års
995 2132 188 39 utredning
1201 2141 56 20 om
1276 2132 206 29 effektivare
1502 2132 159 39 åtgärder
1681 2132 53 29 för

248 2176 85 29 vård
350 2178 96 27 utom
466 2177 97 28 skola
580 2187 41 19 av
639 2177 500 37 ungdomsvårdsskoleelever.
1158 2177 237 39 Utredningen
1414 2177 161 29 lämnade
1594 2178 37 28 år
1652 2176 82 30 1966

249 2221 58 29 sitt
325 2221 291 30 slutbetänkande
638 2221 101 35 (SOU
758 2221 98 31 1966:
872 2221 73 34 43).
962 2222 126 30 Vidare
1104 2222 57 30 må
1177 2223 148 29 nämnas
1342 2222 40 30 de
1400 2222 130 39 förslag
1548 2231 73 20 som
1638 2222 97 29 kom-

249 2266 123 29 mittén
404 2267 54 28 för
490 2267 418 39 behandlingsforskning
939 2267 57 29 vid
1027 2267 446 39 ungdomsvårdsskolorna
1504 2267 162 29 lämnade
1697 2267 39 29 år

251 2311 83 29 1964
354 2311 149 29 rörande
524 2312 178 29 formerna
724 2312 54 29 för
800 2312 109 29 sådan
931 2311 185 40 forskning
1142 2310 101 35 (SOU
1267 2310 98 31 1964:
1382 2311 72 33 24).

293 2356 51 29 En
367 2356 409 40 klientelundersökning
797 2356 150 30 rörande
969 2356 400 40 ungdomsbrottslingar
1392 2356 107 39 pågår
1522 2356 106 29 sedan
1654 2355 80 30 1956

254 2401 100 33 (1956
378 2402 55 28 års
455 2401 409 39 klientelundersökning
884 2402 149 29 rörande
1055 2401 433 39 ungdomsbrottslingar).
1511 2401 53 29 En
1586 2403 150 27 motsva-

248 2446 108 30 rande
373 2447 264 38 undersökning
654 2446 148 30 rörande
820 2446 465 39 ungdomsvårdsskolornas
1302 2446 141 29 klientel
1462 2446 64 29 här
1543 2446 192 39 igångsatts

248 2491 94 29 inom
365 2491 392 39 socialdepartementet.
781 2490 116 30 Också
917 2490 501 40 nykterhetsvårdsklientelet,
1441 2490 106 29 vilket
1569 2491 167 28 omfattar
