2232 2610
483 165 38 30 16
961 164 247 31 Statsutskottets
1231 165 163 31 utlåtande
1415 165 53 31 Nr
1490 165 29 31 9.

439 253 57 33 till
524 252 213 34 beaktande
765 263 48 22 av
840 252 122 34 denna
990 253 193 43 synpunkt
1210 254 87 34 tack
1323 264 89 24 vare
1441 254 60 34 det
1531 255 220 42 samarbete,
1781 267 80 23 som
1888 258 59 35 för
1964 262 87 31 när-

438 302 168 34 varande
635 301 110 35 råder
771 302 137 34 mellan
936 303 46 34 de
1009 303 161 35 ledande
1197 304 279 44 radiobolagen.

573 352 195 35 Utskottet
794 352 60 35 får
880 353 211 44 hemställa,

976 440 57 32 att
1059 438 201 44 riksdagen
1288 438 62 35 må
1851 486 2 2 |

976 484 36 47 a)
1042 488 186 44 medgiva,
1270 492 56 32 att
1364 489 59 35 för
1462 490 233 44 anläggning
1727 502 47 23 av
1801 503 45 23 en
1874 491 177 36 radiosta-

844 538 75 34 tion
953 538 57 42 för
1038 538 105 44 trafik
1169 539 78 34 med
1272 540 189 34 Amerikas
1487 540 156 35 Förenta
1669 541 122 35 Stater
1817 541 61 35 må
1907 545 142 32 använ-

843 588 67 35 das
933 589 160 44 tillhopa
1122 590 159 42 550,000
1305 591 136 34 kronor
1468 602 47 23 av
1542 592 258 44 besparingar,
1821 604 79 23 som
1919 593 131 34 beräk-

841 651 69 22 nas
937 641 230 42 uppkomma
1195 640 21 34 å
1244 652 47 22 av
1317 641 201 44 riksdagen
1546 642 160 44 tidigare
1733 643 57 34 till
1813 644 101 34 vissa
1933 644 117 44 bygg-

842 690 245 44 nadsföretag
1126 691 57 34 för
1214 691 306 44 telegrafverkets
1548 692 122 34 behov
1697 693 180 35 anvisade
1905 695 144 43 anslag,

974 737 38 47 b)
1042 741 59 34 för
1124 741 290 44 ifrågavarande
1437 742 177 35 ändamål
1634 743 58 34 för
1710 744 221 44 budgetåret
1954 745 95 34 1923

841 792 148 34 —1924
1006 792 133 34 anvisa
1159 795 52 31 ett
1229 793 388 45 reservationsanslag
1636 806 47 22 av
1701 795 196 43 1,200,000
1912 796 139 34 kronor

844 844 56 32 att
926 842 90 44 utgå
1044 854 48 22 av
1119 842 219 35 lånemedel.

1059 984 146 35 Statens
1225 985 209 43 järnvägar.

229 1093 199 34 Ombyggnad
575 1072 74 47 9:0)
677 1076 242 34 Beträffande
960 1079 144 32 statens
1143 1077 207 45 järnvägar
1389 1079 68 34 har
1497 1079 142 44 Kungl.
1680 1080 111 43 Maj:t
1831 1077 137 47 (punkt
2010 1079 36 46 9)

229 1135 37 19 av
295 1127 132 46 bangår-
442 1125 191 44 föreslagit
672 1126 201 44 riksdagen
901 1130 56 31 att
983 1128 12 33 i
1023 1128 164 34 avbidan
1219 1129 49 43 på
1300 1129 72 34 den
1404 1131 246 42 proposition,
1684 1142 78 23 som
1795 1132 73 34 kan
1901 1132 149 35 komma

228 1161 82 60 bila
322 1161 107 60 Stock:
440 1179 56 31 att
523 1176 145 35 avlåtas
696 1177 12 33 i
735 1180 137 39 ämnet,
897 1177 58 35 för
982 1179 240 43 ombyggnad
1250 1191 48 22 av
1325 1179 213 44 bangårdar
1565 1181 12 33 i
1606 1180 215 36 Stockholm
1851 1194 47 21 m.
1924 1195 47 21 m.
1991 1183 60 34 för

294 1248 66 46 [9.]
439 1226 222 50 budgetåret
691 1228 245 34 1923—1924
956 1228 165 35 beräkna
1141 1233 52 31 ett
1211 1231 388 44 reservationsanslag
1618 1243 47 23 av
1684 1233 197 42 2,500,000
1900 1233 148 35 kronor.

336 1279 6 6 ”
574 1277 98 35 Över
712 1278 125 34 denna
876 1278 282 45 framställning
1198 1280 167 35 kommer
1404 1281 182 35 utskottet
1620 1285 55 31 att
1701 1282 201 35 framdeles
1931 1284 120 34 under

438 1327 200 44 riksdagen
667 1329 136 43 avgiva
830 1329 210 42 utlåtande;
1060 1330 117 35 vilket
1195 1331 184 34 utskottet
1398 1331 120 35 skolat
1537 1332 219 44 härigenom
1776 1333 59 35 för
1848 1334 201 44 riksdagen

973 1406 163 34 anmäla.

228 1493 65 69 eng,
305 1497 32 60 (fr
340 1493 40 69 icler
392 1493 32 69 onN
575 1502 98 46 10:0)
698 1504 139 35 Vidare
865 1505 68 34 har
958 1506 141 43 Kungl.
1120 1506 110 43 Maj:t
1250 1503 137 48 (punkt
1408 1504 60 47 10)
1488 1507 196 45 föreslagit
1702 1509 200 45 riksdagen
1922 1514 54 30 att
2000 1522 49 22 av

236 1548 88 43 "Gen
342 1540 52 52 vid
439 1554 85 34 dei
552 1554 412 44 statsrådsprotokollet
991 1559 90 31 över
1108 1557 509 36 kommunikationsärenden
1647 1560 71 33 den
1739 1560 19 33 8
1778 1560 153 42 januari
1953 1562 95 33 1923

290 1599 79 27 Sala:
439 1605 249 34 omförmälda
729 1606 274 43 anslagsmedel
1042 1606 60 34 för
1142 1608 162 41 arbeten,
1333 1608 85 34 med
1445 1609 121 33 vilkas
1595 1609 199 35 utförande
1823 1622 109 23 anses
1959 1612 90 34 böra

279 1651 91 47 [10.]
438 1656 78 33 tills
556 1655 130 34 vidare
728 1655 119 43 anstå,
880 1655 60 35 må
966 1656 60 35 för
1053 1658 241 43 ombyggnad
1322 1670 48 23 av
1396 1659 219 44 bangården
1643 1660 64 34 vid
1736 1660 88 35 Sala
1852 1662 196 34 användas

438 1709 54 31 ett
518 1706 137 43 belopp
684 1717 48 23 av
760 1706 137 42 82,000
924 1707 147 34 kronor.

570 1756 261 44 Utredningen
871 1757 12 33 i
910 1758 155 35 ärendet
1093 1757 200 36 återfinnes
1321 1759 22 34 å
1371 1760 68 34 sid.
1469 1761 46 34 30
1549 1771 48 23 av
1616 1760 210 45 åberopade
1846 1762 202 35 statsråds-

437 1806 235 44 protokollet.

571 1900 74 33 Till
686 1899 84 35 stöd
809 1899 59 35 för
906 1900 57 35 sin
991 1900 280 46 framställning
1297 1903 12 33 i
1337 1904 223 34 ämnetehar
1586 1904 367 45 järnvägsstyrelsen
1981 1918 67 22 an-

437 1949 75 34 fört
539 1949 187 44 följande:

571 2011 68 32 »Då
672 2011 143 33 behovet
847 2023 42 21 av
922 2013 109 32 denna
1053 2013 169 43 bangårds
1245 2015 215 42 ombyggnad
1484 2016 101 31 sedan
1609 2017 81 41 lång
1712 2016 49 33 tid
1784 2017 146 32 tillbaka
1953 2018 93 32 varit

438 2053 220 42 synnerligen
691 2054 204 42 trängande,
919 2065 100 22 anser
1042 2056 181 42 styrelsen,
1247 2059 52 29 att
1322 2058 131 31 arbetet
1476 2058 141 32 härmed
1640 2058 72 32 icke
1734 2060 117 41 längre
1875 2060 66 31 kan
1963 2063 84 29 utan

437 2095 88 31 våda
546 2095 260 43 undanskjutas.
853 2096 114 33 Såsom
992 2098 169 42 styrelsen
1183 2099 102 31 redan
1309 2100 39 31 år
1368 2101 80 31 1920
1471 2101 123 38 anfört,
1619 2106 57 26 äro
1699 2103 217 40 utrymmena
1932 2103 20 30 å
1967 2102 79 32 ban-

437 2136 126 42 gården
586 2138 217 41 synnerligen
827 2139 349 33 otillfredsställande.
1207 2140 176 33 Särskilda
1399 2142 241 43 godstågsspår
1655 2143 123 32 saknas
1794 2144 59 32 och
1870 2144 178 42 befintliga

438 2179 80 42 spår
551 2184 59 27 äro
645 2179 73 32 icke
752 2180 215 43 tillräckliga
1000 2182 51 31 för
1079 2183 184 41 rangering
1286 2183 60 32 och
1370 2184 239 43 uppställning
1642 2196 43 20 av
1717 2186 223 42 godsvagnar.
1985 2185 62 33 All

437 2220 144 43 växling
604 2222 52 31 för
680 2223 132 31 österut
834 2224 128 41 gående
985 2225 146 41 godståg
1154 2226 104 30 måste
1280 2225 57 32 ske
1354 2228 76 29 utåt
1446 2226 236 44 huvudlinjen,
1699 2228 109 32 vilket
1830 2228 127 32 medför
1972 2228 74 32 risk
