2186 2718
343 191 111 31 Andra
482 189 210 32 Kammarens
723 188 181 40 Tillfälliga
937 187 136 33 Utskotts
1101 185 82 48 (N:o
1211 182 38 50 4)
1281 185 167 34 Utlåtande
1475 186 62 32 N:o
1565 188 43 30 42
1700 185 18 28 3)

336 275 69 33 Och
434 274 51 33 får
513 274 113 32 Andra
655 274 222 32 Kammarens
906 274 117 39 Fjerde
1049 273 180 40 Tillfälliga
1245 274 145 39 Utskott,
1410 274 49 31 till
1477 273 128 32 hvilket
1623 271 142 32 nämnda

181 327 176 33 utlåtande
391 326 111 34 blifvit
530 326 219 40 remitteradt,
779 326 73 31 med
881 325 182 39 anledning
1092 324 97 33 häraf
1215 325 122 41 afgifva
1372 324 146 41 följande
1547 323 165 41 yttrande.

333 379 182 38 Utskottet,
555 377 125 32 hvilket
722 378 9 30 i
773 376 104 32 likhet
919 377 73 31 med
1034 376 116 32 Första
1176 376 220 32 Kammarens
1426 376 178 39 Tillfälliga
1635 375 135 32 Utskott

181 441 109 28 anser,
321 429 71 34 "att
432 428 40 33 då
515 429 38 31 13
592 429 19 39 $
650 428 10 31 i
701 426 261 40 författningen"
1005 428 139 32 rörande
1173 428 98 32 dessa
1300 427 111 41 frågor
1439 427 149 32 "lemnar
1617 426 152 41 myndig-

182 483 139 31 heterna
362 480 181 39 tillräcklig
581 478 195 40 befogenhet
808 481 48 29 att
883 478 140 39 indraga
1054 479 359 39 utskänkningsrätten
1443 480 7 30 i
1480 479 161 31 händelse
1671 477 101 31 oord-

182 534 119 36 ningar
342 532 107 31 dertill
496 530 182 37 föranleda,
718 530 58 31 bör
818 529 34 31 af
893 530 194 35 nuvarande
1122 529 230 32 förhållanden
1392 529 107 40 någon
1545 529 223 36 väsentligare

181 584 186 40 olägenhet,
409 592 51 22 om
504 583 61 30 den
608 582 163 37 inträffar,
800 581 71 31 icke
900 581 118 30 kunna
1049 581 97 39 länge
1175 580 169 39 fortfara",
1373 590 99 22 anser
1497 582 70 38 just
1597 580 34 31 af
1658 580 109 30 denna

182 636 112 37 orsak,
325 638 47 29 att
402 634 114 31 vidare
544 632 309 38 lagbestämmelser
882 631 113 32 härom
1030 632 72 31 icke
1130 636 57 27 äro
1217 632 231 40 erforderliga;
1476 632 162 31 likaledes
1662 630 109 32 finner

183 685 172 34 Utskottet
396 685 72 31 icke
510 683 152 39 lämpligt
690 687 48 27 att
766 682 49 32 för
842 682 175 32 förseelser
1046 682 34 31 af
1106 681 257 40 ifrågavarande
1389 683 232 32 beskaffenhet
1650 679 119 34 föreslå

182 736 36 32 så
260 739 135 36 stränga
438 734 403 40 ansvarsbestämmelser,
883 736 49 30 att
973 734 46 31 till
1049 733 61 32 och
1140 735 73 30 med
1241 734 251 39 fängelsestraff
1517 734 107 31 skulle
1653 734 116 30 kunna

181 787 148 33 ådömas.

335 838 158 31 Deremot
533 837 93 31 delar
664 836 171 32 Utskottet
876 837 61 32 den
980 837 226 40 uppfattning,
1249 846 68 22 som
1361 837 85 39 gjort
1488 836 48 39 sig
1578 836 194 40 gällande
1752 832 25 49 i

182 892 118 31 Första
342 889 221 31 Kammarens
605 887 178 40 Tillfälliga
823 887 137 33 Utskott
989 888 123 38 derom,
1145 891 49 29 att
1222 889 76 39 den,
1315 897 64 21 som
1414 888 163 38 förbryter
1606 888 49 38 sig
1684 888 89 30 emot

183 939 259 43 ifrågavarande
471 939 203 40 förordning,
691 937 52 33 må
773 940 116 30 kunna
918 939 115 32 dömas
1062 939 48 32 till
1140 940 163 33 särskildt
1332 948 122 23 ansvar
1482 938 48 32 för
1551 938 113 39 hvarje
1684 939 88 38 gång

183 994 67 32 han
279 992 148 33 tilltalas.

335 1042 46 33 På
410 1042 107 40 grund
548 1041 34 32 af
607 1041 87 32 hvad
724 1040 169 32 Utskottet
922 1040 109 31 anfört
1059 1040 185 40 tillstyrker
1272 1038 97 34 alltså
1388 1040 187 33 Utskottet:
1595 1043 46 28 att
1661 1039 112 31 Andra

183 1097 203 31 Kammaren
428 1093 121 32 endast
590 1091 36 33 så
655 1091 102 32 måtte
787 1092 129 31 biträda
947 1091 55 32 det
1031 1091 35 31 af
1091 1091 117 32 Första
1238 1091 202 32 Kammaren
1470 1092 8 30 i
1508 1095 110 28 ämnet
1648 1090 125 33 fattade

184 1147 121 41 beslut,
334 1149 49 29 att

586 1194 45 33 1:0
660 1193 190 39 Riksdagen
891 1192 100 32 måtte
1020 1193 9 31 i
1058 1192 212 40 underdånig
1298 1192 173 32 skrifvelse
1501 1192 188 41 hemställa,
1719 1192 56 32 det

584 1245 118 39 Kongl.
746 1243 235 37 förordningen
1020 1244 62 30 den
1115 1244 36 30 18
1181 1243 194 40 September
1405 1244 78 31 1874
1512 1243 173 40 angående
1712 1243 64 32 vil-

585 1297 103 30 koren
731 1296 48 30 för
820 1295 199 39 försäljning
1051 1295 48 30 till
1141 1294 161 40 förtäring
1342 1293 43 42 på
1426 1294 112 33 stället
1572 1294 35 32 af
1631 1295 54 31 vin
1714 1294 59 31 och

587 1347 224 39 maltdrycker
849 1356 38 20 m.
930 1356 39 20 m.
1013 1344 101 32 måtte
1155 1345 175 33 förändras
1364 1346 221 32 derutinnan:
1615 1349 49 29 att
1693 1355 81 22 ena-

585 1397 115 32 handa
730 1397 147 38 ordalag,
907 1406 68 21 som
1005 1395 181 32 förefinnas
1215 1397 9 30 i
1252 1397 40 30 49
1318 1399 16 39 8
1355 1397 35 30 af
1403 1396 117 39 Kongl.
1537 1396 235 39 förordningen

587 1448 63 32 den
696 1448 36 31 18
774 1447 196 40 September
1010 1448 79 30 1874
1131 1446 172 41 angående
1346 1447 195 40 försäljning
1575 1447 34 31 af
1634 1447 138 32 bränvin

585 1509 39 21 m.
645 1509 50 26 m.,
713 1498 52 31 må
794 1498 116 41 inflyta
938 1500 9 29 i
977 1499 81 41 11.8
1087 1500 13 29 1
1133 1508 94 21 mom.
1258 1499 35 31 af
1319 1498 229 32 förstnämnda
1570 1498 205 40 författning,

588 1549 36 31 så
664 1554 47 27 att
751 1550 214 40 lagbrytaren
1010 1551 50 29 må
1100 1551 113 29 dömas
1243 1551 48 30 till
1322 1560 122 21 ansvar
1472 1550 48 30 för
1548 1550 112 39 hvarje
1688 1548 88 40 gång

587 1601 167 39 stämning
796 1600 164 33 utfärdats
1002 1602 60 30 och
1092 1600 166 40 delgifvits
1289 1604 86 28 samt
1405 1593 74 39 han
1498 1601 107 31 blifvit
1632 1610 51 21 om
1713 1600 64 31 för-

588 1652 125 32 seelsen
743 1652 195 32 förvunnen.

342 1703 213 32 Beträffande
599 1703 155 40 slutligen
786 1703 127 31 Herrar
953 1703 171 38 Engmans
1166 1704 59 29 och
1263 1702 64 32 Jan
1359 1703 225 38 Magnussons
1614 1702 163 31 motioner

195 1754 49 31 får
286 1754 181 40 Utskottet,
495 1756 73 29 med
612 1754 213 40 åberopande
863 1755 33 30 af
922 1754 85 31 hvad
1039 1753 169 33 Utskottet
1237 1754 59 31 här
1324 1753 97 32 ofvan
1452 1754 60 31 och
1542 1753 87 32 förut
1657 1753 119 40 anfört,

188 1805 187 40 hemställa,

593 1856 50 31 2:0
673 1859 47 28 att
748 1856 96 32 dessa
875 1856 164 33 motioner
1067 1854 100 33 måtte
1195 1855 130 31 lemnas
1354 1856 80 29 utan
1464 1854 102 32 bifall.

352 1938 191 32 Stockholm
577 1940 62 31 den
668 1940 19 31 3
715 1940 66 40 Maj
807 1940 86 31 1876.

755 2021 54 36 På
835 2021 200 36 Utskottets
1064 2026 144 42 vägnar:

839 2104 88 36 Ivar
954 2105 181 35 Månsson.

295 2260 76 32 Bih.
401 2261 52 30 till
480 2259 115 32 Riksd.
624 2260 86 31 Prot.
739 2262 85 29 1876.
886 2262 21 29 8
934 2259 98 34 Saml.
1058 2262 23 29 2
1108 2258 68 39 Afd
1212 2261 24 30 2
1263 2259 105 32 Band.
1397 2261 44 29 25
1468 2258 91 39 Häft.
1714 2267 19 22 2
