1887 2828
241 143 39 29 88
502 146 450 37 Konstitutionsutskoltets
977 155 180 31 memorial
1183 167 41 20 nr
1254 159 36 30 15
1314 159 38 30 år
1377 160 84 31 1968

282 226 51 30 Av
359 227 255 42 handlingarna
641 231 8 29 i
676 232 107 30 målet
807 234 163 40 framgår,
998 239 49 27 att
1074 238 56 29 det
1155 240 151 36 område,
1333 242 45 39 på
1402 244 106 30 vilket
1534 246 38 30 O.
1600 254 124 32 genom

238 271 66 30 den
326 272 228 41 överklagade
575 276 236 32 resolutionen
831 279 139 32 erhållit
990 281 158 32 tillstånd
1170 286 49 29 att
1239 286 142 31 bedriva
1400 289 76 30 täkt
1497 299 41 21 av
1558 299 92 32 grus,
1672 293 53 29 in-

237 317 60 39 går
316 317 10 30 i
347 327 42 21 en
410 320 108 30 större
540 321 276 41 grusfyndighet,
840 334 73 21 som
935 328 154 30 sträcker
1111 330 49 39 sig
1180 331 86 29 även
1287 333 79 29 över
1388 335 109 30 andra
1518 337 203 40 fastigheter

240 363 44 28 än
302 362 74 31 O:s.
395 365 49 29 På
459 367 113 37 grund
590 367 108 30 härav
714 369 88 30 hade
821 370 38 30 O.
876 371 77 30 bort
971 373 169 31 avkrävas
1157 385 43 19 en
1217 377 160 40 täktplan
1395 390 43 19 av
1456 381 108 30 sådan
1582 384 142 30 omfatt-

236 408 92 39 ning,
351 411 49 27 att
422 409 67 30 den
511 411 128 30 tillåter
661 422 42 20 en
726 415 134 30 samlad
880 416 211 42 bedömning
1113 429 41 20 ur
1175 423 392 42 naturvårdssynpunkt
1590 437 42 21 av
1654 429 67 30 den

235 453 155 30 tekniskt
415 455 64 29 och
505 456 220 32 ekonomiskt
750 460 235 32 rationellaste
1010 465 280 41 exploateringen
1315 478 41 20 av
1381 470 77 30 hela
1482 472 238 41 fyndigheten,

234 498 109 30 innan
364 500 157 31 tillstånd
541 502 51 29 till
613 505 160 37 grustäkt
793 506 191 32 meddelats
1005 509 138 36 honom,
1165 515 132 28 oavsett
1317 523 55 21 om
1394 516 73 29 täkt
1487 517 11 29 i
1519 518 108 30 sådan
1648 529 72 20 om-

234 543 153 41 fattning
413 546 159 31 kommer
598 550 50 28 att
674 549 123 31 beröra
823 552 85 30 även
936 554 110 30 andra
1072 555 204 41 fastigheter
1303 560 44 28 än
1374 561 75 30 O:s.
1478 562 125 32 Vidare
1630 565 88 30 hade

233 589 249 41 länsstyrelsen
500 593 77 30 bort
597 595 81 38 göra
698 595 58 30 sitt
775 595 157 33 tillstånd
951 599 51 29 till
1021 600 75 30 täkt
1115 612 42 19 av
1174 610 82 32 grus
1274 604 10 29 i
1303 604 226 41 fyndigheten
1547 609 170 32 beroende

234 644 41 21 av
300 637 50 28 att
376 637 179 31 sökanden
581 640 118 30 ställer
725 642 160 31 säkerhet
912 644 55 30 för
992 645 235 41 fullgörandet
1252 659 42 20 av
1318 651 41 29 de
1385 652 229 38 föreskrifter,
1643 665 74 21 som

237 681 70 29 kan
332 682 159 31 utfärdas
516 684 54 30 för
595 687 49 28 att
668 687 171 39 begränsa
864 689 83 30 eller
969 692 182 30 motverka
1175 696 369 42 grustäktsföretagets
1568 701 151 41 menliga

236 726 170 32 inverkan
422 729 45 39 på
484 730 320 41 landskapsbilden.

279 772 94 31 Enär
397 774 251 41 länsstyrelsen
673 778 189 31 underlåtit
887 781 67 30 vad
978 781 95 31 förut
1100 785 102 38 sagts,
1229 785 91 31 visar
1345 787 126 41 Kungl.
1496 790 115 40 Maj:t,
1639 793 80 29 med

235 817 268 41 undanröjande
522 831 41 20 av
582 821 66 30 den
668 824 229 40 överklagade
914 827 245 37 resolutionen,
1179 831 106 30 målet
1305 832 73 30 åter
1396 833 52 30 till
1467 835 250 41 länsstyrelsen

234 862 53 29 för
309 872 47 28 ny
374 864 222 40 behandling.

279 952 49 30 17.
360 953 74 34 (Jo)
459 955 53 29 En
532 956 226 32 lantbrukare
780 960 118 30 anhöll
919 970 57 20 om
996 962 158 32 tillstånd
1176 965 106 39 enligt
1301 966 343 43 jordförvärvslagen
1665 973 50 28 att

232 996 162 31 förvärva
415 999 93 31 vissa
530 1000 214 40 fastigheter.
767 1004 372 41 Lantbruksstyrelsen
1162 1010 244 32 överlämnade
1428 1014 80 29 med
1530 1016 74 37 eget
1626 1016 90 29 utlå-

232 1041 105 30 tande
352 1042 110 39 jämte
479 1044 239 33 införskaffad
736 1049 186 40 utredning
940 1051 142 31 ärendet
1099 1053 52 30 till
1168 1053 126 41 Kungl.
1313 1056 104 40 Maj:t
1436 1057 56 31 för
1508 1060 206 38 avgörande.

271 1086 125 40 Kungl.
411 1088 105 37 Maj:t
531 1091 137 38 yttrade
683 1092 10 29 i
708 1092 114 31 beslut
836 1094 68 30 den
917 1095 54 35 6/7
990 1096 98 31 1967:

271 1132 175 31 Eftersom
474 1135 241 40 ansökningen
743 1138 55 29 får
826 1148 100 21 anses
955 1141 100 39 gjord
1083 1143 122 30 endast
1234 1145 109 30 under
1372 1146 261 42 förutsättning,
1661 1152 52 28 alt

226 1176 318 33 förvärvstillstånd
562 1180 75 30 icke
654 1182 177 31 meddelas
847 1184 221 32 beträffande
1085 1190 107 28 annat
1209 1189 83 40 fång
1310 1200 74 20 som
1402 1201 97 21 avser
1516 1193 44 30 bl.
1575 1204 28 19 a.
1623 1204 89 20 sam-

224 1230 58 21 ma
306 1223 167 38 egendom
498 1225 64 29 och
587 1226 44 29 då
656 1227 124 30 sådant
804 1229 158 30 tillstånd
986 1232 192 31 meddelats
1202 1234 222 32 beträffande
1448 1239 154 30 nämnda
1628 1240 83 39 fång

230 1266 67 30 den
315 1267 52 30 1/6
386 1268 92 36 1967,
496 1272 128 38 upptar
640 1271 125 41 Kungl.
782 1274 106 39 Maj:t
904 1275 76 30 icke
997 1278 242 40 ansökningen
1254 1280 52 30 till
1323 1282 180 40 prövning.

275 1347 49 30 18.
356 1349 74 34 (Jo)
452 1350 224 40 Fastigheten
696 1353 31 30 S.
749 1355 29 27 14
798 1355 10 28 i
827 1355 39 30 H.
888 1357 127 29 socken
1034 1359 64 28 och
1117 1359 170 30 kommun
1307 1362 36 28 är
1362 1363 144 38 belägen
1525 1364 95 29 inom
1639 1374 72 20 om-

228 1391 82 30 råde
327 1392 54 31 för
397 1394 106 30 vilket
519 1395 58 29 KB
593 1396 11 29 i
620 1396 24 30 C
659 1397 58 30 län
734 1398 67 30 den
817 1399 75 34 31/8
912 1400 82 30 1959
1011 1402 174 31 meddelat
1201 1404 128 31 förbud
1343 1406 142 39 jämlikt
1504 1408 14 29 1
1540 1408 15 37 $
1575 1410 135 30 strand-

226 1436 100 40 lagen
348 1439 65 29 och
435 1439 67 30 den
524 1440 53 33 3/9
603 1441 81 30 1963
709 1442 167 32 fastställt
898 1446 475 40 utomplansbestämmelser.
1399 1451 111 31 Sedan
1533 1453 38 31 A.
1596 1454 31 31 S.
1651 1464 60 20 an-

226 1481 99 30 hållit
345 1492 56 20 om
420 1484 158 31 tillstånd
597 1488 50 27 att
667 1487 218 40 färdigställa
904 1499 42 21 en
966 1494 208 38 sportstuga,
1196 1503 74 21 som
1289 1497 86 29 utan
1393 1497 230 41 vederbörligt
1642 1500 67 29 till-

227 1526 102 31 stånd
349 1528 162 40 uppförts
531 1531 45 38 på
595 1533 49 27 ett
664 1541 43 21 av
725 1532 113 32 henne
859 1536 202 30 arrenderat
1081 1538 142 31 område
1243 1549 43 20 av
1306 1540 219 41 fastigheten,
1548 1544 88 29 utlät
1658 1545 52 39 sig

225 1570 59 30 KB
302 1572 11 29 i
330 1574 193 30 resolution
542 1575 66 30 den
630 1576 74 33 14/4
726 1577 82 31 1966
830 1579 162 32 sålunda:
1014 1581 95 31 Enär
1128 1582 238 33 förekomsten
1386 1596 42 20 av
1446 1596 42 21 en
1509 1590 199 39 sportstuga

224 1615 44 40 på
290 1616 266 41 ifrågavarande
579 1621 90 39 plats
694 1623 37 29 är
755 1623 112 39 ägnad
889 1627 50 27 att
962 1628 181 29 motverka
1166 1629 105 39 syftet
1294 1631 79 29 med
1397 1632 223 41 strandlagen
1643 1635 65 29 och

223 1663 245 30 motsvarande
486 1665 263 32 bestämmelser
769 1669 10 28 i
799 1670 320 40 naturvårdslagen,
1143 1676 88 27 samt
1251 1675 359 42 byggnadsföretaget,
1632 1687 72 21 som

223 1706 55 29 får
302 1716 101 21 anses
426 1708 173 31 innefatta
622 1712 265 40 tätbebyggelse,
912 1714 115 31 tillika
1049 1717 110 29 måste
1183 1720 144 38 antagas
1352 1720 174 41 föregripa
1549 1723 64 29 och
1638 1724 69 29 för-

224 1751 99 30 svåra
346 1754 47 27 ett
416 1753 167 31 framtida
605 1756 229 41 planmässigt
857 1759 178 32 ordnande
1059 1770 42 21 av
1121 1763 158 30 området
1301 1764 11 29 i
1335 1764 107 40 fråga,
1466 1767 128 39 prövar
1614 1767 91 30 läns-

223 1797 169 37 styrelsen
418 1798 126 39 skäligt
568 1800 119 31 lämna
711 1803 241 39 ansökningen
977 1807 85 28 utan
1087 1807 108 35 bifall,
1222 1809 9 28 i
1258 1809 89 39 följd
1371 1820 106 20 varav
1500 1812 205 39 byggnaden

223 1841 88 29 skall
326 1842 187 40 borttagas.

260 1885 85 30 A.S.
359 1886 189 32 besvärade
564 1889 50 39 sig
629 1890 62 30 hos
706 1890 125 41 Kungl.
847 1893 115 37 Maj:t.

260 1930 125 40 Kungl.
402 1932 104 37 Maj:t
521 1935 137 38 yttrade
673 1935 10 30 i
698 1936 114 30 beslut
826 1938 66 29 den
909 1939 73 35 13/1
1003 1940 98 31 1967:

260 1976 102 35 Enär,
381 1977 116 30 såsom
514 1979 248 40 länsstyrelsen
780 1982 127 35 funnit,
926 1984 238 31 förekomsten
1182 1996 40 20 av
1239 1997 41 20 en
1300 1991 198 38 sportstuga
1514 1991 45 39 på
1575 1991 127 40 ifråga-

214 2021 151 29 varande
386 2022 92 39 plats
499 2023 111 31 måste
632 2034 101 22 anses
755 2027 113 39 ägnad
890 2030 49 28 att
960 2031 180 29 motverka
1164 2032 103 39 syftet
1290 2033 78 30 med
1392 2035 222 40 strandlagen
1636 2038 63 28 och

213 2066 245 31 motsvarande
481 2068 262 32 bestämmelser
766 2071 10 29 i
801 2073 321 41 naturvårdslagen,
1148 2076 116 30 finner
1287 2077 125 41 Kungl.
1437 2080 105 37 Maj:t
1566 2081 29 37 ej
1623 2082 74 30 skäl

214 2111 49 27 alt
286 2111 81 38 göra
391 2112 149 40 ändring
562 2113 11 30 i
595 2114 56 30 det
676 2116 68 29 slut
767 2117 267 39 länsstyrelsens
1058 2121 189 29 resolution
1271 2123 203 36 innehåller,
1499 2125 9 29 i
1533 2126 66 29 vad
1622 2127 77 29 där-

217 2154 137 38 igenom
373 2156 214 40 klagandens
606 2161 198 40 ansökning
820 2162 153 31 lämnats
991 2166 85 28 utan
1094 2165 109 31 bifall.

263 2235 47 29 19.
342 2236 72 34 (In)
444 2238 414 34 Länsbostadsnämnden
885 2244 9 28 i
919 2245 25 28 Z
970 2245 58 29 län
1052 2247 119 39 avslog
1194 2257 40 19 en
1261 2250 157 29 ansökan
1444 2260 42 20 av
1509 2252 44 29 M.
1578 2252 37 29 L.
1641 2262 55 20 om

213 2280 178 32 räntefritt
411 2282 142 31 stående
573 2284 288 41 förbättringslån
880 2289 43 38 på
946 2289 38 30 10
999 2290 62 30 000
1080 2291 52 30 kr.
1153 2291 53 30 för
1225 2294 237 40 upprustning
1480 2304 43 21 av
1540 2296 157 31 bostads-

213 2324 102 31 huset
337 2327 43 38 på
402 2336 41 20 en
465 2328 359 42 jordbruksfastighet
846 2333 10 29 i
878 2334 36 29 L.
938 2334 179 31 kommun.
1141 2337 416 33 Länsbostadsnämnden
1580 2342 117 29 åbero-

212 2370 89 38 pade
326 2379 72 22 som
425 2372 75 30 skäl
526 2373 54 30 för
604 2374 147 31 beslutet
778 2379 49 28 att
851 2378 365 40 brukningsenhetens
1241 2383 98 29 åker-
1364 2384 65 29 och
1455 2381 240 49 skogsmarks-

213 2415 91 29 areal
325 2416 221 32 erfordrades
566 2419 54 29 för
638 2420 228 39 jordbrukets
886 2420 452 52 strukturrationalisering.

253 2460 330 41 Bostadsstyrelsen,
612 2464 62 30 där
700 2466 122 30 besvär
849 2468 173 35 anfördes,
1051 2470 86 29 fann
1163 2472 30 35 ej
1225 2473 73 28 skäl
1327 2476 48 26 att
1403 2475 81 38 göra
1511 2476 147 39 ändring
1683 2477 12 28 i

207 2504 419 35 länsbostadsnämndens
639 2510 124 30 beslut.
