2194 2624
474 155 358 43 Bevillningsutskottets
855 159 194 31 betänkande
1072 160 48 30 Nr
1142 161 51 30 43.
1242 161 289 34 Reservationer.
1719 166 41 31 23

209 233 93 34 1920
336 233 174 48 utgjorde
539 235 150 46 58,743,
719 235 97 36 intill
845 236 71 36 den
949 239 18 33 7
998 238 73 46 maj
1105 240 94 34 1921
1231 239 184 37 minskats
1445 241 83 35 med
1558 243 47 34 38
1634 250 165 40 procent.

202 283 105 36 Inom
338 284 315 37 textilindustrien
684 286 67 36 har
779 289 141 35 antalet
948 289 182 47 arbetare,
1161 303 79 23 som
1271 291 71 36 den
1374 294 16 33 1
1417 292 85 46 juni
1525 295 96 34 1920
1643 294 62 36 vid
1730 297 68 34 147

200 335 222 37 redovisade
450 336 56 35 till
536 335 178 50 Sveriges
744 340 435 37 textilindustriförbund
1223 342 178 37 anslutna
1445 344 148 48 företag
1624 346 178 48 utgjorde

201 388 152 45 27,306,
396 388 183 36 minskats
622 390 82 35 med
748 391 103 35 cirka
893 392 48 34 30
969 398 167 41 procent,
1167 394 120 35 under
1316 394 63 36 det
1408 401 52 29 att
1489 397 140 35 antalet
1658 398 140 36 arbets-

200 437 153 36 timmar
395 451 66 35 per
502 440 118 35 vecka
662 440 58 36 för
748 441 46 36 de
835 442 259 37 kvarvarande
1140 444 219 37 inskränkts
1402 447 54 34 till
1491 449 47 33 46
1568 455 159 41 procent
1756 462 45 22 av

200 488 63 35 det
291 490 179 35 normala.

330 539 128 37 Skulle
486 555 51 22 nu
565 542 82 35 icke
676 548 54 30 ett
757 543 89 36 ökat
874 544 121 48 skydd
1025 545 154 36 beredas
1207 546 223 48 industrien,
1460 548 68 36 har
1558 562 85 23 man
1672 551 128 36 starka

199 590 82 35 skäl
324 596 55 30 att
418 592 139 47 frukta,
588 599 54 29 att
668 594 287 49 påfrestningen
984 596 95 35 skall
1108 596 100 36 bliva
1236 600 40 33 så
1305 604 87 41 stor,
1422 604 55 31 att
1504 613 45 23 en
1576 602 223 48 ytterligare

197 641 282 50 inskränkning
507 665 48 5 —
585 645 11 35 i
625 647 140 47 många
792 646 65 35 fall
886 653 53 29 ett
967 648 109 35 totalt
1104 648 227 37 inställande
1358 671 48 4 —
1436 664 46 22 av
1503 651 136 37 driften
1662 653 71 36 blir
1753 667 45 23 en

198 693 296 49 nödvändighet.
551 695 82 37 Den
661 697 237 37 omedelbara
927 698 142 49 följden
1098 699 114 36 härav
1243 700 106 37 bleve
1372 702 44 47 ju
1446 715 45 22 en
1521 703 94 49 högt
1644 706 152 46 stegrad

197 745 262 48 arbetslöshet,
488 760 87 23 vars
599 748 280 37 konsekvenser
907 750 31 47 ej
969 755 100 31 ännu
1098 751 128 36 kunna
1255 752 77 36 helt
1350 753 244 48 överblickas,
1611 769 86 23 men
1716 769 80 23 som

198 797 268 49 otvivelaktigt
503 802 119 33 måste
658 799 102 37 bliva
796 801 204 48 ödesdigra
1027 802 82 36 icke
1137 802 94 37 blott
1260 804 58 35 för
1345 804 209 38 industrien
1583 807 97 47 själv
1708 814 89 30 utan

197 852 95 32 även
335 848 56 36 för
432 855 143 31 statens
617 851 70 35 och
722 852 294 37 kommunernas
1044 854 163 35 finanser
1235 855 69 36 och
1334 856 59 35 för
1420 856 46 37 de
1494 858 138 35 sociala
1661 859 137 36 förhål-

196 899 162 36 landena
384 900 12 35 i
425 901 136 36 landet.

326 950 55 37 De
423 952 177 37 framtida
628 953 186 48 följderna
842 955 58 35 för
927 955 209 37 industrien
1166 970 46 22 av
1240 970 46 23 en
1315 958 316 38 driftsinställelse
1661 975 45 22 av
1733 967 64 31 vä-

197 1002 158 48 sentligt
382 1008 117 31 större
528 1004 232 49 omfattning
787 1010 48 31 än
864 1006 72 36 den
964 1008 219 36 nuvarande
1211 1012 119 33 måste
1357 1010 153 36 komma
1543 1017 53 30 att
1615 1013 181 37 innebära

196 1054 200 48 allvarliga
424 1055 113 47 faror,
567 1069 78 23 som
675 1056 114 37 redan
818 1071 52 22 nu
898 1058 128 37 kunna
1055 1059 174 37 förutses.
1287 1060 265 39 BStillastående
1580 1068 41 31 är
1648 1067 48 46 på
1724 1066 72 35 alla

195 1105 181 37 områden
418 1106 180 50 liktydigt
639 1109 85 35 med
754 1109 273 49 tillbakagång.
1084 1110 136 38 Ställas
1249 1118 102 31 stora
1379 1114 102 36 delar
1508 1128 48 22 av
1584 1116 210 37 industrien

196 1157 101 36 inför
337 1158 333 50 nödvändigheten
714 1166 54 30 att
809 1162 182 36 avveckla
1032 1165 47 47 på
1116 1163 197 37 obestämd
1341 1165 164 45 framtid,
1535 1167 195 48 upphäves
1759 1170 33 47 ej

196 1208 95 37 blott
332 1209 85 37 dess
457 1211 161 36 kontakt
658 1212 85 36 med
772 1212 257 38 kundkretsen
1058 1215 100 35 inom
1188 1216 71 36 och
1288 1222 103 31 utom
1420 1218 140 46 landet,
1589 1225 91 30 utan
1709 1220 85 36 hela

195 1260 73 36 den
311 1261 59 36 del
398 1275 46 23 av
481 1262 209 48 samhället,
720 1277 81 23 som
831 1265 124 36 direkt
983 1266 69 35 och
1081 1266 163 37 indirekt
1272 1269 99 35 varit
1398 1269 186 37 beroende
1613 1284 47 23 av
1686 1271 108 37 indu-

194 1312 129 47 strien,
339 1312 168 37 kommer
526 1319 55 31 att
600 1314 319 50 desorganiseras,
936 1317 69 36 den
1026 1317 260 50 fackkunniga
1304 1321 222 47 personalen
1545 1327 54 30 att
1617 1322 177 50 skingras

194 1363 70 36 och
304 1370 102 30 stora
446 1366 312 36 nationalvärden
787 1373 55 30 att
870 1368 136 49 läggas
1036 1369 103 36 åsido
1168 1372 124 34 såsom
1322 1371 82 36 dött
1431 1372 152 49 kapital.
1639 1373 58 37 En
1727 1388 63 36 ny-

194 1416 260 47 organisation
491 1421 94 32 även
621 1418 119 36 under
767 1418 177 38 framtida
971 1433 294 36 gynnsammare
1293 1422 498 48 konjunkturförhållanden

193 1470 119 33 måste
354 1467 127 37 fordra
522 1471 139 46 många
702 1473 60 33 års
790 1471 182 36 intensivt
1000 1471 126 37 arbete
1154 1473 70 36 och
1251 1475 220 48 ytterligare
1499 1476 291 51 kapitalutlägg,

192 1525 93 30 utan
327 1526 55 29 att
421 1520 115 37 likväl
578 1522 175 36 säkerhet
789 1524 133 35 vinnes
950 1523 59 36 för
1037 1530 54 30 att
1120 1527 64 33 vår
1212 1526 164 36 svenska
1403 1527 161 37 industri
1592 1528 74 37 kan
1694 1532 96 34 åter-

192 1570 130 37 hämta
348 1572 72 36 vad
448 1585 79 23 som
557 1573 187 48 förlorats,
773 1574 90 36 eller
889 1575 123 36 hävda
1040 1576 58 36 sin
1127 1577 182 49 ställning
1336 1578 11 35 i
1380 1579 72 36 den
1472 1580 93 48 grad
1585 1593 81 23 som
1687 1582 103 36 fallet

191 1623 97 35 varit
325 1623 80 36 före
440 1624 265 49 världskriget,
735 1626 46 36 då
810 1626 194 37 frukterna
1032 1641 48 22 av
1107 1628 121 36 under
1256 1630 195 37 årtionden
1479 1632 155 49 nedlagt
1663 1633 127 48 arbete

191 1673 97 37 först
316 1677 48 46 på
392 1676 116 36 allvar
536 1676 156 49 började
720 1683 55 30 att
802 1678 83 36 visa
912 1679 69 48 sig.

323 1726 72 37 Det
422 1740 114 35 synes
565 1728 57 48 då,
651 1742 81 23 som
761 1741 61 24 om
852 1744 87 22 man
967 1731 82 36 icke
1078 1731 115 37 borde
1223 1732 112 36 tveka
1363 1739 55 31 att
1446 1734 167 50 tillgripa
1641 1736 45 36 de
1715 1750 75 23 me-

191 1777 70 47 del,
292 1791 81 23 som
402 1782 57 33 stå
488 1780 56 35 till
572 1780 95 36 buds
695 1781 58 36 för
781 1788 55 30 att
864 1785 40 33 så
931 1782 108 49 långt
1066 1784 152 48 möjligt
1246 1785 92 35 söka
1371 1786 115 49 lägga
1504 1787 286 37 förhållandena

191 1829 165 36 tillrätta.
413 1831 88 36 Man
529 1831 115 37 borde
671 1833 12 35 i
712 1832 102 37 detta
843 1834 277 49 sammanhang
1146 1835 130 37 kunna
1304 1836 126 38 bortse
1458 1838 82 36 från
1568 1839 135 48 frågan
1727 1853 58 23 om

191 1881 187 37 frihandel
419 1883 90 36 eller
549 1884 303 49 protektionism.
909 1885 71 37 Det
1020 1890 41 32 är
1101 1887 80 37 icke
1210 1894 55 29 ett
1292 1895 221 42 permanent
1540 1896 91 30 utan
1659 1896 54 31 ett
1742 1905 46 23 av

191 1933 153 36 särskilt
385 1934 182 37 abnorma
594 1935 261 38 förhållanden
884 1937 174 49 betingat
1085 1939 251 48 provisoriskt
1363 1941 90 36 ökat
1480 1942 196 49 tullskydd
1705 1957 80 23 som

190 1998 50 22 nu
275 1985 156 48 fordras,
461 1987 32 48 ej
524 1988 135 36 endast
686 1988 59 36 för
772 1988 234 38 industriens
1034 2003 96 35 egen
1159 1990 98 37 skull
1285 1997 90 31 utan
1403 1994 57 35 för
1487 1994 146 37 landets
1661 1995 12 35 i
1702 1995 85 37 dess

190 2036 139 43 helhet,
367 2043 41 43 ty
435 2038 209 38 industrien
673 2040 68 36 har
768 2041 160 36 kommit
956 2048 54 30 att
1037 2047 135 44 utgöra
1201 2055 46 24 en
1276 2044 66 35 allt
1370 2046 253 48 väsentligare
1651 2046 60 37 del
1739 2060 47 22 av

190 2088 63 36 det
280 2089 162 36 svenska
469 2091 261 49 näringslivet.
787 2092 73 37 Det
888 2098 40 31 är
956 2094 156 35 sålunda
1141 2099 53 32 ett
1213 2095 240 38 riksintresse
1474 2111 46 22 av
1539 2098 91 36 allra
1649 2103 137 32 största

188 2140 93 45 vikt,
324 2141 59 36 för
423 2142 117 37 vilket
579 2143 227 49 riksdagens
843 2144 83 36 stöd
956 2158 50 22 nu
1034 2145 167 48 begäres.
1258 2147 137 37 Härtill
1423 2148 136 49 kuyter
1587 2150 62 48 sig
1677 2151 106 36 ovill-

189 2192 143 48 korligt
360 2193 68 37 den
460 2194 241 47 reflexionen,
731 2200 53 32 att
812 2209 61 23 om
897 2196 102 37 detta
1017 2197 84 36 stöd
1124 2197 135 37 uteblir
1278 2199 245 49 erforderliga
1538 2201 247 37 skattemedel

191 2243 56 37 för
287 2244 63 36 det
390 2246 171 36 växande
589 2246 163 38 behovet
779 2261 47 23 av
853 2248 476 39 arbetslöshetsunderstöd
1358 2251 119 37 skulle
1507 2252 99 37 bliva
1634 2256 41 34 så
1701 2260 83 42 gott
