2190 2616
433 162 41 31 22
667 161 358 41 Bevillningsutskottets
1052 159 195 32 betänkande
1269 160 53 31 Nr
1345 160 51 31 43.
1442 159 291 32 Reservationer.

519 239 82 37 Den
630 239 120 36 under
777 239 171 36 normala
975 238 262 36 förhållanden
1265 237 165 36 rådande
1450 237 121 36 sunda
1587 237 285 36 konkurrensen
1888 237 99 37 olika

390 291 130 37 länder
548 291 159 36 emellan
749 290 68 36 har
858 293 47 46 på
934 290 123 36 denna
1084 289 124 48 grund
1236 290 73 35 fått
1337 289 88 36 vika
1454 288 58 37 för
1539 301 47 23 en
1614 288 114 48 kamp
1757 301 62 22 om
1848 294 140 31 avsätt-

391 343 420 48 ningsmöjligheterna,
856 355 80 22 som
979 341 165 36 medfört
1184 341 65 35 allt
1290 343 150 33 svårare
1482 340 135 48 följder
1645 339 57 36 för
1730 340 46 36 de
1805 340 11 35 i
1845 341 143 36 valuta-

391 395 214 36 hänseende
647 394 123 36 bättre
807 393 134 36 ställda
969 393 202 35 ländernas
1198 392 240 49 produktion.
1494 391 296 36 Konkurrensen
1819 391 68 35 har
1914 392 75 36 för-

390 447 98 35 lorat
532 447 60 35 sin
633 445 121 36 sunda
793 445 189 46 karaktär,
1025 449 68 31 när
1121 444 72 36 den
1221 443 279 36 kännetecknas
1529 456 47 23 av
1603 442 276 47 förhållanden,
1908 456 80 23 som

392 497 173 46 medfört,
595 503 56 30 att
678 497 230 48 exempelvis
950 496 281 36 arbetslönerna
1258 496 12 35 i
1299 495 194 48 Tyskland
1529 494 134 37 endast
1689 499 140 42 utgöra
1857 495 46 35 25
1933 494 56 36 til

393 551 47 34 30
469 555 157 43 procent
667 548 89 36 eller
797 553 100 31 ännu
939 547 146 37 mindre
1113 547 58 36 del
1199 560 47 22 av
1272 547 73 35 vad
1373 546 46 36 de
1448 547 12 35 i
1487 546 135 48 början
1650 559 47 22 av
1726 545 104 36 detta
1859 548 39 33 år
1926 545 63 36 be-

393 601 154 48 tingade
592 601 12 35 i
650 602 84 33 vårt
778 599 100 36 land.
934 599 74 36 Det
1053 598 164 49 tidigare
1253 597 442 50 jämviktsförhållandet
1737 597 68 36 har
1833 597 157 36 sålunda

393 653 176 49 upphört.

522 704 73 37 Om
642 717 46 22 en
735 703 105 49 dylik
880 703 235 36 konkurrens
1157 703 128 35 ostörd
1320 702 56 35 får
1412 702 138 47 fortgå,
1581 703 119 33 måste
1728 700 72 36 den
1831 700 33 49 ej
1895 700 95 36 blott

392 758 102 35 inom
523 756 88 36 kort
637 755 153 37 komma
818 760 54 30 att
908 754 189 48 ödelägga
1125 767 46 23 en
1200 759 77 31 stor
1305 753 61 36 del
1394 766 47 22 av
1468 759 68 29 vär
1563 752 160 36 industri
1751 759 93 28 utan
1872 754 117 33 måste

393 814 96 31 även
517 807 181 47 medföra,
727 812 54 30 att
809 806 324 36 arbetstillfällena
1161 806 67 35 och
1264 804 151 37 därmed
1443 803 461 49 existensmöjligheterna
1933 803 57 35 för

392 863 83 33 vårt
503 865 89 42 eget
632 858 108 36 lands
782 857 170 37 arbetare
980 858 66 35 allt
1074 870 104 23 mera
1205 856 181 46 minskas,
1415 856 119 36 under
1563 855 62 37 det
1665 855 196 47 samtidigt
1888 854 102 36 täck-

393 912 142 48 ningen
578 924 46 22 av
665 910 61 36 det
766 909 264 48 föreliggande
1071 908 69 36 och
1174 907 304 50 uppkommande
1506 907 258 36 varubehovet
1792 906 87 36 sker
1906 905 83 37 med

393 976 122 34 varor,
544 962 123 36 vilkas
694 961 284 48 framställning
1014 960 163 36 skänker
1204 960 295 48 sysselsättning
1527 962 38 32 åt
1593 957 188 37 utlandets
1812 957 176 37 arbetare.

524 1014 59 36 Av
625 1014 60 48 sig
726 1013 120 49 själva
885 1012 127 36 kunna
1040 1012 281 47 verkningarna
1350 1025 46 22 av
1424 1024 46 23 en
1499 1010 117 36 sådan
1644 1010 238 35 konkurrens
1909 1009 82 36 icke

394 1066 265 36 neutraliseras
686 1065 76 36 förr
789 1069 48 31 än
864 1063 414 37 valutaförhållandena
1311 1062 248 36 stabiliserats
1588 1061 70 36 och
1686 1063 48 46 på
1763 1061 124 35 denna
1915 1065 77 43 väg

390 1118 215 49 jämvikten
652 1116 214 47 återställts,
909 1115 33 36 d.
985 1129 36 22 v.
1052 1128 27 23 8
1116 1119 67 31 när
1211 1114 370 47 undervärderingen
1611 1115 80 33 utåt
1719 1112 69 36 och
1817 1117 173 31 övervär-

396 1169 182 47 deringen
607 1168 79 36 inåt
713 1167 178 49 upphört.
947 1167 78 36 När
1053 1167 71 35 och
1152 1166 96 36 huru
1276 1165 103 37 detta
1407 1166 73 35 kan
1511 1166 154 34 komma
1694 1168 54 32 att
1767 1164 78 46 ske,
1863 1163 127 36 därom

396 1226 85 31 veta
507 1221 39 35 vi
574 1220 106 36 intet.

525 1272 84 36 Den
651 1271 102 48 höga
783 1270 203 37 lönenivån
1015 1270 70 36 och
1115 1269 45 37 de
1188 1269 95 49 högt
1311 1268 212 49 uppdrivna
1552 1268 145 36 frakter
1724 1267 102 36 inom
1854 1266 137 46 landet,

396 1337 81 23 som
519 1330 122 42 tynga
680 1325 67 34 vår
787 1335 96 36 egen
921 1322 242 48 produktion,
1192 1321 96 36 hava
1317 1326 96 30 även
1441 1320 164 36 medfört
1632 1332 46 23 en
1706 1318 212 49 skärpning
1945 1331 46 22 av

394 1376 287 35 konkurrensen
723 1374 83 36 från
844 1374 141 36 sådana
1030 1373 143 47 länder,
1214 1372 122 36 vilkas
1376 1372 140 45 valuta,
1553 1378 94 41 gent
1674 1376 101 30 emot
1802 1372 79 43 vår,
1909 1369 82 36 icke

394 1427 97 36 varit
519 1425 317 47 undervärderad,
866 1425 69 36 och
964 1425 59 35 för
1051 1425 104 35 vissa
1183 1424 301 47 industrigrenar
1512 1425 120 33 måste
1660 1426 96 32 även
1773 1421 120 36 denna
1915 1433 76 23 om-

396 1477 218 49 ständighet
642 1477 178 36 tillmätas
849 1476 218 47 avgörande
1097 1475 203 49 betydelse.
1357 1475 15 34 I
1414 1474 45 36 de
1488 1474 111 36 flesta
1627 1473 66 36 fall
1721 1478 40 31 är
1789 1473 63 36 det
1880 1472 112 36 emel-

395 1530 110 36 lertid
542 1529 63 36 det
646 1529 12 35 i
700 1529 63 36 det
801 1527 226 49 föregående
1055 1527 160 36 berörda
1242 1526 145 36 osunda
1415 1525 466 45 konkurrensfenomenet,
1911 1536 80 23 som

398 1582 161 36 medfört
588 1581 45 36 de
661 1579 311 49 utomordentligt
999 1578 200 48 allvarliga
1228 1577 274 47 förhållanden,
1531 1577 103 35 vilka
1661 1590 51 22 nu
1740 1577 12 35 i
1773 1579 137 44 många
1929 1575 64 36 fall

396 1633 191 48 lamslagit
617 1635 66 33 vår
711 1631 163 37 svenska
901 1631 173 35 industri.

526 1685 74 35 Det
646 1686 60 33 må
749 1683 127 48 villigt
921 1683 200 45 erkännas,
1164 1687 54 30 att
1260 1680 271 49 depressionen
1558 1679 224 50 ytterligare
1811 1679 183 35 förvärrat

397 1737 115 48 läget,
541 1749 87 23 men
657 1740 92 31 även
778 1748 61 23 om
869 1734 220 36 densamma
1117 1734 102 35 inom
1248 1733 73 35 den
1342 1732 91 36 allra
1448 1736 190 32 närmaste
1653 1731 204 36 framtiden
1873 1729 120 37 skulle

397 1788 129 36 kunna
553 1787 136 36 tänkas
716 1787 185 48 upphöra,
943 1785 121 37 skulle
1106 1785 102 36 detta
1244 1784 120 48 enligt
1391 1787 66 33 vår
1484 1784 160 48 mening
1671 1783 33 47 ej
1734 1783 129 35 kunna
1890 1780 100 37 med-

399 1840 80 36 föra
508 1852 126 23 annan
663 1838 222 47 förändring
913 1850 45 23 av
986 1837 104 47 läget
1118 1841 47 31 än
1206 1841 64 42 att,
1313 1848 60 23 om
1415 1835 89 36 ökat
1531 1834 193 49 tullskydd
1754 1834 31 49 ej
1818 1832 172 43 erhålles,

399 1891 45 37 de
474 1891 134 46 behov,
624 1903 81 23 som
734 1889 202 37 förefinnas
966 1889 69 35 och
1065 1901 80 23 som
1175 1887 151 36 komma
1353 1892 55 31 att
1436 1889 147 46 uppstå,
1613 1885 232 37 fortfarande
1873 1884 120 36 skulle

399 1943 126 36 täckas
554 1955 139 36 genom
721 1942 139 48 import
887 1940 85 36 med
1000 1940 249 49 förbigående
1279 1952 47 23 av
1354 1942 82 33 vårt
1463 1943 91 43 eget
1582 1937 107 37 lands
1717 1936 172 37 industri.

527 1993 202 49 Följderna
775 2006 47 22 av
864 1992 71 36 den
976 1992 136 36 hittills
1150 1991 107 36 förda
1284 1990 182 49 politiken
1495 1989 295 47 kännetecknas,
1819 2001 81 23 som
1931 1987 62 36 be-

400 2046 104 45 kant,
546 2059 48 22 av
639 2058 45 23 en
725 2044 222 48 fortgående
993 2044 147 47 ökning
1176 2056 47 22 av
1251 2041 310 46 arbetslösheten,
1591 2054 80 23 som
1699 2040 117 36 redan
1846 2039 70 37 den
1947 2040 45 34 15

401 2110 99 23 mars
542 2096 173 44 medfört,
759 2101 55 31 att
856 2095 132 36 endast
1016 2108 46 23 av
1091 2095 46 35 de
1166 2094 55 36 till
1247 2093 420 48 landsorganisationen
1710 2092 175 35 anslutna
1921 2090 73 36 för-

398 2149 173 36 bundens
601 2148 242 36 medlemmar
871 2147 32 49 ej
934 2147 146 36 mindre
1109 2150 47 32 än
1184 2147 136 46 49,787
1351 2158 90 23 voro
1469 2144 221 46 arbetslösa,
1705 2143 120 36 under
1853 2142 62 36 det
1942 2146 53 31 att

401 2201 191 35 dessutom
636 2201 136 45 53,506
816 2198 174 37 arbetade
1033 2198 84 36 med
1154 2196 199 37 inskränkt
1382 2196 194 37 arbetstid.
1631 2195 73 36 Vid
1733 2195 57 36 till
1819 2193 175 49 Sveriges

400 2251 379 49 verkstadsförening
822 2251 174 36 anslutna
1031 2250 93 36 verk
1152 2249 68 36 har
1248 2248 145 37 antalet
1420 2248 183 47 arbetare,
1633 2260 80 23 som
1742 2247 12 35 i
1783 2245 212 50 september
