1862 2782
437 175 298 35 Statsutskottets
750 175 188 34 utlåtande
954 187 43 21 nr
1013 178 22 31 8
1052 175 40 34 år
1108 177 90 32 1956
1505 178 62 30 125

391 254 174 35 motioner
583 255 111 34 såvitt
711 254 65 34 här
794 258 39 30 är
851 254 11 34 i
881 254 99 43 fråga
996 275 46 4 —
1060 254 150 40 besluta,
1229 259 57 29 att
1304 254 262 42 förslagsansla-

392 313 59 38 get
472 308 54 34 till
546 308 131 42 Bidrag
700 308 52 34 till
773 308 221 42 ungdomens
1014 307 346 42 fritidsverksamhet
1382 307 76 34 icke
1480 307 88 34 skall

393 361 169 43 uppföras
583 362 21 33 å
622 361 190 34 riksstaten
833 360 55 35 för
907 360 211 43 budgetåret
1140 360 189 43 1956/57.»

119 432 38 43 b)
185 444 46 22 av
247 432 119 35 herrar
382 433 122 43 Birger
519 433 201 34 Andersson
738 433 66 34 och
820 432 159 43 Elfving;

120 506 57 43 12)
205 506 60 34 vid
285 506 163 43 punkten
469 508 61 31 101
559 505 146 43 (Bidrag
724 504 53 35 till
798 504 443 34 instruktörsverksamhet
1260 504 98 33 inom
1378 503 189 43 ungdoms-

73 561 291 42 organisationer)

121 614 35 42 a)
183 625 46 22 av
250 613 119 34 herrar
389 612 138 35 Arrhén
546 612 66 34 och
634 612 120 34 Cassel
776 616 95 29 samt
892 611 124 34 fröken
1037 611 183 40 Karlsson,
1242 610 97 34 vilka
1361 615 129 35 ansett,
1513 615 56 28 att

74 667 179 34 utskottet
271 667 82 34 bort
371 666 10 34 i
400 666 155 43 enlighet
573 665 81 34 med
672 665 222 34 motionerna
912 665 30 33 I:
957 668 66 30 276
1043 664 66 34 och
1128 664 49 34 II:
1193 668 65 30 533
1279 664 172 42 avstyrka
1470 663 98 34 bifall

73 720 54 34 till
151 720 131 42 Kungl.
306 719 130 43 Maj:ts
459 718 269 44 ifrågavarande
751 718 131 43 förslag
905 722 94 29 samt
1023 722 57 29 att
1103 717 53 34 till
1180 717 89 42 följd
1294 717 112 34 därav
1430 717 138 33 utskot-

75 779 72 30 tets
165 774 212 33 hemställan
397 773 81 34 bort
497 773 47 34 ha
562 772 156 42 följande
737 772 144 43 lydelse:

443 831 77 29 »att
535 826 186 42 riksdagen
737 826 60 33 må
811 846 46 4 —
872 825 82 34 med
970 825 122 42 avslag
1108 825 21 33 å
1143 824 133 43 Kungl.
1292 822 129 43 Maj:ts
1438 823 129 43 förslag

394 884 94 30 samt
508 879 221 34 motionerna
750 879 30 33 I:
795 882 44 31 50
860 878 67 34 och
948 878 50 34 II:
1013 881 55 37 67,
1089 878 30 33 I:
1134 881 66 31 278
1222 877 67 34 och
1310 878 50 33 II:
1375 881 66 30 389
1464 880 105 31 även-

394 945 76 22 som
489 933 82 34 med
591 932 98 34 bifall
708 932 52 34 till
781 932 223 34 motionerna
1024 931 29 34 I:
1068 934 66 31 276
1156 931 66 34 och
1241 931 50 33 II:
1307 934 77 36 533,
1406 930 164 42 samtliga

393 987 174 34 motioner
589 986 111 34 såvitt
720 985 64 34 här
806 988 39 31 är
865 985 12 33 i
898 985 99 42 fråga
1017 1005 47 4 —
1084 984 150 40 besluta,
1257 988 56 29 att
1335 984 158 42 anslaget
1516 983 53 34 till

392 1040 130 42 Bidrag
550 1039 53 35 till
627 1037 443 36 instruktörsverksamhet
1095 1037 97 34 inom
1216 1036 354 43 ungdomsorganisa-

395 1093 114 35 tioner
542 1093 78 34 icke
655 1092 87 34 skall
778 1091 170 44 uppföras
985 1092 21 33 å
1041 1091 191 34 riksstaten
1267 1090 55 34 för
1358 1090 211 42 budgetåret

396 1146 189 44 1956/57.»

122 1219 38 42 b)
188 1230 45 22 av
252 1218 120 34 herrar
389 1218 123 43 Birger
528 1217 203 35 Andersson
749 1217 67 34 och
834 1217 158 43 Elfving;

121 1292 58 42 13)
206 1290 60 35 vid
286 1291 164 43 punkten
470 1293 66 32 102
559 1290 146 43 (Bidrag
723 1290 53 34 till
799 1288 339 36 Centralförbundet
1158 1288 54 34 för
1232 1287 337 44 nykterhetsunder-

75 1344 152 44 visning)
249 1356 46 22 av
312 1344 120 34 herrar
447 1342 180 42 Sundelin,
668 1343 182 39 Jacobsson,
913 1342 158 43 Malmborg
1089 1342 11 33 i
1119 1342 152 40 Skövde,
1291 1341 136 40 Widén,
1446 1341 123 34 fröken

79 1398 109 42 Vinge
209 1398 67 34 och
296 1397 80 34 herr
396 1397 125 40 Helén,
544 1397 96 33 vilka
662 1401 128 37 ansett,
813 1401 56 29 att
891 1396 179 34 utskottet
1092 1395 81 34 bort
1195 1395 180 42 tillstyrka
1396 1394 98 34 bifall
1517 1394 53 34 till

75 1451 223 34 motionerna
316 1451 31 33 I:
361 1454 67 30 282
449 1450 66 34 och
533 1450 50 33 II:
597 1453 67 31 443
684 1454 93 30 samt
797 1454 57 29 att
873 1449 54 34 till
947 1448 88 42 följd
1057 1448 111 34 därav
1187 1448 198 34 utskottets
1404 1447 166 34 hemstäl-

76 1505 60 33 lan
154 1504 81 34 bort
251 1504 48 33 ha
315 1503 157 43 följande
490 1503 143 43 lydelse:

446 1564 77 29 »att
541 1558 187 43 riksdagen
746 1559 71 40 må,
835 1558 11 34 i
867 1557 189 43 anledning
1075 1569 46 22 av
1139 1557 133 42 Kungl.
1291 1556 129 42 Maj:ts
1440 1556 129 42 förslag

399 1616 94 30 samt
514 1611 80 35 med
618 1611 97 34 bifall
738 1611 53 34 till
813 1611 224 34 motionerna
1058 1610 30 34 I:
1103 1613 66 31 282
1192 1610 66 34 och
1280 1610 50 34 II:
1344 1613 67 31 443
1434 1609 53 34 till
1509 1609 59 34 Bi-

397 1666 86 41 drag
509 1665 52 34 till
587 1664 338 42 Centralförbundet
949 1664 56 42 för
1028 1663 462 43 nykterhetsundervisning
1514 1663 55 33 för

395 1719 212 43 budgetåret
623 1719 155 42 1956/57
794 1718 124 34 anvisa
932 1723 53 29 ett
999 1717 357 43 reservationsanslag
1369 1728 46 22 av
1425 1720 65 31 775
1503 1719 66 30 000

397 1772 141 40 kronor,
563 1783 110 22 varav
698 1775 65 30 225
779 1775 66 30 000
870 1771 130 34 kronor
1024 1782 101 22 avses
1150 1770 54 34 för
1227 1770 177 34 täckande
1430 1782 45 22 av
1500 1769 68 34 för-

399 1825 153 34 bundets
578 1824 377 43 avlöningskostnader
979 1824 111 33 under
1114 1829 126 37 posten
1266 1823 55 34 för
1346 1823 223 34 administra-

394 1878 318 33 tionskostnader.»

123 1949 56 43 14)
208 1948 60 34 vid
295 1949 164 43 punkten
487 1951 66 31 103
585 1948 145 43 (Bidrag
756 1949 54 33 till
839 1948 488 43 nykterhetsorganisationer
1354 1960 47 22 m.
1430 1948 62 41 m.)
1525 1960 45 21 av

77 2002 120 34 herrar
215 2001 181 41 Sundelin,
415 2002 207 39 Jacobsson,
688 2002 158 42 Malmborg
866 2001 11 34 i
898 2001 152 40 Skövde,
1073 2001 135 40 Widén,
1229 2001 124 34 fröken
1376 2001 108 42 Vinge
1506 2001 66 34 och

77 2056 80 33 herr
173 2056 124 39 Helén,
315 2055 97 34 vilka
430 2060 128 36 ansett,
577 2060 55 29 att
650 2055 179 34 utskottet
848 2055 80 34 bort
945 2054 180 43 tillstyrka
1141 2054 97 34 bifall
1256 2054 54 34 till
1329 2055 97 33 såväl
1445 2054 125 34 motio-

77 2120 110 22 nerna
205 2109 30 33 I:
250 2112 65 30 280
336 2109 67 33 och
422 2109 49 33 II:
487 2112 65 31 535
574 2121 75 21 som
669 2109 182 33 motionen
871 2108 29 34 I:
916 2111 62 31 281
1003 2113 94 28 samt
1117 2108 53 33 till
1191 2107 88 43 följd
1301 2108 112 33 därav
1432 2108 138 33 utskot-

78 2166 71 29 tets
166 2162 212 33 hemställan
397 2162 81 33 bort
495 2162 47 33 ha
560 2161 156 42 följande
734 2162 143 42 lydelse:

448 2219 77 29 »att
544 2214 185 43 riksdagen
748 2215 71 39 må,
838 2214 11 33 1
869 2213 189 42 anledning
1077 2226 46 21 av
1142 2214 131 41 Kungl.
1293 2213 129 42 Maj:ts
1442 2213 129 42 förslag

401 2271 93 29 samt
512 2266 81 34 med
612 2267 97 33 bifall
728 2266 52 33 till
799 2266 222 34 motionerna
1038 2266 29 33 I:
1083 2269 66 30 280
1167 2266 66 33 och
1252 2266 49 33 II:
1317 2269 65 30 535
1402 2269 168 30 ävensom

401 2318 181 34 motionen
611 2319 29 33 I:
656 2322 77 36 281,
762 2319 52 34 till
844 2318 131 42 Bidrag
1005 2319 52 33 till
1085 2318 488 42 nykterhetsorganisationer

401 2384 48 22 m.
465 2385 47 21 m.
530 2372 54 33 för
600 2372 211 42 budgetåret
830 2371 156 43 1956/57
1005 2371 124 34 anvisa
1145 2376 54 29 ett
1216 2371 357 42 reservationsanslag

404 2437 45 21 av
469 2428 98 31 1196
582 2428 66 30 400
667 2425 159 34 kronor.»

132 2496 55 42 15)
217 2495 58 34 vid
293 2496 164 42 punkten
475 2499 66 30 110
562 2495 145 43 (Bidrag
724 2495 52 34 till
794 2495 396 43 barnfilmkommittén)

130 2549 35 42 a)
193 2561 45 21 av
258 2549 79 34 herr
355 2549 137 34 Arrhén
512 2549 65 33 och
599 2549 121 33 fröken
741 2550 183 39 Karlsson,
947 2549 96 33 vilka
1064 2554 128 34 ansett,
1214 2554 55 29 att
1291 2549 180 34 utskottet
1491 2550 80 33 bort
