1872 2780
281 155 42 30 56
645 158 298 38 Statsutskottets
959 164 186 35 utlåtande
1162 178 42 22 nr
1220 170 22 31 8
1259 168 39 33 år
1316 171 90 33 1956

277 230 95 44 ning,
400 245 76 22 som
502 234 73 35 inte
603 238 74 33 står
704 238 67 34 den
800 240 179 35 allmänna
1005 244 401 46 yrkesundervisningen
1435 250 98 36 efter.
1562 252 74 34 Det
1663 256 107 40 gäller

278 275 64 33 här
360 277 74 34 mte
454 278 84 35 bara
556 281 262 44 utbildningens
836 285 152 35 kvalitet
1006 293 88 28 utan
1113 289 10 33 i
1142 289 71 35 lika
1231 291 69 43 hög
1317 294 98 41 grad,
1435 300 56 29 att
1510 296 42 33 de
1572 298 93 33 döva
1685 311 84 31 ung-

278 319 172 36 domarna
468 323 53 33 får
539 324 183 44 möjlighet
741 333 56 28 att
816 329 97 42 välja
930 332 85 41 yrke
1033 332 11 33 i
1062 333 198 43 möjligaste
1279 337 95 40 mån;
1395 342 123 38 tyvärr
1536 342 113 33 måste
1669 343 99 34 deras

276 363 135 42 fysiska
436 366 179 45 handikap
642 370 98 34 alltid
766 373 160 34 medföra
952 380 55 29 att
1033 377 102 34 dessa
1160 379 280 44 valmöjligheter
1466 385 111 33 under
1602 387 69 33 alla
1696 400 72 21 om-

277 409 242 43 ständigheter
539 412 65 34 blir
624 419 165 30 avsevärt
808 429 98 22 mera
926 419 214 43 begränsade
1162 425 45 31 än
1228 423 54 34 för
1302 426 112 33 andra
1434 428 205 42 ungdomar.

321 461 380 46 Vänersborgsskolans
733 471 145 41 styrelse
909 471 64 34 har
1003 473 123 43 begärt
1157 481 55 29 att
1243 477 59 34 vid
1334 479 122 35 skolan
1488 493 43 22 en
1562 480 205 51 målerilinje

276 505 110 35 skulle
407 507 151 37 inrättas
579 512 65 33 och
666 524 43 22 en
731 514 231 36 arbetslärare
982 517 12 33 i
1014 519 226 43 måleriyrket
1262 524 179 34 anställas.
1475 526 113 34 Detta
1609 528 65 33 har
1694 542 73 21 mo-

274 550 148 35 tiverats
449 554 80 33 med
557 559 56 30 att
640 556 151 36 alltflera
818 571 46 21 av
891 560 268 44 ifrågavarande
1186 566 196 42 ungdomar
1410 570 129 33 önskar
1566 572 201 44 utbildning

274 593 11 33 i
306 596 236 43 måleriyrket.
565 599 60 34 Då
646 600 131 36 lokaler
799 603 113 35 finnes
935 606 208 43 disponibla,
1165 610 110 35 skulle
1297 612 72 33 inte
1392 614 116 42 någon
1531 627 118 22 annan
1671 618 95 33 kost-

274 639 70 33 nad
367 643 46 30 än
436 642 148 35 lärarlön
609 643 266 44 ifrågakomma.

323 737 185 37 Utskottet
528 740 64 34 har
612 742 76 34 icke
709 743 119 36 funnit
850 746 52 43 sig
923 747 114 35 berett
1059 755 55 29 att
1136 750 140 36 biträda
1298 753 60 34 det
1379 754 11 33 i
1412 756 222 35 motionerna
1655 759 29 33 I:
1699 763 62 30 271

272 790 65 33 och
358 790 50 34 II:
424 795 64 31 393
509 793 124 43 gjorda
653 796 186 43 yrkandet,
859 812 82 21 men
962 801 58 34 vill
1040 803 81 33 med
1143 805 189 44 anledning
1352 819 45 21 av
1417 809 222 36 motionerna
1659 811 105 35 fram-

271 841 105 42 hålla,
401 849 56 29 att
480 847 178 35 utskottet
681 849 211 37 förutsätter
915 859 54 29 att
993 855 132 43 Kungl.
1150 857 111 43 Maj:t
1284 860 64 33 har
1372 861 53 33 sin
1450 865 314 40 uppmärksamhet

271 895 118 35 riktad
406 899 47 41 på
471 900 283 36 önskvärdheten
773 917 46 20 av
838 911 56 28 att
912 907 42 33 de
973 908 109 34 dövas
1100 911 308 45 yrkesutbildning
1426 915 65 33 blir
1509 928 74 22 mer
1600 917 162 35 differen-

271 948 112 36 tierad
404 954 44 30 än
468 953 69 33 vad
556 965 48 23 nu
624 958 38 30 är
680 955 247 38 förhållandet.

314 1011 60 34 Då
395 1012 131 45 Kungl.
549 1015 128 44 Maj:ts
700 1018 129 44 förslag
850 1022 112 33 under
983 1022 230 38 förevarande
1236 1028 116 41 punkt
1375 1028 75 35 icke
1473 1030 87 43 givit
1584 1033 177 35 utskottet

270 1064 189 45 anledning
479 1068 53 33 till
554 1069 138 35 erinran
712 1072 203 35 hemställer
936 1073 188 48 utskottet,

633 1129 55 29 att
712 1125 186 44 riksdagen
922 1130 69 39 må,
1015 1131 81 33 med
1122 1131 97 35 bifall
1246 1133 50 35 till
1322 1135 133 42 Kungl.
1480 1137 127 43 Maj:ts
1633 1139 129 44 förslag

588 1182 93 29 samt
699 1179 81 33 med
799 1181 123 43 avslag
939 1182 21 33 å
977 1184 221 35 motionerna
1217 1186 29 34 I:
1261 1190 63 31 271
1347 1189 66 33 och
1432 1189 49 34 II:
1497 1194 76 37 395,

632 1231 34 41 a)
694 1231 215 45 bemyndiga
935 1235 131 44 Kungl.
1095 1238 112 42 Maj:t
1235 1245 66 35 att,
1330 1242 80 33 med
1440 1243 224 45 tillämpning
1690 1247 69 33 tills

587 1283 120 34 vidare
726 1285 77 34 från
822 1287 65 34 och
906 1289 81 33 med
1005 1290 211 43 budgetåret
1237 1294 167 42 1956/57,
1424 1296 145 43 vidtaga
1588 1298 68 33 den
1675 1300 85 33 änd-

585 1335 76 43 ring
689 1337 11 33 i
729 1340 428 46 personalförteckningen
1189 1344 53 35 för
1271 1346 164 35 skolorna
1465 1349 54 33 för
1549 1350 104 42 döva,
1684 1364 74 22 som

585 1388 195 37 föranledes
802 1404 46 21 av
870 1394 70 33 vad
962 1394 386 43 departementschefen
1370 1397 129 51 anfört,

631 1442 36 43 b)
695 1444 190 41 godkänna
899 1446 154 43 följande
1068 1450 259 43 avlöningsstat
1341 1453 55 34 för
1409 1454 163 35 skolorna
1586 1456 54 34 för
1654 1454 104 51 döva,

584 1500 56 29 att
657 1497 178 43 tillämpas
853 1499 71 34 tills
942 1500 118 35 vidare
1078 1502 78 35 från
1175 1505 65 33 och
1258 1506 80 33 med
1357 1507 211 43 budgetåret
1589 1514 86 31 1956
1680 1511 75 42 /57:

968 1590 404 45 Avlöningsstat

583 1658 30 30 1.
637 1655 218 45 Avlöningar
875 1659 52 34 till
947 1661 172 35 ordinarie
1140 1663 229 43 tjänstemän,
1389 1667 162 43 förslags-

636 1708 54 35 VIS
740 1738 801 17 rrrerrererrrreses
1127 1704 79 57 rese
1216 1704 36 57 ss
1262 1704 69 57 ess
1355 1704 33 57 ss
1401 1704 33 57 ss
1447 1704 97 57 sena
1576 1726 98 31 1550
1688 1728 66 30 000

580 1764 32 31 2.
637 1762 165 35 Arvoden
822 1766 67 33 och
908 1767 170 34 särskilda
1097 1770 247 44 ersättningar,
1365 1773 186 35 bestämda

637 1827 45 21 av
699 1816 132 44 Kungl.
850 1818 122 43 Maj:t,
989 1821 203 43 förslagsvis
1217 1851 324 10 ......sssososn.
1631 1833 42 30 78
1687 1834 65 30 800

579 1871 31 30 3.
634 1868 218 44 Avlöningar
879 1872 52 33 till
959 1873 98 43 övrig
1083 1874 266 37 icke-ordinarie
1377 1881 172 40 personal,

633 1922 203 42 fÖTSÅAGSVIS
875 1952 664 15 sessrrsrrrrerrerssr
1261 1918 56 55 ser
1326 1918 60 55 ess
1399 1918 31 55 ss
1443 1918 101 55 serna
1573 1938 14 29 1
1606 1939 64 30 664
1686 1940 66 30 200

577 1976 32 30 4.
634 1974 138 44 Rörligt
799 1977 133 43 tillägg,
958 1979 202 44 förslagsvis
1193 2009 346 10 ..ssossossssn
1486 1970 55 58 nn
1606 1992 66 30 767
1687 1993 65 30 000

1253 2044 146 36 Summa
1417 2048 129 34 kronor
1569 2053 20 30 4
1604 2054 66 30 060
1685 2055 65 30 000

621 2116 32 42 c)
682 2116 52 34 till
754 2117 126 35 Skolor
897 2120 56 41 för
972 2121 105 34 döva:
1095 2122 218 44 Avlöningar
1333 2125 54 34 för
1407 2127 211 43 budgetåret
1640 2132 109 41 1936/

576 2171 43 31 57
641 2169 122 35 anvisa
783 2176 54 29 ett
858 2171 270 47 förslagsanslag
1148 2188 45 22 av
1214 2181 19 29 4
1249 2182 64 30 060
1329 2183 66 30 000
1416 2180 139 36 kronor.

301 2262 93 42 79:0)
423 2263 141 35 Skolor
584 2265 65 34 för
669 2266 119 35 döva:
813 2268 304 38 Omkostnader.
1152 2273 18 33 I
1191 2274 153 43 enlighet
1364 2277 82 33 med
1466 2278 131 43 Kungl.
1619 2280 128 42 Maj:ts

253 2312 131 45 förslag
407 2315 129 43 (punkt
559 2321 78 37 284,
659 2331 26 22 s.
708 2323 210 41 614—0616),
940 2323 110 34 vilket
1071 2324 146 35 innebär
1239 2339 43 21 en
1305 2329 341 46 anslagsminskning
1666 2335 80 33 med

256 2371 41 30 17
312 2371 66 31 900
397 2369 138 41 kronor,
553 2371 202 36 hemställer
772 2375 190 43 utskottet,

619 2430 55 29 att
696 2427 186 43 riksdagen
905 2430 59 33 må
985 2431 52 33 till
1060 2432 125 34 Skolor
1206 2434 55 41 för
1283 2435 106 34 döva:
1412 2437 261 36 Omlhkostnader
1695 2440 53 34 för

572 2478 210 43 budgetåret
807 2483 157 42 19356/57
986 2484 123 34 anvisa
1131 2491 53 29 ett
1207 2487 270 46 förslagsanslag
1499 2504 45 21 av
1568 2497 98 30 1459
1680 2497 66 31 400

572 2531 138 36 kronor.
