1920 2848
341 188 41 32 38

729 189 294 33 Statsutskottets
1046 188 187 32 utlåtande
1256 189 53 31 Nr
1335 189 30 30 7.

1068 274 37 33 C.
1151 274 289 32 Pensionsstater.

695 353 190 32 Pensioner
922 353 58 31 till
1015 351 194 33 avskedade

717 405 223 36 tjänstemän,
999 404 210 37 förslagsan-

715 457 77 37 Slag
827 479 251 5 oerrerserserrerrines
1087 479 26 4 ere
1156 479 16 4 ennen
1202 480 4 2 er
1233 452 52 44 kr.
1364 457 137 35 9220,000

694 508 190 32 Pensioner
896 509 58 31 till
966 508 146 32 avlidna
1119 508 89 37 tjän-

716 561 151 30 stemäns
895 560 111 32 änkor
1026 560 64 32 och
1113 560 98 36 barn,

714 612 276 37 förslagsanslag
1014 635 16 4 .-—
1085 635 121 4 =.
1232 606 53 46 kr.
1385 612 116 36 25,000

694 663 216 37 Gottgörelse
929 664 58 31 till
1005 664 204 31 tullstatens

716 715 159 32 enskilda
913 716 292 36 pensionsinrätt-

715 767 88 36 ning
826 767 55 32 för
902 767 148 32 mistade
1067 767 142 32 andelar

715 829 46 21 av
781 819 171 37 avlöning
976 819 62 32 vid
1055 819 154 31 vakanta

715 871 149 36 tjänster
898 894 297 4 sececceeeeee
1258 882 14 17 »
1312 870 193 49 18,000
1522 880 53 32 kr.
1618 863 16 60 —
1654 880 139 37 958,000

1055 991 40 32 D.
1122 991 316 32 Omkostnadsstat.

696 1077 199 31 Kostnader
911 1078 55 31 för
982 1078 217 32 avdömande

718 1138 44 21 av
806 1129 153 37 tullmål,
994 1130 212 36 förslagsan-

717 1181 76 36 slag
1038 1204 119 4 ersredexe.
1157 1177 66 45 gener.
1231 1182 52 30 KIA
1384 1182 116 36 37,300

695 1232 269 32 Resekostnads-
1003 1234 65 31 och
1115 1233 93 31 trak-

716 1286 393 35 tamentsersättningar
1163 1294 45 21 m.

716 1345 58 27 m.,
797 1337 276 37 förslagsanslag
1109 1359 72 5 -—-—-
1246 1344 14 16 >»
1363 1337 137 36 420,000

694 1387 166 37 Hemliga
884 1389 150 36 utgifter
1118 1395 143 21 FE
1406 1389 95 35 4,000

694 1437 131 39 Övriga
846 1440 187 32 kostnader
1050 1441 55 31 för
1126 1440 82 31 tull-

717 1492 131 36 verket,
872 1492 277 37 förslagsanslag
1239 1499 14 16 >
1294 1488 18 53 >
1325 1492 170 36 1,742,960
1520 1501 54 31 kr.
1621 1502 171 35 2,204,260

1060 1570 144 31 Summa
1227 1571 277 37 förslagsanslag
1520 1571 52 31 kr.
1598 1571 205 36 16,654,500,

734 1682 69 36 e)
791 1678 22 47 i
840 1683 196 31 riksstaten
1074 1684 154 36 uppföra
1266 1684 182 32 ordinarie
1476 1684 320 37 förslagsanslaget

695 1735 56 31 för
773 1735 191 31 tullverket
986 1735 58 31 till
1064 1737 51 30 ett
1135 1737 72 30 mot
1228 1737 136 30 statens
1386 1735 212 33 slutsumma
1619 1736 176 32 svarande

696 1786 125 36 belopp
839 1797 47 20 av
905 1787 179 36 16,654,500
1103 1787 140 36 kronor,

734 1840 94 29 samt

733 1888 38 36 d)
819 1889 170 38 förklara,
1032 1892 55 30 att
1130 1891 115 31 sådan
1279 1893 21 29 å
1334 1891 66 31 den
1432 1892 38 30 31
1502 1892 183 31 december
1718 1892 79 31 1922

699 1942 167 36 gällande
897 1942 182 32 ordinarie
1112 1944 72 30 stat
1213 1943 239 32 kvarstående
1483 1943 221 37 tjänsteman
1734 1944 63 31 vid

696 1993 202 38 tullverket,
919 2004 75 22 som
1014 1994 32 37 ej
1068 1994 137 32 anmält
1226 1995 57 36 sig
1303 1995 77 32 icke
1399 1995 92 36 vilja
1511 1998 132 35 övergå
1662 1997 46 36 på
1729 1996 68 32 den

698 2054 70 28 nya
787 2046 126 37 staten,
930 2047 60 30 må
1008 2046 113 32 under
1138 2046 211 36 budgetåret
1367 2046 172 36 1930/1931
1556 2047 142 32 komma
1715 2048 13 31 i
1745 2049 52 31 åt-

696 2096 176 37 njutande
908 2108 47 21 av
990 2098 183 36 tillfälligt
1200 2098 212 37 lönetillägg
1437 2099 59 32 till
1523 2099 135 37 belopp,
1685 2099 112 32 vilket

697 2148 134 37 Kungl.
876 2149 120 37 Maj:t,
1041 2150 92 31 efter
1161 2149 137 37 förslag
1324 2160 47 21 av
1397 2151 399 37 generaltullstyrelsen,

694 2203 133 34 prövar
845 2203 56 29 stå
918 2202 13 30 i
949 2201 167 37 lämpligt
1136 2202 226 32 förhållande
1379 2203 57 31 till
1455 2203 68 31 den
1541 2203 255 36 tjänstgöring,

697 2261 75 22 som
815 2253 60 31 må
919 2253 143 31 komma
1106 2253 53 31 att
1183 2254 133 32 krävas
1341 2265 46 21 av
1412 2254 274 38 vederbörande,
1711 2254 86 32 eller

695 2303 133 37 Kungl.
862 2304 111 37 Maj:t
1008 2305 103 36 eljest
1145 2306 72 31 kan
1252 2305 104 32 finna
1390 2305 144 38 skäligt,
1568 2307 92 32 dock
1683 2306 77 32 icke
1785 2306 13 30 i

697 2358 110 35 något
829 2356 65 32 fall
915 2356 58 32 till
994 2357 112 36 högre
1125 2357 125 37 belopp
1274 2357 57 31 för
1352 2359 42 30 år
1414 2358 142 36 räknat,
1578 2360 47 29 än
1645 2368 76 22 som
1742 2366 55 27 ge-

695 2417 82 22 nom
801 2407 239 36 kungörelsen
1065 2409 68 30 den
1157 2409 38 30 22
1219 2409 80 36 juni
1325 2410 78 30 1921
1430 2408 57 37 (nr
1512 2409 73 36 444)
1612 2409 185 37 angående

697 2459 188 37 tillfälliga
913 2460 213 37 lönetillägg
1153 2462 38 31 åt
1217 2460 76 34 viss
1320 2462 164 36 personal
1512 2462 64 32 vid
1603 2460 193 34 tullverket

696 2512 56 31 för
776 2512 42 32 år
842 2512 78 31 1922
944 2512 107 33 blivit
1075 2512 162 33 bestämt.
