2224 2646
433 157 45 51 34
849 160 359 42 Bevillningsutskottets
1230 161 165 31 memorial
1418 159 51 33 Nr
1490 161 53 31 20.

1074 410 189 33 Formulär
1288 409 28 33 1.

806 505 55 27 Till
879 505 172 35 Konungens
1068 504 301 35 befallningshavande
1387 505 11 26 i
1416 504 33 27 N.
1468 503 33 28 N.
1521 503 55 28 län.

525 574 120 28 Jämlikt
671 574 198 36 förordningen
896 574 146 36 angående
1069 574 167 36 försäljning
1263 583 35 17 av
1326 573 227 36 alkoholhaltiga
1577 572 118 36 drycker
1713 572 54 27 den
1788 591 206 7 -................+

397 610 34 27 19
450 630 29 6 ...
508 610 43 27 får
575 605 66 70 jag,
654 609 40 34 (få
720 611 38 28 vi)
787 610 164 36 härigenom
981 609 125 32 anhålla,
1137 611 42 25 att
1209 608 236 37 folkomröstning
1474 618 46 17 om
1546 607 102 28 förbud
1674 608 60 26 mot
1759 602 173 71 upplåtande
1959 616 36 18 av

395 645 165 36 rättigheter
595 646 21 25 till
657 644 191 36 detaljhandel
867 644 62 28 med
947 644 191 36 spritdrycker
1156 646 86 25 måtte
1266 645 4 26 i
1288 643 34 27 N:
1342 643 34 27 N.
1397 643 133 27 kommun
1549 642 142 28 anordnas
1709 644 33 25 år
1760 642 77 27 19....

526 680 42 27 På
595 679 86 28 heder
707 679 53 28 och
787 681 124 26 samvete
937 679 143 27 försäkrar
1100 679 46 35 jag
1164 680 57 35 mig
1238 678 141 34 (försäkra
1397 679 28 26 vi
1443 688 48 17 oss
1508 687 50 18 var
1577 677 53 27 och
1648 686 35 18 en
1702 677 42 27 för
1761 677 44 27 sin
1824 676 56 34 del)
1898 686 69 18 vara
1983 678 11 26 i

394 715 36 27 N.
456 715 35 27 N.
517 715 136 27 kommun
675 714 236 28 mantalsskriven
932 715 94 34 (-vna),
1046 713 155 36 välfrejdad
1219 713 103 35 (-dade)
1341 712 104 28 svensk
1465 713 84 35 (-ska)
1567 712 190 35 medborgare,
1775 712 60 27 före
1852 712 79 28 detta
1948 714 48 25 års

396 750 98 36 början
521 750 77 27 hava
625 749 64 36 fyllt
707 750 32 27 21
759 752 32 25 år
809 751 75 26 samt
902 749 24 36 ej
946 751 45 26 stå
1008 749 91 27 under
1117 748 233 37 förmynderskap
1368 748 69 28 eller
1454 746 304 38 fattigvårdsstyrelses
1776 747 219 27 målsmansrätt.

1006 848 7 2 =
1534 847 19 2 —

527 888 187 36 Egenhändig
731 888 258 28 namnunderskrift
1164 888 104 27 Datum
1319 895 3 60 |
1541 886 222 28 Bostadsadress

1987 1375 8 72 AS

1047 1750 191 32 Formulär
1260 1749 22 32 2
1304 1749 42 33 ÅA.

1006 1852 324 37 Voteringsproposition
1349 1854 35 26 ÅA.

528 1921 72 32 Den,
628 1931 59 17 som
716 1921 57 31 vill,
797 1924 44 25 att
858 1921 74 28 inom
950 1921 34 27 N.
1003 1922 34 27 N.
1058 1922 133 27 kommun
1211 1922 100 27 förbud
1330 1924 58 25 mot
1406 1921 173 37 upplåtande
1598 1932 35 17 av
1652 1922 166 35 rättigheter
1837 1921 41 28 till
1897 1921 99 36 detalj-

394 1956 102 28 handel
516 1957 63 27 med
598 1956 190 37 spritdrycker
806 1959 45 25 må
870 1957 113 29 införas,
1002 1959 92 25 röstar

1172 2027 47 31 Ja;

526 2096 70 31 Den,
616 2096 48 27 det
682 2096 25 35 ej
727 2095 56 30 vill,
802 2098 93 25 röstar

1162 2165 68 36 Nej;

523 2234 98 28 Varda
640 2235 136 36 nejröster
795 2234 47 27 vid
861 2236 208 34 omröstningen
1088 2234 122 36 avgivna
1221 2234 44 27 till
1278 2236 41 25 ett
1332 2234 88 30 antal,
1433 2233 198 28 motsvarande
1645 2242 57 18 mer
1716 2238 36 22 än
1765 2242 35 18 en
1814 2231 133 37 tredjedel
1960 2241 36 18 av

394 2269 131 36 samtliga
543 2271 124 34 avgivna
685 2271 98 28 röster,
802 2279 67 18 vare
887 2270 98 36 frågan
1004 2279 46 18 om
1069 2269 147 28 införande
1234 2279 36 17 av
1289 2268 103 28 sådant
1410 2268 100 28 förbud
1529 2267 139 28 förfallen.
