1888 2840
275 144 39 30 10
667 150 379 30 Jordbruksutskottets
1072 150 176 31 utlåtande
1273 151 48 30 Nr
1346 152 48 29 85.

276 231 82 31 råde
386 243 41 19 av
452 233 206 36 Fammarps
685 234 367 36 kronoflygsandsfält,
1079 236 158 35 lämpligt
1264 238 47 27 att
1337 234 41 37 gå
1405 236 8 29 i
1440 236 119 36 utbyte
1584 240 72 26 mot
1682 237 99 30 först-

277 276 153 29 nämnda
456 274 152 32 område.

321 317 392 36 Förrättningsmännen
731 319 90 29 hava
840 319 72 30 dels
933 319 182 35 meddelat,
1137 323 49 27 att
1204 318 256 37 bytesområdet
1480 329 42 20 av
1541 321 122 35 Vapnö
1685 321 95 30 fidei-

275 360 339 35 kommissegendom
637 360 189 30 omfattade
851 370 41 20 en
915 362 93 29 areal
1030 371 41 19 av
1097 361 159 35 omkring
1280 362 70 29 51.8
1372 362 55 35 ha,
1453 365 49 27 att
1526 361 255 37 bytesområdet

276 411 42 20 av
348 402 204 36 Fammarps
579 403 358 36 kronoflygsandsfält
965 404 107 29 borde
1100 403 173 36 förläggas
1303 404 10 29 i
1342 404 297 35 flygsandsfältets
1668 405 113 29 västra

275 445 56 29 del
355 462 44 3 —
423 443 155 31 området
605 446 65 28 har
696 446 78 29 med
800 446 63 29 röd
890 446 84 29 kant
1000 446 167 29 inramats
1194 445 20 30 å
1239 445 57 30 två
1322 446 256 36 handlingarna
1605 447 9 29 i
1642 447 141 29 ärendet

275 487 138 36 bilagda
429 488 118 29 kartor
563 505 53 17 —,
633 491 48 26 aft
697 486 90 31 båda
805 486 188 31 områdena
1010 488 176 35 utgjordes
1204 498 42 20 av
1263 488 276 36 huvudsakligen
1558 489 224 35 impediment

275 530 80 29 med
381 529 103 30 värde
510 539 76 20 som
611 531 198 34 tomtmark,
836 534 49 26 att
910 531 56 29 det
991 530 141 36 erbjöde
1157 533 93 27 stora
1277 529 210 37 svårigheter
1512 533 48 27 att
1587 531 195 30 värdesätta

276 570 198 37 områdena,
494 573 65 29 och
578 575 49 27 att
646 590 43 2 —
706 581 59 27 per
784 573 139 35 ytenhet
943 573 124 29 räknat
1084 591 44 3 —
1144 573 120 29 värdet
1282 582 41 20 av
1343 572 223 36 Vapnödelen
1587 582 42 20 av
1649 573 131 36 Lynga-

275 614 99 30 fältet
392 615 215 29 beräknades
629 616 120 34 utgöra
769 616 41 28 40
832 611 43 33 ?/o
896 625 42 19 av
956 615 119 29 värdet
1097 624 41 20 av
1157 615 147 30 berörda
1325 615 53 29 del
1400 624 42 20 av
1465 615 316 36 Fammarpsfältet,

276 657 72 30 dels
370 657 64 29 ock
455 674 43 2 —
518 657 80 29 med
620 657 136 36 hänsyn
780 657 50 30 till
854 660 48 27 att
924 658 135 29 kronan
1081 658 140 29 komme
1242 660 48 27 att
1310 657 88 30 efter
1420 658 96 35 bytet
1537 657 9 30 i
1570 658 52 29 sin
1647 658 62 35 ägo
1732 658 47 29 bi-

275 698 138 31 behålla
432 699 160 35 omkring
615 700 41 28 30
678 699 45 30 ha
744 709 41 20 av
806 700 67 29 den
894 700 155 29 närmast
1071 699 193 36 Tylösands
1283 699 124 30 badort
1430 699 156 36 belägna,
1609 699 171 30 värdeful-

275 742 85 29 laste
381 742 96 29 delen
500 751 41 20 av
564 741 306 37 Fammarpsfältet
888 742 66 29 och
977 740 44 37 på
1044 742 9 28 i
1077 741 109 36 övrigt
1207 741 148 36 angivna
1378 742 74 29 skäl
1473 759 45 2 —
1538 742 172 35 tillstyrkt,
1733 745 48 27 att

275 782 281 38 Vapnöområdet
577 793 43 20 av
641 784 219 35 Lyngafältet
878 782 105 32 måtte
1003 784 139 36 utbytas
1162 787 72 27 mot
1254 787 46 27 ett
1321 783 133 30 hälften
1475 782 37 31 så
1534 787 85 27 stort
1640 782 141 32 område

275 835 42 20 av
338 825 307 36 Fammarpsfältet
665 826 80 30 eller
767 827 70 29 25.9
859 827 55 29 ha.

320 869 239 29 Innehavaren
582 878 41 20 av
650 868 118 36 Vapnö
792 868 424 36 fideikommissegendom
1240 869 64 28 har
1327 868 171 30 förklarat
1521 868 49 36 sig
1593 868 74 30 icke
1691 868 90 30 hava

275 909 105 38 något
399 914 47 27 att
464 911 115 29 erinra
598 914 71 26 mot
691 909 179 37 ifrågasatt
889 911 180 35 markbyte
1088 910 9 30 i
1118 910 149 36 enlighet
1284 910 80 30 med
1383 910 397 36 förrättningsmännens

275 953 139 36 förslag.

320 990 324 35 Överlantmätaren
669 995 63 30 har
757 995 133 35 uttalat,
917 998 49 27 att
989 995 57 29 det
1072 994 121 36 Vapnö
1220 994 423 36 fideikommissegendom
1669 994 111 30 tillhö-

274 1038 109 29 rande
410 1036 155 31 området
591 1038 58 29 vid
674 1037 117 36 Lynga
818 1037 191 30 omfattade
1035 1036 248 36 fastigheterna
1309 1036 197 30 Villshärad
1531 1033 34 33 29
1593 1037 64 29 och
1684 1036 96 30 Vills-

274 1080 112 30 härad
405 1078 34 32 37
459 1080 10 29 i
489 1080 192 30 Söndrums
702 1081 136 34 socken,
859 1083 49 27 att
927 1079 55 30 det
1001 1080 137 29 kronan
1156 1079 173 35 tillhöriga
1349 1077 256 37 bytesområdet
1623 1078 157 36 utgjorde

274 1123 56 29 del
359 1132 42 20 av
427 1123 207 35 fastigheten
664 1122 108 36 Onsjö
799 1121 360 37 kronoflygsandsfält
1188 1119 31 32 1!
1248 1121 11 29 i
1284 1121 153 30 nämnda
1464 1121 138 35 socken,
1631 1124 49 26 att
1707 1121 73 30 sist-

274 1166 155 29 nämnda
448 1165 164 36 fastighet
634 1165 124 36 utlagts
780 1165 57 29 vid
857 1165 66 30 den
947 1165 39 29 19
1008 1164 182 30 december
1214 1164 79 29 1891
1316 1163 163 30 fastställt
1500 1164 77 35 laga
1598 1163 112 35 skifte,
1732 1166 48 27 att

274 1208 55 29 för
351 1208 205 36 Fammarps
581 1208 64 29 och
670 1207 108 36 Onsjö
800 1208 103 35 byars
926 1215 258 28 gemensamma
1206 1206 113 30 behov
1339 1206 59 29 vid
1421 1205 118 30 skiftet
1560 1208 127 27 avsatts
1709 1205 71 30 dels

273 1259 44 20 en
345 1260 112 20 remsa
484 1250 56 29 vid
568 1250 112 35 havet,
709 1250 191 35 utgörande
926 1249 108 36 själva
1063 1248 333 36 strandbildningen,
1426 1248 71 30 dels
1523 1248 136 29 mindre
1688 1246 91 37 tång-

274 1293 384 36 uppläggningsplatser
681 1293 66 29 och
772 1293 74 29 dels
874 1291 89 30 vissa
990 1292 114 34 vägar,
1130 1294 49 27 att
1205 1291 57 29 vid
1288 1290 263 30 bestämmande
1577 1300 42 20 av
1643 1290 136 36 ägovid-

273 1336 69 29 den
368 1345 42 20 av
432 1335 57 30 det
515 1336 137 29 kronan
677 1335 173 35 tillhöriga
877 1332 156 31 området
1058 1333 107 30 borde
1191 1334 340 34 uppmärksammas,
1559 1335 49 28 att
1634 1333 147 29 berörda

275 1378 272 36 samfälligheter
566 1396 43 3 —
628 1378 10 28 i
659 1377 65 29 den
746 1375 81 31 mån
848 1377 41 29 de
910 1385 79 21 vore
1009 1376 148 35 belägna
1176 1375 96 30 inom
1293 1374 172 31 områdets
1485 1375 141 35 gränser
1644 1392 45 4 —
1709 1378 70 26 ute-

275 1421 188 35 lämnades,
492 1423 49 27 att
567 1420 124 29 hinder
719 1419 31 36 ej
780 1420 106 28 mötte
915 1421 71 27 mot
1012 1416 174 31 områdets
1214 1417 225 36 avstyckning
1469 1417 65 30 och
1562 1420 50 27 att
1639 1417 57 29 vid
1724 1426 56 20 av-

274 1462 457 37 styckningsförrättningen
757 1461 107 30 borde
890 1461 154 35 avgöras,
1072 1459 175 30 huruvida
1272 1459 56 30 för
1356 1459 353 36 avstyckningslotten
1735 1458 44 30 el-

274 1506 48 29 ler
341 1505 56 30 för
417 1504 298 36 stamfastigheten
735 1503 194 36 ytterligare
950 1503 134 35 vägrätt
1102 1502 220 30 erfordrades
1342 1503 119 29 utöver
1484 1502 66 29 den
1569 1511 77 20 som
1665 1501 115 30 kunde

275 1548 195 36 tillgodoses
497 1555 125 28 genom
649 1546 175 30 anlitande
851 1555 41 20 av
920 1544 214 36 förefintliga
1161 1544 185 30 samfällda
1372 1545 114 34 vägar.

319 1591 123 29 Därest
463 1590 66 29 den
552 1588 202 37 ifrågasatta
774 1587 252 36 fridlysningen
1048 1596 99 20 anses
1168 1587 85 29 böra
1276 1586 231 36 genomföras,
1529 1586 64 29 har
1617 1586 163 35 styrelsen

274 1633 75 29 icke
369 1631 102 37 något
490 1635 49 26 att
556 1632 116 29 erinra
692 1633 71 27 mot
784 1633 46 27 ett
849 1630 117 35 utbyte
987 1639 42 20 av
1049 1630 101 28 mark
1168 1628 105 36 enligt
1293 1628 398 35 förrättningsmännens
1711 1627 68 30 för-

275 1676 81 35 slag.
410 1673 502 31 Fideikommissinnehavaren
939 1672 62 29 bör
1028 1671 123 30 därvid
1179 1680 100 20 svara
1306 1670 55 30 för
1387 1670 234 30 kostnaderna
1649 1669 55 30 för
1729 1678 49 20 er-

274 1717 164 36 forderlig
461 1716 228 36 avstyckning
709 1724 41 21 av
773 1716 154 28 kronans
948 1711 242 39 bytesområde
1212 1716 88 26 samt
1321 1722 83 20 vara
1428 1712 134 36 skyldig
1586 1712 193 35 respektera

273 1759 210 36 jordägarna
507 1759 10 29 i
545 1759 204 35 Fammarps
775 1758 66 29 och
869 1756 108 36 Onsjö
1002 1757 87 35 byar
1114 1755 183 36 medgivna
1323 1753 173 32 förbehåll
1522 1753 178 37 angående
1724 1754 54 30 be-

274 1803 115 29 frielse
411 1801 78 30 från
509 1799 365 38 hägnadsskyldighet,
898 1800 66 29 rätt
986 1798 50 30 till
1058 1796 265 37 tånghämtning
1346 1797 56 30 vid
1424 1796 264 35 havsstranden,
1714 1797 66 28 rätt

274 1848 48 27 att
344 1845 153 35 begagna
520 1842 149 37 tångväg
694 1850 123 28 genom
842 1840 289 37 flygsandsfältet,
1158 1841 67 28 rätt
1248 1843 48 26 att
1320 1839 160 30 använda
1505 1839 274 36 upplagsplatser

273 1887 56 30 för
351 1886 124 36 tången
496 1886 65 30 och
583 1886 68 29 rätt
672 1885 49 29 till
741 1884 182 35 hämtning
946 1892 41 21 av
1008 1886 84 31 sten,
1116 1883 60 29 allt
1196 1882 105 35 enligt
1321 1881 212 36 avhandling
1554 1881 68 30 den
1646 1882 34 28 11
1707 1890 71 26 sep-

274 1930 132 29 tember
433 1929 81 29 1858
538 1927 46 38 på
609 1929 66 29 sätt
699 1928 159 29 närmare
882 1924 155 37 framgår
1060 1934 42 20 av
1127 1923 118 37 nådigt
1267 1925 83 28 brev
1373 1924 65 29 den
1465 1925 39 28 27
1532 1923 63 36 juli
1624 1923 81 29 1860
1730 1922 49 30 till

273 1971 300 35 landshövdingen
601 1970 9 29 i
640 1969 168 30 Hallands
834 1969 59 29 län
921 1966 177 37 angående
1126 1966 289 36 flygsandsfälten
1443 1965 95 30 inom
1568 1965 210 34 Halmstads,

274 2013 193 36 Tönnersjö
486 2013 65 30 och
573 2012 97 30 Höks
690 2011 148 30 härader
857 2020 42 20 av
919 2009 147 31 berörda
1084 2009 68 29 län.

318 2056 115 36 Enligt
460 2054 38 31 år
527 2055 84 29 1930
640 2053 185 30 verkställd
854 2051 250 37 uppskattning
1132 2050 164 30 omfattar
1325 2050 119 36 Lynga
1472 2048 305 37 kronoflygsands-

272 2099 75 35 fält,
373 2099 133 35 beläget
530 2097 96 30 inom
653 2096 187 36 Harplinge
864 2095 64 29 och
956 2094 191 30 Söndrums
1172 2093 156 34 socknar,
1355 2101 41 20 en
1421 2091 243 36 sammanlagd
1688 2090 90 30 areal

274 2151 42 20 av
336 2141 109 30 225.05
463 2141 55 34 ha,
539 2148 106 21 varav
663 2139 65 29 5.14
746 2138 45 29 ha
808 2137 130 35 inägor,
961 2137 107 28 112.25
1085 2135 46 29 ha
1151 2134 212 36 skogsmark,
1387 2134 107 29 107.07
1512 2133 46 30 ha
1576 2133 202 29 fastmarks-

273 2184 225 36 impediment
523 2182 65 30 och
614 2183 67 28 0.59
706 2181 45 29 ha
776 2177 269 32 vattenområde.
1095 2175 277 31 Virkesförrådet
1396 2176 64 29 har
1484 2176 219 35 uppskattats
1729 2174 49 30 till

274 2226 120 30 inalles
414 2226 93 35 6,841
529 2221 50 33 m?
601 2223 70 30 fast
689 2221 85 31 mått
796 2220 44 38 på
860 2221 96 30 bark.
1002 2219 98 30 Invid
1120 2219 68 30 den
1207 2226 123 28 genom
1352 2217 280 37 flygsandsfältet
1654 2217 124 35 flytan-

272 2269 42 29 de
335 2267 45 30 ån
402 2267 144 30 Skintan
567 2265 20 31 å
610 2267 95 29 ömse
726 2265 91 29 sidor
840 2273 41 20 av
904 2262 44 30 ån
971 2262 113 30 finnes
1106 2270 42 21 en
1168 2261 135 29 mindre
1324 2260 358 36 jordbrukslägenhet,
1705 2268 73 20 som

272 2311 74 30 förr
370 2310 144 30 använts
538 2318 76 20 som
636 2307 143 30 boställe
803 2305 34 31 åt
860 2304 239 36 kronojägare.
1148 2303 218 36 Lägenheten
1389 2302 78 30 med
1492 2300 85 31 därå
1600 2301 178 35 befintliga

271 2352 210 37 byggnader,
504 2351 93 29 vilka
620 2350 139 29 tillhöra
778 2349 146 33 kronan,
948 2348 37 28 är
1006 2346 80 30 med
1107 2355 43 20 en
1171 2345 92 30 areal
1285 2354 42 20 av
1348 2345 66 29 6.05
1435 2345 56 34 ha,
1516 2353 105 20 varav
1648 2344 62 28 1.66
1733 2343 46 29 ha

273 2395 94 36 åker,
393 2403 143 21 numera
565 2391 166 38 upplåten
756 2390 44 37 på
828 2389 145 31 arrende
997 2389 55 29 för
1080 2388 94 29 tiden
1201 2387 51 29 till
1278 2387 65 29 den
1374 2387 38 28 14
1440 2395 94 20 mars
1565 2386 92 29 1957.
1707 2383 72 31 Två

272 2438 136 30 mindre
428 2435 167 31 områden
615 2444 58 21 om
694 2434 40 29 25
755 2431 49 32 m?
825 2433 65 29 och
910 2432 63 29 300
993 2428 59 37 m?,
1073 2430 146 35 belägna
1239 2429 9 29 i
1267 2438 43 20 en
1329 2429 123 29 utkant
1473 2437 42 20 av
1534 2426 243 37 flygsandsfäl-

274 2483 61 27 tets
358 2479 178 37 sydvästra
557 2477 65 35 del,
643 2478 90 28 hava
753 2473 164 38 upplåtits
938 2472 45 37 på
1004 2472 145 31 arrende
1169 2472 55 29 för
1244 2471 92 30 tiden
1360 2470 49 30 till
1426 2471 67 29 den
1519 2470 38 29 14
1577 2478 93 21 mars
1696 2469 78 29 1941
