1878 2780
251 161 37 31 12
649 162 122 30 Första
791 161 248 40 lagutskottets
1059 161 182 30 uttåtande
1262 170 43 20 nr
1326 162 50 29 21.

299 246 49 30 På
370 246 112 38 grund
503 256 43 20 av
567 246 67 30 vad
656 246 148 30 sålunda
825 245 215 31 framhållits
1063 246 178 38 tillstyrka
1263 245 43 34 vi,
1329 247 51 28 att
1403 255 42 19 en
1468 245 190 39 utredning
1679 245 93 30 före-

253 289 97 38 tages
372 289 11 29 i
406 288 90 39 syfte
518 290 51 29 att
591 288 156 30 utforma
772 287 167 41 lämpliga
961 288 110 39 regler
1094 288 179 38 angående
1296 287 178 39 placering
1497 297 42 20 av
1561 287 211 40 omyndigas

253 329 280 40 penningmedel.

257 438 177 30 Utskottet
456 439 94 29 1951.

296 488 177 31 Utskottet
492 488 169 30 framhöll
680 488 10 29 i
709 488 59 30 sitt
793 488 2 29 i
813 489 119 29 ämnet
951 488 148 39 avgivna
1119 488 191 34 utlåtande,
1330 498 41 19 nr
1394 487 48 34 18,
1463 490 49 27 att
1534 488 67 31 den
1620 487 147 31 ledande

251 539 234 38 grundsatsen
508 538 58 30 vid
588 538 266 40 utformningen
875 548 43 20 av
938 539 159 38 reglerna
1118 538 55 30 för
1194 538 178 40 placering
1395 548 41 20 av
1457 538 207 39 omyndigas
1685 546 85 31 pen-

252 589 199 39 ningmedel
478 589 89 29 hade
595 589 102 34 varit,
725 591 49 27 att
800 589 123 30 kravet
950 589 45 39 på
1021 589 163 39 trygghet
1211 589 55 29 för
1293 589 157 29 medlens
1479 588 147 30 bestånd
1655 588 112 30 skulle

254 638 201 38 tillgodoses
476 639 10 29 i
508 639 113 30 första
641 639 105 31 hand.
768 640 116 39 Lagen
906 639 165 30 anvisade
1093 639 122 30 därför
1235 638 93 30 vissa
1351 639 116 29 såsom
1489 639 104 30 säkra
1615 640 156 28 ansedda

251 689 342 39 placeringsformer,
625 689 175 39 nämligen
828 689 240 38 obligationer,
1109 689 146 29 fordran
1286 698 74 20 som
1390 688 173 30 inskrives
1606 688 83 29 eller
1718 687 52 29 in-

252 739 144 30 skrivits
416 739 9 29 i
446 739 322 34 statsskuldboken,
788 739 205 39 inteckning
1012 739 11 29 i
1042 739 71 29 fast
1133 739 168 38 egendom
1323 741 90 27 samt
1434 738 195 39 insättning
1650 738 19 30 å
1690 738 79 29 räk-

252 789 84 39 ning
355 790 8 28 i
384 790 103 29 bank.
508 789 89 29 Ville
617 789 253 39 förmyndaren
890 790 83 38 göra
991 790 67 29 den
1078 789 206 39 omyndiges
1304 789 186 38 tillgångar
1512 788 256 30 fruktbärande

252 840 45 38 på
318 841 109 28 annat
452 841 77 32 sätt,
553 843 23 27 t.
600 849 51 19 ex.
675 840 160 29 använda
857 840 79 29 dem
958 839 56 30 för
1036 839 109 40 inköp
1168 849 42 19 av
1232 839 122 33 aktier,
1379 839 113 29 skulle
1514 839 70 29 han
1607 839 161 29 inhämta

253 889 357 39 överförmyndarens
637 889 178 39 samtycke
840 889 129 29 därtill.
995 889 132 30 Sådant
1152 889 179 38 samtycke
1357 888 95 39 finge
1477 888 194 30 emellertid
1696 888 78 29 icke

253 940 105 38 givas,
378 940 78 29 med
475 940 140 29 mindre
635 939 172 31 särskilda
829 940 76 29 skäl
924 940 115 29 talade
1059 939 132 30 därför.

297 1016 178 29 Utskottet
498 1015 149 30 anförde
670 1015 154 29 härefter
847 1014 130 31 vidare.

299 1074 116 38 Lagen
434 1073 135 40 intager
590 1074 148 29 sålunda
757 1083 42 20 en
818 1073 181 31 restriktiv
1016 1074 160 38 hållning
1197 1075 175 37 gentemot
1392 1073 178 39 placering
1589 1083 42 19 av
1651 1081 121 30 omyn-

254 1116 76 38 digs
349 1116 187 39 tillgångar
555 1116 10 29 i
586 1116 205 30 realvärden
812 1116 116 30 såsom
948 1116 207 39 fastigheter
1175 1116 64 29 och
1260 1116 122 29 aktier.
1405 1116 73 29 Vad
1500 1115 108 38 angår
1629 1116 41 28 de
1694 1115 78 28 sist-

254 1159 157 28 nämnda
436 1158 367 39 placeringsobjekten
829 1158 58 30 må
914 1158 135 30 erinras
1075 1168 57 20 om
1160 1159 50 28 att
1237 1159 112 29 första
1376 1158 230 38 lagutskottet
1631 1157 58 30 vid
1716 1157 57 29 be-

254 1200 216 39 handlingen
493 1200 38 30 år
558 1200 85 29 1924
667 1209 43 21 av
733 1200 166 39 förslaget
922 1200 53 30 till
999 1200 374 39 förmynderskapslag
1398 1200 177 33 framhöll,
1600 1201 51 28 att
1676 1200 96 29 över-

254 1242 257 39 förmyndarna
533 1242 108 29 borde
664 1242 155 39 iakttaga
842 1242 144 29 särskilt
1009 1244 72 28 stor
1105 1242 289 30 återhållsamhet
1418 1243 63 28 när
1505 1242 56 29 det
1585 1241 112 39 gällde
1721 1241 51 28 att

255 1284 119 29 lämna
393 1284 158 30 tillstånd
572 1284 53 31 till
646 1284 177 40 placering
843 1294 42 20 av
905 1284 184 39 omyndigs
1110 1284 113 30 medel
1244 1284 10 29 i
1275 1284 123 29 aktier.
1421 1284 196 29 Utskottets
1637 1283 136 29 inställ-

255 1326 85 38 ning
365 1326 112 30 måste
501 1326 277 39 uppenbarligen
803 1335 54 21 ses
882 1328 73 28 mot
979 1326 186 39 bakgrund
1190 1336 42 19 av
1255 1326 41 29 de
1322 1326 247 29 förhållanden
1593 1325 97 30 inom
1715 1325 57 29 det

255 1368 231 30 ekonomiska
509 1368 93 34 livet,
629 1378 75 20 som
727 1368 43 30 då
792 1378 83 20 voro
899 1368 155 30 rådande
1078 1377 81 20 men
1182 1368 96 30 vilka
1300 1386 43 2 —
1368 1368 115 29 såsom
1508 1367 264 30 motionärerna

254 1410 154 39 påpekat
428 1428 44 2 —
491 1419 149 21 numera
661 1411 158 30 avsevärt
841 1410 214 30 förändrats.

300 1452 117 30 Under
441 1452 258 39 förutsättning
723 1462 42 21 av
788 1454 51 28 att
864 1454 49 28 ett
937 1452 70 30 fast
1034 1451 262 41 penningvärde
1322 1451 258 40 upprätthålles
1606 1451 98 30 torde
1730 1451 42 29 de

255 1503 42 20 av
322 1494 102 39 lagen
449 1494 167 30 anvisade
643 1494 379 40 placeringsformerna
1047 1494 154 39 alltjämt
1229 1494 36 29 få
1292 1503 102 21 anses
1421 1503 83 20 vara
1531 1494 41 29 de
1599 1495 89 27 mest
1717 1492 56 29 be-

254 1536 203 38 tryggande.
482 1536 118 29 Under
625 1545 122 20 senare
770 1536 38 30 år
831 1536 65 30 har
918 1536 194 30 emellertid
1135 1536 278 40 penningvärdet
1437 1535 188 39 undergått
1650 1545 43 19 en
1716 1545 57 19 av-

256 1579 124 29 sevärd
403 1578 226 39 försämring.
654 1578 97 30 Givet
773 1579 38 29 är
834 1579 50 30 att
907 1578 57 31 det
986 1578 11 29 i
1019 1580 48 27 ett
1090 1578 127 30 sådant
1239 1578 75 39 läge
1336 1578 70 30 kan
1430 1577 150 30 framstå
1603 1586 76 21 som
1702 1577 71 29 för-

255 1620 215 38 delaktigare
493 1622 52 28 att
568 1620 47 30 ha
638 1620 138 30 medlen
799 1620 184 39 placerade
1008 1620 10 29 i
1042 1620 273 39 realtillgångar.
1341 1619 213 39 Härigenom
1578 1619 73 30 kan
1675 1620 99 28 näm-

254 1661 92 39 ligen
368 1662 67 29 den
455 1662 188 39 omyndige
665 1663 163 38 garderas
848 1664 75 28 mot
943 1662 67 30 den
1030 1662 140 34 förlust,
1192 1671 75 20 som
1289 1662 56 29 för
1366 1661 239 30 innehavaren
1627 1671 43 21 av
1691 1670 82 31 pen-

255 1703 234 39 ningfordran
513 1704 107 39 följer
644 1713 44 21 av
710 1704 297 40 penningvärdets
1032 1704 74 30 fall.

301 1746 122 30 Såsom
451 1746 158 38 framgår
639 1756 43 20 av
710 1747 56 30 det
795 1756 84 29 nyss
909 1746 150 30 anförda
1088 1747 61 29 äro
1179 1746 119 38 lagens
1328 1746 265 29 bestämmelser
1622 1745 151 30 rörande

254 1788 42 29 de
319 1787 131 39 objekt,
474 1788 10 29 i
506 1788 97 30 vilka
625 1788 324 39 förmyndarmedel
972 1788 59 30 må
1054 1788 169 40 placeras,
1248 1788 75 29 icke
1347 1787 213 40 ovillkorligt
1583 1787 189 30 bindande.

254 1830 80 29 Med
359 1830 357 39 överförmyndarens
743 1830 170 34 tillstånd,
938 1830 108 30 vilket
1070 1831 90 29 dock
1185 1830 76 29 icke
1286 1830 55 30 får
1367 1829 95 40 givas
1487 1832 85 27 utan
1598 1829 175 30 särskilda

255 1872 88 33 skäl,
368 1872 58 29 må
449 1872 139 29 medlen
612 1872 158 39 placeras
794 1873 11 29 i
829 1881 119 21 annan
972 1872 161 39 ordning.
1158 1872 212 38 Härigenom
1396 1873 135 38 öppnas
1556 1872 150 29 sålunda
1730 1880 43 21 en

254 1913 186 39 möjlighet
465 1915 51 28 att
541 1914 11 29 i
579 1914 116 38 någon
721 1914 247 39 utsträckning
992 1915 127 38 övergå
1145 1914 52 30 till
1223 1914 178 40 placering
1426 1914 10 28 i
1463 1914 216 29 realvärden.
1706 1914 68 29 För

255 1964 43 20 en
324 1965 98 20 mera
447 1956 131 30 allmän
605 1956 174 39 övergång
804 1957 53 28 till
886 1956 241 39 anbringande
1155 1966 42 20 av
1221 1956 208 39 omyndigas
1455 1956 113 29 medel
1594 1956 10 29 i
1630 1955 144 30 realtill-

255 1997 132 39 gångar
410 2007 104 29 synas
536 1998 91 30 dock
650 1999 118 38 lagens
790 1999 63 29 ord
874 1998 77 30 icke
974 1999 119 29 lämna
1114 1998 178 39 täckning.

300 2040 178 30 Utskottet
501 2039 60 30 vill
586 2040 78 29 icke
688 2040 163 34 bestrida,
878 2042 51 28 att
953 2040 94 30 vissa
1071 2041 78 29 skäl
1173 2040 71 30 tala
1269 2041 55 29 för
1348 2041 66 29 den
1441 2049 41 20 av
1510 2040 263 29 motionärerna

255 2081 198 31 framförda
478 2082 132 29 tanken
635 2084 50 28 att
710 2083 115 38 öppna
849 2082 147 39 vidgade
1020 2082 225 39 möjligheter
1269 2082 55 29 för
1348 2082 178 39 placering
1551 2091 42 20 av
1616 2083 158 37 förmyn-

255 2124 179 29 darmedel
462 2123 10 29 i
498 2124 217 30 realvärden.
765 2124 204 30 Emellertid
996 2125 39 28 är
1061 2125 57 28 det
1145 2124 198 40 uppenbart
1372 2126 50 27 att
1450 2133 42 20 en
1519 2124 175 39 övergång
1721 2124 51 29 till

255 2165 108 30 friare
388 2166 312 39 placeringsregler
726 2166 112 30 skulle
864 2167 108 38 draga
996 2167 80 29 med
1102 2166 53 39 sig
1179 2168 94 28 stora
1297 2166 272 39 vanskligheter.
1595 2167 69 29 För
1688 2169 49 27 att
1762 2166 11 28 i

255 2208 49 31 ett
331 2207 90 39 givet
447 2208 188 39 ögonblick
661 2209 121 29 kunna
807 2208 160 34 bedöma,
993 2208 177 30 huruvida
1197 2217 42 20 en
1265 2208 185 39 omyndigs
1478 2208 187 39 tillgångar
1694 2208 78 29 med

255 2249 163 40 trygghet
445 2250 122 31 kunna
595 2250 73 29 helt
695 2250 82 30 eller
804 2250 109 30 delvis
941 2250 158 39 placeras
1128 2250 210 39 exempelvis
1367 2250 9 29 i
1406 2250 122 34 aktier,
1557 2250 140 30 fordras
1725 2251 48 28 ett

255 2292 89 28 stort
373 2291 88 30 mått
489 2301 42 19 av
559 2291 111 30 insikt
700 2293 64 28 och
792 2292 236 30 förutseende.
1058 2293 266 38 Förmyndaren
1354 2292 113 29 skulle
1496 2293 119 29 vidare
1643 2292 59 31 vid
1730 2301 42 20 en

255 2333 111 31 sådan
388 2333 179 40 placering
587 2343 85 21 vara
694 2334 202 29 nödsakade
918 2335 51 28 att
990 2333 256 39 kontinuerligt
1269 2333 88 39 följa
1380 2334 247 39 utvecklingen
1650 2334 45 39 på
1717 2333 56 30 det

255 2375 232 30 ekonomiska
507 2376 161 29 området
689 2376 55 29 för
767 2378 50 28 att
837 2375 58 30 vid
916 2376 112 29 behov
1049 2376 126 29 snabbt
1195 2376 122 29 kunna
1339 2376 126 38 övergå
1487 2376 51 29 till
1561 2385 118 20 annan
1702 2376 72 39 pla-

255 2417 242 39 ceringsform.
529 2418 53 29 En
615 2417 287 30 inflationsartad
933 2418 203 38 utveckling
1166 2418 71 29 kan
1268 2417 176 38 nämligen
1477 2421 97 27 snart
1606 2425 68 31 nog
1704 2417 70 29 för-

255 2458 102 39 bytas
381 2459 10 29 i
416 2459 54 30 sin
494 2461 161 28 motsats.
680 2459 65 30 Det
768 2460 99 29 torde
892 2459 121 31 därför
1037 2469 84 20 vara
1146 2459 265 38 ofrånkomligt,
1440 2462 49 27 att
1516 2462 48 28 ett
1588 2460 88 29 visst
1701 2468 73 20 mo-
