1866 2790
269 141 39 31 20
578 146 389 34 Jordbruksutskottets
992 152 179 32 utlåtande
1193 163 43 21 nr
1260 156 40 29 10
1323 156 40 30 år
1387 158 83 29 1959

580 230 55 29 för
669 231 204 40 budgetåret
909 235 148 35 1959/60
1093 238 112 30 under
1239 239 128 32 nionde
1400 242 223 32 huvudtiteln
1655 246 121 31 anvisa

580 282 49 28 ett
656 281 273 43 förslagsanslag
957 296 41 20 av
1025 286 63 31 428
1104 288 63 29 900
1194 290 146 36 kronor;

630 331 35 29 B.
692 334 49 27 att
765 333 187 41 riksdagen
975 337 58 29 må
1057 338 96 30 avslå
1176 340 220 32 motionerna
1420 344 28 29 I:
1465 344 59 31 341
1551 346 65 28 och
1641 347 45 29 II:
1702 347 72 34 411,

581 381 104 31 såvitt
713 383 74 29 däri
817 384 196 33 hemställts
1042 398 54 20 om
1128 391 190 31 anvisande
1347 403 42 19 av
1416 396 48 28 ett
1493 396 278 42 engångsanslag

579 440 42 20 av
651 431 119 31 95500
798 434 130 31 kronor
958 436 54 30 för
1043 440 203 40 utrustning
1276 442 51 31 till
1358 445 180 29 nematod-
1568 447 64 29 och
1663 448 111 31 virus-

578 482 275 33 laboratorierna
870 486 57 30 vid
946 489 132 30 statens
1096 487 364 48 växtskyddsanstalt;

626 532 33 30 C.
686 535 49 28 att
755 534 186 41 riksdagen
959 539 58 28 må

624 583 33 36 1)
694 584 50 30 till
775 586 247 40 Bekämpande
1050 599 43 20 av
1123 591 293 40 växtsjukdomar
1445 596 19 29 å
1495 597 191 31 riksstaten
1717 600 54 30 för

576 632 204 40 budgetåret
817 636 149 36 1959/60
1003 640 111 30 under
1149 642 127 31 nionde
1310 644 224 33 huvudtiteln
1569 650 120 29 anvisa
1724 653 48 28 ett

577 682 274 44 förslagsanslag
877 697 42 20 av
946 689 60 29 100
1021 690 63 30 000
1111 692 145 36 kronor;

622 734 36 33 2)
692 735 209 42 bemyndiga
929 740 126 40 Kungl.
1085 742 106 40 Maj:t
1221 747 50 27 att
1301 747 109 30 anlita
1440 749 156 39 anslaget
1627 751 51 29 till
1709 751 60 30 Be-

576 783 199 41 kämpande
797 797 42 20 av
859 789 292 40 växtsjukdomar
1173 794 55 29 för
1249 796 224 32 utbetalande
1496 809 42 20 av
1559 801 210 40 ersättning-

577 843 39 20 ar
638 834 55 30 för
716 836 127 31 skador
865 839 10 28 i
899 839 95 31 förut
1017 843 151 38 angivna
1190 844 77 36 fall;

623 884 39 29 D.
689 887 50 28 att
764 887 188 40 riksdagen
978 891 108 30 måtte
1114 894 10 28 i
1152 894 166 31 skrivelse
1346 896 51 30 till
1425 899 125 39 Kungl.
1579 901 106 39 Maj:t
1712 912 59 19 an-

575 936 103 34 mäla,
709 939 48 28 att
787 938 186 41 riksdagen
1003 942 75 30 icke
1108 943 119 31 funnit
1256 946 75 30 skäl
1362 950 50 27 att
1441 949 9 29 i
1480 950 206 41 anslutning
1715 953 51 30 till

574 985 58 30 det
658 986 11 29 i
696 988 262 39 propositionen
985 1000 42 20 nr
1054 992 40 30 43
1124 994 150 39 angivna
1302 996 166 41 förslaget
1495 1009 57 20 om
1578 1004 190 37 uttagande

573 1044 43 20 av
644 1036 147 40 avgifter
821 1039 55 29 för
905 1043 49 29 att
983 1043 102 30 täcka
1115 1044 190 32 kostnader
1335 1048 54 30 för
1419 1049 66 30 den
1513 1053 92 37 yttre
1634 1054 135 29 växtin-

573 1086 206 38 spektionen
807 1090 66 29 och
901 1091 143 31 därmed
1074 1097 348 40 sammanhängande
1450 1102 226 31 verksamhet
1705 1105 63 30 hos

572 1137 133 30 statens
727 1139 348 40 växtskyddsanstalt
1099 1146 83 38 göra
1203 1148 110 30 andra
1335 1150 206 31 uttalanden
1565 1154 44 28 än
1633 1155 135 30 utskot-

570 1187 48 29 tet
642 1186 10 30 i
676 1187 229 34 förevarande
928 1193 181 32 utlåtande
1133 1198 170 39 upptagit.

304 1264 202 33 Stockholm
531 1269 67 30 den
626 1270 42 30 10
690 1281 94 22 mars
812 1273 83 31 1959

697 1373 47 30 På
766 1374 384 39 jordbruksutskottets
1173 1383 146 39 vägnar:

761 1456 177 34 ANDERS
963 1461 289 35 PETTERSSON

528 1612 64 30 Vid
617 1614 95 31 detta
737 1616 147 32 ärendes
910 1620 288 44 slutbehandling
1222 1625 66 30 har
1313 1628 173 31 närvarit:

299 1675 80 30 från
416 1677 167 32 första
619 1681 221 33 kammaren:
866 1685 121 32 herrar
1011 1689 105 36 Nord,
1141 1692 68 29 Jon
1233 1689 163 48 Jonsson,
1422 1697 162 40 Hjalmar
1609 1700 152 38 Nilsson,

253 1716 251 41 Hermansson,
529 1721 227 42 Mossberger,
782 1726 143 32 Gunnar
950 1729 98 41 Berg,
1073 1732 199 39 Hedström,
1298 1736 167 38 Franzén,
1491 1741 76 30 Uno
1594 1742 166 33 Olofsson

254 1759 64 28 och
339 1759 118 40 Yngve
477 1761 156 38 Nilsson;

297 1816 80 31 från
415 1820 153 31 andra
606 1823 221 32 kammaren:
856 1827 121 32 herrar
1003 1831 201 33 Pettersson
1229 1836 12 29 i
1267 1837 101 35 Dahl,
1396 1839 214 41 Hzeggblom,
1638 1844 122 32 Svens-

254 1867 61 21 son
339 1860 10 29 i
373 1860 217 41 Ljungskile,
613 1865 152 31 Jonsson
788 1869 9 29 i
823 1868 220 40 Strömsund,
1067 1874 117 38 Sköld,
1208 1877 213 39 Lindström,
1445 1882 127 41 Antby,
1596 1886 163 36 Jönsson,

252 1899 158 32 Franzén
434 1904 10 28 i
467 1903 128 31 Motala
619 1907 65 29 och
707 1908 138 32 Nilsson
868 1912 11 28 i
903 1908 198 45 Bästekille.
