2163 2719
668 218 132 32 Banko-
808 219 166 31 Utskottets
998 219 170 32 Memorial
1191 220 58 30 N:o
1270 220 29 31 2.
1724 224 17 28 7

821 407 325 40 Reservation:

313 508 40 36 af
376 509 96 36 Herr
500 508 218 38 Gumelius:
745 510 140 37 »Sedan
915 512 46 36 de
986 513 181 36 särskilda
1184 514 270 36 lånekontoren
1475 515 156 36 kommit
1650 522 55 30 att
1724 519 57 33 så-

177 573 81 22 som
288 559 348 48 afdelningskontor
671 574 101 24 mera
799 562 242 46 omedelbart,
1070 571 44 28 än
1143 564 196 46 tillförene,
1367 565 89 49 lyda
1493 566 120 36 under
1646 567 138 36 banko-

177 610 244 49 fullmäktige,
452 612 66 35 har
543 612 63 48 jag
633 619 124 30 ansett
785 627 43 22 en
858 614 84 36 kort
970 614 239 48 redogörelse
1229 615 58 37 för
1307 616 70 36 den
1398 616 164 37 afkomst
1583 617 44 36 de
1648 618 133 45 lemna,

176 663 11 34 i
215 661 234 38 förhållande
477 663 55 35 till
561 663 64 36 det
652 664 201 48 låneförlag
881 665 44 36 de
955 665 136 36 erhålla
1119 665 81 38 från
1227 667 251 46 Riksbanken,
1512 669 91 35 böra
1632 669 148 50 bringas

177 713 58 35 till
264 713 228 48 Riksdagens
521 714 218 37 kännedom.
794 715 126 37 Denna
948 716 246 50 uppfattning,
1224 731 78 23 som
1330 719 55 35 till
1414 733 45 23 en
1487 719 57 36 tid
1573 720 152 37 delades
1746 720 38 37 af

178 762 201 45 Utskottet,
408 778 83 22 men
519 765 111 37 sedan
661 766 40 36 af
726 765 82 37 dess
836 767 121 36 flertal
985 768 213 45 frånträdts,
1226 769 211 37 föranleder
1465 771 77 48 mig
1570 771 66 36 här
1663 771 116 37 fram-

176 815 111 48 lägga
327 814 283 49 ifrågavarande
645 818 238 48 upplysning,
916 818 114 36 sådan
1066 819 71 36 den
1170 821 98 35 inom
1302 819 191 38 Utskottet
1520 821 180 50 föreslogs
1727 829 55 31 att

176 866 87 48 lyda
291 866 10 35 i
331 866 102 36 detta
462 867 84 36 dess
575 868 234 36 betänkande
838 869 65 36 och
932 870 9 34 i
970 871 310 48 sammandragen
1301 871 105 45 form,
1427 874 174 47 uppstäld
1629 874 11 35 i
1664 873 117 37 öfver-

177 918 281 36 ensstämmelse
496 917 83 36 med
614 918 44 36 de
685 920 12 34 i
725 918 211 38 Utskottets
964 921 231 37 betänkande
1223 936 59 23 n:o
1313 924 42 34 15
1386 923 63 36 vid
1480 926 94 35 1875
1605 928 57 33 års
1690 926 91 36 riks-

177 967 73 49 dag
277 968 172 36 lemnade
477 969 262 48 redogörelser
766 969 57 37 för
850 974 62 33 två
943 971 47 36 då
1010 972 310 49 nästföregående
1342 974 282 50 räkenskapsår.
1652 976 130 38 Denna

178 1018 147 49 uppgift
353 1018 107 49 följer
488 1020 68 35 här
583 1021 140 36 nedan:

310 1069 93 36 »Till
443 1070 202 50 belysande
686 1071 39 37 af
762 1072 71 36 den
873 1072 142 50 frågan,
1049 1074 10 35 i
1095 1074 150 37 hvilken
1273 1079 84 33 mån
1387 1076 394 49 afdelningskontoren

179 1120 218 37 medverkat
425 1122 56 35 till
509 1122 257 37 Riksbankens
796 1124 107 42 vinst,
924 1123 58 37 får
1003 1123 191 38 Utskottet
1214 1126 172 37 meddela
1402 1128 274 38 nedanstående
1692 1143 90 35 upp-

175 1170 71 47 gift
274 1174 21 32 å
323 1171 45 36 de
396 1171 132 50 förlag,
557 1186 78 23 som
671 1174 96 35 varit
794 1173 57 37 för
879 1175 247 37 lånerörelsen
1155 1177 186 45 anvisade,
1369 1184 95 31 samt
1491 1180 141 36 vinsten
1661 1184 39 32 så
1719 1183 61 34 väl

177 1223 11 34 i
230 1221 82 37 dess
354 1223 136 45 helhet,
531 1237 80 23 som
646 1225 184 36 beräknad
865 1226 9 34 i
904 1232 152 42 procent
1084 1230 20 32 å
1132 1227 62 37 det
1223 1228 55 36 för
1305 1229 127 47 hvarje
1461 1231 133 37 kontor
1620 1233 160 36 sålunda

177 1273 177 36 anvisade
381 1273 137 48 förlag:

1051 1327 98 32 Förlag
1167 1329 9 23 i
1194 1329 132 24 medeltal
1444 1332 116 24 Vinsten
1656 1331 125 48 Procent.

1101 1363 87 23 under
1207 1363 67 25 året.
1421 1367 86 23 under
1526 1367 66 24 året.

179 1390 68 36 Vid
279 1390 387 50 afdelningskontoret
694 1395 10 34 i
734 1394 190 49 Göteborg
1044 1399 210 42 7,537,500:
1283 1419 48 4 —
1385 1402 170 43 337,073:
1583 1424 50 5 —
1684 1406 79 42 4,47.

200 1456 15 18 »
469 1458 14 19 »
692 1446 10 34 i
731 1446 133 36 Malmö
1045 1450 209 43 5,433,333:
1282 1470 48 5 —
1384 1454 171 43 252,679:
1583 1474 49 5 —
1684 1457 78 42 4,65.

200 1507 15 19 »
468 1509 14 19 »
686 1496 11 35 1
725 1496 115 36 Luleå
1048 1501 206 43 1,414,583:
1283 1521 47 5 —
1361 1497 22 57 =
1408 1505 148 41 53,151:
1583 1525 49 4 —
1685 1508 77 42 3,76.

200 1557 15 19 »
471 1555 14 18 «
689 1548 9 34 i
730 1547 126 50 Wisby
1083 1552 170 43 5343,958:
1283 1573 48 4 —
1365 1548 19 58 =
1410 1556 145 43 23,244:
1583 1576 48 4 —
1684 1559 95 43 427»
