2189 2734
446 265 18 31 8
881 247 259 43 Lag-Utskottete
1167 240 167 34 Utlåtande
1357 238 59 31 N:o
1440 238 34 29 3.

401 346 48 39 sig
485 344 10 31 i
523 340 92 42 fråga
643 348 51 23 om
724 330 205 45 upplåtande
962 325 33 33 af
1035 323 125 33 flottled
1190 321 33 32 åt
1250 321 83 31 blott
1360 318 64 32 den
1452 315 82 32 först
1561 312 197 41 begärande,
1787 311 80 32 eller
1894 308 95 33 äfven

404 396 33 33 åt
465 395 115 37 andra,
608 391 72 39 och,
707 389 10 31 i
746 394 117 25 senare
904 380 103 39 fallet,
1035 387 51 22 om
1115 374 185 38 fördelning
1328 371 79 32 eler
1435 366 176 39 tillökning
1639 375 27 21 o.
1688 373 23 23 s.
1733 373 29 23 v.
1792 362 34 32 af
1852 362 62 32 den
1932 361 58 32 be-

404 447 135 34 stämda
568 441 233 39 ersättningen
831 435 34 32 åt
889 431 250 39 strandegaren.

557 497 62 32 För
649 494 68 32 min
748 490 52 33 del
827 486 51 33 får
902 485 57 41 jag
987 481 43 42 på
1058 478 109 43 grund
1196 476 33 33 af
1255 475 54 32 det
1338 472 139 33 anförda
1505 467 133 41 föreslå,

914 593 49 29 att
976 585 192 39 Riksdagen
1185 580 102 33 måtte
1303 580 9 30 i
1328 567 269 46 underdånighet
1609 568 185 40 hemställa,
1811 568 48 31 att
1875 562 117 41 Kongl.

811 643 94 40 Maj:t
931 640 141 35 täcktes,
1101 634 37 34 så
1166 635 93 31 snart
1287 631 60 31 ske
1376 630 69 30 kan
1475 625 72 40 och,
1577 624 113 32 derest
1717 621 49 32 för
1781 614 215 37 undvikande

809 694 35 33 af
880 689 159 45 dröjsmål
1080 686 121 33 sådant
1239 683 107 33 finnes
1385 676 220 41 erforderligt,
1634 672 170 39 särskildt,
1832 672 81 29 utan
1944 665 51 33 af-

808 747 102 31 bidan
946 742 42 42 på
1016 738 209 35 förestående
1253 733 199 43 pröfningen
1482 728 34 33 af
1542 726 118 42 frågan
1689 735 51 22 om
1770 720 222 36 vattenrätten

808 798 8 30 i
859 797 75 31 dess
964 793 122 38 helhet,
1116 794 77 34 taga
1221 788 9 30 i
1258 781 256 41 öfvervägande,
1543 778 182 32 huruledes
1754 775 119 32 allmän
1899 769 97 34 fott-

815 849 54 32 led
909 848 10 31 i
960 846 39 32 de
1040 841 211 38 vattendrag,
1292 836 58 33 der
1378 834 63 33 den
1473 832 26 40 ej
1530 829 105 33 redan
1665 828 107 32 finnes
1802 833 71 23 men
1894 815 42 39 är
1966 819 33 32 af

815 899 156 34 behofvet
998 893 169 43 påkallad,
1196 889 63 41 må,
1288 892 82 28 utan
1398 882 207 35 förbiseende
1635 881 34 32 af
1686 877 234 39 strandegares
1938 872 59 32 och

812 949 332 37 vattenverksegares
1173 946 75 35 rätt,
1275 942 116 29 kunna
1421 936 160 39 anläggas
1613 933 60 32 och
1702 932 181 38 begagnas,
1912 926 87 31 samt

813 1005 49 31 till
890 1001 192 38 Riksdagen
1111 998 79 39 göra
1218 989 249 39 framställning
1486 996 51 22 om
1559 985 63 32 den
1643 975 358 49 lagstiftningsåtgärd,

815 1065 69 23 som
912 1053 50 33 för
989 1047 192 37 ändamålet
1208 1045 105 32 finnes
1343 1031 222 53 erforderlig."

570 1159 33 32 af
629 1159 85 32 Herr
741 1157 153 32 Sundell:
938 1154 118 32 "Emot
1096 1152 188 32 Utskottets
1313 1144 213 36 betänkande
1558 1140 51 33 får
1639 1136 120 43 jemväl
1785 1135 57 40 jag
1870 1130 134 34 anmäla

421 1213 215 34 reservation.
689 1210 64 40 Jag
788 1208 103 34 fattar
927 1207 73 32 icke
1028 1203 162 36 hvarföre,
1218 1200 42 34 då
1289 1198 34 33 åt
1351 1197 118 40 Kongl.
1488 1193 111 41 Maj:ts
1629 1182 376 44 Befallningshafvande

422 1265 108 41 gifvits
559 1263 156 39 rättighet
744 1263 47 29 att
820 1260 126 39 reglera
975 1256 196 38 flottningen
1189 1254 49 31 uti
1266 1254 103 29 större
1389 1247 208 37 vattendrag,
1613 1244 110 31 denna
1744 1237 155 40 rättighet
1918 1233 87 33 skall

423 1326 79 23 vara
544 1314 152 33 bemälda
738 1311 193 41 myndighet
958 1306 170 34 förmenad
1160 1302 206 34 beträffande
1395 1298 127 33 mindre
1551 1294 144 37 sådana;
1720 1291 56 40 jag
1804 1288 101 32 fattar
1933 1285 72 31 icke

424 1368 151 33 hvarföre
610 1363 253 43 lagstiftningen
905 1362 27 39 ej
976 1359 85 33 skall
1090 1359 115 30 kunna
1235 1353 175 33 allestädes
1437 1348 107 34 tillåta
1572 1356 40 22 en
1641 1345 199 38 skogsegare
1869 1341 57 34 att,
1965 1333 42 34 då

423 1421 66 31 han
518 1420 73 31 icke
620 1416 203 34 öfverträder
846 1410 44 36 de
919 1411 123 41 påbud,
1082 1408 113 33 hvilka
1223 1407 10 31 i
1262 1403 155 35 afseende
1446 1400 42 42 på
1517 1397 238 38 afverkningen
1784 1393 116 30 kunna
1928 1396 80 24 vara

426 1470 189 39 utfärdade,
640 1467 220 41 tillgodogöra
889 1465 49 39 sig
967 1464 143 38 skogens
1140 1462 101 28 alster
1270 1456 43 41 på
1342 1459 46 29 ett
1417 1456 75 37 sätt,
1521 1460 69 22 som
1612 1444 267 36 understundom
1906 1444 36 28 är
1962 1439 54 31 det

427 1523 85 32 enda
541 1521 143 40 möjliga,
721 1519 60 31 och
807 1518 56 40 jag
891 1515 101 32 fattar
1021 1511 170 39 ändtligen
1219 1510 73 30 icke
1321 1505 153 34 hvarföre
1504 1503 27 40 ej
1562 1500 95 33 äfven
1687 1498 10 31 i
1724 1497 56 31 det
1807 1494 67 39 fall,
1903 1491 111 32 derom

428 1585 45 21 nu
502 1577 36 28 är
565 1571 104 41 fråga,
697 1570 55 32 det
780 1568 128 33 mindre
936 1566 158 33 intresset
1120 1563 59 31 bör
1208 1559 100 40 något
1337 1558 98 32 maka
1465 1554 33 32 åt
1527 1553 48 40 sig
1596 1551 49 32 för
1665 1550 55 32 det
1739 1549 115 36 större,
1870 1542 146 33 särdeles

429 1635 80 30 som,
537 1634 50 24 om
616 1622 105 32 skada
750 1619 209 40 tillskyndas,
987 1616 127 32 hvilket
1134 1611 183 34 emellertid
1345 1609 72 32 icke
1446 1606 67 32 ofta
1530 1605 86 38 sker,
1646 1602 110 31 denna
1778 1597 34 32 af
1827 1597 62 31 den
1909 1592 108 34 derför

431 1676 174 39 ansvarige
635 1674 48 32 till
712 1672 81 32 fullo
822 1670 187 41 godtgöras.
1063 1665 62 32 Till
1155 1664 167 31 motionen
1352 1659 96 40 hade,
1477 1656 102 39 enligt
1607 1653 73 32 mitt
1699 1646 226 39 förmenande,
1943 1644 76 32 bort

430 1728 35 32 af
490 1727 171 32 Utskottet
687 1724 184 40 tillstyrkas
899 1718 122 34 bifall."

583 1777 34 31 af
656 1777 125 31 Herrar
823 1773 153 32 Friherre
1022 1768 111 34 Wrede
1173 1766 60 32 och
1275 1761 196 40 Ehrenborg,
1513 1757 112 33 hvilka
1665 1755 138 31 instämt
1831 1749 73 32 med
1933 1747 86 31 Herr

432 1830 162 40 Ribbing;
1963 1816 2 2 |

584 1879 35 32 af
646 1880 86 32 Herr
760 1878 141 40 Magnus
928 1874 157 38 Jonsson,
1109 1880 69 22 som
1207 1869 138 30 instämt
1374 1863 73 32 med
1478 1861 87 31 Herr
1594 1856 118 34 Grefve
1745 1853 124 40 Sparre.

584 1931 86 33 Herr
697 1931 192 38 Philipsson
916 1927 61 30 har
1005 1925 116 39 begärt
1147 1920 33 33 få
1209 1915 217 37 antecknadt,
1455 1916 48 29 att
1529 1912 68 31 han
1625 1909 10 31 i
1662 1906 81 40 följd
1773 1904 33 32 af
1833 1901 188 42 sjukdoms-

434 1985 108 33 förfall
571 1983 73 32 icke
672 1984 89 30 inom
790 1980 171 32 Utskottet
989 1974 140 40 deltagit
1156 1973 10 31 i
1194 1970 156 34 ärendets
1379 1958 261 51 handläggning.

839 2319 201 56 Stockholm,
1070 2312 189 61 Bergström
1279 2311 36 51 &
1336 2302 179 70 Lindroth,
1531 2303 116 52 1875.
