2236 2640
766 187 235 31 Statsutskottets
1028 188 153 29 Utlåtande
1204 188 60 29 N:o
1287 190 49 27 77.
1828 189 18 28 9

972 344 76 34 Art.
1072 346 28 31 1.

325 432 191 37 Laxfisket
551 433 12 35 i
599 432 146 36 Torneå
785 431 52 38 elf
873 431 21 37 å
934 433 172 35 sträckan
1146 433 157 37 emellan
1334 432 153 38 Muonio
1516 433 69 38 elfs
1611 433 139 38 inflöde
1776 434 69 36 och

222 496 117 24 norra
379 483 123 36 ändan
542 482 41 37 af
620 482 129 37 halfön
785 482 181 38 Svänsarö
994 483 70 36 och
1090 483 13 36 i
1129 483 141 36 flodens
1298 482 260 49 förgreningar
1585 485 95 36 skall
1707 485 138 36 brukas

221 533 178 37 samfäldt
424 533 59 36 för
510 533 45 37 de
572 533 99 37 båda
690 534 96 45 höga
804 533 301 37 kontraherande
1122 540 192 40 parternas
1332 535 161 46 räkning
1510 536 60 35 till
1589 535 72 37 den
1685 536 38 47 1;+
1747 548 98 23 mars

227 588 107 40 1917,
369 584 179 36 skolande
575 583 92 37 efter
693 583 188 47 utgången
908 583 42 37 af
973 584 123 37 denna
1122 584 55 36 tid
1204 597 52 32 ny
1283 583 374 40 öfverenskommelse
1684 587 12 35 i
1722 591 125 32 ämnet

222 634 141 38 träffas.
416 633 72 38 Om
525 634 204 37 emellertid
763 635 120 36 under
917 635 130 48 loppet
1073 634 42 37 af
1137 635 255 48 nyssnämnda
1417 636 56 36 tid
1501 636 243 37 oförutsedda
1771 650 76 23 om-

223 685 256 48 ständigheter
505 692 91 42 göra
614 685 63 37 det
699 686 170 47 omöjligt
886 684 59 37 för
964 685 136 37 endera
1118 684 41 37 af
1174 685 45 37 de
1237 686 98 46 höga
1352 687 301 37 kontraherande
1672 693 175 42 parterna

223 742 57 31 att
306 736 76 36 låta
408 734 297 50 samfälligheten
733 735 167 46 fortfara,
927 736 95 36 skall
1048 736 75 36 han
1151 749 67 35 ega
1242 741 54 31 att
1313 750 135 33 genom
1466 737 115 37 sådan
1599 739 247 46 uppsägning,

224 800 81 23 som
331 794 70 29 när
426 787 122 36 nedan
576 788 12 34 i
615 792 66 30 art.
711 789 19 33 I
760 794 91 38 sägs,
879 785 38 37 få
945 787 214 35 densamma
1184 786 179 49 upphäfd,
1382 788 12 35 i
1416 788 143 37 hvilket
1577 788 68 37 fall
1663 789 183 36 hvardera

225 843 132 43 parten
397 838 94 35 skall
527 837 227 36 återinträda
780 837 13 35 i
819 838 57 34 sin
903 842 74 31 rätt
1004 843 54 30 att
1084 838 104 35 inom
1214 845 202 40 gränserna
1442 838 41 36 af
1505 840 64 35 sitt
1597 839 150 36 område
1773 840 72 35 till-

223 888 193 47 godogöra
442 888 55 46 sig
523 888 109 36 fisket
658 887 59 37 för
744 888 55 36 sin
828 900 91 35 egen
946 888 170 46 räkning.

968 1018 80 51 Art.
1072 1018 30 32 2.

328 1104 48 38 Så
402 1107 109 45 länge
539 1106 63 36 det
628 1105 183 37 samfälda
837 1107 227 36 fiskebruket
1091 1106 212 46 bibehålles,
1330 1107 95 36 skall
1445 1108 67 35 allt
1530 1108 92 36 fiske
1640 1107 40 36 af
1696 1108 64 36 lax
1774 1108 69 36 och

224 1170 27 23 8.
284 1157 35 35 k.
349 1157 150 44 taimen,
539 1156 86 37 med
664 1156 194 49 undantag
885 1158 157 35 allenast
1068 1156 59 37 för
1153 1156 145 37 Hellelä
1324 1157 285 37 skatteförsålda
1635 1160 208 47 patuställe,

225 1220 90 23 vara
354 1206 187 47 förbjudet
580 1208 12 34 i
632 1207 146 37 Torneå
805 1207 68 36 elfs
900 1208 113 35 nedre
1041 1208 100 47 lopp,
1169 1207 162 37 alltifrån
1358 1221 114 23 norra
1498 1209 124 36 ändan
1650 1208 39 36 af
1715 1209 128 36 halfön

224 1256 185 38 Svänsarö
437 1258 97 35 intill
562 1256 311 49 elfsmynningen,
900 1258 152 36 hvilken
1080 1270 104 23 anses
1211 1259 170 45 befintlig
1400 1260 156 35 emellan
1575 1259 269 37 Helleläudden

226 1307 47 48 på
311 1308 122 35 finska
473 1308 104 36 sidan
619 1308 70 36 och
730 1308 62 36 det
831 1309 156 35 svenska
1026 1308 146 36 landets
1211 1315 165 29 närmast
1414 1310 255 45 motliggande
1705 1310 139 36 strand.

226 1358 133 48 Dylikt
393 1359 91 35 fiske
516 1359 95 35 skall
638 1358 176 37 likaledes
841 1372 90 23 vara
957 1357 191 48 förbjudet
1175 1359 13 35 i
1215 1358 62 36 det
1304 1359 221 47 vattendrag
1550 1360 186 36 nedanom
1764 1360 80 37 elfs-

225 1409 243 48 mynningen,
509 1421 79 23 som
628 1409 188 36 utmärkes
852 1409 20 35 å
903 1422 69 23 ena
999 1409 106 36 sidan
1133 1408 41 36 af
1198 1409 196 36 holmarna
1422 1409 200 47 Selkäkari,
1650 1411 97 36 Lilla
1774 1412 70 35 och

224 1458 110 38 Stora
360 1459 166 36 Kraaseli
552 1466 96 29 samt
675 1459 306 36 Kraaselikrunni
1009 1460 70 35 och
1107 1459 21 36 å
1151 1459 72 36 den
1242 1460 117 36 andra
1377 1459 41 37 af
1434 1460 264 45 Bockholmen,
1714 1461 130 48 Leppi-

226 1510 82 35 kari
348 1515 95 30 samt
482 1510 348 48 Leppikarikrunni.
882 1510 100 36 Enär
1023 1510 62 36 det
1124 1510 188 36 dessutom
1347 1510 58 37 för
1438 1511 62 37 det
1527 1512 181 36 samfälda
1734 1513 109 36 fiske-

225 1561 136 36 bruket
400 1560 154 45 fordras,
595 1559 60 38 för
695 1566 54 31 att
788 1562 79 35 icke
907 1560 135 37 hindra
1077 1562 131 35 laxens
1236 1562 256 47 uppstigande,
1520 1568 56 30 att
1601 1563 48 36 fri
1677 1564 167 45 öppning

227 1611 141 36 lemnas
408 1612 12 34 i
459 1611 277 46 vattendragets
776 1611 240 46 fortsättning
1056 1617 79 30 mot
1173 1611 108 37 söder
1312 1613 58 35 till
1402 1613 133 36 sundet
1562 1614 138 35 mellan
1729 1621 115 28 öarna

224 1661 203 36 Tervakari
468 1662 69 35 och
577 1661 357 48 Hamppulleiviskä,
967 1663 95 34 skall
1090 1662 62 35 det
1178 1675 89 23 vara
1294 1664 251 46 uttryckligen
1573 1663 190 48 förbjudet
1789 1670 55 30 att

227 1710 85 36 från
352 1711 216 47 någondera
607 1712 106 35 sidan
753 1712 41 35 af
829 1712 157 36 berörda
1018 1712 221 48 vattendrag
1266 1718 139 30 utsätta
1431 1714 183 36 fiskeverk
1642 1715 58 34 till
1727 1720 116 30 större

227 1761 113 48 längd
369 1769 45 28 än
445 1765 70 33 200
543 1767 125 31 meter.

971 1857 78 33 Art.
1074 1859 30 31 3.

331 1945 191 36 Hvardera
558 1945 41 36 af
631 1946 44 35 de
712 1946 96 47 höga
844 1947 298 36 kontraherande
1177 1952 173 41 parterna
1386 1947 214 47 disponerar
1632 1948 140 36 hälften
1805 1948 38 36 af

229 1997 119 34 fisket.

967 2093 76 32 Art.
1068 2092 34 33 4.

333 2178 234 45 Rättigheten
608 2180 57 34 till
706 2179 124 35 fiskets
870 2179 243 36 bedrifvande
1153 2180 118 35 under
1311 2180 71 36 den
1418 2181 64 42 tid,
1510 2181 122 36 denna
1659 2181 184 37 öfverens-

232 2230 201 34 kommelse
460 2242 84 34 eger
571 2229 171 45 gällande
771 2229 106 43 kraft,
905 2230 95 35 skall
1027 2229 40 36 af
1092 2231 181 35 hvardera
1301 2230 39 35 af
1366 2230 44 36 de
1429 2231 97 47 höga
1545 2232 297 36 kontraherande

299 2292 61 26 Bih.
380 2292 42 26 till
440 2292 96 26 Riksd.
557 2292 73 26 Prot.
655 2294 75 25 1897.
768 2293 14 25 4
803 2293 83 25 Saml.
923 2295 14 24 1
957 2293 68 32 Afd.
1047 2295 34 23 56
1100 2294 81 32 Häft.
1760 2296 15 25 2
