1906 2826
303 167 39 28 10
719 166 104 27 Andra
844 165 215 34 lagutskottets
1079 165 159 28 utlåtande
1259 166 44 28 Nr
1323 167 47 26 45.

342 244 65 30 Vid
430 245 83 29 1904
533 244 55 31 års
608 245 142 39 riksdag
768 246 126 30 beslöts
914 246 197 30 inrättande
1130 255 43 21 av
1192 245 410 40 egnahemslånefonden.
1625 245 166 31 Gällande

298 297 259 31 bestämmelser
582 297 55 31 för
662 297 232 31 lånerörelsen
921 299 59 30 äro
1006 299 140 39 intagna
1173 299 11 29 i
1208 299 231 39 kungörelsen
1465 299 66 30 den
1557 300 19 29 8
1603 298 75 39 juni
1708 300 82 29 1928

302 350 54 38 (nr
371 350 75 39 217)
470 350 178 40 angående
664 351 179 31 allmänna
860 352 149 38 grunder
1026 351 55 30 för
1092 352 66 30 den
1170 352 320 31 statsunderstödda
1502 352 287 39 egnahemsverk-

298 404 188 34 samheten,
512 404 134 30 ändrad
671 412 126 31 genom
821 405 272 38 kungörelserna
1118 414 41 21 nr
1186 401 161 41 169/1933
1374 406 64 29 och
1467 401 170 41 124/1934,
1665 408 90 27 samt
1781 405 10 29 i

297 456 230 39 kungörelsen
546 458 154 29 nämnda
720 458 68 39 dag
812 456 53 40 (nr
884 456 74 40 218)
984 458 80 30 med
1082 458 304 39 reglementariska
1405 457 217 31 föreskrifter
1641 458 150 31 rörande

296 509 67 30 den
389 510 322 30 statsunderstödda
739 510 280 39 egnahemslåne-
1048 511 65 30 och
1141 510 484 39 premielåneverksamheten,
1655 511 135 30 ändrad

297 569 124 32 genom
439 562 271 40 kungörelserna
730 573 41 20 nr
791 559 161 41 249/1932
972 564 66 29 och
1060 559 170 41 170/1933.
1258 564 95 39 (Jmf.
1374 565 64 29 ock
1457 563 273 40 kungörelserna
1749 573 41 20 nr

299 611 160 41 173/1933
476 616 65 29 och
560 611 161 41 126/1934
738 617 164 29 ävensom
917 617 230 38 kungörelsen
1162 626 42 21 nr
1220 612 173 42 219/1928,
1411 617 133 30 ändrad
1562 624 123 32 genom
1701 617 87 29 kun-

297 668 195 39 görelserna
511 678 41 20 nr
574 664 161 41 178/1929
755 670 65 29 och
843 665 181 43 125/1934.)

341 715 265 45 Årsutlåningen
630 721 81 31 från
736 721 130 31 fonden
891 723 63 29 har
979 722 57 30 för
1059 725 46 28 ett
1129 726 76 27 vart
1229 733 43 20 av
1296 722 250 31 kalenderåren
1574 723 215 30 1929—1936

296 774 165 30 bestämts
481 774 50 30 till
550 775 41 29 20
604 775 65 30 000
681 775 65 30 000
765 776 138 35 kronor,
924 784 104 21 varav
1051 776 38 29 14
1103 776 63 30 500
1180 777 64 29 000
1263 777 130 29 kronor
1411 775 55 31 för
1484 775 305 40 jordbrukslägen-

296 827 95 30 heter
413 827 66 30 och
502 828 18 29 5
535 828 62 29 500
610 828 64 29 000
697 828 130 30 kronor
849 828 55 30 för
925 828 351 39 bostadslägenheter.
1299 828 227 31 Beträffande
1548 828 241 40 fördelningen

296 880 43 29 de
358 878 92 32 båda
471 879 209 32 ändamålen
700 881 149 30 emellan
869 881 63 30 har
953 881 57 30 vid
1030 881 263 31 bestämmande
1314 891 42 21 av
1376 881 338 40 utlåningsbeloppet
1734 881 55 31 för

296 931 83 31 åren
404 933 215 30 1932—1936
640 933 191 39 medgivits,
855 936 57 32 att,
936 934 115 30 därest
1072 933 268 31 förhållandena
1361 934 111 30 skulle
1494 934 114 30 därtill
1631 935 76 38 giva
1729 944 60 20 an-

296 985 148 39 ledning,
468 987 108 29 större
596 986 102 30 andel
719 996 43 20 av
784 985 393 40 årsutlåningsbeloppet
1198 988 45 29 än
1265 987 67 30 den
1353 996 81 30 nyss
1455 987 149 39 angivna
1625 987 95 39 finge
1740 990 49 27 ta-

297 1045 59 32 gas
374 1038 11 30 i
402 1038 153 39 anspråk
574 1038 54 31 för
646 1038 318 37 bostadsändamål,
985 1039 10 30 i
1014 1040 67 29 den
1099 1039 82 30 mån
1201 1039 37 31 så
1257 1040 118 30 kunde
1393 1041 59 29 ske
1471 1043 84 27 utan
1574 1040 142 39 förfång
1735 1040 54 31 för

296 1090 230 31 lånerörelsen
547 1091 56 30 för
623 1091 364 39 jordbruksändamål.
1011 1092 119 30 Såsom
1151 1092 265 40 kapitalökning
1437 1093 50 30 till
1507 1093 282 39 egnahemslåne-

296 1143 131 31 fonden
446 1143 56 31 för
521 1144 204 39 budgetåret
748 1140 191 42 1935/1936,
962 1146 169 30 avseende
1150 1145 201 40 utlåningen
1372 1146 110 30 under
1504 1146 93 35 1936,
1620 1147 64 30 har
1704 1147 85 29 riks-

297 1196 110 39 dagen
426 1197 135 30 anvisat
580 1198 15 29 7
613 1198 63 29 700
689 1198 65 29 000
773 1198 139 30 kronor.

341 1250 14 29 I
375 1248 90 32 årets
485 1250 412 39 statsverksproposition,
919 1250 139 39 utgifter
1077 1250 55 31 för
1150 1251 273 40 kapitalökning,
1443 1252 57 30 bil.
1521 1253 29 35 7,
1572 1252 60 30 sid.
1658 1254 47 34 11,
1726 1253 64 29 har

298 1302 121 39 Kungl.
443 1302 100 39 Maj:t
563 1302 178 40 föreslagit
761 1303 193 39 riksdagen,
976 1303 108 31 bland
1104 1306 115 33 annat,
1243 1304 72 31 dels
1336 1308 49 27 att
1405 1305 167 39 medgiva,
1594 1308 50 27 att
1665 1305 123 40 Kungl.

297 1354 100 39 Maj:t
418 1355 95 39 finge
534 1355 55 30 för
613 1356 80 30 1937
718 1355 127 39 bevilja
867 1355 144 31 statslån
1032 1355 80 31 från
1133 1357 402 38 egnahemslånefonden
1556 1357 87 31 intill
1665 1361 46 27 ett
1733 1359 56 30 be-

295 1408 82 39 lopp
403 1417 43 21 av
474 1409 117 30 20000
605 1409 64 30 000
696 1410 140 34 kronor,
864 1409 107 30 därav
998 1410 18 29 5
1032 1410 62 29 500
1108 1410 64 29 000
1198 1410 130 30 kronor
1355 1410 55 30 för
1436 1411 351 39 bostadslägenheter,

296 1461 79 30 med
395 1462 68 29 rätt
484 1462 88 30 dock
593 1461 56 31 för
670 1462 125 39 Kungl.
818 1462 99 38 Maj:t
939 1465 58 33 att,
1020 1462 114 30 därest
1155 1462 268 32 förhållandena
1444 1464 111 30 skulle
1576 1464 115 30 därtill
1713 1464 75 39 giva

296 1514 187 39 anledning
499 1515 65 30 och
580 1515 10 29 i
606 1515 66 30 den
689 1514 84 31 mån
790 1514 37 31 så
843 1518 85 27 utan
944 1514 141 40 förfång
1101 1515 56 30 för
1173 1515 231 31 lånerörelsen
1421 1516 55 30 för
1492 1517 295 38 jordbruksända-

296 1566 71 31 mål
382 1567 118 30 kunde
517 1568 68 35 ske,
604 1567 55 31 för
675 1568 342 38 bostadslägenheter
1034 1571 77 36 taga
1129 1568 10 30 i
1155 1568 154 39 anspråk
1326 1571 108 28 större
1450 1570 125 39 belopp
1592 1571 46 29 än
1655 1571 56 30 det
1729 1570 60 31 sist

296 1620 157 39 angivna,
480 1620 72 31 dels
577 1621 64 30 ock
665 1623 50 27 att
739 1619 115 32 såsom
877 1620 263 40 kapitalökning
1164 1621 56 30 för
1244 1621 400 40 egnahemslånefonden
1669 1623 119 31 anvisa

296 1672 56 31 för
371 1672 203 40 budgetåret
597 1668 181 41 1936/1937
802 1676 47 28 ett
869 1673 350 40 reservationsanslag
1240 1684 43 20 av
1304 1676 18 28 2
1337 1675 64 30 300
1414 1676 64 29 000
1499 1676 139 31 kronor.

341 1726 122 38 Kungl.
487 1725 116 39 Maj:ts
625 1725 258 40 framställning
902 1727 65 29 har
987 1726 44 40 på
1052 1727 207 30 hemställan
1280 1737 42 21 av
1343 1728 354 38 jordbruksutskottet
1724 1728 63 40 (ut-

296 1778 138 31 låtande
452 1788 41 20 nr
512 1777 51 40 22)
587 1778 143 31 bifallits
749 1789 43 20 av
809 1779 193 40 riksdagen.

601 1920 142 30 Arbetet
766 1921 80 29 med
867 1920 154 30 revision
1044 1930 42 20 av
1109 1920 232 38 jordabalken
1364 1931 46 21 m.
1432 1931 47 21 m.

340 2008 13 29 I
375 2008 56 30 sitt
451 2010 81 28 över
553 2009 176 30 motionen
751 2009 45 30 II:
812 2011 39 28 72
873 2009 57 30 vid
951 2009 94 31 förra
1068 2009 88 31 årets
1178 2010 141 39 riksdag
1340 2011 147 39 avgivna
1506 2011 178 31 utlåtande
1706 2021 41 21 nr
1768 2013 19 29 9

295 2061 148 30 anförde
469 2062 169 30 utskottet
666 2071 76 21 som
769 2071 90 21 ovan
889 2062 74 39 (sid.
991 2062 30 39 4)
1052 2064 151 34 nämnts,
1229 2063 110 30 bland
1363 2067 119 33 annat,
1509 2066 50 28 att
1585 2064 107 39 enligt
1719 2064 68 30 den

295 2114 91 38 plan,
406 2123 75 21 som
499 2114 180 40 framlagts
697 2115 57 30 för
770 2115 307 40 lagberedningens
1095 2117 125 34 arbete,
1239 2126 42 20 en
1301 2116 128 31 allmän
1448 2118 147 30 revision
1613 2128 41 20 av
1672 2118 114 39 jorda-

295 2167 125 30 balken
438 2167 110 31 skulle
565 2167 164 40 påbörjas
746 2169 107 29 redan
870 2169 109 30 under
996 2168 38 30 år
1055 2169 90 30 1935.

338 2220 50 30 Av
404 2220 57 31 det
477 2230 78 21 svar
571 2230 74 21 som
661 2221 319 38 justitieministern,
998 2221 183 31 statsrådet
1198 2222 165 39 Schlyter,
1381 2223 132 30 lämnat
1529 2222 20 31 å
1565 2233 42 20 en
1624 2224 56 30 vid
1697 2223 89 32 årets

294 2272 140 40 riksdag
460 2273 94 30 inom
580 2273 109 31 första
716 2274 205 30 kammaren
947 2274 197 31 framställd
1171 2275 252 39 interpellation
1451 2274 178 41 angående
1656 2278 131 29 arbetet

294 2326 79 29 med
393 2326 149 31 revision
564 2336 42 20 av
628 2327 229 38 jordabalken
878 2326 164 40 framgår,
1064 2328 107 29 bland
1192 2331 118 32 annat,
1333 2331 49 28 att
1405 2328 153 31 nämnda
1580 2328 206 39 lagrevision

294 2379 95 29 ännu
411 2380 98 30 torde
532 2389 82 21 vara
638 2379 119 31 alltför
780 2380 161 39 avlägsen
963 2380 56 30 för
1043 2383 49 27 att
1114 2381 120 30 kunna
1258 2380 169 40 åberopas
1451 2381 114 31 såsom
1589 2383 197 38 avgörande

295 2431 75 30 skäl
388 2434 73 28 mot
480 2432 218 31 reformkrav
717 2449 42 4 —
778 2433 106 30 bland
903 2436 108 27 annat
1030 2433 10 30 i
1058 2432 99 40 fråga
1176 2443 57 21 om
1253 2434 177 31 instituten
1450 2435 144 30 arrende
1614 2436 65 30 och
1699 2436 87 39 hyra

293 2503 44 4 —
356 2484 92 30 vilka
468 2484 10 30 i
498 2486 64 29 och
582 2485 55 30 för
657 2485 51 40 sig
727 2487 61 29 äro
806 2485 179 40 befogade.
