1892 2852
287 158 38 30 12
697 159 110 28 Andra
830 159 220 34 lagutskottets
1072 160 164 28 utlåtande
1259 160 48 29 Nr
1326 165 47 26 36.

992 248 41 31 34
1055 245 28 39 $.

336 309 51 35 Är
410 313 60 31 den
494 313 133 32 felande
649 316 100 35 tagen
771 314 12 31 i
806 314 124 38 förvar,
955 313 87 33 skall
1066 314 305 39 skyddskollegiets
1394 314 109 34 beslut
1527 327 50 20 om
1600 315 83 33 hans
1706 315 85 33 inta-

290 363 108 38 gande
422 364 19 31 å
466 363 125 32 allmän
615 363 238 33 arbetsanstalt
877 364 101 38 jämte
1003 364 202 39 fullständig
1229 365 341 39 besvärshänvisning
1594 370 117 34 genast
1736 378 55 20 av-

289 413 130 32 kunnas
438 414 53 31 för
508 414 130 32 honom.
661 414 18 31 I
696 415 93 37 varje
808 415 64 32 fall
890 414 86 33 skall
994 415 142 33 beslutet
1153 416 103 37 jämte
1274 416 379 39 besvärshänvisningen
1674 416 118 33 skrift-

291 463 89 39 ligen
406 464 150 38 delgivas
581 464 116 32 honom
722 469 69 28 mot
815 465 106 39 bevis;
947 466 60 31 och
1033 465 86 33 skall
1145 466 236 38 delgivningen
1405 466 200 34 verkställas
1629 467 88 32 inom
1741 471 51 28 tre

291 514 105 38 dagar
420 514 89 39 eller,
535 527 51 20 om
611 515 116 32 hinder
752 516 117 31 därför
893 519 113 35 möter,
1033 517 36 31 så
1094 521 92 28 snart
1211 516 58 33 ske
1293 517 78 32 kan.

334 564 155 33 Beslutar
507 565 159 38 kollegiet
683 565 205 39 vidtagande
905 578 41 20 av
964 567 121 38 åtgärd
1103 567 105 38 enligt
1227 569 40 32 19
1288 567 18 39 $
1325 567 114 39 andra,
1459 567 105 39 tredje
1582 568 80 32 eller
1682 568 110 39 fjärde

291 615 132 38 stycket
440 615 80 33 eller
538 618 40 31 20
597 615 28 40 $,
644 615 86 33 skall
749 616 170 39 skriftligt
935 617 122 32 besked
1075 629 51 20 om
1144 617 163 38 åtgärden
1326 618 60 32 och
1403 618 65 32 vad
1487 618 62 33 den
1568 619 132 32 felande
1718 619 74 32 med

289 665 131 38 hänsyn
443 665 53 32 till
522 666 189 33 densamma
734 667 61 32 har
819 671 50 29 att
892 667 155 39 iakttaga
1069 668 174 33 tillställas
1267 668 128 33 honom.

992 761 40 32 35
1055 759 29 40 $.

333 821 33 36 Å
386 825 237 39 länsstyrelsen
643 826 189 33 ankommer
851 830 50 29 att
920 827 158 33 förordna
1097 840 51 20 om
1167 828 259 39 verkställighet
1445 841 41 20 av
1505 829 110 34 beslut
1635 842 51 20 om
1705 830 86 32 inta-

288 876 109 38 gande
419 877 19 31 å
461 876 124 33 allmän
608 877 249 33 arbetsanstalt.

335 927 73 32 Har
431 927 70 38 den,
526 939 68 21 som
616 927 143 34 beslutet
781 933 99 34 rörer,
903 928 90 33 inför
1015 929 239 39 länsstyrelsen
1277 930 80 32 eller
1378 931 178 38 magistrat
1578 931 79 32 eller
1679 932 11 31 i
1712 932 79 32 vitt-

289 989 79 20 nens
394 982 142 28 närvaro
560 978 90 32 inför
674 978 275 39 tillsyningsman
974 980 80 32 eller
1080 980 230 34 föreståndare
1335 981 57 32 vid
1417 981 110 39 häkte,
1554 982 200 33 ordförande
1779 982 13 32 i

287 1028 189 38 magistrat,
505 1029 233 38 polismästare
767 1030 80 32 eller
875 1030 200 39 landsfogde
1103 1032 130 37 avgivit
1262 1031 201 40 förklaring,
1492 1036 51 29 att
1570 1033 65 32 han
1664 1033 127 38 åtnöjes

288 1079 74 31 med
388 1079 152 38 beslutet,
569 1079 87 33 skall
683 1080 183 33 detsamma
893 1085 116 34 genast
1036 1082 43 38 gå
1105 1082 11 31 i
1142 1082 269 39 verkställighet.
1461 1082 112 33 Sådan
1601 1083 191 39 förklaring

288 1128 89 33 skall
398 1129 30 38 ej
450 1129 102 39 gälla,
575 1130 73 32 med
669 1130 128 34 mindre
818 1131 66 32 han
906 1131 76 33 haft
1002 1132 192 32 betänketid
1216 1133 105 32 under
1343 1134 57 32 två
1422 1133 116 39 dagar,
1561 1134 100 32 sedan
1683 1134 107 33 beslu-

287 1182 48 30 tet
358 1179 215 34 avkunnades
597 1181 53 31 för
671 1180 118 33 honom
813 1181 90 39 eller,
926 1194 51 20 om
1001 1182 54 33 det
1077 1183 30 38 ej
1131 1183 200 39 avkunnats,
1355 1184 74 32 blev
1452 1184 118 32 honom
1595 1184 195 39 skriftligen

288 1229 156 39 delgivet.
487 1230 61 33 Om
569 1230 200 40 förklaring,
790 1244 68 20 som
879 1232 146 38 avgivits
1046 1233 192 33 annorledes
1259 1239 41 27 än
1321 1234 90 32 inför
1431 1235 251 38 länsstyrelsen,
1703 1235 88 33 skall

287 1279 107 33 denna
417 1280 241 39 ofördröjligen
680 1282 225 33 underrättas.
950 1283 157 38 Avgiven
1131 1284 191 38 förklaring
1344 1285 54 31 må
1422 1285 29 38 ej
1475 1285 182 38 återtagas.

332 1330 250 33 Underrättelse
604 1343 50 21 om
675 1332 387 38 verkställighetsbeslut
1085 1333 87 33 skall
1194 1334 242 39 ofördröjligen
1459 1336 121 32 sändas
1603 1336 53 33 till
1678 1336 113 33 veder-

286 1380 145 33 börande
453 1381 170 33 allmänna
645 1382 251 33 arbetsanstalt.
941 1382 69 34 Sist
1031 1384 88 32 inom
1142 1385 71 32 åtta
1237 1384 106 39 dagar
1365 1385 86 32 efter
1474 1385 54 33 det
1551 1386 71 39 den,
1646 1398 68 22 som
1737 1386 53 33 be-

287 1430 102 33 slutet
410 1436 99 33 rörer,
531 1431 166 34 förklarat
717 1432 53 39 sig
790 1433 79 38 nöjd
888 1434 73 32 med
983 1434 182 33 detsamma
1185 1435 80 32 eller
1284 1435 142 33 beslutet
1445 1436 120 34 vunnit
1585 1437 78 38 laga
1683 1437 107 39 kraft,

288 1481 95 33 skola
407 1481 60 33 ock
492 1482 224 39 fullständiga
739 1483 168 38 protokoll
932 1488 86 29 samt
1042 1484 245 39 handlingarna
1311 1486 11 31 i
1347 1486 134 33 ärendet
1506 1487 49 33 dit
1579 1487 211 34 översändas.

989 1578 41 32 36
1052 1576 29 40 $.

332 1642 73 32 Har
426 1642 257 39 verkställighet
706 1655 41 20 av
769 1644 110 33 beslut
901 1656 51 20 om
974 1645 181 38 intagande
1177 1646 20 32 å
1219 1646 125 32 allmän
1367 1647 237 34 arbetsanstalt
1627 1648 53 32 till
1703 1648 87 39 följd

287 1703 43 21 av
351 1692 167 38 medgivet
541 1693 141 33 anstånd
705 1694 79 31 eller
807 1706 42 20 av
872 1706 107 21 annan
1002 1695 180 39 anledning
1204 1697 29 38 ej
1257 1697 172 38 påbörjats
1452 1698 87 31 inom
1562 1699 58 31 två
1643 1699 37 31 år
1702 1699 88 32 efter

287 1742 160 34 beslutets
472 1743 224 39 meddelande,
723 1756 78 22 vare
829 1745 54 32 det
909 1745 164 34 förfallet.

959 1897 18 32 5
995 1896 109 34 KAP.

569 1968 63 25 Om
656 1966 229 29 anstaltsvård
909 1970 65 26 och
997 1967 262 30 eftervårdande
1283 1971 227 28 verksamhet.

989 2049 40 32 37
1051 2048 30 39 $.

330 2112 138 33 Allmän
487 2113 239 33 arbetsanstalt
742 2114 107 39 enligt
867 2115 105 32 denna
990 2115 58 39 lag
1064 2121 37 27 är

330 2163 29 32 1.
384 2163 124 32 anstalt
527 2164 79 31 eller
624 2164 179 38 avdelning
822 2165 112 39 därav,
954 2177 67 21 som
1040 2178 41 20 av
1100 2169 107 29 staten
1227 2167 54 32 för
1300 2167 117 32 sådant
1437 2168 155 32 ändamål
1610 2168 175 39 inrättats;

285 2212 82 33 eller

331 2264 30 31 2.
384 2276 43 20 av
448 2265 181 39 landsting,
651 2265 167 39 kommun,
843 2266 154 39 förening
1018 2267 79 32 eller
1120 2267 145 33 stiftelse
1288 2269 170 33 anordnad
1481 2270 126 32 anstalt
1629 2270 80 32 eller
1730 2282 56 21 av-

286 2313 135 40 delning
440 2315 112 39 därav,
572 2315 110 33 vilken
701 2328 41 20 av
762 2316 187 39 Konungen
969 2318 135 32 erkänts
1123 2318 106 32 såsom
1250 2319 124 32 allmän
1394 2320 254 38 arbetsanstalt;
1667 2321 120 32 sådant

285 2363 210 35 erkännande
510 2365 68 32 kan
594 2370 61 28 när
670 2378 68 20 som
756 2366 88 32 helst
861 2367 192 33 återkallas.

330 2414 61 39 De,
415 2426 67 20 som
508 2416 30 37 ej
563 2416 82 38 fyllt
669 2416 148 39 tjuguett
841 2417 47 38 år,
913 2417 94 33 skola
1031 2419 133 37 intagas
1189 2419 19 31 å
1232 2419 156 37 särskild,
1415 2420 54 32 för
1493 2420 145 38 ungdom
1662 2422 125 32 avsedd

805 2468 9 9 o

284 2465 125 32 allmän
433 2465 239 34 arbetsanstalt
697 2467 80 32 eller
801 2479 20 20 å
846 2467 154 39 särskild,
1027 2469 53 31 för
1103 2469 143 38 ungdom
1273 2470 169 33 anordnad
1467 2470 179 39 avdelning
1672 2472 114 32 därav.
