1914 2850
546 171 292 33 Statsutskottets
862 173 188 31 utlåtande
1072 174 53 31 Nr
1149 175 71 31 140.
1548 176 40 30 11

129 245 74 32 håll
246 247 65 32 och
357 247 91 33 drift
489 259 48 21 av
583 249 55 32 för
681 249 229 37 tulltjänsten
953 250 167 38 behövlig
1176 252 458 36 fortskaffningsmateriel.

130 297 77 33 Den
244 299 38 31 23
317 299 80 37 juni
435 300 77 31 1931
546 302 140 35 avgåvo
719 302 45 31 de
798 301 228 38 sakkunniga
1061 303 57 31 till
1153 303 391 37 generaltullstyrelsen
1580 304 53 31 be-

129 351 181 32 tänkande
339 352 64 31 och
433 352 134 37 förslag
596 353 12 31 i
638 355 119 30 ämnet
789 352 157 36 (Statens
975 354 193 37 offentliga
1196 355 238 36 utredningar
1461 355 92 31 1931:
1568 347 64 48 23).

130 400 90 34 Över
243 404 241 31 betänkandet
505 404 66 31 har
594 405 391 36 generaltullstyrelsen
1008 405 179 32 inhämtat
1211 407 195 35 yttranden
1430 407 82 31 från
1534 407 96 31 kust-

133 455 463 37 bevakningsinspektören,
631 456 275 32 tulldirektören
938 457 12 31 i
982 457 214 38 Stockholm,
1231 458 169 31 cheferna
1434 459 55 30 för
1523 460 106 30 samt-

130 505 74 38 liga
226 506 97 32 kust-
348 508 64 31 och
433 508 257 36 gränsdistrikt
714 510 93 30 samt
830 509 220 36 styrelserna
1075 510 55 30 för
1153 510 165 36 Sveriges
1342 510 182 31 allmänna
1550 511 80 31 tull-

130 558 446 38 tjänstemannaförening,
615 560 159 32 Svenska
813 560 396 33 tullmannaförbundet
1247 562 65 32 och
1339 563 50 31 De
1415 563 215 31 tullanställ-

129 610 66 33 das
216 612 335 36 samorganisation.

675 736 50 27 Nu
748 736 161 36 gällande
933 737 159 35 ordning.

169 819 18 31 I
216 819 107 37 fråga
350 830 58 21 om
434 819 165 37 gällande
626 820 265 32 bestämmelser
918 821 152 31 rörande
1098 821 211 33 tullverkets
1338 823 294 37 fortskaffnings-

129 871 164 32 materiel
316 872 66 31 och
406 872 67 31 den
495 872 125 37 praxis
644 872 229 33 beträffande
897 873 248 37 anskaffning,
1169 874 191 32 underhåll
1383 875 63 30 och
1471 875 91 31 drift
1586 884 45 22 av

129 923 112 31 sådan
259 923 173 37 materiel,
451 933 75 23 som
544 924 155 32 utbildat
717 925 64 36 sig,
802 925 94 31 hava
913 926 12 30 i
945 925 265 37 propositionen
1230 926 156 31 lämnats
1404 927 113 35 några
1536 927 94 30 kort-

131 975 138 32 fattade
290 975 195 38 uppgifter.
527 976 19 32 I
569 976 118 38 övrigt
706 976 67 32 har
793 977 188 32 hänvisats
1002 978 57 31 till
1080 978 455 37 sakkunnigbetänkandet.

171 1026 339 38 Grundstadgandet
557 1028 183 37 angående
785 1028 310 37 tulltjänstemans
1127 1030 207 37 skyldighet
1364 1032 53 30 att
1448 1031 98 31 hålla
1578 1031 55 31 för

131 1079 159 36 tjänsten
311 1080 232 36 erforderligt
565 1080 399 37 fortskaffningsmedel
987 1081 199 32 återfinnes
1208 1081 12 31 i
1245 1081 18 36 $
1287 1082 58 30 222
1368 1092 102 21 mom.
1495 1083 18 30 1
1536 1082 11 31 i
1572 1082 59 32 det

127 1140 48 20 av
221 1131 393 37 generaltullstyrelsen
658 1132 68 31 den
769 1134 38 29 14
829 1132 184 32 december
1036 1133 79 31 1910
1140 1134 191 31 utfärdade
1357 1134 276 37 tjänstgörings-

129 1182 234 37 reglementet
382 1183 55 32 för
457 1183 194 32 tullverket
674 1183 70 36 (Sv.
766 1184 38 31 F.
826 1184 34 32 S.
880 1184 71 32 bih.
969 1184 158 36 86/1910).
1169 1185 125 36 Enligt
1314 1186 98 31 detta
1432 1185 198 36 stadgande

128 1235 94 31 samt
243 1235 181 32 särskilda
445 1245 45 21 av
512 1235 394 37 generaltullstyrelsen
926 1237 13 31 i
958 1236 175 32 samband
1151 1237 80 31 med
1252 1237 269 37 legoanslagens
1544 1237 86 32 fast-

128 1287 179 31 ställande
332 1287 206 32 meddelade
564 1287 227 32 föreskrifter
817 1288 123 37 gäller,
965 1289 55 31 att
1045 1288 299 37 tulltjänsteman,
1370 1299 73 21 som
1468 1289 162 37 åtnjuter

130 1338 217 37 legoanslag,
372 1341 41 29 är
437 1339 144 37 skyldig
606 1341 54 29 att
682 1340 12 31 i
718 1339 149 37 fullgott
892 1339 100 32 skick
1015 1340 214 32 underhålla
1254 1341 179 31 farkoster
1456 1342 80 31 med
1559 1341 71 32 till-

130 1390 117 37 behör,
270 1401 76 21 som
369 1391 182 32 erfordras
574 1392 64 31 och
660 1394 62 28 äro
743 1391 157 37 tjänliga
922 1392 56 31 för
1002 1392 148 32 därmed
1170 1393 156 31 avsedda
1347 1393 282 36 tjänsteförrätt-

130 1443 130 36 ningar
277 1446 94 28 samt
389 1453 107 21 svara
514 1444 73 29 mot
607 1443 264 31 vederbörande
889 1443 137 37 anslag,
1044 1444 86 31 eller
1148 1447 54 29 att
1219 1444 99 32 hålla
1335 1445 80 32 häst
1432 1446 80 31 med
1530 1456 99 20 mun-

130 1494 126 36 dering
281 1494 88 31 eller
392 1494 65 31 ock
481 1496 54 30 att
559 1504 88 21 vara
672 1495 144 31 försedd
840 1495 80 31 med
943 1495 205 36 automobil,
1172 1496 219 37 motorcykel
1416 1496 85 31 eller
1527 1497 103 36 cykel

129 1556 46 21 av
198 1546 151 36 lämplig
372 1546 261 31 konstruktion.
678 1546 260 37 Legoanslaget
962 1546 93 32 skall
1078 1547 143 36 jämlikt
1247 1548 186 31 föreskrift
1458 1548 11 30 i
1496 1549 132 36 kungö-

129 1598 89 31 relse
241 1598 68 31 den
330 1598 38 30 15
389 1597 79 37 juni
490 1598 77 30 1922
591 1597 56 36 (nr
669 1597 70 35 368)
764 1599 89 35 utgå
875 1598 57 31 till
954 1598 77 36 den,
1054 1608 75 21 som
1152 1599 176 32 förrättar
1350 1599 167 37 tjänsten,
1541 1601 88 31 dock

128 1651 64 35 att,
213 1660 57 21 om
292 1650 117 31 denna
428 1649 174 32 bestrides
621 1650 46 36 på
689 1649 252 37 förordnande,
960 1650 182 31 ordinarie
1165 1650 219 32 innehavare
1405 1662 44 21 av
1470 1652 159 36 tjänsten

128 1703 58 30 må
209 1701 123 31 kunna
356 1701 63 32 vid
441 1702 163 35 anslaget
625 1701 197 31 bibehållas
845 1702 74 31 mot
942 1702 59 31 det
1022 1703 55 29 att
1099 1702 71 31 han
1192 1702 247 37 tillhandagår
1464 1704 165 31 vikarien

128 1754 81 31 med
230 1754 71 31 vad
322 1763 76 22 som
419 1753 55 31 för
496 1752 163 37 anslaget
680 1753 92 31 skall
793 1753 127 31 hållas.

167 1804 140 37 Legans
329 1804 132 32 storlek
485 1804 194 32 fastställes
703 1815 46 20 av
772 1804 392 38 generaltullstyrelsen
1186 1806 11 30 i
1221 1807 97 36 regel
1343 1807 55 31 för
1422 1808 102 36 varje
1546 1808 84 31 bud-

126 1857 113 35 getår.
288 1855 121 37 Legan
439 1855 211 32 bestämmes
678 1856 91 31 efter
796 1856 111 36 något
935 1856 97 31 olika
1061 1857 156 36 grunder
1247 1858 57 31 för
1333 1858 116 32 skilda
1479 1859 78 37 slag
1586 1870 44 21 av

127 1907 459 36 fortskaffningsmateriel.
637 1906 70 32 För
734 1908 223 31 motorbåtar
984 1908 177 32 beräknas
1187 1909 105 37 legan
1320 1910 12 31 i
1360 1910 42 31 de
1431 1911 106 30 flesta
1567 1911 64 31 fall

126 1958 80 31 med
229 1958 274 37 utgångspunkt
529 1958 84 31 från
636 1958 67 31 den
726 1958 72 37 båt,
821 1969 75 21 som
921 1959 153 31 faktiskt
1097 1960 121 36 hålles,
1241 1961 131 31 varvid
1396 1962 234 31 eftersträvas

124 2011 57 30 att
206 2012 142 33 avväga
373 2008 105 37 legan
503 2010 49 35 så,
579 2011 54 30 att
656 2009 68 32 den
750 2009 134 32 förslår
909 2010 56 31 till
993 2011 219 37 amortering
1241 2012 65 31 och
1333 2012 116 37 skälig
1476 2013 151 31 förränt-

126 2060 88 37 ning
237 2060 114 32 under
375 2061 201 31 farkostens
598 2061 188 31 sannolika
809 2061 182 38 livslängd
1015 2072 46 21 av
1085 2062 67 31 den
1175 2063 166 37 verkliga
1362 2064 268 36 anskaffnings-

126 2111 198 32 kostnaden
356 2113 56 31 för
442 2113 62 31 båt
534 2113 80 31 med
642 2112 217 32 tillhörande
887 2115 115 29 motor
1031 2114 65 31 och
1127 2115 221 31 inventarier
1377 2118 166 29 ävensom
1574 2116 55 31 till

129 2163 173 32 täckande
324 2174 45 21 av
390 2163 131 37 nödiga
541 2163 231 37 underhålls-,
796 2165 238 36 reparations-
1057 2166 63 30 och
1145 2166 238 37 försäkrings-
1413 2177 42 21 m.
1480 2167 36 31 fl.
1538 2167 91 31 kost-

128 2214 110 31 nader
262 2217 93 29 samt
378 2215 198 31 kostnaden
600 2216 55 30 för
677 2215 136 32 sådana
836 2216 423 37 förbrukningsartiklar,
1284 2227 74 22 som
1381 2218 31 36 ej
1438 2218 190 31 tillhanda-

128 2266 115 31 hållas
267 2266 87 30 eller
380 2266 163 31 bekostas
570 2277 45 20 av
642 2267 193 31 tullverket
865 2267 85 35 (alla
976 2267 284 32 driftkostnader
1285 2268 136 32 betalas
1446 2269 181 35 nämligen

124 2327 48 21 av
193 2315 220 37 tullverket).
455 2318 18 30 I
499 2318 106 36 fråga
628 2328 56 20 om
706 2318 115 32 andra
843 2319 396 36 fortskaffningsmedel
1262 2322 47 29 än
1333 2320 220 31 motorbåtar
1575 2321 54 30 be-

126 2368 168 31 stämmes
324 2368 105 36 legan
459 2368 92 31 efter
581 2368 68 32 den
678 2368 202 33 beräknade
912 2370 433 36 genomsnittskostnaden
1377 2371 55 31 för
1461 2371 167 31 hållande

126 2429 46 20 av
195 2420 50 30 ett
269 2418 122 37 dylikt
415 2419 396 37 fortskaffningsmedel
836 2422 47 35 på
907 2420 264 32 vederbörande
1196 2424 65 33 ort,
1287 2432 25 25 s.
1338 2422 32 31 k.
1398 2423 230 35 normallega.

126 2468 134 33 Vidare
284 2470 117 32 bruka
424 2469 147 37 legorna
595 2471 11 31 i
632 2471 94 36 regel
753 2472 57 31 för
835 2472 170 36 samtliga
1033 2472 395 38 fortskaffningsmedel
1453 2473 175 32 beräknas
