<?xml version="1.0" encoding="UTF-8"?>
<alto xmlns="http://www.loc.gov/standards/alto/ns-v3#" xmlns:xlink="http://www.w3.org/1999/xlink" xmlns:xsi="http://www.w3.org/2001/XMLSchema-instance" xsi:schemaLocation="http://www.loc.gov/standards/alto/ns-v3# http://www.loc.gov/alto/v3/alto-3-0.xsd">
	<Description>
		<MeasurementUnit>pixel</MeasurementUnit>
		<sourceImageInformation>
			<fileName>/tmp/tess_tu6i6p1k_input.PNG</fileName>
		</sourceImageInformation>
		<OCRProcessing ID="OCR_0">
			<ocrProcessingStep>
				<processingSoftware>
					<softwareName>tesseract 5.3.0</softwareName>
				</processingSoftware>
			</ocrProcessingStep>
		</OCRProcessing>
	</Description>
	<Layout>
		<Page WIDTH="1912" HEIGHT="2852" PHYSICAL_IMG_NR="0" ID="page_0">
			<PrintSpace HPOS="0" VPOS="0" WIDTH="1912" HEIGHT="2852">
				<ComposedBlock ID="cblock_0" HPOS="540" VPOS="162" WIDTH="1042" HEIGHT="34">
					<TextBlock ID="block_0" HPOS="540" VPOS="162" WIDTH="1042" HEIGHT="34">
						<TextLine ID="line_0" HPOS="540" VPOS="162" WIDTH="1042" HEIGHT="34">
							<String ID="string_0" HPOS="540" VPOS="164" WIDTH="293" HEIGHT="32" WC="0.92" CONTENT="Statsutskottets"/><SP WIDTH="23" VPOS="164" HPOS="833"/>
							<String ID="string_1" HPOS="856" VPOS="163" WIDTH="188" HEIGHT="33" WC="0.96" CONTENT="utlåtande"/><SP WIDTH="22" VPOS="163" HPOS="1044"/>
							<String ID="string_2" HPOS="1066" VPOS="163" WIDTH="52" HEIGHT="32" WC="0.93" CONTENT="Nr"/><SP WIDTH="24" VPOS="163" HPOS="1118"/>
							<String ID="string_3" HPOS="1142" VPOS="163" WIDTH="73" HEIGHT="32" WC="0.94" CONTENT="140."/><SP WIDTH="327" VPOS="163" HPOS="1215"/>
							<String ID="string_4" HPOS="1542" VPOS="162" WIDTH="40" HEIGHT="32" WC="0.96" CONTENT="13"/>
						</TextLine>
					</TextBlock>
				</ComposedBlock>
				<ComposedBlock ID="cblock_1" HPOS="120" VPOS="240" WIDTH="1507" HEIGHT="1799">
					<TextBlock ID="block_1" HPOS="120" VPOS="240" WIDTH="1507" HEIGHT="1491">
						<TextLine ID="line_1" HPOS="162" VPOS="240" WIDTH="1463" HEIGHT="39">
							<String ID="string_5" HPOS="162" VPOS="240" WIDTH="71" HEIGHT="34" WC="0.86" CONTENT="Till"/><SP WIDTH="46" VPOS="240" HPOS="233"/>
							<String ID="string_6" HPOS="279" VPOS="243" WIDTH="228" HEIGHT="32" WC="0.90" CONTENT="bestridande"/><SP WIDTH="36" VPOS="243" HPOS="507"/>
							<String ID="string_7" HPOS="543" VPOS="253" WIDTH="45" HEIGHT="21" WC="0.96" CONTENT="av"/><SP WIDTH="28" VPOS="253" HPOS="588"/>
							<String ID="string_8" HPOS="616" VPOS="243" WIDTH="155" HEIGHT="36" WC="0.96" CONTENT="utgifter"/><SP WIDTH="26" VPOS="243" HPOS="771"/>
							<String ID="string_9" HPOS="797" VPOS="243" WIDTH="55" HEIGHT="31" WC="0.96" CONTENT="för"/><SP WIDTH="25" VPOS="243" HPOS="852"/>
							<String ID="string_10" HPOS="877" VPOS="241" WIDTH="247" HEIGHT="37" WC="0.95" CONTENT="anskaffning,"/><SP WIDTH="28" VPOS="241" HPOS="1124"/>
							<String ID="string_11" HPOS="1152" VPOS="241" WIDTH="190" HEIGHT="32" WC="0.95" CONTENT="underhåll"/><SP WIDTH="26" VPOS="241" HPOS="1342"/>
							<String ID="string_12" HPOS="1368" VPOS="241" WIDTH="66" HEIGHT="31" WC="0.96" CONTENT="och"/><SP WIDTH="28" VPOS="241" HPOS="1434"/>
							<String ID="string_13" HPOS="1462" VPOS="241" WIDTH="89" HEIGHT="32" WC="0.96" CONTENT="drift"/><SP WIDTH="27" VPOS="241" HPOS="1551"/>
							<String ID="string_14" HPOS="1578" VPOS="250" WIDTH="47" HEIGHT="21" WC="0.96" CONTENT="av"/>
						</TextLine>
						<TextLine ID="line_2" HPOS="121" VPOS="293" WIDTH="1504" HEIGHT="38">
							<String ID="string_15" HPOS="121" VPOS="295" WIDTH="213" HEIGHT="32" WC="0.90" CONTENT="tullverkets"/><SP WIDTH="32" VPOS="295" HPOS="334"/>
							<String ID="string_16" HPOS="366" VPOS="294" WIDTH="448" HEIGHT="37" WC="0.90" CONTENT="fortskaffningsmateriel"/><SP WIDTH="30" VPOS="294" HPOS="814"/>
							<String ID="string_17" HPOS="844" VPOS="296" WIDTH="64" HEIGHT="29" WC="0.96" CONTENT="äro"/><SP WIDTH="31" VPOS="296" HPOS="908"/>
							<String ID="string_18" HPOS="939" VPOS="294" WIDTH="56" HEIGHT="30" WC="0.96" CONTENT="för"/><SP WIDTH="30" VPOS="294" HPOS="995"/>
							<String ID="string_19" HPOS="1025" VPOS="293" WIDTH="227" HEIGHT="31" WC="0.96" CONTENT="närvarande"/><SP WIDTH="29" VPOS="293" HPOS="1252"/>
							<String ID="string_20" HPOS="1281" VPOS="293" WIDTH="114" HEIGHT="31" WC="0.93" CONTENT="medel"/><SP WIDTH="33" VPOS="293" HPOS="1395"/>
							<String ID="string_21" HPOS="1428" VPOS="294" WIDTH="21" HEIGHT="30" WC="0.90" CONTENT="å"/><SP WIDTH="30" VPOS="294" HPOS="1449"/>
							<String ID="string_22" HPOS="1479" VPOS="293" WIDTH="146" HEIGHT="31" WC="0.92" CONTENT="rikssta-"/>
						</TextLine>
						<TextLine ID="line_3" HPOS="123" VPOS="343" WIDTH="1503" HEIGHT="38">
							<String ID="string_23" HPOS="123" VPOS="348" WIDTH="59" HEIGHT="29" WC="0.96" CONTENT="ten"/><SP WIDTH="24" VPOS="348" HPOS="182"/>
							<String ID="string_24" HPOS="206" VPOS="346" WIDTH="170" HEIGHT="31" WC="0.96" CONTENT="anvisade"/><SP WIDTH="22" VPOS="346" HPOS="376"/>
							<String ID="string_25" HPOS="398" VPOS="345" WIDTH="75" HEIGHT="32" WC="0.93" CONTENT="dels"/><SP WIDTH="23" VPOS="345" HPOS="473"/>
							<String ID="string_26" HPOS="496" VPOS="347" WIDTH="21" HEIGHT="29" WC="0.91" CONTENT="å"/><SP WIDTH="21" VPOS="347" HPOS="517"/>
							<String ID="string_27" HPOS="538" VPOS="347" WIDTH="117" HEIGHT="29" WC="0.96" CONTENT="staten"/><SP WIDTH="25" VPOS="347" HPOS="655"/>
							<String ID="string_28" HPOS="680" VPOS="346" WIDTH="56" HEIGHT="30" WC="0.92" CONTENT="för"/><SP WIDTH="23" VPOS="346" HPOS="736"/>
							<String ID="string_29" HPOS="759" VPOS="345" WIDTH="203" HEIGHT="35" WC="0.92" CONTENT="tullverket,"/><SP WIDTH="22" VPOS="345" HPOS="962"/>
							<String ID="string_30" HPOS="984" VPOS="344" WIDTH="74" HEIGHT="32" WC="0.96" CONTENT="dels"/><SP WIDTH="24" VPOS="344" HPOS="1058"/>
							<String ID="string_31" HPOS="1082" VPOS="344" WIDTH="114" HEIGHT="31" WC="0.96" CONTENT="under"/><SP WIDTH="23" VPOS="344" HPOS="1196"/>
							<String ID="string_32" HPOS="1219" VPOS="344" WIDTH="164" HEIGHT="37" WC="0.96" CONTENT="anslaget"/><SP WIDTH="20" VPOS="344" HPOS="1383"/>
							<String ID="string_33" HPOS="1403" VPOS="344" WIDTH="57" HEIGHT="31" WC="0.93" CONTENT="till"/><SP WIDTH="22" VPOS="344" HPOS="1460"/>
							<String ID="string_34" HPOS="1482" VPOS="343" WIDTH="144" HEIGHT="32" WC="0.91" CONTENT="särskil-"/>
						</TextLine>
						<TextLine ID="line_4" HPOS="120" VPOS="395" WIDTH="1505" HEIGHT="40">
							<String ID="string_35" HPOS="120" VPOS="398" WIDTH="48" HEIGHT="31" WC="0.96" CONTENT="da"/><SP WIDTH="26" VPOS="398" HPOS="168"/>
							<String ID="string_36" HPOS="194" VPOS="398" WIDTH="169" HEIGHT="37" WC="0.96" CONTENT="åtgärder"/><SP WIDTH="26" VPOS="398" HPOS="363"/>
							<String ID="string_37" HPOS="389" VPOS="398" WIDTH="56" HEIGHT="31" WC="0.96" CONTENT="för"/><SP WIDTH="25" VPOS="398" HPOS="445"/>
							<String ID="string_38" HPOS="470" VPOS="397" WIDTH="244" HEIGHT="37" WC="0.96" CONTENT="bekämpande"/><SP WIDTH="25" VPOS="397" HPOS="714"/>
							<String ID="string_39" HPOS="739" VPOS="406" WIDTH="126" HEIGHT="28" WC="0.93" CONTENT="genom"/><SP WIDTH="22" VPOS="406" HPOS="865"/>
							<String ID="string_40" HPOS="887" VPOS="396" WIDTH="212" HEIGHT="32" WC="0.90" CONTENT="tullverkets"/><SP WIDTH="25" VPOS="396" HPOS="1099"/>
							<String ID="string_41" HPOS="1124" VPOS="396" WIDTH="141" HEIGHT="37" WC="0.96" CONTENT="försorg"/><SP WIDTH="24" VPOS="396" HPOS="1265"/>
							<String ID="string_42" HPOS="1289" VPOS="407" WIDTH="45" HEIGHT="20" WC="0.96" CONTENT="av"/><SP WIDTH="24" VPOS="407" HPOS="1334"/>
							<String ID="string_43" HPOS="1358" VPOS="395" WIDTH="134" HEIGHT="37" WC="0.93" CONTENT="olovlig"/><SP WIDTH="22" VPOS="395" HPOS="1492"/>
							<String ID="string_44" HPOS="1514" VPOS="395" WIDTH="111" HEIGHT="31" WC="0.92" CONTENT="inför-"/>
						</TextLine>
						<TextLine ID="line_5" HPOS="121" VPOS="447" WIDTH="1504" HEIGHT="39">
							<String ID="string_45" HPOS="121" VPOS="450" WIDTH="51" HEIGHT="31" WC="0.95" CONTENT="sel"/><SP WIDTH="27" VPOS="450" HPOS="172"/>
							<String ID="string_46" HPOS="199" VPOS="460" WIDTH="46" HEIGHT="21" WC="0.96" CONTENT="av"/><SP WIDTH="27" VPOS="460" HPOS="245"/>
							<String ID="string_47" HPOS="272" VPOS="450" WIDTH="247" HEIGHT="36" WC="0.93" CONTENT="spritdrycker"/><SP WIDTH="25" VPOS="450" HPOS="519"/>
							<String ID="string_48" HPOS="544" VPOS="459" WIDTH="43" HEIGHT="22" WC="0.90" CONTENT="m."/><SP WIDTH="26" VPOS="459" HPOS="587"/>
							<String ID="string_49" HPOS="613" VPOS="459" WIDTH="44" HEIGHT="22" WC="0.90" CONTENT="m."/><SP WIDTH="47" VPOS="459" HPOS="657"/>
							<String ID="string_50" HPOS="704" VPOS="448" WIDTH="33" HEIGHT="33" WC="0.88" CONTENT="Å"/><SP WIDTH="24" VPOS="448" HPOS="737"/>
							<String ID="string_51" HPOS="761" VPOS="448" WIDTH="212" HEIGHT="32" WC="0.88" CONTENT="tullverkets"/><SP WIDTH="25" VPOS="448" HPOS="973"/>
							<String ID="string_52" HPOS="998" VPOS="448" WIDTH="302" HEIGHT="31" WC="0.91" CONTENT="omkostnadsstat"/><SP WIDTH="28" VPOS="448" HPOS="1300"/>
							<String ID="string_53" HPOS="1328" VPOS="448" WIDTH="117" HEIGHT="31" WC="0.96" CONTENT="finnes"/><SP WIDTH="25" VPOS="448" HPOS="1445"/>
							<String ID="string_54" HPOS="1470" VPOS="447" WIDTH="155" HEIGHT="37" WC="0.96" CONTENT="uppförd"/>
						</TextLine>
						<TextLine ID="line_6" HPOS="122" VPOS="499" WIDTH="1505" HEIGHT="39">
							<String ID="string_55" HPOS="122" VPOS="512" WIDTH="44" HEIGHT="21" WC="0.93" CONTENT="en"/><SP WIDTH="24" VPOS="512" HPOS="166"/>
							<String ID="string_56" HPOS="190" VPOS="501" WIDTH="226" HEIGHT="37" WC="0.88" CONTENT="anslagsbost"/><SP WIDTH="24" VPOS="501" HPOS="416"/>
							<String ID="string_57" HPOS="440" VPOS="501" WIDTH="57" HEIGHT="31" WC="0.96" CONTENT="till"/><SP WIDTH="25" VPOS="501" HPOS="497"/>
							<String ID="string_58" HPOS="522" VPOS="501" WIDTH="91" HEIGHT="31" WC="0.96" CONTENT="drift"/><SP WIDTH="25" VPOS="501" HPOS="613"/>
							<String ID="string_59" HPOS="638" VPOS="511" WIDTH="47" HEIGHT="21" WC="0.96" CONTENT="av"/><SP WIDTH="24" VPOS="511" HPOS="685"/>
							<String ID="string_60" HPOS="709" VPOS="503" WIDTH="74" HEIGHT="30" WC="0.96" CONTENT="mot"/><SP WIDTH="24" VPOS="503" HPOS="783"/>
							<String ID="string_61" HPOS="807" VPOS="501" WIDTH="80" HEIGHT="36" WC="0.96" CONTENT="lega"/><SP WIDTH="26" VPOS="501" HPOS="887"/>
							<String ID="string_62" HPOS="913" VPOS="500" WIDTH="119" HEIGHT="32" WC="0.90" CONTENT="hållen"/><SP WIDTH="28" VPOS="500" HPOS="1032"/>
							<String ID="string_63" HPOS="1060" VPOS="499" WIDTH="448" HEIGHT="38" WC="0.90" CONTENT="fortskaffningsmateriel"/><SP WIDTH="27" VPOS="499" HPOS="1508"/>
							<String ID="string_64" HPOS="1535" VPOS="501" WIDTH="92" HEIGHT="30" WC="0.95" CONTENT="samt"/>
						</TextLine>
						<TextLine ID="line_7" HPOS="124" VPOS="551" WIDTH="1502" HEIGHT="38">
							<String ID="string_65" HPOS="124" VPOS="553" WIDTH="190" HEIGHT="32" WC="0.96" CONTENT="underhåll"/><SP WIDTH="22" VPOS="553" HPOS="314"/>
							<String ID="string_66" HPOS="336" VPOS="553" WIDTH="64" HEIGHT="31" WC="0.96" CONTENT="och"/><SP WIDTH="19" VPOS="553" HPOS="400"/>
							<String ID="string_67" HPOS="419" VPOS="553" WIDTH="93" HEIGHT="31" WC="0.96" CONTENT="drift"/><SP WIDTH="20" VPOS="553" HPOS="512"/>
							<String ID="string_68" HPOS="532" VPOS="563" WIDTH="45" HEIGHT="21" WC="0.96" CONTENT="av"/><SP WIDTH="20" VPOS="563" HPOS="577"/>
							<String ID="string_69" HPOS="597" VPOS="553" WIDTH="74" HEIGHT="32" WC="0.96" CONTENT="viss"/><SP WIDTH="20" VPOS="553" HPOS="671"/>
							<String ID="string_70" HPOS="691" VPOS="552" WIDTH="111" HEIGHT="32" WC="0.96" CONTENT="sådan"/><SP WIDTH="20" VPOS="552" HPOS="802"/>
							<String ID="string_71" HPOS="822" VPOS="552" WIDTH="164" HEIGHT="32" WC="0.96" CONTENT="materiel"/><SP WIDTH="21" VPOS="552" HPOS="986"/>
							<String ID="string_72" HPOS="1007" VPOS="553" WIDTH="56" HEIGHT="31" WC="0.93" CONTENT="för"/><SP WIDTH="20" VPOS="553" HPOS="1063"/>
							<String ID="string_73" HPOS="1083" VPOS="552" WIDTH="329" HEIGHT="37" WC="0.87" CONTENT="tullbevakningen."/><SP WIDTH="45" VPOS="552" HPOS="1412"/>
							<String ID="string_74" HPOS="1457" VPOS="551" WIDTH="169" HEIGHT="37" WC="0.88" CONTENT="Anslags-"/>
						</TextLine>
						<TextLine ID="line_8" HPOS="124" VPOS="604" WIDTH="1502" HEIGHT="38">
							<String ID="string_75" HPOS="124" VPOS="607" WIDTH="124" HEIGHT="35" WC="0.96" CONTENT="posten"/><SP WIDTH="25" VPOS="607" HPOS="248"/>
							<String ID="string_76" HPOS="273" VPOS="608" WIDTH="40" HEIGHT="28" WC="0.96" CONTENT="är"/><SP WIDTH="25" VPOS="608" HPOS="313"/>
							<String ID="string_77" HPOS="338" VPOS="605" WIDTH="56" HEIGHT="31" WC="0.96" CONTENT="för"/><SP WIDTH="25" VPOS="605" HPOS="394"/>
							<String ID="string_78" HPOS="419" VPOS="605" WIDTH="244" HEIGHT="31" WC="0.96" CONTENT="innevarande"/><SP WIDTH="23" VPOS="605" HPOS="663"/>
							<String ID="string_79" HPOS="686" VPOS="605" WIDTH="176" HEIGHT="36" WC="0.96" CONTENT="budgetår"/><SP WIDTH="21" VPOS="605" HPOS="862"/>
							<String ID="string_80" HPOS="883" VPOS="604" WIDTH="158" HEIGHT="37" WC="0.96" CONTENT="uppförd"/><SP WIDTH="22" VPOS="604" HPOS="1041"/>
							<String ID="string_81" HPOS="1063" VPOS="604" WIDTH="79" HEIGHT="32" WC="0.93" CONTENT="med"/><SP WIDTH="23" VPOS="604" HPOS="1142"/>
							<String ID="string_82" HPOS="1165" VPOS="604" WIDTH="108" HEIGHT="36" WC="0.90" CONTENT="90,000"/><SP WIDTH="22" VPOS="604" HPOS="1273"/>
							<String ID="string_83" HPOS="1295" VPOS="604" WIDTH="133" HEIGHT="31" WC="0.96" CONTENT="kronor"/><SP WIDTH="23" VPOS="604" HPOS="1428"/>
							<String ID="string_84" HPOS="1451" VPOS="604" WIDTH="64" HEIGHT="31" WC="0.93" CONTENT="och"/><SP WIDTH="25" VPOS="604" HPOS="1515"/>
							<String ID="string_85" HPOS="1540" VPOS="613" WIDTH="86" HEIGHT="27" WC="0.90" CONTENT="upp-"/>
						</TextLine>
						<TextLine ID="line_9" HPOS="123" VPOS="655" WIDTH="1502" HEIGHT="39">
							<String ID="string_86" HPOS="123" VPOS="659" WIDTH="102" HEIGHT="34" WC="0.96" CONTENT="tages"/><SP WIDTH="23" VPOS="659" HPOS="225"/>
							<String ID="string_87" HPOS="248" VPOS="658" WIDTH="12" HEIGHT="30" WC="0.96" CONTENT="i"/><SP WIDTH="23" VPOS="658" HPOS="260"/>
							<String ID="string_88" HPOS="283" VPOS="657" WIDTH="60" HEIGHT="31" WC="0.96" CONTENT="det"/><SP WIDTH="24" VPOS="657" HPOS="343"/>
							<String ID="string_89" HPOS="367" VPOS="657" WIDTH="11" HEIGHT="31" WC="0.93" CONTENT="i"/><SP WIDTH="26" VPOS="657" HPOS="378"/>
							<String ID="string_90" HPOS="404" VPOS="657" WIDTH="466" HEIGHT="37" WC="0.92" CONTENT="statsverkspropositionen"/><SP WIDTH="26" VPOS="657" HPOS="870"/>
							<String ID="string_91" HPOS="896" VPOS="656" WIDTH="204" HEIGHT="37" WC="0.93" CONTENT="framlagda"/><SP WIDTH="25" VPOS="656" HPOS="1100"/>
							<String ID="string_92" HPOS="1125" VPOS="656" WIDTH="249" HEIGHT="37" WC="0.92" CONTENT="statförslaget"/><SP WIDTH="24" VPOS="656" HPOS="1374"/>
							<String ID="string_93" HPOS="1398" VPOS="656" WIDTH="57" HEIGHT="31" WC="0.93" CONTENT="för"/><SP WIDTH="25" VPOS="656" HPOS="1455"/>
							<String ID="string_94" HPOS="1480" VPOS="655" WIDTH="145" HEIGHT="37" WC="0.92" CONTENT="budget-"/>
						</TextLine>
						<TextLine ID="line_10" HPOS="121" VPOS="708" WIDTH="1504" HEIGHT="37">
							<String ID="string_95" HPOS="121" VPOS="710" WIDTH="80" HEIGHT="30" WC="0.93" CONTENT="året"/><SP WIDTH="30" VPOS="710" HPOS="201"/>
							<String ID="string_96" HPOS="231" VPOS="708" WIDTH="170" HEIGHT="36" WC="0.91" CONTENT="1934/1935"/><SP WIDTH="26" VPOS="708" HPOS="401"/>
							<String ID="string_97" HPOS="427" VPOS="709" WIDTH="80" HEIGHT="31" WC="0.96" CONTENT="med"/><SP WIDTH="26" VPOS="709" HPOS="507"/>
							<String ID="string_98" HPOS="533" VPOS="718" WIDTH="136" HEIGHT="22" WC="0.96" CONTENT="samma"/><SP WIDTH="25" VPOS="718" HPOS="669"/>
							<String ID="string_99" HPOS="694" VPOS="709" WIDTH="137" HEIGHT="36" WC="0.95" CONTENT="belopp."/><SP WIDTH="49" VPOS="709" HPOS="831"/>
							<String ID="string_100" HPOS="880" VPOS="708" WIDTH="97" HEIGHT="31" WC="0.96" CONTENT="Från"/><SP WIDTH="26" VPOS="708" HPOS="977"/>
							<String ID="string_101" HPOS="1003" VPOS="709" WIDTH="123" HEIGHT="36" WC="0.96" CONTENT="posten"/><SP WIDTH="27" VPOS="709" HPOS="1126"/>
							<String ID="string_102" HPOS="1153" VPOS="708" WIDTH="176" HEIGHT="31" WC="0.96" CONTENT="bestridas"/><SP WIDTH="28" VPOS="708" HPOS="1329"/>
							<String ID="string_103" HPOS="1357" VPOS="708" WIDTH="102" HEIGHT="31" WC="0.93" CONTENT="såväl"/><SP WIDTH="26" VPOS="708" HPOS="1459"/>
							<String ID="string_104" HPOS="1485" VPOS="708" WIDTH="140" HEIGHT="31" WC="0.91" CONTENT="kostna-"/>
						</TextLine>
						<TextLine ID="line_11" HPOS="120" VPOS="759" WIDTH="1504" HEIGHT="37">
							<String ID="string_105" HPOS="120" VPOS="761" WIDTH="65" HEIGHT="31" WC="0.95" CONTENT="der"/><SP WIDTH="24" VPOS="761" HPOS="185"/>
							<String ID="string_106" HPOS="209" VPOS="761" WIDTH="55" HEIGHT="30" WC="0.96" CONTENT="för"/><SP WIDTH="22" VPOS="761" HPOS="264"/>
							<String ID="string_107" HPOS="286" VPOS="760" WIDTH="190" HEIGHT="32" WC="0.95" CONTENT="underhåll"/><SP WIDTH="22" VPOS="760" HPOS="476"/>
							<String ID="string_108" HPOS="498" VPOS="761" WIDTH="63" HEIGHT="31" WC="0.96" CONTENT="och"/><SP WIDTH="21" VPOS="761" HPOS="561"/>
							<String ID="string_109" HPOS="582" VPOS="760" WIDTH="93" HEIGHT="32" WC="0.96" CONTENT="drift"/><SP WIDTH="21" VPOS="760" HPOS="675"/>
							<String ID="string_110" HPOS="696" VPOS="771" WIDTH="47" HEIGHT="21" WC="0.93" CONTENT="av"/><SP WIDTH="20" VPOS="771" HPOS="743"/>
							<String ID="string_111" HPOS="763" VPOS="760" WIDTH="194" HEIGHT="32" WC="0.91" CONTENT="tullverket"/><SP WIDTH="23" VPOS="760" HPOS="957"/>
							<String ID="string_112" HPOS="980" VPOS="760" WIDTH="161" HEIGHT="36" WC="0.96" CONTENT="tillhörig"/><SP WIDTH="23" VPOS="760" HPOS="1141"/>
							<String ID="string_113" HPOS="1164" VPOS="760" WIDTH="85" HEIGHT="31" WC="0.96" CONTENT="eller"/><SP WIDTH="22" VPOS="760" HPOS="1249"/>
							<String ID="string_114" HPOS="1271" VPOS="770" WIDTH="44" HEIGHT="21" WC="0.93" CONTENT="av"/><SP WIDTH="23" VPOS="770" HPOS="1315"/>
							<String ID="string_115" HPOS="1338" VPOS="759" WIDTH="194" HEIGHT="32" WC="0.91" CONTENT="tullverket"/><SP WIDTH="23" VPOS="759" HPOS="1532"/>
							<String ID="string_116" HPOS="1555" VPOS="759" WIDTH="69" HEIGHT="31" WC="0.92" CONTENT="för-"/>
						</TextLine>
						<TextLine ID="line_12" HPOS="123" VPOS="811" WIDTH="1502" HEIGHT="38">
							<String ID="string_117" HPOS="123" VPOS="813" WIDTH="94" HEIGHT="36" WC="0.93" CONTENT="hyrd"/><SP WIDTH="28" VPOS="813" HPOS="217"/>
							<String ID="string_118" HPOS="245" VPOS="807" WIDTH="12" HEIGHT="46" WC="0.47" CONTENT="="/><SP WIDTH="19" VPOS="807" HPOS="257"/>
							<String ID="string_119" HPOS="276" VPOS="812" WIDTH="448" HEIGHT="37" WC="0.71" CONTENT="fortskaffningsmateriel"/><SP WIDTH="28" VPOS="812" HPOS="724"/>
							<String ID="string_120" HPOS="752" VPOS="822" WIDTH="75" HEIGHT="22" WC="0.96" CONTENT="som"/><SP WIDTH="29" VPOS="822" HPOS="827"/>
							<String ID="string_121" HPOS="856" VPOS="813" WIDTH="64" HEIGHT="30" WC="0.96" CONTENT="ock"/><SP WIDTH="30" VPOS="813" HPOS="920"/>
							<String ID="string_122" HPOS="950" VPOS="812" WIDTH="66" HEIGHT="31" WC="0.95" CONTENT="den"/><SP WIDTH="28" VPOS="812" HPOS="1016"/>
							<String ID="string_123" HPOS="1044" VPOS="811" WIDTH="268" HEIGHT="38" WC="0.96" CONTENT="huvudsakliga"/><SP WIDTH="27" VPOS="811" HPOS="1312"/>
							<String ID="string_124" HPOS="1339" VPOS="811" WIDTH="197" HEIGHT="32" WC="0.96" CONTENT="kostnaden"/><SP WIDTH="33" VPOS="811" HPOS="1536"/>
							<String ID="string_125" HPOS="1569" VPOS="812" WIDTH="56" HEIGHT="30" WC="0.96" CONTENT="för"/>
						</TextLine>
						<TextLine ID="line_13" HPOS="121" VPOS="862" WIDTH="1502" HEIGHT="39">
							<String ID="string_126" HPOS="121" VPOS="864" WIDTH="144" HEIGHT="32" WC="0.96" CONTENT="bränsle"/><SP WIDTH="28" VPOS="864" HPOS="265"/>
							<String ID="string_127" HPOS="293" VPOS="865" WIDTH="63" HEIGHT="31" WC="0.93" CONTENT="och"/><SP WIDTH="29" VPOS="865" HPOS="356"/>
							<String ID="string_128" HPOS="385" VPOS="864" WIDTH="225" HEIGHT="37" WC="0.91" CONTENT="smörjämne,"/><SP WIDTH="28" VPOS="864" HPOS="610"/>
							<String ID="string_129" HPOS="638" VPOS="874" WIDTH="75" HEIGHT="22" WC="0.96" CONTENT="som"/><SP WIDTH="29" VPOS="874" HPOS="713"/>
							<String ID="string_130" HPOS="742" VPOS="865" WIDTH="104" HEIGHT="36" WC="0.96" CONTENT="åtgår"/><SP WIDTH="31" VPOS="865" HPOS="846"/>
							<String ID="string_131" HPOS="877" VPOS="865" WIDTH="56" HEIGHT="30" WC="0.96" CONTENT="för"/><SP WIDTH="30" VPOS="865" HPOS="933"/>
							<String ID="string_132" HPOS="963" VPOS="864" WIDTH="89" HEIGHT="32" WC="0.96" CONTENT="drift"/><SP WIDTH="28" VPOS="864" HPOS="1052"/>
							<String ID="string_133" HPOS="1080" VPOS="874" WIDTH="44" HEIGHT="21" WC="0.93" CONTENT="av"/><SP WIDTH="28" VPOS="874" HPOS="1124"/>
							<String ID="string_134" HPOS="1152" VPOS="863" WIDTH="280" HEIGHT="36" WC="0.91" CONTENT="tullpersonalen"/><SP WIDTH="30" VPOS="863" HPOS="1432"/>
							<String ID="string_135" HPOS="1462" VPOS="862" WIDTH="161" HEIGHT="36" WC="0.96" CONTENT="tillhörig"/>
						</TextLine>
						<TextLine ID="line_14" HPOS="123" VPOS="913" WIDTH="1501" HEIGHT="40">
							<String ID="string_136" HPOS="123" VPOS="916" WIDTH="448" HEIGHT="37" WC="0.91" CONTENT="fortskaffningsmateriel"/><SP WIDTH="28" VPOS="916" HPOS="571"/>
							<String ID="string_137" HPOS="599" VPOS="916" WIDTH="63" HEIGHT="32" WC="0.96" CONTENT="vid"/><SP WIDTH="31" VPOS="916" HPOS="662"/>
							<String ID="string_138" HPOS="693" VPOS="926" WIDTH="97" HEIGHT="22" WC="0.96" CONTENT="resor"/><SP WIDTH="26" VPOS="926" HPOS="790"/>
							<String ID="string_139" HPOS="816" VPOS="917" WIDTH="12" HEIGHT="30" WC="0.96" CONTENT="i"/><SP WIDTH="28" VPOS="917" HPOS="828"/>
							<String ID="string_140" HPOS="856" VPOS="916" WIDTH="168" HEIGHT="37" WC="0.93" CONTENT="tjänsten."/><SP WIDTH="47" VPOS="916" HPOS="1024"/>
							<String ID="string_141" HPOS="1071" VPOS="913" WIDTH="32" HEIGHT="34" WC="0.91" CONTENT="Å"/><SP WIDTH="28" VPOS="913" HPOS="1103"/>
							<String ID="string_142" HPOS="1131" VPOS="915" WIDTH="348" HEIGHT="32" WC="0.76" CONTENT="omkostnadsstaten"/><SP WIDTH="29" VPOS="915" HPOS="1479"/>
							<String ID="string_143" HPOS="1508" VPOS="915" WIDTH="116" HEIGHT="31" WC="0.96" CONTENT="finnes"/>
						</TextLine>
						<TextLine ID="line_15" HPOS="122" VPOS="966" WIDTH="1502" HEIGHT="39">
							<String ID="string_144" HPOS="122" VPOS="968" WIDTH="125" HEIGHT="32" WC="0.96" CONTENT="vidare"/><SP WIDTH="28" VPOS="968" HPOS="247"/>
							<String ID="string_145" HPOS="275" VPOS="968" WIDTH="158" HEIGHT="37" WC="0.96" CONTENT="uppförd"/><SP WIDTH="25" VPOS="968" HPOS="433"/>
							<String ID="string_146" HPOS="458" VPOS="978" WIDTH="43" HEIGHT="21" WC="0.92" CONTENT="en"/><SP WIDTH="28" VPOS="978" HPOS="501"/>
							<String ID="string_147" HPOS="529" VPOS="968" WIDTH="226" HEIGHT="37" WC="0.91" CONTENT="anslagspost"/><SP WIDTH="26" VPOS="968" HPOS="755"/>
							<String ID="string_148" HPOS="781" VPOS="968" WIDTH="56" HEIGHT="32" WC="0.93" CONTENT="till"/><SP WIDTH="27" VPOS="968" HPOS="837"/>
							<String ID="string_149" HPOS="864" VPOS="968" WIDTH="100" HEIGHT="37" WC="0.91" CONTENT="legor"/><SP WIDTH="27" VPOS="968" HPOS="964"/>
							<String ID="string_150" HPOS="991" VPOS="968" WIDTH="56" HEIGHT="31" WC="0.93" CONTENT="för"/><SP WIDTH="27" VPOS="968" HPOS="1047"/>
							<String ID="string_151" HPOS="1074" VPOS="967" WIDTH="457" HEIGHT="37" WC="0.89" CONTENT="fortskaffningsmateriel,"/><SP WIDTH="27" VPOS="967" HPOS="1531"/>
							<String ID="string_152" HPOS="1558" VPOS="966" WIDTH="66" HEIGHT="31" WC="0.91" CONTENT="vil-"/>
						</TextLine>
						<TextLine ID="line_16" HPOS="122" VPOS="1018" WIDTH="1503" HEIGHT="39">
							<String ID="string_153" HPOS="122" VPOS="1020" WIDTH="70" HEIGHT="31" WC="0.96" CONTENT="ken"/><SP WIDTH="23" VPOS="1020" HPOS="192"/>
							<String ID="string_154" HPOS="215" VPOS="1031" WIDTH="48" HEIGHT="21" WC="0.96" CONTENT="nu"/><SP WIDTH="24" VPOS="1031" HPOS="263"/>
							<String ID="string_155" HPOS="287" VPOS="1023" WIDTH="40" HEIGHT="28" WC="0.96" CONTENT="är"/><SP WIDTH="23" VPOS="1023" HPOS="327"/>
							<String ID="string_156" HPOS="350" VPOS="1021" WIDTH="183" HEIGHT="36" WC="0.96" CONTENT="upptagen"/><SP WIDTH="22" VPOS="1021" HPOS="533"/>
							<String ID="string_157" HPOS="555" VPOS="1020" WIDTH="56" HEIGHT="31" WC="0.93" CONTENT="till"/><SP WIDTH="23" VPOS="1020" HPOS="611"/>
							<String ID="string_158" HPOS="634" VPOS="1021" WIDTH="129" HEIGHT="35" WC="0.90" CONTENT="170,000"/><SP WIDTH="21" VPOS="1021" HPOS="763"/>
							<String ID="string_159" HPOS="784" VPOS="1020" WIDTH="132" HEIGHT="31" WC="0.96" CONTENT="kronor"/><SP WIDTH="23" VPOS="1020" HPOS="916"/>
							<String ID="string_160" HPOS="939" VPOS="1020" WIDTH="64" HEIGHT="31" WC="0.96" CONTENT="och"/><SP WIDTH="21" VPOS="1020" HPOS="1003"/>
							<String ID="string_161" HPOS="1024" VPOS="1020" WIDTH="12" HEIGHT="30" WC="0.93" CONTENT="i"/><SP WIDTH="26" VPOS="1020" HPOS="1036"/>
							<String ID="string_162" HPOS="1062" VPOS="1019" WIDTH="248" HEIGHT="37" WC="0.90" CONTENT="statförslaget"/><SP WIDTH="25" VPOS="1019" HPOS="1310"/>
							<String ID="string_163" HPOS="1335" VPOS="1019" WIDTH="57" HEIGHT="31" WC="0.96" CONTENT="för"/><SP WIDTH="23" VPOS="1019" HPOS="1392"/>
							<String ID="string_164" HPOS="1415" VPOS="1020" WIDTH="104" HEIGHT="30" WC="0.93" CONTENT="nästa"/><SP WIDTH="22" VPOS="1020" HPOS="1519"/>
							<String ID="string_165" HPOS="1541" VPOS="1018" WIDTH="84" HEIGHT="32" WC="0.92" CONTENT="bud-"/>
						</TextLine>
						<TextLine ID="line_17" HPOS="123" VPOS="1070" WIDTH="1501" HEIGHT="39">
							<String ID="string_166" HPOS="123" VPOS="1073" WIDTH="102" HEIGHT="36" WC="0.92" CONTENT="getår"/><SP WIDTH="23" VPOS="1073" HPOS="225"/>
							<String ID="string_167" HPOS="248" VPOS="1074" WIDTH="41" HEIGHT="29" WC="0.96" CONTENT="är"/><SP WIDTH="22" VPOS="1074" HPOS="289"/>
							<String ID="string_168" HPOS="311" VPOS="1072" WIDTH="184" HEIGHT="31" WC="0.96" CONTENT="beräknad"/><SP WIDTH="23" VPOS="1072" HPOS="495"/>
							<String ID="string_169" HPOS="518" VPOS="1072" WIDTH="55" HEIGHT="31" WC="0.96" CONTENT="till"/><SP WIDTH="25" VPOS="1072" HPOS="573"/>
							<String ID="string_170" HPOS="598" VPOS="1082" WIDTH="138" HEIGHT="21" WC="0.93" CONTENT="samma"/><SP WIDTH="21" VPOS="1082" HPOS="736"/>
							<String ID="string_171" HPOS="757" VPOS="1072" WIDTH="137" HEIGHT="36" WC="0.95" CONTENT="belopp."/><SP WIDTH="46" VPOS="1072" HPOS="894"/>
							<String ID="string_172" HPOS="940" VPOS="1071" WIDTH="97" HEIGHT="31" WC="0.95" CONTENT="Från"/><SP WIDTH="23" VPOS="1071" HPOS="1037"/>
							<String ID="string_173" HPOS="1060" VPOS="1071" WIDTH="116" HEIGHT="31" WC="0.92" CONTENT="denna"/><SP WIDTH="24" VPOS="1071" HPOS="1176"/>
							<String ID="string_174" HPOS="1200" VPOS="1071" WIDTH="226" HEIGHT="37" WC="0.92" CONTENT="anslagspost"/><SP WIDTH="23" VPOS="1071" HPOS="1426"/>
							<String ID="string_175" HPOS="1449" VPOS="1070" WIDTH="175" HEIGHT="32" WC="0.96" CONTENT="bestridas"/>
						</TextLine>
						<TextLine ID="line_18" HPOS="122" VPOS="1123" WIDTH="1504" HEIGHT="37">
							<String ID="string_176" HPOS="122" VPOS="1124" WIDTH="242" HEIGHT="31" WC="0.96" CONTENT="kostnaderna"/><SP WIDTH="49" VPOS="1124" HPOS="364"/>
							<String ID="string_177" HPOS="413" VPOS="1124" WIDTH="57" HEIGHT="31" WC="0.84" CONTENT="för"/><SP WIDTH="46" VPOS="1124" HPOS="470"/>
							<String ID="string_178" HPOS="516" VPOS="1123" WIDTH="98" HEIGHT="37" WC="0.84" CONTENT="legor"/><SP WIDTH="25" VPOS="1123" HPOS="614"/>
							<String ID="string_179" HPOS="639" VPOS="1126" WIDTH="170" HEIGHT="29" WC="0.96" CONTENT="ävensom"/><SP WIDTH="25" VPOS="1126" HPOS="809"/>
							<String ID="string_180" HPOS="834" VPOS="1124" WIDTH="56" HEIGHT="30" WC="0.96" CONTENT="för"/><SP WIDTH="24" VPOS="1124" HPOS="890"/>
							<String ID="string_181" HPOS="914" VPOS="1123" WIDTH="69" HEIGHT="31" WC="0.93" CONTENT="den"/><SP WIDTH="25" VPOS="1123" HPOS="983"/>
							<String ID="string_182" HPOS="1008" VPOS="1123" WIDTH="383" HEIGHT="36" WC="0.91" CONTENT="slitningsersättning,"/><SP WIDTH="27" VPOS="1123" HPOS="1391"/>
							<String ID="string_183" HPOS="1418" VPOS="1132" WIDTH="75" HEIGHT="21" WC="0.96" CONTENT="som"/><SP WIDTH="25" VPOS="1132" HPOS="1493"/>
							<String ID="string_184" HPOS="1518" VPOS="1123" WIDTH="108" HEIGHT="36" WC="0.95" CONTENT="utgår"/>
						</TextLine>
						<TextLine ID="line_19" HPOS="122" VPOS="1174" WIDTH="1503" HEIGHT="38">
							<String ID="string_185" HPOS="122" VPOS="1176" WIDTH="56" HEIGHT="31" WC="0.95" CONTENT="till"/><SP WIDTH="25" VPOS="1176" HPOS="178"/>
							<String ID="string_186" HPOS="203" VPOS="1176" WIDTH="229" HEIGHT="36" WC="0.95" CONTENT="tjänstemän,"/><SP WIDTH="22" VPOS="1176" HPOS="432"/>
							<String ID="string_187" HPOS="454" VPOS="1175" WIDTH="100" HEIGHT="31" WC="0.96" CONTENT="vilka"/><SP WIDTH="22" VPOS="1175" HPOS="554"/>
							<String ID="string_188" HPOS="576" VPOS="1176" WIDTH="11" HEIGHT="30" WC="0.96" CONTENT="i"/><SP WIDTH="24" VPOS="1176" HPOS="587"/>
							<String ID="string_189" HPOS="611" VPOS="1175" WIDTH="159" HEIGHT="37" WC="0.96" CONTENT="tjänsten"/><SP WIDTH="24" VPOS="1175" HPOS="770"/>
							<String ID="string_190" HPOS="794" VPOS="1176" WIDTH="137" HEIGHT="31" WC="0.96" CONTENT="använt"/><SP WIDTH="21" VPOS="1176" HPOS="931"/>
							<String ID="string_191" HPOS="952" VPOS="1183" WIDTH="86" HEIGHT="28" WC="0.96" CONTENT="egen"/><SP WIDTH="24" VPOS="1183" HPOS="1038"/>
							<String ID="string_192" HPOS="1062" VPOS="1175" WIDTH="220" HEIGHT="36" WC="0.93" CONTENT="motorcykel"/><SP WIDTH="21" VPOS="1175" HPOS="1282"/>
							<String ID="string_193" HPOS="1303" VPOS="1174" WIDTH="87" HEIGHT="32" WC="0.96" CONTENT="eller"/><SP WIDTH="24" VPOS="1174" HPOS="1390"/>
							<String ID="string_194" HPOS="1414" VPOS="1174" WIDTH="102" HEIGHT="37" WC="0.93" CONTENT="cykel"/><SP WIDTH="21" VPOS="1174" HPOS="1516"/>
							<String ID="string_195" HPOS="1537" VPOS="1175" WIDTH="88" HEIGHT="30" WC="0.96" CONTENT="utan"/>
						</TextLine>
						<TextLine ID="line_20" HPOS="121" VPOS="1225" WIDTH="1505" HEIGHT="39">
							<String ID="string_196" HPOS="121" VPOS="1229" WIDTH="55" HEIGHT="29" WC="0.96" CONTENT="att"/><SP WIDTH="25" VPOS="1229" HPOS="176"/>
							<String ID="string_197" HPOS="201" VPOS="1227" WIDTH="81" HEIGHT="37" WC="0.96" CONTENT="lega"/><SP WIDTH="25" VPOS="1227" HPOS="282"/>
							<String ID="string_198" HPOS="307" VPOS="1227" WIDTH="126" HEIGHT="32" WC="0.96" CONTENT="därför"/><SP WIDTH="23" VPOS="1227" HPOS="433"/>
							<String ID="string_199" HPOS="456" VPOS="1228" WIDTH="117" HEIGHT="36" WC="0.95" CONTENT="utgår."/><SP WIDTH="45" VPOS="1228" HPOS="573"/>
							<String ID="string_200" HPOS="618" VPOS="1226" WIDTH="69" HEIGHT="33" WC="0.92" CONTENT="Det"/><SP WIDTH="25" VPOS="1226" HPOS="687"/>
							<String ID="string_201" HPOS="712" VPOS="1228" WIDTH="21" HEIGHT="30" WC="0.90" CONTENT="å"/><SP WIDTH="23" VPOS="1228" HPOS="733"/>
							<String ID="string_202" HPOS="756" VPOS="1228" WIDTH="194" HEIGHT="30" WC="0.91" CONTENT="riksstaten"/><SP WIDTH="24" VPOS="1228" HPOS="950"/>
							<String ID="string_203" HPOS="974" VPOS="1226" WIDTH="180" HEIGHT="37" WC="0.96" CONTENT="uppförda"/><SP WIDTH="24" VPOS="1226" HPOS="1154"/>
							<String ID="string_204" HPOS="1178" VPOS="1226" WIDTH="162" HEIGHT="37" WC="0.96" CONTENT="anslaget"/><SP WIDTH="26" VPOS="1226" HPOS="1340"/>
							<String ID="string_205" HPOS="1366" VPOS="1226" WIDTH="57" HEIGHT="31" WC="0.96" CONTENT="till"/><SP WIDTH="25" VPOS="1226" HPOS="1423"/>
							<String ID="string_206" HPOS="1448" VPOS="1225" WIDTH="178" HEIGHT="32" WC="0.96" CONTENT="särskilda"/>
						</TextLine>
						<TextLine ID="line_21" HPOS="121" VPOS="1277" WIDTH="1503" HEIGHT="40">
							<String ID="string_207" HPOS="121" VPOS="1280" WIDTH="171" HEIGHT="37" WC="0.95" CONTENT="åtgärder"/><SP WIDTH="28" VPOS="1280" HPOS="292"/>
							<String ID="string_208" HPOS="320" VPOS="1280" WIDTH="56" HEIGHT="31" WC="0.95" CONTENT="för"/><SP WIDTH="28" VPOS="1280" HPOS="376"/>
							<String ID="string_209" HPOS="404" VPOS="1280" WIDTH="244" HEIGHT="36" WC="0.95" CONTENT="bekämpande"/><SP WIDTH="29" VPOS="1280" HPOS="648"/>
							<String ID="string_210" HPOS="677" VPOS="1289" WIDTH="125" HEIGHT="27" WC="0.92" CONTENT="genom"/><SP WIDTH="29" VPOS="1289" HPOS="802"/>
							<String ID="string_211" HPOS="831" VPOS="1279" WIDTH="211" HEIGHT="32" WC="0.90" CONTENT="tullverkets"/><SP WIDTH="29" VPOS="1279" HPOS="1042"/>
							<String ID="string_212" HPOS="1071" VPOS="1280" WIDTH="141" HEIGHT="36" WC="0.96" CONTENT="försorg"/><SP WIDTH="29" VPOS="1280" HPOS="1212"/>
							<String ID="string_213" HPOS="1241" VPOS="1290" WIDTH="46" HEIGHT="20" WC="0.96" CONTENT="av"/><SP WIDTH="27" VPOS="1290" HPOS="1287"/>
							<String ID="string_214" HPOS="1314" VPOS="1278" WIDTH="134" HEIGHT="37" WC="0.96" CONTENT="olovlig"/><SP WIDTH="28" VPOS="1278" HPOS="1448"/>
							<String ID="string_215" HPOS="1476" VPOS="1277" WIDTH="148" HEIGHT="32" WC="0.96" CONTENT="införsel"/>
						</TextLine>
						<TextLine ID="line_22" HPOS="121" VPOS="1329" WIDTH="1503" HEIGHT="42">
							<String ID="string_216" HPOS="121" VPOS="1342" WIDTH="47" HEIGHT="21" WC="0.96" CONTENT="av"/><SP WIDTH="29" VPOS="1342" HPOS="168"/>
							<String ID="string_217" HPOS="197" VPOS="1332" WIDTH="248" HEIGHT="36" WC="0.93" CONTENT="spritdrycker"/><SP WIDTH="27" VPOS="1332" HPOS="445"/>
							<String ID="string_218" HPOS="472" VPOS="1342" WIDTH="44" HEIGHT="22" WC="0.90" CONTENT="m."/><SP WIDTH="28" VPOS="1342" HPOS="516"/>
							<String ID="string_219" HPOS="544" VPOS="1342" WIDTH="43" HEIGHT="22" WC="0.86" CONTENT="m."/><SP WIDTH="30" VPOS="1342" HPOS="587"/>
							<String ID="string_220" HPOS="617" VPOS="1352" WIDTH="40" HEIGHT="3" WC="0.89" CONTENT="—"/><SP WIDTH="28" VPOS="1352" HPOS="657"/>
							<String ID="string_221" HPOS="685" VPOS="1332" WIDTH="58" HEIGHT="31" WC="0.96" CONTENT="för"/><SP WIDTH="27" VPOS="1332" HPOS="743"/>
							<String ID="string_222" HPOS="770" VPOS="1331" WIDTH="212" HEIGHT="37" WC="0.93" CONTENT="budgetåret"/><SP WIDTH="28" VPOS="1331" HPOS="982"/>
							<String ID="string_223" HPOS="1010" VPOS="1329" WIDTH="169" HEIGHT="42" WC="0.25" CONTENT="19383/1934"/><SP WIDTH="28" VPOS="1329" HPOS="1179"/>
							<String ID="string_224" HPOS="1207" VPOS="1332" WIDTH="175" HEIGHT="36" WC="0.96" CONTENT="upptaget"/><SP WIDTH="29" VPOS="1332" HPOS="1382"/>
							<String ID="string_225" HPOS="1411" VPOS="1330" WIDTH="58" HEIGHT="32" WC="0.93" CONTENT="till"/><SP WIDTH="29" VPOS="1330" HPOS="1469"/>
							<String ID="string_226" HPOS="1498" VPOS="1330" WIDTH="126" HEIGHT="36" WC="0.92" CONTENT="700,000"/>
						</TextLine>
						<TextLine ID="line_23" HPOS="120" VPOS="1381" WIDTH="1505" HEIGHT="39">
							<String ID="string_227" HPOS="120" VPOS="1383" WIDTH="147" HEIGHT="37" WC="0.95" CONTENT="kronor;"/><SP WIDTH="49" VPOS="1383" HPOS="267"/>
							<String ID="string_228" HPOS="316" VPOS="1384" WIDTH="11" HEIGHT="31" WC="0.96" CONTENT="i"/><SP WIDTH="25" VPOS="1384" HPOS="327"/>
							<String ID="string_229" HPOS="352" VPOS="1383" WIDTH="174" HEIGHT="37" WC="0.96" CONTENT="förslaget"/><SP WIDTH="24" VPOS="1383" HPOS="526"/>
							<String ID="string_230" HPOS="550" VPOS="1384" WIDTH="56" HEIGHT="31" WC="0.93" CONTENT="till"/><SP WIDTH="25" VPOS="1384" HPOS="606"/>
							<String ID="string_231" HPOS="631" VPOS="1384" WIDTH="150" HEIGHT="32" WC="0.92" CONTENT="riksstat"/><SP WIDTH="28" VPOS="1384" HPOS="781"/>
							<String ID="string_232" HPOS="809" VPOS="1384" WIDTH="56" HEIGHT="31" WC="0.96" CONTENT="för"/><SP WIDTH="23" VPOS="1384" HPOS="865"/>
							<String ID="string_233" HPOS="888" VPOS="1384" WIDTH="106" HEIGHT="30" WC="0.96" CONTENT="nästa"/><SP WIDTH="23" VPOS="1384" HPOS="994"/>
							<String ID="string_234" HPOS="1017" VPOS="1383" WIDTH="177" HEIGHT="36" WC="0.96" CONTENT="budgetår"/><SP WIDTH="24" VPOS="1383" HPOS="1194"/>
							<String ID="string_235" HPOS="1218" VPOS="1383" WIDTH="149" HEIGHT="36" WC="0.96" CONTENT="uppfört"/><SP WIDTH="25" VPOS="1383" HPOS="1367"/>
							<String ID="string_236" HPOS="1392" VPOS="1382" WIDTH="80" HEIGHT="31" WC="0.93" CONTENT="med"/><SP WIDTH="25" VPOS="1382" HPOS="1472"/>
							<String ID="string_237" HPOS="1497" VPOS="1381" WIDTH="128" HEIGHT="36" WC="0.58" CONTENT="750,000"/>
						</TextLine>
						<TextLine ID="line_24" HPOS="121" VPOS="1433" WIDTH="1504" HEIGHT="38">
							<String ID="string_238" HPOS="121" VPOS="1436" WIDTH="133" HEIGHT="30" WC="0.93" CONTENT="kronor"/><SP WIDTH="22" VPOS="1436" HPOS="254"/>
							<String ID="string_239" HPOS="276" VPOS="1455" WIDTH="39" HEIGHT="3" WC="0.92" CONTENT="—"/><SP WIDTH="22" VPOS="1455" HPOS="315"/>
							<String ID="string_240" HPOS="337" VPOS="1435" WIDTH="182" HEIGHT="31" WC="0.95" CONTENT="användes"/><SP WIDTH="23" VPOS="1435" HPOS="519"/>
							<String ID="string_241" HPOS="542" VPOS="1435" WIDTH="55" HEIGHT="32" WC="0.95" CONTENT="till"/><SP WIDTH="23" VPOS="1435" HPOS="597"/>
							<String ID="string_242" HPOS="620" VPOS="1437" WIDTH="114" HEIGHT="30" WC="0.96" CONTENT="större"/><SP WIDTH="23" VPOS="1437" HPOS="734"/>
							<String ID="string_243" HPOS="757" VPOS="1435" WIDTH="102" HEIGHT="32" WC="0.96" CONTENT="delen"/><SP WIDTH="23" VPOS="1435" HPOS="859"/>
							<String ID="string_244" HPOS="882" VPOS="1435" WIDTH="57" HEIGHT="31" WC="0.96" CONTENT="för"/><SP WIDTH="22" VPOS="1435" HPOS="939"/>
							<String ID="string_245" HPOS="961" VPOS="1435" WIDTH="247" HEIGHT="36" WC="0.95" CONTENT="anskaffning,"/><SP WIDTH="23" VPOS="1435" HPOS="1208"/>
							<String ID="string_246" HPOS="1231" VPOS="1434" WIDTH="192" HEIGHT="32" WC="0.96" CONTENT="underhåll"/><SP WIDTH="24" VPOS="1434" HPOS="1423"/>
							<String ID="string_247" HPOS="1447" VPOS="1434" WIDTH="64" HEIGHT="31" WC="0.96" CONTENT="och"/><SP WIDTH="23" VPOS="1434" HPOS="1511"/>
							<String ID="string_248" HPOS="1534" VPOS="1433" WIDTH="91" HEIGHT="32" WC="0.96" CONTENT="drift"/>
						</TextLine>
						<TextLine ID="line_25" HPOS="121" VPOS="1485" WIDTH="1503" HEIGHT="38">
							<String ID="string_249" HPOS="121" VPOS="1497" WIDTH="46" HEIGHT="20" WC="0.92" CONTENT="av"/><SP WIDTH="52" VPOS="1497" HPOS="167"/>
							<String ID="string_250" HPOS="219" VPOS="1487" WIDTH="457" HEIGHT="36" WC="0.82" CONTENT="fortskaffningsmateriel."/><SP WIDTH="49" VPOS="1487" HPOS="676"/>
							<String ID="string_251" HPOS="725" VPOS="1486" WIDTH="146" HEIGHT="32" WC="0.91" CONTENT="Jämväl"/><SP WIDTH="28" VPOS="1486" HPOS="871"/>
							<String ID="string_252" HPOS="899" VPOS="1487" WIDTH="41" HEIGHT="31" WC="0.96" CONTENT="de"/><SP WIDTH="31" VPOS="1487" HPOS="940"/>
							<String ID="string_253" HPOS="971" VPOS="1486" WIDTH="122" HEIGHT="36" WC="0.95" CONTENT="medel,"/><SP WIDTH="28" VPOS="1486" HPOS="1093"/>
							<String ID="string_254" HPOS="1121" VPOS="1496" WIDTH="75" HEIGHT="22" WC="0.96" CONTENT="som"/><SP WIDTH="28" VPOS="1496" HPOS="1196"/>
							<String ID="string_255" HPOS="1224" VPOS="1486" WIDTH="113" HEIGHT="37" WC="0.96" CONTENT="enligt"/><SP WIDTH="26" VPOS="1486" HPOS="1337"/>
							<String ID="string_256" HPOS="1363" VPOS="1485" WIDTH="222" HEIGHT="37" WC="0.96" CONTENT="stadganden"/><SP WIDTH="27" VPOS="1485" HPOS="1585"/>
							<String ID="string_257" HPOS="1612" VPOS="1485" WIDTH="12" HEIGHT="31" WC="0.96" CONTENT="i"/>
						</TextLine>
						<TextLine ID="line_26" HPOS="122" VPOS="1537" WIDTH="1502" HEIGHT="38">
							<String ID="string_258" HPOS="122" VPOS="1539" WIDTH="152" HEIGHT="36" WC="0.95" CONTENT="lagarna"/><SP WIDTH="28" VPOS="1539" HPOS="274"/>
							<String ID="string_259" HPOS="302" VPOS="1538" WIDTH="68" HEIGHT="31" WC="0.95" CONTENT="den"/><SP WIDTH="29" VPOS="1538" HPOS="370"/>
							<String ID="string_260" HPOS="399" VPOS="1539" WIDTH="18" HEIGHT="30" WC="0.95" CONTENT="8"/><SP WIDTH="29" VPOS="1539" HPOS="417"/>
							<String ID="string_261" HPOS="446" VPOS="1538" WIDTH="79" HEIGHT="36" WC="0.96" CONTENT="juni"/><SP WIDTH="28" VPOS="1538" HPOS="525"/>
							<String ID="string_262" HPOS="553" VPOS="1539" WIDTH="77" HEIGHT="30" WC="0.95" CONTENT="1923"/><SP WIDTH="28" VPOS="1539" HPOS="630"/>
							<String ID="string_263" HPOS="658" VPOS="1548" WIDTH="57" HEIGHT="21" WC="0.96" CONTENT="om"/><SP WIDTH="30" VPOS="1548" HPOS="715"/>
							<String ID="string_264" HPOS="745" VPOS="1539" WIDTH="110" HEIGHT="30" WC="0.96" CONTENT="straff"/><SP WIDTH="28" VPOS="1539" HPOS="855"/>
							<String ID="string_265" HPOS="883" VPOS="1538" WIDTH="57" HEIGHT="31" WC="0.96" CONTENT="för"/><SP WIDTH="28" VPOS="1538" HPOS="940"/>
							<String ID="string_266" HPOS="968" VPOS="1538" WIDTH="132" HEIGHT="37" WC="0.93" CONTENT="olovlig"/><SP WIDTH="28" VPOS="1538" HPOS="1100"/>
							<String ID="string_267" HPOS="1128" VPOS="1538" WIDTH="244" HEIGHT="31" WC="0.92" CONTENT="varuinförsel"/><SP WIDTH="28" VPOS="1538" HPOS="1372"/>
							<String ID="string_268" HPOS="1400" VPOS="1537" WIDTH="65" HEIGHT="31" WC="0.96" CONTENT="och"/><SP WIDTH="27" VPOS="1537" HPOS="1465"/>
							<String ID="string_269" HPOS="1492" VPOS="1537" WIDTH="66" HEIGHT="31" WC="0.96" CONTENT="den"/><SP WIDTH="28" VPOS="1537" HPOS="1558"/>
							<String ID="string_270" HPOS="1586" VPOS="1537" WIDTH="38" HEIGHT="31" WC="0.96" CONTENT="20"/>
						</TextLine>
						<TextLine ID="line_27" HPOS="120" VPOS="1588" WIDTH="1503" HEIGHT="38">
							<String ID="string_271" HPOS="120" VPOS="1590" WIDTH="79" HEIGHT="36" WC="0.95" CONTENT="juni"/><SP WIDTH="30" VPOS="1590" HPOS="199"/>
							<String ID="string_272" HPOS="229" VPOS="1590" WIDTH="77" HEIGHT="31" WC="0.96" CONTENT="1924"/><SP WIDTH="26" VPOS="1590" HPOS="306"/>
							<String ID="string_273" HPOS="332" VPOS="1590" WIDTH="80" HEIGHT="31" WC="0.95" CONTENT="med"/><SP WIDTH="30" VPOS="1590" HPOS="412"/>
							<String ID="string_274" HPOS="442" VPOS="1590" WIDTH="178" HEIGHT="31" WC="0.95" CONTENT="särskilda"/><SP WIDTH="27" VPOS="1590" HPOS="620"/>
							<String ID="string_275" HPOS="647" VPOS="1590" WIDTH="267" HEIGHT="31" WC="0.95" CONTENT="bestämmelser"/><SP WIDTH="28" VPOS="1590" HPOS="914"/>
							<String ID="string_276" HPOS="942" VPOS="1589" WIDTH="181" HEIGHT="37" WC="0.96" CONTENT="angående"/><SP WIDTH="29" VPOS="1589" HPOS="1123"/>
							<String ID="string_277" HPOS="1152" VPOS="1589" WIDTH="133" HEIGHT="37" WC="0.95" CONTENT="olovlig"/><SP WIDTH="26" VPOS="1589" HPOS="1285"/>
							<String ID="string_278" HPOS="1311" VPOS="1589" WIDTH="206" HEIGHT="36" WC="0.96" CONTENT="befattning"/><SP WIDTH="28" VPOS="1589" HPOS="1517"/>
							<String ID="string_279" HPOS="1545" VPOS="1588" WIDTH="78" HEIGHT="31" WC="0.96" CONTENT="med"/>
						</TextLine>
						<TextLine ID="line_28" HPOS="120" VPOS="1640" WIDTH="1502" HEIGHT="39">
							<String ID="string_280" HPOS="120" VPOS="1641" WIDTH="247" HEIGHT="36" WC="0.96" CONTENT="spritdrycker"/><SP WIDTH="49" VPOS="1641" HPOS="367"/>
							<String ID="string_281" HPOS="416" VPOS="1642" WIDTH="63" HEIGHT="30" WC="0.96" CONTENT="och"/><SP WIDTH="48" VPOS="1642" HPOS="479"/>
							<String ID="string_282" HPOS="527" VPOS="1641" WIDTH="60" HEIGHT="31" WC="0.95" CONTENT="vin"/><SP WIDTH="49" VPOS="1641" HPOS="587"/>
							<String ID="string_283" HPOS="636" VPOS="1643" WIDTH="56" HEIGHT="30" WC="0.95" CONTENT="stå"/><SP WIDTH="24" VPOS="1643" HPOS="692"/>
							<String ID="string_284" HPOS="716" VPOS="1642" WIDTH="57" HEIGHT="31" WC="0.93" CONTENT="till"/><SP WIDTH="28" VPOS="1642" HPOS="773"/>
							<String ID="string_285" HPOS="801" VPOS="1641" WIDTH="408" HEIGHT="38" WC="0.90" CONTENT="generaltullstyrelsens"/><SP WIDTH="27" VPOS="1641" HPOS="1209"/>
							<String ID="string_286" HPOS="1236" VPOS="1641" WIDTH="222" HEIGHT="37" WC="0.96" CONTENT="förfogande,"/><SP WIDTH="25" VPOS="1641" HPOS="1458"/>
							<String ID="string_287" HPOS="1483" VPOS="1642" WIDTH="102" HEIGHT="35" WC="0.96" CONTENT="tagas"/><SP WIDTH="27" VPOS="1642" HPOS="1585"/>
							<String ID="string_288" HPOS="1612" VPOS="1640" WIDTH="10" HEIGHT="30" WC="0.96" CONTENT="i"/>
						</TextLine>
						<TextLine ID="line_29" HPOS="121" VPOS="1688" WIDTH="1460" HEIGHT="43">
							<String ID="string_289" HPOS="121" VPOS="1693" WIDTH="75" HEIGHT="32" WC="0.96" CONTENT="viss"/><SP WIDTH="23" VPOS="1693" HPOS="196"/>
							<String ID="string_290" HPOS="219" VPOS="1694" WIDTH="254" HEIGHT="37" WC="0.96" CONTENT="utsträckning"/><SP WIDTH="22" VPOS="1694" HPOS="473"/>
							<String ID="string_291" HPOS="495" VPOS="1693" WIDTH="12" HEIGHT="31" WC="0.96" CONTENT="i"/><SP WIDTH="25" VPOS="1693" HPOS="507"/>
							<String ID="string_292" HPOS="532" VPOS="1694" WIDTH="157" HEIGHT="36" WC="0.96" CONTENT="anspråk"/><SP WIDTH="25" VPOS="1694" HPOS="689"/>
							<String ID="string_293" HPOS="714" VPOS="1694" WIDTH="55" HEIGHT="31" WC="0.96" CONTENT="för"/><SP WIDTH="24" VPOS="1694" HPOS="769"/>
							<String ID="string_294" HPOS="793" VPOS="1694" WIDTH="236" HEIGHT="36" WC="0.95" CONTENT="anskaffning"/><SP WIDTH="23" VPOS="1694" HPOS="1029"/>
							<String ID="string_295" HPOS="1052" VPOS="1703" WIDTH="46" HEIGHT="22" WC="0.93" CONTENT="av"/><SP WIDTH="25" VPOS="1703" HPOS="1098"/>
							<String ID="string_296" HPOS="1123" VPOS="1688" WIDTH="458" HEIGHT="42" WC="0.90" CONTENT="fortskaffningsmateriel."/>
						</TextLine>
					</TextBlock>
					<TextBlock ID="block_2" HPOS="120" VPOS="1744" WIDTH="1504" HEIGHT="295">
						<TextLine ID="line_30" HPOS="160" VPOS="1744" WIDTH="1462" HEIGHT="38">
							<String ID="string_297" HPOS="160" VPOS="1744" WIDTH="126" HEIGHT="38" WC="0.96" CONTENT="Enligt"/><SP WIDTH="28" VPOS="1744" HPOS="286"/>
							<String ID="string_298" HPOS="314" VPOS="1745" WIDTH="39" HEIGHT="31" WC="0.93" CONTENT="de"/><SP WIDTH="28" VPOS="1745" HPOS="353"/>
							<String ID="string_299" HPOS="381" VPOS="1746" WIDTH="245" HEIGHT="35" WC="0.92" CONTENT="sakkunnigas"/><SP WIDTH="35" VPOS="1746" HPOS="626"/>
							<String ID="string_300" HPOS="661" VPOS="1746" WIDTH="200" HEIGHT="36" WC="0.92" CONTENT="beräkning"/><SP WIDTH="35" VPOS="1746" HPOS="861"/>
							<String ID="string_301" HPOS="896" VPOS="1745" WIDTH="138" HEIGHT="37" WC="0.89" CONTENT="belöpte"/><SP WIDTH="38" VPOS="1745" HPOS="1034"/>
							<String ID="string_302" HPOS="1072" VPOS="1745" WIDTH="54" HEIGHT="35" WC="0.96" CONTENT="sig"/><SP WIDTH="24" VPOS="1745" HPOS="1126"/>
							<String ID="string_303" HPOS="1150" VPOS="1745" WIDTH="62" HEIGHT="31" WC="0.96" CONTENT="vid"/><SP WIDTH="25" VPOS="1745" HPOS="1212"/>
							<String ID="string_304" HPOS="1237" VPOS="1745" WIDTH="96" HEIGHT="31" WC="0.96" CONTENT="tiden"/><SP WIDTH="27" VPOS="1745" HPOS="1333"/>
							<String ID="string_305" HPOS="1360" VPOS="1745" WIDTH="56" HEIGHT="31" WC="0.93" CONTENT="för"/><SP WIDTH="25" VPOS="1745" HPOS="1416"/>
							<String ID="string_306" HPOS="1441" VPOS="1744" WIDTH="181" HEIGHT="32" WC="0.90" CONTENT="utrednin-"/>
						</TextLine>
						<TextLine ID="line_31" HPOS="121" VPOS="1796" WIDTH="1500" HEIGHT="37">
							<String ID="string_307" HPOS="121" VPOS="1805" WIDTH="69" HEIGHT="28" WC="0.96" CONTENT="gen"/><SP WIDTH="25" VPOS="1805" HPOS="190"/>
							<String ID="string_308" HPOS="215" VPOS="1807" WIDTH="46" HEIGHT="21" WC="0.96" CONTENT="av"/><SP WIDTH="23" VPOS="1807" HPOS="261"/>
							<String ID="string_309" HPOS="284" VPOS="1797" WIDTH="41" HEIGHT="31" WC="0.96" CONTENT="de"/><SP WIDTH="25" VPOS="1797" HPOS="325"/>
							<String ID="string_310" HPOS="350" VPOS="1798" WIDTH="178" HEIGHT="35" WC="0.93" CONTENT="utgående"/><SP WIDTH="25" VPOS="1798" HPOS="528"/>
							<String ID="string_311" HPOS="553" VPOS="1798" WIDTH="252" HEIGHT="35" WC="0.90" CONTENT="legoanslagen"/><SP WIDTH="24" VPOS="1798" HPOS="805"/>
							<String ID="string_312" HPOS="829" VPOS="1797" WIDTH="164" HEIGHT="36" WC="0.96" CONTENT="omkring"/><SP WIDTH="26" VPOS="1797" HPOS="993"/>
							<String ID="string_313" HPOS="1019" VPOS="1797" WIDTH="37" HEIGHT="30" WC="0.96" CONTENT="60"/><SP WIDTH="23" VPOS="1797" HPOS="1056"/>
							<String ID="string_314" HPOS="1079" VPOS="1797" WIDTH="147" HEIGHT="36" WC="0.93" CONTENT="procent"/><SP WIDTH="26" VPOS="1797" HPOS="1226"/>
							<String ID="string_315" HPOS="1252" VPOS="1797" WIDTH="20" HEIGHT="30" WC="0.91" CONTENT="å"/><SP WIDTH="26" VPOS="1797" HPOS="1272"/>
							<String ID="string_316" HPOS="1298" VPOS="1796" WIDTH="231" HEIGHT="35" WC="0.93" CONTENT="motorbåtar,"/><SP WIDTH="23" VPOS="1796" HPOS="1529"/>
							<String ID="string_317" HPOS="1552" VPOS="1804" WIDTH="69" HEIGHT="22" WC="0.92" CONTENT="om-"/>
						</TextLine>
						<TextLine ID="line_32" HPOS="120" VPOS="1848" WIDTH="1504" HEIGHT="37">
							<String ID="string_318" HPOS="120" VPOS="1849" WIDTH="110" HEIGHT="36" WC="0.96" CONTENT="kring"/><SP WIDTH="28" VPOS="1849" HPOS="230"/>
							<String ID="string_319" HPOS="258" VPOS="1849" WIDTH="38" HEIGHT="30" WC="0.96" CONTENT="20"/><SP WIDTH="28" VPOS="1849" HPOS="296"/>
							<String ID="string_320" HPOS="324" VPOS="1850" WIDTH="147" HEIGHT="35" WC="0.93" CONTENT="procent"/><SP WIDTH="30" VPOS="1850" HPOS="471"/>
							<String ID="string_321" HPOS="501" VPOS="1850" WIDTH="20" HEIGHT="29" WC="0.92" CONTENT="å"/><SP WIDTH="27" VPOS="1850" HPOS="521"/>
							<String ID="string_322" HPOS="548" VPOS="1849" WIDTH="124" HEIGHT="31" WC="0.96" CONTENT="hästar"/><SP WIDTH="28" VPOS="1849" HPOS="672"/>
							<String ID="string_323" HPOS="700" VPOS="1849" WIDTH="63" HEIGHT="31" WC="0.96" CONTENT="och"/><SP WIDTH="30" VPOS="1849" HPOS="763"/>
							<String ID="string_324" HPOS="793" VPOS="1848" WIDTH="202" HEIGHT="32" WC="0.96" CONTENT="återstoden"/><SP WIDTH="31" VPOS="1848" HPOS="995"/>
							<String ID="string_325" HPOS="1026" VPOS="1849" WIDTH="45" HEIGHT="35" WC="0.96" CONTENT="på"/><SP WIDTH="28" VPOS="1849" HPOS="1071"/>
							<String ID="string_326" HPOS="1099" VPOS="1849" WIDTH="104" HEIGHT="36" WC="0.93" CONTENT="övrig"/><SP WIDTH="30" VPOS="1849" HPOS="1203"/>
							<String ID="string_327" HPOS="1233" VPOS="1848" WIDTH="391" HEIGHT="36" WC="0.91" CONTENT="fortskaffningsmate-"/>
						</TextLine>
						<TextLine ID="line_33" HPOS="122" VPOS="1900" WIDTH="1500" HEIGHT="36">
							<String ID="string_328" HPOS="122" VPOS="1900" WIDTH="75" HEIGHT="32" WC="0.89" CONTENT="riel."/><SP WIDTH="45" VPOS="1900" HPOS="197"/>
							<String ID="string_329" HPOS="242" VPOS="1900" WIDTH="158" HEIGHT="31" WC="0.95" CONTENT="Numera"/><SP WIDTH="23" VPOS="1900" HPOS="400"/>
							<String ID="string_330" HPOS="423" VPOS="1900" WIDTH="99" HEIGHT="31" WC="0.96" CONTENT="torde"/><SP WIDTH="23" VPOS="1900" HPOS="522"/>
							<String ID="string_331" HPOS="545" VPOS="1910" WIDTH="42" HEIGHT="20" WC="0.96" CONTENT="en"/><SP WIDTH="24" VPOS="1910" HPOS="587"/>
							<String ID="string_332" HPOS="611" VPOS="1900" WIDTH="139" HEIGHT="31" WC="0.96" CONTENT="mindre"/><SP WIDTH="28" VPOS="1900" HPOS="750"/>
							<String ID="string_333" HPOS="778" VPOS="1901" WIDTH="247" HEIGHT="35" WC="0.96" CONTENT="förskjutning"/><SP WIDTH="23" VPOS="1901" HPOS="1025"/>
							<String ID="string_334" HPOS="1048" VPOS="1900" WIDTH="11" HEIGHT="30" WC="0.96" CONTENT="i"/><SP WIDTH="25" VPOS="1900" HPOS="1059"/>
							<String ID="string_335" HPOS="1084" VPOS="1900" WIDTH="101" HEIGHT="30" WC="0.96" CONTENT="dessa"/><SP WIDTH="22" VPOS="1900" HPOS="1185"/>
							<String ID="string_336" HPOS="1207" VPOS="1900" WIDTH="50" HEIGHT="30" WC="0.95" CONTENT="tal"/><SP WIDTH="22" VPOS="1900" HPOS="1257"/>
							<String ID="string_337" HPOS="1279" VPOS="1900" WIDTH="95" HEIGHT="30" WC="0.96" CONTENT="hava"/><SP WIDTH="24" VPOS="1900" HPOS="1374"/>
							<String ID="string_338" HPOS="1398" VPOS="1901" WIDTH="62" HEIGHT="35" WC="0.96" CONTENT="ägt"/><SP WIDTH="24" VPOS="1901" HPOS="1460"/>
							<String ID="string_339" HPOS="1484" VPOS="1909" WIDTH="78" HEIGHT="21" WC="0.96" CONTENT="rum"/><SP WIDTH="23" VPOS="1909" HPOS="1562"/>
							<String ID="string_340" HPOS="1585" VPOS="1900" WIDTH="37" HEIGHT="30" WC="0.96" CONTENT="så"/>
						</TextLine>
						<TextLine ID="line_34" HPOS="122" VPOS="1950" WIDTH="1501" HEIGHT="37">
							<String ID="string_341" HPOS="122" VPOS="1951" WIDTH="57" HEIGHT="30" WC="0.96" CONTENT="till"/><SP WIDTH="20" VPOS="1951" HPOS="179"/>
							<String ID="string_342" HPOS="199" VPOS="1951" WIDTH="94" HEIGHT="35" WC="0.95" CONTENT="vida,"/><SP WIDTH="21" VPOS="1951" HPOS="293"/>
							<String ID="string_343" HPOS="314" VPOS="1953" WIDTH="53" HEIGHT="29" WC="0.92" CONTENT="att"/><SP WIDTH="20" VPOS="1953" HPOS="367"/>
							<String ID="string_344" HPOS="387" VPOS="1951" WIDTH="237" HEIGHT="36" WC="0.91" CONTENT="procenttalet"/><SP WIDTH="22" VPOS="1951" HPOS="624"/>
							<String ID="string_345" HPOS="646" VPOS="1951" WIDTH="57" HEIGHT="30" WC="0.93" CONTENT="för"/><SP WIDTH="23" VPOS="1951" HPOS="703"/>
							<String ID="string_346" HPOS="726" VPOS="1951" WIDTH="253" HEIGHT="36" WC="0.92" CONTENT="legoanslagen"/><SP WIDTH="23" VPOS="1951" HPOS="979"/>
							<String ID="string_347" HPOS="1002" VPOS="1951" WIDTH="55" HEIGHT="30" WC="0.96" CONTENT="för"/><SP WIDTH="21" VPOS="1951" HPOS="1057"/>
							<String ID="string_348" HPOS="1078" VPOS="1951" WIDTH="124" HEIGHT="30" WC="0.95" CONTENT="hästar"/><SP WIDTH="21" VPOS="1951" HPOS="1202"/>
							<String ID="string_349" HPOS="1223" VPOS="1952" WIDTH="110" HEIGHT="35" WC="0.96" CONTENT="något"/><SP WIDTH="22" VPOS="1952" HPOS="1333"/>
							<String ID="string_350" HPOS="1355" VPOS="1950" WIDTH="185" HEIGHT="35" WC="0.93" CONTENT="minskats,"/><SP WIDTH="21" VPOS="1950" HPOS="1540"/>
							<String ID="string_351" HPOS="1561" VPOS="1961" WIDTH="62" HEIGHT="19" WC="0.91" CONTENT="un-"/>
						</TextLine>
						<TextLine ID="line_35" HPOS="121" VPOS="2002" WIDTH="1266" HEIGHT="37">
							<String ID="string_352" HPOS="121" VPOS="2002" WIDTH="63" HEIGHT="31" WC="0.96" CONTENT="der"/><SP WIDTH="28" VPOS="2002" HPOS="184"/>
							<String ID="string_353" HPOS="212" VPOS="2002" WIDTH="59" HEIGHT="31" WC="0.96" CONTENT="det"/><SP WIDTH="28" VPOS="2002" HPOS="271"/>
							<String ID="string_354" HPOS="299" VPOS="2003" WIDTH="54" HEIGHT="30" WC="0.96" CONTENT="att"/><SP WIDTH="28" VPOS="2003" HPOS="353"/>
							<String ID="string_355" HPOS="381" VPOS="2002" WIDTH="171" HEIGHT="36" WC="0.96" CONTENT="anslagen"/><SP WIDTH="29" VPOS="2002" HPOS="552"/>
							<String ID="string_356" HPOS="581" VPOS="2003" WIDTH="56" HEIGHT="30" WC="0.96" CONTENT="för"/><SP WIDTH="27" VPOS="2003" HPOS="637"/>
							<String ID="string_357" HPOS="664" VPOS="2002" WIDTH="128" HEIGHT="37" WC="0.96" CONTENT="övriga"/><SP WIDTH="22" VPOS="2002" HPOS="792"/>
							<String ID="string_358" HPOS="814" VPOS="2002" WIDTH="168" HEIGHT="31" WC="0.95" CONTENT="ändamål"/><SP WIDTH="28" VPOS="2002" HPOS="982"/>
							<String ID="string_359" HPOS="1010" VPOS="2002" WIDTH="236" HEIGHT="36" WC="0.95" CONTENT="procentuellt"/><SP WIDTH="30" VPOS="2002" HPOS="1246"/>
							<String ID="string_360" HPOS="1276" VPOS="2002" WIDTH="111" HEIGHT="31" WC="0.96" CONTENT="ökats."/>
						</TextLine>
					</TextBlock>
				</ComposedBlock>
				<ComposedBlock ID="cblock_2" HPOS="597" VPOS="2123" WIDTH="552" HEIGHT="36">
					<TextBlock ID="block_3" HPOS="597" VPOS="2123" WIDTH="552" HEIGHT="36">
						<TextLine ID="line_36" HPOS="597" VPOS="2123" WIDTH="552" HEIGHT="36">
							<String ID="string_361" HPOS="597" VPOS="2125" WIDTH="277" HEIGHT="34" WC="0.91" CONTENT="Legosystemets"/><SP WIDTH="23" VPOS="2125" HPOS="874"/>
							<String ID="string_362" HPOS="897" VPOS="2123" WIDTH="252" HEIGHT="28" WC="0.96" CONTENT="bibehållande."/>
						</TextLine>
					</TextBlock>
				</ComposedBlock>
				<ComposedBlock ID="cblock_3" HPOS="121" VPOS="2208" WIDTH="1500" HEIGHT="292">
					<TextBlock ID="block_4" HPOS="123" VPOS="2208" WIDTH="1498" HEIGHT="137">
						<TextLine ID="line_37" HPOS="161" VPOS="2208" WIDTH="1460" HEIGHT="36">
							<String ID="string_363" HPOS="161" VPOS="2208" WIDTH="18" HEIGHT="32" WC="0.93" CONTENT="I"/><SP WIDTH="34" VPOS="2208" HPOS="179"/>
							<String ID="string_364" HPOS="213" VPOS="2208" WIDTH="234" HEIGHT="32" WC="0.91" CONTENT="förenämnda"/><SP WIDTH="30" VPOS="2208" HPOS="447"/>
							<String ID="string_365" HPOS="477" VPOS="2208" WIDTH="223" HEIGHT="31" WC="0.95" CONTENT="betänkande"/><SP WIDTH="33" VPOS="2208" HPOS="700"/>
							<String ID="string_366" HPOS="733" VPOS="2209" WIDTH="93" HEIGHT="30" WC="0.96" CONTENT="hava"/><SP WIDTH="29" VPOS="2209" HPOS="826"/>
							<String ID="string_367" HPOS="855" VPOS="2208" WIDTH="43" HEIGHT="31" WC="0.96" CONTENT="de"/><SP WIDTH="30" VPOS="2208" HPOS="898"/>
							<String ID="string_368" HPOS="928" VPOS="2208" WIDTH="227" HEIGHT="35" WC="0.96" CONTENT="sakkunniga"/><SP WIDTH="29" VPOS="2208" HPOS="1155"/>
							<String ID="string_369" HPOS="1184" VPOS="2208" WIDTH="169" HEIGHT="36" WC="0.96" CONTENT="upptagit"/><SP WIDTH="31" VPOS="2208" HPOS="1353"/>
							<String ID="string_370" HPOS="1384" VPOS="2208" WIDTH="56" HEIGHT="31" WC="0.95" CONTENT="till"/><SP WIDTH="31" VPOS="2208" HPOS="1440"/>
							<String ID="string_371" HPOS="1471" VPOS="2208" WIDTH="150" HEIGHT="34" WC="0.96" CONTENT="utförlig"/>
						</TextLine>
						<TextLine ID="line_38" HPOS="126" VPOS="2259" WIDTH="1495" HEIGHT="37">
							<String ID="string_372" HPOS="126" VPOS="2260" WIDTH="268" HEIGHT="36" WC="0.96" CONTENT="undersökning"/><SP WIDTH="36" VPOS="2260" HPOS="394"/>
							<String ID="string_373" HPOS="430" VPOS="2260" WIDTH="140" HEIGHT="34" WC="0.95" CONTENT="frågan,"/><SP WIDTH="36" VPOS="2260" HPOS="570"/>
							<String ID="string_374" HPOS="606" VPOS="2269" WIDTH="57" HEIGHT="20" WC="0.96" CONTENT="om"/><SP WIDTH="33" VPOS="2269" HPOS="663"/>
							<String ID="string_375" HPOS="696" VPOS="2259" WIDTH="59" HEIGHT="31" WC="0.95" CONTENT="det"/><SP WIDTH="33" VPOS="2259" HPOS="755"/>
							<String ID="string_376" HPOS="788" VPOS="2270" WIDTH="47" HEIGHT="20" WC="0.96" CONTENT="nu"/><SP WIDTH="34" VPOS="2270" HPOS="835"/>
							<String ID="string_377" HPOS="869" VPOS="2259" WIDTH="208" HEIGHT="36" WC="0.93" CONTENT="tillämpade"/><SP WIDTH="32" VPOS="2259" HPOS="1077"/>
							<String ID="string_378" HPOS="1109" VPOS="2259" WIDTH="252" HEIGHT="36" WC="0.91" CONTENT="legosystemet"/><SP WIDTH="32" VPOS="2259" HPOS="1361"/>
							<String ID="string_379" HPOS="1393" VPOS="2259" WIDTH="228" HEIGHT="30" WC="0.96" CONTENT="beträffande"/>
						</TextLine>
						<TextLine ID="line_39" HPOS="123" VPOS="2310" WIDTH="1384" HEIGHT="35">
							<String ID="string_380" HPOS="123" VPOS="2311" WIDTH="212" HEIGHT="31" WC="0.92" CONTENT="tullverkets"/><SP WIDTH="54" VPOS="2311" HPOS="335"/>
							<String ID="string_381" HPOS="389" VPOS="2310" WIDTH="447" HEIGHT="35" WC="0.50" CONTENT="fortskaffningsmateriel"/><SP WIDTH="33" VPOS="2310" HPOS="836"/>
							<String ID="string_382" HPOS="869" VPOS="2311" WIDTH="65" HEIGHT="30" WC="0.96" CONTENT="bör"/><SP WIDTH="30" VPOS="2311" HPOS="934"/>
							<String ID="string_383" HPOS="964" VPOS="2310" WIDTH="197" HEIGHT="31" WC="0.96" CONTENT="bibehållas"/><SP WIDTH="32" VPOS="2310" HPOS="1161"/>
							<String ID="string_384" HPOS="1193" VPOS="2310" WIDTH="86" HEIGHT="31" WC="0.96" CONTENT="eller"/><SP WIDTH="31" VPOS="2310" HPOS="1279"/>
							<String ID="string_385" HPOS="1310" VPOS="2310" WIDTH="197" HEIGHT="31" WC="0.96" CONTENT="avskaffas."/>
						</TextLine>
					</TextBlock>
					<TextBlock ID="block_5" HPOS="121" VPOS="2361" WIDTH="1500" HEIGHT="139">
						<TextLine ID="line_40" HPOS="161" VPOS="2361" WIDTH="1459" HEIGHT="37">
							<String ID="string_386" HPOS="161" VPOS="2363" WIDTH="52" HEIGHT="30" WC="0.96" CONTENT="På"/><SP WIDTH="27" VPOS="2363" HPOS="213"/>
							<String ID="string_387" HPOS="240" VPOS="2362" WIDTH="179" HEIGHT="36" WC="0.95" CONTENT="grundval"/><SP WIDTH="27" VPOS="2362" HPOS="419"/>
							<String ID="string_388" HPOS="446" VPOS="2372" WIDTH="44" HEIGHT="20" WC="0.95" CONTENT="av"/><SP WIDTH="29" VPOS="2372" HPOS="490"/>
							<String ID="string_389" HPOS="519" VPOS="2363" WIDTH="66" HEIGHT="30" WC="0.96" CONTENT="den"/><SP WIDTH="30" VPOS="2363" HPOS="585"/>
							<String ID="string_390" HPOS="615" VPOS="2362" WIDTH="218" HEIGHT="31" WC="0.96" CONTENT="verkställda"/><SP WIDTH="29" VPOS="2362" HPOS="833"/>
							<String ID="string_391" HPOS="862" VPOS="2361" WIDTH="313" HEIGHT="34" WC="0.96" CONTENT="undersökningen"/><SP WIDTH="28" VPOS="2361" HPOS="1175"/>
							<String ID="string_392" HPOS="1203" VPOS="2361" WIDTH="94" HEIGHT="30" WC="0.96" CONTENT="hava"/><SP WIDTH="28" VPOS="2361" HPOS="1297"/>
							<String ID="string_393" HPOS="1325" VPOS="2362" WIDTH="42" HEIGHT="30" WC="0.95" CONTENT="de"/><SP WIDTH="26" VPOS="2362" HPOS="1367"/>
							<String ID="string_394" HPOS="1393" VPOS="2361" WIDTH="227" HEIGHT="35" WC="0.95" CONTENT="sakkunniga"/>
						</TextLine>
						<TextLine ID="line_41" HPOS="121" VPOS="2412" WIDTH="1500" HEIGHT="37">
							<String ID="string_395" HPOS="121" VPOS="2415" WIDTH="146" HEIGHT="30" WC="0.96" CONTENT="stannat"/><SP WIDTH="30" VPOS="2415" HPOS="267"/>
							<String ID="string_396" HPOS="297" VPOS="2413" WIDTH="60" HEIGHT="31" WC="0.96" CONTENT="vid"/><SP WIDTH="28" VPOS="2413" HPOS="357"/>
							<String ID="string_397" HPOS="385" VPOS="2414" WIDTH="54" HEIGHT="30" WC="0.96" CONTENT="att"/><SP WIDTH="30" VPOS="2414" HPOS="439"/>
							<String ID="string_398" HPOS="469" VPOS="2413" WIDTH="145" HEIGHT="30" WC="0.90" CONTENT="förorda"/><SP WIDTH="27" VPOS="2413" HPOS="614"/>
							<String ID="string_399" HPOS="641" VPOS="2413" WIDTH="269" HEIGHT="36" WC="0.90" CONTENT="legosystemets"/><SP WIDTH="29" VPOS="2413" HPOS="910"/>
							<String ID="string_400" HPOS="939" VPOS="2412" WIDTH="248" HEIGHT="31" WC="0.96" CONTENT="bibehållande"/><SP WIDTH="29" VPOS="2412" HPOS="1187"/>
							<String ID="string_401" HPOS="1216" VPOS="2413" WIDTH="11" HEIGHT="30" WC="0.95" CONTENT="i"/><SP WIDTH="32" VPOS="2413" HPOS="1227"/>
							<String ID="string_402" HPOS="1259" VPOS="2413" WIDTH="73" HEIGHT="30" WC="0.96" CONTENT="viss"/><SP WIDTH="28" VPOS="2413" HPOS="1332"/>
							<String ID="string_403" HPOS="1360" VPOS="2412" WIDTH="261" HEIGHT="35" WC="0.96" CONTENT="utsträckning."/>
						</TextLine>
						<TextLine ID="line_42" HPOS="122" VPOS="2464" WIDTH="1499" HEIGHT="36">
							<String ID="string_404" HPOS="122" VPOS="2465" WIDTH="126" HEIGHT="35" WC="0.95" CONTENT="Enligt"/><SP WIDTH="27" VPOS="2465" HPOS="248"/>
							<String ID="string_405" HPOS="275" VPOS="2465" WIDTH="41" HEIGHT="31" WC="0.93" CONTENT="de"/><SP WIDTH="27" VPOS="2465" HPOS="316"/>
							<String ID="string_406" HPOS="343" VPOS="2464" WIDTH="246" HEIGHT="36" WC="0.92" CONTENT="sakkunnigas"/><SP WIDTH="30" VPOS="2464" HPOS="589"/>
							<String ID="string_407" HPOS="619" VPOS="2464" WIDTH="135" HEIGHT="35" WC="0.96" CONTENT="förslag"/><SP WIDTH="26" VPOS="2464" HPOS="754"/>
							<String ID="string_408" HPOS="780" VPOS="2465" WIDTH="63" HEIGHT="30" WC="0.93" CONTENT="bör"/><SP WIDTH="27" VPOS="2465" HPOS="843"/>
							<String ID="string_409" HPOS="870" VPOS="2465" WIDTH="248" HEIGHT="35" WC="0.92" CONTENT="legosystemet"/><SP WIDTH="31" VPOS="2465" HPOS="1118"/>
							<String ID="string_410" HPOS="1149" VPOS="2464" WIDTH="224" HEIGHT="31" WC="0.96" CONTENT="fortfarande"/><SP WIDTH="29" VPOS="2464" HPOS="1373"/>
							<String ID="string_411" HPOS="1402" VPOS="2464" WIDTH="181" HEIGHT="36" WC="0.95" CONTENT="tillämpas"/><SP WIDTH="29" VPOS="2464" HPOS="1583"/>
							<String ID="string_412" HPOS="1612" VPOS="2464" WIDTH="9" HEIGHT="30" WC="0.95" CONTENT="i"/>
						</TextLine>
					</TextBlock>
				</ComposedBlock>
			</PrintSpace>
		</Page>
	</Layout>
</alto>
