2213 2733
661 277 210 44 Bevillnings
888 280 167 35 Utskottets
1081 285 172 34 Memorial
1281 288 64 32 N:o
1371 291 28 29 8.
1756 296 19 30 3

388 361 81 39 Den,
498 362 56 33 det
582 363 26 39 ej
640 363 65 37 vill,
736 366 106 31 röstar

984 470 80 40 Nej;

385 547 124 32 Vinner
551 549 68 40 Nej,
662 550 60 31 har
760 551 201 41 Riksdagen,
1002 555 9 30 i
1049 556 105 32 likhet
1183 557 74 33 med
1285 559 117 32 Första
1431 562 215 42 Kammaren,
1675 566 148 32 beslutat

234 595 234 35 bibehållande
498 599 35 31 af
551 610 43 21 nu
611 601 154 39 gällande
786 603 160 33 tulltaxas
966 605 251 36 bestämmelser
1240 610 44 30 uti
1302 610 256 41 ifrågavarande
1575 616 246 33 hänscenden.<

385 665 54 32 Uti
467 667 92 31 60:de
589 670 149 37 punkten
769 681 95 21 mom.
895 676 30 38 c)
954 673 84 33 hade
1068 675 171 34 Utskottet
1267 678 166 41 hemstält,
1467 687 49 28 att
1537 685 165 32 tullfrihet
1718 685 102 32 måtte

234 715 181 39 medgifvas
457 717 48 32 för
546 719 184 33 becksöms-
771 722 60 32 och
874 732 23 22 s.
940 725 27 30 k.
998 725 164 40 sjöstöflar
1204 728 169 33 äfvensom
1403 731 48 33 för
1479 735 339 34 skomakarcarbeten

234 766 72 31 med
336 766 135 33 bottnar
500 769 35 31 af
560 774 59 28 trä.

385 818 95 33 Hvad
515 820 172 35 Utskottet
715 824 144 34 sålunda
888 826 170 43 föreslagit
1085 829 62 33 har
1175 832 119 32 vunnit
1323 834 116 33 Första
1469 836 220 34 Kammarens
1718 839 103 41 bifall,

233 868 171 33 hvaremot
444 871 113 32 Andra
589 874 223 41 Kammaren,
851 879 72 31 med
952 879 108 41 afslag
1088 880 18 32 å
1135 882 189 35 Utskottets
1355 886 209 43 hemställan,
1595 890 145 32 beslutat
1768 891 51 31 bi-

232 918 201 34 behållande
462 922 35 31 af
523 926 196 32 nuvarande
750 928 174 33 tullsatser
952 929 18 32 å
997 931 256 40 ifrågavarande
1284 936 149 32 artiklar.

383 972 169 34 Utskottet
593 975 50 32 får
683 977 206 34 fördenskull
927 980 48 32 för
1010 982 136 40 frågans
1175 985 179 40 afgörande
1384 998 116 30 genom
1530 1001 190 29 gemensam
1751 1002 68 21 om-

232 1023 149 39 röstning
408 1023 122 34 föreslå
559 1025 145 42 följande
734 1031 395 42 voteringsproposition:

993 1152 59 31 3:0.

383 1228 103 41 "Den,
515 1240 69 22 som
615 1232 131 33 bifaller
774 1234 189 33 Utskottets
992 1237 37 31 af
1055 1238 116 33 Första
1192 1240 200 34 Kammaren
1410 1243 179 39 godkända
1606 1244 211 40 hemställan,

231 1281 49 27 att
321 1280 165 33 tullfrihet
527 1282 101 33 måtte
666 1285 182 39 medgifvas
877 1286 48 32 för
953 1287 192 34 becksöms-
1174 1292 60 31 och
1264 1302 23 22 s.
1318 1294 29 30 k.
1377 1293 164 40 sjöstöftar
1569 1295 169 32 äfvensom
1769 1297 49 32 för

231 1329 338 36 skomakarearbeten
601 1335 72 31 med
703 1335 135 33 bottnar
867 1337 34 32 af
925 1341 62 36 trä,
1016 1342 107 30 röstar

988 1440 60 37 Ja;

378 1533 83 39 Den,
490 1534 55 32 det
572 1536 26 38 ej
631 1536 63 39 vill,
717 1539 105 30 röstar

980 1609 76 40 Nej;

379 1700 123 34 Vinner
540 1703 70 40 Nej,
647 1705 60 31 har
734 1706 201 42 Riksdagen,
964 1710 9 30 i
1001 1711 146 40 enlighet
1177 1713 72 31 med
1278 1713 113 32 Andra
1421 1701 220 48 Kammarens
1671 1715 142 53 mening,

230 1749 145 34 beslutat
403 1752 234 35 bibehållande
667 1756 35 32 af
728 1760 195 32 nuvarande
953 1762 171 33 tullsatser
1153 1762 19 32 å
1200 1763 257 41 ifrågavarande
1487 1767 168 33 artiklar."

377 1820 54 32 Uti
473 1821 110 33 72:dra
623 1825 150 38 punkten
809 1827 84 33 hade
923 1829 170 33 Utskottet
1121 1830 179 42 föreslagit,
1329 1837 57 36 att,
1416 1834 73 31 med
1517 1835 236 34 bibehållande
1782 1838 34 31 af

227 1872 195 31 nuvarande
463 1873 60 30 tull
565 1873 19 32 å
618 1875 159 33 oarbetad
812 1879 110 41 tobak,
952 1890 72 22 men
1056 1882 71 31 med
1157 1883 141 40 ändring
1326 1884 36 31 af
1388 1885 293 34 bestämmelserna
1710 1888 103 40 angå-

226 1923 83 31 ende
338 1923 137 31 arbetad
504 1924 111 37 tobak,
644 1925 254 41 ifrågavarande
928 1932 115 31 rubrik
1073 1932 99 33 måtte
1201 1934 129 32 erhålla
1359 1935 145 41 följande
1532 1937 142 40 lydelse:

377 1973 149 33 Tobak:

422 2026 169 41 oarbetad,
621 2030 76 32 blad
726 2032 60 32 och
816 2034 97 39 stjelk
935 2059 5 6 .
973 2060 5 6 .
1008 2060 150 7 .....
1189 2038 18 34 1
1238 2036 105 42 skålp.
1373 2065 6 4 .
1410 2064 5 5 .
1445 2065 5 5 .
1480 2040 40 31 29
1547 2042 65 38 öre,

426 2077 154 34 arbetad:

475 2129 144 39 cigarrer
646 2133 60 31 och
736 2134 192 39 cigarretter
970 2162 5 6 .
1005 2163 6 5 .
1042 2163 113 7 ....
1188 2140 13 29 1
1233 2139 107 40 skålp.
1378 2166 6 5 .
1414 2166 40 6 ..
1486 2142 38 30 85
1552 2144 54 30 öre

474 2180 106 33 andra
608 2183 72 40 slag
728 2209 437 11 .............
1197 2191 14 30 1
1241 2189 107 42 skålp.
1379 2216 5 6 .
1415 2217 6 6 .
1451 2217 5 6 .
1485 2193 41 31 35
1553 2195 89 30 öre>.

376 2228 171 42 Härjemte
590 2233 83 33 hade
716 2234 169 36 Utskottet
926 2238 48 31 uti
1011 2239 103 38 73:dje
1143 2242 151 38 punkten
1324 2242 119 39 anfört,
1471 2243 172 42 kurusom,
1670 2244 49 32 för
1747 2246 63 31 den

225 2276 159 34 händelse
426 2281 187 35 Utskottets
654 2284 122 43 förslag
810 2297 51 22 om
891 2288 179 34 förändrad
1098 2291 125 40 lydelse
1253 2293 35 31 af
1314 2294 157 32 rubriken
1501 2295 115 32 Tobak
1644 2295 105 33 blefve
1779 2297 35 32 af

223 2328 188 41 Riksdagen
452 2334 181 42 godkändt,
662 2337 39 32 de
729 2338 9 30 i
767 2341 196 31 nuvarande
992 2342 142 32 tulltaxa
1164 2343 51 32 vid
1246 2344 128 39 Karott,
1405 2345 199 41 Negerhead
1633 2347 60 31 och
1723 2347 87 33 Snus
