1896 2784
455 162 389 30 Jordbruksutskottets
863 162 178 30 utlåtande
1059 172 42 20 nr
1120 163 14 28 1
1154 162 38 30 år
1212 163 83 29 1966
1561 164 59 29 119

495 243 38 33 b)
563 244 10 29 i
601 243 188 39 anledning
815 252 43 20 av
884 243 219 29 motionerna
1130 242 106 30 1:605
1264 242 65 29 och
1357 242 45 29 II:
1418 242 72 33 753,
1519 241 103 30 såvitt

450 297 11 29 i
481 296 111 40 övrigt
612 297 37 29 är
668 297 10 28 i
698 296 108 39 fråga,
826 296 10 29 i
857 296 165 30 skrivelse
1042 296 51 29 till
1113 296 125 39 Kungl.
1258 296 106 39 Maj:t
1384 304 75 20 som
1479 295 54 29 sin
1553 304 68 20 me-

452 350 84 39 ning
552 358 39 32 ge
607 350 52 29 till
675 350 119 30 känna
809 350 67 29 vad
893 350 170 29 utskottet
1079 350 12 29 i
1106 350 57 29 det
1180 349 208 39 föregående
1405 348 128 30 anfört.

182 491 117 35 129:0)
321 492 200 35 Stödfartyg
536 493 56 28 för
607 492 173 29 sillfisket.
798 492 13 29 I
829 492 148 37 enlighet
993 492 78 29 med
1087 491 122 37 Kungl.
1227 491 122 37 Maj:ts
1366 490 131 37 förslag
1513 490 109 30 under

135 544 158 39 punkten
313 546 19 29 J
357 545 37 30 12
421 546 43 33 (s.
486 545 81 35 252)
592 554 57 21 om
670 544 319 40 medelsanvisning
1009 545 80 30 med
1109 544 205 30 oförändrat
1338 544 94 30 1000
1452 544 53 29 kr.
1527 544 95 29 hem-

135 598 118 29 ställer
272 599 181 34 utskottet,

500 653 50 28 att
569 651 189 40 riksdagen
776 652 59 29 må
852 652 54 29 till
924 651 203 40 Stödfartyg
1145 651 56 40 för
1220 651 166 39 sillfisket
1406 651 55 29 för
1480 651 142 39 budget-

456 705 74 30 året
549 705 147 34 1966/67
713 705 122 30 anvisa
850 707 48 27 ett
913 705 358 39 reservationsanslag
1286 714 42 20 av
1347 705 14 28 1
1378 704 62 30 000
1457 705 52 29 kr.

183 846 117 33 130:0)
330 847 252 37 Isbrytarhjälp
606 848 34 29 åt
664 847 369 36 fiskarbefolkningen.
1059 847 78 29 Med
1160 846 248 40 tillstyrkande
1432 855 42 21 av
1498 846 125 39 Kungl.

136 900 123 39 Maj:ts
280 900 132 40 förslag
431 900 112 30 under
561 900 159 40 punkten
739 901 19 30 J
782 900 38 30 13
847 901 42 34 (s.
910 901 80 34 252)
1015 909 58 21 om
1093 900 320 39 medelsanvisning
1433 900 80 29 med
1532 899 92 30 oför-

136 953 125 30 ändrat
280 953 41 30 20
337 953 62 31 000
418 954 52 30 kr.
489 953 204 30 hemställer
711 954 182 34 utskottet,

501 1009 51 28 att
571 1007 189 40 riksdagen
779 1007 58 30 må
856 1007 54 30 till
928 1006 257 40 Isbrytarhjälp
1205 1007 35 29 åt
1260 1006 363 40 fiskarbefolkningen

457 1059 55 30 för
533 1060 204 39 budgetåret
762 1060 148 36 1966/67
933 1060 122 31 anvisa
1075 1062 49 28 ett
1146 1060 274 40 förslagsanslag
1441 1070 43 20 av
1506 1060 41 30 20
1562 1060 61 30 000

457 1113 52 30 kr.

184 1256 118 34 131:0)
331 1257 214 35 Gottgörelse
564 1257 54 29 till
637 1257 293 36 fiskerinäringen
949 1257 56 30 för
1025 1266 43 22 av
1089 1257 78 30 dess
1188 1258 142 28 utövare
1350 1256 117 36 erlagd
1489 1257 136 29 bensin-

137 1309 101 30 skatt.
256 1309 119 30 Under
392 1309 160 39 punkten
569 1310 20 30 J
611 1310 38 29 14
674 1309 42 34 (s.
736 1309 191 35 252—253)
951 1310 64 30 har
1034 1309 126 40 Kungl.
1179 1310 107 39 Maj:t
1305 1309 180 40 föreslagit
1504 1318 44 21 en
1566 1318 59 21 an-

139 1362 244 40 slagshöjning
406 1363 80 30 med
512 1363 64 30 240
591 1362 61 31 000
679 1363 52 30 kr.
757 1363 55 30 till
840 1363 94 30 1150
948 1363 62 30 000
1037 1363 53 30 kr.
1116 1363 52 29 Av
1192 1362 331 40 anslagsökningen,
1550 1371 75 21 som

138 1415 180 30 föranleds
333 1425 43 21 av
389 1418 51 28 att
455 1416 267 30 bensinskatten
737 1416 69 30 den
824 1417 14 28 1
855 1416 68 40 juli
941 1416 81 30 1965
1039 1416 96 40 höjts
1152 1417 79 29 med
1248 1416 18 29 5
1283 1416 60 29 öre
1358 1425 61 30 per
1435 1416 89 34 liter,
1540 1416 86 29 hän-

138 1468 54 30 för
212 1468 53 40 sig
288 1468 61 30 120
362 1468 62 31 000
444 1469 52 30 kr.
517 1469 55 30 till
591 1469 103 30 nästa
712 1468 182 40 budgetår,
914 1468 127 30 medan
1065 1469 60 30 120
1140 1469 62 30 000
1223 1469 53 30 kr.
1298 1478 100 20 avser
1419 1470 206 38 gottgörelse

139 1521 53 30 för
209 1522 238 30 innevarande
463 1522 180 39 budgetår.

184 1610 175 30 Utskottet
376 1610 154 30 biträder
548 1611 125 39 Kungl.
691 1611 126 40 Maj:ts
834 1611 132 40 förslag
982 1611 66 30 och
1063 1611 214 34 hemställer,

503 1666 51 28 att
576 1664 189 39 riksdagen
786 1665 59 29 må
866 1665 54 29 till
942 1664 213 40 Gottgörelse
1179 1664 52 30 till
1252 1664 296 40 fiskerinäringen
1571 1665 55 39 för

456 1726 43 21 av
522 1717 79 30 dess
626 1718 142 29 utövare
793 1718 119 39 erlagd
936 1718 219 30 bensinskatt
1180 1719 56 29 för
1259 1718 201 38 budgetåret
1486 1719 139 35 1966/67

459 1772 122 29 anvisa
594 1773 47 27 ett
655 1772 120 36 anslag
789 1781 42 20 av
848 1772 14 29 1
880 1771 56 30 150
950 1771 59 30 000
1024 1773 51 28 kr.
1090 1774 47 27 att
1152 1773 172 28 avräknas
1338 1774 72 28 mot
1424 1772 203 30 automobil-

460 1824 264 31 skattemedlen.

187 1964 117 34 132:0)
335 1965 199 37 Ersättning
550 1966 54 29 till
620 1966 224 36 strandägare
862 1967 56 29 för
936 1967 124 29 mistad
1078 1966 160 29 fiskerätt
1256 1976 43 19 m.
1318 1975 43 20 m.
1380 1965 117 30 Under
1515 1966 113 39 punk-

140 2019 57 27 ten
213 2018 19 30 J
255 2018 37 29 15
317 2018 42 33 (s.
379 2018 79 35 253)
481 2019 64 29 har
565 2018 124 40 Kungl.
707 2019 107 39 Maj:t
833 2019 79 29 med
929 2019 138 39 hänsyn
1084 2019 53 29 till
1156 2019 384 39 anslagsbelastningen
1559 2019 68 30 för-

139 2070 111 34 ordat,
271 2072 50 29 att
342 2071 363 38 medelsanvisningen
725 2072 190 38 begränsas
935 2072 52 29 till
1009 2072 18 29 2
1043 2072 62 29 000
1120 2072 61 29 000
1203 2072 52 30 kr.
1277 2072 83 29 eller
1384 2073 14 28 1
1415 2072 62 30 000
1492 2072 62 30 000
1575 2073 51 29 kr.

141 2123 135 30 mindre
297 2124 44 29 än
362 2125 53 29 för
435 2124 236 30 innevarande
691 2125 179 38 budgetår.
899 2125 5 29 I
925 2125 170 29 samband
1115 2125 145 30 därmed
1280 2126 64 29 har
1364 2126 162 33 anmälts,
1547 2128 50 27 att
1618 2126 10 28 i

141 2176 208 38 föregående
369 2177 56 30 års
446 2177 412 39 statsverksproposition
878 2178 202 30 redovisade
1100 2178 114 30 beslut
1234 2188 59 20 om
1312 2178 138 39 partiell
1469 2179 159 39 tjänstle-

141 2229 116 39 dighet
285 2230 55 29 för
367 2230 394 30 fiskeriintendenterna
787 2231 11 29 i
825 2230 88 30 Övre
939 2240 105 20 norra
1070 2231 177 29 distriktet
1274 2232 66 28 och
1367 2232 11 28 i
1405 2231 222 30 Österhavets

140 2281 143 30 distrikt
302 2281 79 30 från
400 2282 228 38 utredningar
646 2283 65 29 och
728 2283 189 38 yttranden
935 2284 11 28 i
964 2284 154 29 ärenden
1136 2293 57 20 om
1213 2284 195 38 ersättning
1427 2284 54 29 för
1500 2284 128 29 mistad

143 2334 161 29 fiskerätt
320 2345 45 19 m.
382 2345 44 19 m.
443 2335 171 39 förlängts
630 2337 50 28 att
696 2336 90 38 gälla
801 2338 23 27 t.
841 2345 29 20 o.
887 2345 44 20 m.
948 2336 67 29 den
1030 2336 41 29 30
1086 2336 80 40 juni
1185 2336 82 30 1966
1283 2337 80 29 med
1379 2336 108 30 delvis
1504 2337 124 29 ändrat

143 2386 163 30 innehåll.

187 2475 185 36 Utskottet,
393 2485 74 20 som
487 2476 29 39 ej
541 2476 117 30 funnit
677 2476 190 40 anledning
886 2477 51 29 till
957 2477 140 30 erinran
1118 2479 71 28 mot
1209 2478 66 29 vad
1297 2478 124 38 Kungl.
1442 2479 105 39 Maj:t
1570 2487 59 20 un-

142 2529 59 28 der
216 2529 116 29 denna
349 2529 110 38 punkt
476 2529 129 34 anfört,
621 2529 212 35 hemställer,
