1898 2786
416 142 388 30 Jordbruksutskottets
830 140 178 29 utlåtande
1033 148 41 20 nr
1101 139 13 28 1
1141 138 39 29 år
1207 138 82 28 1966
1558 138 40 28 99

110 225 186 39 tillämpas.
318 223 205 30 Kartverket
542 222 104 38 avsåg
665 220 122 30 därvid
806 220 44 29 bl.
870 229 29 20 a.
919 219 228 39 möjligheten
1167 227 41 20 av
1228 217 177 29 bristande
1426 215 173 39 kapacitet

116 268 351 39 (leveransförmåga)
491 267 62 29 hos
573 266 93 33 SRA,
685 275 49 20 ev.
754 264 285 40 uppkommande
1058 263 110 28 större
1187 261 266 40 prisskillnader
1472 260 126 29 mellan

112 314 81 30 SRA
208 314 65 29 och
287 313 110 29 andra
411 312 134 38 företag
559 312 91 28 samt
663 311 94 28 vissa
771 307 397 40 lokaliseringsmässiga
1183 307 87 28 skäl.

155 360 130 29 Genom
316 358 81 29 brev
426 357 66 29 den
525 355 192 30 14.12.1962
747 354 185 29 utfärdade
963 352 126 39 Kungl.
1119 351 106 39 Maj:t
1255 350 109 39 regler
1394 349 55 29 för
1478 349 122 38 förlag,

112 403 194 40 tryckning,
336 401 224 30 distribution
588 400 65 29 och
682 399 212 39 försäljning
922 407 41 20 av
992 397 40 29 de
1062 396 167 29 officiella
1257 396 167 28 kartorna
1452 412 43 2 —
1524 393 76 29 med

112 449 178 38 undantag
314 457 41 20 av
377 446 282 39 krigstryckning
682 454 42 19 av
746 444 120 29 kartor
887 462 44 2 —
953 441 151 30 avsedda
1127 443 49 27 att
1199 440 232 38 komplettera
1453 438 148 29 beslutet

113 494 65 28 den
199 492 183 30 30.6.1961.
403 491 12 29 I
435 491 117 29 brevet
570 490 67 29 den
660 488 203 34 14.12.1962,
884 496 75 20 som
978 487 45 28 bl.
1043 496 29 19 a.
1092 485 192 30 innefattar
1305 483 220 30 föreskrifter
1545 492 56 20 om

113 537 214 40 uppdelning
349 546 42 20 av
412 535 208 30 hithörande
644 533 177 40 uppgifter
844 533 128 28 mellan
994 531 201 29 kartverket
1218 529 65 30 och
1307 529 92 33 SRA,
1424 528 178 29 föreskrev

114 582 124 39 Kungl.
254 582 116 38 Maj:t,
386 580 77 30 med
478 579 156 40 giltighet
648 578 43 29 fr.
707 587 29 20 o.
752 587 45 20 m.
812 578 66 29 den
896 576 148 30 1.1.1963
1059 576 70 28 tills
1144 575 128 33 vidare,
1288 574 43 28 bl.
1347 583 45 19 a.:

159 629 71 27 »att
254 626 135 39 bolaget
414 627 137 27 ensamt
576 624 88 29 skall
690 625 64 37 äga
779 623 69 28 rätt
873 623 49 27 att
948 620 79 30 med
1052 619 225 40 utnyttjande
1304 627 41 20 av
1370 618 41 29 de
1437 617 166 29 officiella

114 673 167 28 kartorna
303 671 66 28 och
392 668 310 41 grundmaterialet
724 667 51 29 till
799 667 80 29 dem
902 665 206 33 framställa,
1132 664 121 38 trycka
1276 663 65 29 och
1365 662 146 38 försälja
1535 661 68 29 för-

114 715 246 40 lagssärtryck,
380 713 174 39 tillfälliga
574 712 159 39 särtryck
754 713 90 28 samt
864 711 119 29 kartor
1004 709 82 29 eller
1107 708 159 39 särtryck
1286 707 78 29 med
1385 706 141 30 särskilt
1546 705 58 39 på-

117 761 106 39 tryck,
247 760 89 29 dock
358 761 50 28 att
429 758 200 29 kartverket
650 757 88 29 efter
760 756 153 38 bolagets
935 754 156 29 hörande
1113 754 70 28 kan
1205 752 161 29 meddela
1387 753 106 27 annat
1516 750 88 29 före-

115 808 57 36 tag
195 804 157 30 tillstånd
376 805 50 28 att
450 805 72 27 mot
545 812 42 20 av
609 801 201 30 kartverket
834 799 176 30 fastställd
1035 797 193 39 ersättning
1252 796 206 34 framställa,
1484 795 120 39 trycka

116 851 63 29 och
203 849 148 39 försälja
374 848 130 29 sådana
528 847 157 39 särtryck
709 846 65 29 och
796 846 119 28 kartor
938 844 65 29 när
1026 842 174 30 särskilda
1223 842 76 29 skäl
1322 841 117 29 därtill
1463 841 69 31 äro,
1555 841 51 28 att

116 895 200 30 kartverket
336 893 65 30 och
422 893 135 38 bolaget
576 891 57 29 vid
655 890 213 38 behandling
888 898 41 20 av
951 888 117 38 frågor
1089 887 149 29 rörande
1260 885 260 38 framställning
1541 884 64 29 och

116 939 230 40 prissättning
365 938 19 29 å
404 937 174 38 tillfälliga
597 935 160 39 särtryck
776 936 91 27 samt
886 933 158 39 särtryck
1064 932 66 29 och
1148 932 121 28 kartor
1288 930 79 29 med
1388 929 141 30 särskilt
1549 928 56 40 på-

117 984 99 39 tryck
233 983 99 29 skola
350 983 10 29 i
377 981 207 39 tillämpliga
600 980 95 30 delar
713 980 155 38 iakttaga
885 978 66 29 vad
971 977 82 29 1956
1071 976 57 30 års
1145 975 143 39 riksdag
1311 974 113 39 (prop.
1446 973 70 34 148,
1534 973 71 29 L'U

118 1028 55 35 38;
194 1028 90 29 rskr.
305 1027 80 34 402)
410 1026 126 29 uttalat
556 1026 11 28 i
587 1025 149 28 ämnet>.

161 1073 126 30 Vidare
309 1071 211 30 förordnade
542 1069 124 39 Kungl.
689 1069 116 38 Maj:t,
827 1069 49 28 att
897 1067 146 38 bolaget,
1066 1066 115 29 såsom
1204 1064 194 39 ersättning
1419 1063 54 29 för
1494 1064 113 28 rätten

118 1119 49 28 alt
193 1116 211 31 distribuera
430 1115 65 29 och
522 1114 147 39 försälja
695 1112 169 30 officiella
889 1112 120 29 kartor
1037 1112 90 27 samt
1154 1109 54 29 för
1235 1110 114 28 rätten
1376 1110 51 27 att
1453 1107 154 39 utnyttja

118 1163 101 29 dessa
242 1162 122 29 kartor
388 1160 65 29 och
478 1158 310 40 grundmaterialet
813 1157 51 29 till
890 1156 80 29 dem
995 1155 54 29 för
1074 1156 50 28 att
1149 1153 198 30 framställa
1372 1152 65 30 och
1462 1152 146 39 försälja

119 1205 293 41 förlagssärtryck
431 1214 45 19 m.
496 1213 45 19 m.
562 1203 131 39 årligen
712 1203 12 30 i
745 1201 184 30 efterskott
949 1200 89 30 skall
1059 1199 52 29 till
1130 1198 201 30 kartverket
1351 1197 190 37 inleverera
1561 1198 48 27 ett

118 1252 134 38 belopp,
276 1259 75 20 som
375 1250 194 29 motsvarar
591 1245 445 42 tryckningskostnaderna
1059 1244 54 29 för
1136 1243 111 30 under
1270 1242 74 30 året
1367 1241 154 30 försålda
1544 1240 64 30 och

119 1306 40 20 av
181 1304 118 21 annan
319 1294 189 38 anledning
529 1293 78 29 från
628 1293 154 38 bolagets
803 1291 93 38 lager
917 1289 145 30 avförda
1083 1288 168 29 officiella
1271 1288 121 28 kartor
1412 1286 197 29 beräknade

120 1341 88 29 efter
224 1340 112 29 under
354 1339 73 29 året
444 1338 159 39 gällande
621 1335 282 41 genomsnittliga
921 1334 132 30 sådana
1070 1333 190 29 kostnader
1278 1332 54 29 för
1350 1331 92 29 olika
1460 1330 150 30 kartedi-

120 1386 121 28 tioner.

164 1428 238 39 Utredningen
419 1436 58 20 om
494 1426 188 29 försvarets
700 1423 309 40 kartförsörjning,
1027 1422 118 29 vilken
1162 1421 162 29 tillsattes
1342 1420 66 29 den
1427 1419 182 32 30.6.1961,

121 1473 205 31 avlämnade
350 1473 68 28 den
441 1470 173 30 25.6.1963
639 1470 60 29 sitt
725 1467 245 31 >»Betänkande
995 1467 79 28 med
1099 1466 131 38 förslag
1253 1464 178 39 angående
1457 1463 153 30 samord-

121 1517 128 38 ningen
272 1518 12 28 i
306 1515 147 30 fredstid
476 1524 43 21 av
540 1515 67 29 den
629 1513 102 30 civila
752 1513 66 29 och
841 1512 66 29 den
930 1511 154 30 militära
1106 1508 365 39 kartförsörjningen>
1502 1508 107 30 (sten-

122 1563 75 32 cil).
219 1561 238 38 Utredningen
479 1559 151 39 föreslog
650 1558 44 29 bl.
717 1567 29 20 a.
769 1557 94 29 vilka
884 1557 120 28 kartor
1027 1564 74 20 som
1124 1555 112 29 skulle
1259 1554 174 38 förläggas
1456 1562 41 20 av
1519 1553 93 28 kart-

121 1608 118 29 verket
268 1606 218 34 (>allmänna
508 1603 174 33 kartor»),
707 1610 200 31 gemensam
930 1600 186 40 tryckning
1139 1608 41 20 av
1203 1599 119 29 kartor
1347 1597 54 29 för
1424 1597 100 29 civila
1547 1596 65 29 och

123 1652 152 29 militära
299 1650 120 33 behov,
445 1648 248 30 centraliserad
719 1646 225 30 distribution
970 1654 42 20 av
1037 1644 100 29 dessa
1161 1643 121 30 kartor
1308 1644 89 28 samt
1423 1643 47 28 ett
1495 1641 117 29 enhet-

123 1697 61 38 ligt
202 1696 216 39 prissystem.
439 1694 97 28 Efter
556 1693 200 38 tillstyrkan
777 1700 42 20 av
837 1691 44 29 bl.
901 1700 29 20 a.
952 1689 82 30 SRA
1055 1689 64 29 och
1139 1688 200 29 kartverket
1359 1686 178 30 anmäldes
1558 1686 54 28 be-

123 1740 193 31 tänkandet
342 1741 10 28 i
382 1737 82 31 1964
491 1738 56 29 års
575 1735 421 39 statsverksproposition,
1025 1734 44 28 IX
1095 1733 49 33 ht,
1172 1733 111 28 under
1311 1732 156 38 anslaget
1495 1731 117 29 Rikets

123 1786 178 29 allmänna
320 1783 180 30 kartverk:
523 1782 221 37 Avlöningar,
765 1780 78 29 med
864 1779 211 29 förordande
1095 1787 41 20 av
1155 1779 48 27 ett
1223 1776 166 39 enhetligt
1410 1777 128 37 system
1559 1774 54 29 för

124 1830 76 29 civil
223 1829 65 29 och
309 1828 130 29 militär
459 1825 299 39 kartförsörjning
778 1826 11 28 i
811 1824 147 29 fredstid
979 1824 10 28 i
1011 1822 236 38 huvudsaklig
1267 1820 346 30 överensstämmelse

125 1874 78 29 med
218 1873 250 38 utredningens
483 1871 141 38 förslag.

170 1919 11 27 I
199 1918 114 29 beslut
331 1917 66 28 den
416 1914 173 31 29.6.1964
608 1914 77 29 med
704 1912 188 38 anledning
910 1921 42 20 av
969 1911 205 38 riksdagens
1193 1909 255 39 godkännande
1467 1918 41 19 av
1527 1908 87 28 före-

126 1962 152 30 nämnda
307 1961 130 38 förslag
464 1959 178 29 föreskrev
670 1957 125 39 Kungl.
823 1957 105 38 Maj:t
954 1956 44 28 bl.
1026 1964 29 20 a.
1083 1956 50 27 att
1161 1953 160 39 samtliga
1349 1953 40 29 de
1417 1952 197 31 kartserier,

126 2016 75 20 som
225 2006 112 29 skulle
362 2005 174 38 förläggas
560 2012 41 20 av
624 2002 201 30 kartverket
849 2001 63 29 och
937 2009 76 20 som
1036 1998 187 30 bedömdes
1248 1997 35 30 få
1307 1997 158 38 varaktig
1489 1997 126 28 avsätt-

127 2052 82 37 ning
228 2051 44 39 på
293 2049 227 33 marknaden,
542 2048 111 29 skulle
673 2047 192 29 benämnas
885 2045 179 29 allmänna
1084 2042 198 31 kartserier.
1304 2041 125 30 Vidare
1450 2041 166 29 anbefall-

127 2097 59 28 des
207 2095 201 29 kartverket
428 2095 49 27 att
497 2112 43 2 —
561 2092 76 29 med
660 2091 194 29 beaktande
875 2099 42 20 av
936 2089 65 29 vad
1025 2088 8 29 i
1056 2089 116 28 ämnet
1193 2087 136 29 anförts
1351 2087 9 28 i
1382 2085 234 30 betänkandet

126 2140 64 29 och
218 2140 146 29 däröver
391 2138 145 38 avgivna
565 2135 312 39 remissyttranden
904 2152 43 2 —
974 2134 8 28 i
1012 2132 140 29 samråd
1180 2131 78 29 med
1287 2130 328 30 överbefälhavaren

127 2185 62 28 och
215 2184 82 29 SRA
320 2183 51 29 till
396 2182 124 37 Kungl.
544 2181 105 38 Maj:t
672 2180 180 28 inkomma
876 2178 77 29 med
978 2177 130 38 förslag
1131 2176 148 29 rörande
1302 2175 92 28 vilka
1419 2174 196 32 kartserier,

128 2238 73 19 som
220 2227 112 30 skulle
349 2236 83 19 vara
449 2226 187 28 allmänna.
655 2224 57 29 Ett
730 2224 123 28 sådant
871 2232 41 19 av
928 2221 201 29 kartverket
1147 2220 172 28 utarbetat
1340 2219 129 36 förslag
1488 2219 36 27 är
1543 2218 22 28 f.
1585 2227 31 18 n.

130 2273 39 38 på
186 2270 285 31 samrådsremiss
486 2270 63 27 hos
564 2268 328 29 överbefälhavaren
909 2266 63 28 och
989 2265 92 28 SRA.

175 2361 8 27 I
211 2369 44 19 nu
281 2359 147 37 angivna
455 2356 226 37 utredningar
705 2355 64 28 och
793 2355 109 28 beslut
929 2352 169 30 avseende
1122 2350 342 39 karlförsörjningen
1491 2351 36 27 är
1551 2349 67 32 det,

129 2414 101 28 anför
254 2412 196 29 kartverket
474 2410 163 32 härefter,
660 2409 107 36 enligt
788 2408 136 28 verkets
949 2405 225 39 uppfattning
1198 2403 147 29 framför
1368 2404 58 28 allt
1451 2403 90 28 vissa
1564 2403 54 28 vä-

130 2467 145 37 sentliga
296 2465 125 36 frågor,
441 2473 72 19 som
535 2464 67 27 inte
623 2463 5 28 i
649 2462 205 36 erforderlig
873 2461 80 36 grad
975 2459 93 28 blivit
1090 2459 142 37 belysta.
1253 2457 104 28 Dessa
1380 2456 115 36 frågor
1514 2456 105 36 gäller
