1900 2782
424 186 122 29 Första
567 184 244 36 lagutskottets
834 182 179 30 utlåtande
1034 190 41 20 nr
1095 180 25 28 B
1134 181 19 27 9
1174 179 39 30 år
1236 179 82 29 1958
1598 175 10 28 1

789 447 164 41 Nr
879 443 29 56 B
925 443 32 56 9

313 554 184 30 Utlåtande
522 553 10 29 i
556 552 187 35 anledning
768 560 40 21 av
834 550 101 30 väckt
960 548 133 30 motion
1118 556 56 21 om
1200 547 112 29 bättre
1337 544 113 37 skydd
1473 544 58 36 för
1555 543 63 29 den

488 607 156 30 enskilde
666 607 72 28 mot
762 604 222 38 offentlighet
1009 612 41 21 av
1074 600 149 36 menliga
1248 599 177 37 uppgifter
1449 598 10 29 i
1480 604 140 30 person-

488 659 262 36 undersökning
772 659 11 29 i
804 657 175 32 brottmål.

179 772 123 29 Första
320 770 228 37 lagutskottet
563 769 64 29 har
644 768 52 29 till
714 766 212 36 behandling
944 763 153 31 förehaft
1116 772 41 20 en
1175 763 95 28 inom
1289 761 111 28 första
1418 759 203 29 kammaren

136 826 112 35 väckt,
269 826 53 28 till
344 824 192 37 lagutskott
555 822 170 30 hänvisad
747 820 143 35 motion,
911 828 42 20 nr
974 818 26 29 B
1016 817 72 35 188,
1110 827 40 19 av
1171 816 81 29 herr
1272 814 155 37 Hanson,
1448 810 173 37 Per-Olof.

137 880 12 28 I
177 880 179 29 motionen
383 877 211 35 hemställes,
622 877 50 28 att
700 875 186 35 riksdagen
914 873 10 29 i
953 871 168 31 skrivelse
1147 870 52 29 till
1228 867 126 37 Kungl.
1383 866 105 37 Maj:t
1516 864 107 30 måtte

137 933 128 30 föreslå
290 932 205 38 lagändring
518 930 162 37 syftande
703 929 52 29 till
779 928 113 29 bättre
916 926 112 37 skydd
1053 925 54 29 för
1131 925 65 28 den
1220 921 157 31 enskilde
1401 921 72 28 mot
1496 918 127 30 offent-

138 988 104 36 lighet
262 996 41 20 av
322 985 150 37 menliga
490 984 176 37 uppgifter
683 983 11 29 i
713 978 392 41 personundersökning
1125 978 10 29 i
1154 971 176 46 brottmål.

182 1040 227 30 Beträffande
430 1038 250 36 motiveringen
703 1036 54 29 för
780 1035 112 29 denna
914 1032 210 30 hemställan
1147 1030 168 36 åberopas
1337 1037 41 20 en
1402 1027 109 29 under
1533 1025 90 29 årets

139 1096 94 29 förra
252 1094 141 36 riksdag
411 1093 93 29 inom
524 1092 108 29 andra
650 1090 204 29 kammaren
873 1087 103 30 väckt
994 1085 142 35 motion,
1155 1093 41 20 nr
1215 1082 74 36 350,
1308 1091 41 21 av
1367 1082 80 29 herr
1464 1079 160 30 Eliasson

138 1150 10 28 i
171 1148 202 30 Stockholm
396 1147 77 29 med
496 1145 182 31 enahanda
700 1142 221 34 hemställan,
944 1140 117 29 vilken
1084 1138 132 29 motion
1239 1136 77 29 icke
1337 1135 95 29 hann
1455 1133 169 37 upptagas

139 1203 52 30 till
217 1202 118 37 slutlig
359 1200 211 36 behandling
596 1208 40 20 av
662 1198 185 35 riksdagen
873 1195 75 29 före
973 1194 78 29 dess
1077 1190 221 38 upplösning.
1324 1188 177 30 Utskottet
1525 1185 65 35 får,
1616 1185 9 28 i

140 1258 64 28 den
225 1256 82 30 mån
328 1255 75 30 icke
422 1254 113 29 nedan
557 1253 134 29 lämnas
714 1249 216 37 redogörelse
950 1247 55 29 för
1026 1245 262 35 motiveringen,
1309 1242 145 29 hänvisa
1475 1241 52 28 till
1550 1239 75 29 sist-

140 1311 154 29 nämnda
313 1309 143 29 motion.

672 1386 159 32 Gällande
845 1383 249 33 bestämmelser

186 1462 116 36 Enligt
331 1462 13 28 1
376 1460 14 34 8
420 1460 98 35 lagen
545 1459 65 29 den
639 1458 38 28 18
704 1456 79 37 juni
812 1456 82 28 1954
922 1463 56 20 om
1005 1447 392 42 personundersökning
1427 1447 9 28 i
1463 1443 164 32 brottmål

141 1516 66 36 må,
228 1517 61 28 där
310 1516 56 29 det
385 1515 125 35 prövas
531 1511 229 36 erforderligt,
781 1505 391 41 personundersökning
1194 1504 63 35 äga
1280 1510 77 20 rum
1379 1500 53 29 för
1453 1497 175 31 vinnande

141 1580 41 19 av
204 1568 188 37 utredning
414 1566 147 30 rörande
585 1566 64 29 den
672 1562 228 31 misstänktes
923 1559 197 38 personliga
1143 1555 245 31 förhållanden
1413 1554 91 29 samt
1526 1549 102 38 angå-

142 1625 86 29 ende
251 1624 41 29 de
315 1622 160 37 åtgärder
499 1629 73 20 som
596 1618 57 30 må
676 1626 101 21 anses
802 1615 199 37 lämpligast
1025 1613 55 28 för
1103 1612 88 29 hans
1216 1608 171 31 rättande.
1412 1607 13 28 I
1449 1606 92 29 vissa
1566 1603 61 30 fall

143 1678 87 29 skall
256 1676 107 37 enligt
386 1674 189 37 stadgande
598 1674 10 29 i
631 1672 18 29 2
678 1671 13 34 8
719 1670 94 37 dylik
838 1666 262 36 undersökning
1125 1665 69 30 ske.
1219 1663 66 30 Om
1310 1657 318 42 personundersök-

143 1732 82 35 ning
252 1730 185 30 förordnar
464 1727 204 34 domstolen,
695 1725 38 29 så
760 1724 96 29 snart
883 1723 56 29 det
965 1721 115 29 finnes
1108 1717 186 37 lämpligen
1321 1716 120 28 kunna
1469 1712 69 35 ske,
1565 1710 62 30 och

143 1786 94 28 utser
262 1784 50 29 till
338 1780 366 40 personundersökare
729 1777 142 36 lämplig
895 1775 65 29 och
984 1773 95 36 villig
1103 1779 137 29 person.
1265 1768 87 30 Över
1378 1765 251 39 personunder-

144 1839 193 35 sökningen
359 1836 88 30 skall
469 1834 138 37 avgivas
630 1831 153 36 skriftlig
805 1828 184 31 berättelse
1010 1827 52 29 till
1085 1824 205 30 domstolen.

188 1892 12 28 I
223 1892 18 28 2
265 1891 79 36 kap.
370 1890 13 28 1
412 1888 13 33 $
452 1882 479 42 tryckfrihetsförordningen
956 1880 150 35 stadgas,
1131 1879 49 28 att
1203 1876 97 36 varje
1325 1874 124 30 svensk
1475 1872 154 29 medbor-

143 1953 81 29 gare
243 1945 88 29 skall
351 1944 64 35 äga
434 1942 44 29 fri
500 1940 142 37 tillgång
661 1939 52 28 till
734 1937 177 30 allmänna
931 1933 220 35 handlingar,
1172 1939 73 21 som
1267 1929 158 28 förvaras
1445 1926 63 29 hos
1530 1925 100 29 stats-

144 1999 81 30 eller
245 1994 420 37 kommunalmyndighet.
686 1992 13 29 I
720 1992 112 29 denna
854 1990 67 28 rätt
941 1987 56 29 må
1017 1986 90 36 gälla
1128 1984 146 30 allenast
1296 1981 129 29 sådana
1447 1977 183 31 inskränk-

145 2053 122 35 ningar
291 2060 74 20 som
388 2049 157 37 påkallas
569 2047 162 35 antingen
757 2054 40 19 av
820 2044 136 33 hänsyn
981 2040 51 29 till
1058 2039 105 28 rikets
1189 2036 161 30 säkerhet
1374 2034 62 29 och
1462 2033 76 28 dess
1563 2032 68 28 för-

144 2105 163 30 hållande
329 2104 50 29 till
402 2101 218 30 främmande
642 2099 97 29 makt
761 2097 82 29 eller
866 2097 8 28 i
897 2093 186 35 anledning
1106 2101 39 19 av
1168 2088 221 38 myndighets
1410 2084 222 32 verksamhet

147 2160 52 28 för
216 2157 210 37 inspektion,
443 2154 150 30 kontroll
612 2152 63 30 och
694 2159 115 22 annan
827 2149 118 35 tillsyn
964 2147 81 29 eller
1064 2146 52 27 för
1135 2144 110 29 brotts
1264 2139 286 31 förekommande
1567 2137 62 29 och

145 2212 184 29 beivrande
355 2210 81 29 eller
460 2208 49 29 till
537 2206 110 36 skydd
672 2205 54 28 för
752 2204 142 30 statens,
921 2199 230 35 menigheters
1176 2196 64 28 och
1267 2194 176 29 enskildas
1470 2190 161 35 behöriga

146 2264 227 30 ekonomiska
395 2263 144 28 intresse
561 2260 80 29 eller
662 2268 41 19 av
722 2258 136 33 hänsyn
881 2254 50 28 till
952 2251 215 37 privatlivets
1190 2248 111 36 helgd,
1322 2245 174 38 personlig
1518 2243 114 29 säker-

145 2319 68 33 het,
232 2315 246 36 anständighet
498 2314 62 27 och
581 2310 177 36 sedlighet.
779 2309 10 27 I
812 2306 149 30 särskild
982 2314 40 19 av
1043 2303 191 34 Konungen
1255 2300 63 28 och
1340 2299 184 34 riksdagen
1545 2304 87 20 sam-

148 2373 75 28 fällt
248 2370 121 29 stiftad
394 2369 53 34 lag
471 2366 86 29 skall
583 2371 86 29 noga
694 2362 142 36 angivas
861 2361 39 27 de
925 2358 73 32 fall,
1024 2357 41 28 då
1090 2355 104 35 enligt
1220 2351 237 38 nyssnämnda
1482 2349 150 36 grunder

148 2425 176 30 allmänna
348 2421 207 34 handlingar
579 2417 87 29 skall
690 2415 112 29 hållas
825 2411 160 36 hemliga.

152 2489 8 21 I
186 2486 108 27 Bihang
315 2484 45 24 till
382 2482 165 27 riksdagens
569 2477 145 30 protokoll
737 2475 73 25 1958,
831 2475 14 22 9
866 2472 82 24 saml.
973 2472 8 22 1
1005 2470 62 24 avd.
1088 2470 38 23 Nr
1147 2469 45 22 B9
