1880 2832
277 166 39 31 10
750 167 228 29 Statsutskottets
1002 167 147 28 utlåtande
1171 167 47 28 Nr
1243 167 62 28 173

278 243 106 40 tjänst
405 246 86 28 samt
511 243 170 41 sjukvård.
718 243 63 31 Vid
802 243 240 41 redogörelsen
1065 243 52 31 för
1138 242 348 41 luftskyddstjänsten
1508 240 119 41 skiljes
1649 240 123 31 mellan

279 293 165 40 åtgärder,
464 305 71 19 som
554 305 79 19 avse
652 295 47 29 ett
719 292 163 32 samhälle
901 294 11 30 i
931 293 78 31 dess
1029 293 115 31 helhet
1168 292 173 41 (»allmänt
1360 291 226 41 luftskydd»),
1607 290 165 42 åtgärder,

276 355 73 19 som
369 355 77 19 avse
467 344 90 30 vissa
579 345 107 30 större
707 344 132 41 företag
864 343 395 41 (»industriluftskydd»)
1286 344 86 30 samt
1394 342 115 41 övriga
1529 341 244 41 luftskyddsåt-

278 395 130 40 gärder,
435 395 11 30 i
473 395 140 31 främsta
640 397 142 29 rummet
810 395 166 31 avseende
1004 395 151 31 bostads-
1183 395 62 31 och
1273 394 309 40 affärsfastigheter
1615 392 159 41 (»enskilt

280 445 224 40 luftskydd>).

329 494 68 32 Vid
413 495 240 41 redogörelsen
670 496 52 31 för
738 495 41 32 de
797 495 90 32 olika
903 495 399 41 luftskyddsåtgärderna
1317 495 61 31 har
1394 494 227 41 utredningen
1637 493 138 41 angivit,

277 545 10 30 i
306 545 65 31 vad
389 547 76 29 mån
483 545 101 32 dessa
601 545 106 32 borde
724 545 134 32 komma
875 545 54 32 till
947 545 180 32 utförande
1144 545 104 32 redan
1268 545 11 31 i
1299 545 155 32 fredstid.
1483 545 69 30 För
1570 543 207 32 civilbefolk-

276 594 145 42 ningens
445 595 202 41 alarmering
668 595 143 32 krävdes
832 595 105 32 bland
960 598 102 29 annat
1084 595 130 32 sirener
1235 595 63 32 och
1321 595 11 31 i
1355 606 42 20 en
1419 594 55 32 del
1498 596 90 30 orter
1610 593 167 32 särskilda

277 645 54 31 till
345 646 224 31 telefonnätet
584 646 173 31 anknutna
771 645 300 42 signalapparater,
1087 657 25 20 s.
1129 646 29 31 k.
1176 644 397 42 alarmeringscentraler.
1599 644 53 31 Då
1667 644 110 31 denna

277 696 167 31 materiell
462 707 79 20 vore
559 707 42 20 av
618 698 38 29 så
673 696 141 41 speciell
831 695 249 38 beskaffenhet,
1099 697 49 30 att
1165 707 77 20 man
1260 695 74 32 icke
1351 694 113 32 kunde
1482 694 104 31 räkna
1604 694 77 31 med
1699 695 49 29 att
1767 693 10 31 i

277 745 163 32 händelse
464 757 40 20 av
526 745 75 42 krig
625 746 82 31 eller
729 745 169 42 krigsfara
920 745 125 32 snabbt
1067 745 183 42 tillgodose
1274 745 148 31 behovet
1447 744 110 38 därav,
1581 743 106 32 borde
1712 743 65 31 den

276 795 174 32 anskaffas
484 796 12 30 i
529 796 156 31 fredstid.
720 796 68 31 För
811 795 282 42 genomförandet
1116 807 40 20 av
1180 794 490 42 belysningsinskränkningen
1693 794 12 31 1
1730 796 48 29 ett

277 846 163 32 samhälle
460 846 224 38 erfordrades,
705 846 61 32 allt
785 846 87 32 efter
891 846 41 31 de
952 845 111 32 lokala
1082 843 267 40 förhållandena,
1370 856 71 21 mer
1459 845 84 31 eller
1561 845 131 31 mindre
1713 855 65 20 om-

277 896 153 32 fattande
456 896 249 32 förberedelser
728 897 105 31 redan
856 896 12 31 i
894 896 155 32 fredstid.
1086 896 222 32 Beträffande
1332 896 215 40 skyddsrum,
1572 895 90 31 vilka
1687 895 11 30 i
1723 894 55 31 all-

277 947 137 31 mänhet
435 947 201 32 förutsattes
658 947 73 31 icke
752 947 134 31 behöva
906 946 199 42 planläggas
1126 947 12 31 i
1160 946 187 32 samhällen
1370 946 76 31 med
1468 945 132 32 mindre
1622 947 42 29 än
1686 945 93 37 5,000

277 997 170 38 invånare,
463 997 106 32 borde
586 997 11 31 i
614 997 107 32 första
736 997 92 31 hand
844 999 43 39 på
903 998 109 31 större
1028 999 91 29 orter
1134 997 143 31 inrättas
1294 996 205 41 skyddsrum
1515 996 54 31 för
1585 995 66 31 den
1668 995 111 31 lokala

277 1047 384 42 luftskyddsledningen
689 1046 393 42 (»ledningscentraler»)
1112 1046 62 32 och
1200 1047 54 30 för
1278 1046 66 31 den
1368 1046 169 41 personal,
1563 1056 72 21 som
1661 1045 12 30 i
1697 1056 82 20 sam-

277 1097 91 31 band
391 1097 76 32 med
491 1097 180 41 flyganfall
694 1108 79 21 vore
798 1097 154 32 verksam
976 1097 54 32 för
1054 1096 207 41 ordningens
1286 1095 308 42 upprätthållande,
1619 1094 160 32 eldsläck-

277 1147 92 42 ning,
385 1147 202 42 indikering,
605 1147 158 42 sanering
778 1149 61 30 etc.
860 1147 79 41 (den
954 1158 26 21 s.
996 1147 30 31 k.
1042 1146 112 32 aktiva
1169 1145 230 42 personalen).
1425 1145 224 32 Beträffande
1665 1144 115 42 dylika

277 1197 206 42 skyddsrum
501 1217 43 3 —
561 1197 54 32 till
634 1197 90 32 vilka
743 1199 58 30 äro
822 1199 50 30 att
889 1197 144 31 hänföra
1051 1198 84 30 även
1154 1196 225 41 hjälpplatser
1399 1196 53 31 för
1472 1193 149 33 skadade
1639 1214 41 4 —
1700 1206 79 20 vore

278 1248 58 31 det
352 1259 40 20 av
408 1248 147 31 särskild
571 1248 80 37 vikt,
669 1249 49 30 att
734 1247 223 41 erforderliga
973 1246 393 41 förstärkningsarbeten
1382 1245 127 32 skedde
1526 1245 105 31 redan
1647 1245 12 30 i
1675 1245 104 31 freds-

276 1299 61 31 tid.
375 1298 196 31 Detsamma
608 1297 112 42 gällde
756 1297 12 30 i
805 1297 95 41 fråga
937 1307 54 21 om
1017 1296 204 42 skyddsrum
1247 1296 54 31 för
1326 1295 203 42 personalen
1556 1295 57 31 vid
1640 1293 139 33 särskilt

279 1348 128 42 viktiga
433 1348 227 41 inrättningar
686 1348 11 31 i
724 1348 187 32 samhället.
951 1347 69 32 För
1046 1347 369 41 luftskyddstjänstens
1441 1346 266 41 genomförande
1735 1357 44 20 er-

278 1399 177 31 fordrades
473 1398 400 42 gasskyddsutrustning,
891 1398 13 31 i
921 1398 141 31 främsta
1079 1400 143 29 rummet
1239 1397 203 42 gasmasker,
1461 1397 53 31 för
1532 1397 70 31 viss
1622 1396 158 41 personal

278 1449 175 31 dessutom
471 1448 319 43 gasskyddskläder,
810 1450 300 39 syrgasapparater
1128 1459 40 20 av
1187 1447 90 32 olika
1297 1447 82 41 slag,
1399 1446 382 41 indikeringsmateriell

278 1511 41 19 m.
346 1511 41 19 m.
423 1499 122 31 Denna
569 1498 207 42 utrustning,
801 1509 74 21 som
899 1498 215 31 erfordrades
1139 1497 72 33 icke
1235 1497 90 32 blott
1350 1497 54 32 för
1428 1497 57 31 det
1510 1496 169 32 allmänna
1704 1496 76 31 luft-

278 1549 146 41 skyddet
443 1551 81 29 utan
543 1551 85 29 även
646 1549 54 31 för
716 1548 366 41 industriluftskyddet
1100 1548 62 32 och
1181 1548 57 31 det
1257 1547 155 32 enskilda
1430 1547 223 40 luftskyddet,
1673 1548 106 30 måste

277 1599 11 30 i
312 1599 178 31 huvudsak
513 1599 174 32 anskaffas
711 1598 104 32 redan
838 1598 12 31 i
873 1598 156 32 fredstid.

330 1648 223 32 Beträffande
586 1648 349 42 fördelningen
969 1659 51 20 av
1052 1647 322 32 kostnaderna
1407 1647 53 31 för
1483 1646 215 41 luftskyddet
1721 1646 60 31 har

279 1700 101 31 civila
405 1699 426 42 Juftskyddsutredningen
858 1699 123 41 intagit
1008 1699 65 31 den
1100 1698 263 41 ståndpunkten,
1392 1699 49 30 att
1467 1698 100 30 dessa
1594 1696 184 32 kostnader

277 1762 74 20 som
369 1751 123 30 allmän
510 1750 134 42 princip
662 1750 83 31 böra
762 1749 171 32 bestridas
953 1761 40 19 av
1011 1751 120 29 staten.
1161 1749 89 31 Från
1270 1749 111 31 denna
1400 1748 91 41 regel
1510 1749 99 40 göres
1630 1747 147 31 emeller-

280 1801 60 38 tid,
361 1801 145 31 bortsett
525 1801 75 31 från
619 1800 258 31 förhållandena
896 1800 57 31 vid
972 1800 74 41 krig
1066 1800 81 31 eller
1165 1800 176 41 krigsfara,
1362 1799 92 31 vissa
1473 1799 73 31 icke
1567 1798 210 41 oväsentliga

276 1852 197 31 avvikelser.
512 1851 153 32 Sålunda
688 1851 155 31 förordas
869 1862 41 20 en
936 1850 180 42 gradering
1141 1861 40 20 av
1207 1850 210 41 åtgärderna,
1444 1849 73 31 dels
1543 1849 77 31 med
1645 1849 132 40 hänsyn

279 1903 55 30 till
355 1903 154 36 behovet,
533 1904 37 29 så
591 1904 50 29 att
662 1903 111 30 staten
795 1902 11 30 i
829 1902 107 31 första
957 1902 91 30 hand
1070 1901 159 31 bekostar
1251 1901 66 37 det,
1342 1912 99 19 varav
1463 1900 147 31 behovet
1633 1902 35 29 är
1690 1902 87 29 mest

278 1953 197 41 trängande,
497 1953 63 30 och
583 1952 73 31 dels
678 1952 76 31 med
775 1952 133 40 hänsyn
930 1952 54 30 till
1006 1952 66 31 den
1094 1951 225 41 synpunkten,
1343 1952 50 30 att
1415 1951 91 31 vissa
1527 1950 184 31 kostnader
1735 1952 43 38 på

279 2003 111 41 grund
409 2015 40 20 av
468 2005 81 29 nära
568 2002 164 32 samband
752 2002 77 31 med
849 2002 214 31 kommunala
1084 2002 347 40 förvaltningsgrenar
1452 2001 62 31 och
1537 2000 172 32 enskildas
1731 2001 46 30 in-

279 2056 109 29 tresse
410 2054 155 40 rimligen
587 2053 83 31 böra
691 2055 121 29 stanna
833 2055 19 28 å
873 2053 198 30 kommuner
1093 2052 61 31 och
1176 2052 164 31 enskilda.

335 2104 119 31 Staten
484 2104 110 31 skulle
626 2103 142 32 sålunda
799 2103 107 41 enligt
936 2103 244 41 utredningens
1211 2103 128 40 förslag
1369 2102 142 32 bekosta
1543 2102 29 40 1)
1609 2102 167 41 organisa-

279 2155 127 37 tionen,
428 2154 85 31 dock
533 2154 77 31 med
631 2154 195 41 skyldighet
847 2154 52 30 för
920 2154 197 31 kommuner
1138 2153 62 32 och
1221 2153 155 31 enskilda
1397 2155 49 29 att
1466 2153 135 31 biträda
1622 2152 57 32 vid
1701 2153 76 31 luft-

277 2205 164 41 skyddets
477 2204 252 42 planläggning,
766 2204 31 41 2)
828 2203 459 42 alarmeringsanordningar,
1315 2204 30 40 3)
1377 2203 398 42 gasskyddsutrustning,

277 2257 32 39 4)
337 2255 181 41 förvaring,
542 2255 149 31 kontroll
713 2255 63 31 och
799 2254 179 32 underhåll
1001 2266 41 19 av
1064 2254 368 41 gasskyddsmateriell,
1456 2253 31 41 5)
1517 2253 196 41 utbildning
1737 2265 40 19 av

278 2306 160 41 personal
459 2306 53 30 för
533 2305 232 41 luftskyddets
788 2305 140 40 ledning
950 2305 62 31 och
1034 2316 40 20 av
1096 2305 225 31 instruktörer
1344 2307 86 29 samt
1451 2324 42 3 —
1515 2315 121 30 genom
1659 2304 118 31 under-

279 2356 80 32 stöd
378 2358 34 29 åt
432 2356 143 41 frivillig
594 2355 414 41 luftskyddsverksamhet
1026 2375 43 3 —
1088 2355 10 31 i
1119 2355 70 32 viss
1210 2357 77 29 mån
1308 2357 85 29 även
1414 2366 39 20 av
1475 2366 111 20 annan
1607 2354 168 41 personal,

279 2407 64 31 och
365 2407 31 40 6)
424 2406 219 32 anordnande
665 2417 40 20 av
727 2404 205 42 skyddsrum
955 2405 11 31 i
990 2407 129 30 statens
1143 2405 209 41 fastigheter.

329 2455 176 43 Därjämte
527 2455 111 34 skulle
661 2457 112 31 staten
795 2455 143 43 bidraga
960 2455 77 33 med
1061 2455 38 31 ?/s
1122 2466 40 21 av
1184 2455 229 33 kostnaderna
1436 2455 54 32 för
1513 2456 92 32 vissa
1628 2467 39 20 av
1690 2455 89 32 kom-
