2159 2651
676 175 246 35 Statsutskottets
953 179 165 33 Utlåtande
1141 182 61 32 N:o
1232 185 72 31 140.
1707 191 39 32 31

670 462 21 9 åra
722 467 14 5 aa

193 560 166 37 förande.
424 562 265 52 Erforderliga
730 569 123 36 medel
895 571 128 37 härtill
1064 575 108 37 torde
1214 577 207 49 lämpligen
1450 580 130 38 kunna
1607 588 111 44 tagas
1745 599 45 22 ur

192 611 141 37 fonden
362 614 58 36 för
449 616 246 38 anordnande
725 620 39 36 af
788 621 144 38 lokaler
959 624 60 37 för
1043 631 144 33 statens
1207 629 240 38 ämbetsverk
1466 632 12 36 i
1497 633 290 52 hufvudstaden,

191 663 155 38 hvilken
375 666 91 37 fond
495 668 65 36 vid
592 671 97 35 1904
719 674 60 35 årg
808 673 152 39 bokslut
988 679 169 48 uppgick
1181 680 57 36 till
1261 683 200 47 1,330,245
1483 685 140 38 kronor
1646 690 44 35 75
1711 694 74 32 öre.

321 717 131 37 Under
475 720 280 52 förutsättning
775 725 40 36 af
831 726 107 37 bifall
958 729 57 36 till
1033 730 101 37 hvad
1149 732 70 49 jag
1244 735 157 37 sålunda
1420 736 199 51 föreslagit
1637 740 150 38 komme

191 767 138 50 frågan
377 783 60 23 om
483 778 87 43 nytt
616 774 196 40 kanslihus
860 779 11 35 i
914 785 55 31 ett
1008 781 12 36 i
1061 783 77 37 viss
1188 788 88 33 mån
1326 794 114 30 annat
1487 790 87 48 läge
1623 796 48 32 än
1713 793 73 48 det,

191 833 82 23 som
313 821 151 38 bildade
504 828 346 48 utgångspunkten
892 831 57 37 för
991 833 61 37 det
1095 836 41 35 af
1161 837 215 38 arkitekten
1405 840 184 38 Peterson
1617 846 41 34 år
1688 846 99 36 1904

190 874 225 47 upprättade
443 876 193 50 förslaget.
695 880 81 37 Den
805 883 224 51 minskning
1057 887 11 35 i
1088 887 181 39 behofvet
1289 890 41 36 af
1344 896 200 44 utrymme,
1565 908 80 23 som
1666 897 120 37 skulle

189 924 135 37 vinnas
352 939 141 35 genom
523 930 468 51 utrikesdepartementets
1019 938 252 51 förläggande
1300 943 57 35 till
1385 944 236 50 fastigheten
1649 962 61 23 n:o
1734 950 51 36 1i

188 976 194 38 kvarteret
424 979 171 51 Lejonet,
626 984 121 37 skulle
775 986 230 51 visserligen
1033 990 83 38 icke
1143 992 120 38 blifva
1291 997 40 34 så
1359 1000 90 43 stor,
1480 1003 54 31 att
1563 999 222 50 därigenom

188 1029 201 49 möjlighet
417 1031 185 39 bereddes
630 1035 59 37 för
718 1037 72 37 den
818 1052 77 36 nya
922 1041 381 52 kanslibyggnadens
1332 1047 251 51 förläggande
1613 1055 20 33 å
1657 1056 127 46 någon

188 1094 125 23 annan
342 1082 40 36 af
408 1083 45 37 de
482 1084 225 50 ifrågasatta
734 1090 192 48 platserna
954 1098 44 31 än
1031 1095 382 52 Kungsträdgården,
1443 1115 87 23 men
1551 1104 235 38 sistnämnda

186 1132 100 49 plats
328 1134 121 38 skulle
492 1138 120 37 under
654 1141 157 48 angifna
853 1144 277 52 förutsättning
1157 1149 129 37 kunna
1314 1153 185 49 utnyttjas
1528 1156 87 36 med
1644 1162 54 31 ett
1726 1158 59 37 för

187 1190 125 31 staten
346 1191 101 33 ännu
481 1190 272 51 förmånligare
789 1195 161 38 resultat
986 1203 47 31 än
1067 1199 113 38 förut.
1236 1201 89 38 Med
1354 1204 150 50 hänsyn
1532 1207 129 38 härtill
1689 1210 96 37 hade

181 1237 71 49 Jag
280 1239 206 50 uppdragit
516 1244 38 34 åt
582 1244 215 38 arkitekten
825 1247 182 39 Peterson
1036 1256 54 32 att
1118 1252 192 38 inkomma
1339 1257 84 36 med
1451 1264 87 42 nytt
1563 1260 145 50 förslag
1728 1262 56 36 till

186 1302 46 22 en
259 1290 314 51 kanslibyggnad
602 1295 12 35 i
641 1296 387 54 Kungsträdgården,
1059 1304 132 37 därvid
1220 1306 117 38 borde
1366 1308 192 51 iakttagas
1588 1318 55 30 att
1657 1313 127 50 bygg-

184 1341 124 37 naden
336 1343 167 38 förlades
533 1348 163 48 ungefär
723 1354 49 45 på
801 1351 62 37 det
892 1358 85 43 sätt,
1007 1368 80 23 som
1117 1357 75 36 han
1220 1358 12 36 i
1260 1359 67 36 sitt
1355 1365 169 34 närmast
1552 1363 231 51 föregående

184 1393 146 49 förslag
359 1395 146 50 förlagt
534 1399 231 39 densamma.

315 1445 143 38 Sådant
488 1449 157 50 förslag,
675 1452 262 41 innefattande
966 1458 211 38 skisserade
1201 1462 100 47 plan-
1327 1464 70 36 och
1417 1468 366 49 genomskärnings-

185 1496 190 50 ritningar
407 1500 57 36 till
501 1501 230 50 byggnader
761 1507 119 48 jämte
913 1508 348 55 lokalförteckning
1295 1521 99 31 samt
1422 1520 263 49 promemoria,
1713 1521 70 37 har

186 1548 167 38 därefter
381 1551 72 36 den
484 1556 21 33 2
535 1554 172 39 sistlidne
732 1558 152 48 januari
913 1561 41 35 af
979 1562 212 38 arkitekten
1220 1565 183 39 Peterson
1433 1569 184 49 afgifvits.

314 1602 53 36 Af
391 1603 109 38 dessa
529 1605 228 52 handlingar
784 1610 190 38 inhämtas
1004 1613 176 49 följande.

312 1653 132 51 Enligt
463 1656 184 51 förslaget
668 1660 120 38 skulle
807 1662 278 50 byggnaderna
1105 1667 164 39 fördelas
1290 1671 168 49 sålunda,
1480 1677 55 32 att
1554 1674 15 36 i
1586 1675 143 38 fonden
1745 1678 40 36 af

184 1704 372 52 Kungsträdgården
591 1711 121 38 skulle
739 1714 196 51 förläggas
956 1730 46 23 en
1022 1718 332 52 hufvudbyggnad
1373 1725 129 36 utmed
1523 1726 255 52 Hamngatan.

182 1756 135 37 Denna
345 1758 186 51 byggnad
561 1763 121 37 skulle
710 1765 188 39 flankeras
924 1769 41 36 af
988 1773 65 33 två
1081 1772 144 37 mindre
1255 1774 237 50 byggnader,
1514 1792 47 23 en
1580 1786 79 31 mot
1679 1786 101 31 östra

182 1808 105 37 sidan
299 1809 12 36 i
322 1809 138 39 hörnet
472 1813 41 36 af
519 1814 144 37 Hamn-
676 1818 68 36 och
760 1819 504 53 Kungsträdgårdsgatorna
1281 1827 69 36 och
1367 1840 47 24 en
1430 1835 77 31 mot
1517 1835 128 34 västra
1661 1833 116 37 sidan.

183 1859 243 41 Sistnämnda
443 1864 184 51 byggnad
644 1868 121 39 skulle
781 1870 10 37 i
806 1871 59 37 sin
881 1873 164 50 ordning
1060 1888 139 36 genom
1216 1890 47 24 en
1277 1880 125 47 portik
1419 1882 69 35 och
1500 1885 280 37 sammanbind-

182 1913 222 51 ningsgång
433 1920 58 33 stå
519 1918 12 36 i
559 1918 229 40 förbindelse
818 1925 85 35 med
932 1926 123 49 öfriga
1075 1928 236 50 byggnader,
1340 1945 81 23 som
1442 1934 120 37 skulle
1583 1936 197 50 förläggas

182 1964 58 36 till
268 1970 127 33 västra
425 1968 109 37 sidan
564 1971 40 36 af
629 1972 383 53 Kungsträdgården,
1042 1981 129 35 utmed
1197 1981 139 38 Västra
1354 1984 336 52 Trädgårdsgatan
1710 1990 69 36 och

181 2018 21 33 å
231 2030 140 24 samma
401 2022 164 47 område,
595 2036 82 24 som
706 2026 120 50 enligt
857 2030 98 35 1904
985 2033 58 34 års
1072 2032 146 50 förslag
1247 2048 65 23 var
1341 2036 122 37 afsedt
1488 2043 54 32 att
1566 2040 210 51 bebyggas.

181 2068 284 49 Byggnaderna
505 2074 63 36 vid
609 2076 246 51 Ilamngatan
889 2081 120 37 skulle
1037 2083 199 50 inrymma,
1267 2086 71 37 den
1368 2089 146 37 mindre
1543 2092 236 49 byggnaden

181 2120 130 49 längst
338 2122 12 36 1
379 2128 102 32 öster
509 2126 279 41 ämbetsbostad
817 2132 59 36 för
904 2135 307 50 statsministern,
1233 2138 382 53 hufvudbyggnaden
1634 2146 145 36 lokaler

182 2172 57 36 för
262 2173 464 56 justitiedepartementet,
743 2183 505 54 Justitiekanslärsämbetet,
1269 2191 115 37 nedre
1400 2193 378 52 justitierevisionen,

180 2223 330 53 lagberedningen
552 2231 71 36 och
660 2233 240 40 kommittéer
933 2251 46 23 m.
1011 2253 62 34 m.,
1103 2246 96 31 samt
1227 2242 73 37 den
1327 2244 145 38 mindre
1502 2246 236 50 byggnaden
1766 2251 13 36 i

180 2281 126 32 väster
325 2278 143 38 lokaler
489 2281 59 37 för
568 2286 448 52 statsrådsberedningen
1037 2292 70 36 och
1127 2294 556 52 ecklesiastikdepartementet.
1728 2302 54 36 Af

1841 750 70 25 1905
1930 748 40 26 års

1805 785 206 32 kanslibyggnads-

1854 822 102 30 förslag.
