2234 2624
442 214 38 30 14
938 211 251 32 Statsutskottets
1210 210 168 31 utlåtande
1401 209 53 31 Nr
1479 211 54 30 23.

1740 360 124 40 Bilaga
1887 359 40 32 B.

738 508 79 32 Till
848 508 237 41 Konungen.

545 593 132 32 Genom
701 592 164 32 skrivelse
888 592 73 31 från
985 592 113 41 kungl.
1123 591 352 41 civildepartementet
1502 590 65 31 den
1585 590 39 30 12
1639 589 230 32 innevarande
1885 589 150 32 februari

439 636 62 31 har
533 635 390 42 generalpoststyrelsen
957 634 181 31 anbefallts
1172 635 50 30 att
1254 633 53 31 till
1340 633 112 31 Eders
1486 632 124 41 Kungl.
1634 631 98 42 Maj:t
1759 632 176 31 inkomma
1957 633 78 30 med

439 677 159 43 yttrande
621 679 79 30 över
724 688 41 21 en
787 677 94 31 inom
905 677 200 41 riksdagens
1129 676 105 31 andra
1256 675 172 32 kammare
1450 675 98 31 väckt
1570 674 141 38 motion,
1735 685 41 20 nr
1810 675 69 38 146,
1896 674 12 31 i
1924 674 112 31 anled-

440 720 83 41 ning
556 731 40 20 av
628 719 111 32 Eders
772 719 127 41 Kungl.
928 719 115 41 Maj:ts
1065 718 219 42 proposition
1306 729 41 20 nr
1370 718 28 38 2,
1425 716 173 42 angående
1620 716 238 32 fastställande
1882 728 40 19 av
1944 718 90 39 post-

440 762 135 32 verkets
599 764 68 30 stat
688 762 52 31 för
763 761 269 32 driftkostnader
1053 761 53 32 för
1129 763 37 29 år
1190 761 88 30 1916.

545 804 83 32 Med
661 804 185 41 anledning
878 804 104 31 härav
1013 803 51 31 får
1097 802 389 42 generalpoststyrelsen
1508 801 12 31 i
1542 800 274 42 underdånighet
1838 801 127 37 anföra
1978 800 56 32 föl-

444 847 106 31 jande.

438 859 11 30 |
546 888 51 32 Av
630 888 253 32 motionärerna
914 888 136 31 väcktes
1077 887 107 31 redan
1209 887 58 31 vid
1290 887 81 31 1912
1395 888 55 29 års
1473 885 137 41 riksdag
1632 884 131 32 motion
1786 885 79 31 med
1888 884 148 42 begäran

441 933 51 30 att
524 931 181 41 riksdagen
738 933 105 28 måtte
866 930 12 31 i
902 930 161 31 skrivelse
1096 929 54 31 till
1183 929 124 41 Kungl.
1331 928 99 41 Maj:t
1453 928 134 31 anhålla
1609 938 55 20 om
1687 926 186 42 utredning
1895 927 64 31 och
1982 938 54 20 an-

442 974 168 31 ställande
644 984 40 20 av
716 973 118 32 försök
867 972 79 31 med
977 971 195 32 inrättande
1206 983 40 19 av
1279 972 49 30 ett
1360 972 78 39 nytt
1461 970 90 41 slags
1573 969 250 42 poststationer
1845 969 79 31 med
1947 969 88 31 ökad

440 1015 208 42 befogenhet
681 1015 64 31 och
779 1014 78 32 med
891 1015 206 39 tjänstemän
1132 1025 40 20 av
1204 1014 92 40 lägre
1328 1012 85 42 grad
1437 1023 73 20 som
1533 1012 241 31 föreståndare.
1820 1011 215 32 Motionen
2015 1007 25 54 i

440 1059 95 39 fråga
568 1057 190 41 avstyrktes
786 1068 40 20 av
849 1057 107 31 andra
977 1056 215 31 kammarens
1215 1056 108 40 tredje
1346 1055 171 41 tillfälliga
1539 1054 134 31 utskott
1696 1054 63 31 och
1781 1053 80 32 blev
1883 1064 41 20 av
1946 1053 87 31 kam-

442 1111 116 20 maren
581 1100 167 40 avslagen.

547 1142 19 31 I
598 1153 47 20 nu
678 1141 232 42 föreliggande
943 1141 130 31 motion
1106 1140 178 31 framhålla
1310 1139 253 32 motionärerna
1585 1138 53 31 till
1660 1149 42 21 en
1724 1138 131 41 början,
1880 1138 84 31 efter
1987 1139 50 30 att

441 1184 45 31 ha
508 1184 127 31 erinrat
658 1195 54 20 om
736 1184 53 31 sin
812 1183 204 41 föregående
1043 1183 133 31 motion
1197 1183 13 30 i
1233 1184 121 36 ämnet,
1378 1181 166 31 hurusom
1567 1181 53 31 till
1642 1180 87 41 följd
1751 1191 41 20 av
1814 1180 67 31 den
1906 1179 130 33 snabba

442 1226 238 42 utvecklingen
713 1228 43 39 på
789 1228 123 39 många
935 1225 161 31 områden
1120 1226 89 30 samt
1230 1224 217 41 postverkets
1471 1222 225 42 övertagande
1719 1233 41 20 av
1781 1233 68 31 nya
1870 1222 166 31 verksam-

441 1269 201 40 hetsgrenar
675 1279 41 20 m.
741 1279 42 20 m.
818 1268 62 31 allt
914 1269 108 30 större
1055 1267 82 31 krav
1160 1268 107 30 måste
1291 1266 118 31 ställas
1432 1267 45 39 på
1498 1265 299 42 postanstalterna.
1843 1264 50 31 På
1915 1266 122 39 många

443 1313 111 29 större
586 1310 280 41 industriplatser
899 1309 113 32 kunde
1046 1309 116 31 därför
1189 1320 42 20 en
1263 1308 212 42 poststation
1508 1307 73 31 icke
1614 1307 117 41 längre
1753 1317 80 21 vara
1854 1307 180 41 tillfyllest.

442 1353 70 31 För
545 1354 49 29 att
627 1353 43 31 då
692 1353 11 30 i
727 1354 109 30 större
859 1351 237 42 utsträckning
1118 1351 115 31 kunna
1255 1351 183 41 tillgodose
1462 1350 248 31 allmänhetens
1732 1349 172 32 intressen
1928 1350 109 30 måste

442 1395 111 31 under
592 1395 194 31 nuvarande
823 1394 239 32 förhållanden
1095 1392 254 43 poststationen
1383 1392 178 32 förändras
1593 1391 54 32 till
1679 1391 215 41 postkontor,
1932 1391 106 31 vilket

444 1437 190 32 emellertid
668 1437 122 31 ställde
825 1437 53 41 sig
915 1436 140 41 dyrbart
1087 1436 53 31 för
1163 1435 212 32 statsverket.
1422 1435 93 30 Emnär
1536 1433 238 42 utvecklingen
1797 1435 99 39 synts
1919 1433 118 31 motio-

443 1481 144 30 närerna
619 1480 88 41 peka
739 1481 81 36 mot,
855 1481 50 29 att
936 1479 92 31 inom
1051 1489 43 20 en
1118 1489 80 21 snar
1219 1477 138 31 framtid
1380 1488 43 20 en
1447 1477 55 31 del
1525 1478 109 30 större
1656 1475 250 42 poststationer
1928 1477 109 30 måste

442 1521 178 33 förändras
654 1522 53 30 till
739 1532 92 21 mera
864 1520 222 41 fullständiga
1118 1520 254 41 postanstalter,
1408 1519 111 31 skulle
1547 1519 67 38 det,
1639 1518 105 41 enligt
1765 1518 272 31 motionärernas

443 1564 230 37 förmenande,
706 1575 79 20 vara
818 1574 43 21 en
895 1563 162 32 avsevärd
1079 1562 93 32 vinst
1193 1562 52 31 för
1268 1562 214 37 statsverket,
1507 1572 54 21 om
1585 1562 49 30 ett
1656 1560 109 41 tredje
1789 1560 74 41 slag
1885 1571 40 20 av
1947 1562 91 39 post-

444 1606 164 31 anstalter
640 1606 114 31 kunde
786 1606 155 38 inrättas,
965 1606 52 31 för
1039 1605 91 31 vilka
1152 1605 230 31 kostnaderna
1404 1604 98 31 bleve
1526 1603 132 31 mindre
1681 1604 43 29 än
1746 1602 53 31 för
1821 1602 214 41 postkontor.

444 1649 54 31 En
532 1648 95 42 dylik
659 1648 192 40 anordning
885 1649 117 40 syntes
1035 1647 197 41 lämpligast
1263 1647 117 31 kunna
1414 1646 59 31 ske
1507 1656 121 31 genom
1662 1645 195 31 inrättande
1884 1655 41 20 av
1946 1646 91 40 post-

444 1691 165 31 anstalter
641 1691 78 30 med
751 1690 166 42 utvidgad
949 1689 207 42 befogenhet
1178 1689 78 31 med
1278 1689 106 31 förste
1407 1688 309 41 postvaktmästare
1739 1689 114 29 såsom
1876 1687 162 32 förestån-

445 1733 90 31 dare.
580 1732 256 32 Motionärerna
869 1732 181 31 hemställa
1077 1731 124 38 därför,
1235 1732 49 30 att
1316 1730 184 41 riksdagen
1533 1731 113 37 måtte,
1675 1729 78 31 med
1776 1729 116 41 avslag
1914 1731 20 29 å
1955 1729 83 31 före-

444 1775 147 32 varande
624 1775 227 40 proposition,
887 1774 85 32 evad
1004 1774 66 31 den
1093 1774 101 31 rörde
1217 1773 118 39 anslag
1356 1772 54 32 till
1431 1772 193 31 inrättande
1647 1783 41 20 av
1709 1772 67 30 fem
1798 1773 241 39 postmästare-

444 1818 145 40 tjänster
611 1828 41 20 av
673 1817 92 31 klass
788 1818 29 37 4,
841 1817 11 30 i
881 1816 163 32 skrivelse
1066 1816 54 31 till
1142 1815 124 42 Kungl.
1290 1815 99 41 Maj:t
1411 1815 135 31 anhålla
1562 1825 54 21 om
1632 1813 185 41 utredning
1833 1814 64 31 och
1912 1814 128 41 förslag

444 1860 54 31 till
520 1859 194 31 inrättande
741 1870 40 20 av
808 1860 49 30 ett
879 1860 77 40 nytt
979 1859 89 41 slags
1091 1858 89 31 fasta
1202 1857 247 41 postanstalter
1470 1857 78 31 med
1571 1858 109 30 större
1702 1855 207 42 befogenhet
1932 1857 42 30 än
1997 1856 42 31 de

445 1901 196 32 nuvarande
663 1901 294 42 poststationerna
980 1901 63 31 och
1065 1900 80 31 med
1167 1900 105 31 förste
1295 1899 309 42 postvaktmästare
1628 1909 74 20 som
1724 1898 243 32 föreståndare.

549 1944 77 31 Den
649 1943 199 41 tankegång,
873 1943 253 31 motionärerna
1149 1942 61 31 här
1226 1953 85 20 ovan
1330 1942 181 36 utvecklat,
1529 1941 119 38 skulle,
1666 1941 57 31 det
1739 1940 139 41 medger
1893 1940 147 41 general-

445 1986 251 42 poststyrelsen
718 1986 120 41 villigt,
861 1985 58 32 vid
942 1996 42 20 en
1006 1985 144 41 tidigare
1173 1984 162 41 tidpunkt
1356 1984 75 31 haft
1454 1983 73 32 skäl
1549 1983 52 31 för
1624 1983 60 41 sig.
1722 1982 317 32 Poststationernas

445 2028 208 42 befogenhet
685 2030 50 29 att
767 2028 139 41 betjäna
939 2028 66 31 den
1037 2026 342 42 korresponderande
1413 2025 229 32 allmänheten
1675 2036 59 20 var
1766 2025 172 41 nämligen
1965 2024 74 32 från

445 2071 123 41 början
602 2070 64 32 och
693 2081 41 20 en
756 2070 80 41 lång
858 2070 52 31 tid
932 2070 121 31 framåt
1074 2069 12 31 i
1109 2069 82 31 flera
1212 2068 126 42 viktiga
1360 2068 221 31 hänseenden
1602 2066 213 42 väsentligen
1837 2066 201 43 begränsad,

446 2114 106 31 vilket
575 2112 172 32 sannolikt
770 2113 71 30 ofta
863 2122 69 30 nog
953 2112 87 31 hade
1063 2111 53 31 till
1139 2111 94 41 följd,
1257 2113 49 29 att
1328 2110 208 42 postkontor
1558 2111 107 30 måste
1688 2109 144 32 inrättas
1856 2111 19 29 å
1891 2120 42 20 en
1949 2109 90 41 plats

446 2158 45 40 på
514 2157 49 29 ett
584 2155 79 31 vida
685 2154 144 41 tidigare
853 2154 149 31 stadium
1025 2155 42 29 än
1091 2154 65 30 vad
1179 2153 99 41 eljest
1301 2153 110 31 skulle
1434 2152 126 32 behövt
1581 2163 80 20 vara
1683 2151 103 31 fallet.

552 2198 112 31 Dessa
685 2197 286 41 inskränkningar
993 2196 51 31 uti
1058 2196 312 41 poststationernas
1385 2194 208 42 befogenhet
1607 2195 82 41 gent
1704 2195 92 30 emot
1811 2193 230 32 allmänheten

447 2241 87 31 hava
556 2239 200 38 emellertid,
791 2250 42 20 en
857 2240 86 30 efter
965 2249 120 27 annan,
1111 2240 39 29 så
1173 2237 213 41 småningom
1410 2236 176 33 bortfallit.
1632 2236 114 31 Sedan
1769 2238 51 29 ett
1842 2246 63 31 par
1927 2235 115 42 dylika

446 2282 295 41 inskränkningar,
777 2282 67 30 den
879 2292 64 20 ena
972 2280 171 32 avseende
1177 2279 259 32 maximivärdet
1458 2281 19 29 å
1499 2279 201 32 assurerade
1722 2278 232 32 försändelser
1976 2278 65 31 och

448 2326 65 31 den
537 2325 105 31 andra
664 2323 256 32 maximivikten
943 2323 144 32 rörande
1111 2322 113 43 paket,
1247 2322 72 32 heit
1341 2322 139 42 nyligen
1503 2321 192 42 borttagits,
1720 2322 144 32 återstår
1887 2339 40 3 —
1950 2320 91 32 bort-
