1868 2790
271 139 40 30 10
610 139 297 36 Statsutskottets
923 142 187 34 utlåtande
1127 156 42 20 nr
1186 146 61 31 121
1269 144 39 33 år
1325 147 89 32 1955

269 214 55 34 för
339 217 173 43 prövning
529 218 10 33 i
557 223 53 28 ett
628 219 147 42 tidigare
793 220 116 34 skede.
926 221 55 33 En
998 221 258 44 förutsättning
1272 223 54 34 för
1343 229 56 29 att
1415 225 341 35 observatorieverk-

266 268 183 35 samheten
468 271 87 33 skall
573 271 122 34 kunna
713 272 162 35 bedrivas
894 274 323 36 tillfredsställande
1237 280 38 30 är
1293 277 190 35 frånvaron
1503 291 45 21 av
1567 280 187 33 elektriska

264 322 209 43 störningar.
494 324 116 34 Detta
629 328 62 39 gör
711 338 43 21 en
786 326 323 45 fridlysning
1141 341 56 21 av
1229 329 323 45 fastigheten
1583 333 100 33 Råö
1719 334 33 33 8!

265 376 89 34 och
395 376 398 45 kringliggande
835 381 200 34 område
1079 382 214 43 nödvändig.
1335 384 111 42 Dylik
1463 384 210 44 fridlysning
1691 386 64 33 har

265 429 108 34 också
387 430 195 35 meddelats
599 444 45 21 av
659 432 248 43 länsstyrelsen
922 434 11 34 i
949 435 174 34 Hallands
1138 436 59 33 län
1211 448 126 30 genom
1353 438 190 33 resolution
1560 439 68 33 den
1644 443 20 29 4
1680 439 71 41 maj

267 485 99 37 1953,
387 483 115 34 vilken
522 496 148 22 numera
688 486 128 35 vunnit
835 487 79 42 laga
932 488 107 34 kraft.
1060 489 18 32 I
1099 489 234 34 resolutionen
1353 491 177 34 meddelas
1551 491 128 34 förbud
1700 492 53 33 för

265 535 188 44 obehöriga
473 542 54 29 att
546 538 148 34 beträda
712 539 211 43 högskolans
941 541 492 45 observatorieanläggningar
1452 545 21 33 å
1491 545 78 33 Råö
1590 545 34 34 8!
1643 545 112 42 jämte

263 588 89 35 visst
374 592 242 40 angränsande
638 593 142 33 område
803 596 167 32 ävensom
992 600 56 28 att
1071 607 46 21 av
1139 596 297 43 anläggningarna
1458 598 81 33 eller
1561 598 96 33 inom
1679 611 73 21 om-

262 642 102 35 rådet
388 648 82 38 taga
493 643 205 44 fotografier
720 646 82 34 eller
825 650 82 40 göra
932 648 247 43 avbildningar
1202 650 80 33 eller
1306 650 248 43 bekrivningar
1579 658 93 28 samt
1697 657 52 28 att

263 696 97 34 inom
389 698 160 34 området
577 699 128 33 inneha
734 703 269 40 sprängämnen.
1032 702 188 42 Därjämte
1250 702 208 35 föreskrives
1489 704 69 33 viss
1589 704 162 42 begräns-

262 750 86 43 ning
362 751 10 33 i
388 750 97 44 fråga
500 764 58 21 om
575 755 116 31 rätten
708 758 56 29 att
779 753 168 34 framföra
962 755 243 34 motorfordon
1221 756 46 42 på
1282 757 223 34 Råöhalvön.
1532 757 124 34 Såsom
1673 761 77 30 när-

262 815 97 22 mare
378 803 152 43 framgår
549 817 46 21 av
614 805 214 43 redogörelse
847 807 11 33 i
876 808 275 42 propositionen,
1171 821 26 21 s.
1217 813 54 36 21,
1290 809 75 40 har,
1384 810 111 33 under
1514 810 171 34 förbehåll
1706 823 45 21 av

261 856 133 43 Kungl.
416 858 127 42 Maj:ts
565 859 270 42 godkännande,
858 862 97 32 avtal
977 861 141 34 träffats
1141 863 127 32 mellan
1292 863 129 34 Onsala
1444 864 145 33 sockens
1613 864 137 33 skiftes-

261 910 58 43 lag
342 917 93 28 samt
457 912 132 43 Kungl.
614 912 110 42 Maj:t
747 914 66 33 och
836 914 135 34 kronan
995 927 126 30 genom
1145 915 210 43 högskolans
1379 917 240 42 lokalstyrelse
1645 929 104 30 angå-

260 964 91 34 ende
376 965 92 34 vissa
494 966 164 42 åtgärder
682 967 80 33 med
789 967 93 42 syfte
908 973 55 29 att
989 969 129 33 bereda
1144 969 254 34 observatoriet
1424 970 116 42 skydd
1566 970 96 33 inom
1689 970 59 33 det

261 1017 163 43 fridlysta
443 1019 161 34 området
621 1025 76 29 mot
714 1020 189 34 elektriska
921 1022 199 42 störningar
1139 1035 44 20 av
1201 1023 243 34 motorfordon
1462 1024 66 33 och
1547 1023 104 34 båtar
1669 1024 80 33 med

260 1071 166 35 elektrisk
445 1073 215 42 utrustning.

305 1125 264 45 Överstyrelsen
596 1128 204 43 tillstyrker,
827 1135 55 28 att
909 1130 215 34 donationen
1151 1137 175 38 mottages
1353 1134 47 41 på
1426 1133 42 34 de
1495 1134 10 33 i
1532 1134 215 42 gåvobrevet

261 1180 153 42 angivna
440 1181 170 34 villkoren
638 1187 92 29 samt
757 1188 55 28 att
839 1183 60 34 det
924 1184 151 34 träffade
1103 1186 134 33 avtalet
1264 1186 180 42 angående
1471 1188 207 41 avstörning
1704 1200 45 21 av

259 1233 243 35 motorfordon
520 1235 215 42 godkännes.
764 1235 264 44 Överstyrelsen
1046 1237 154 41 föreslår,
1219 1239 72 33 dels
1311 1244 54 29 att
1384 1239 214 43 fastigheten
1615 1241 79 33 Råö
1713 1241 33 33 8!

259 1288 81 33 med
358 1288 85 33 därå
458 1288 184 43 befintliga
659 1289 204 43 byggnader
879 1290 116 34 ställes
1012 1291 113 33 under
1141 1291 372 44 byggnadsstyrelsens
1531 1293 217 43 förvaltning

257 1341 67 33 och
344 1340 176 35 redovisas
542 1343 21 32 å
582 1341 372 44 byggnadsstyrelsens
975 1343 144 34 delfond
1140 1344 110 34 under
1270 1350 135 29 statens
1427 1346 178 34 allmänna
1626 1346 120 43 fastig-

257 1393 178 41 hetsfond,
453 1395 72 33 dels
544 1400 56 29 att
618 1396 52 33 till
690 1396 93 34 vissa
801 1396 330 43 byggnadsarbeten
1150 1397 54 34 för
1221 1398 256 35 observatoriet
1496 1400 141 33 anvisas
1656 1413 89 21 sam-

258 1447 159 43 manlagt
437 1451 42 30 46
495 1452 65 30 000
581 1449 139 34 kronor.
752 1449 168 43 Löpande
940 1450 193 34 kostnader
1154 1450 53 34 för
1226 1452 167 33 elektrisk
1413 1452 115 42 energi
1549 1466 47 20 m.
1618 1466 46 21 m.
1687 1453 59 33 vid

257 1500 255 35 observatoriet
530 1502 66 33 och
616 1502 54 33 för
689 1503 250 42 vägunderhåll
959 1506 168 31 ävensom
1146 1504 239 34 kostnaderna
1403 1505 54 34 för
1475 1506 207 42 avstörning
1701 1518 44 21 av

256 1553 243 35 motorfordon
524 1567 47 22 m.
597 1568 47 21 m.
669 1556 65 33 och
759 1555 54 34 för
839 1557 235 42 anläggandet
1100 1569 45 21 av
1170 1558 405 34 transformatorstation
1602 1559 142 34 föreslås

257 1606 37 34 få
312 1606 173 35 bestridas
505 1620 40 21 ur
566 1608 239 43 vederbörliga
825 1609 52 33 till
896 1609 194 43 högskolan
1110 1610 166 34 anvisade
1297 1612 131 41 anslag.

303 1666 401 43 Departementschefen
721 1667 64 34 har
802 1668 117 33 anfört
935 1668 168 42 följande.

302 1738 70 34 För
387 1751 85 31 egen
489 1740 54 33 del
561 1740 64 33 har
640 1740 60 43 jag
716 1741 75 33 icke
808 1741 118 34 funnit
943 1742 190 43 anledning
1148 1743 52 34 till
1218 1744 138 34 erinran
1367 1750 75 29 mot
1455 1746 69 33 vad
1536 1748 207 41 överstyrel-

257 1795 61 21 sen
337 1784 10 33 i
367 1784 100 33 detta
483 1785 200 34 hänseende
701 1785 129 40 anfört,
848 1787 66 33 och
931 1786 60 42 jag
1010 1787 59 33 vill
1088 1788 246 43 understryka,
1354 1794 55 29 att
1426 1790 61 42 jag
1505 1791 10 33 i
1533 1791 112 34 likhet
1663 1792 80 33 med

256 1828 255 42 överstyrelsen
531 1841 101 21 anser
651 1835 54 28 att
724 1830 43 33 de
786 1830 124 43 gjorda
928 1831 301 43 investeringarna
1247 1834 47 41 på
1312 1838 54 29 ett
1385 1834 75 34 icke
1480 1836 171 33 önskvärt
1671 1839 72 30 sätt

255 1871 181 43 föregripit
457 1872 123 44 frågan
601 1886 58 21 om
680 1874 232 35 donationens
932 1876 243 43 mottagande.
1195 1877 68 43 Jag
1283 1890 100 21 anser
1404 1879 71 42 mig
1495 1880 107 33 också
1622 1880 119 33 kunna

254 1916 143 34 biträda
421 1919 272 41 överstyrelsens
718 1919 130 43 förslag
872 1932 57 21 om
954 1920 259 42 godkännande
1240 1934 45 21 av
1311 1922 68 33 den
1405 1924 338 34 överenskommelse

255 1961 180 42 angående
458 1963 207 42 avstörning
687 1975 44 21 av
754 1964 242 34 motorfordon
1020 1965 66 33 och
1109 1965 113 40 båtar,
1246 1978 74 22 som
1345 1967 140 34 träffats
1507 1969 81 33 med
1613 1969 129 33 Onsala

255 2007 146 33 sockens
419 2007 191 42 skifteslag.
627 2008 79 33 Min
725 2008 222 42 ståndpunkt
965 2009 10 33 i
993 2009 124 42 frågan
1134 2022 58 21 om
1209 2011 314 34 Råödonationens
1540 2018 201 37 mottagan-

254 2050 43 34 de
315 2051 66 33 och
399 2051 42 33 de
458 2052 145 33 därmed
622 2052 233 43 förknippade
872 2053 92 34 olika
982 2054 350 42 omständigheterna
1349 2056 70 32 kan
1438 2056 119 34 därför
1574 2057 10 33 i
1603 2058 138 33 huvud-

255 2096 63 32 sak
336 2096 144 42 angivas
498 2097 45 41 på
561 2096 156 42 följande
735 2100 84 31 sätt.
861 2110 43 28 Jag
921 2110 110 27 anser,
1050 2103 56 29 att
1124 2099 215 34 donationen
1357 2100 64 33 bör
1437 2106 179 37 mottagas
1634 2103 47 41 på
1698 2102 43 33 de

254 2140 9 32 i
282 2140 216 41 gåvobrevet
516 2141 154 42 angivna
687 2142 181 39 villkoren,
887 2147 54 28 att
960 2142 214 42 fastigheten
1192 2143 64 33 bör
1274 2144 120 34 ställas
1413 2145 110 33 under
1542 2145 198 43 byggnads-

253 2185 188 41 styrelsens
466 2185 86 33 vård
577 2186 66 33 och
667 2185 226 43 förvaltning,
918 2191 54 29 att
997 2188 67 33 den
1090 2187 10 33 i
1125 2188 347 43 avstörningsfrågan
1496 2190 81 33 med
1603 2190 137 34 skiftes-

252 2229 95 41 laget
366 2229 149 34 träffade
535 2231 361 33 överenskommelsen
918 2231 62 33 bör
998 2232 171 41 godtagas
1189 2237 93 29 samt
1302 2238 55 28 att
1377 2245 41 21 ur
1436 2234 212 41 högskolans
1667 2247 73 20 ma-

253 2273 221 44 terielanslag
499 2274 64 33 bör
589 2274 38 34 få
652 2275 172 33 bestridas
850 2276 288 41 uppkommande
1165 2277 191 33 kostnader
1382 2277 53 34 för
1461 2278 208 41 avstörning
1695 2291 45 21 av

252 2317 243 34 motorfordon
515 2331 47 21 m.
583 2331 48 21 m.
651 2319 65 33 och
737 2332 41 21 ur
798 2320 77 33 dess
896 2320 354 42 omkostnadsanslag
1269 2322 192 33 kostnader
1481 2322 54 33 för
1556 2322 182 34 underhåll

253 2374 45 21 av
314 2363 69 33 den
399 2363 8 33 i
425 2363 145 33 ärendet
586 2364 152 41 angivna
755 2367 123 38 vägen,
895 2364 53 33 för
962 2365 167 33 elektrisk
1145 2369 109 30 ström
1271 2378 46 21 m.
1333 2378 47 22 m.
1396 2367 66 33 och
1478 2366 54 34 för
1547 2367 191 42 uppföran-

253 2407 59 33 det
333 2419 45 21 av
397 2419 42 21 en
458 2407 282 34 transformator.

297 2451 67 33 Ett
387 2451 229 42 mottagande
640 2464 45 21 av
707 2452 214 34 donationen
943 2453 63 33 har
1029 2465 46 21 av
1098 2453 261 35 vederbörande
1382 2455 58 34 vid
1463 2455 194 44 högskolan
1682 2459 56 34 be-
