<?xml version="1.0" encoding="UTF-8"?>
<alto xmlns="http://www.loc.gov/standards/alto/ns-v3#" xmlns:xlink="http://www.w3.org/1999/xlink" xmlns:xsi="http://www.w3.org/2001/XMLSchema-instance" xsi:schemaLocation="http://www.loc.gov/standards/alto/ns-v3# http://www.loc.gov/alto/v3/alto-3-0.xsd">
	<Description>
		<MeasurementUnit>pixel</MeasurementUnit>
		<sourceImageInformation>
			<fileName>/tmp/tess_z33acc94_input.PNG</fileName>
		</sourceImageInformation>
		<OCRProcessing ID="OCR_0">
			<ocrProcessingStep>
				<processingSoftware>
					<softwareName>tesseract 5.3.0</softwareName>
				</processingSoftware>
			</ocrProcessingStep>
		</OCRProcessing>
	</Description>
	<Layout>
		<Page WIDTH="2182" HEIGHT="2630" PHYSICAL_IMG_NR="0" ID="page_0">
			<PrintSpace HPOS="0" VPOS="0" WIDTH="2182" HEIGHT="2630">
				<ComposedBlock ID="cblock_0" HPOS="611" VPOS="217" WIDTH="1123" HEIGHT="38">
					<TextBlock ID="block_0" HPOS="611" VPOS="217" WIDTH="1123" HEIGHT="38">
						<TextLine ID="line_0" HPOS="611" VPOS="217" WIDTH="1123" HEIGHT="38">
							<String ID="string_0" HPOS="611" VPOS="217" WIDTH="412" HEIGHT="37" WC="0.89" CONTENT="Konstitutionsutskottets"/><SP WIDTH="29" VPOS="217" HPOS="1023"/>
							<String ID="string_1" HPOS="1052" VPOS="219" WIDTH="173" HEIGHT="34" WC="0.96" CONTENT="Utlåtande"/><SP WIDTH="24" VPOS="219" HPOS="1225"/>
							<String ID="string_2" HPOS="1249" VPOS="222" WIDTH="61" HEIGHT="32" WC="0.96" CONTENT="N:o"/><SP WIDTH="23" VPOS="222" HPOS="1310"/>
							<String ID="string_3" HPOS="1333" VPOS="225" WIDTH="28" HEIGHT="30" WC="0.95" CONTENT="2."/><SP WIDTH="361" VPOS="225" HPOS="1361"/>
							<String ID="string_4" HPOS="1722" VPOS="226" WIDTH="12" HEIGHT="28" WC="0.96" CONTENT="1"/>
						</TextLine>
					</TextBlock>
				</ComposedBlock>
				<ComposedBlock ID="cblock_1" HPOS="733" VPOS="731" WIDTH="956" HEIGHT="198">
					<TextBlock ID="block_1" HPOS="733" VPOS="731" WIDTH="956" HEIGHT="198">
						<TextLine ID="line_1" HPOS="905" VPOS="731" WIDTH="143" HEIGHT="44">
							<String ID="string_5" HPOS="905" VPOS="731" WIDTH="76" HEIGHT="43" WC="0.95" CONTENT="N:o"/><SP WIDTH="28" VPOS="731" HPOS="981"/>
							<String ID="string_6" HPOS="1009" VPOS="733" WIDTH="39" HEIGHT="42" WC="0.95" CONTENT="2."/>
						</TextLine>
						<TextLine ID="line_2" HPOS="733" VPOS="887" WIDTH="956" HEIGHT="42">
							<String ID="string_7" HPOS="733" VPOS="887" WIDTH="75" HEIGHT="30" WC="0.84" CONTENT="Ank,"/><SP WIDTH="25" VPOS="887" HPOS="808"/>
							<String ID="string_8" HPOS="833" VPOS="888" WIDTH="42" HEIGHT="29" WC="0.93" CONTENT="till"/><SP WIDTH="22" VPOS="888" HPOS="875"/>
							<String ID="string_9" HPOS="897" VPOS="888" WIDTH="103" HEIGHT="30" WC="0.89" CONTENT="Riksd."/><SP WIDTH="26" VPOS="888" HPOS="1000"/>
							<String ID="string_10" HPOS="1026" VPOS="889" WIDTH="94" HEIGHT="30" WC="0.96" CONTENT="kansli"/><SP WIDTH="23" VPOS="889" HPOS="1120"/>
							<String ID="string_11" HPOS="1143" VPOS="891" WIDTH="57" HEIGHT="29" WC="0.96" CONTENT="den"/><SP WIDTH="24" VPOS="891" HPOS="1200"/>
							<String ID="string_12" HPOS="1224" VPOS="893" WIDTH="38" HEIGHT="28" WC="0.96" CONTENT="12"/><SP WIDTH="25" VPOS="893" HPOS="1262"/>
							<String ID="string_13" HPOS="1287" VPOS="901" WIDTH="77" HEIGHT="21" WC="0.96" CONTENT="mars"/><SP WIDTH="23" VPOS="901" HPOS="1364"/>
							<String ID="string_14" HPOS="1387" VPOS="894" WIDTH="89" HEIGHT="35" WC="0.96" CONTENT="1901,"/><SP WIDTH="24" VPOS="894" HPOS="1476"/>
							<String ID="string_15" HPOS="1500" VPOS="893" WIDTH="38" HEIGHT="31" WC="0.95" CONTENT="kl."/><SP WIDTH="25" VPOS="893" HPOS="1538"/>
							<String ID="string_16" HPOS="1563" VPOS="895" WIDTH="18" HEIGHT="29" WC="0.93" CONTENT="3"/><SP WIDTH="23" VPOS="895" HPOS="1581"/>
							<String ID="string_17" HPOS="1604" VPOS="905" WIDTH="25" HEIGHT="20" WC="0.86" CONTENT="e."/><SP WIDTH="23" VPOS="905" HPOS="1629"/>
							<String ID="string_18" HPOS="1652" VPOS="904" WIDTH="37" HEIGHT="21" WC="0.91" CONTENT="m."/>
						</TextLine>
					</TextBlock>
				</ComposedBlock>
				<ComposedBlock ID="cblock_2" HPOS="375" VPOS="1027" WIDTH="1398" HEIGHT="274">
					<TextBlock ID="block_2" HPOS="375" VPOS="1027" WIDTH="1398" HEIGHT="274">
						<TextLine ID="line_3" HPOS="375" VPOS="1027" WIDTH="1397" HEIGHT="61">
							<String ID="string_19" HPOS="375" VPOS="1027" WIDTH="430" HEIGHT="38" WC="0.91" CONTENT="Konstitutionsutskottets"/><SP WIDTH="38" VPOS="1027" HPOS="805"/>
							<String ID="string_20" HPOS="843" VPOS="1031" WIDTH="187" HEIGHT="44" WC="0.91" CONTENT="utlåtande,"/><SP WIDTH="40" VPOS="1031" HPOS="1030"/>
							<String ID="string_21" HPOS="1070" VPOS="1033" WIDTH="14" HEIGHT="34" WC="0.96" CONTENT="i"/><SP WIDTH="31" VPOS="1033" HPOS="1084"/>
							<String ID="string_22" HPOS="1115" VPOS="1032" WIDTH="110" HEIGHT="46" WC="0.95" CONTENT="fråga"/><SP WIDTH="38" VPOS="1032" HPOS="1225"/>
							<String ID="string_23" HPOS="1263" VPOS="1046" WIDTH="52" HEIGHT="23" WC="0.73" CONTENT="com"/><SP WIDTH="39" VPOS="1046" HPOS="1315"/>
							<String ID="string_24" HPOS="1354" VPOS="1035" WIDTH="181" HEIGHT="44" WC="0.95" CONTENT="skrifvelse"/><SP WIDTH="31" VPOS="1035" HPOS="1535"/>
							<String ID="string_25" HPOS="1566" VPOS="1038" WIDTH="54" HEIGHT="35" WC="0.95" CONTENT="till"/><SP WIDTH="25" VPOS="1038" HPOS="1620"/>
							<String ID="string_26" HPOS="1645" VPOS="1034" WIDTH="127" HEIGHT="54" WC="0.96" CONTENT="Kongl."/>
						</TextLine>
						<TextLine ID="line_4" HPOS="571" VPOS="1089" WIDTH="1202" HEIGHT="51">
							<String ID="string_27" HPOS="571" VPOS="1089" WIDTH="109" HEIGHT="42" WC="0.78" CONTENT="Maj:t"/><SP WIDTH="26" VPOS="1089" HPOS="680"/>
							<String ID="string_28" HPOS="706" VPOS="1091" WIDTH="178" HEIGHT="42" WC="0.96" CONTENT="angående"/><SP WIDTH="25" VPOS="1091" HPOS="884"/>
							<String ID="string_29" HPOS="909" VPOS="1092" WIDTH="111" HEIGHT="34" WC="0.96" CONTENT="sådan"/><SP WIDTH="27" VPOS="1092" HPOS="1020"/>
							<String ID="string_30" HPOS="1047" VPOS="1092" WIDTH="150" HEIGHT="45" WC="0.96" CONTENT="ändring"/><SP WIDTH="26" VPOS="1092" HPOS="1197"/>
							<String ID="string_31" HPOS="1223" VPOS="1093" WIDTH="13" HEIGHT="35" WC="0.96" CONTENT="i"/><SP WIDTH="23" VPOS="1093" HPOS="1236"/>
							<String ID="string_32" HPOS="1259" VPOS="1094" WIDTH="166" HEIGHT="44" WC="0.96" CONTENT="gällande"/><SP WIDTH="21" VPOS="1094" HPOS="1425"/>
							<String ID="string_33" HPOS="1446" VPOS="1097" WIDTH="158" HEIGHT="42" WC="0.95" CONTENT="grunder"/><SP WIDTH="15" VPOS="1097" HPOS="1604"/>
							<String ID="string_34" HPOS="1619" VPOS="1096" WIDTH="67" HEIGHT="44" WC="0.93" CONTENT="för"/><SP WIDTH="17" VPOS="1096" HPOS="1686"/>
							<String ID="string_35" HPOS="1703" VPOS="1099" WIDTH="70" HEIGHT="35" WC="0.92" CONTENT="val-"/>
						</TextLine>
						<TextLine ID="line_5" HPOS="570" VPOS="1149" WIDTH="1203" HEIGHT="50">
							<String ID="string_36" HPOS="570" VPOS="1151" WIDTH="72" HEIGHT="31" WC="0.49" CONTENT="rätt"/><SP WIDTH="40" VPOS="1151" HPOS="642"/>
							<String ID="string_37" HPOS="682" VPOS="1149" WIDTH="54" HEIGHT="34" WC="0.95" CONTENT="till"/><SP WIDTH="31" VPOS="1149" HPOS="736"/>
							<String ID="string_38" HPOS="767" VPOS="1149" WIDTH="127" HEIGHT="36" WC="0.94" CONTENT="Andra"/><SP WIDTH="26" VPOS="1149" HPOS="894"/>
							<String ID="string_39" HPOS="920" VPOS="1150" WIDTH="226" HEIGHT="45" WC="0.96" CONTENT="Kammaren,"/><SP WIDTH="28" VPOS="1150" HPOS="1146"/>
							<String ID="string_40" HPOS="1174" VPOS="1155" WIDTH="49" HEIGHT="32" WC="0.96" CONTENT="att"/><SP WIDTH="16" VPOS="1155" HPOS="1223"/>
							<String ID="string_41" HPOS="1239" VPOS="1153" WIDTH="170" HEIGHT="46" WC="0.95" CONTENT="flyttning"/><SP WIDTH="19" VPOS="1153" HPOS="1409"/>
							<String ID="string_42" HPOS="1428" VPOS="1154" WIDTH="93" HEIGHT="43" WC="0.96" CONTENT="från"/><SP WIDTH="27" VPOS="1154" HPOS="1521"/>
							<String ID="string_43" HPOS="1548" VPOS="1167" WIDTH="42" HEIGHT="24" WC="0.96" CONTENT="en"/><SP WIDTH="26" VPOS="1167" HPOS="1590"/>
							<String ID="string_44" HPOS="1616" VPOS="1158" WIDTH="157" HEIGHT="35" WC="0.95" CONTENT="kommun"/>
						</TextLine>
						<TextLine ID="line_6" HPOS="568" VPOS="1206" WIDTH="1204" HEIGHT="50">
							<String ID="string_45" HPOS="568" VPOS="1206" WIDTH="54" HEIGHT="35" WC="0.95" CONTENT="till"/><SP WIDTH="26" VPOS="1206" HPOS="622"/>
							<String ID="string_46" HPOS="648" VPOS="1219" WIDTH="42" HEIGHT="23" WC="0.95" CONTENT="en"/><SP WIDTH="26" VPOS="1219" HPOS="690"/>
							<String ID="string_47" HPOS="716" VPOS="1219" WIDTH="119" HEIGHT="24" WC="0.96" CONTENT="annan"/><SP WIDTH="27" VPOS="1219" HPOS="835"/>
							<String ID="string_48" HPOS="862" VPOS="1210" WIDTH="35" HEIGHT="41" WC="0.94" CONTENT="ej"/><SP WIDTH="23" VPOS="1210" HPOS="897"/>
							<String ID="string_49" HPOS="920" VPOS="1211" WIDTH="56" HEIGHT="33" WC="0.96" CONTENT="må"/><SP WIDTH="26" VPOS="1211" HPOS="976"/>
							<String ID="string_50" HPOS="1002" VPOS="1211" WIDTH="159" HEIGHT="42" WC="0.96" CONTENT="medföra"/><SP WIDTH="20" VPOS="1211" HPOS="1161"/>
							<String ID="string_51" HPOS="1181" VPOS="1211" WIDTH="136" HEIGHT="43" WC="0.96" CONTENT="förlust"/><SP WIDTH="26" VPOS="1211" HPOS="1317"/>
							<String ID="string_52" HPOS="1343" VPOS="1213" WIDTH="45" HEIGHT="43" WC="0.89" CONTENT="af"/><SP WIDTH="11" VPOS="1213" HPOS="1388"/>
							<String ID="string_53" HPOS="1399" VPOS="1214" WIDTH="130" HEIGHT="36" WC="0.89" CONTENT="valrätt"/><SP WIDTH="18" VPOS="1214" HPOS="1529"/>
							<String ID="string_54" HPOS="1547" VPOS="1216" WIDTH="54" HEIGHT="35" WC="0.93" CONTENT="till"/><SP WIDTH="17" VPOS="1216" HPOS="1601"/>
							<String ID="string_55" HPOS="1618" VPOS="1219" WIDTH="154" HEIGHT="33" WC="0.96" CONTENT="nämnda"/>
						</TextLine>
						<TextLine ID="line_7" HPOS="571" VPOS="1265" WIDTH="184" HEIGHT="36">
							<String ID="string_56" HPOS="571" VPOS="1265" WIDTH="184" HEIGHT="36" WC="0.96" CONTENT="kammare."/>
						</TextLine>
					</TextBlock>
				</ComposedBlock>
				<ComposedBlock ID="cblock_3" HPOS="154" VPOS="1413" WIDTH="1618" HEIGHT="962">
					<TextBlock ID="block_3" HPOS="160" VPOS="1413" WIDTH="1612" HEIGHT="442">
						<TextLine ID="line_8" HPOS="298" VPOS="1413" WIDTH="1470" HEIGHT="54">
							<String ID="string_57" HPOS="298" VPOS="1413" WIDTH="84" HEIGHT="36" WC="0.96" CONTENT="Med"/><SP WIDTH="28" VPOS="1413" HPOS="382"/>
							<String ID="string_58" HPOS="410" VPOS="1416" WIDTH="189" HEIGHT="45" WC="0.96" CONTENT="anledning"/><SP WIDTH="27" VPOS="1416" HPOS="599"/>
							<String ID="string_59" HPOS="626" VPOS="1417" WIDTH="39" HEIGHT="35" WC="0.96" CONTENT="af"/><SP WIDTH="24" VPOS="1417" HPOS="665"/>
							<String ID="string_60" HPOS="689" VPOS="1428" WIDTH="41" HEIGHT="24" WC="0.96" CONTENT="en"/><SP WIDTH="29" VPOS="1428" HPOS="730"/>
							<String ID="string_61" HPOS="759" VPOS="1417" WIDTH="59" HEIGHT="35" WC="0.93" CONTENT="vid"/><SP WIDTH="27" VPOS="1417" HPOS="818"/>
							<String ID="string_62" HPOS="845" VPOS="1420" WIDTH="166" HEIGHT="35" WC="0.93" CONTENT="nästlidet"/><SP WIDTH="27" VPOS="1420" HPOS="1011"/>
							<String ID="string_63" HPOS="1038" VPOS="1418" WIDTH="58" HEIGHT="38" WC="0.96" CONTENT="års"/><SP WIDTH="26" VPOS="1418" HPOS="1096"/>
							<String ID="string_64" HPOS="1122" VPOS="1422" WIDTH="146" HEIGHT="45" WC="0.96" CONTENT="riksdag"/><SP WIDTH="26" VPOS="1422" HPOS="1268"/>
							<String ID="string_65" HPOS="1294" VPOS="1424" WIDTH="90" HEIGHT="36" WC="0.96" CONTENT="inom"/><SP WIDTH="24" VPOS="1424" HPOS="1384"/>
							<String ID="string_66" HPOS="1408" VPOS="1423" WIDTH="126" HEIGHT="38" WC="0.93" CONTENT="Andra"/><SP WIDTH="19" VPOS="1423" HPOS="1534"/>
							<String ID="string_67" HPOS="1553" VPOS="1425" WIDTH="215" HEIGHT="39" WC="0.91" CONTENT="Kammarén"/>
						</TextLine>
						<TextLine ID="line_9" HPOS="165" VPOS="1464" WIDTH="1607" HEIGHT="58">
							<String ID="string_68" HPOS="165" VPOS="1464" WIDTH="40" HEIGHT="34" WC="0.95" CONTENT="af"/><SP WIDTH="24" VPOS="1464" HPOS="205"/>
							<String ID="string_69" HPOS="229" VPOS="1464" WIDTH="81" HEIGHT="35" WC="0.95" CONTENT="herr"/><SP WIDTH="29" VPOS="1464" HPOS="310"/>
							<String ID="string_70" HPOS="339" VPOS="1465" WIDTH="118" HEIGHT="35" WC="0.96" CONTENT="David"/><SP WIDTH="26" VPOS="1465" HPOS="457"/>
							<String ID="string_71" HPOS="483" VPOS="1467" WIDTH="200" HEIGHT="44" WC="0.96" CONTENT="Bergström"/><SP WIDTH="27" VPOS="1467" HPOS="683"/>
							<String ID="string_72" HPOS="710" VPOS="1470" WIDTH="108" HEIGHT="34" WC="0.96" CONTENT="väckt"/><SP WIDTH="27" VPOS="1470" HPOS="818"/>
							<String ID="string_73" HPOS="845" VPOS="1471" WIDTH="140" HEIGHT="43" WC="0.96" CONTENT="motion,"/><SP WIDTH="29" VPOS="1471" HPOS="985"/>
							<String ID="string_74" HPOS="1014" VPOS="1482" WIDTH="56" HEIGHT="25" WC="0.96" CONTENT="n:o"/><SP WIDTH="31" VPOS="1482" HPOS="1070"/>
							<String ID="string_75" HPOS="1101" VPOS="1474" WIDTH="80" HEIGHT="43" WC="0.96" CONTENT="154,"/><SP WIDTH="30" VPOS="1474" HPOS="1181"/>
							<String ID="string_76" HPOS="1211" VPOS="1472" WIDTH="179" HEIGHT="46" WC="0.96" CONTENT="angående"/><SP WIDTH="26" VPOS="1472" HPOS="1390"/>
							<String ID="string_77" HPOS="1416" VPOS="1477" WIDTH="134" HEIGHT="35" WC="0.95" CONTENT="ändrad"/><SP WIDTH="28" VPOS="1477" HPOS="1550"/>
							<String ID="string_78" HPOS="1578" VPOS="1479" WIDTH="130" HEIGHT="43" WC="0.95" CONTENT="lydelse"/><SP WIDTH="24" VPOS="1479" HPOS="1708"/>
							<String ID="string_79" HPOS="1732" VPOS="1480" WIDTH="40" HEIGHT="35" WC="0.96" CONTENT="af"/>
						</TextLine>
						<TextLine ID="line_10" HPOS="164" VPOS="1513" WIDTH="1604" HEIGHT="57">
							<String ID="string_80" HPOS="164" VPOS="1513" WIDTH="46" HEIGHT="46" WC="0.36" CONTENT="$$"/><SP WIDTH="32" VPOS="1513" HPOS="210"/>
							<String ID="string_81" HPOS="242" VPOS="1517" WIDTH="42" HEIGHT="33" WC="0.96" CONTENT="17"/><SP WIDTH="30" VPOS="1517" HPOS="284"/>
							<String ID="string_82" HPOS="314" VPOS="1517" WIDTH="62" HEIGHT="34" WC="0.96" CONTENT="och"/><SP WIDTH="32" VPOS="1517" HPOS="376"/>
							<String ID="string_83" HPOS="408" VPOS="1519" WIDTH="41" HEIGHT="32" WC="0.91" CONTENT="19"/><SP WIDTH="28" VPOS="1519" HPOS="449"/>
							<String ID="string_84" HPOS="477" VPOS="1518" WIDTH="366" HEIGHT="46" WC="0.91" CONTENT="riksdagsordningen,"/><SP WIDTH="25" VPOS="1518" HPOS="843"/>
							<String ID="string_85" HPOS="868" VPOS="1521" WIDTH="150" HEIGHT="45" WC="0.96" CONTENT="föreslog"/><SP WIDTH="19" VPOS="1521" HPOS="1018"/>
							<String ID="string_86" HPOS="1037" VPOS="1533" WIDTH="130" HEIGHT="25" WC="0.94" CONTENT="samma"/><SP WIDTH="19" VPOS="1533" HPOS="1167"/>
							<String ID="string_87" HPOS="1186" VPOS="1524" WIDTH="176" HEIGHT="46" WC="0.91" CONTENT="Riksdags"/><SP WIDTH="17" VPOS="1524" HPOS="1362"/>
							<String ID="string_88" HPOS="1379" VPOS="1527" WIDTH="389" HEIGHT="38" WC="0.91" CONTENT="konstitutionsutskott"/>
						</TextLine>
						<TextLine ID="line_11" HPOS="164" VPOS="1565" WIDTH="1601" HEIGHT="65">
							<String ID="string_89" HPOS="164" VPOS="1565" WIDTH="52" HEIGHT="34" WC="0.91" CONTENT="uti"/><SP WIDTH="40" VPOS="1565" HPOS="216"/>
							<String ID="string_90" HPOS="256" VPOS="1565" WIDTH="150" HEIGHT="44" WC="0.88" CONTENT="afgifvet"/><SP WIDTH="39" VPOS="1565" HPOS="406"/>
							<String ID="string_91" HPOS="445" VPOS="1566" WIDTH="193" HEIGHT="46" WC="0.95" CONTENT="utlåtande,"/><SP WIDTH="43" VPOS="1566" HPOS="638"/>
							<String ID="string_92" HPOS="681" VPOS="1580" WIDTH="56" HEIGHT="24" WC="0.96" CONTENT="n:o"/><SP WIDTH="44" VPOS="1580" HPOS="737"/>
							<String ID="string_93" HPOS="781" VPOS="1572" WIDTH="32" HEIGHT="41" WC="0.96" CONTENT="7,"/><SP WIDTH="42" VPOS="1572" HPOS="813"/>
							<String ID="string_94" HPOS="855" VPOS="1575" WIDTH="54" HEIGHT="31" WC="0.96" CONTENT="att"/><SP WIDTH="30" VPOS="1575" HPOS="909"/>
							<String ID="string_95" HPOS="939" VPOS="1572" WIDTH="204" HEIGHT="46" WC="0.96" CONTENT="Riksdagen"/><SP WIDTH="27" VPOS="1572" HPOS="1143"/>
							<String ID="string_96" HPOS="1170" VPOS="1573" WIDTH="109" HEIGHT="37" WC="0.96" CONTENT="måtte"/><SP WIDTH="27" VPOS="1573" HPOS="1279"/>
							<String ID="string_97" HPOS="1306" VPOS="1576" WIDTH="11" HEIGHT="35" WC="0.96" CONTENT="i"/><SP WIDTH="27" VPOS="1576" HPOS="1317"/>
							<String ID="string_98" HPOS="1344" VPOS="1578" WIDTH="183" HEIGHT="35" WC="0.96" CONTENT="skrifvelse"/><SP WIDTH="28" VPOS="1578" HPOS="1527"/>
							<String ID="string_99" HPOS="1555" VPOS="1579" WIDTH="55" HEIGHT="35" WC="0.96" CONTENT="till"/><SP WIDTH="25" VPOS="1579" HPOS="1610"/>
							<String ID="string_100" HPOS="1635" VPOS="1575" WIDTH="130" HEIGHT="55" WC="0.95" CONTENT="Kongl."/>
						</TextLine>
						<TextLine ID="line_12" HPOS="162" VPOS="1615" WIDTH="1604" HEIGHT="60">
							<String ID="string_101" HPOS="162" VPOS="1615" WIDTH="108" HEIGHT="45" WC="0.96" CONTENT="Maj:t"/><SP WIDTH="27" VPOS="1615" HPOS="270"/>
							<String ID="string_102" HPOS="297" VPOS="1615" WIDTH="152" HEIGHT="46" WC="0.96" CONTENT="anhålla,"/><SP WIDTH="29" VPOS="1615" HPOS="449"/>
							<String ID="string_103" HPOS="478" VPOS="1619" WIDTH="58" HEIGHT="34" WC="0.96" CONTENT="det"/><SP WIDTH="27" VPOS="1619" HPOS="536"/>
							<String ID="string_104" HPOS="563" VPOS="1620" WIDTH="137" HEIGHT="34" WC="0.96" CONTENT="täcktes"/><SP WIDTH="26" VPOS="1620" HPOS="700"/>
							<String ID="string_105" HPOS="726" VPOS="1620" WIDTH="130" HEIGHT="45" WC="0.95" CONTENT="Kongl."/><SP WIDTH="30" VPOS="1620" HPOS="856"/>
							<String ID="string_106" HPOS="886" VPOS="1622" WIDTH="109" HEIGHT="45" WC="0.96" CONTENT="Maj:t"/><SP WIDTH="26" VPOS="1622" HPOS="995"/>
							<String ID="string_107" HPOS="1021" VPOS="1624" WIDTH="54" HEIGHT="35" WC="0.96" CONTENT="för"/><SP WIDTH="26" VPOS="1624" HPOS="1075"/>
							<String ID="string_108" HPOS="1101" VPOS="1624" WIDTH="203" HEIGHT="46" WC="0.96" CONTENT="Riksdagen"/><SP WIDTH="29" VPOS="1624" HPOS="1304"/>
							<String ID="string_109" HPOS="1333" VPOS="1627" WIDTH="196" HEIGHT="46" WC="0.96" CONTENT="framlägga"/><SP WIDTH="28" VPOS="1627" HPOS="1529"/>
							<String ID="string_110" HPOS="1557" VPOS="1630" WIDTH="132" HEIGHT="45" WC="0.96" CONTENT="förslag"/><SP WIDTH="24" VPOS="1630" HPOS="1689"/>
							<String ID="string_111" HPOS="1713" VPOS="1632" WIDTH="53" HEIGHT="34" WC="0.96" CONTENT="till"/>
						</TextLine>
						<TextLine ID="line_13" HPOS="163" VPOS="1664" WIDTH="1603" HEIGHT="56">
							<String ID="string_112" HPOS="163" VPOS="1664" WIDTH="107" HEIGHT="36" WC="0.96" CONTENT="sådan"/><SP WIDTH="43" VPOS="1664" HPOS="270"/>
							<String ID="string_113" HPOS="313" VPOS="1668" WIDTH="148" HEIGHT="44" WC="0.96" CONTENT="ändring"/><SP WIDTH="39" VPOS="1668" HPOS="461"/>
							<String ID="string_114" HPOS="500" VPOS="1669" WIDTH="12" HEIGHT="34" WC="0.95" CONTENT="i"/><SP WIDTH="38" VPOS="1669" HPOS="512"/>
							<String ID="string_115" HPOS="550" VPOS="1670" WIDTH="163" HEIGHT="43" WC="0.95" CONTENT="gällande"/><SP WIDTH="41" VPOS="1670" HPOS="713"/>
							<String ID="string_116" HPOS="754" VPOS="1672" WIDTH="259" HEIGHT="36" WC="0.96" CONTENT="bestämmelser"/><SP WIDTH="39" VPOS="1672" HPOS="1013"/>
							<String ID="string_117" HPOS="1052" VPOS="1676" WIDTH="148" HEIGHT="34" WC="0.95" CONTENT="rörande"/><SP WIDTH="39" VPOS="1676" HPOS="1200"/>
							<String ID="string_118" HPOS="1239" VPOS="1678" WIDTH="199" HEIGHT="42" WC="0.96" CONTENT="grunderna"/><SP WIDTH="32" VPOS="1678" HPOS="1438"/>
							<String ID="string_119" HPOS="1470" VPOS="1680" WIDTH="55" HEIGHT="34" WC="0.93" CONTENT="för"/><SP WIDTH="26" VPOS="1680" HPOS="1525"/>
							<String ID="string_120" HPOS="1551" VPOS="1681" WIDTH="134" HEIGHT="35" WC="0.91" CONTENT="valrätt"/><SP WIDTH="27" VPOS="1681" HPOS="1685"/>
							<String ID="string_121" HPOS="1712" VPOS="1683" WIDTH="54" HEIGHT="34" WC="0.96" CONTENT="till"/>
						</TextLine>
						<TextLine ID="line_14" HPOS="163" VPOS="1715" WIDTH="1601" HEIGHT="60">
							<String ID="string_122" HPOS="163" VPOS="1715" WIDTH="124" HEIGHT="36" WC="0.94" CONTENT="Andra"/><SP WIDTH="29" VPOS="1715" HPOS="287"/>
							<String ID="string_123" HPOS="316" VPOS="1717" WIDTH="223" HEIGHT="45" WC="0.96" CONTENT="Kammaren,"/><SP WIDTH="29" VPOS="1717" HPOS="539"/>
							<String ID="string_124" HPOS="568" VPOS="1723" WIDTH="54" HEIGHT="31" WC="0.97" CONTENT="att"/><SP WIDTH="23" VPOS="1723" HPOS="622"/>
							<String ID="string_125" HPOS="645" VPOS="1722" WIDTH="124" HEIGHT="34" WC="0.96" CONTENT="enbart"/><SP WIDTH="27" VPOS="1722" HPOS="769"/>
							<String ID="string_126" HPOS="796" VPOS="1722" WIDTH="65" HEIGHT="34" WC="0.96" CONTENT="den"/><SP WIDTH="28" VPOS="1722" HPOS="861"/>
							<String ID="string_127" HPOS="889" VPOS="1725" WIDTH="311" HEIGHT="44" WC="0.96" CONTENT="omständigheten,"/><SP WIDTH="29" VPOS="1725" HPOS="1200"/>
							<String ID="string_128" HPOS="1229" VPOS="1730" WIDTH="54" HEIGHT="31" WC="0.97" CONTENT="att"/><SP WIDTH="20" VPOS="1730" HPOS="1283"/>
							<String ID="string_129" HPOS="1303" VPOS="1738" WIDTH="41" HEIGHT="24" WC="0.96" CONTENT="en"/><SP WIDTH="19" VPOS="1738" HPOS="1344"/>
							<String ID="string_130" HPOS="1363" VPOS="1730" WIDTH="258" HEIGHT="44" WC="0.88" CONTENT="valberättigad"/><SP WIDTH="20" VPOS="1730" HPOS="1621"/>
							<String ID="string_131" HPOS="1641" VPOS="1742" WIDTH="123" HEIGHT="33" WC="0.96" CONTENT="person"/>
						</TextLine>
						<TextLine ID="line_15" HPOS="160" VPOS="1766" WIDTH="1604" HEIGHT="53">
							<String ID="string_132" HPOS="160" VPOS="1766" WIDTH="124" HEIGHT="44" WC="0.94" CONTENT="flyttar"/><SP WIDTH="41" VPOS="1766" HPOS="284"/>
							<String ID="string_133" HPOS="325" VPOS="1766" WIDTH="79" HEIGHT="37" WC="0.94" CONTENT="från"/><SP WIDTH="40" VPOS="1766" HPOS="404"/>
							<String ID="string_134" HPOS="444" VPOS="1780" WIDTH="42" HEIGHT="24" WC="0.96" CONTENT="en"/><SP WIDTH="41" VPOS="1780" HPOS="486"/>
							<String ID="string_135" HPOS="527" VPOS="1771" WIDTH="161" HEIGHT="34" WC="0.93" CONTENT="kommun"/><SP WIDTH="41" VPOS="1771" HPOS="688"/>
							<String ID="string_136" HPOS="729" VPOS="1772" WIDTH="54" HEIGHT="34" WC="0.93" CONTENT="till"/><SP WIDTH="41" VPOS="1772" HPOS="783"/>
							<String ID="string_137" HPOS="824" VPOS="1783" WIDTH="42" HEIGHT="24" WC="0.96" CONTENT="en"/><SP WIDTH="40" VPOS="1783" HPOS="866"/>
							<String ID="string_138" HPOS="906" VPOS="1784" WIDTH="127" HEIGHT="34" WC="0.96" CONTENT="annan,"/><SP WIDTH="43" VPOS="1784" HPOS="1033"/>
							<String ID="string_139" HPOS="1076" VPOS="1775" WIDTH="30" HEIGHT="44" WC="0.96" CONTENT="ej"/><SP WIDTH="39" VPOS="1775" HPOS="1106"/>
							<String ID="string_140" HPOS="1145" VPOS="1774" WIDTH="54" HEIGHT="37" WC="0.93" CONTENT="må"/><SP WIDTH="27" VPOS="1774" HPOS="1199"/>
							<String ID="string_141" HPOS="1226" VPOS="1778" WIDTH="144" HEIGHT="36" WC="0.80" CONTENT="beröfva"/><SP WIDTH="28" VPOS="1778" HPOS="1370"/>
							<String ID="string_142" HPOS="1398" VPOS="1779" WIDTH="123" HEIGHT="35" WC="0.91" CONTENT="honom"/><SP WIDTH="29" VPOS="1779" HPOS="1521"/>
							<String ID="string_143" HPOS="1550" VPOS="1782" WIDTH="133" HEIGHT="34" WC="0.91" CONTENT="valrätt"/><SP WIDTH="28" VPOS="1782" HPOS="1683"/>
							<String ID="string_144" HPOS="1711" VPOS="1783" WIDTH="53" HEIGHT="34" WC="0.96" CONTENT="till"/>
						</TextLine>
						<TextLine ID="line_16" HPOS="162" VPOS="1816" WIDTH="377" HEIGHT="39">
							<String ID="string_145" HPOS="162" VPOS="1816" WIDTH="124" HEIGHT="36" WC="0.96" CONTENT="Andra"/><SP WIDTH="28" VPOS="1816" HPOS="286"/>
							<String ID="string_146" HPOS="314" VPOS="1817" WIDTH="225" HEIGHT="38" WC="0.96" CONTENT="Kammaren."/>
						</TextLine>
					</TextBlock>
					<TextBlock ID="block_4" HPOS="154" VPOS="1868" WIDTH="1610" HEIGHT="458">
						<TextLine ID="line_17" HPOS="292" VPOS="1868" WIDTH="1471" HEIGHT="58">
							<String ID="string_147" HPOS="292" VPOS="1868" WIDTH="437" HEIGHT="39" WC="0.92" CONTENT="Konstitutionsutskottet"/><SP WIDTH="40" VPOS="1868" HPOS="729"/>
							<String ID="string_148" HPOS="769" VPOS="1873" WIDTH="144" HEIGHT="35" WC="0.96" CONTENT="anförde"/><SP WIDTH="28" VPOS="1873" HPOS="913"/>
							<String ID="string_149" HPOS="941" VPOS="1872" WIDTH="111" HEIGHT="38" WC="0.96" CONTENT="såsom"/><SP WIDTH="28" VPOS="1872" HPOS="1052"/>
							<String ID="string_150" HPOS="1080" VPOS="1876" WIDTH="76" HEIGHT="35" WC="0.95" CONTENT="skäl"/><SP WIDTH="39" VPOS="1876" HPOS="1156"/>
							<String ID="string_151" HPOS="1195" VPOS="1877" WIDTH="55" HEIGHT="35" WC="0.95" CONTENT="för"/><SP WIDTH="27" VPOS="1877" HPOS="1250"/>
							<String ID="string_152" HPOS="1277" VPOS="1879" WIDTH="354" HEIGHT="47" WC="0.92" CONTENT="skrifvelseförslaget"/><SP WIDTH="26" VPOS="1879" HPOS="1631"/>
							<String ID="string_153" HPOS="1657" VPOS="1883" WIDTH="106" HEIGHT="35" WC="0.95" CONTENT="bland"/>
						</TextLine>
						<TextLine ID="line_18" HPOS="161" VPOS="1919" WIDTH="1602" HEIGHT="58">
							<String ID="string_154" HPOS="161" VPOS="1921" WIDTH="109" HEIGHT="32" WC="0.96" CONTENT="annat"/><SP WIDTH="27" VPOS="1921" HPOS="270"/>
							<String ID="string_155" HPOS="297" VPOS="1919" WIDTH="165" HEIGHT="44" WC="0.93" CONTENT="följande:"/><SP WIDTH="36" VPOS="1919" HPOS="462"/>
							<String ID="string_156" HPOS="498" VPOS="1921" WIDTH="89" HEIGHT="36" WC="0.68" CONTENT="»Att"/><SP WIDTH="27" VPOS="1921" HPOS="587"/>
							<String ID="string_157" HPOS="614" VPOS="1933" WIDTH="42" HEIGHT="24" WC="0.96" CONTENT="en"/><SP WIDTH="27" VPOS="1933" HPOS="656"/>
							<String ID="string_158" HPOS="683" VPOS="1934" WIDTH="143" HEIGHT="33" WC="0.93" CONTENT="persons"/><SP WIDTH="27" VPOS="1934" HPOS="826"/>
							<String ID="string_159" HPOS="853" VPOS="1925" WIDTH="133" HEIGHT="35" WC="0.91" CONTENT="valrätt"/><SP WIDTH="28" VPOS="1925" HPOS="986"/>
							<String ID="string_160" HPOS="1014" VPOS="1926" WIDTH="63" HEIGHT="35" WC="0.97" CONTENT="och"/><SP WIDTH="29" VPOS="1926" HPOS="1077"/>
							<String ID="string_161" HPOS="1106" VPOS="1928" WIDTH="185" HEIGHT="36" WC="0.96" CONTENT="valbarhet"/><SP WIDTH="27" VPOS="1928" HPOS="1291"/>
							<String ID="string_162" HPOS="1318" VPOS="1930" WIDTH="52" HEIGHT="35" WC="0.96" CONTENT="till"/><SP WIDTH="27" VPOS="1930" HPOS="1370"/>
							<String ID="string_163" HPOS="1397" VPOS="1930" WIDTH="222" HEIGHT="47" WC="0.96" CONTENT="Riksdagens"/><SP WIDTH="18" VPOS="1930" HPOS="1619"/>
							<String ID="string_164" HPOS="1637" VPOS="1932" WIDTH="126" HEIGHT="37" WC="0.96" CONTENT="Andra"/>
						</TextLine>
						<TextLine ID="line_19" HPOS="159" VPOS="1967" WIDTH="1605" HEIGHT="60">
							<String ID="string_165" HPOS="159" VPOS="1967" WIDTH="191" HEIGHT="37" WC="0.94" CONTENT="Kammare"/><SP WIDTH="28" VPOS="1967" HPOS="350"/>
							<String ID="string_166" HPOS="378" VPOS="1971" WIDTH="118" HEIGHT="35" WC="0.96" CONTENT="kunna"/><SP WIDTH="27" VPOS="1971" HPOS="496"/>
							<String ID="string_167" HPOS="523" VPOS="1975" WIDTH="104" HEIGHT="41" WC="0.96" CONTENT="göras"/><SP WIDTH="29" VPOS="1975" HPOS="627"/>
							<String ID="string_168" HPOS="656" VPOS="1984" WIDTH="52" HEIGHT="24" WC="0.96" CONTENT="om"/><SP WIDTH="28" VPOS="1984" HPOS="708"/>
							<String ID="string_169" HPOS="736" VPOS="1974" WIDTH="90" HEIGHT="34" WC="0.96" CONTENT="intet"/><SP WIDTH="27" VPOS="1974" HPOS="826"/>
							<String ID="string_170" HPOS="853" VPOS="1976" WIDTH="123" HEIGHT="34" WC="0.96" CONTENT="enbart"/><SP WIDTH="27" VPOS="1976" HPOS="976"/>
							<String ID="string_171" HPOS="1003" VPOS="1975" WIDTH="45" HEIGHT="45" WC="0.96" CONTENT="på"/><SP WIDTH="27" VPOS="1975" HPOS="1048"/>
							<String ID="string_172" HPOS="1075" VPOS="1979" WIDTH="113" HEIGHT="42" WC="0.96" CONTENT="grund"/><SP WIDTH="28" VPOS="1979" HPOS="1188"/>
							<String ID="string_173" HPOS="1216" VPOS="1979" WIDTH="39" HEIGHT="34" WC="0.96" CONTENT="af"/><SP WIDTH="24" VPOS="1979" HPOS="1255"/>
							<String ID="string_174" HPOS="1279" VPOS="1981" WIDTH="65" HEIGHT="33" WC="0.96" CONTENT="den"/><SP WIDTH="29" VPOS="1981" HPOS="1344"/>
							<String ID="string_175" HPOS="1373" VPOS="1983" WIDTH="311" HEIGHT="44" WC="0.96" CONTENT="omständigheten,"/><SP WIDTH="26" VPOS="1983" HPOS="1684"/>
							<String ID="string_176" HPOS="1710" VPOS="1988" WIDTH="54" HEIGHT="31" WC="0.96" CONTENT="att"/>
						</TextLine>
						<TextLine ID="line_20" HPOS="159" VPOS="2019" WIDTH="1604" HEIGHT="57">
							<String ID="string_177" HPOS="159" VPOS="2029" WIDTH="167" HEIGHT="32" WC="0.96" CONTENT="personen"/><SP WIDTH="28" VPOS="2029" HPOS="326"/>
							<String ID="string_178" HPOS="354" VPOS="2020" WIDTH="11" HEIGHT="34" WC="0.96" CONTENT="i"/><SP WIDTH="29" VPOS="2020" HPOS="365"/>
							<String ID="string_179" HPOS="394" VPOS="2019" WIDTH="100" HEIGHT="46" WC="0.95" CONTENT="fråga"/><SP WIDTH="27" VPOS="2019" HPOS="494"/>
							<String ID="string_180" HPOS="521" VPOS="2022" WIDTH="124" HEIGHT="44" WC="0.95" CONTENT="flyttar"/><SP WIDTH="27" VPOS="2022" HPOS="645"/>
							<String ID="string_181" HPOS="672" VPOS="2022" WIDTH="78" HEIGHT="36" WC="0.96" CONTENT="från"/><SP WIDTH="28" VPOS="2022" HPOS="750"/>
							<String ID="string_182" HPOS="778" VPOS="2035" WIDTH="42" HEIGHT="24" WC="0.96" CONTENT="en"/><SP WIDTH="27" VPOS="2035" HPOS="820"/>
							<String ID="string_183" HPOS="847" VPOS="2025" WIDTH="163" HEIGHT="36" WC="0.96" CONTENT="kommun"/><SP WIDTH="28" VPOS="2025" HPOS="1010"/>
							<String ID="string_184" HPOS="1038" VPOS="2027" WIDTH="53" HEIGHT="34" WC="0.96" CONTENT="till"/><SP WIDTH="28" VPOS="2027" HPOS="1091"/>
							<String ID="string_185" HPOS="1119" VPOS="2038" WIDTH="41" HEIGHT="24" WC="0.96" CONTENT="en"/><SP WIDTH="20" VPOS="2038" HPOS="1160"/>
							<String ID="string_186" HPOS="1180" VPOS="2039" WIDTH="127" HEIGHT="34" WC="0.95" CONTENT="annan,"/><SP WIDTH="16" VPOS="2039" HPOS="1307"/>
							<String ID="string_187" HPOS="1323" VPOS="2029" WIDTH="108" HEIGHT="37" WC="0.96" CONTENT="måste"/><SP WIDTH="17" VPOS="2029" HPOS="1431"/>
							<String ID="string_188" HPOS="1448" VPOS="2033" WIDTH="108" HEIGHT="43" WC="0.96" CONTENT="enligt"/><SP WIDTH="17" VPOS="2033" HPOS="1556"/>
							<String ID="string_189" HPOS="1573" VPOS="2034" WIDTH="190" HEIGHT="35" WC="0.96" CONTENT="utskottets"/>
						</TextLine>
						<TextLine ID="line_21" HPOS="158" VPOS="2070" WIDTH="1606" HEIGHT="53">
							<String ID="string_190" HPOS="158" VPOS="2070" WIDTH="226" HEIGHT="44" WC="0.96" CONTENT="uppfattning"/><SP WIDTH="27" VPOS="2070" HPOS="384"/>
							<String ID="string_191" HPOS="411" VPOS="2081" WIDTH="101" HEIGHT="26" WC="0.96" CONTENT="anses"/><SP WIDTH="27" VPOS="2081" HPOS="512"/>
							<String ID="string_192" HPOS="539" VPOS="2073" WIDTH="168" HEIGHT="35" WC="0.96" CONTENT="innebära"/><SP WIDTH="28" VPOS="2073" HPOS="707"/>
							<String ID="string_193" HPOS="735" VPOS="2084" WIDTH="43" HEIGHT="24" WC="0.92" CONTENT="en"/><SP WIDTH="28" VPOS="2084" HPOS="778"/>
							<String ID="string_194" HPOS="806" VPOS="2075" WIDTH="163" HEIGHT="35" WC="0.91" CONTENT="afsevärd"/><SP WIDTH="29" VPOS="2075" HPOS="969"/>
							<String ID="string_195" HPOS="998" VPOS="2079" WIDTH="248" HEIGHT="44" WC="0.91" CONTENT="oegentlighet,"/><SP WIDTH="29" VPOS="2079" HPOS="1246"/>
							<String ID="string_196" HPOS="1275" VPOS="2081" WIDTH="141" HEIGHT="35" WC="0.93" CONTENT="hvilken"/><SP WIDTH="28" VPOS="2081" HPOS="1416"/>
							<String ID="string_197" HPOS="1444" VPOS="2082" WIDTH="129" HEIGHT="35" WC="0.92" CONTENT="blifver"/><SP WIDTH="24" VPOS="2082" HPOS="1573"/>
							<String ID="string_198" HPOS="1597" VPOS="2085" WIDTH="167" HEIGHT="34" WC="0.96" CONTENT="särskildt"/>
						</TextLine>
						<TextLine ID="line_22" HPOS="157" VPOS="2117" WIDTH="1604" HEIGHT="55">
							<String ID="string_199" HPOS="157" VPOS="2117" WIDTH="198" HEIGHT="45" WC="0.96" CONTENT="påfallande"/><SP WIDTH="29" VPOS="2117" HPOS="355"/>
							<String ID="string_200" HPOS="384" VPOS="2121" WIDTH="10" HEIGHT="33" WC="0.96" CONTENT="i"/><SP WIDTH="27" VPOS="2121" HPOS="394"/>
							<String ID="string_201" HPOS="421" VPOS="2120" WIDTH="130" HEIGHT="36" WC="0.96" CONTENT="sådana"/><SP WIDTH="28" VPOS="2120" HPOS="551"/>
							<String ID="string_202" HPOS="579" VPOS="2124" WIDTH="194" HEIGHT="43" WC="0.96" CONTENT="händelser,"/><SP WIDTH="27" VPOS="2124" HPOS="773"/>
							<String ID="string_203" HPOS="800" VPOS="2125" WIDTH="60" HEIGHT="34" WC="0.96" CONTENT="der"/><SP WIDTH="27" VPOS="2125" HPOS="860"/>
							<String ID="string_204" HPOS="887" VPOS="2125" WIDTH="211" HEIGHT="45" WC="0.95" CONTENT="flyttningen"/><SP WIDTH="25" VPOS="2125" HPOS="1098"/>
							<String ID="string_205" HPOS="1123" VPOS="2132" WIDTH="58" HEIGHT="40" WC="0.96" CONTENT="egt"/><SP WIDTH="18" VPOS="2132" HPOS="1181"/>
							<String ID="string_206" HPOS="1199" VPOS="2139" WIDTH="76" HEIGHT="25" WC="0.96" CONTENT="rum"/><SP WIDTH="21" VPOS="2139" HPOS="1275"/>
							<String ID="string_207" HPOS="1296" VPOS="2132" WIDTH="123" HEIGHT="34" WC="0.95" CONTENT="mellan"/><SP WIDTH="20" VPOS="2132" HPOS="1419"/>
							<String ID="string_208" HPOS="1439" VPOS="2131" WIDTH="62" HEIGHT="36" WC="0.95" CONTENT="två"/><SP WIDTH="19" VPOS="2131" HPOS="1501"/>
							<String ID="string_209" HPOS="1520" VPOS="2133" WIDTH="91" HEIGHT="34" WC="0.96" CONTENT="inom"/><SP WIDTH="20" VPOS="2133" HPOS="1611"/>
							<String ID="string_210" HPOS="1631" VPOS="2144" WIDTH="130" HEIGHT="25" WC="0.96" CONTENT="samma"/>
						</TextLine>
						<TextLine ID="line_23" HPOS="156" VPOS="2170" WIDTH="1604" HEIGHT="58">
							<String ID="string_211" HPOS="156" VPOS="2170" WIDTH="157" HEIGHT="34" WC="0.96" CONTENT="valkrets"/><SP WIDTH="28" VPOS="2170" HPOS="313"/>
							<String ID="string_212" HPOS="341" VPOS="2171" WIDTH="147" HEIGHT="43" WC="0.96" CONTENT="belägna"/><SP WIDTH="28" VPOS="2171" HPOS="488"/>
							<String ID="string_213" HPOS="516" VPOS="2173" WIDTH="217" HEIGHT="45" WC="0.96" CONTENT="kommuner;"/><SP WIDTH="30" VPOS="2173" HPOS="733"/>
							<String ID="string_214" HPOS="763" VPOS="2175" WIDTH="75" HEIGHT="42" WC="0.96" CONTENT="och,"/><SP WIDTH="29" VPOS="2175" HPOS="838"/>
							<String ID="string_215" HPOS="867" VPOS="2174" WIDTH="110" HEIGHT="37" WC="0.96" CONTENT="såsom"/><SP WIDTH="29" VPOS="2174" HPOS="977"/>
							<String ID="string_216" HPOS="1006" VPOS="2178" WIDTH="215" HEIGHT="35" WC="0.93" CONTENT="motionären"/><SP WIDTH="29" VPOS="2178" HPOS="1221"/>
							<String ID="string_217" HPOS="1250" VPOS="2180" WIDTH="143" HEIGHT="43" WC="0.90" CONTENT="erinrat,"/><SP WIDTH="20" VPOS="2180" HPOS="1393"/>
							<String ID="string_218" HPOS="1413" VPOS="2183" WIDTH="129" HEIGHT="34" WC="0.96" CONTENT="saknas"/><SP WIDTH="16" VPOS="2183" HPOS="1542"/>
							<String ID="string_219" HPOS="1558" VPOS="2183" WIDTH="30" HEIGHT="44" WC="0.96" CONTENT="ej"/><SP WIDTH="18" VPOS="2183" HPOS="1588"/>
							<String ID="string_220" HPOS="1606" VPOS="2186" WIDTH="154" HEIGHT="42" WC="0.95" CONTENT="exempel"/>
						</TextLine>
						<TextLine ID="line_24" HPOS="155" VPOS="2219" WIDTH="1605" HEIGHT="54">
							<String ID="string_221" HPOS="155" VPOS="2219" WIDTH="42" HEIGHT="43" WC="0.95" CONTENT="på"/><SP WIDTH="42" VPOS="2219" HPOS="197"/>
							<String ID="string_222" HPOS="239" VPOS="2223" WIDTH="53" HEIGHT="31" WC="0.95" CONTENT="att"/><SP WIDTH="34" VPOS="2223" HPOS="292"/>
							<String ID="string_223" HPOS="326" VPOS="2231" WIDTH="39" HEIGHT="23" WC="0.96" CONTENT="en"/><SP WIDTH="30" VPOS="2231" HPOS="365"/>
							<String ID="string_224" HPOS="395" VPOS="2231" WIDTH="141" HEIGHT="33" WC="0.93" CONTENT="persons"/><SP WIDTH="28" VPOS="2231" HPOS="536"/>
							<String ID="string_225" HPOS="564" VPOS="2224" WIDTH="133" HEIGHT="34" WC="0.91" CONTENT="valrätt"/><SP WIDTH="28" VPOS="2224" HPOS="697"/>
							<String ID="string_226" HPOS="725" VPOS="2225" WIDTH="65" HEIGHT="48" WC="0.96" CONTENT="och"/><SP WIDTH="26" VPOS="2225" HPOS="790"/>
							<String ID="string_227" HPOS="816" VPOS="2225" WIDTH="137" HEIGHT="35" WC="0.96" CONTENT="dermed"/><SP WIDTH="29" VPOS="2225" HPOS="953"/>
							<String ID="string_228" HPOS="982" VPOS="2228" WIDTH="65" HEIGHT="33" WC="0.96" CONTENT="ock"/><SP WIDTH="28" VPOS="2228" HPOS="1047"/>
							<String ID="string_229" HPOS="1075" VPOS="2228" WIDTH="86" HEIGHT="35" WC="0.96" CONTENT="hans"/><SP WIDTH="27" VPOS="2228" HPOS="1161"/>
							<String ID="string_230" HPOS="1188" VPOS="2231" WIDTH="185" HEIGHT="35" WC="0.95" CONTENT="valbarhet"/><SP WIDTH="27" VPOS="2231" HPOS="1373"/>
							<String ID="string_231" HPOS="1400" VPOS="2233" WIDTH="39" HEIGHT="33" WC="0.93" CONTENT="af"/><SP WIDTH="24" VPOS="2233" HPOS="1439"/>
							<String ID="string_232" HPOS="1463" VPOS="2233" WIDTH="211" HEIGHT="36" WC="0.90" CONTENT="sistberörda"/><SP WIDTH="29" VPOS="2233" HPOS="1674"/>
							<String ID="string_233" HPOS="1703" VPOS="2246" WIDTH="57" HEIGHT="23" WC="0.92" CONTENT="an-"/>
						</TextLine>
						<TextLine ID="line_25" HPOS="154" VPOS="2269" WIDTH="1606" HEIGHT="57">
							<String ID="string_234" HPOS="154" VPOS="2269" WIDTH="141" HEIGHT="43" WC="0.96" CONTENT="ledning"/><SP WIDTH="27" VPOS="2269" HPOS="295"/>
							<String ID="string_235" HPOS="322" VPOS="2271" WIDTH="53" HEIGHT="33" WC="0.96" CONTENT="för"/><SP WIDTH="28" VPOS="2271" HPOS="375"/>
							<String ID="string_236" HPOS="403" VPOS="2282" WIDTH="39" HEIGHT="23" WC="0.96" CONTENT="en"/><SP WIDTH="30" VPOS="2282" HPOS="442"/>
							<String ID="string_237" HPOS="472" VPOS="2273" WIDTH="49" HEIGHT="33" WC="0.96" CONTENT="tid"/><SP WIDTH="29" VPOS="2273" HPOS="521"/>
							<String ID="string_238" HPOS="550" VPOS="2274" WIDTH="160" HEIGHT="43" WC="0.96" CONTENT="upphört."/><SP WIDTH="56" VPOS="2274" HPOS="710"/>
							<String ID="string_239" HPOS="766" VPOS="2275" WIDTH="118" HEIGHT="35" WC="0.92" CONTENT="Äfven"/><SP WIDTH="28" VPOS="2275" HPOS="884"/>
							<String ID="string_240" HPOS="912" VPOS="2287" WIDTH="51" HEIGHT="24" WC="0.96" CONTENT="om"/><SP WIDTH="30" VPOS="2287" HPOS="963"/>
							<String ID="string_241" HPOS="993" VPOS="2279" WIDTH="58" HEIGHT="33" WC="0.96" CONTENT="det"/><SP WIDTH="28" VPOS="2279" HPOS="1051"/>
							<String ID="string_242" HPOS="1079" VPOS="2277" WIDTH="54" HEIGHT="36" WC="0.96" CONTENT="må"/><SP WIDTH="27" VPOS="2277" HPOS="1133"/>
							<String ID="string_243" HPOS="1160" VPOS="2280" WIDTH="76" HEIGHT="34" WC="0.96" CONTENT="med"/><SP WIDTH="28" VPOS="2280" HPOS="1236"/>
							<String ID="string_244" HPOS="1264" VPOS="2281" WIDTH="75" HEIGHT="34" WC="0.96" CONTENT="skäl"/><SP WIDTH="28" VPOS="2281" HPOS="1339"/>
							<String ID="string_245" HPOS="1367" VPOS="2286" WIDTH="160" HEIGHT="40" WC="0.91" CONTENT="antagas,"/><SP WIDTH="30" VPOS="2286" HPOS="1527"/>
							<String ID="string_246" HPOS="1557" VPOS="2287" WIDTH="54" HEIGHT="31" WC="0.95" CONTENT="att"/><SP WIDTH="18" VPOS="2287" HPOS="1611"/>
							<String ID="string_247" HPOS="1629" VPOS="2283" WIDTH="131" HEIGHT="37" WC="0.96" CONTENT="sådana"/>
						</TextLine>
					</TextBlock>
					<TextBlock ID="block_5" HPOS="196" VPOS="2324" WIDTH="1519" HEIGHT="51">
						<TextLine ID="line_26" HPOS="196" VPOS="2324" WIDTH="1519" HEIGHT="51">
							<String ID="string_248" HPOS="196" VPOS="2327" WIDTH="71" HEIGHT="31" WC="0.86" CONTENT="Bih."/><SP WIDTH="27" VPOS="2327" HPOS="267"/>
							<String ID="string_249" HPOS="294" VPOS="2327" WIDTH="51" HEIGHT="30" WC="0.90" CONTENT="till"/><SP WIDTH="29" VPOS="2327" HPOS="345"/>
							<String ID="string_250" HPOS="374" VPOS="2328" WIDTH="107" HEIGHT="31" WC="0.27" CONTENT="Biksd."/><SP WIDTH="32" VPOS="2328" HPOS="481"/>
							<String ID="string_251" HPOS="513" VPOS="2329" WIDTH="82" HEIGHT="31" WC="0.95" CONTENT="Prot."/><SP WIDTH="29" VPOS="2329" HPOS="595"/>
							<String ID="string_252" HPOS="624" VPOS="2334" WIDTH="86" HEIGHT="28" WC="0.86" CONTENT="1901."/><SP WIDTH="48" VPOS="2334" HPOS="710"/>
							<String ID="string_253" HPOS="758" VPOS="2335" WIDTH="21" HEIGHT="27" WC="0.86" CONTENT="3"/><SP WIDTH="25" VPOS="2335" HPOS="779"/>
							<String ID="string_254" HPOS="804" VPOS="2324" WIDTH="108" HEIGHT="40" WC="0.84" CONTENT="Saml."/><SP WIDTH="36" VPOS="2324" HPOS="912"/>
							<String ID="string_255" HPOS="948" VPOS="2336" WIDTH="23" HEIGHT="29" WC="0.96" CONTENT="2"/><SP WIDTH="26" VPOS="2336" HPOS="971"/>
							<String ID="string_256" HPOS="997" VPOS="2334" WIDTH="89" HEIGHT="41" WC="0.88" CONTENT="Häft."/><SP WIDTH="25" VPOS="2334" HPOS="1086"/>
							<String ID="string_257" HPOS="1111" VPOS="2336" WIDTH="75" HEIGHT="38" WC="0.96" CONTENT="(N:o"/><SP WIDTH="22" VPOS="2336" HPOS="1186"/>
							<String ID="string_258" HPOS="1208" VPOS="2338" WIDTH="43" HEIGHT="34" WC="0.96" CONTENT="2)."/><SP WIDTH="451" VPOS="2338" HPOS="1251"/>
							<String ID="string_259" HPOS="1702" VPOS="2347" WIDTH="13" HEIGHT="26" WC="0.96" CONTENT="1"/>
						</TextLine>
					</TextBlock>
				</ComposedBlock>
			</PrintSpace>
		</Page>
	</Layout>
</alto>
