1880 2764
383 159 405 41 Bevillningsutskottets
811 153 219 32 betänkande
1052 161 43 20 nr
1117 152 40 29 50
1179 150 39 30 år
1242 148 83 30 1962
1592 143 19 31 9

112 248 339 42 preliminärskatter
477 245 65 30 och
568 243 79 30 med
674 242 111 29 större
812 238 151 31 förskott
989 236 52 30 till
1070 234 264 40 sjukkassorna,
1361 230 129 29 medan
1517 227 95 30 utbe-

112 300 222 38 talningarna
357 307 40 20 av
418 290 439 35 kommunalskattemedel
881 287 215 31 nedräknats
1118 285 10 29 i
1151 282 202 42 jämförelse
1377 280 79 30 med
1480 279 133 30 decem-

112 349 309 38 berberäkningen.
446 347 13 29 I
483 347 57 29 det
565 343 156 41 följande
746 342 158 29 kommer
929 338 192 30 orsakerna
1144 335 51 30 till
1220 334 101 29 dessa
1346 330 192 31 avvikelser
1563 330 50 28 att

113 403 150 29 beröras.

157 453 66 29 För
247 449 238 39 beräkningen
511 457 42 20 av
577 446 66 29 den
668 443 228 41 preliminära
921 440 203 30 A-skattens
1151 436 130 31 storlek
1305 433 118 31 kunde
1449 429 163 33 riksrevi-

114 501 216 32 sionsverket
354 502 12 29 i
392 497 182 32 december
599 494 158 40 utnyttja
783 491 177 41 uppgifter
986 490 52 29 till
1065 488 65 30 och
1155 486 79 30 med
1261 481 353 44 uppbördsterminen

115 554 10 28 i
152 551 193 41 september
372 550 93 30 1961.
493 549 54 28 Nu
573 544 216 41 tillgängliga
814 541 178 41 uppgifter
1017 540 55 30 för
1098 535 394 42 uppbördsterminerna
1519 533 10 29 i
1555 541 60 20 no-

117 603 136 30 vember
283 602 79 29 1961
391 600 65 30 och
481 598 141 41 januari
651 596 82 30 1962
760 594 133 30 utvisar
920 592 55 30 för
1001 591 67 29 den
1095 587 220 32 sistnämnda
1340 585 173 30 terminen
1539 582 76 30 icke

116 653 188 40 obetydligt
330 652 105 38 högre
461 650 125 38 belopp
613 648 45 29 än
683 646 66 30 vad
777 641 367 33 riksrevisionsverket
1171 641 103 36 antog
1301 637 11 29 i
1339 637 53 29 sin
1420 633 196 32 december-

117 704 202 38 beräkning,
351 702 126 29 medan
508 698 226 41 uppgifterna
767 695 54 30 för
852 693 188 30 november
1071 689 315 32 överensstämmer
1417 685 79 30 med
1528 684 89 29 riks-

118 753 307 32 revisionsverkets
455 751 147 39 tidigare
632 747 204 38 beräkning.
867 745 50 29 De
946 742 226 41 preliminära
1203 738 188 41 uppgifter,
1423 745 74 21 som
1528 735 90 30 före-

116 806 106 40 ligger
240 804 55 30 för
311 800 355 43 uppbördsterminen
685 801 10 28 i
714 806 95 21 mars
829 796 93 34 1962,
941 794 175 38 motsäger
1134 792 75 31 icke
1228 785 387 34 riksrevisionsverkets

118 855 192 39 beräkning
335 854 12 29 i
372 851 191 32 december.
590 850 130 30 Genom
748 847 55 31 sin
827 845 168 31 karaktär
1022 852 42 21 av
1091 841 148 40 egentlig
1264 839 169 30 källskatt
1459 838 158 29 kommer

120 906 65 30 den
212 905 164 30 fortsatta
403 901 206 41 uppbörden
637 909 41 20 av
705 897 204 41 preliminär
937 895 141 30 A-skatt
1105 895 50 27 att
1182 892 48 29 bli
1258 889 170 31 beroende
1457 897 42 20 av
1526 887 93 30 löne-

119 964 181 21 summans
320 952 210 39 utveckling.
550 951 80 30 Som
649 947 265 42 utgångspunkt
933 946 55 29 för
1007 945 263 30 lönesummans
1291 939 198 38 utveckling
1508 937 111 30 under

122 1007 81 29 1962
225 1005 155 30 räknade
401 1000 369 33 riksrevisionsverket
792 999 10 29 i
824 994 394 38 inkomstberäkningen
1241 994 10 29 i
1274 990 181 31 december
1476 988 79 30 med
1578 996 41 21 en

121 1057 129 41 ökning
282 1065 41 22 av
352 1056 245 29 lönesumman
627 1051 112 30 under
772 1049 80 30 1961
886 1047 79 30 med
995 1045 162 38 omkring
1191 1044 36 29 11
1260 1043 153 39 procent.
1447 1038 173 32 Riksrevi-

122 1107 215 31 sionsverket
363 1106 65 29 har
453 1104 76 30 icke
557 1102 118 30 funnit
703 1101 75 30 skäl
809 1101 49 28 att
885 1097 125 40 frångå
1037 1096 115 30 denna
1179 1091 265 42 uppskattning.
1472 1090 64 30 Vid
1565 1089 55 29 be-

120 1157 212 38 dömningen
352 1166 41 20 av
413 1156 67 29 den
501 1154 163 29 fortsatta
684 1149 244 39 utvecklingen
950 1157 42 21 av
1012 1147 244 30 lönesumman
1277 1143 110 30 under
1410 1141 83 30 1962
1514 1140 108 30 fram-

121 1208 70 30 höll
213 1204 366 33 riksrevisionsverket
600 1204 10 29 i
632 1201 191 34 december,
846 1202 49 28 att
915 1208 84 20 man
1019 1198 11 29 i
1051 1197 112 30 första
1182 1195 95 30 hand
1298 1194 88 29 hade
1409 1194 50 28 att
1480 1194 36 27 ta
1535 1191 86 29 hän-

122 1268 63 30 syn
207 1258 52 30 till
282 1260 49 28 att
352 1255 187 32 lönenivån
558 1255 53 30 till
633 1253 90 40 följd
745 1262 42 22 av
808 1249 237 41 löneglidning
1066 1248 111 29 under
1201 1246 80 30 1961
1306 1245 57 30 vid
1384 1243 174 40 ingången
1581 1250 41 21 av

125 1310 81 30 1962
238 1310 156 37 översteg
424 1307 67 29 den
522 1306 55 29 för
609 1305 79 29 1961
724 1301 293 41 genomsnittliga.
1050 1299 92 29 även
1173 1306 57 21 om
1260 1295 268 40 konjunkturen
1559 1301 64 20 un-

124 1360 59 30 der
211 1360 82 29 1962
322 1358 112 30 skulle
461 1357 147 38 dämpas
635 1355 115 38 något,
779 1352 139 31 föreföll
945 1360 44 22 en
1015 1350 141 29 fortsatt
1184 1346 239 40 löneglidning
1449 1343 173 31 sannolik.

123 1407 377 33 Riksrevisionsverket
525 1406 108 39 ansåg
657 1403 116 35 också,
798 1405 51 27 att
873 1401 131 30 antalet
1028 1399 203 40 sysselsatta
1254 1396 117 30 kunde
1395 1396 126 28 väntas
1545 1393 77 30 öka.

123 1462 74 29 Den
221 1459 132 39 ökning
377 1467 41 21 av
442 1457 255 32 lönesumman,
723 1463 74 21 som
822 1452 187 30 därutöver
1033 1450 117 30 kunde
1174 1449 143 29 komma
1341 1448 49 28 att
1415 1445 47 31 bli
1489 1444 134 39 följden

126 1520 41 21 av
197 1509 277 33 avtalsrörelsen,
504 1508 49 28 lät
584 1506 50 39 sig
664 1505 57 30 vid
752 1501 422 38 decemberberäkningen
1203 1499 77 30 icke
1308 1496 207 31 överblicka.
1546 1493 78 30 Med

124 1562 137 36 hänsyn
284 1560 52 29 till
357 1559 65 30 vad
446 1567 75 21 som
543 1557 44 30 då
608 1566 62 20 var
690 1556 87 29 känt
799 1563 56 21 om
878 1552 242 40 utgångsläget
1143 1550 53 30 för
1219 1547 277 33 avtalsrörelsen,
1520 1547 105 36 antog

126 1610 191 30 emellertid
344 1607 378 33 riksrevisionsverket,
751 1607 50 28 att
827 1605 85 29 även
939 1603 116 30 denna
1081 1600 112 31 skulle
1219 1600 143 29 komma
1389 1599 51 28 att
1467 1591 158 44 medföra

125 1661 114 39 någon
257 1659 221 39 löneökning.
498 1659 67 29 För
585 1658 66 29 den
670 1656 108 31 totala
796 1656 245 29 lönesumman
1061 1651 106 40 ansåg
1187 1651 50 39 sig
1258 1650 87 30 dock
1365 1646 261 32 riksrevisions-

126 1712 117 29 verket
268 1712 10 28 i
303 1709 182 31 december
508 1709 85 29 böra
617 1708 112 29 räkna
753 1706 80 29 med
856 1714 42 21 en
923 1704 93 39 lägre
1041 1703 131 38 ökning
1198 1701 111 29 under
1336 1699 82 30 1962
1445 1699 44 28 än
1514 1697 112 29 under

130 1762 92 29 1961.
252 1760 227 31 Beträffande
509 1757 403 38 inkomstutvecklingen
942 1754 113 30 under
1084 1754 41 29 de
1155 1752 111 30 första
1297 1750 215 30 månaderna
1544 1746 82 31 1963

127 1811 154 30 räknade
301 1809 367 31 riksrevisionsverket
685 1808 80 29 med
784 1806 19 29 4
823 1807 162 38 procents
1002 1803 200 40 ytterligare
1222 1801 152 40 stegring
1393 1800 11 29 i
1424 1798 204 38 anslutning

128 1863 50 28 till
201 1862 66 29 den
291 1860 158 30 normala
472 1858 273 39 ökningstakten
770 1857 55 30 för
847 1854 357 39 nationalprodukten
1226 1852 53 30 till
1302 1849 235 31 oförändrade
1560 1848 68 39 pri-

129 1922 63 20 ser.

171 1966 77 30 Med
271 1963 264 41 utgångspunkt
558 1961 80 30 från
661 1961 67 29 den
750 1957 227 41 preliminära
999 1954 205 40 uppgörelse
1227 1961 56 21 om
1307 1950 222 33 tvåårsavtal,
1554 1957 74 21 som

128 2026 47 21 nu
200 2016 142 30 träffats
367 2014 147 30 centralt
539 2012 127 30 mellan
692 2007 354 33 arbetsmarknadens
1070 2005 239 38 huvudparter
1333 2002 64 31 och
1422 2001 79 29 med
1527 1999 103 30 beak-

130 2068 103 30 tande
262 2075 41 22 av
330 2066 41 31 de
398 2065 57 29 vid
485 2064 100 30 sidan
613 2063 109 28 härav
751 2060 108 29 redan
886 2057 153 31 träffade
1068 2053 403 33 överenskommelserna
1501 2050 126 29 mellan

130 2118 93 29 olika
250 2116 166 30 bransch-
445 2115 64 29 och
540 2108 495 42 arbetstagarorganisationer
1065 2107 163 29 ävensom
1258 2105 67 28 den
1353 2102 170 31 inverkan
1552 2101 79 28 här-

132 2176 49 26 av,
208 2176 74 21 som
304 2167 71 28 kan
396 2166 125 28 väntas
544 2164 44 39 på
611 2164 93 28 ännu
729 2161 75 29 icke
830 2159 174 30 slutförda
1027 2155 276 39 förhandlingar,
1329 2153 116 29 finner
1470 2150 161 31 riksrevi-

131 2217 225 34 sionsverket,
387 2217 50 28 att
466 2215 57 29 det
554 2213 145 38 tidigare
729 2210 124 40 gjorda
883 2207 211 40 antagandet
1124 2215 55 20 om
1209 2214 43 20 en
1283 2204 152 38 stegring
1466 2211 41 20 av
1536 2202 93 28 löne-

133 2275 161 21 summan
318 2265 110 29 under
455 2264 92 33 1962,
571 2262 106 29 vilket
701 2260 101 30 totalt
827 2261 65 27 sett
916 2256 221 31 motsvarade
1159 2264 41 20 en
1225 2254 147 38 höjning
1397 2261 41 20 av
1461 2251 128 29 mellan
1613 2250 19 29 8

132 2317 64 29 och
219 2317 18 28 9
260 2317 152 37 procent,
439 2312 218 31 fortfarande
682 2320 101 30 synes
807 2310 121 28 kunna
952 2308 89 38 ligga
1064 2306 50 29 till
1140 2304 112 40 grund
1277 2303 53 30 för
1353 2300 280 32 inkomstberäk-

134 2367 137 38 ningen.
302 2366 63 28 Det
394 2364 62 29 bör
485 2362 217 33 framhållas,
733 2362 50 29 att
812 2356 366 32 riksrevisionsverket
1207 2354 121 30 därvid
1358 2352 132 40 jämväl
1520 2350 113 39 utgått

135 2416 77 30 från
236 2417 41 29 de
300 2414 220 39 antaganden
544 2422 57 20 om
624 2411 152 39 stegring
802 2419 40 21 av
864 2409 245 29 lönesumman
1134 2406 50 29 till
1210 2404 87 39 följd
1322 2413 41 20 av
1386 2401 248 40 löneglidning,

133 2466 130 41 ökning
286 2475 41 21 av
348 2465 129 30 antalet
500 2463 202 39 sysselsatta
724 2461 65 29 och
811 2459 171 39 övergång
1006 2457 79 30 från
1107 2456 92 39 lägre
1223 2455 49 29 till
1295 2455 105 38 högre
1422 2452 138 31 betalda
1580 2460 54 30 yr-
