1912 2792
319 167 188 30 Allmänna
527 167 396 37 beredningsutskottets
943 167 178 30 utlåtande
1140 177 43 19 nr
1201 168 41 29 26
1261 167 40 30 år
1320 168 83 29 1960
1584 167 20 30 9

168 276 12 28 I
204 275 98 37 fråga
324 283 55 21 om
402 274 333 37 meritvärderingen
759 274 54 29 för
835 274 122 35 lärare,
982 283 74 21 som
1079 273 206 37 tjänstgjort
1308 274 211 34 utomlands,
1543 274 66 29 har

123 328 169 37 styrelsen
314 328 156 30 utfärdat
490 328 93 30 vissa
604 327 235 37 anvisningar.
863 327 176 37 Styrelsen
1060 336 98 21 avser
1181 329 59 33 att,
1263 336 56 20 om
1342 327 266 30 förhållandena

124 382 36 30 så
175 382 168 37 påkallar,
360 381 166 38 ompröva
543 381 123 37 frågan
682 390 56 21 om
755 380 342 37 meritvärderingen,
1114 380 119 30 varför
1250 378 186 39 utredning
1453 380 43 38 på
1513 381 94 29 detta

123 435 141 31 område
285 435 30 37 ej
339 435 38 29 är
397 435 202 30 motiverad.

167 488 251 37 Fullmäktiges
439 488 11 30 i
468 488 214 30 riksbanken
701 488 177 37 majoritet
899 488 112 34 anför,
1031 490 51 28 att
1101 488 57 30 det
1177 489 116 29 arbete
1313 488 10 30 i
1342 488 169 34 utlandet,
1534 496 72 22 som

123 543 134 30 utföres
272 551 42 21 av
328 541 319 38 exportförsäljare,
665 542 168 34 tekniker,
851 541 128 35 läkare,
996 541 120 35 lärare,
1133 541 235 36 missionärer,
1385 542 224 29 administra-

124 596 93 30 törer
242 596 64 30 och
332 595 165 30 liknande
523 595 75 30 icke
624 594 146 31 hindras
796 604 42 21 av
864 595 148 30 svenska
1038 595 371 30 valutarestriktioner.
1437 594 171 31 Generellt

124 650 116 36 gäller,
261 651 50 29 att
329 649 317 36 valutatilldelning
665 650 86 28 utan
771 648 257 37 inskränkning
1048 648 136 30 lämnas
1204 648 55 30 för
1278 648 246 37 produktions-
1544 648 64 30 och

125 702 323 38 exportfrämjande
468 702 163 30 ändamål
652 701 127 31 liksom
799 702 86 29 även
906 701 56 30 för
981 701 223 31 verksamhet
1225 702 160 37 syftande
1407 702 52 29 till
1481 702 130 37 import

124 756 44 38 på
184 756 221 30 ekonomiskt
422 755 286 37 fördelaktigaste
725 755 78 30 sätt.
820 754 92 30 även
929 755 64 29 när
1009 755 57 30 det
1082 755 107 37 gäller
1203 755 136 30 direkta
1357 755 254 37 investeringar

125 810 11 29 i
152 810 158 30 utlandet
327 811 85 28 utan
430 809 98 37 dylik
543 808 183 38 bakgrund
743 808 175 37 medgives
935 808 11 30 i
964 808 41 30 de
1024 808 102 31 flesta
1143 808 62 30 fall
1222 808 327 37 valutatilldelning.
1566 825 45 4 —

125 863 127 30 Vidare
277 863 115 37 gäller,
418 864 52 28 att
496 862 233 31 studievaluta
756 862 53 29 för
835 862 198 36 utbildning
1059 862 200 30 utomlands
1285 862 137 30 lämnas
1448 864 85 28 utan
1559 862 50 29 in-

127 916 267 37 skränkningar.
415 916 345 36 Valutaregleringen
781 915 253 37 upprätthålles
1053 915 118 30 vidare
1192 915 44 37 på
1256 917 48 28 ett
1325 915 125 30 sådant
1472 915 67 30 sätt
1559 916 53 28 att

126 970 378 30 utlandssvenskarnas
522 969 228 30 ekonomiska
768 969 247 37 dispositioner
1032 969 95 29 inom
1147 968 136 37 Sverige
1301 969 76 29 icke
1395 968 155 30 hindras.

171 1023 165 30 Gällande
355 1023 263 29 bestämmelser
639 1022 54 29 för
713 1023 69 29 rätt
802 1024 51 28 att
873 1021 159 30 medföra
1054 1022 230 37 startkapital,
1307 1022 127 29 främst
1455 1022 154 36 reglerna

127 1077 54 30 för
209 1075 499 38 emigrantvalutatilldelning,
736 1076 156 34 innebär,
922 1077 51 28 att
1001 1075 240 37 tilldelningen
1269 1076 38 28 är
1335 1075 39 30 75
1389 1075 63 30 000
1482 1075 131 29 kronor

126 1130 56 30 vid
202 1132 142 28 utresan
361 1129 172 37 varjämte
552 1129 254 37 avkastningen
824 1128 43 38 på
886 1128 239 30 kvarvarande
1144 1129 131 36 kapital
1295 1128 55 30 får
1368 1128 243 30 transfereras.

128 1184 102 30 Visar
254 1184 51 36 sig
327 1183 246 36 bosättningen
597 1182 201 30 utomlands
822 1182 47 29 bli
893 1191 43 21 av
960 1191 95 21 mera
1079 1182 159 37 varaktig
1261 1182 177 35 karaktär,
1464 1182 67 29 blir
1555 1182 59 29 det

128 1237 138 37 möjligt
288 1237 54 29 för
364 1236 66 30 den
453 1236 238 37 emigrerande
714 1237 51 28 att
786 1235 160 30 överföra
969 1236 85 29 även
1079 1235 59 30 sitt
1160 1235 217 30 återstående
1400 1235 144 37 kapital.
1569 1235 42 29 Så

128 1291 100 36 länge
253 1290 274 37 begränsningar
551 1290 12 29 i
587 1289 364 37 valutainlänningars
976 1289 222 37 möjligheter
1224 1289 51 29 till
1301 1288 313 38 kapitalplacering

128 1345 10 28 i
155 1343 159 31 utlandet
329 1352 101 22 anses
447 1343 84 30 böra
547 1343 267 37 upprätthållas,
833 1351 102 28 synes
952 1342 57 30 det
1026 1342 191 30 emellertid
1234 1342 290 37 valutastyrelsen
1541 1350 71 21 mo-

129 1398 125 29 tiverat
270 1398 51 29 att
337 1405 93 26 man,
449 1397 109 29 innan
575 1405 82 21 man
676 1396 10 29 i
706 1396 168 30 samband
892 1396 80 29 med
990 1395 207 37 utflyttning
1216 1396 135 28 lämnar
1368 1395 247 30 valutatilldel-

128 1451 84 37 ning
229 1450 169 30 avseende
414 1449 277 30 vederbörandes
709 1449 77 30 hela
803 1448 133 38 kapital
954 1449 10 29 i
983 1448 145 37 Sverige,
1147 1448 211 30 åtminstone
1376 1448 168 30 förvissar
1563 1448 52 36 sig

129 1513 55 21 om
204 1505 51 28 att
273 1503 98 37 fråga
388 1503 39 29 är
445 1512 57 20 om
519 1502 133 37 verklig
670 1502 206 37 emigration
894 1502 65 29 och
978 1503 51 28 att
1046 1501 76 30 icke
1140 1501 257 30 vederbörande
1416 1501 200 36 återflyttar

130 1558 51 29 till
200 1557 137 36 Sverige
355 1556 79 30 kort
452 1556 89 29 efter
559 1556 57 29 det
634 1557 50 28 att
702 1555 309 37 kapitalutförseln
1032 1555 100 29 skett.
1152 1555 59 29 Att
1230 1555 72 29 åter
1322 1554 82 37 göra
1423 1553 190 31 åtskillnad

129 1611 129 29 mellan
272 1619 173 28 personer,
460 1618 75 21 som
548 1610 10 28 i
573 1609 167 30 samband
755 1608 78 30 med
847 1608 206 37 emigration
1066 1617 98 20 avser
1177 1610 51 27 att
1243 1609 106 28 starta
1363 1617 43 20 en
1420 1615 84 29 egen
1517 1607 97 29 verk-

132 1664 135 30 samhet
292 1663 210 34 utomlands,
528 1663 65 29 och
619 1662 118 37 övriga
762 1662 210 36 emigranter
997 1661 70 30 kan
1092 1661 55 30 väl
1174 1661 79 30 från
1278 1661 92 30 vissa
1397 1662 220 37 synpunkter

132 1726 104 28 synas
255 1717 184 29 motiverat
458 1725 81 20 men
560 1716 112 29 skulle
693 1715 10 29 i
723 1715 187 38 praktiken
932 1715 101 29 ställa
1052 1715 289 36 valutastyrelsen
1362 1715 94 29 inför
1477 1715 138 29 bedöm-

132 1771 123 36 ningar
270 1779 42 20 av
327 1770 37 29 så
379 1769 143 37 ömtålig
537 1771 54 27 art
605 1771 51 27 att
671 1769 57 29 det
743 1769 89 29 helst
846 1768 62 30 bör
924 1768 183 29 undvikas.
1123 1768 93 29 även
1232 1776 56 21 om
1303 1768 144 30 motivet
1464 1768 55 29 för
1534 1769 84 29 emi-

131 1824 136 37 gration
290 1823 112 30 skulle
422 1832 83 20 vara
528 1824 22 28 t.
565 1831 50 20 ex.
639 1822 201 34 skatteskäl,
863 1821 192 30 behandlas
1077 1821 215 36 emigranten
1315 1821 80 29 från
1416 1821 200 37 valutasyn-

133 1877 112 37 punkt
266 1885 73 21 som
360 1876 110 30 andra
492 1876 219 36 emigranter.

175 1930 251 37 Fullmäktiges
441 1929 178 37 majoritet
634 1938 112 26 anser,
761 1930 50 28 att
825 1928 308 30 bestämmelserna
1148 1928 149 29 rörande
1311 1927 307 37 emigrantvaluta-

134 1984 238 36 tilldelningen
394 1983 72 30 tills
486 1983 117 29 vidare
624 1983 63 29 bör
706 1982 202 29 bibehållas.

176 2038 221 30 Minoriteten
423 2038 139 34 (herrar
581 2037 163 36 Kollberg
763 2036 64 30 och
848 2036 125 34 Svärd)
998 2044 111 26 anser,
1131 2037 51 28 att
1202 2035 85 29 även
1306 2043 57 21 om
1384 2034 158 37 reglerna
1563 2034 57 29 för

134 2092 71 30 s.k.
228 2090 490 38 emigrantvalutatilldelning
741 2090 38 29 är
802 2089 272 30 förhållandevis
1097 2088 153 34 liberala,
1273 2088 201 36 ytterligare
1497 2087 121 30 libera-

135 2145 181 36 liseringar
336 2144 61 29 bör
418 2144 121 30 kunna
560 2143 168 36 vidtagas.
752 2143 11 28 I
786 2142 135 37 princip
942 2142 63 29 bör
1025 2141 125 30 hinder
1171 2141 31 36 ej
1227 2150 94 21 resas
1344 2141 54 29 för
1420 2140 200 37 överföring

135 2199 9 28 i
161 2198 135 29 önskad
312 2197 118 29 valuta
448 2206 42 20 av
507 2196 194 36 tillgångar,
720 2195 155 37 tillhörig
892 2195 76 34 den,
989 2203 73 21 som
1080 2194 56 29 vid
1155 2193 207 37 utflyttning
1381 2203 42 20 ur
1441 2193 89 30 riket
1548 2194 68 29 kan

135 2251 81 36 göra
237 2250 125 36 troligt,
383 2251 50 28 att
452 2249 71 29 han
542 2250 63 28 har
625 2249 54 28 för
699 2248 113 30 avsikt
832 2249 50 28 att
901 2247 174 36 varaktigt
1095 2247 135 29 bosätta
1252 2247 50 35 sig
1323 2246 211 29 utomlands.

177 2306 338 37 Exportföreningen
529 2305 250 36 understryker
792 2307 50 27 att
855 2304 376 29 utlandssvenskarnas
1244 2304 148 28 insatser
1405 2302 111 36 betytt
1527 2309 94 28 myc-

135 2360 58 29 ket
218 2360 53 29 för
293 2359 61 30 vår
378 2358 262 30 utrikeshandel
665 2358 65 29 och
755 2359 50 28 att
829 2358 114 29 denna
967 2356 174 37 betydelse
1166 2355 160 30 tenderar
1351 2357 50 27 att
1426 2355 48 28 bli
1500 2354 122 29 större.

136 2414 64 28 Det
219 2413 61 29 bör
299 2412 119 29 därför
437 2412 89 36 ligga
547 2412 8 29 i
576 2411 291 30 statsmakternas
887 2410 146 29 intresse
1053 2411 49 28 att
1123 2409 84 29 söka
1226 2408 124 30 bereda
1371 2408 40 29 de
1432 2408 9 28 i
1463 2406 159 30 utlandet

136 2465 187 31 arbetande
345 2465 213 30 svenskarna
579 2464 222 37 möjligheter
821 2465 50 28 att
894 2464 72 29 leva
990 2463 108 29 under
1119 2461 252 35 förhållanden,
1395 2469 74 21 som
1492 2461 9 28 i
1524 2460 97 35 fråga
