1890 2790
266 166 37 30 10
501 200 5 5 .
685 167 285 30 Statsutskottets
996 168 178 29 utlåtande
1200 178 43 20 nr
1269 166 70 32 139.

926 552 59 40 Nr
1013 553 88 39 139.

488 659 183 32 Utlåtande
700 661 11 29 i
736 661 190 40 anledning
951 671 41 20 av
1018 662 125 39 Kungl.
1172 662 123 40 Maj:ts
1324 663 11 29 i
1362 664 401 40 statsverkspropositio-

701 720 67 21 nen
802 712 126 39 gjorda
963 713 262 40 framställning
1250 723 54 20 om
1331 714 123 39 anslag
1477 714 56 40 för
1558 715 203 39 budgetåret

704 762 148 36 1951/52
893 763 53 29 till
982 763 138 29 Statens
1161 763 248 40 sjöhistoriska
1448 773 176 21 museum:
1664 765 101 30 Avlö-

703 813 133 40 ningar.

1522 866 75 34 (1:a
1618 867 94 34 avd.)

309 963 12 29 I
343 963 261 39 propositionen
628 973 43 20 nr
696 965 14 28 1
734 964 63 30 har
819 965 128 39 Kungl.
972 966 104 39 Maj:t
1098 966 113 30 under
1237 966 116 30 tionde
1378 967 222 30 huvudtiteln
1631 967 130 41 (punkt

265 1013 50 34 66,
341 1022 24 20 s.
394 1013 169 30 109—111
590 1023 43 21 av
658 1014 106 40 bilagt
786 1016 129 39 utdrag
937 1025 41 21 av
1004 1016 382 40 statsrådsprotokollet
1411 1018 81 30 över
1514 1018 248 30 handelsären-

265 1064 66 28 den
351 1063 55 30 för
428 1064 66 29 den
516 1064 18 30 3
555 1064 143 39 januari
722 1065 97 34 1951)
846 1066 180 39 föreslagit
1048 1067 188 38 riksdagen
1259 1069 49 28 att
1331 1068 78 30 dels
1433 1069 185 38 godkänna
1639 1078 45 21 av
1705 1069 56 30 de-

263 1115 339 38 partementschefen
624 1115 166 31 förordad
811 1117 253 39 avlöningsstat
1086 1117 55 30 för
1166 1119 131 28 statens
1320 1118 246 39 sjöhistoriska
1587 1128 173 25 museum,

265 1165 49 28 att
332 1164 180 40 tillämpas
528 1165 69 30 tills
615 1166 118 30 vidare
751 1166 78 30 från
850 1168 66 29 och
935 1169 78 29 med
1032 1167 204 40 budgetåret
1257 1169 160 35 1951/52,
1438 1169 73 30 dels
1529 1170 64 29 ock
1614 1169 54 30 till
1689 1170 72 30 Sta-

264 1216 75 28 tens
366 1215 247 39 sjöhistoriska
638 1226 176 21 museum:
841 1217 213 40 Avlöningar
1079 1218 55 30 för
1160 1218 203 39 budgetåret
1392 1220 148 35 1951/52
1566 1220 122 31 anvisa
1712 1221 49 29 ett

263 1265 274 40 förslagsanslag
555 1276 42 21 av
619 1267 62 30 126
694 1267 62 30 500
778 1267 141 31 kronor.

307 1366 166 39 Anslaget
498 1368 37 29 är
555 1368 55 29 för
631 1367 236 32 innevarande
889 1369 169 40 budgetår
1080 1370 146 40 uppfört
1247 1371 79 29 med
1351 1371 61 30 130
1425 1371 63 30 000
1510 1372 140 30 kronor.

307 1417 179 39 Förslaget
517 1418 145 31 innebär
693 1419 144 30 allenast
869 1420 236 31 automatiska
1138 1421 429 40 kostnadsförändringar.

308 1517 175 30 Utskottet
505 1518 53 30 får
579 1519 127 35 erinra,
727 1522 49 28 att
796 1521 172 30 utskottet
991 1521 9 29 i
1022 1521 58 30 sitt
1101 1531 43 21 av
1164 1522 186 39 riksdagen
1374 1523 184 39 godkända
1578 1523 181 31 utlåtande

260 1576 42 20 nr
327 1568 60 29 128
411 1568 12 28 i
447 1569 187 39 anledning
657 1579 43 21 av
722 1570 111 39 Kung.
858 1571 125 39 Maj:ts
1007 1571 218 40 proposition
1249 1573 178 38 angående
1454 1573 230 31 lönerevision
1707 1574 55 30 för

262 1618 91 31 vissa
375 1619 318 40 chefstjänstemän
713 1631 45 20 m.
780 1631 44 21 m.
846 1622 147 39 avslagit
1013 1623 220 30 motionerna
1255 1624 28 29 I:
1299 1623 63 30 383
1383 1624 66 30 och
1470 1624 121 31 1I:507
1613 1634 57 21 om
1690 1625 70 30 för-

263 1669 137 30 bättrad
427 1670 247 40 löneställning
700 1672 64 34 för,
790 1672 107 30 bland
923 1673 118 34 andra,
1068 1674 316 30 museidirektören
1409 1675 58 30 vid
1494 1677 132 28 statens
1650 1675 110 40 sjöhi-

262 1719 150 31 storiska
434 1729 170 21 museum.

304 1770 70 29 Mot
404 1771 69 29 den
501 1772 213 30 verkställda
744 1772 239 40 beräkningen
1013 1783 42 21 av
1083 1774 229 31 förevarande
1343 1776 123 39 anslag
1497 1776 64 30 har
1590 1777 172 29 utskottet

263 1821 74 29 icke
358 1821 106 38 något
489 1824 48 27 att
560 1822 127 30 erinra.

306 1871 176 31 Utskottet
508 1872 212 35 hemställer,

612 1925 52 28 att
686 1923 186 41 riksdagen
896 1925 59 30 må

613 1974 37 34 a)
685 1975 185 38 godkänna
896 1975 156 40 följande
1078 1977 253 39 avlöningsstat
1356 1977 56 30 för
1437 1979 131 30 statens
1596 1979 163 39 sjöhisto-

569 2024 98 30 riska
688 2034 170 25 museum,
880 2027 50 29 att
954 2026 177 40 tillämpas
1152 2027 72 30 tills
1241 2028 122 30 vidare
1384 2028 80 30 från
1488 2029 63 30 och
1572 2030 80 29 med
1673 2029 86 31 bud-

570 2075 132 38 getåret
730 2076 164 35 1951/52:

1028 2160 272 42 Avlöningsstat.

571 2226 26 29 1.
624 2226 211 40 Avlöningar
872 2227 53 29 till
960 2228 173 30 ordinarie
1156 2229 226 39 tjänstemän,
1407 2230 164 40 förslags-

624 2276 51 30 DIS
698 2272 17 52 0
756 2300 44 7 Re
818 2272 95 52 alder
945 2301 12 6 fs
984 2301 38 7 RR
1039 2302 5 6 8
1060 2302 50 7 KBR
1146 2272 11 52 Mm
1179 2303 43 6 So
1238 2303 28 6 MR
1281 2303 29 7 GR
1318 2272 13 52 TR
1357 2304 64 6 Rc
1458 2304 30 7 Ra
1525 2304 50 7 -..
1628 2281 119 31 58900

568 2326 29 30 2.
623 2327 212 39 Avlöningar
856 2328 55 30 till
935 2328 267 32 icke-ordinarie
1223 2331 161 39 personal
1413 2354 161 7 ........
1627 2332 42 30 54
1682 2331 64 31 400

568 2376 29 31 3.
624 2377 133 40 Rörligt
796 2378 130 40 tillägg,
955 2379 203 40 förslagsvis
1194 2404 382 7 sssmsessrssssrsrrra
1631 2382 39 30 13
1683 2383 63 29 200

1276 2457 144 30 Summa
1444 2457 129 30 kronor
1600 2458 61 30 126
1676 2457 78 35 500;
