1880 2796
441 175 315 31 Bankoutskottets
779 176 181 30 utlåtande
982 185 43 21 nr
1045 176 43 30 386
1108 176 40 31 år
1171 177 84 30 1959
1564 178 36 30 21

94 258 160 30 beaktats
277 258 113 29 under
413 258 352 40 utredningsarbetet.
788 259 127 30 Härtill
938 260 158 30 kommer
1119 263 49 29 att
1192 260 41 30 de
1257 261 155 30 aktuella
1433 262 170 39 planerna

95 308 45 40 på
157 317 43 21 en
218 308 147 30 nordisk
385 308 65 30 och
469 309 188 40 europeisk
674 309 212 40 integration
905 310 97 30 inom
1021 319 43 21 en
1082 311 87 30 nära
1187 310 147 31 framtid
1356 311 51 30 lär
1426 311 109 31 kräva
1553 320 44 22 en

95 359 148 39 översyn
266 368 43 21 av
331 358 349 41 valutaregleringen.
705 359 177 31 Utskottet
906 369 103 21 anser
1033 360 148 31 sålunda
1205 363 50 28 att
1279 361 113 30 behov
1414 361 184 41 föreligger

95 417 42 21 av
159 418 43 21 en
225 418 47 31 ny
292 409 150 39 översyn
465 418 43 21 av
529 408 63 31 vår
613 409 354 41 valutalagstiftning.
991 411 123 30 Denna
1136 412 159 39 översyn,
1323 421 77 21 som
1422 412 61 30 bör
1507 412 89 30 före-

93 460 99 39 tagas
217 459 13 30 i
256 460 88 29 nära
372 459 210 31 samverkan
611 460 79 30 med
718 460 217 31 företrädare
963 461 55 31 för
1044 461 238 40 näringslivet,
1310 461 63 31 bör
1400 471 80 22 avse
1508 462 87 30 både

93 509 222 41 valutalagen
335 510 66 30 och
419 510 384 41 valutaförordningen.
825 511 67 31 Vid
912 511 342 41 utredningsarbetet
1273 512 63 31 bör
1356 513 41 30 de
1417 513 179 40 synpunk-

93 561 52 30 ter
174 569 76 22 som
276 560 195 30 redovisats
498 561 12 30 i
537 561 221 30 motionerna
784 562 30 30 I:
830 561 64 31 473
921 562 65 30 och
1012 562 125 31 1I:578
1165 563 123 30 kunna
1314 563 143 30 komma
1484 563 111 30 under

94 610 227 31 bedömande.
353 610 348 41 Utredningsarbetet
729 612 63 30 bör
819 612 162 30 bedrivas
1011 613 79 30 med
1120 612 110 31 sådan
1262 613 254 41 skyndsamhet
1546 615 49 29 att

94 660 132 41 förslag
252 662 5 29 i
278 662 120 29 ämnet
417 670 57 21 om
495 662 139 40 möjligt
655 662 71 30 kan
746 662 199 41 föreläggas
965 664 102 29 nästa
1087 663 57 30 års
1166 663 153 41 riksdag.

138 711 78 31 Med
242 711 140 40 hänsyn
408 712 54 29 till
489 712 57 30 det
574 711 149 32 anförda
750 713 72 29 kan
850 713 171 30 utskottet
1052 713 75 30 icke
1156 713 144 31 förorda
1328 716 50 28 att
1406 714 188 40 riksdagen

94 764 144 37 antager
261 762 57 31 det
341 762 59 30 vid
422 762 264 40 propositionen
710 762 126 40 fogade
859 763 167 40 förslaget
1050 764 53 29 till
1126 764 55 40 lag
1205 773 57 21 om
1287 764 149 41 ändring
1459 765 12 29 i
1496 765 100 39 lagen

93 820 57 22 om
176 811 208 41 förfogande
410 814 80 29 över
516 812 190 31 utländska
732 813 312 40 betalningsmedel
1071 823 45 22 m.
1144 824 44 20 m.
1217 815 113 29 under
1357 816 238 29 utomordent-

93 863 79 40 liga,
191 872 42 21 av
248 863 78 40 krig
344 863 208 31 föranledda
568 863 246 31 förhållanden
837 864 210 41 (valutalag)
1072 864 37 31 så
1127 865 64 30 ock
1208 874 56 21 om
1283 865 144 31 fortsatt
1442 866 158 40 giltighet

95 922 43 21 av
164 913 157 31 nämnda
349 913 65 41 lag.
443 913 52 31 Då
522 914 193 30 emellertid
743 914 112 30 behov
884 924 43 21 av
954 917 50 29 att
1031 915 173 30 bibehålla
1233 925 43 20 en
1303 915 294 41 valutareglering

93 964 87 30 även
203 963 88 31 efter
314 964 69 30 den
408 965 13 29 1
445 964 67 40 juli
536 964 84 31 1959
642 965 72 30 kan
735 964 178 41 föreligga,
937 965 148 30 föreslår
1108 966 171 30 utskottet
1301 967 50 29 att
1372 967 221 39 valutalagen

91 1014 12 30 i
128 1013 79 31 dess
232 1014 206 30 nuvarande
463 1014 219 41 utformning
707 1015 150 30 erhåller
884 1015 163 41 förlängd
1072 1016 157 40 giltighet
1254 1016 54 30 till
1332 1016 65 30 och
1421 1016 80 30 med
1527 1016 67 30 den

94 1064 42 31 30
161 1065 79 40 juni
269 1065 95 30 1960.
392 1065 117 30 Härav
534 1065 107 40 följer
667 1068 50 28 att
742 1066 172 30 utskottet
939 1066 160 30 kommer
1126 1068 50 28 att
1203 1067 88 39 yrka
1319 1067 117 39 avslag
1463 1068 87 29 även
1577 1067 19 30 å

94 1114 42 31 de
155 1115 11 30 i
185 1115 265 40 propositionen
470 1116 10 29 i
500 1116 113 40 övrigt
634 1115 222 31 framställda
873 1117 216 39 yrkandena.

137 1165 177 30 Utskottet
339 1166 61 29 vill
425 1165 165 41 slutligen
612 1184 45 4 —
680 1167 10 29 i
716 1166 190 41 anledning
930 1176 42 21 av
996 1166 94 31 vissa
1115 1167 11 29 i
1150 1168 222 29 motionerna
1396 1167 28 31 I:
1440 1167 63 31 473
1529 1168 65 30 och

95 1215 45 30 II:
157 1216 63 30 578
248 1215 125 40 gjorda
400 1216 209 31 uttalanden
634 1234 45 4 —
705 1217 237 40 understryka
968 1217 120 30 vikten
1119 1227 42 20 av
1188 1219 50 30 att
1265 1217 216 31 riksbanken
1510 1220 85 28 utan

94 1265 173 41 dröjsmål
291 1267 188 40 överväger
503 1267 201 40 ytterligare
731 1267 163 40 åtgärder
919 1269 11 29 i
957 1267 91 40 syfte
1074 1270 50 28 att
1150 1269 84 38 göra
1257 1268 338 40 valutaregleringen

95 1316 137 32 mindre
251 1316 223 40 betungande
498 1317 54 31 för
575 1317 160 31 enskilda
756 1326 177 31 personer,
956 1318 254 30 valutabanker
1231 1319 66 30 och
1320 1318 144 40 företag.

136 1367 176 31 Utskottet
334 1367 214 36 hemställer,

448 1418 50 29 att
521 1417 188 41 riksdagen
731 1418 109 30 måtte

445 1468 38 29 A.
507 1486 45 4 —
568 1468 80 30 med
667 1469 117 39 avslag
803 1468 21 31 å
841 1469 127 40 Kungl.
988 1469 124 39 Maj:ts
1133 1469 230 30 förevarande
1381 1469 218 41 proposition

401 1520 90 28 samt
513 1519 80 29 med
616 1518 98 30 bifall
737 1519 53 30 till
814 1519 57 30 det
900 1519 5 30 i
928 1519 220 30 motionerna
1171 1520 28 29 1:
1215 1519 64 32 473
1303 1520 64 30 och
1390 1521 45 29 II:
1451 1520 63 30 578
1536 1529 63 20 un-

401 1569 60 30 der
482 1570 160 39 punkten
667 1570 33 33 1)
727 1569 224 31 framställda
970 1570 173 40 yrkandet
1163 1588 45 4 —
1229 1572 127 38 antaga
1377 1570 157 40 följande

769 1671 146 39 Förslag

813 1738 53 30 till

181 1804 72 40 Lag
269 1813 57 21 om
345 1803 144 40 fortsatt
506 1804 160 40 giltighet
683 1814 43 21 av
746 1803 220 42 valutalagen
986 1805 66 30 den
1073 1806 42 30 22
1133 1805 80 40 juni
1233 1806 85 30 1939
1340 1805 62 34 (nr
1419 1806 82 34 350)

139 1887 213 39 Härigenom
378 1887 196 36 förordnas,
602 1890 51 28 att
678 1888 223 40 valutalagen
927 1888 67 30 den
1019 1889 41 30 22
1084 1889 79 39 juni
1192 1889 94 35 1939,
1311 1889 118 30 vilken
1453 1889 143 39 jämlikt

93 1936 55 41 lag
169 1937 68 30 den
258 1938 40 30 25
321 1937 91 40 april
436 1937 83 31 1958
546 1938 59 33 (nr
627 1938 80 35 210)
734 1938 108 40 gäller
864 1939 54 30 till
939 1939 65 30 och
1026 1939 79 30 med
1129 1939 66 29 den
1219 1939 41 31 30
1282 1939 79 39 juni
1386 1939 93 35 1959,
1504 1939 89 30 skall

93 1988 64 39 äga
177 1987 142 31 fortsatt
338 1987 158 41 giltighet
515 1988 54 30 till
587 1988 66 30 och
672 1988 78 30 med
770 1989 68 29 den
858 1989 42 30 30
918 1989 79 39 juni
1021 1989 94 31 1960.

444 2040 36 28 B.
506 2038 11 30 i
537 2039 188 39 anledning
746 2048 42 21 av
807 2039 220 30 motionerna
1047 2041 28 29 I:
1091 2039 63 31 473
1174 2040 65 30 och
1258 2040 46 30 II:
1320 2040 63 31 578
1401 2039 11 30 i
1432 2039 166 31 skrivelse

403 2089 50 30 till
473 2089 127 40 Kungl.
622 2089 104 39 Maj:t
746 2089 186 30 hemställa
952 2099 56 20 om
1030 2090 191 39 skyndsam
1242 2090 188 40 utredning
1450 2090 149 30 rörande

402 2140 367 39 valutaregleringen.>

360 2493 97 22 590896
497 2489 168 24 Stockholm
677 2490 75 24 1959.
764 2490 81 23 Isaac
856 2490 112 24 Marcus
979 2489 187 31 Boktryckeri
1178 2490 171 31 Aktiebolag
