<?xml version="1.0" encoding="UTF-8"?>
<alto xmlns="http://www.loc.gov/standards/alto/ns-v3#" xmlns:xlink="http://www.w3.org/1999/xlink" xmlns:xsi="http://www.w3.org/2001/XMLSchema-instance" xsi:schemaLocation="http://www.loc.gov/standards/alto/ns-v3# http://www.loc.gov/alto/v3/alto-3-0.xsd">
	<Description>
		<MeasurementUnit>pixel</MeasurementUnit>
		<sourceImageInformation>
			<fileName>/tmp/tess_2hz1b09e_input.PNG</fileName>
		</sourceImageInformation>
		<OCRProcessing ID="OCR_0">
			<ocrProcessingStep>
				<processingSoftware>
					<softwareName>tesseract 5.3.0</softwareName>
				</processingSoftware>
			</ocrProcessingStep>
		</OCRProcessing>
	</Description>
	<Layout>
		<Page WIDTH="1880" HEIGHT="2794" PHYSICAL_IMG_NR="0" ID="page_0">
			<PrintSpace HPOS="0" VPOS="0" WIDTH="1880" HEIGHT="2794">
				<ComposedBlock ID="cblock_0" HPOS="464" VPOS="165" WIDTH="1160" HEIGHT="35">
					<TextBlock ID="block_0" HPOS="464" VPOS="165" WIDTH="1160" HEIGHT="35">
						<TextLine ID="line_0" HPOS="464" VPOS="165" WIDTH="1160" HEIGHT="35">
							<String ID="string_0" HPOS="464" VPOS="169" WIDTH="314" HEIGHT="31" WC="0.92" CONTENT="Bankoutskottets"/><SP WIDTH="23" VPOS="169" HPOS="778"/>
							<String ID="string_1" HPOS="801" VPOS="167" WIDTH="180" HEIGHT="31" WC="0.96" CONTENT="utlåtande"/><SP WIDTH="23" VPOS="167" HPOS="981"/>
							<String ID="string_2" HPOS="1004" VPOS="176" WIDTH="42" HEIGHT="20" WC="0.95" CONTENT="nr"/><SP WIDTH="21" VPOS="176" HPOS="1046"/>
							<String ID="string_3" HPOS="1067" VPOS="167" WIDTH="42" HEIGHT="29" WC="0.96" CONTENT="36"/><SP WIDTH="22" VPOS="167" HPOS="1109"/>
							<String ID="string_4" HPOS="1131" VPOS="166" WIDTH="39" HEIGHT="30" WC="0.96" CONTENT="år"/><SP WIDTH="23" VPOS="166" HPOS="1170"/>
							<String ID="string_5" HPOS="1193" VPOS="166" WIDTH="84" HEIGHT="30" WC="0.96" CONTENT="1959"/><SP WIDTH="311" VPOS="166" HPOS="1277"/>
							<String ID="string_6" HPOS="1588" VPOS="165" WIDTH="36" HEIGHT="30" WC="0.96" CONTENT="19"/>
						</TextLine>
					</TextBlock>
				</ComposedBlock>
				<ComposedBlock ID="cblock_1" HPOS="120" VPOS="248" WIDTH="1508" HEIGHT="1557">
					<TextBlock ID="block_1" HPOS="121" VPOS="248" WIDTH="1505" HEIGHT="298">
						<TextLine ID="line_1" HPOS="122" VPOS="248" WIDTH="1504" HEIGHT="46">
							<String ID="string_7" HPOS="122" VPOS="256" WIDTH="86" HEIGHT="30" WC="0.96" CONTENT="även"/><SP WIDTH="22" VPOS="256" HPOS="208"/>
							<String ID="string_8" HPOS="230" VPOS="254" WIDTH="157" HEIGHT="40" WC="0.96" CONTENT="förtjäna"/><SP WIDTH="20" VPOS="254" HPOS="387"/>
							<String ID="string_9" HPOS="407" VPOS="254" WIDTH="156" HEIGHT="40" WC="0.95" CONTENT="påpekas"/><SP WIDTH="21" VPOS="254" HPOS="563"/>
							<String ID="string_10" HPOS="584" VPOS="255" WIDTH="50" HEIGHT="28" WC="0.95" CONTENT="att"/><SP WIDTH="20" VPOS="255" HPOS="634"/>
							<String ID="string_11" HPOS="654" VPOS="253" WIDTH="12" HEIGHT="29" WC="0.96" CONTENT="i"/><SP WIDTH="21" VPOS="253" HPOS="666"/>
							<String ID="string_12" HPOS="687" VPOS="252" WIDTH="67" HEIGHT="30" WC="0.90" CONTENT="den"/><SP WIDTH="21" VPOS="252" HPOS="754"/>
							<String ID="string_13" HPOS="775" VPOS="251" WIDTH="266" HEIGHT="40" WC="0.90" CONTENT="valutastyrelse"/><SP WIDTH="23" VPOS="251" HPOS="1041"/>
							<String ID="string_14" HPOS="1064" VPOS="259" WIDTH="75" HEIGHT="21" WC="0.96" CONTENT="som"/><SP WIDTH="22" VPOS="259" HPOS="1139"/>
							<String ID="string_15" HPOS="1161" VPOS="250" WIDTH="95" HEIGHT="29" WC="0.96" CONTENT="inom"/><SP WIDTH="22" VPOS="250" HPOS="1256"/>
							<String ID="string_16" HPOS="1278" VPOS="249" WIDTH="215" HEIGHT="29" WC="0.93" CONTENT="riksbanken"/><SP WIDTH="23" VPOS="249" HPOS="1493"/>
							<String ID="string_17" HPOS="1516" VPOS="248" WIDTH="110" HEIGHT="30" WC="0.93" CONTENT="hand-"/>
						</TextLine>
						<TextLine ID="line_2" HPOS="124" VPOS="299" WIDTH="1501" HEIGHT="45">
							<String ID="string_18" HPOS="124" VPOS="306" WIDTH="65" HEIGHT="29" WC="0.96" CONTENT="har"/><SP WIDTH="25" VPOS="306" HPOS="189"/>
							<String ID="string_19" HPOS="214" VPOS="304" WIDTH="307" HEIGHT="40" WC="0.96" CONTENT="handläggningen"/><SP WIDTH="27" VPOS="304" HPOS="521"/>
							<String ID="string_20" HPOS="548" VPOS="313" WIDTH="42" HEIGHT="20" WC="0.93" CONTENT="av"/><SP WIDTH="25" VPOS="313" HPOS="590"/>
							<String ID="string_21" HPOS="615" VPOS="302" WIDTH="308" HEIGHT="35" WC="0.91" CONTENT="valutaärendena,"/><SP WIDTH="26" VPOS="302" HPOS="923"/>
							<String ID="string_22" HPOS="949" VPOS="301" WIDTH="119" HEIGHT="30" WC="0.96" CONTENT="vilken"/><SP WIDTH="27" VPOS="301" HPOS="1068"/>
							<String ID="string_23" HPOS="1095" VPOS="300" WIDTH="234" HEIGHT="39" WC="0.95" CONTENT="sammanlagt"/><SP WIDTH="28" VPOS="300" HPOS="1329"/>
							<String ID="string_24" HPOS="1357" VPOS="299" WIDTH="116" HEIGHT="30" WC="0.95" CONTENT="består"/><SP WIDTH="27" VPOS="299" HPOS="1473"/>
							<String ID="string_25" HPOS="1500" VPOS="308" WIDTH="42" HEIGHT="20" WC="0.96" CONTENT="av"/><SP WIDTH="27" VPOS="308" HPOS="1542"/>
							<String ID="string_26" HPOS="1569" VPOS="299" WIDTH="56" HEIGHT="39" WC="0.96" CONTENT="sju"/>
						</TextLine>
						<TextLine ID="line_3" HPOS="121" VPOS="349" WIDTH="1502" HEIGHT="43">
							<String ID="string_27" HPOS="121" VPOS="356" WIDTH="202" HEIGHT="33" WC="0.96" CONTENT="ledamöter,"/><SP WIDTH="19" VPOS="356" HPOS="323"/>
							<String ID="string_28" HPOS="342" VPOS="357" WIDTH="51" HEIGHT="28" WC="0.97" CONTENT="tre"/><SP WIDTH="20" VPOS="357" HPOS="393"/>
							<String ID="string_29" HPOS="413" VPOS="364" WIDTH="42" HEIGHT="20" WC="0.96" CONTENT="av"/><SP WIDTH="18" VPOS="364" HPOS="455"/>
							<String ID="string_30" HPOS="473" VPOS="354" WIDTH="239" HEIGHT="30" WC="0.96" CONTENT="ledamöterna"/><SP WIDTH="17" VPOS="354" HPOS="712"/>
							<String ID="string_31" HPOS="729" VPOS="353" WIDTH="70" HEIGHT="30" WC="0.96" CONTENT="kan"/><SP WIDTH="20" VPOS="353" HPOS="799"/>
							<String ID="string_32" HPOS="819" VPOS="353" WIDTH="101" HEIGHT="39" WC="0.96" CONTENT="sägas"/><SP WIDTH="19" VPOS="353" HPOS="920"/>
							<String ID="string_33" HPOS="939" VPOS="351" WIDTH="179" HEIGHT="30" WC="0.96" CONTENT="företräda"/><SP WIDTH="19" VPOS="351" HPOS="1118"/>
							<String ID="string_34" HPOS="1137" VPOS="350" WIDTH="227" HEIGHT="40" WC="0.93" CONTENT="näringslivet"/><SP WIDTH="24" VPOS="350" HPOS="1364"/>
							<String ID="string_35" HPOS="1388" VPOS="350" WIDTH="153" HEIGHT="40" WC="0.91" CONTENT="(export-"/><SP WIDTH="19" VPOS="350" HPOS="1541"/>
							<String ID="string_36" HPOS="1560" VPOS="349" WIDTH="63" HEIGHT="30" WC="0.96" CONTENT="och"/>
						</TextLine>
						<TextLine ID="line_4" HPOS="123" VPOS="400" WIDTH="1502" HEIGHT="46">
							<String ID="string_37" HPOS="123" VPOS="406" WIDTH="329" HEIGHT="40" WC="0.92" CONTENT="importintressena"/><SP WIDTH="23" VPOS="406" HPOS="452"/>
							<String ID="string_38" HPOS="475" VPOS="406" WIDTH="90" HEIGHT="28" WC="0.93" CONTENT="samt"/><SP WIDTH="22" VPOS="406" HPOS="565"/>
							<String ID="string_39" HPOS="587" VPOS="402" WIDTH="334" HEIGHT="35" WC="0.91" CONTENT="valutabankerna)."/><SP WIDTH="24" VPOS="402" HPOS="921"/>
							<String ID="string_40" HPOS="945" VPOS="403" WIDTH="50" HEIGHT="29" WC="0.85" CONTENT="Bl."/><SP WIDTH="25" VPOS="403" HPOS="995"/>
							<String ID="string_41" HPOS="1020" VPOS="411" WIDTH="29" HEIGHT="21" WC="0.95" CONTENT="a."/><SP WIDTH="23" VPOS="411" HPOS="1049"/>
							<String ID="string_42" HPOS="1072" VPOS="402" WIDTH="206" HEIGHT="39" WC="0.96" CONTENT="härigenom"/><SP WIDTH="22" VPOS="402" HPOS="1278"/>
							<String ID="string_43" HPOS="1300" VPOS="401" WIDTH="62" HEIGHT="30" WC="0.96" CONTENT="bör"/><SP WIDTH="24" VPOS="401" HPOS="1362"/>
							<String ID="string_44" HPOS="1386" VPOS="401" WIDTH="56" HEIGHT="29" WC="0.96" CONTENT="det"/><SP WIDTH="23" VPOS="401" HPOS="1442"/>
							<String ID="string_45" HPOS="1465" VPOS="410" WIDTH="84" HEIGHT="20" WC="0.96" CONTENT="vara"/><SP WIDTH="22" VPOS="410" HPOS="1549"/>
							<String ID="string_46" HPOS="1571" VPOS="400" WIDTH="54" HEIGHT="30" WC="0.96" CONTENT="väl"/>
						</TextLine>
						<TextLine ID="line_5" HPOS="124" VPOS="451" WIDTH="1501" HEIGHT="45">
							<String ID="string_47" HPOS="124" VPOS="456" WIDTH="89" HEIGHT="40" WC="0.96" CONTENT="sörjt"/><SP WIDTH="28" VPOS="456" HPOS="213"/>
							<String ID="string_48" HPOS="241" VPOS="456" WIDTH="54" HEIGHT="30" WC="0.96" CONTENT="för"/><SP WIDTH="29" VPOS="456" HPOS="295"/>
							<String ID="string_49" HPOS="324" VPOS="458" WIDTH="49" HEIGHT="28" WC="0.96" CONTENT="att"/><SP WIDTH="28" VPOS="458" HPOS="373"/>
							<String ID="string_50" HPOS="401" VPOS="455" WIDTH="196" HEIGHT="31" WC="0.95" CONTENT="eventuella"/><SP WIDTH="27" VPOS="455" HPOS="597"/>
							<String ID="string_51" HPOS="624" VPOS="453" WIDTH="182" HEIGHT="32" WC="0.96" CONTENT="önskemål"/><SP WIDTH="28" VPOS="453" HPOS="806"/>
							<String ID="string_52" HPOS="834" VPOS="462" WIDTH="57" HEIGHT="21" WC="0.96" CONTENT="om"/><SP WIDTH="30" VPOS="462" HPOS="891"/>
							<String ID="string_53" HPOS="921" VPOS="452" WIDTH="189" HEIGHT="41" WC="0.96" CONTENT="ändringar"/><SP WIDTH="28" VPOS="452" HPOS="1110"/>
							<String ID="string_54" HPOS="1138" VPOS="452" WIDTH="11" HEIGHT="29" WC="0.93" CONTENT="i"/><SP WIDTH="27" VPOS="452" HPOS="1149"/>
							<String ID="string_55" HPOS="1176" VPOS="451" WIDTH="342" HEIGHT="40" WC="0.92" CONTENT="valutaregleringen"/><SP WIDTH="27" VPOS="451" HPOS="1518"/>
							<String ID="string_56" HPOS="1545" VPOS="451" WIDTH="80" HEIGHT="29" WC="0.95" CONTENT="från"/>
						</TextLine>
						<TextLine ID="line_6" HPOS="125" VPOS="504" WIDTH="918" HEIGHT="42">
							<String ID="string_57" HPOS="125" VPOS="506" WIDTH="244" HEIGHT="40" WC="0.96" CONTENT="näringslivets"/><SP WIDTH="20" VPOS="506" HPOS="369"/>
							<String ID="string_58" HPOS="389" VPOS="506" WIDTH="76" HEIGHT="30" WC="0.96" CONTENT="sida"/><SP WIDTH="17" VPOS="506" HPOS="465"/>
							<String ID="string_59" HPOS="482" VPOS="506" WIDTH="71" HEIGHT="30" WC="0.96" CONTENT="kan"/><SP WIDTH="19" VPOS="506" HPOS="553"/>
							<String ID="string_60" HPOS="572" VPOS="505" WIDTH="142" HEIGHT="30" WC="0.96" CONTENT="komma"/><SP WIDTH="17" VPOS="505" HPOS="714"/>
							<String ID="string_61" HPOS="731" VPOS="504" WIDTH="112" HEIGHT="30" WC="0.96" CONTENT="under"/><SP WIDTH="18" VPOS="504" HPOS="843"/>
							<String ID="string_62" HPOS="861" VPOS="504" WIDTH="182" HEIGHT="40" WC="0.96" CONTENT="prövning."/>
						</TextLine>
					</TextBlock>
					<TextBlock ID="block_2" HPOS="120" VPOS="553" WIDTH="1507" HEIGHT="346">
						<TextLine ID="line_7" HPOS="167" VPOS="553" WIDTH="1458" HEIGHT="43">
							<String ID="string_63" HPOS="167" VPOS="557" WIDTH="176" HEIGHT="30" WC="0.96" CONTENT="Utskottet"/><SP WIDTH="21" VPOS="557" HPOS="343"/>
							<String ID="string_64" HPOS="364" VPOS="557" WIDTH="64" HEIGHT="29" WC="0.96" CONTENT="har"/><SP WIDTH="21" VPOS="557" HPOS="428"/>
							<String ID="string_65" HPOS="449" VPOS="556" WIDTH="31" HEIGHT="40" WC="0.95" CONTENT="ej"/><SP WIDTH="25" VPOS="556" HPOS="480"/>
							<String ID="string_66" HPOS="505" VPOS="556" WIDTH="108" HEIGHT="30" WC="0.97" CONTENT="heller"/><SP WIDTH="21" VPOS="556" HPOS="613"/>
							<String ID="string_67" HPOS="634" VPOS="555" WIDTH="119" HEIGHT="30" WC="0.96" CONTENT="funnit"/><SP WIDTH="22" VPOS="555" HPOS="753"/>
							<String ID="string_68" HPOS="775" VPOS="554" WIDTH="189" HEIGHT="39" WC="0.96" CONTENT="anledning"/><SP WIDTH="22" VPOS="554" HPOS="964"/>
							<String ID="string_69" HPOS="986" VPOS="553" WIDTH="143" HEIGHT="31" WC="0.96" CONTENT="förorda"/><SP WIDTH="21" VPOS="553" HPOS="1129"/>
							<String ID="string_70" HPOS="1150" VPOS="553" WIDTH="99" HEIGHT="30" WC="0.95" CONTENT="bifall"/><SP WIDTH="22" VPOS="553" HPOS="1249"/>
							<String ID="string_71" HPOS="1271" VPOS="553" WIDTH="52" HEIGHT="30" WC="0.91" CONTENT="till"/><SP WIDTH="22" VPOS="553" HPOS="1323"/>
							<String ID="string_72" HPOS="1345" VPOS="553" WIDTH="280" HEIGHT="30" WC="0.91" CONTENT="motionärernas"/>
						</TextLine>
						<TextLine ID="line_8" HPOS="124" VPOS="602" WIDTH="1500" HEIGHT="43">
							<String ID="string_73" HPOS="124" VPOS="607" WIDTH="211" HEIGHT="30" WC="0.96" CONTENT="hemställan"/><SP WIDTH="26" VPOS="607" HPOS="335"/>
							<String ID="string_74" HPOS="361" VPOS="616" WIDTH="57" HEIGHT="21" WC="0.96" CONTENT="om"/><SP WIDTH="29" VPOS="616" HPOS="418"/>
							<String ID="string_75" HPOS="447" VPOS="609" WIDTH="50" HEIGHT="28" WC="0.96" CONTENT="att"/><SP WIDTH="27" VPOS="609" HPOS="497"/>
							<String ID="string_76" HPOS="524" VPOS="606" WIDTH="187" HEIGHT="39" WC="0.96" CONTENT="riksdagen"/><SP WIDTH="29" VPOS="606" HPOS="711"/>
							<String ID="string_77" HPOS="740" VPOS="606" WIDTH="112" HEIGHT="30" WC="0.96" CONTENT="skulle"/><SP WIDTH="28" VPOS="606" HPOS="852"/>
							<String ID="string_78" HPOS="880" VPOS="605" WIDTH="113" HEIGHT="30" WC="0.96" CONTENT="uttala"/><SP WIDTH="26" VPOS="605" HPOS="993"/>
							<String ID="string_79" HPOS="1019" VPOS="606" WIDTH="51" HEIGHT="29" WC="0.96" CONTENT="att"/><SP WIDTH="26" VPOS="606" HPOS="1070"/>
							<String ID="string_80" HPOS="1096" VPOS="604" WIDTH="216" HEIGHT="30" WC="0.96" CONTENT="riksbanken"/><SP WIDTH="28" VPOS="604" HPOS="1312"/>
							<String ID="string_81" HPOS="1340" VPOS="605" WIDTH="85" HEIGHT="28" WC="0.96" CONTENT="utan"/><SP WIDTH="29" VPOS="605" HPOS="1425"/>
							<String ID="string_82" HPOS="1454" VPOS="602" WIDTH="170" HEIGHT="40" WC="0.96" CONTENT="dröjsmål"/>
						</TextLine>
						<TextLine ID="line_9" HPOS="122" VPOS="653" WIDTH="1503" HEIGHT="44">
							<String ID="string_83" HPOS="122" VPOS="657" WIDTH="108" HEIGHT="30" WC="0.96" CONTENT="måtte"/><SP WIDTH="21" VPOS="657" HPOS="230"/>
							<String ID="string_84" HPOS="251" VPOS="657" WIDTH="141" HEIGHT="40" WC="0.96" CONTENT="vidtaga"/><SP WIDTH="21" VPOS="657" HPOS="392"/>
							<String ID="string_85" HPOS="413" VPOS="657" WIDTH="175" HEIGHT="30" WC="0.96" CONTENT="lättnader"/><SP WIDTH="23" VPOS="657" HPOS="588"/>
							<String ID="string_86" HPOS="611" VPOS="664" WIDTH="124" HEIGHT="32" WC="0.96" CONTENT="genom"/><SP WIDTH="22" VPOS="664" HPOS="735"/>
							<String ID="string_87" HPOS="757" VPOS="656" WIDTH="174" HEIGHT="39" WC="0.95" CONTENT="generella"/><SP WIDTH="22" VPOS="656" HPOS="931"/>
							<String ID="string_88" HPOS="953" VPOS="655" WIDTH="181" HEIGHT="40" WC="0.96" CONTENT="dispenser"/><SP WIDTH="24" VPOS="655" HPOS="1134"/>
							<String ID="string_89" HPOS="1158" VPOS="656" WIDTH="90" HEIGHT="28" WC="0.96" CONTENT="samt"/><SP WIDTH="22" VPOS="656" HPOS="1248"/>
							<String ID="string_90" HPOS="1270" VPOS="654" WIDTH="11" HEIGHT="30" WC="0.96" CONTENT="i"/><SP WIDTH="23" VPOS="654" HPOS="1281"/>
							<String ID="string_91" HPOS="1304" VPOS="654" WIDTH="170" HEIGHT="30" WC="0.93" CONTENT="avseende"/><SP WIDTH="22" VPOS="654" HPOS="1474"/>
							<String ID="string_92" HPOS="1496" VPOS="653" WIDTH="21" HEIGHT="30" WC="0.92" CONTENT="å"/><SP WIDTH="21" VPOS="653" HPOS="1517"/>
							<String ID="string_93" HPOS="1538" VPOS="662" WIDTH="87" HEIGHT="31" WC="0.91" CONTENT="upp-"/>
						</TextLine>
						<TextLine ID="line_10" HPOS="120" VPOS="704" WIDTH="1507" HEIGHT="43">
							<String ID="string_94" HPOS="120" VPOS="707" WIDTH="331" HEIGHT="40" WC="0.92" CONTENT="giftsskyldigheten"/><SP WIDTH="25" VPOS="707" HPOS="451"/>
							<String ID="string_95" HPOS="476" VPOS="717" WIDTH="46" HEIGHT="20" WC="0.92" CONTENT="m."/><SP WIDTH="27" VPOS="717" HPOS="522"/>
							<String ID="string_96" HPOS="549" VPOS="716" WIDTH="45" HEIGHT="20" WC="0.92" CONTENT="m."/><SP WIDTH="26" VPOS="716" HPOS="594"/>
							<String ID="string_97" HPOS="620" VPOS="706" WIDTH="177" HEIGHT="31" WC="0.96" CONTENT="Utskottet"/><SP WIDTH="26" VPOS="706" HPOS="797"/>
							<String ID="string_98" HPOS="823" VPOS="706" WIDTH="206" HEIGHT="30" WC="0.96" CONTENT="förutsätter"/><SP WIDTH="27" VPOS="706" HPOS="1029"/>
							<String ID="string_99" HPOS="1056" VPOS="705" WIDTH="176" HEIGHT="40" WC="0.96" CONTENT="nämligen"/><SP WIDTH="26" VPOS="705" HPOS="1232"/>
							<String ID="string_100" HPOS="1258" VPOS="707" WIDTH="51" HEIGHT="27" WC="0.93" CONTENT="att"/><SP WIDTH="25" VPOS="707" HPOS="1309"/>
							<String ID="string_101" HPOS="1334" VPOS="704" WIDTH="293" HEIGHT="41" WC="0.92" CONTENT="valutastyrelsen"/>
						</TextLine>
						<TextLine ID="line_11" HPOS="121" VPOS="754" WIDTH="1503" HEIGHT="44">
							<String ID="string_102" HPOS="121" VPOS="761" WIDTH="85" HEIGHT="27" WC="0.96" CONTENT="utan"/><SP WIDTH="18" VPOS="761" HPOS="206"/>
							<String ID="string_103" HPOS="224" VPOS="758" WIDTH="114" HEIGHT="40" WC="0.96" CONTENT="någon"/><SP WIDTH="16" VPOS="758" HPOS="338"/>
							<String ID="string_104" HPOS="354" VPOS="758" WIDTH="123" HEIGHT="40" WC="0.96" CONTENT="åtgärd"/><SP WIDTH="18" VPOS="758" HPOS="477"/>
							<String ID="string_105" HPOS="495" VPOS="758" WIDTH="79" HEIGHT="29" WC="0.96" CONTENT="från"/><SP WIDTH="17" VPOS="758" HPOS="574"/>
							<String ID="string_106" HPOS="591" VPOS="757" WIDTH="205" HEIGHT="40" WC="0.96" CONTENT="riksdagens"/><SP WIDTH="19" VPOS="757" HPOS="796"/>
							<String ID="string_107" HPOS="815" VPOS="756" WIDTH="75" HEIGHT="30" WC="0.96" CONTENT="sida"/><SP WIDTH="18" VPOS="756" HPOS="890"/>
							<String ID="string_108" HPOS="908" VPOS="757" WIDTH="135" HEIGHT="29" WC="0.95" CONTENT="strävar"/><SP WIDTH="18" VPOS="757" HPOS="1043"/>
							<String ID="string_109" HPOS="1061" VPOS="755" WIDTH="88" HEIGHT="31" WC="0.96" CONTENT="efter"/><SP WIDTH="18" VPOS="755" HPOS="1149"/>
							<String ID="string_110" HPOS="1167" VPOS="757" WIDTH="50" HEIGHT="28" WC="0.96" CONTENT="att"/><SP WIDTH="18" VPOS="757" HPOS="1217"/>
							<String ID="string_111" HPOS="1235" VPOS="755" WIDTH="155" HEIGHT="30" WC="0.96" CONTENT="utforma"/><SP WIDTH="18" VPOS="755" HPOS="1390"/>
							<String ID="string_112" HPOS="1408" VPOS="754" WIDTH="216" HEIGHT="40" WC="0.96" CONTENT="regleringen"/>
						</TextLine>
						<TextLine ID="line_12" HPOS="125" VPOS="804" WIDTH="1501" HEIGHT="43">
							<String ID="string_113" HPOS="125" VPOS="809" WIDTH="38" HEIGHT="30" WC="0.96" CONTENT="så"/><SP WIDTH="25" VPOS="809" HPOS="163"/>
							<String ID="string_114" HPOS="188" VPOS="811" WIDTH="49" HEIGHT="28" WC="0.96" CONTENT="att"/><SP WIDTH="26" VPOS="811" HPOS="237"/>
							<String ID="string_115" HPOS="263" VPOS="809" WIDTH="66" HEIGHT="30" WC="0.96" CONTENT="den"/><SP WIDTH="24" VPOS="809" HPOS="329"/>
							<String ID="string_116" HPOS="353" VPOS="809" WIDTH="77" HEIGHT="30" WC="0.96" CONTENT="icke"/><SP WIDTH="25" VPOS="809" HPOS="430"/>
							<String ID="string_117" HPOS="455" VPOS="818" WIDTH="75" HEIGHT="20" WC="0.96" CONTENT="mer"/><SP WIDTH="24" VPOS="818" HPOS="530"/>
							<String ID="string_118" HPOS="554" VPOS="809" WIDTH="44" HEIGHT="29" WC="0.93" CONTENT="än"/><SP WIDTH="25" VPOS="809" HPOS="598"/>
							<String ID="string_119" HPOS="623" VPOS="807" WIDTH="282" HEIGHT="40" WC="0.91" CONTENT="oundgängligen"/><SP WIDTH="25" VPOS="807" HPOS="905"/>
							<String ID="string_120" HPOS="930" VPOS="805" WIDTH="215" HEIGHT="41" WC="0.93" CONTENT="nödvändigt"/><SP WIDTH="25" VPOS="805" HPOS="1145"/>
							<String ID="string_121" HPOS="1170" VPOS="806" WIDTH="171" HEIGHT="39" WC="0.91" CONTENT="betungar"/><SP WIDTH="24" VPOS="806" HPOS="1341"/>
							<String ID="string_122" HPOS="1365" VPOS="805" WIDTH="79" HEIGHT="30" WC="0.96" CONTENT="dem"/><SP WIDTH="27" VPOS="805" HPOS="1444"/>
							<String ID="string_123" HPOS="1471" VPOS="814" WIDTH="74" HEIGHT="21" WC="0.91" CONTENT="som"/><SP WIDTH="25" VPOS="814" HPOS="1545"/>
							<String ID="string_124" HPOS="1570" VPOS="804" WIDTH="56" HEIGHT="30" WC="0.91" CONTENT="be-"/>
						</TextLine>
						<TextLine ID="line_13" HPOS="122" VPOS="859" WIDTH="383" HEIGHT="40">
							<String ID="string_125" HPOS="122" VPOS="860" WIDTH="76" HEIGHT="29" WC="0.96" CONTENT="rörs"/><SP WIDTH="20" VPOS="860" HPOS="198"/>
							<String ID="string_126" HPOS="218" VPOS="869" WIDTH="42" HEIGHT="20" WC="0.96" CONTENT="av"/><SP WIDTH="17" VPOS="869" HPOS="260"/>
							<String ID="string_127" HPOS="277" VPOS="859" WIDTH="228" HEIGHT="40" WC="0.96" CONTENT="regleringen."/>
						</TextLine>
					</TextBlock>
					<TextBlock ID="block_3" HPOS="123" VPOS="906" WIDTH="1501" HEIGHT="88">
						<TextLine ID="line_14" HPOS="168" VPOS="906" WIDTH="1456" HEIGHT="42">
							<String ID="string_128" HPOS="168" VPOS="909" WIDTH="48" HEIGHT="30" WC="0.96" CONTENT="På"/><SP WIDTH="19" VPOS="909" HPOS="216"/>
							<String ID="string_129" HPOS="235" VPOS="919" WIDTH="47" HEIGHT="20" WC="0.96" CONTENT="nu"/><SP WIDTH="21" VPOS="919" HPOS="282"/>
							<String ID="string_130" HPOS="303" VPOS="909" WIDTH="149" HEIGHT="31" WC="0.95" CONTENT="anförda"/><SP WIDTH="21" VPOS="909" HPOS="452"/>
							<String ID="string_131" HPOS="473" VPOS="910" WIDTH="75" HEIGHT="29" WC="0.96" CONTENT="skäl"/><SP WIDTH="21" VPOS="910" HPOS="548"/>
							<String ID="string_132" HPOS="569" VPOS="909" WIDTH="65" HEIGHT="30" WC="0.96" CONTENT="och"/><SP WIDTH="19" VPOS="909" HPOS="634"/>
							<String ID="string_133" HPOS="653" VPOS="908" WIDTH="45" HEIGHT="30" WC="0.96" CONTENT="då"/><SP WIDTH="19" VPOS="908" HPOS="698"/>
							<String ID="string_134" HPOS="717" VPOS="908" WIDTH="264" HEIGHT="40" WC="0.96" CONTENT="propositionen"/><SP WIDTH="20" VPOS="908" HPOS="981"/>
							<String ID="string_135" HPOS="1001" VPOS="907" WIDTH="10" HEIGHT="30" WC="0.96" CONTENT="i"/><SP WIDTH="21" VPOS="907" HPOS="1011"/>
							<String ID="string_136" HPOS="1032" VPOS="907" WIDTH="111" HEIGHT="40" WC="0.96" CONTENT="övrigt"/><SP WIDTH="20" VPOS="907" HPOS="1143"/>
							<String ID="string_137" HPOS="1163" VPOS="907" WIDTH="76" HEIGHT="29" WC="0.97" CONTENT="icke"/><SP WIDTH="20" VPOS="907" HPOS="1239"/>
							<String ID="string_138" HPOS="1259" VPOS="906" WIDTH="84" HEIGHT="40" WC="0.97" CONTENT="givit"/><SP WIDTH="20" VPOS="906" HPOS="1343"/>
							<String ID="string_139" HPOS="1363" VPOS="906" WIDTH="189" HEIGHT="39" WC="0.95" CONTENT="anledning"/><SP WIDTH="21" VPOS="906" HPOS="1552"/>
							<String ID="string_140" HPOS="1573" VPOS="906" WIDTH="51" HEIGHT="29" WC="0.96" CONTENT="till"/>
						</TextLine>
						<TextLine ID="line_15" HPOS="123" VPOS="959" WIDTH="608" HEIGHT="35">
							<String ID="string_141" HPOS="123" VPOS="960" WIDTH="181" HEIGHT="30" WC="0.96" CONTENT="uttalande"/><SP WIDTH="20" VPOS="960" HPOS="304"/>
							<String ID="string_142" HPOS="324" VPOS="960" WIDTH="205" HEIGHT="30" WC="0.96" CONTENT="hemställer"/><SP WIDTH="21" VPOS="960" HPOS="529"/>
							<String ID="string_143" HPOS="550" VPOS="959" WIDTH="181" HEIGHT="35" WC="0.96" CONTENT="utskottet,"/>
						</TextLine>
					</TextBlock>
					<TextBlock ID="block_4" HPOS="477" VPOS="1009" WIDTH="383" HEIGHT="39">
						<TextLine ID="line_16" HPOS="477" VPOS="1009" WIDTH="383" HEIGHT="39">
							<String ID="string_144" HPOS="477" VPOS="1011" WIDTH="51" HEIGHT="30" WC="0.96" CONTENT="att"/><SP WIDTH="18" VPOS="1011" HPOS="528"/>
							<String ID="string_145" HPOS="546" VPOS="1009" WIDTH="187" HEIGHT="39" WC="0.96" CONTENT="riksdagen"/><SP WIDTH="19" VPOS="1009" HPOS="733"/>
							<String ID="string_146" HPOS="752" VPOS="1009" WIDTH="108" HEIGHT="30" WC="0.96" CONTENT="måtte"/>
						</TextLine>
					</TextBlock>
					<TextBlock ID="block_5" HPOS="426" VPOS="1057" WIDTH="1202" HEIGHT="395">
						<TextLine ID="line_17" HPOS="468" VPOS="1057" WIDTH="1158" HEIGHT="42">
							<String ID="string_147" HPOS="468" VPOS="1061" WIDTH="38" HEIGHT="29" WC="0.90" CONTENT="A."/><SP WIDTH="19" VPOS="1061" HPOS="506"/>
							<String ID="string_148" HPOS="525" VPOS="1060" WIDTH="72" HEIGHT="30" WC="0.93" CONTENT="dels"/><SP WIDTH="17" VPOS="1060" HPOS="597"/>
							<String ID="string_149" HPOS="614" VPOS="1079" WIDTH="45" HEIGHT="3" WC="0.92" CONTENT="—"/><SP WIDTH="16" VPOS="1079" HPOS="659"/>
							<String ID="string_150" HPOS="675" VPOS="1060" WIDTH="80" HEIGHT="29" WC="0.96" CONTENT="med"/><SP WIDTH="19" VPOS="1060" HPOS="755"/>
							<String ID="string_151" HPOS="774" VPOS="1060" WIDTH="117" HEIGHT="39" WC="0.93" CONTENT="avslag"/><SP WIDTH="20" VPOS="1060" HPOS="891"/>
							<String ID="string_152" HPOS="911" VPOS="1059" WIDTH="20" HEIGHT="30" WC="0.92" CONTENT="å"/><SP WIDTH="18" VPOS="1059" HPOS="931"/>
							<String ID="string_153" HPOS="949" VPOS="1059" WIDTH="56" HEIGHT="30" WC="0.96" CONTENT="det"/><SP WIDTH="19" VPOS="1059" HPOS="1005"/>
							<String ID="string_154" HPOS="1024" VPOS="1059" WIDTH="10" HEIGHT="29" WC="0.96" CONTENT="i"/><SP WIDTH="18" VPOS="1059" HPOS="1034"/>
							<String ID="string_155" HPOS="1052" VPOS="1059" WIDTH="220" HEIGHT="29" WC="0.96" CONTENT="motionerna"/><SP WIDTH="19" VPOS="1059" HPOS="1272"/>
							<String ID="string_156" HPOS="1291" VPOS="1060" WIDTH="29" HEIGHT="28" WC="0.91" CONTENT="1:"/><SP WIDTH="16" VPOS="1060" HPOS="1320"/>
							<String ID="string_157" HPOS="1336" VPOS="1057" WIDTH="64" HEIGHT="31" WC="0.94" CONTENT="473"/><SP WIDTH="18" VPOS="1057" HPOS="1400"/>
							<String ID="string_158" HPOS="1418" VPOS="1058" WIDTH="65" HEIGHT="30" WC="0.96" CONTENT="och"/><SP WIDTH="20" VPOS="1058" HPOS="1483"/>
							<String ID="string_159" HPOS="1503" VPOS="1058" WIDTH="45" HEIGHT="30" WC="0.74" CONTENT="II:"/><SP WIDTH="16" VPOS="1058" HPOS="1548"/>
							<String ID="string_160" HPOS="1564" VPOS="1057" WIDTH="62" HEIGHT="30" WC="0.96" CONTENT="578"/>
						</TextLine>
						<TextLine ID="line_18" HPOS="430" VPOS="1107" WIDTH="1198" HEIGHT="43">
							<String ID="string_161" HPOS="430" VPOS="1110" WIDTH="222" HEIGHT="30" WC="0.96" CONTENT="framställda"/><SP WIDTH="20" VPOS="1110" HPOS="652"/>
							<String ID="string_162" HPOS="672" VPOS="1110" WIDTH="173" HEIGHT="40" WC="0.96" CONTENT="yrkandet"/><SP WIDTH="23" VPOS="1110" HPOS="845"/>
							<String ID="string_163" HPOS="868" VPOS="1119" WIDTH="57" HEIGHT="20" WC="0.95" CONTENT="om"/><SP WIDTH="24" VPOS="1119" HPOS="925"/>
							<String ID="string_164" HPOS="949" VPOS="1109" WIDTH="143" HEIGHT="32" WC="0.95" CONTENT="fortsatt"/><SP WIDTH="21" VPOS="1109" HPOS="1092"/>
							<String ID="string_165" HPOS="1113" VPOS="1109" WIDTH="159" HEIGHT="40" WC="0.96" CONTENT="giltighet"/><SP WIDTH="22" VPOS="1109" HPOS="1272"/>
							<String ID="string_166" HPOS="1294" VPOS="1108" WIDTH="52" HEIGHT="31" WC="0.96" CONTENT="till"/><SP WIDTH="24" VPOS="1108" HPOS="1346"/>
							<String ID="string_167" HPOS="1370" VPOS="1108" WIDTH="65" HEIGHT="30" WC="0.96" CONTENT="och"/><SP WIDTH="22" VPOS="1108" HPOS="1435"/>
							<String ID="string_168" HPOS="1457" VPOS="1107" WIDTH="80" HEIGHT="31" WC="0.96" CONTENT="med"/><SP WIDTH="24" VPOS="1107" HPOS="1537"/>
							<String ID="string_169" HPOS="1561" VPOS="1107" WIDTH="67" HEIGHT="31" WC="0.96" CONTENT="den"/>
						</TextLine>
						<TextLine ID="line_19" HPOS="426" VPOS="1158" WIDTH="1201" HEIGHT="43">
							<String ID="string_170" HPOS="426" VPOS="1162" WIDTH="40" HEIGHT="30" WC="0.96" CONTENT="30"/><SP WIDTH="17" VPOS="1162" HPOS="466"/>
							<String ID="string_171" HPOS="483" VPOS="1161" WIDTH="79" HEIGHT="40" WC="0.96" CONTENT="juni"/><SP WIDTH="18" VPOS="1161" HPOS="562"/>
							<String ID="string_172" HPOS="580" VPOS="1161" WIDTH="83" HEIGHT="30" WC="0.95" CONTENT="1960"/><SP WIDTH="17" VPOS="1161" HPOS="663"/>
							<String ID="string_173" HPOS="680" VPOS="1170" WIDTH="42" HEIGHT="20" WC="0.95" CONTENT="av"/><SP WIDTH="16" VPOS="1170" HPOS="722"/>
							<String ID="string_174" HPOS="738" VPOS="1161" WIDTH="100" HEIGHT="39" WC="0.95" CONTENT="lagen"/><SP WIDTH="17" VPOS="1161" HPOS="838"/>
							<String ID="string_175" HPOS="855" VPOS="1170" WIDTH="56" HEIGHT="20" WC="0.96" CONTENT="om"/><SP WIDTH="18" VPOS="1170" HPOS="911"/>
							<String ID="string_176" HPOS="929" VPOS="1160" WIDTH="142" HEIGHT="30" WC="0.96" CONTENT="fortsatt"/><SP WIDTH="18" VPOS="1160" HPOS="1071"/>
							<String ID="string_177" HPOS="1089" VPOS="1159" WIDTH="158" HEIGHT="40" WC="0.96" CONTENT="giltighet"/><SP WIDTH="17" VPOS="1159" HPOS="1247"/>
							<String ID="string_178" HPOS="1264" VPOS="1169" WIDTH="43" HEIGHT="21" WC="0.93" CONTENT="av"/><SP WIDTH="14" VPOS="1169" HPOS="1307"/>
							<String ID="string_179" HPOS="1321" VPOS="1159" WIDTH="223" HEIGHT="39" WC="0.92" CONTENT="valutalagen"/><SP WIDTH="16" VPOS="1159" HPOS="1544"/>
							<String ID="string_180" HPOS="1560" VPOS="1158" WIDTH="67" HEIGHT="30" WC="0.96" CONTENT="den"/>
						</TextLine>
						<TextLine ID="line_20" HPOS="433" VPOS="1209" WIDTH="1193" HEIGHT="42">
							<String ID="string_181" HPOS="433" VPOS="1212" WIDTH="40" HEIGHT="30" WC="0.96" CONTENT="22"/><SP WIDTH="25" VPOS="1212" HPOS="473"/>
							<String ID="string_182" HPOS="498" VPOS="1212" WIDTH="79" HEIGHT="39" WC="0.96" CONTENT="juni"/><SP WIDTH="27" VPOS="1212" HPOS="577"/>
							<String ID="string_183" HPOS="604" VPOS="1211" WIDTH="83" HEIGHT="30" WC="0.88" CONTENT="1939"/><SP WIDTH="30" VPOS="1211" HPOS="687"/>
							<String ID="string_184" HPOS="717" VPOS="1211" WIDTH="59" HEIGHT="34" WC="0.95" CONTENT="(nr"/><SP WIDTH="25" VPOS="1211" HPOS="776"/>
							<String ID="string_185" HPOS="801" VPOS="1210" WIDTH="80" HEIGHT="35" WC="0.93" CONTENT="350)"/><SP WIDTH="29" VPOS="1210" HPOS="881"/>
							<String ID="string_186" HPOS="910" VPOS="1229" WIDTH="44" HEIGHT="3" WC="0.92" CONTENT="—"/><SP WIDTH="25" VPOS="1229" HPOS="954"/>
							<String ID="string_187" HPOS="979" VPOS="1212" WIDTH="127" HEIGHT="38" WC="0.96" CONTENT="antaga"/><SP WIDTH="25" VPOS="1212" HPOS="1106"/>
							<String ID="string_188" HPOS="1131" VPOS="1210" WIDTH="57" HEIGHT="30" WC="0.96" CONTENT="det"/><SP WIDTH="25" VPOS="1210" HPOS="1188"/>
							<String ID="string_189" HPOS="1213" VPOS="1218" WIDTH="124" HEIGHT="31" WC="0.95" CONTENT="genom"/><SP WIDTH="25" VPOS="1218" HPOS="1337"/>
							<String ID="string_190" HPOS="1362" VPOS="1209" WIDTH="264" HEIGHT="40" WC="0.95" CONTENT="propositionen"/>
						</TextLine>
						<TextLine ID="line_21" HPOS="426" VPOS="1259" WIDTH="1200" HEIGHT="43">
							<String ID="string_191" HPOS="426" VPOS="1263" WIDTH="196" HEIGHT="39" WC="0.96" CONTENT="framlagda"/><SP WIDTH="17" VPOS="1263" HPOS="622"/>
							<String ID="string_192" HPOS="639" VPOS="1262" WIDTH="166" HEIGHT="39" WC="0.96" CONTENT="förslaget"/><SP WIDTH="17" VPOS="1262" HPOS="805"/>
							<String ID="string_193" HPOS="822" VPOS="1262" WIDTH="52" HEIGHT="29" WC="0.96" CONTENT="till"/><SP WIDTH="17" VPOS="1262" HPOS="874"/>
							<String ID="string_194" HPOS="891" VPOS="1262" WIDTH="55" HEIGHT="39" WC="0.96" CONTENT="lag"/><SP WIDTH="17" VPOS="1262" HPOS="946"/>
							<String ID="string_195" HPOS="963" VPOS="1270" WIDTH="57" HEIGHT="21" WC="0.96" CONTENT="om"/><SP WIDTH="17" VPOS="1270" HPOS="1020"/>
							<String ID="string_196" HPOS="1037" VPOS="1261" WIDTH="149" HEIGHT="39" WC="0.95" CONTENT="ändring"/><SP WIDTH="16" VPOS="1261" HPOS="1186"/>
							<String ID="string_197" HPOS="1202" VPOS="1260" WIDTH="11" HEIGHT="30" WC="0.95" CONTENT="i"/><SP WIDTH="16" VPOS="1260" HPOS="1213"/>
							<String ID="string_198" HPOS="1229" VPOS="1261" WIDTH="101" HEIGHT="39" WC="0.96" CONTENT="lagen"/><SP WIDTH="16" VPOS="1261" HPOS="1330"/>
							<String ID="string_199" HPOS="1346" VPOS="1269" WIDTH="57" HEIGHT="20" WC="0.96" CONTENT="om"/><SP WIDTH="17" VPOS="1269" HPOS="1403"/>
							<String ID="string_200" HPOS="1420" VPOS="1259" WIDTH="206" HEIGHT="40" WC="0.96" CONTENT="förfogande"/>
						</TextLine>
						<TextLine ID="line_22" HPOS="430" VPOS="1310" WIDTH="1194" HEIGHT="40">
							<String ID="string_201" HPOS="430" VPOS="1314" WIDTH="82" HEIGHT="30" WC="0.96" CONTENT="över"/><SP WIDTH="21" VPOS="1314" HPOS="512"/>
							<String ID="string_202" HPOS="533" VPOS="1314" WIDTH="184" HEIGHT="29" WC="0.96" CONTENT="utländska"/><SP WIDTH="21" VPOS="1314" HPOS="717"/>
							<String ID="string_203" HPOS="738" VPOS="1312" WIDTH="306" HEIGHT="38" WC="0.93" CONTENT="betalningsmedel"/><SP WIDTH="20" VPOS="1312" HPOS="1044"/>
							<String ID="string_204" HPOS="1064" VPOS="1321" WIDTH="44" HEIGHT="20" WC="0.90" CONTENT="m."/><SP WIDTH="21" VPOS="1321" HPOS="1108"/>
							<String ID="string_205" HPOS="1129" VPOS="1321" WIDTH="44" HEIGHT="20" WC="0.92" CONTENT="m."/><SP WIDTH="23" VPOS="1321" HPOS="1173"/>
							<String ID="string_206" HPOS="1196" VPOS="1312" WIDTH="108" HEIGHT="29" WC="0.96" CONTENT="under"/><SP WIDTH="21" VPOS="1312" HPOS="1304"/>
							<String ID="string_207" HPOS="1325" VPOS="1310" WIDTH="299" HEIGHT="38" WC="0.96" CONTENT="utomordentliga,"/>
						</TextLine>
						<TextLine ID="line_23" HPOS="432" VPOS="1354" WIDTH="1195" HEIGHT="49">
							<String ID="string_208" HPOS="432" VPOS="1374" WIDTH="43" HEIGHT="20" WC="0.96" CONTENT="av"/><SP WIDTH="15" VPOS="1374" HPOS="475"/>
							<String ID="string_209" HPOS="490" VPOS="1364" WIDTH="77" HEIGHT="39" WC="0.96" CONTENT="krig"/><SP WIDTH="17" VPOS="1364" HPOS="567"/>
							<String ID="string_210" HPOS="584" VPOS="1363" WIDTH="207" HEIGHT="31" WC="0.96" CONTENT="föranledda"/><SP WIDTH="16" VPOS="1363" HPOS="791"/>
							<String ID="string_211" HPOS="807" VPOS="1354" WIDTH="247" HEIGHT="39" WC="0.93" CONTENT="förhållanden"/><SP WIDTH="21" VPOS="1354" HPOS="1054"/>
							<String ID="string_212" HPOS="1075" VPOS="1362" WIDTH="209" HEIGHT="39" WC="0.92" CONTENT="(valutalag)"/><SP WIDTH="22" VPOS="1362" HPOS="1284"/>
							<String ID="string_213" HPOS="1306" VPOS="1361" WIDTH="66" HEIGHT="30" WC="0.96" CONTENT="den"/><SP WIDTH="18" VPOS="1361" HPOS="1372"/>
							<String ID="string_214" HPOS="1390" VPOS="1361" WIDTH="40" HEIGHT="30" WC="0.95" CONTENT="22"/><SP WIDTH="15" VPOS="1361" HPOS="1430"/>
							<String ID="string_215" HPOS="1445" VPOS="1361" WIDTH="81" HEIGHT="39" WC="0.96" CONTENT="juni"/><SP WIDTH="18" VPOS="1361" HPOS="1526"/>
							<String ID="string_216" HPOS="1544" VPOS="1360" WIDTH="83" HEIGHT="31" WC="0.96" CONTENT="1939"/>
						</TextLine>
						<TextLine ID="line_24" HPOS="432" VPOS="1412" WIDTH="1028" HEIGHT="40">
							<String ID="string_217" HPOS="432" VPOS="1415" WIDTH="59" HEIGHT="33" WC="0.96" CONTENT="(nr"/><SP WIDTH="21" VPOS="1415" HPOS="491"/>
							<String ID="string_218" HPOS="512" VPOS="1414" WIDTH="78" HEIGHT="34" WC="0.96" CONTENT="350)"/><SP WIDTH="27" VPOS="1414" HPOS="590"/>
							<String ID="string_219" HPOS="617" VPOS="1414" WIDTH="38" HEIGHT="30" WC="0.96" CONTENT="så"/><SP WIDTH="20" VPOS="1414" HPOS="655"/>
							<String ID="string_220" HPOS="675" VPOS="1414" WIDTH="65" HEIGHT="29" WC="0.96" CONTENT="ock"/><SP WIDTH="20" VPOS="1414" HPOS="740"/>
							<String ID="string_221" HPOS="760" VPOS="1423" WIDTH="56" HEIGHT="20" WC="0.96" CONTENT="om"/><SP WIDTH="21" VPOS="1423" HPOS="816"/>
							<String ID="string_222" HPOS="837" VPOS="1413" WIDTH="142" HEIGHT="30" WC="0.96" CONTENT="fortsatt"/><SP WIDTH="20" VPOS="1413" HPOS="979"/>
							<String ID="string_223" HPOS="999" VPOS="1412" WIDTH="157" HEIGHT="40" WC="0.96" CONTENT="giltighet"/><SP WIDTH="22" VPOS="1412" HPOS="1156"/>
							<String ID="string_224" HPOS="1178" VPOS="1422" WIDTH="41" HEIGHT="20" WC="0.95" CONTENT="av"/><SP WIDTH="21" VPOS="1422" HPOS="1219"/>
							<String ID="string_225" HPOS="1240" VPOS="1421" WIDTH="135" HEIGHT="20" WC="0.96" CONTENT="samma"/><SP WIDTH="20" VPOS="1421" HPOS="1375"/>
							<String ID="string_226" HPOS="1395" VPOS="1412" WIDTH="65" HEIGHT="38" WC="0.96" CONTENT="lag,"/>
						</TextLine>
					</TextBlock>
					<TextBlock ID="block_6" HPOS="431" VPOS="1461" WIDTH="1197" HEIGHT="93">
						<TextLine ID="line_25" HPOS="475" VPOS="1461" WIDTH="1153" HEIGHT="42">
							<String ID="string_227" HPOS="475" VPOS="1465" WIDTH="72" HEIGHT="30" WC="0.96" CONTENT="dels"/><SP WIDTH="21" VPOS="1465" HPOS="547"/>
							<String ID="string_228" HPOS="568" VPOS="1464" WIDTH="182" HEIGHT="39" WC="0.96" CONTENT="samtycka"/><SP WIDTH="17" VPOS="1464" HPOS="750"/>
							<String ID="string_229" HPOS="767" VPOS="1463" WIDTH="52" HEIGHT="30" WC="0.96" CONTENT="till"/><SP WIDTH="20" VPOS="1463" HPOS="819"/>
							<String ID="string_230" HPOS="839" VPOS="1463" WIDTH="238" HEIGHT="30" WC="0.96" CONTENT="förordnande"/><SP WIDTH="20" VPOS="1463" HPOS="1077"/>
							<String ID="string_231" HPOS="1097" VPOS="1471" WIDTH="57" HEIGHT="21" WC="0.96" CONTENT="om"/><SP WIDTH="21" VPOS="1471" HPOS="1154"/>
							<String ID="string_232" HPOS="1175" VPOS="1462" WIDTH="141" HEIGHT="30" WC="0.93" CONTENT="fortsatt"/><SP WIDTH="18" VPOS="1462" HPOS="1316"/>
							<String ID="string_233" HPOS="1334" VPOS="1461" WIDTH="294" HEIGHT="39" WC="0.91" CONTENT="valutareglering"/>
						</TextLine>
						<TextLine ID="line_26" HPOS="431" VPOS="1512" WIDTH="878" HEIGHT="42">
							<String ID="string_234" HPOS="431" VPOS="1515" WIDTH="11" HEIGHT="29" WC="0.96" CONTENT="i"/><SP WIDTH="18" VPOS="1515" HPOS="442"/>
							<String ID="string_235" HPOS="460" VPOS="1515" WIDTH="152" HEIGHT="39" WC="0.96" CONTENT="enlighet"/><SP WIDTH="18" VPOS="1515" HPOS="612"/>
							<String ID="string_236" HPOS="630" VPOS="1514" WIDTH="79" HEIGHT="30" WC="0.96" CONTENT="med"/><SP WIDTH="17" VPOS="1514" HPOS="709"/>
							<String ID="string_237" HPOS="726" VPOS="1514" WIDTH="67" HEIGHT="29" WC="0.96" CONTENT="vad"/><SP WIDTH="18" VPOS="1514" HPOS="793"/>
							<String ID="string_238" HPOS="811" VPOS="1514" WIDTH="10" HEIGHT="29" WC="0.97" CONTENT="i"/><SP WIDTH="18" VPOS="1514" HPOS="821"/>
							<String ID="string_239" HPOS="839" VPOS="1513" WIDTH="264" HEIGHT="40" WC="0.93" CONTENT="propositionen"/><SP WIDTH="19" VPOS="1513" HPOS="1103"/>
							<String ID="string_240" HPOS="1122" VPOS="1512" WIDTH="187" HEIGHT="34" WC="0.92" CONTENT="förordats,"/>
						</TextLine>
					</TextBlock>
					<TextBlock ID="block_7" HPOS="425" VPOS="1561" WIDTH="1202" HEIGHT="144">
						<TextLine ID="line_27" HPOS="472" VPOS="1561" WIDTH="1155" HEIGHT="42">
							<String ID="string_241" HPOS="472" VPOS="1566" WIDTH="72" HEIGHT="30" WC="0.96" CONTENT="dels"/><SP WIDTH="20" VPOS="1566" HPOS="544"/>
							<String ID="string_242" HPOS="564" VPOS="1566" WIDTH="65" HEIGHT="29" WC="0.96" CONTENT="ock"/><SP WIDTH="17" VPOS="1566" HPOS="629"/>
							<String ID="string_243" HPOS="646" VPOS="1564" WIDTH="68" HEIGHT="31" WC="0.96" CONTENT="vad"/><SP WIDTH="16" VPOS="1564" HPOS="714"/>
							<String ID="string_244" HPOS="730" VPOS="1564" WIDTH="175" HEIGHT="30" WC="0.96" CONTENT="beträffar"/><SP WIDTH="20" VPOS="1564" HPOS="905"/>
							<String ID="string_245" HPOS="925" VPOS="1564" WIDTH="56" HEIGHT="31" WC="0.96" CONTENT="det"/><SP WIDTH="21" VPOS="1564" HPOS="981"/>
							<String ID="string_246" HPOS="1002" VPOS="1571" WIDTH="124" HEIGHT="32" WC="0.96" CONTENT="genom"/><SP WIDTH="21" VPOS="1571" HPOS="1126"/>
							<String ID="string_247" HPOS="1147" VPOS="1562" WIDTH="264" HEIGHT="40" WC="0.96" CONTENT="propositionen"/><SP WIDTH="20" VPOS="1562" HPOS="1411"/>
							<String ID="string_248" HPOS="1431" VPOS="1561" WIDTH="196" HEIGHT="40" WC="0.96" CONTENT="framlagda"/>
						</TextLine>
						<TextLine ID="line_28" HPOS="425" VPOS="1611" WIDTH="1202" HEIGHT="44">
							<String ID="string_249" HPOS="425" VPOS="1616" WIDTH="171" HEIGHT="39" WC="0.96" CONTENT="förslaget"/><SP WIDTH="25" VPOS="1616" HPOS="596"/>
							<String ID="string_250" HPOS="621" VPOS="1615" WIDTH="51" HEIGHT="31" WC="0.93" CONTENT="till"/><SP WIDTH="28" VPOS="1615" HPOS="672"/>
							<String ID="string_251" HPOS="700" VPOS="1614" WIDTH="329" HEIGHT="39" WC="0.92" CONTENT="valutaförordning"/><SP WIDTH="28" VPOS="1614" HPOS="1029"/>
							<String ID="string_252" HPOS="1057" VPOS="1613" WIDTH="9" HEIGHT="29" WC="0.96" CONTENT="i"/><SP WIDTH="28" VPOS="1613" HPOS="1066"/>
							<String ID="string_253" HPOS="1094" VPOS="1613" WIDTH="167" HEIGHT="30" WC="0.96" CONTENT="skrivelse"/><SP WIDTH="28" VPOS="1613" HPOS="1261"/>
							<String ID="string_254" HPOS="1289" VPOS="1612" WIDTH="52" HEIGHT="31" WC="0.95" CONTENT="till"/><SP WIDTH="28" VPOS="1612" HPOS="1341"/>
							<String ID="string_255" HPOS="1369" VPOS="1612" WIDTH="126" HEIGHT="39" WC="0.94" CONTENT="Kungl."/><SP WIDTH="27" VPOS="1612" HPOS="1495"/>
							<String ID="string_256" HPOS="1522" VPOS="1611" WIDTH="105" HEIGHT="40" WC="0.95" CONTENT="Maj:t"/>
						</TextLine>
						<TextLine ID="line_29" HPOS="432" VPOS="1662" WIDTH="1047" HEIGHT="43">
							<String ID="string_257" HPOS="432" VPOS="1676" WIDTH="75" HEIGHT="21" WC="0.96" CONTENT="som"/><SP WIDTH="21" VPOS="1676" HPOS="507"/>
							<String ID="string_258" HPOS="528" VPOS="1666" WIDTH="54" HEIGHT="31" WC="0.96" CONTENT="sin"/><SP WIDTH="19" VPOS="1666" HPOS="582"/>
							<String ID="string_259" HPOS="601" VPOS="1666" WIDTH="141" HEIGHT="39" WC="0.96" CONTENT="mening"/><SP WIDTH="20" VPOS="1666" HPOS="742"/>
							<String ID="string_260" HPOS="762" VPOS="1665" WIDTH="76" HEIGHT="40" WC="0.96" CONTENT="giva"/><SP WIDTH="20" VPOS="1665" HPOS="838"/>
							<String ID="string_261" HPOS="858" VPOS="1665" WIDTH="52" HEIGHT="30" WC="0.96" CONTENT="till"/><SP WIDTH="22" VPOS="1665" HPOS="910"/>
							<String ID="string_262" HPOS="932" VPOS="1665" WIDTH="118" HEIGHT="29" WC="0.96" CONTENT="känna"/><SP WIDTH="19" VPOS="1665" HPOS="1050"/>
							<String ID="string_263" HPOS="1069" VPOS="1664" WIDTH="67" HEIGHT="29" WC="0.96" CONTENT="vad"/><SP WIDTH="17" VPOS="1664" HPOS="1136"/>
							<String ID="string_264" HPOS="1153" VPOS="1663" WIDTH="173" HEIGHT="30" WC="0.96" CONTENT="utskottet"/><SP WIDTH="21" VPOS="1663" HPOS="1326"/>
							<String ID="string_265" HPOS="1347" VPOS="1662" WIDTH="132" HEIGHT="36" WC="0.96" CONTENT="anfört;"/>
						</TextLine>
					</TextBlock>
					<TextBlock ID="block_8" HPOS="423" VPOS="1712" WIDTH="1204" HEIGHT="93">
						<TextLine ID="line_30" HPOS="472" VPOS="1712" WIDTH="1155" HEIGHT="40">
							<String ID="string_266" HPOS="472" VPOS="1719" WIDTH="37" HEIGHT="28" WC="0.90" CONTENT="B."/><SP WIDTH="26" VPOS="1719" HPOS="509"/>
							<String ID="string_267" HPOS="535" VPOS="1717" WIDTH="135" HEIGHT="30" WC="0.96" CONTENT="besluta"/><SP WIDTH="24" VPOS="1717" HPOS="670"/>
							<String ID="string_268" HPOS="694" VPOS="1718" WIDTH="50" HEIGHT="28" WC="0.96" CONTENT="att"/><SP WIDTH="23" VPOS="1718" HPOS="744"/>
							<String ID="string_269" HPOS="767" VPOS="1716" WIDTH="221" HEIGHT="29" WC="0.93" CONTENT="motionerna"/><SP WIDTH="26" VPOS="1716" HPOS="988"/>
							<String ID="string_270" HPOS="1014" VPOS="1714" WIDTH="106" HEIGHT="31" WC="0.83" CONTENT="1:473"/><SP WIDTH="25" VPOS="1714" HPOS="1120"/>
							<String ID="string_271" HPOS="1145" VPOS="1714" WIDTH="66" HEIGHT="30" WC="0.96" CONTENT="och"/><SP WIDTH="23" VPOS="1714" HPOS="1211"/>
							<String ID="string_272" HPOS="1234" VPOS="1714" WIDTH="45" HEIGHT="30" WC="0.73" CONTENT="II:"/><SP WIDTH="17" VPOS="1714" HPOS="1279"/>
							<String ID="string_273" HPOS="1296" VPOS="1713" WIDTH="63" HEIGHT="30" WC="0.73" CONTENT="578"/><SP WIDTH="24" VPOS="1713" HPOS="1359"/>
							<String ID="string_274" HPOS="1383" VPOS="1713" WIDTH="11" HEIGHT="29" WC="0.96" CONTENT="i"/><SP WIDTH="23" VPOS="1713" HPOS="1394"/>
							<String ID="string_275" HPOS="1417" VPOS="1713" WIDTH="111" HEIGHT="39" WC="0.95" CONTENT="övrigt"/><SP WIDTH="23" VPOS="1713" HPOS="1528"/>
							<String ID="string_276" HPOS="1551" VPOS="1712" WIDTH="76" HEIGHT="30" WC="0.96" CONTENT="icke"/>
						</TextLine>
						<TextLine ID="line_31" HPOS="423" VPOS="1764" WIDTH="837" HEIGHT="41">
							<String ID="string_277" HPOS="423" VPOS="1768" WIDTH="109" HEIGHT="30" WC="0.96" CONTENT="måtte"/><SP WIDTH="24" VPOS="1768" HPOS="532"/>
							<String ID="string_278" HPOS="556" VPOS="1767" WIDTH="181" HEIGHT="31" WC="0.95" CONTENT="föranleda"/><SP WIDTH="23" VPOS="1767" HPOS="737"/>
							<String ID="string_279" HPOS="760" VPOS="1766" WIDTH="114" HEIGHT="39" WC="0.96" CONTENT="någon"/><SP WIDTH="23" VPOS="1766" HPOS="874"/>
							<String ID="string_280" HPOS="897" VPOS="1765" WIDTH="206" HEIGHT="39" WC="0.96" CONTENT="riksdagens"/><SP WIDTH="25" VPOS="1765" HPOS="1103"/>
							<String ID="string_281" HPOS="1128" VPOS="1764" WIDTH="132" HEIGHT="40" WC="0.96" CONTENT="åtgärd."/>
						</TextLine>
					</TextBlock>
				</ComposedBlock>
				<ComposedBlock ID="cblock_2" HPOS="170" VPOS="1850" WIDTH="546" HEIGHT="40">
					<TextBlock ID="block_9" HPOS="170" VPOS="1850" WIDTH="546" HEIGHT="40">
						<TextLine ID="line_32" HPOS="170" VPOS="1850" WIDTH="546" HEIGHT="40">
							<String ID="string_282" HPOS="170" VPOS="1853" WIDTH="202" HEIGHT="31" WC="0.96" CONTENT="Stockholm"/><SP WIDTH="19" VPOS="1853" HPOS="372"/>
							<String ID="string_283" HPOS="391" VPOS="1852" WIDTH="67" HEIGHT="30" WC="0.96" CONTENT="den"/><SP WIDTH="22" VPOS="1852" HPOS="458"/>
							<String ID="string_284" HPOS="480" VPOS="1852" WIDTH="38" HEIGHT="29" WC="0.96" CONTENT="12"/><SP WIDTH="20" VPOS="1852" HPOS="518"/>
							<String ID="string_285" HPOS="538" VPOS="1851" WIDTH="70" HEIGHT="39" WC="0.96" CONTENT="maj"/><SP WIDTH="25" VPOS="1851" HPOS="608"/>
							<String ID="string_286" HPOS="633" VPOS="1850" WIDTH="83" HEIGHT="30" WC="0.96" CONTENT="1959"/>
						</TextLine>
					</TextBlock>
				</ComposedBlock>
				<ComposedBlock ID="cblock_3" HPOS="604" VPOS="1932" WIDTH="536" HEIGHT="107">
					<TextBlock ID="block_10" HPOS="604" VPOS="1932" WIDTH="536" HEIGHT="107">
						<TextLine ID="line_33" HPOS="604" VPOS="1932" WIDTH="536" HEIGHT="39">
							<String ID="string_287" HPOS="604" VPOS="1934" WIDTH="47" HEIGHT="30" WC="0.93" CONTENT="På"/><SP WIDTH="18" VPOS="1934" HPOS="651"/>
							<String ID="string_288" HPOS="669" VPOS="1933" WIDTH="309" HEIGHT="30" WC="0.91" CONTENT="bankoutskottets"/><SP WIDTH="17" VPOS="1933" HPOS="978"/>
							<String ID="string_289" HPOS="995" VPOS="1932" WIDTH="145" HEIGHT="39" WC="0.96" CONTENT="vägnar:"/>
						</TextLine>
						<TextLine ID="line_34" HPOS="706" VPOS="2007" WIDTH="335" HEIGHT="32">
							<String ID="string_290" HPOS="706" VPOS="2010" WIDTH="40" HEIGHT="29" WC="0.87" CONTENT="K."/><SP WIDTH="18" VPOS="2010" HPOS="746"/>
							<String ID="string_291" HPOS="764" VPOS="2009" WIDTH="37" HEIGHT="30" WC="0.87" CONTENT="G."/><SP WIDTH="18" VPOS="2009" HPOS="801"/>
							<String ID="string_292" HPOS="819" VPOS="2007" WIDTH="222" HEIGHT="32" WC="0.92" CONTENT="EWERLÖF"/>
						</TextLine>
					</TextBlock>
				</ComposedBlock>
				<ComposedBlock ID="cblock_4" HPOS="751" VPOS="2159" WIDTH="242" HEIGHT="30">
					<TextBlock ID="block_11" HPOS="751" VPOS="2159" WIDTH="242" HEIGHT="30">
						<TextLine ID="line_35" HPOS="751" VPOS="2159" WIDTH="242" HEIGHT="30">
							<String ID="string_293" HPOS="751" VPOS="2159" WIDTH="242" HEIGHT="30" WC="0.96" CONTENT="Närvarande:"/>
						</TextLine>
					</TextBlock>
				</ComposedBlock>
				<ComposedBlock ID="cblock_5" HPOS="121" VPOS="2215" WIDTH="1507" HEIGHT="217">
					<TextBlock ID="block_12" HPOS="121" VPOS="2215" WIDTH="1504" HEIGHT="80">
						<TextLine ID="line_36" HPOS="168" VPOS="2215" WIDTH="1457" HEIGHT="36">
							<String ID="string_294" HPOS="168" VPOS="2220" WIDTH="79" HEIGHT="30" WC="0.96" CONTENT="från"/><SP WIDTH="33" VPOS="2220" HPOS="247"/>
							<String ID="string_295" HPOS="280" VPOS="2220" WIDTH="167" HEIGHT="29" WC="0.96" CONTENT="första"/><SP WIDTH="32" VPOS="2220" HPOS="447"/>
							<String ID="string_296" HPOS="479" VPOS="2220" WIDTH="221" HEIGHT="28" WC="0.95" CONTENT="kammaren:"/><SP WIDTH="26" VPOS="2220" HPOS="700"/>
							<String ID="string_297" HPOS="726" VPOS="2218" WIDTH="121" HEIGHT="30" WC="0.96" CONTENT="herrar"/><SP WIDTH="23" VPOS="2218" HPOS="847"/>
							<String ID="string_298" HPOS="870" VPOS="2217" WIDTH="184" HEIGHT="34" WC="0.88" CONTENT="Ewerlöf&quot;,"/><SP WIDTH="23" VPOS="2217" HPOS="1054"/>
							<String ID="string_299" HPOS="1077" VPOS="2218" WIDTH="81" HEIGHT="33" WC="0.96" CONTENT="Boo,"/><SP WIDTH="23" VPOS="2218" HPOS="1158"/>
							<String ID="string_300" HPOS="1181" VPOS="2216" WIDTH="231" HEIGHT="35" WC="0.82" CONTENT="Fahlander&quot;,"/><SP WIDTH="24" VPOS="2216" HPOS="1412"/>
							<String ID="string_301" HPOS="1436" VPOS="2215" WIDTH="189" HEIGHT="33" WC="0.89" CONTENT="Schmidt”,"/>
						</TextLine>
						<TextLine ID="line_37" HPOS="121" VPOS="2258" WIDTH="1227" HEIGHT="37">
							<String ID="string_302" HPOS="121" VPOS="2262" WIDTH="163" HEIGHT="33" WC="0.96" CONTENT="Larsson,"/><SP WIDTH="21" VPOS="2262" HPOS="284"/>
							<String ID="string_303" HPOS="305" VPOS="2262" WIDTH="73" HEIGHT="29" WC="0.96" CONTENT="Nils"/><SP WIDTH="22" VPOS="2262" HPOS="378"/>
							<String ID="string_304" HPOS="400" VPOS="2261" WIDTH="170" HEIGHT="33" WC="0.95" CONTENT="Theodor,"/><SP WIDTH="24" VPOS="2261" HPOS="570"/>
							<String ID="string_305" HPOS="594" VPOS="2261" WIDTH="120" HEIGHT="34" WC="0.93" CONTENT="Domö,"/><SP WIDTH="24" VPOS="2261" HPOS="714"/>
							<String ID="string_306" HPOS="738" VPOS="2259" WIDTH="179" HEIGHT="30" WC="0.90" CONTENT="Strandler"/><SP WIDTH="22" VPOS="2259" HPOS="917"/>
							<String ID="string_307" HPOS="939" VPOS="2259" WIDTH="63" HEIGHT="29" WC="0.93" CONTENT="och"/><SP WIDTH="23" VPOS="2259" HPOS="1002"/>
							<String ID="string_308" HPOS="1025" VPOS="2259" WIDTH="191" HEIGHT="32" WC="0.91" CONTENT="Elowsson,"/><SP WIDTH="22" VPOS="2259" HPOS="1216"/>
							<String ID="string_309" HPOS="1238" VPOS="2258" WIDTH="110" HEIGHT="33" WC="0.89" CONTENT="Nils&quot;;"/>
						</TextLine>
					</TextBlock>
					<TextBlock ID="block_13" HPOS="122" VPOS="2315" WIDTH="1506" HEIGHT="117">
						<TextLine ID="line_38" HPOS="169" VPOS="2315" WIDTH="1457" HEIGHT="38">
							<String ID="string_310" HPOS="169" VPOS="2320" WIDTH="79" HEIGHT="29" WC="0.96" CONTENT="från"/><SP WIDTH="42" VPOS="2320" HPOS="248"/>
							<String ID="string_311" HPOS="290" VPOS="2319" WIDTH="155" HEIGHT="30" WC="0.95" CONTENT="andra"/><SP WIDTH="40" VPOS="2319" HPOS="445"/>
							<String ID="string_312" HPOS="485" VPOS="2319" WIDTH="221" HEIGHT="29" WC="0.96" CONTENT="kammaren:"/><SP WIDTH="33" VPOS="2319" HPOS="706"/>
							<String ID="string_313" HPOS="739" VPOS="2318" WIDTH="121" HEIGHT="29" WC="0.93" CONTENT="herrar"/><SP WIDTH="31" VPOS="2318" HPOS="860"/>
							<String ID="string_314" HPOS="891" VPOS="2317" WIDTH="156" HEIGHT="35" WC="0.90" CONTENT="Sköldin,"/><SP WIDTH="30" VPOS="2317" HPOS="1047"/>
							<String ID="string_315" HPOS="1077" VPOS="2317" WIDTH="153" HEIGHT="29" WC="0.96" CONTENT="Larsson"/><SP WIDTH="29" VPOS="2317" HPOS="1230"/>
							<String ID="string_316" HPOS="1259" VPOS="2316" WIDTH="11" HEIGHT="28" WC="0.96" CONTENT="i"/><SP WIDTH="29" VPOS="2316" HPOS="1270"/>
							<String ID="string_317" HPOS="1299" VPOS="2315" WIDTH="143" HEIGHT="34" WC="0.82" CONTENT="Julita&quot;,"/><SP WIDTH="32" VPOS="2315" HPOS="1442"/>
							<String ID="string_318" HPOS="1474" VPOS="2315" WIDTH="152" HEIGHT="38" WC="0.96" CONTENT="Regnéll,"/>
						</TextLine>
						<TextLine ID="line_39" HPOS="122" VPOS="2357" WIDTH="1506" HEIGHT="42">
							<String ID="string_319" HPOS="122" VPOS="2361" WIDTH="183" HEIGHT="38" WC="0.88" CONTENT="Löfgren”,"/><SP WIDTH="20" VPOS="2361" HPOS="305"/>
							<String ID="string_320" HPOS="325" VPOS="2361" WIDTH="201" HEIGHT="29" WC="0.95" CONTENT="Andersson"/><SP WIDTH="19" VPOS="2361" HPOS="526"/>
							<String ID="string_321" HPOS="545" VPOS="2360" WIDTH="10" HEIGHT="29" WC="0.96" CONTENT="i"/><SP WIDTH="19" VPOS="2360" HPOS="555"/>
							<String ID="string_322" HPOS="574" VPOS="2359" WIDTH="200" HEIGHT="39" WC="0.91" CONTENT="Ronneby&quot;,"/><SP WIDTH="19" VPOS="2359" HPOS="774"/>
							<String ID="string_323" HPOS="793" VPOS="2359" WIDTH="159" HEIGHT="30" WC="0.96" CONTENT="Eliasson"/><SP WIDTH="20" VPOS="2359" HPOS="952"/>
							<String ID="string_324" HPOS="972" VPOS="2358" WIDTH="11" HEIGHT="29" WC="0.96" CONTENT="i"/><SP WIDTH="20" VPOS="2358" HPOS="983"/>
							<String ID="string_325" HPOS="1003" VPOS="2358" WIDTH="195" HEIGHT="33" WC="0.96" CONTENT="Sundborn,"/><SP WIDTH="24" VPOS="2358" HPOS="1198"/>
							<String ID="string_326" HPOS="1222" VPOS="2358" WIDTH="213" HEIGHT="29" WC="0.90" CONTENT="Adamsson”"/><SP WIDTH="23" VPOS="2358" HPOS="1435"/>
							<String ID="string_327" HPOS="1458" VPOS="2357" WIDTH="63" HEIGHT="29" WC="0.92" CONTENT="och"/><SP WIDTH="19" VPOS="2357" HPOS="1521"/>
							<String ID="string_328" HPOS="1540" VPOS="2357" WIDTH="88" HEIGHT="29" WC="0.92" CONTENT="Boh-"/>
						</TextLine>
						<TextLine ID="line_40" HPOS="127" VPOS="2403" WIDTH="113" HEIGHT="29">
							<String ID="string_329" HPOS="127" VPOS="2403" WIDTH="113" HEIGHT="29" WC="0.81" CONTENT="man”."/>
						</TextLine>
					</TextBlock>
				</ComposedBlock>
				<ComposedBlock ID="cblock_6" HPOS="172" VPOS="2459" WIDTH="534" HEIGHT="32">
					<TextBlock ID="block_14" HPOS="172" VPOS="2459" WIDTH="534" HEIGHT="32">
						<TextLine ID="line_41" HPOS="172" VPOS="2459" WIDTH="534" HEIGHT="32">
							<String ID="string_330" HPOS="172" VPOS="2460" WIDTH="57" HEIGHT="31" WC="0.71" CONTENT="&quot;Ej"/><SP WIDTH="21" VPOS="2460" HPOS="229"/>
							<String ID="string_331" HPOS="250" VPOS="2460" WIDTH="181" HEIGHT="24" WC="0.96" CONTENT="närvarande"/><SP WIDTH="19" VPOS="2460" HPOS="431"/>
							<String ID="string_332" HPOS="450" VPOS="2460" WIDTH="47" HEIGHT="24" WC="0.96" CONTENT="vid"/><SP WIDTH="18" VPOS="2460" HPOS="497"/>
							<String ID="string_333" HPOS="515" VPOS="2459" WIDTH="191" HEIGHT="31" WC="0.96" CONTENT="justeringen."/>
						</TextLine>
					</TextBlock>
				</ComposedBlock>
			</PrintSpace>
		</Page>
	</Layout>
</alto>
