1866 2780
300 163 20 29 4
600 166 123 36 Tredje
745 167 246 36 lagutskottets
1014 169 179 31 utlåtande
1215 180 41 20 nr
1281 172 39 28 13
1342 172 39 30 år
1406 173 82 30 1956

300 253 94 30 brott
411 254 82 29 eller
511 255 110 30 andra
640 256 127 30 skador
784 257 43 37 på
844 258 228 37 ledningarna
1091 260 72 29 risk
1183 260 53 29 för
1254 260 201 38 förorening
1474 271 42 21 av
1533 263 254 32 dricksvattnet

300 298 156 36 uppstår.
487 299 118 37 Enligt
634 301 65 29 vad
728 302 436 31 vattenvårdskommittén
1195 305 183 35 inhämtat,
1412 306 235 32 förekommer
1678 309 109 30 sådan

301 341 297 39 föroreningsrisk
619 345 9 29 i
648 346 70 29 viss
739 347 253 37 utsträckning.
1014 348 50 29 Av
1085 349 229 30 ekonomiska
1336 351 74 29 skäl
1433 360 101 28 synes
1555 352 57 30 det
1633 353 153 30 emeller-

302 386 48 30 lid
373 387 10 29 i
407 387 95 37 fråga
525 397 56 20 om
605 389 109 30 större
736 390 100 30 delen
858 400 42 21 av
924 392 115 30 landet
1062 393 75 29 icke
1159 403 82 20 vara
1264 394 138 38 möjligt
1424 398 51 27 att
1498 396 194 32 föreskriva
1717 399 69 29 sär-

301 430 113 30 skilda
436 432 249 37 schaktgravar
706 434 54 30 för
778 436 294 37 vattenlednings-
1092 438 63 29 och
1175 439 215 36 avloppsrör.
1412 440 170 30 Riskerna
1603 441 54 30 för
1678 443 108 30 sådan

300 475 202 38 förorening
527 477 108 35 torde,
662 478 114 30 såsom
801 480 219 31 motionären
1044 484 123 34 antytt,
1195 483 33 29 få
1254 484 200 30 elimineras
1479 492 124 29 genom
1628 488 50 28 att
1704 496 82 22 man

300 528 56 20 ser
374 520 51 29 till
446 522 50 29 att
514 521 141 37 fullgott
674 524 160 29 material
854 525 175 30 användes
1049 527 64 28 och
1132 529 50 27 att
1201 528 298 37 anläggningarna
1520 530 136 30 utföras
1676 532 43 36 på
1738 534 47 28 ett

299 564 122 37 riktigt
437 565 78 30 sätt.
533 566 79 30 Viss
629 568 212 37 upplysning
857 569 121 30 härom
996 571 135 29 lämnas
1148 572 256 30 kommunerna
1421 583 43 20 av
1478 575 77 36 väg-
1573 575 63 30 och
1652 578 133 28 vatten-

299 608 352 39 byggnadsstyrelsen
670 612 63 29 och
753 622 42 20 av
812 613 371 32 kommunaltekniska
1203 612 215 46 föreningen.

344 652 120 31 Såsom
493 655 220 31 motionären
739 657 118 31 anfört
884 658 70 30 kan
980 659 118 30 vidare
1127 660 205 38 inkoppling
1360 663 9 28 i
1397 663 388 39 vattenledningsnäten

298 706 43 21 av
362 697 181 38 olämpligt
564 699 253 33 konstruerade
841 703 186 35 maskiner,
1053 706 87 28 t.ex.
1165 705 92 29 disk-
1281 706 64 29 och
1370 707 277 36 tvättmaskiner,
1670 710 115 29 åstad-

299 741 141 31 komma
457 743 201 38 förorening
674 746 9 28 i
698 746 399 38 vattenledningsnäten.
1114 749 93 30 även
1222 751 43 35 på
1282 750 94 30 detta
1392 752 141 30 område
1551 753 122 30 utövar
1688 755 97 29 kom-

298 787 286 31 munaltekniska
621 789 204 38 föreningen
859 792 465 37 upplysningsverksamhet.
1359 796 120 36 Någon
1513 796 271 33 Kkontrollmärk-

299 830 83 37 ning
399 840 42 21 av
460 832 131 31 sådana
609 834 178 30 maskiner
804 836 235 30 förekommer
1057 838 89 29 dock
1164 839 85 29 icke.

342 875 101 30 Vissa
474 877 336 32 missförhållanden
840 880 217 31 förekomma
1090 882 145 30 sålunda
1269 884 42 37 på
1344 884 267 37 ifrågavarande
1643 888 142 31 område

295 920 65 29 och
382 921 56 30 det
461 922 36 29 är
519 922 206 36 uppenbart,
748 925 49 28 att
819 932 95 22 mera
935 924 166 31 effektiva
1123 927 236 36 motåtgärder
1380 937 80 22 vore
1480 930 209 32 önskvärda.
1710 931 76 31 Sär-

297 966 85 31 skilt
406 967 64 30 har
495 968 80 30 från
599 969 371 32 kommunaltekniska
994 971 224 38 föreningens
1244 974 75 29 sida
1346 974 213 32 framhållits
1583 977 201 37 betydelsen

297 1020 44 21 av
358 1013 51 28 att
427 1021 42 21 en
487 1012 343 39 kontrollmärkning
848 1024 44 20 av
908 1015 218 31 rörmaterial
1144 1018 64 29 och
1227 1027 42 21 av
1287 1019 187 35 maskiner,
1495 1021 150 31 avsedda
1664 1024 49 29 att
1733 1024 51 29 in-

296 1055 148 38 kopplas
465 1057 9 29 i
495 1058 416 38 vattenledningssystem
930 1060 117 31 kunde
1067 1062 187 31 anordnas.

339 1099 118 38 Enligt
477 1101 67 30 vad
565 1102 209 31 kommittén
796 1103 124 31 erfarit
939 1105 106 37 pågår
1066 1106 55 29 för
1141 1107 218 30 närvarande
1382 1109 322 39 underhandlingar
1725 1121 57 21 om

295 1146 52 28 att
367 1144 94 31 bilda
484 1155 42 20 en
548 1146 295 32 riksomfattande
865 1150 237 35 organisation
1125 1151 54 29 för
1202 1151 137 31 landets
1360 1154 215 30 vattenverk.
1598 1156 53 29 En
1675 1156 108 31 sådan

295 1189 241 36 organisation
563 1191 97 30 torde
689 1191 35 30 få
752 1192 168 38 betydligt
949 1194 109 30 större
1087 1195 222 37 möjligheter
1338 1198 44 28 än
1410 1198 372 34 kommunaltekniska

296 1233 216 38 föreningen,
539 1244 74 21 som
638 1237 38 29 är
699 1245 43 21 en
766 1237 101 30 ideell
893 1239 317 38 sammanslutning
1235 1250 43 20 av
1302 1241 228 32 kommunala
1556 1239 225 47 tjänstemän,

295 1279 52 28 att
372 1279 156 30 anordna
554 1280 162 30 tekniska
743 1282 413 38 provningsmöjligheter
1182 1285 54 29 för
1261 1287 160 29 material
1448 1288 64 29 och
1538 1289 179 30 maskiner
1742 1299 41 21 av

295 1322 95 30 olika
410 1323 82 37 slag,
513 1326 51 28 att
582 1325 106 30 verka
708 1325 55 30 för
782 1335 43 21 en
846 1326 194 31 förbättrad
1059 1329 64 29 och
1145 1329 151 38 enhetlig
1317 1330 206 32 kommunal
1544 1333 153 31 kontroll
1718 1335 64 29 och

292 1367 51 28 att
369 1367 80 29 över
472 1367 119 30 huvud
617 1370 92 35 taget
733 1370 118 36 sprida
875 1371 212 38 upplysning
1110 1372 42 37 på
1176 1373 167 31 området.
1368 1375 64 30 Det
1455 1375 68 30 kan
1546 1377 106 30 också
1675 1377 110 31 förut-

296 1412 121 35 sättas,
436 1414 50 29 att
505 1423 43 20 en
569 1414 109 30 sådan
697 1416 238 36 organisation
953 1417 158 30 kommer
1128 1420 51 28 att
1197 1419 120 30 arbeta
1336 1421 10 28 i
1366 1420 139 30 samråd
1524 1422 79 30 med
1621 1423 78 37 väg-
1718 1424 64 29 och

293 1456 493 40 vattenbyggnadsstyrelsens
806 1462 133 29 vatten-
961 1461 63 30 och
1046 1462 230 38 avloppsbyrå
1299 1464 125 30 liksom
1447 1465 105 31 också
1573 1467 79 30 med
1672 1468 109 30 andra

292 1499 148 31 berörda
461 1502 251 37 myndigheter.

339 1555 217 31 Kommittén
578 1557 60 30 vill
662 1558 9 29 i
695 1558 93 30 detta
812 1559 255 38 sammanhang
1092 1560 163 38 slutligen
1278 1563 116 29 erinra
1418 1572 56 20 om
1499 1566 51 28 att
1574 1564 130 39 förslag
1728 1567 53 29 till

293 1608 44 21 en
356 1609 47 28 ny
421 1600 330 39 hälsovårdsstadga
769 1603 98 30 torde
886 1603 139 31 komma
1045 1607 50 28 att
1114 1605 212 38 framläggas
1345 1608 96 29 inom
1458 1617 44 21 en
1521 1609 86 30 nära
1626 1609 154 32 framtid.

293 1644 54 30 En
362 1644 55 31 del
432 1654 42 21 av
489 1645 41 30 de
547 1647 9 28 i
573 1647 178 30 motionen
766 1647 148 31 berörda
931 1649 215 37 spörsmålen
1162 1651 97 30 torde
1276 1651 83 30 böra
1376 1652 191 31 behandlas
1584 1654 9 29 i
1612 1654 168 32 samband

294 1689 154 30 därmed.

336 1741 175 31 Eftersom
536 1744 209 31 hithörande
771 1745 117 37 frågor
913 1746 125 32 främst
1064 1749 58 28 äro
1148 1757 39 21 en
1214 1749 205 30 kommunal
1445 1750 250 37 angelägenhet
1718 1752 64 29 och

293 1787 44 30 då
360 1787 57 31 det
439 1788 220 31 förestående
680 1789 180 31 bildandet
882 1800 42 21 av
946 1793 47 28 ett
1015 1792 378 31 vattenverksförbund
1415 1794 71 30 kan
1507 1796 124 30 väntas
1654 1797 10 29 i
1686 1796 93 31 olika

292 1832 196 30 avseenden
514 1832 182 38 tillgodose
722 1835 197 30 motionens
946 1836 124 37 syften,
1097 1837 70 30 kan
1193 1838 107 36 enligt
1325 1839 455 32 vattenvårdskommitténs

292 1876 142 37 mening
454 1877 10 29 i
484 1879 77 28 vart
583 1877 62 31 fall
669 1878 53 30 för
743 1879 218 31 närvarande
983 1881 100 30 anstå
1106 1882 78 29 med
1207 1882 139 37 statliga
1369 1883 171 37 åtgärder.
1564 1884 215 32 Kommittén

290 1920 62 30 vill
374 1920 88 31 dock
484 1922 180 37 samtidigt
686 1923 189 31 framhålla
895 1924 120 31 vikten
1035 1935 43 21 av
1098 1928 50 28 att
1171 1927 158 30 närmast
1350 1928 147 30 berörda
1521 1929 138 37 statliga
1681 1939 98 28 myn-

291 1964 158 37 digheter
468 1966 78 30 med
567 1967 314 37 uppmärksamhet
902 1969 85 37 följa
1008 1969 244 38 utvecklingen
1272 1972 64 29 och
1356 1972 139 37 vidtaga
1517 1973 41 30 de
1577 1974 202 37 ytterligare

288 2008 173 37 åtgärder,
484 2019 74 20 som
582 2010 186 31 framdeles
792 2012 119 30 kunna
933 2022 81 21 vara
1037 2014 236 37 erforderliga.

940 2165 189 34 Utskottet

334 2234 455 36 Vattenvårdskommittén,
813 2247 73 20 som
914 2238 7 29 i
945 2238 167 30 samband
1139 2240 74 28 med
1238 2240 207 36 avgivandet
1469 2250 40 20 av
1533 2241 61 30 sitt
1615 2242 163 36 yttrande

288 2289 82 28 över
398 2289 177 30 motionen
603 2291 147 29 samrått
778 2292 76 28 med
883 2295 277 33 representanter
1187 2295 53 27 för
1267 2294 77 36 väg-
1374 2294 64 29 och
1464 2295 313 37 vattenbyggnads-

288 2343 189 36 styrelsens
505 2345 133 28 vatten-
664 2345 64 29 och
755 2345 230 38 avloppsbyrå
1013 2349 89 27 samt
1130 2347 153 30 Svenska
1312 2347 370 31 kommunaltekniska
1708 2348 69 29 för-

287 2396 160 37 eningen,
467 2398 185 33 vitsordar,
672 2400 50 28 att
741 2400 92 28 vissa
854 2399 330 31 missförhållanden
1206 2401 234 30 förekommer
1458 2403 43 36 på
1521 2403 56 30 det
1595 2412 41 20 av
1654 2401 122 30 motio-

286 2450 110 29 nären
418 2450 160 37 åsyftade
600 2451 167 35 området,
790 2453 65 29 och
878 2462 100 21 anser
1001 2454 55 30 det
1079 2455 206 36 uppenbart,
1309 2458 49 28 att
1383 2465 92 21 mera
1499 2456 168 30 effektiva
1690 2458 86 27 mot-

288 2504 162 37 åtgärder
470 2515 79 20 vore
569 2506 208 30 önskvärda.
