1884 2782
285 155 38 29 10
556 159 451 34 Konstitutionsutskottets
1029 165 179 31 utlåtande
1230 176 42 20 nr
1293 167 39 30 17
1353 168 39 29 år
1414 169 83 30 1957

283 234 136 31 formen
436 236 63 30 bör
516 237 144 33 komma
677 240 51 29 till
747 242 225 41 användning
990 245 38 29 är
1047 246 274 40 uppenbarligen
1339 248 75 30 icke
1432 250 139 40 möjligt
1589 253 78 29 med
1686 254 85 29 hän-

282 296 64 30 syn
366 289 51 29 till
438 290 42 29 de
500 291 66 30 vitt
587 292 113 31 skilda
720 293 246 33 förhållanden
987 306 75 21 som
1082 299 65 29 här
1167 300 122 30 möter.
1311 301 136 31 Avtalet
1467 304 65 29 har
1552 304 39 39 ju
1613 305 67 30 den
1702 306 68 30 för-

279 340 100 31 delen
404 341 151 32 framför
579 344 361 35 kommunalförbund
965 352 50 28 att
1039 351 58 30 det
1121 353 101 38 utgör
1245 363 43 20 en
1313 355 187 39 smidigare
1524 358 65 29 och
1613 359 155 39 billigare

280 395 289 32 samarbetsform
590 400 64 28 och
674 398 146 32 innebär
841 404 47 28 ett
909 402 168 41 betydligt
1097 405 136 31 mindre
1254 407 145 40 ingrepp
1420 408 11 29 i
1452 409 68 30 den
1540 410 228 33 kommunala

279 447 474 39 självbestämmanderätten
775 455 65 29 och
864 455 258 41 förvaltningen
1144 459 45 29 än
1210 460 373 33 kommunalförbund.
1607 465 79 30 Helt
1709 466 60 29 all-

278 501 97 30 mänt
393 504 66 28 sett
479 512 103 30 synes
600 505 119 31 därför
738 507 251 32 avtalsformen
1006 520 84 21 vara
1108 514 50 27 att
1177 512 183 41 föredraga
1378 515 150 32 framför
1546 517 222 31 kommunal-

278 553 151 32 förbund
445 556 10 29 i
472 556 100 40 fråga
587 567 56 21 om
659 561 298 39 angelägenheter,
973 564 63 29 där
1052 565 58 29 det
1124 565 45 39 på
1184 568 113 37 grund
1313 577 42 21 av
1370 569 243 39 uppgifternas
1630 572 136 30 mindre

275 606 74 30 vikt
376 609 82 29 eller
486 610 213 42 omfattning
727 614 83 29 eller
839 624 42 21 av
907 616 110 31 andra
1044 618 144 30 orsaker
1214 620 76 30 icke
1317 621 71 30 kan
1415 631 102 22 anses
1545 620 221 49 erforderligt

275 660 79 29 med
375 664 48 27 ett
444 663 145 31 särskilt
609 664 204 33 beslutande
834 676 117 31 organ.
974 670 53 29 En
1047 671 110 40 viktig
1177 672 234 42 begränsning
1432 676 11 29 i
1464 676 229 40 möjligheten
1715 680 50 28 att

274 713 154 40 begagna
447 717 252 31 avtalsformen
718 720 107 39 ligger
845 722 88 29 dock
952 723 86 35 däri,
1058 726 51 28 att
1128 726 92 30 vissa
1239 728 177 38 uppgifter
1436 738 42 20 av
1497 730 268 40 offentligrätts-

273 766 47 40 lig
339 769 113 34 natur,
473 778 76 21 som
569 770 108 31 åvilar
696 773 267 37 kommunerna,
983 777 76 30 icke
1079 785 124 31 genom
1223 781 91 29 avtal
1333 781 71 29 kan
1423 783 173 30 överlåtas
1615 784 20 29 å
1654 785 109 30 andra

273 828 108 31 organ
403 823 45 28 än
468 823 236 33 kommunens
725 834 98 31 egna.

316 878 52 29 En
390 878 222 33 konsekvens
636 891 42 21 av
700 884 252 32 avtalsformen
975 887 67 30 blir
1066 889 203 35 emellertid,
1295 891 116 30 såsom
1435 888 327 50 kammarkollegiet

271 930 204 37 framhållit,
501 936 51 27 att
576 935 126 40 många
727 937 210 32 kommuner
963 940 118 31 ställes
1108 942 142 31 utanför
1275 944 57 29 det
1356 945 137 31 direkta
1519 950 162 27 ansvaret
1707 948 55 30 för

270 984 181 40 lösningen
472 996 43 20 av
535 997 73 20 mer
628 989 81 30 eller
729 991 136 31 mindre
887 993 168 31 svårlösta
1076 995 228 31 kommunala
1325 998 118 39 frågor
1464 1000 80 29 med
1565 1000 107 30 därav
1692 1001 69 30 för-

269 1036 147 32 anledda
439 1039 115 30 risker
579 1041 53 30 för
654 1042 487 44 kommunalförvaltningens
1165 1048 375 42 funktionsduglighet,
1565 1053 45 29 då
1634 1053 127 30 avtalet

268 1090 52 29 till
345 1092 162 39 äventyrs
531 1095 147 38 upphör.
701 1096 261 33 Avtalsformen
986 1100 56 30 för
1064 1101 118 31 vidare
1206 1104 79 29 med
1310 1104 50 39 sig
1384 1106 50 28 att
1458 1106 220 31 förfarandet
1701 1108 57 29 vid

268 1143 157 31 fattande
449 1155 42 20 av
513 1147 115 31 beslut
650 1149 70 29 kan
742 1150 48 30 bli
812 1153 228 40 omständligt
1062 1155 65 29 och
1150 1164 56 21 om
1229 1156 258 32 kommunerna
1511 1159 89 29 skall
1623 1160 136 30 besluta

267 1203 60 23 var
347 1197 54 30 för
422 1198 50 40 sig
492 1200 11 29 i
523 1209 42 21 en
586 1202 250 40 angelägenhet
856 1205 79 34 kan,
956 1206 54 30 för
1030 1207 58 30 det
1108 1208 61 31 fall
1190 1211 50 28 att
1259 1210 258 31 kommunerna
1537 1212 108 30 fattar
1664 1214 94 29 olika

266 1249 123 35 beslut,
408 1251 197 40 betydande
625 1256 213 39 svårigheter
857 1259 64 29 och
940 1259 222 40 olägenheter
1181 1262 148 31 inträda.
1350 1263 93 31 Även
1462 1265 11 29 i
1493 1265 98 40 fråga
1611 1276 57 20 om
1688 1266 70 31 för-

264 1303 156 40 valtning
446 1306 66 29 och
535 1307 264 42 verkställighet
823 1311 70 30 kan
918 1313 111 30 under
1055 1314 131 30 sådana
1211 1315 247 32 förhållanden
1484 1319 170 30 svårlösta
1678 1329 79 30 pro-

264 1355 90 30 blem
381 1359 138 38 uppstå.
547 1360 74 29 Och
646 1361 93 31 olika
766 1364 267 40 uppfattningar
1058 1376 58 20 om
1142 1369 145 30 avtalets
1313 1370 160 40 tolkning
1499 1372 71 29 kan
1597 1373 158 30 medföra

263 1408 130 36 tvister,
422 1420 75 21 som
525 1412 164 32 inverkar
715 1416 227 41 oförmånligt
968 1419 46 39 på
1040 1421 288 32 verksamhetens
1354 1423 222 32 bedrivande.
1618 1426 137 30 Sådana

262 1462 222 39 olägenheter
504 1466 181 36 undvikes,
705 1477 57 21 om
781 1470 257 32 kommunerna
1057 1473 113 30 bildar
1189 1475 362 32 kommunalförbund
1572 1478 54 30 för
1645 1479 109 30 hand-

261 1515 157 31 havande
445 1527 42 21 av
513 1521 431 41 samarbetsuppgifterna.
971 1525 131 31 Genom
1129 1529 50 28 att
1203 1528 427 34 kommunalförbundens
1656 1541 98 30 orga-

261 1569 152 30 nisation
435 1572 66 28 och
522 1573 224 32 verksamhet
768 1577 10 28 i
802 1578 72 28 stor
896 1579 245 40 utsträckning
1163 1582 37 28 är
1223 1582 175 38 reglerade
1421 1583 11 29 i
1454 1584 211 40 författning
1687 1586 65 29 och

260 1629 124 32 genom
405 1626 50 27 att
477 1624 323 44 förbundsordning
823 1630 88 29 skall
934 1631 194 32 fastställas
1150 1642 42 21 av
1213 1634 260 40 länsstyrelsen,
1497 1638 38 29 är
1557 1638 57 30 vid
1637 1639 114 30 denna

260 1676 289 31 samarbetsform
577 1681 222 36 garantierna
828 1683 109 30 större
967 1684 54 30 för
1051 1687 50 28 att
1129 1685 275 34 kommunernas
1432 1691 65 28 och
1527 1691 101 30 deras
1657 1692 94 30 med-

258 1727 164 32 lemmars
451 1732 206 39 rättsskydd
686 1734 88 30 skall
803 1735 154 31 beaktas.
999 1738 368 33 Kommunalförbund
1397 1752 103 29 synes
1529 1745 71 39 mig
1630 1745 120 30 därför

259 1781 125 30 främst
401 1783 83 30 böra
501 1784 143 31 komma
661 1787 51 29 till
730 1789 234 40 användning,
982 1791 44 29 då
1044 1793 210 30 samarbetet
1271 1795 106 38 gäller
1393 1805 43 20 en
1452 1797 196 39 betydande
1666 1799 83 29 eller

258 1835 142 30 särskilt
419 1836 351 34 kostnadskrävande
791 1842 137 39 uppgift
947 1843 83 30 eller
1051 1845 45 29 då
1116 1845 87 30 flera
1223 1847 210 31 kommuner
1453 1850 154 39 deltager
1627 1851 10 29 i
1659 1861 89 20 sam-

256 1888 142 30 arbetet.
421 1889 13 29 I
455 1890 103 31 dessa
581 1891 61 30 fall
663 1894 97 29 torde
783 1895 175 39 nämligen
979 1897 74 30 ofta
1075 1898 111 30 behov
1205 1899 169 41 föreligga
1394 1911 42 20 av
1457 1905 48 27 ett
1528 1904 143 30 särskilt
1691 1905 56 29 be-

256 1940 160 31 slutande
435 1951 120 31 organ.
575 1945 51 29 Då
645 1946 56 30 det
720 1947 108 38 gäller
847 1948 194 40 betydande
1061 1952 177 38 uppgifter
1257 1954 98 31 torde
1374 1955 58 30 det
1451 1956 119 30 vidare
1589 1958 11 28 i
1619 1957 127 40 många

255 1993 61 31 fall
347 1995 119 31 kunna
497 1997 225 39 ifrågasättas
752 2009 58 21 om
841 2002 183 39 uppgiften
1054 2004 71 30 kan
1153 2006 82 29 eller
1265 2006 189 41 lämpligen
1484 2009 62 30 bör
1577 2011 168 29 överläm-

255 2056 62 22 nas
339 2048 35 29 åt
397 2058 117 21 annan
537 2051 171 31 kommun
731 2055 51 28 att
804 2055 208 39 ombesörja.
1036 2057 80 29 Men
1139 2059 87 29 även
1248 2059 11 29 i
1282 2060 176 40 åtskilliga
1480 2063 111 29 andra
1615 2063 61 30 fall
1700 2065 44 29 än

253 2109 47 20 nu
324 2102 153 30 nämnda
500 2104 99 30 torde
622 2105 10 29 i
655 2105 54 40 lag
732 2107 176 39 reglerade
931 2109 363 33 kommunalförbund
1315 2123 83 21 vara
1421 2116 50 28 att
1494 2115 185 41 föredraga
1702 2126 41 21 ur

250 2153 348 43 kommunalrättslig
622 2160 190 38 synpunkt.

295 2215 216 32 Kommittén
530 2219 65 29 har
615 2220 189 32 behandlat
823 2222 93 31 olika
935 2223 403 42 förvaltningsområden
1358 2229 65 28 och
1443 2230 10 29 i
1475 2231 170 30 samband
1665 2232 77 30 där-

250 2269 78 28 med
357 2269 92 39 gjort
477 2271 93 30 vissa
600 2273 205 31 uttalanden
832 2276 177 39 angående
1038 2278 143 40 lämplig
1211 2281 298 31 samarbetsform.
1539 2284 72 30 Mot
1640 2285 101 29 dessa

249 2321 227 32 kommitténs
502 2325 206 31 uttalanden
732 2328 66 29 har
822 2328 59 40 jag
905 2330 10 28 i
940 2330 187 31 huvudsak
1153 2332 86 30 intet
1264 2336 51 27 att
1339 2334 126 35 erinra,
1491 2345 81 20 men
1597 2337 59 39 jag
1681 2338 59 29 vill

248 2375 108 29 redan
372 2375 63 30 här
451 2378 236 40 understryka
703 2382 50 28 att
769 2381 110 30 innan
895 2383 252 31 avtalsformen
1162 2386 111 38 väljes
1289 2387 111 30 måste
1416 2397 84 21 man
1516 2397 89 32 noga
1622 2390 107 39 pröva

248 2429 50 28 att
322 2438 81 20 man
428 2430 76 30 icke
530 2432 62 39 går
617 2432 118 40 längre
761 2435 46 29 än
831 2436 65 29 vad
922 2445 75 21 som
1023 2447 42 20 ur
1090 2439 345 42 kommunalrättslig
1462 2444 181 38 synpunkt
1668 2444 68 33 kan

246 2490 102 21 anses
368 2482 135 31 tillåtet.
