1880 2782
284 170 42 30 58
556 175 453 37 Konstitutionsutskottets
1030 182 179 33 utlåtande
1230 195 43 20 nr
1294 187 39 29 17
1354 188 39 29 år
1414 189 83 29 1957

282 252 51 28 att
353 251 142 32 komma
514 254 13 29 i
547 255 148 31 kontakt
715 259 80 29 med
816 261 467 43 utredningsmyndigheten.
1304 267 122 31 Denna
1448 269 111 30 skulle
1581 271 106 30 också
1707 272 64 29 lätt

281 303 121 32 kunna
428 306 45 30 nå
499 307 40 30 de
566 310 243 39 myndigheter
834 313 10 29 i
870 313 104 35 länet,
1002 324 74 21 som
1103 317 10 29 i
1139 318 193 31 allmänhet
1357 321 106 30 borde
1489 325 93 36 yttra
1610 324 50 40 sig
1686 325 10 29 i
1722 327 49 27 ett

280 357 338 41 indelningsärende.

325 411 13 28 I
360 412 111 39 övrigt
493 413 150 42 föreslog
665 416 211 32 kommittén
897 421 11 29 i
932 420 98 41 fråga
1053 432 56 20 om
1132 423 220 33 förfarandet
1374 428 215 39 väsentligen
1612 430 157 40 följande

280 464 199 40 ändringar.

324 517 80 30 Rätt
425 520 51 28 att
496 520 95 30 avslå
611 523 160 30 ansökan
792 534 56 20 om
869 525 350 44 indelningsändring
1239 549 45 3 —
1305 541 74 20 som
1400 533 125 31 hittills
1547 538 132 28 ansetts
1701 537 68 29 till-

278 569 142 32 komma
453 572 352 43 kammarkollegium
839 596 44 3 —
916 580 112 30 skulle
1062 582 106 39 enligt
1202 584 210 31 kommittén
1445 587 198 32 tillkomma
1676 590 93 29 läns-

278 623 180 38 styrelsen,
483 635 57 20 om
564 627 114 31 denna
702 630 11 28 i
738 630 151 39 enlighet
914 634 79 28 med
1018 634 229 32 kommitténs
1271 637 131 41 förslag
1426 639 95 31 bleve
1547 642 221 40 utrednings-

276 677 214 39 myndighet.
518 679 121 31 Denna
666 683 70 29 rätt
763 683 105 31 borde
895 685 179 39 lagfästas.

320 729 93 30 Även
438 731 67 30 den
530 736 202 29 nuvarande
757 737 118 38 praxis
899 739 80 29 med
1006 749 25 20 s.
1057 740 33 29 k.
1115 741 341 40 byråpromemorior
1481 746 105 30 borde
1611 747 156 40 legalise-

275 790 72 27 ras;
374 782 219 34 förfarandet
618 787 116 35 borde,
760 790 137 38 yttrade
922 791 220 37 kommittén,
1168 795 177 40 tillämpas
1372 807 42 20 av
1438 798 292 40 länsstyrelserna
1755 802 11 29 i

276 843 134 23 samma
433 839 244 40 utsträckning
701 850 75 21 som
801 842 123 31 dittills
949 845 91 30 skett
1064 846 11 29 i
1098 846 337 43 kammarkollegiet.

318 889 78 29 Med
426 890 138 40 hänsyn
594 893 51 29 till
676 894 346 42 kammarkollegiets
1054 899 165 41 ställning
1251 911 74 20 som
1356 905 131 29 central
1518 906 205 40 myndighet
1754 908 11 29 i

274 943 168 29 avseende
465 944 45 39 på
532 944 355 41 indelningsärenden
909 950 106 30 borde
1040 951 291 41 länsstyrelserna
1355 956 50 29 dit
1428 957 74 30 dels
1525 959 150 34 anmäla,
1700 961 64 29 när

272 994 328 41 indelningsärende
620 1000 328 40 anhängiggjordes,
970 1005 63 28 när
1054 1006 291 40 utredningsman
1365 1009 229 32 förordnades
1615 1013 64 29 och
1700 1014 64 29 när

272 1047 127 30 ärende
423 1049 134 40 slutligt
581 1052 184 39 avgjordes
790 1062 124 31 genom
939 1056 261 40 avslagsbeslut,
1226 1060 74 30 dels
1324 1061 68 30 den
1419 1063 14 29 1
1460 1063 181 31 december
1665 1066 98 39 varje

271 1100 39 29 år
333 1101 148 31 insända
505 1103 221 43 förteckning
749 1108 81 29 över
854 1109 197 40 anhängiga
1075 1112 163 35 ärenden,
1263 1115 120 29 varvid
1408 1117 141 29 särskilt
1572 1117 107 31 borde
1703 1129 60 19 an-

270 1153 106 38 givas,
406 1155 94 31 vilka
530 1158 152 30 ärenden
714 1169 74 20 som
819 1160 224 33 förväntades
1072 1164 121 31 kunna
1224 1167 177 31 redovisas
1431 1169 52 29 till
1514 1170 162 40 kollegiet
1707 1172 55 29 för

272 1206 132 40 slutligt
426 1211 195 37 avgörande
644 1211 75 31 före
742 1213 66 30 den
833 1215 14 28 1
872 1215 88 39 april
984 1216 156 39 följande
1162 1218 49 30 år.

313 1357 240 33 Reservanten.
579 1362 52 29 En
657 1372 42 20 av
723 1364 229 31 kommitténs
977 1366 190 32 ledamöter
1193 1372 220 29 reserverade
1440 1373 50 39 sig
1516 1374 11 28 i
1552 1374 124 40 frågan
1702 1385 57 20 om

269 1411 249 41 överflyttning
547 1423 41 20 av
617 1415 395 41 indelningsärendenas
1042 1421 260 41 handläggning
1333 1425 9 28 i
1372 1425 110 30 första
1511 1426 136 32 instans
1678 1428 80 30 från

266 1463 325 42 kammarkollegiet
627 1469 52 28 till
716 1469 291 41 länsstyrelserna
1044 1474 64 29 och
1145 1475 161 40 föreslog,
1345 1480 49 27 att
1431 1479 325 42 kammarkollegiet

268 1517 111 31 skulle
409 1518 191 33 bibehållas
630 1530 76 21 som
735 1523 111 31 första
875 1525 147 31 instans.
1063 1528 64 29 Det
1157 1528 149 31 främsta
1335 1531 112 31 skälet
1476 1535 72 27 mot
1578 1534 179 30 decentra-

266 1569 142 41 lisering
425 1581 61 20 var
504 1574 105 39 enligt
628 1579 224 27 reservanten
871 1578 119 30 risken
1009 1580 55 29 för
1082 1583 49 28 att
1151 1582 122 30 kravet
1290 1583 45 39 på
1353 1585 212 40 enhetlighet
1583 1587 11 29 i
1613 1588 143 30 ärende-

265 1631 62 23 nas
354 1624 260 42 handläggning
639 1629 76 30 icke
742 1630 112 30 skulle
881 1632 120 30 kunna
1030 1635 255 37 upprätthållas
1313 1637 10 29 i
1349 1638 205 40 erforderlig
1581 1642 174 29 utsträck-

265 1676 93 39 ning.
383 1678 127 31 Kravet
533 1681 44 38 på
601 1682 213 39 enhetlighet
838 1685 120 38 gjorde
983 1686 60 39 sig,
1068 1687 146 31 anförde
1238 1693 234 32 reservanten,
1499 1693 77 29 med
1602 1694 151 30 särskild

264 1731 119 37 styrka
405 1732 159 38 gällande
586 1735 9 28 i
618 1734 364 41 indelningsärenden,
1005 1741 83 28 enär
1112 1741 94 30 såväl
1228 1743 256 40 bedömningen
1508 1755 41 20 av
1571 1746 183 31 förutsätt-

263 1783 170 39 ningarna
456 1785 54 30 för
531 1787 350 43 indelningsändring
903 1801 74 20 som
1001 1793 156 38 reglerna
1180 1795 55 29 för
1256 1796 42 29 de
1320 1797 228 31 ekonomiska
1570 1797 183 47 uppgörel-

263 1845 102 21 serna
388 1838 11 28 i
425 1840 71 28 stor
522 1842 244 40 utsträckning
790 1843 132 40 byggde
947 1846 45 38 på
1016 1847 128 38 praxis.
1170 1848 236 31 Reservanten
1432 1851 164 31 framhöll
1622 1854 128 33 vidare,

262 1890 50 28 att
332 1890 119 30 risken
471 1892 54 30 för
544 1894 178 31 bristande
742 1897 212 39 enhetlighet
973 1899 140 30 komme
1133 1902 50 28 att
1202 1902 196 31 framträda
1418 1905 74 29 icke
1513 1906 87 29 blott
1620 1907 12 29 i
1652 1907 99 39 fråga

261 1951 57 20 om
342 1944 193 31 ärendenas
560 1948 186 39 utredning
771 1951 82 27 utan
879 1951 86 29 även
988 1953 10 28 i
1022 1953 65 29 vad
1111 1954 124 39 avsåge
1260 1956 261 39 avslagsbeslut,
1545 1959 94 30 vilka
1664 1961 86 28 även

260 1995 187 32 framdeles
468 1998 117 31 kunde
607 2000 143 31 komma
773 2005 50 27 att
845 2004 177 31 meddelas
1044 2015 42 20 av
1107 2004 466 50 utredningsmyndigheten.

302 2138 349 36 Remissyttrandena.
671 2143 112 30 Bland
802 2145 348 33 remissinstanserna
1169 2153 165 28 motsatte
1355 2152 50 39 sig
1422 2153 326 42 kammarkollegiet

257 2192 65 28 och
341 2192 56 29 två
415 2193 243 39 länsstyrelser
676 2196 229 32 kommitténs
925 2198 141 41 förslag,
1086 2203 50 28 att
1155 2202 152 30 initiativ
1326 2204 51 29 till
1397 2205 350 43 indelningsändring

256 2244 75 30 icke
355 2245 105 30 borde
484 2246 196 32 tillkomma
704 2250 137 30 enskild
866 2252 333 32 kommunmedlem.
1224 2256 332 41 Kammarkollegiet
1579 2260 167 31 framhöll

256 2297 45 29 bl.
324 2308 39 24 a.,
385 2300 50 28 att
455 2300 68 29 den
543 2302 176 30 enskildes
740 2305 70 28 rätt
832 2305 51 29 till
905 2305 152 31 initiativ
1077 2308 10 28 i
1109 2310 71 28 stor
1203 2311 244 39 utsträckning
1469 2313 189 39 utnyttjats
1680 2315 65 29 och

256 2350 10 28 i
287 2352 238 39 övervägande
547 2355 129 30 antalet
698 2356 62 29 fall
782 2357 61 29 lett
864 2358 51 29 till
937 2360 156 30 resultat.

299 2404 187 39 Angående
513 2407 228 32 kommitténs
770 2410 129 40 förslag
926 2421 58 20 om
1011 2413 307 42 decentralisering
1346 2427 41 20 av
1416 2418 218 30 förfarandet
1661 2429 83 21 voro

254 2458 229 39 meningarna
524 2460 129 30 delade.
696 2461 437 40 Överståthållarämbetet,
1164 2468 41 30 de
1237 2469 102 30 flesta
1370 2471 300 39 länsstyrelserna,
1702 2475 41 28 de

254 2511 109 29 större
384 2513 163 30 städerna
565 2515 64 28 och
650 2515 152 31 flertalet
821 2518 118 38 övriga
958 2519 209 31 kommuner
1186 2522 166 30 ävensom
1370 2524 372 33 kommunförbunden
