2209 2684
468 208 19 32 6
873 211 259 34 Statsutskottets
1166 214 177 33 Utlåtande
1370 215 65 33 N:o
1463 219 75 29 120.

415 290 111 37 dessa
554 291 217 50 uppgifters
800 293 208 38 statistiska
1036 294 256 39 bearbetande
1322 297 69 37 och
1421 297 345 51 offentliggörande
1791 313 113 37 synes
1925 302 83 48 ock,

414 343 122 50 enligt
564 344 101 37 hvad
694 346 268 38 erfarenheten
989 347 85 38 från
1102 349 174 37 utlandet
1303 356 179 43 nogsamt
1508 353 154 47 utvisar,
1693 366 47 23 en
1761 354 247 49 synnerligen

412 396 168 49 behöflig
621 398 71 36 och
732 399 189 37 värdefull
962 401 216 37 kännedom
1220 416 60 22 om
1310 403 231 50 ställningen
1568 408 49 46 på
1645 405 363 39 arbetsmarknaden

414 449 72 37 och
527 449 155 38 därmed
722 451 11 36 i
776 452 182 37 samband
995 454 155 37 stående
1179 455 261 38 förhållanden
1468 470 90 24 vara
1587 462 56 32 att
1671 458 153 49 erhålla,
1853 459 155 38 hvilken

412 502 62 37 för
501 502 276 39 vidsträcktare
805 505 150 37 kretsar
982 506 68 37 bör
1078 506 119 39 blifva
1224 508 41 36 af
1290 513 98 32 stort
1415 522 105 36 gagn
1550 510 71 37 och
1648 511 173 38 intresse.

515 554 64 38 Uti
595 568 47 24 en
657 556 60 36 väl
735 557 246 48 organiserad
998 559 172 50 offentlig
1185 560 361 51 arbetsförmedling
1560 563 108 37 torde
1685 564 70 36 ock
1772 569 55 32 ett
1841 566 168 36 utmärkt

413 607 123 37 medel
557 608 160 38 erhållas
736 610 58 37 för
814 610 45 37 de
875 611 277 51 värnpliktiges
1168 613 240 37 återförande
1424 614 58 37 till
1501 615 73 37 den
1589 616 59 37 för
1664 616 84 37 dem
1765 617 241 50 lämpligaste

410 661 293 37 verksamheten
733 663 97 36 efter
859 664 280 49 öfningstidens
1169 666 85 36 slut.
1311 665 126 38 Sedan
1466 668 124 37 denna
1619 669 213 49 öfningstid
1851 684 50 23 nu
1921 670 86 38 blif-

410 713 55 35 vit
505 714 211 48 väsentligt
755 716 185 35 utsträckt
982 717 69 35 och
1079 717 47 36 då
1154 718 228 47 öfningarna
1406 720 43 47 ju
1478 721 99 35 efter
1604 721 306 49 härordningens
1939 736 67 35 ge-

410 764 247 38 nomförande
698 766 12 36 i
751 766 206 38 allmänhet
999 768 151 37 komma
1177 774 57 32 att
1260 770 196 50 förläggas
1483 771 58 37 till
1570 773 177 37 städerna
1775 773 92 37 eller
1895 774 110 38 deras

411 817 240 37 omedelbara
679 819 233 50 grannskap,
941 821 108 36 torde
1078 822 268 37 erfarenheten
1374 824 113 36 äfven
1516 825 70 36 hos
1616 838 63 24 oss
1699 832 180 43 nogsamt
1898 827 107 37 kom-

410 882 60 24 ma
498 874 56 32 att
581 870 94 48 visa,
705 871 64 37 det
796 872 286 50 landsbygdens
1112 879 123 43 söner,
1265 875 118 37 sedan
1412 876 45 36 de
1485 876 72 37 fått
1576 878 107 36 smak
1700 878 61 37 för
1777 879 227 46 stadslifvet,

408 921 12 36 i
449 927 49 31 än
527 927 121 33 större
676 925 268 49 utsträckning
972 930 48 32 än
1047 926 133 37 hittills
1211 927 97 37 efter
1336 929 123 36 slutad
1487 929 228 50 krigstjänst
1744 931 92 37 söka
1865 932 61 49 sig
1940 946 66 23 an-

409 974 185 50 ställning
621 976 12 35 i
661 976 132 37 staden
821 977 118 37 hellre
967 983 48 31 än
1043 984 55 31 att
1126 980 205 37 återvända
1359 981 57 36 till
1445 981 81 37 sina
1545 983 202 36 hemorter.
1802 984 75 37 Det
1896 984 109 37 torde

409 1026 130 37 därför
578 1041 91 24 vara
709 1029 13 36 i
762 1029 79 50 hög
874 1030 95 49 grad
997 1030 233 49 välbetänkt,
1261 1046 61 23 om
1350 1047 87 23 man
1464 1034 69 37 hos
1562 1048 61 24 oss
1651 1035 12 36 i
1692 1035 104 37 detta
1824 1036 180 38 afseende

407 1080 148 36 hämtar
595 1080 145 38 lärdom
782 1083 40 35 af
847 1083 191 37 utlandets
1067 1084 217 38 erfarenhet
1313 1086 71 36 och
1411 1087 12 35 i
1450 1087 56 35 tid
1535 1088 113 36 söker
1677 1089 119 49 skapa
1823 1089 182 49 lämpliga

406 1132 197 37 korrektiv
631 1139 78 31 mot
737 1147 47 23 en
813 1134 104 50 dylik
947 1135 145 50 ökning
1120 1137 41 36 af
1187 1138 196 37 städernas
1412 1138 226 51 befolkning
1656 1143 49 47 på
1719 1141 285 49 landsbygdens

407 1185 226 47 bekostnad,
674 1186 11 35 i
719 1187 146 36 hvilket
894 1188 192 47 afseende,
1116 1202 79 23 som
1225 1191 125 47 sagdt,
1380 1191 73 36 den
1483 1192 197 49 offentliga
1710 1193 293 37 arbetsförmed-

407 1236 132 49 lingen
567 1236 69 37 bör
664 1237 117 38 blifva
810 1239 41 36 af
876 1244 97 32 stort
1001 1254 104 35 gagn
1134 1242 70 36 och
1233 1242 156 37 sålunda
1417 1257 90 23 vara
1534 1243 12 37 i
1573 1244 79 49 hög
1670 1245 96 48 grad
1785 1245 160 50 förtjänt
1964 1246 43 37 af

406 1294 254 44 uppmuntran
690 1290 83 37 från
801 1296 144 32 statens
975 1293 92 36 sida.
1121 1287 127 43 Åfven
1277 1295 60 36 för
1365 1296 245 37 anskaffande
1639 1297 42 36 af
1696 1297 230 50 erforderlig
1945 1312 57 23 ar-

407 1341 189 36 betskraft
633 1342 62 36 vid
723 1343 152 37 flottans
904 1345 85 36 varf
1014 1350 98 31 samt
1140 1346 123 48 öfriga
1292 1352 144 32 statens
1463 1349 225 37 verkstäder
1717 1350 70 36 och
1815 1350 186 38 arbetsfö-

406 1398 119 43 retag,
557 1394 67 36 där
652 1408 46 23 en
728 1395 104 36 stark
861 1396 145 49 ökning
1034 1398 40 36 af
1099 1399 228 48 personalen
1355 1400 297 38 understundom
1679 1401 141 48 (såsom
1839 1403 63 36 vid
1923 1417 78 23 mo-

406 1445 210 49 bilisering,
658 1447 64 36 vid
763 1448 197 37 utförande
997 1449 41 36 af
1063 1454 120 33 större
1212 1451 156 37 arbeten
1397 1453 91 35 eller
1516 1454 282 49 anläggningar
1826 1468 31 22 o.
1889 1468 28 23 s.
1948 1454 52 49 v.)

407 1502 41 31 är
488 1497 179 50 behöflig,
710 1499 68 37 bör
818 1514 46 22 en
906 1501 41 36 af
977 1506 123 32 staten
1130 1503 112 36 stödd
1271 1504 69 36 och
1371 1505 243 48 organiserad
1643 1506 358 50 arbetsförmedling

406 1549 119 37 blifva
552 1550 56 36 till
638 1564 115 35 gagn,
783 1551 135 38 liksom
935 1553 216 38 densamma
1171 1555 71 36 ock
1262 1578 48 3 —
1330 1557 121 48 enligt
1470 1557 98 36 hvad
1585 1558 145 48 jämväl
1750 1558 84 37 från
1855 1560 141 47 Kungl.

404 1601 399 51 fångvårdsstyrelsen
830 1604 226 38 framhållits
1078 1629 48 3 —
1146 1607 69 44 bör
1234 1607 117 37 blifva
1370 1612 55 33 ett
1443 1609 176 50 lämpligt
1640 1623 117 36 organ
1773 1610 61 38 för
1849 1611 152 37 anskaf-

404 1654 113 36 fande
560 1655 41 35 af
637 1655 138 49 tjänlig
815 1657 233 49 anställning
1090 1662 38 33 åt
1155 1660 82 35 från
1267 1661 338 37 straffanstalterna
1632 1663 159 47 frigifna
1819 1677 183 35 personer

406 1705 98 37 efter
532 1707 195 37 utståndet
755 1709 115 36 straff.
926 1709 150 37 Jämväl
1103 1711 12 35 i
1144 1711 111 37 dessa
1284 1712 205 37 afseenden
1519 1727 115 36 synes
1654 1728 63 23 oss
1738 1714 129 37 därför
1888 1729 112 35 orga-

404 1757 220 38 niserandet
670 1760 41 36 af
751 1760 293 39 verksamheten
1086 1763 64 37 vid
1192 1763 196 50 offentliga
1429 1765 571 51 arbetsförmedlingsanstalter

404 1810 93 36 böra
524 1824 90 23 vara
642 1818 54 30 ett
725 1813 258 37 statsintresse
1012 1815 42 35 af
1077 1815 84 36 icke
1190 1817 215 48 oväsentlig
1432 1818 208 47 betydelse.

509 1861 189 51 Slutligen
720 1865 108 37 torde
849 1870 144 32 statens
1012 1867 210 37 understöd
1242 1869 58 35 för
1320 1869 262 37 anordnandet
1602 1871 41 36 af
1660 1871 173 49 offentlig
1857 1872 141 36 arbets-

403 1914 232 50 förmedling
654 1916 128 37 kunna
801 1918 187 48 påräknas
1000 1918 142 48 jämväl
1159 1920 40 36 af
1212 1920 64 37 det
1291 1921 92 48 skäl,
1401 1926 56 32 att
1473 1923 296 37 statsmakterna
1783 1928 47 45 på
1847 1929 150 32 senaste

402 1966 104 37 tiden
526 1967 125 48 börjat
670 1973 100 44 ägna
790 1983 102 23 mera
907 1972 349 48 uppmärksamhet,
1273 1977 45 32 än
1337 1986 82 24 som
1434 1974 162 49 tidigare
1614 1976 113 47 skett,
1745 1979 37 33 åt
1797 1977 201 36 träffandet

403 2018 42 36 af
468 2018 182 50 lämpliga
678 2021 70 35 och
768 2022 189 49 naturliga
976 2023 183 37 anstalter
1178 2025 58 36 för
1256 2026 298 48 emigrationens
1574 2027 239 45 hämmande;
1843 2028 71 36 och
1934 2029 64 36 det

402 2071 109 36 torde
539 2071 192 50 knappast
758 2073 76 37 lida
861 2078 120 45 något
1008 2076 146 48 tvifvel,
1185 2081 55 32 att
1268 2091 47 23 en
1343 2078 41 36 af
1409 2078 46 37 de
1483 2079 119 37 första
1631 2080 69 36 och
1717 2080 205 48 viktigaste
1943 2083 47 34 åt-

402 2123 150 48 gärder,
582 2137 82 23 som
692 2125 200 50 därvidlag
922 2127 124 37 kunna
1073 2128 186 50 vidtagas,
1288 2130 70 37 bör
1386 2144 90 23 vara
1505 2136 55 31 att
1578 2145 138 35 genom
1737 2145 47 23 en
1802 2132 62 37 väl
1885 2146 111 36 orga-

401 2175 152 36 niserad
582 2177 175 49 offentlig
786 2178 360 51 arbetsförmedling
1173 2182 70 35 och
1272 2183 166 35 statistik
1468 2183 108 37 öfver
1604 2184 230 49 ställningen
1861 2188 48 46 på
1937 2199 58 23 ar-

401 2227 320 38 betsmarknaden
750 2243 32 23 o.
813 2244 28 22 s.
870 2245 34 22 v.
935 2232 182 37 förskaffa
1146 2234 298 37 arbetssökande
1473 2236 41 35 af
1540 2236 99 36 olika
1668 2237 219 48 kategorier
1902 2238 93 35 kän-

400 2279 138 37 nedom
581 2293 60 23 om
684 2281 45 37 de
772 2282 305 39 arbetstillfällen
1119 2286 69 36 och
1231 2286 419 50 förvärfsmöjligheter,
1681 2302 79 23 som
1790 2288 206 38 förefinnas

398 2331 103 37 inom
531 2331 64 37 det
623 2345 98 35 egna
749 2334 137 36 landet.

503 2383 60 36 En
605 2385 115 36 sådan
761 2386 235 37 medverkan
1034 2388 82 36 från
1154 2393 145 33 statens
1329 2390 81 36 sida
1440 2390 58 37 för
1526 2391 73 37 den
1628 2392 195 48 offentliga
1853 2393 142 36 arbets-
