2237 2672
694 218 262 33 Statsutskottets
989 219 177 33 Utlåtande
1193 220 65 32 N:o
1286 223 77 29 120.
1724 221 45 32 39

331 300 67 36 Att
439 305 127 32 staten
605 299 97 38 låter
742 300 61 49 sig
844 300 206 50 angeläget
1090 314 90 23 vara
1222 306 55 32 att
1319 301 144 37 skänka
1499 301 48 36 de
1584 315 51 23 nu
1671 302 153 37 äfven
1802 295 26 59 i

229 355 82 34 vårt
354 353 89 36 land
483 352 207 50 påbörjade
731 352 198 50 allvarliga
975 353 270 37 sträfvandena
1290 354 59 36 för
1393 354 432 48 arbetsförmedlingens

228 405 195 36 ordnande
452 405 66 37 sitt
546 405 86 36 stöd
660 404 68 37 och
765 405 59 36 sin
851 405 243 48 medverkan,
1122 405 137 38 liksom
1289 406 117 37 redan
1434 406 103 37 skett
1564 406 61 36 för
1653 407 172 49 sjöfarts-

229 457 209 48 näringens
480 457 306 48 vidkommande,
829 470 115 36 synes
984 459 79 47 mig
1104 459 42 35 af
1183 458 46 36 de
1265 458 13 36 i
1305 458 64 36 det
1409 458 232 48 föregående
1669 459 157 48 angifna

230 509 171 49 grunder
427 522 93 24 vara
548 510 41 35 af
612 509 137 36 nöden.
805 509 75 37 Det
906 509 122 49 gäller
1055 510 46 36 då
1128 514 167 32 närmast
1323 514 54 32 att
1405 510 144 49 afgöra,
1585 510 5 36 i
1618 511 100 36 hvad
1738 514 87 34 mån

230 561 73 37 och
330 565 49 46 på
402 561 99 37 hvad
522 566 73 32 sätt
615 562 124 36 denna
759 566 146 32 statens
926 562 231 37 medverkan
1176 562 204 50 lämpligen
1400 562 76 37 kan
1496 563 68 36 och
1585 563 69 36 bör
1673 564 152 36 komma

231 613 57 36 till
317 627 126 35 synes,
474 614 72 36 och
575 627 111 23 anser
709 614 82 48 jag,
822 619 54 31 att
905 619 145 32 statens
1079 615 153 49 uppgift
1250 616 12 35 i
1282 615 248 37 förevarande
1549 616 181 36 afseende
1748 616 78 37 kan

230 665 118 38 blifva
377 688 48 4 —
454 670 126 33 såsom
617 666 12 36 i
665 666 173 36 utlandet
874 667 113 47 skett,
1019 667 62 36 vid
1108 668 155 48 frågans
1292 667 229 49 föregående
1550 668 236 49 behandling
1813 668 12 36 i

230 718 222 50 Riksdagen
492 719 221 49 ifrågasatts
760 723 97 32 samt
902 732 50 23 nu
999 720 155 36 sednast
1200 719 40 37 af
1281 720 399 49 kommerskollegium
1724 721 99 37 före-

229 771 135 47 slagits
394 794 48 3 —
472 772 75 35 dels
575 776 55 31 att
657 771 181 36 befordra
865 771 233 37 inrättandet
1122 772 40 36 af
1178 772 205 49 opartiska,
1405 772 198 49 offentliga
1622 773 203 36 arbetsför-

229 822 380 50 medlingsanstalter
638 826 20 32 å
686 823 139 36 sådana
855 828 113 42 orter,
998 824 67 36 där
1094 824 128 48 dylika
1250 824 184 36 anstalter
1454 824 97 37 efter
1570 825 255 48 ortsmyndig-

229 875 180 36 heternas
446 880 90 44 eget
571 875 261 49 bepröfvande
869 888 112 24 anses
1022 889 90 23 vara
1141 876 40 36 af
1205 876 179 36 bebofvet
1412 876 209 49 påkallade,
1650 878 75 35 dels
1754 877 72 37 och

230 927 160 36 framför
431 927 68 36 allt
539 932 55 31 att
635 928 93 35 söka
768 928 38 35 få
846 928 296 36 verksamheten
1183 928 65 36 vid
1280 928 110 36 dessa
1420 928 183 37 anstalter
1630 929 195 36 anordnad

232 979 97 37 efter
370 993 47 23 en
459 979 171 48 enhetlig
670 979 90 49 plan
801 979 72 36 och
913 980 86 36 med
1036 980 119 49 nödig
1183 981 223 36 samverkan
1435 981 45 36 de
1510 981 100 36 olika
1638 981 187 37 kontoren

231 1031 162 37 emellan
434 1032 200 36 äfvensom
675 1032 11 35 i
728 1031 119 49 öfrigt
888 1032 97 37 efter
1026 1032 139 37 sådana
1206 1032 177 49 grunder,
1425 1037 56 32 att
1522 1032 69 37 alla
1620 1032 203 49 intressen,

231 1084 231 36 industriens
491 1084 105 36 såväl
625 1097 81 23 som
726 1084 510 49 landtmannanäringarnas,
1258 1085 197 36 städernas
1476 1085 104 36 såväl
1600 1098 78 23 som
1699 1086 125 36 lands-

230 1136 189 49 bygdens,
462 1141 144 32 statens
649 1136 105 36 såväl
795 1149 79 23 som
917 1136 45 36 de
1004 1137 204 48 enskildes,
1238 1136 118 37 blifva
1384 1150 138 36 genom
1553 1138 272 36 anstalterna
1802 1132 27 58 i

230 1188 213 49 görligaste
471 1191 87 33 mån
586 1187 290 48 tillgodosedda.

336 1240 87 36 Med
450 1240 181 37 afseende
660 1243 20 33 å
707 1241 138 49 själfva
874 1242 260 46 upprättandet
1152 1241 41 35 at
1209 1241 198 48 offentliga
1427 1241 398 50 arbetsförmedlings-

232 1292 184 36 anstalter
457 1305 112 24 anser
604 1292 81 49 jag,
727 1292 13 36 1
779 1292 122 36 likhet
942 1293 86 36 med
1055 1293 412 49 kommerskollegium,
1497 1298 55 32 att
1579 1294 206 37 initiativet
1812 1294 13 36 i

231 1345 92 48 regel
363 1345 70 36 bör
473 1347 92 46 utgå
606 1345 83 36 från
732 1345 273 36 kommunerna
1042 1345 149 49 själfva,
1220 1346 197 36 äfvensom
1447 1351 54 31 att
1529 1347 297 48 organisations-

230 1397 259 36 kostnaderna
518 1397 72 36 och
618 1397 229 36 åtminstone
872 1397 45 36 de
937 1397 354 49 hufvudsakligaste
1309 1398 517 49 förvaltningskostnaderna

231 1449 92 36 böra
351 1449 228 37 bestämmas
608 1449 70 36 och
706 1449 187 36 bestridas
921 1450 42 35 af
986 1450 282 47 kommunerna,
1298 1463 46 23 en
1373 1449 90 37 eller
1490 1450 92 37 flera
1601 1450 13 36 i
1633 1450 190 49 förening.

231 1501 16 35 I
277 1501 72 36 den
378 1504 88 33 mån
494 1501 292 36 verksamheten
814 1502 206 47 utvecklas,
1050 1502 197 36 äfvensom
1277 1502 130 49 dylika
1436 1503 138 36 kontor
1602 1503 12 35 i
1643 1516 47 23 en
1710 1503 114 37 fram-

231 1553 56 36 tid
328 1553 129 36 kunna
494 1553 87 36 med
611 1553 146 48 hänsyn
785 1553 57 36 till
870 1554 63 35 det
961 1554 208 36 allmännas
1197 1554 163 37 intresse
1388 1554 171 37 befinnas
1587 1555 189 49 behöfliga
1805 1558 21 34 å

232 1618 49 23 en
310 1605 92 36 eller
431 1618 124 23 annan
584 1610 67 40 ort,
681 1605 67 36 där
776 1605 46 36 de
850 1605 125 36 lokala
1002 1606 399 48 representationerna
1428 1607 84 35 icke
1531 1606 129 37 mäkta
1679 1607 146 37 uteslu-

231 1656 114 37 tande
386 1656 86 37 med
507 1669 101 37 egna
636 1656 122 37 medel
785 1657 167 36 bestrida
981 1657 257 37 kostnaderna
1264 1658 60 36 för
1350 1659 271 48 upprättandet
1649 1659 69 36 och
1746 1659 80 37 vid-

233 1708 300 37 makthållandet
574 1709 41 36 af
652 1709 110 36 dessa
803 1723 131 35 organ,
977 1722 111 24 anser
1123 1710 70 49 jag
1235 1710 108 48 dock,
1380 1710 144 47 jämväl
1552 1711 9 35 i
1590 1710 122 38 likhet
1739 1712 87 36 med

233 1760 413 49 kommerskollegium,
689 1766 54 30 att
783 1763 260 47 undantagsvis
1085 1767 54 30 ett
1180 1762 146 36 mindre
1355 1762 124 36 direkt
1508 1763 234 48 statsanslag
1769 1763 57 36 till

233 1812 406 49 kontorspersonalens
668 1813 197 36 aflönande
884 1813 70 36 bör
974 1814 126 35 kunna
1118 1814 244 46 utanordnas,
1383 1828 61 22 om
1463 1815 112 36 också
1593 1815 83 36 icke
1696 1817 130 35 förrän

234 1864 216 37 framdeles.
493 1864 196 49 Därjämte
718 1878 113 35 synes
859 1865 64 36 det
951 1865 78 49 mig
1056 1879 89 23 vara
1173 1869 48 46 på
1249 1866 59 36 sin
1334 1866 112 49 plats,
1475 1871 56 32 att
1550 1872 124 32 staten
1693 1867 133 36 åtmin-

234 1922 110 30 stone
386 1916 58 36 till
472 1929 48 23 en
548 1917 135 48 början
712 1919 131 44 åtager
871 1917 61 48 sig
959 1917 255 37 kostnaderna
1242 1918 60 36 för
1330 1919 64 35 det
1422 1919 120 36 ökade
1571 1919 142 46 arbete,
1743 1933 83 22 som

233 1969 173 36 kommer
439 1973 56 31 att
523 1968 172 37 åsamkas
723 1969 46 36 de
798 1969 124 36 lokala
951 1969 207 37 kontorens
1188 1970 179 48 personal
1394 1984 140 35 genom
1563 1971 46 36 de
1638 1971 186 48 åtgärder,

233 2034 80 23 som
356 2023 121 34 måste
520 2020 186 48 vidtagas,
736 2021 60 37 för
824 2026 54 31 att
906 2021 46 37 de
981 2022 40 36 af
1046 2022 178 37 städerna
1251 2023 227 49 upprättade
1505 2023 186 37 kontoren
1719 2024 107 37 skola

233 2072 119 37 blifva
392 2073 58 35 till
486 2073 169 48 verkligt
682 2087 107 35 gagn
817 2074 111 36 äfven
957 2074 60 36 för
1043 2074 252 49 närliggande
1323 2075 345 48 landskommuner,
1696 2076 131 36 hvilka

234 2124 218 47 kostnader,
482 2138 60 22 om
570 2126 71 34 ock
668 2125 13 35 1
710 2125 71 36 och
808 2125 60 36 för
896 2126 59 48 sig
983 2126 230 49 obetydliga,
1242 2126 83 37 icke
1344 2127 209 49 lämpligen
1572 2128 108 36 torde
1700 2128 128 37 kunna

235 2175 186 37 bestridas
446 2177 40 35 af
501 2177 219 49 respektive
741 2178 146 36 städers
906 2177 133 37 medel.
1087 2178 219 37 Framdeles
1327 2179 106 36 torde
1455 2180 95 36 dock
1571 2180 257 37 kostnaderna

234 2228 60 36 för
314 2228 124 36 denna
456 2228 224 37 interlokala
697 2230 242 36 verksamhet
957 2230 58 36 till
1031 2230 273 50 hufvudsaklig
1319 2231 60 36 del
1395 2232 128 36 kunna
1537 2233 130 36 täckas
1687 2246 140 35 genom

235 2280 136 49 bidrag
398 2280 42 37 af
463 2281 197 49 landsting
689 2281 91 37 eller
808 2281 440 51 hushållningssällskap.
1302 2282 148 38 Genom
1479 2285 237 48 åtgöranden
1743 2285 84 36 från

235 2332 112 36 dessa
375 2332 275 38 institutioners
679 2333 82 37 sida
789 2334 107 37 torde
925 2334 70 37 ock
1023 2348 45 23 en
1090 2335 115 36 sådan
1224 2335 302 50 anordning
1443 2328 21 62 i
1478 2328 44 62 en
1541 2336 154 37 framtid
1709 2336 118 50 lämp-

1859 314 105 29 Förslag
1982 314 42 23 till

1851 348 118 30 åtgärder
1981 349 55 23 från

1852 386 99 20 statens
1971 384 64 22 sida.
