2195 2686
246 1048 93 30 Norge.

472 222 46 31 30
876 222 261 34 Statsutskottets
1170 225 177 33 Utlåtande
1373 226 66 32 N:o
1467 228 80 30 120.

418 309 89 32 cent
535 304 40 37 af
600 304 72 38 alla
701 305 156 38 tillsatta
885 306 172 51 platser),
1087 307 157 37 framstå
1272 307 115 38 äfven
1416 308 123 49 öfriga
1566 321 169 38 grupper
1753 310 88 37 med
1859 310 151 49 ganska

417 357 300 50 aktningsvärda
759 358 133 38 siffror.
962 359 166 38 Sålunda
1168 361 115 37 hafva
1314 363 110 43 1,443
1462 362 143 49 platser
1635 361 60 50 (12
1725 363 171 49 procent)
1925 367 85 45 gått

416 410 63 43 till
510 410 237 49 jordbruket.
817 411 54 37 På
913 412 72 37 den
1022 413 198 49 kvinnliga
1248 413 246 50 afdelningen
1522 419 41 32 är
1590 415 227 49 visserligen
1846 416 164 37 förmed-

416 462 133 49 lingen
576 463 43 37 af
641 463 144 50 platser
813 464 60 37 för
900 465 226 49 tjänstefolk
1153 465 12 36 i
1194 466 135 37 staden
1357 467 74 36 den
1460 467 288 49 förhärskande,
1777 481 89 24 men
1894 468 114 38 äfven

416 516 117 36 andra
572 529 169 37 grupper
769 521 65 33 äro
863 517 62 37 väl
953 518 329 48 representerade;
1313 519 182 37 särskildt
1523 523 60 34 må
1611 521 218 37 framhållas
1858 521 46 37 de
1934 522 72 37 563

416 568 176 49 kvinnor,
635 582 83 24 som
759 570 71 37 fått
870 570 233 49 anställning
1143 571 101 37 inom
1286 572 255 37 landtbruket.
1613 572 297 51 Förmedlingen
1951 573 58 37 till

414 620 132 38 landet
590 625 41 33 är
673 622 83 48 ock,
799 636 83 23 som
911 636 126 36 synes,
1067 623 112 38 stadd
1206 624 13 37 i
1246 625 89 37 rask
1361 624 162 49 tillväxt,
1552 628 119 46 något
1699 639 82 24 som
1808 626 202 50 bestyrker

415 674 75 36 den
511 674 147 49 jämväl
685 675 12 36 i
726 675 194 50 Tyskland
949 676 70 37 och
1047 677 249 37 annorstädes
1324 691 128 23 vunna
1480 678 278 48 erfarenheten,
1787 683 56 33 att
1872 680 137 36 anord-

414 726 143 35 nandet
598 727 42 34 af
678 727 173 49 offentlig
892 728 364 49 arbetsförmedling
1298 734 41 31 är
1379 730 42 35 af
1458 730 196 48 betydelse
1694 731 83 36 icke
1806 731 115 36 minst
1949 732 59 35 för

413 776 256 40 landtbruket.

518 830 99 37 Från
646 831 75 37 den
749 831 144 38 danska
921 837 144 32 statens
1096 832 81 37 sida
1212 833 116 37 hafva
1355 838 100 32 ännu
1483 834 84 37 icke
1595 834 183 50 vidtagits
1805 838 121 46 några
1955 836 53 36 di-

414 882 108 37 rekta
550 883 182 38 anstalter
758 884 60 37 för
847 885 74 36 den
949 884 196 50 offentliga
1173 886 431 50 arbetsförmedlingens
1632 887 274 50 befrämjande,
1937 888 71 36 och

414 935 110 37 torde
567 936 140 37 sådana
748 937 83 36 icke
860 950 90 24 vara
978 942 55 32 att
1063 943 157 43 emotse,
1249 938 79 37 förr
1356 944 46 31 än
1432 939 395 50 förmedlingskontor
1854 940 114 37 äfven
1996 941 12 36 i

413 986 224 38 landsorten
665 989 161 36 kommit
853 989 58 36 till
940 990 121 36 stånd.

517 1040 18 37 I
562 1041 125 49 Norge
726 1041 133 38 trädde
901 1043 223 37 »Kristiania
1152 1043 308 49 Arbejdskontor>,
1490 1043 184 38 inrättadt
1702 1044 96 38 efter
1827 1045 181 50 sydtyskt

414 1098 179 42 mönster,
636 1094 12 35 i
689 1095 245 36 verksamhet
973 1095 117 36 redan
1132 1095 72 36 den
1249 1097 18 34 1
1293 1096 152 48 januari
1476 1098 109 35 1898.
1642 1097 197 37 Liknande
1867 1098 140 36 kontor

413 1144 114 38 hafva
556 1146 216 37 sedermera
799 1146 176 37 inrättats
1003 1147 13 36 i
1042 1148 149 48 Bergen,
1226 1148 214 49 Trondhjem
1459 1148 70 37 och
1548 1149 210 50 Stavanger.
1800 1149 207 37 Verksam-

413 1196 116 37 heten
574 1197 64 37 vid
680 1198 177 49 samtliga
899 1199 140 36 norska
1079 1199 440 48 förmedlingsanstalter
1559 1201 168 49 framgår
1769 1201 41 36 af
1839 1201 168 50 följande

413 1248 118 37 tablå:

846 1323 139 33 Norska
1014 1323 553 41 arbetsförmedlingsanstalter.

724 1371 236 49 (Kristiania,
989 1373 162 48 Bergen,
1181 1373 248 49 Trondhjem,
1460 1373 241 50 Stavanger).

879 1456 146 27 Tillsatta
1044 1457 121 34 platser
1183 1456 76 28 åren
1277 1457 74 28 1904
1370 1457 58 28 och
1447 1458 83 28 1905.

1207 1565 38 36 År
1265 1576 67 26 1904
1696 1568 39 35 År
1753 1578 68 26 1905

1053 1681 108 29 Manliga
1179 1677 13 38 |
1201 1682 132 29 Kvinnliga
1348 1677 15 38 |
1383 1682 97 23 Summa
1542 1683 110 29 Manliga
1668 1679 15 38 |
1692 1683 132 29 Kvinnliga
1839 1679 15 38 |
1873 1683 98 23 Summa

434 1788 134 27 Jordbruk
595 1798 21 18 Os
641 1790 370 29 Aesssmnnssrssssssssssssssess
973 1784 43 42 nns
1094 1792 51 27 554
1274 1793 33 26 46
1420 1788 52 41 600
1585 1793 49 28 941
1749 1795 49 27 102
1895 1793 76 34 1,043

435 1840 120 27 Industri
582 1842 49 26 och
653 1842 148 26 handtverk
815 1866 196 5 .................
1069 1844 75 32 1,830
1259 1845 48 27 103
1395 1840 76 42 1,983
1559 1846 75 32 2,319
1748 1847 49 26 201
1894 1846 77 33 2.520
2000 1838 2 5 |

434 1892 106 27 Handel
558 1893 49 26 och
621 1894 321 25 samfärdsel......ssoom0s00
951 1919 60 3 0...
1069 1896 74 32 1,869
1258 1897 49 26 170
1394 1896 77 33 2,089
1557 1897 77 32 3,407
1749 1898 49 26 142
1893 1897 77 33 3,549

435 1943 193 35 Grofarbetare,
648 1946 155 33 tjänstefolk
822 1946 48 26 och
889 1947 22 33 ej
933 1947 81 34 speci-

483 1996 112 27 ficeradt
613 1998 398 28 arbete....smsnssssssssssssssnnna
1068 1999 75 32 2,247
1231 2001 76 30 7,215
1393 1995 78 41 9,462
1558 2001 76 32 2,829
1722 2001 76 31 7,918
1876 2000 93 32 10,747

909 2058 104 27 Summa|
1066 2059 78 33 6,500
1175 2040 23 60 |
1232 2060 75 33 7584
1336 2040 19 60 |
1377 2060 94 34 14034
1508 2044 5 52 |
1557 2060 78 34 9496
1666 2040 23 60 |
1720 2061 77 33 8368
1827 2040 23 60 |
1875 2061 94 33 17.859

514 2127 90 37 Som
634 2141 125 37 synes,
789 2129 68 37 har
884 2129 482 51 landtbruksanvisningen
1391 2132 112 37 äfven
1523 2132 12 36 i
1553 2132 131 49 Norge
1704 2132 127 37 blifvit
1850 2145 49 24 en
1917 2133 85 36 icke

408 2179 149 50 oviktig
598 2180 62 37 del
693 2181 40 36 af
759 2181 73 37 den
862 2182 199 49 offentliga
1089 2183 412 50 arbetsförmedlingen
1530 2185 71 36 och
1629 2184 108 37 torde
1766 2185 153 36 komma
1947 2190 56 31 att

407 2231 119 38 blifva
567 2233 63 36 det
669 2233 12 36 i
723 2238 48 32 än
812 2234 121 49 högre
976 2235 107 49 grad,
1122 2236 118 36 sedan
1268 2237 65 36 det
1359 2251 51 22 nu
1437 2236 266 49 föreliggande
1730 2237 188 48 förslaget
1945 2237 58 36 till

407 2288 145 33 statens
581 2285 232 38 medverkan
841 2286 60 37 för
928 2287 317 38 verksamhetens
1274 2288 222 50 utveckling
1524 2289 71 37 och
1620 2289 295 49 organiserande
1943 2289 60 37 för

406 2335 85 38 hela
518 2336 130 38 landet
675 2337 126 37 blifvit
829 2339 257 48 genomfördt.
