2179 2651
418 169 18 32 2
875 170 233 43 Laqgutskottets
1137 167 169 37 Utlåtande
1329 170 62 33 N:o
1415 173 50 31 32.

409 280 23 19 g
470 252 121 34 såsom
626 250 72 36 den
728 255 168 32 närmast
923 251 181 50 liggande
1132 256 180 44 utvägen,
1344 256 54 33 att
1426 257 54 31 ett
1507 251 348 39 tillfredsställande
1883 253 85 38 ord-

374 303 123 36 nande
517 303 39 36 af
572 303 329 37 handelsbutikers
921 304 300 50 öppenhållande
1241 305 121 36 skulle
1382 305 128 37 kunna
1530 305 278 50 åvägabringas
1823 320 141 35 genom

375 355 157 50 frivillig
560 356 347 49 sammanslutning
935 357 41 36 af
1000 357 96 48 dem,
1126 371 80 23 som
1236 358 39 36 af
1300 358 117 37 saken
1444 363 169 32 närmast
1642 359 160 37 beröras.
1853 360 114 36 Detta

375 421 90 24 vore
494 408 271 49 obestridligen
794 414 55 32 ett
877 410 208 50 väsentligt
1113 424 101 23 mera
1234 410 211 38 tilltalande
1469 415 76 33 sätt
1564 411 58 37 för
1642 411 154 50 frågans
1815 412 154 49 lösning

374 466 47 32 än
463 461 314 37 statsmakternas
815 461 254 38 inskridande.
1125 463 221 37 Emellertid
1375 463 119 49 torde,
1525 464 123 49 enligt
1676 465 100 36 hvad
1806 465 165 37 erfaren-

375 514 112 36 heten
516 513 110 48 visat,
656 514 124 37 denna
809 519 120 45 utväg
958 515 33 50 ej
1023 515 127 38 kunna
1180 515 82 38 föra
1290 516 57 36 till
1376 517 124 36 målet.

477 566 131 37 Såsom
637 567 284 37 motionärerna
951 568 218 48 framhållit,
1191 568 113 37 hafva
1324 569 115 37 sedan
1460 569 147 50 ganska
1627 570 93 48 lång
1739 570 55 37 tid
1815 570 158 37 tillbaka

373 619 129 37 försök
530 619 12 36 i
571 619 182 49 angifven
783 620 176 49 riktning
989 621 171 37 anställts
1189 624 47 47 på
1257 626 55 32 ett
1330 622 124 36 flertal
1482 627 101 32 orter
1601 622 102 37 inom
1723 623 142 49 landet,
1885 636 88 24 men

374 672 109 36 dessa
524 685 114 35 synas
680 673 78 35 ofta
800 673 113 35 hafva
954 674 172 36 strandat
1168 677 47 46 på
1257 674 172 49 motvilja
1470 674 82 36 från
1580 678 120 45 några
1729 676 37 35 få
1794 676 178 36 handels-

372 723 149 37 idkares
551 723 80 37 sida
660 728 54 32 att
742 725 93 48 foga
863 724 60 50 sig
951 725 96 37 efter
1073 725 182 38 flertalets
1284 726 248 49 önskningar.
1588 728 69 35 Att
1686 727 287 37 förhållandena

372 776 231 37 härutinnan
632 777 120 37 skulle
781 753 138 61 under
919 777 201 38 framtiden
1140 778 110 37 ställa
1270 778 61 50 sig
1350 792 309 36 gynnsammare,
1679 779 99 38 lärer
1798 781 33 49 ej
1853 779 119 38 heller

372 843 90 22 vara
491 834 54 31 att
573 829 191 47 förvänta;
795 843 152 24 snarare
977 831 108 36 torde
1114 831 73 37 den
1216 832 58 36 för
1302 832 132 48 hvarje
1464 832 75 49 dag
1568 832 171 37 alltmera
1764 833 207 50 uppdrifna

372 881 288 38 konkurrensen
689 860 116 71 lägga
833 882 224 63 ytterligare
1085 884 137 37 hinder
1250 885 59 36 för
1327 862 293 71 ifrågavarande
1640 885 119 50 syftes
1779 885 191 37 vinnande

371 937 47 47 på
461 934 295 50 frivillighetens
797 940 87 45 väg.
941 936 72 37 Vid
1046 936 135 38 sådant
1210 937 235 37 förhållande
1475 951 110 23 anser
1612 938 185 37 utskottet
1825 943 145 33 statens

372 965 269 60 mellankomst
682 1001 91 23 vara
814 966 95 59 både
950 989 120 49 nödig
1110 990 70 36 och
1208 990 140 49 nyttig.
1404 990 99 36 Från
1531 990 119 37 redan
1678 990 178 48 gällande
1885 991 82 49 lag-

371 1040 180 49 stiftning
592 1039 75 37 kan
705 1040 70 37 ock
803 1041 148 37 hämtas
980 1020 107 58 bevis
1117 1042 59 36 för
1203 1042 276 50 lämpligheten
1508 1042 12 37 i
1548 1043 101 43 vissa
1677 1020 67 59 fall
1772 1044 42 36 af
1837 1043 130 50 lagbe-

371 1069 238 60 stämmelser
650 1093 162 37 rörande
855 1093 248 38 användande
1136 1095 40 36 af
1201 1095 74 36 den
1302 1094 221 50 personliga
1551 1095 291 38 arbetskraften.
1899 1096 69 36 Ut-

371 1145 143 36 skottet
542 1145 66 36 vill
636 1145 11 36 i
676 1145 103 37 detta
808 1146 176 37 afseende
1013 1147 123 36 erinra
1165 1161 60 23 om
1254 1147 297 49 lagstiftningen
1580 1148 198 48 angående
1805 1148 163 37 minder-

371 1197 126 49 åriges
540 1197 69 36 och
651 1197 182 37 kvinnors
863 1199 247 36 användande
1138 1199 59 36 till
1226 1200 128 36 arbete
1381 1199 12 36 i
1422 1199 232 37 industriellt
1681 1200 112 49 yrke;
1824 1200 69 37 och
1922 1214 46 23 en

369 1249 278 37 beaktansvärd
689 1250 284 49 omständighet
1014 1251 63 37 vid
1118 1252 236 37 bedömande
1397 1253 39 35 af
1474 1266 50 22 nu
1562 1252 267 49 föreliggande
1857 1253 110 49 fråga

370 1302 107 36 torde
519 1315 101 35 vara,
657 1308 55 30 att
740 1303 40 35 af
803 1302 45 37 de
877 1316 191 36 personer,
1099 1317 80 23 som
1209 1304 72 36 den
1311 1305 41 35 af
1377 1305 279 36 motionärerna
1684 1305 172 49 åsyftade
1883 1305 83 49 lag-

371 1354 230 48 stiftningen
643 1354 120 37 skulle
801 1355 151 37 komma
979 1355 59 37 till
1066 1356 113 48 godo,
1209 1361 55 32 ett
1291 1356 83 36 icke
1404 1360 40 33 så
1473 1357 111 48 ringa
1613 1357 103 36 antal
1744 1362 156 53 utgöres
1930 1357 42 36 af

365 1406 83 49 just
477 1378 254 81 miniderårige
760 1407 69 36 och
858 1407 174 37 kvinnor.
1081 1408 67 37 Att
1177 1408 62 37 det
1260 1409 141 58 arbete,
1423 1422 80 24 som
1524 1409 149 49 åligger
1693 1409 75 37 de
1759 1403 22 68 i
1791 1409 176 37 handels-

365 1447 157 47 butiker
551 1436 185 59 anställde
765 1472 194 37 personer,
989 1474 60 23 om
1079 1466 47 30 än
1154 1461 58 36 till
1240 1461 59 36 sin
1319 1466 112 32 natur
1451 1462 32 48 ej
1501 1462 215 49 jämförligt
1735 1462 85 36 med
1842 1462 126 36 arbete

370 1511 12 35 1
411 1510 229 37 industriellt
667 1511 106 49 yrke,
803 1512 96 36 dock
928 1518 40 31 är
997 1516 40 33 så
1065 1513 223 48 beskaffadt,
1319 1519 55 31 att
1403 1527 45 23 en
1477 1514 168 48 oskäligt
1673 1514 91 48 lång
1784 1514 183 37 arbetstid

372 1562 73 36 kan
487 1562 179 37 särskildt
693 1563 58 37 för
778 1564 255 50 minderårige
1074 1565 70 36 och
1182 1543 163 59 kvinnor
1372 1566 172 37 medföra
1571 1543 167 72 menliga
1766 1566 200 50 påföljder,

370 1615 97 36 lärer
508 1614 84 38 icke
630 1615 129 37 kunna
801 1616 190 38 förnekas.
1048 1618 15 36 I
1092 1618 102 36 detta
1229 1618 277 48 sammanhang
1534 1618 75 36 kan
1637 1595 75 60 ock
1736 1619 143 36 erinras
1908 1632 59 23 om

368 1667 135 48 lagens
547 1667 188 37 allmänna
775 1668 138 38 förbud
954 1670 60 36 för
1055 1670 199 37 utförande
1297 1671 40 36 af
1371 1648 132 59 arbete
1528 1673 20 33 å
1577 1676 83 31 sön-
1689 1671 70 36 och
1787 1671 178 49 helgdag.

369 1719 114 36 Detta
525 1720 212 48 stadgande
778 1721 123 37 hvilar
941 1722 61 36 väl
1043 1723 301 49 ursprungligen
1384 1726 47 46 på
1460 1723 156 48 religiös
1645 1724 136 48 grund,
1811 1736 87 24 men
1928 1728 40 31 är

371 1772 70 35 ock
482 1749 192 71 påkalladt
717 1773 40 35 af
794 1778 144 32 statens
967 1775 161 36 intresse
1157 1780 53 31 att
1238 1775 138 37 bereda
1405 1775 476 37 samhällsmedlemmarne
1911 1789 56 23 .er-

369 1823 185 49 forderlig
595 1824 102 36 hvila
741 1825 83 36 från
854 1826 156 39 arbetet.
1066 1827 57 36 Då
1152 1827 158 37 sålunda
1339 1833 125 31 staten
1492 1828 86 36 med
1607 1828 68 48 fog
1702 1828 80 36 helt
1811 1828 156 36 allmänt

370 1875 259 49 föreskrifver,
660 1882 55 31 att
744 1877 145 37 arbetet
918 1879 97 37 skall
1042 1879 103 37 hvila
1174 1880 230 36 åtminstone
1432 1879 119 37 under
1580 1893 47 23 en
1656 1880 76 48 dag
1752 1881 39 36 af
1806 1880 159 48 veckan,

368 1928 75 36 kan
473 1942 88 22 man
596 1929 112 36 också
736 1930 86 36 med
852 1930 81 36 skäl
961 1937 94 42 göra
1084 1932 189 48 gällande,
1303 1937 56 31 att
1388 1937 123 32 staten
1539 1932 12 36 i
1580 1932 64 36 det
1672 1932 209 37 allmännas
1909 1933 56 35 in-

369 1985 119 31 tresse
518 1981 111 35 äfven
658 1981 76 36 kan
763 1982 69 35 och
861 1983 70 35 bör
959 1984 58 36 för
1046 1984 100 36 vissa
1174 1984 64 36 fall
1267 1984 171 37 meddela
1458 1984 236 37 föreskrifter
1714 1998 60 23 om
1793 1985 171 37 bestämd

369 2031 159 37 hvilotid
570 2032 121 37 under
732 2034 45 36 de
818 2035 186 37 särskilda
1046 2036 166 48 dagarne
1253 2037 9 34 i
1308 2036 156 48 veckan,
1500 2036 47 36 då
1576 2036 102 36 detta
1707 2037 102 37 inom
1847 2040 119 45 något

367 2084 95 48 yrke
504 2084 98 37 visat
644 2085 61 49 sig
746 2086 177 49 omöjligt
965 2093 54 31 att
1060 2091 49 46 på
1146 2102 124 23 annan
1299 2095 77 43 väg
1404 2092 101 34 ernå.
1560 2089 78 36 För
1665 2067 257 59 bedömande
1929 2090 40 36 af

368 2136 136 48 frågan
534 2151 61 22 om
624 2137 62 36 det
716 2138 238 49 berättigade
982 2141 11 35 i
1013 2140 262 48 lagstiftarens
1295 2118 226 73 ingripande
1541 2141 12 35 i
1572 2141 109 37 dessa
1701 2141 265 37 förhållanden

368 2188 109 36 torde
506 2190 70 35 ock
605 2189 90 36 böra
725 2164 230 80 framhållas,
986 2198 65 42 att,
1088 2193 5 35 I
1122 2206 143 23 samma
1293 2197 86 33 mån
1409 2207 79 23 som
1509 2194 63 35 det
1592 2194 246 36 ekonomiska
1857 2193 109 37 lifvet

368 2240 67 36 allt
476 2241 122 37 rikare
639 2242 208 49 utvecklas,
877 2243 11 36 i
917 2258 144 23 samma
1089 2248 87 33 mån
1205 2245 100 37 visar
1334 2246 70 36 ock
1433 2246 73 36 den
1535 2245 223 49 därigenom
1787 2246 177 49 stegrade

368 2292 287 38 konkurrensen
698 2294 245 49 benägenhet
986 2302 55 31 att
1082 2297 204 49 uppdrifva
1316 2298 230 36 arbetstiden
1575 2275 151 60 utöfver
1754 2298 99 37 hvad
1883 2311 80 23 som

376 250 59 37 sig
