1928 2840
569 169 306 31 Bankoutskottets
900 168 180 30 memorial
1104 167 49 30 Nr
1177 168 29 29 2.
1622 161 20 31 9

1464 324 128 38 Bilaga.

180 484 65 30 Till
266 483 128 30 Herrar
415 481 231 37 Fullmäktige
671 482 9 28 i
704 478 352 38 Riksgäldskontoret.

177 577 214 36 Riksdagens
414 573 364 38 byggnadskommitté
803 571 57 32 får
881 571 147 32 härmed
1053 570 52 31 till
1131 570 129 30 Herrar
1286 568 233 37 Fullmäktige
1544 569 95 30 över-

132 628 120 31 lämna
273 629 145 34 rapport
441 625 148 30 rörande
611 624 164 31 arbetena
796 622 21 31 å
837 622 262 36 riksdagshuset
1120 621 113 30 under
1254 620 111 31 andra
1387 619 253 37 ombyggnads-

133 678 165 37 perioden
320 676 106 36 enligt
451 676 83 30 1938
555 675 56 31 års
632 674 157 36 riksdags
811 673 115 30 beslut
948 672 106 36 jämte
1077 671 92 31 vissa
1190 671 11 30 i
1223 670 199 36 anslutning
1444 669 115 31 därtill
1583 679 58 21 en-

132 729 62 37 ligt
216 727 280 37 bemyndigande
519 735 42 21 av
583 725 133 30 Herrar
739 722 232 37 Fullmäktige
991 722 142 30 utförda
1155 720 345 32 underhållsarbeten
1523 730 46 22 m.
1594 729 46 21 m.

133 780 199 36 Rapporten
351 786 102 22 avser
470 777 86 30 även
574 776 43 30 de
637 774 363 36 möbleringsarbeten,
1022 772 113 31 vartill
1160 772 83 30 1939
1263 771 55 31 års
1338 771 143 36 lagtima
1500 770 141 37 riksdag

135 830 136 31 anvisat
292 828 121 31 medel.

180 880 120 31 Såsom
323 877 158 37 framgår
502 887 42 21 av
567 878 199 35 rapporten,
792 875 118 30 vilken
933 874 195 37 upprättats
1154 883 42 20 av
1220 872 194 31 arkitekten
1436 872 56 30 för
1513 871 128 37 ifråga-

135 931 153 31 varande
305 930 152 34 arbeten,
478 928 24 30 f.
522 928 31 30 d.
573 925 278 38 byggnadsrådet
872 925 36 31 G.
928 925 38 30 A.
988 924 146 36 Nilsson,
1154 925 66 29 har
1237 923 129 31 urtima
1387 923 184 36 riksdagen
1591 922 51 30 in-

134 982 122 29 verkat
272 980 45 37 på
336 980 182 30 arbetenas
538 977 246 37 planläggning
804 977 67 29 och
889 975 186 31 utförande
1093 975 10 29 i
1122 974 39 31 så
1180 973 117 37 måtto,
1319 976 50 28 att
1390 973 91 31 vissa
1500 973 142 30 arbeten

134 1032 69 31 tills
226 1032 117 29 vidare
364 1029 93 31 måst
477 1027 211 38 uppskjutas
712 1027 125 30 medan
862 1026 112 31 andra
996 1026 139 30 arbeten
1159 1024 73 31 åter
1252 1024 127 30 utförts
1401 1024 12 30 i
1437 1024 205 39 skyndsam-

135 1085 91 28 mast
243 1081 142 36 möjliga
403 1083 127 33 tempo.

180 1131 211 32 Kommittén
412 1131 66 29 har
496 1129 45 37 på
559 1130 10 29 i
588 1129 186 30 huvudsak
794 1137 136 21 samma
951 1127 124 29 villkor
1095 1136 76 20 som
1191 1126 143 35 tidigare
1353 1125 52 30 till
1424 1125 218 36 byggmästa-

134 1193 38 21 re
193 1182 130 37 jämväl
348 1182 57 29 för
428 1181 111 30 andra
564 1180 67 30 och
654 1178 110 37 tredje
786 1181 167 33 etappens
977 1176 380 37 ombyggnadsarbeten
1383 1175 131 37 antagit
1537 1176 105 38 bygg-

135 1234 175 30 mästaren
328 1231 40 31 O.
387 1231 176 36 Engkvist.
604 1230 132 30 Genom
753 1232 48 28 att
816 1229 93 30 avtal
926 1228 175 36 samtidigt
1117 1227 139 30 träffats
1273 1226 56 31 för
1345 1226 94 31 båda
1455 1227 99 29 dessa
1570 1235 73 21 om-

135 1284 334 40 byggnadsetapper,
497 1282 90 30 hava
614 1289 270 30 gynnsammare
910 1279 126 29 villkor
1062 1279 136 29 kunnat
1226 1277 99 31 ernås
1355 1277 45 30 än
1429 1286 56 21 om
1510 1277 134 36 uppgö-

135 1336 114 29 relsen
277 1336 108 28 avsett
415 1333 145 30 allenast
590 1332 86 29 1939
704 1330 54 31 års
785 1330 152 31 arbeten.
993 1329 182 36 Samtidigt
1204 1329 63 29 har
1293 1328 88 30 även
1409 1327 139 31 vunnits
1577 1327 67 31 den

136 1385 166 35 fördelen,
321 1387 49 27 att
391 1382 216 32 återstående
626 1382 141 30 arbeten
786 1382 135 29 kunnat
943 1380 111 30 bättre
1071 1379 211 36 disponeras.

180 1436 171 29 Arbetena
369 1433 137 31 utföras
525 1443 42 20 av
586 1432 267 37 byggmästaren
878 1430 65 36 »på
963 1430 178 36 räkning>,
1162 1430 125 29 liksom
1309 1429 113 30 under
1442 1429 109 30 första
1571 1438 73 20 om-

136 1484 356 39 byggnadsperioden.
532 1483 44 31 Så
597 1482 129 36 många
748 1482 234 35 arbetsposter
1003 1489 74 21 som
1099 1479 135 36 möjligt
1255 1480 98 29 skola
1376 1479 189 30 emellertid
1587 1489 57 20 en-

136 1537 61 36 ligt
215 1537 56 29 det
292 1535 79 30 med
390 1534 268 36 byggmästaren
677 1532 209 36 upprättade
906 1531 199 30 kontraktet
1124 1530 134 30 utföras
1278 1529 116 31 såsom
1416 1530 228 35 delentrepre-

137 1587 117 30 nader.
290 1584 226 32 Beträffande
532 1584 197 29 leveranser
745 1583 50 29 till
813 1585 46 27 ett
877 1581 106 30 värde
1000 1590 41 21 av
1059 1580 106 30 minst
1185 1580 94 36 5,000
1298 1580 132 30 kronor
1447 1581 80 35 äger
1545 1580 99 30 kom-

137 1637 122 30 mittén
284 1635 168 37 påfordra
478 1633 282 31 införskaffande
783 1642 41 20 av
849 1632 129 35 anbud,
1005 1632 87 29 dock
1118 1630 38 31 så
1180 1633 48 28 att
1253 1630 142 36 onödigt
1419 1629 168 37 dröjsmål
1612 1629 31 37 ej

138 1687 200 36 därigenom
369 1685 210 31 förorsakas.
635 1684 66 30 Vid
729 1684 195 29 leveranser
951 1681 205 37 uppgående
1185 1681 50 30 till
1263 1684 45 27 ett
1336 1681 107 30 värde
1469 1690 41 21 av
1539 1681 107 29 minst

141 1739 116 35 10,000
274 1738 130 29 kronor
419 1736 99 29 skola
533 1735 118 30 anbud
671 1734 95 30 alltid
783 1733 176 30 infordras
976 1733 65 30 och
1057 1732 230 30 underställas
1303 1731 224 30 kommitténs
1543 1733 101 34 pröv-

138 1789 83 35 ning
243 1788 64 29 och
328 1786 204 36 antagande.

183 1837 222 36 Kommittén,
430 1846 78 20 vars
533 1834 312 36 sammansättning
872 1834 90 29 varit
985 1834 203 29 densamma
1214 1842 73 20 som
1313 1832 155 36 tidigare,
1493 1833 66 29 har
1582 1841 63 21 un-

139 1890 60 29 der
218 1887 234 31 sistförflutna
474 1886 71 30 året
562 1885 78 30 haft
664 1886 39 28 19
724 1884 292 31 sammanträden.
1056 1883 68 30 För
1142 1883 303 35 handläggningen
1464 1893 42 20 av
1525 1883 121 35 löpan-

139 1940 42 29 de
198 1938 150 30 ärenden
368 1940 90 27 samt
477 1936 188 35 beredning
682 1944 43 20 av
742 1934 167 35 viktigare
927 1934 150 29 ärenden
1095 1943 45 19 m.
1160 1943 44 20 m.
1224 1933 64 29 har
1305 1933 10 28 i
1332 1933 110 29 likhet
1460 1933 78 29 med
1556 1933 89 29 före-

139 1989 132 36 gående
294 1986 362 40 ombyggnadsperiod
682 1985 158 35 fungerat
867 1987 45 26 ett
940 1993 42 21 av
1009 1983 205 30 kommittén
1241 1983 120 29 tillsatt
1387 1983 258 34 arbetsutskott,

139 2039 184 30 bestående
347 2047 43 21 av
412 2037 223 29 kommitténs
662 2035 221 34 ordförande,
908 2034 260 29 undertecknad
1192 2033 225 35 Hildebrand,
1443 2036 88 27 samt
1554 2033 92 30 leda-

141 2090 155 29 möterna
317 2088 10 29 i
350 2087 216 35 kommittén,
588 2087 123 29 herrar
733 2086 175 34 Sandberg
931 2085 65 29 och
1018 2084 135 35 Hjorth.
1198 2083 170 30 Utskottet
1391 2084 65 29 har
1476 2084 111 29 under
1609 2083 39 30 år

143 2140 84 28 1939
245 2138 243 31 sammanträtt
506 2138 40 28 29
563 2136 137 36 gånger.

186 2189 13 30 I
217 2189 108 35 övrigt
341 2188 99 30 torde
460 2187 35 30 få
513 2187 163 29 hänvisas
696 2186 46 29 till
761 2186 223 29 kommitténs
1003 2186 62 28 och
1084 2185 299 29 arbetsutskottets
1402 2184 181 35 protokoll.

187 2255 199 30 Stockholm
405 2254 66 29 den
491 2255 19 29 8
526 2253 138 36 januari
689 2253 90 29 1940.

591 2336 212 35 Riksdagens
824 2334 369 39 byggnadskommitté.

672 2410 113 30 KARL
813 2409 301 30 HILDEBRAND.

1245 2462 181 99 [Torsten
1448 2493 156 35 Bjerlöw.

983 2565 5 11 ,

187 2571 109 29 Bihang
307 2570 40 23 till
360 2569 166 29 riksdagens
540 2567 144 31 protokoll
699 2567 72 24 1940.
791 2567 16 23 8
819 2565 80 25 saml.
918 2566 38 22 Nr
974 2567 21 20 2.

1605 2564 14 23 dd
