1928 2794
312 135 18 30 6
758 142 303 33 Bankoutskottets
1078 145 181 31 memorial
1276 156 42 21 nr
1336 147 29 30 2?.

313 223 64 30 och
398 223 213 38 rederibolag
635 225 65 30 och
720 224 204 37 återstoden,
948 226 11 30 i
980 230 81 28 runt
1083 228 47 30 tal
1152 229 63 30 400
1236 228 85 37 milj.
1345 231 61 34 kr.,
1429 231 62 32 hos
1513 231 300 33 affärsbankerna.

315 273 13 30 I
351 274 170 30 samband
543 275 78 30 med
642 276 135 30 inlösen
798 285 42 21 av
863 276 263 37 ifrågavarande
1148 280 119 29 växlar
1289 297 44 3 —
1354 281 104 31 vilket
1481 282 48 32 till
1556 285 46 27 ett
1624 284 126 36 belopp
1774 294 42 20 av

317 324 59 30 100
399 323 86 38 milj.
510 325 61 36 kr.,
595 335 75 20 som
688 326 189 31 innehades
898 337 42 21 av
961 328 221 39 riksbanken,
1203 331 127 31 skedde
1350 332 107 30 redan
1479 332 11 30 i
1510 333 123 37 början
1658 343 42 21 av
1720 335 94 29 okto-

314 374 68 38 ber,
406 374 101 31 alltså
528 375 73 32 före
624 376 252 37 förfallodagen
899 395 45 4 —
967 382 141 33 antogos
1131 380 201 33 infordrade
1353 383 117 30 anbud
1492 383 22 31 å
1535 393 69 29 nya
1625 385 120 30 växlar
1766 386 50 29 till

314 427 44 28 ett
378 426 231 36 sammanlagt
629 427 127 37 belopp
779 437 42 21 av
842 429 63 30 400
929 428 85 37 milj.
1038 430 50 29 kr.
1114 430 51 33 De
1185 440 68 29 nya
1274 433 174 38 växlarna,
1472 443 76 21 som
1568 435 185 37 övertagits
1774 445 42 21 av

311 473 300 41 affärsbankerna,
634 477 141 31 förfalla
799 479 65 30 den
888 480 39 29 15
947 479 233 32 innevarande
1200 482 147 36 januari.
1371 483 182 32 Diskontot
1572 487 100 35 utgör
1693 487 48 35 0,5
1762 482 51 34 9/0.

354 525 14 29 I
392 524 125 38 början
540 536 42 21 av
603 528 187 30 november
810 529 168 31 träffades
1003 532 332 31 överenskommelse
1355 536 80 30 med
1456 534 210 33 riksbanken
1688 546 58 21 om
1766 540 49 27 att

311 574 331 38 riksgäldskontoret
666 579 111 30 skulle
804 579 265 33 tillhandahålla
1096 583 140 30 banken
1264 584 371 32 skattkammarväxlar
1660 596 62 27 per
1748 588 66 29 den

314 626 38 29 15
371 626 153 31 februari
546 628 80 30 1947
647 628 89 31 intill
755 633 45 27 ett
819 632 228 36 sammanlagt
1068 633 125 37 belopp
1213 643 42 21 av
1276 635 40 29 25
1337 635 86 36 milj.
1447 636 50 30 kr.
1519 637 50 30 till
1586 640 47 27 ett
1652 637 161 31 diskonto

310 684 42 22 av
375 677 49 34 0,5
446 673 44 34 ?/o
516 678 54 30 för
593 679 197 33 beredande
813 690 42 22 av
880 682 177 38 placering
1083 684 54 30 för
1161 684 90 31 vissa
1275 686 185 30 utländska
1486 687 328 36 tillgodohavanden

312 725 93 31 inom
426 727 126 32 landet.
575 729 14 30 I
610 729 151 36 enlighet
781 731 143 31 härmed
946 733 45 30 ha
1013 733 119 31 hittills
1154 735 231 31 överlämnats
1407 737 120 30 växlar
1547 738 49 31 till
1620 742 46 27 ett
1688 738 124 38 belopp

310 786 41 21 av
372 777 18 30 5
410 776 87 38 milj.
518 779 50 30 kr.
589 779 56 30 för
664 780 325 37 Tjeckoslovakiens
1012 784 156 38 räkning.

353 829 121 33 Såsom
500 833 106 30 redan
631 833 11 30 i
671 834 56 30 det
755 833 206 37 föregående
987 836 208 36 omnämnts,
1226 837 63 30 har
1319 837 330 37 riksgäldskontoret
1678 841 66 29 den
1774 841 38 30 16

311 880 180 32 december
512 883 50 30 till
582 883 212 31 riksbanken
817 885 212 31 överlämnat
1054 887 16 28 7
1092 890 39 28 st.
1155 887 383 40 skattkammarväxlar,
1562 899 62 21 var
1644 891 66 29 och
1730 900 42 22 en
1793 890 20 31 å

312 932 61 30 100
391 931 84 38 milj.
495 933 61 36 kr.,
579 934 79 30 med
676 944 59 21 sex
753 934 182 34 månaders
956 936 108 36 löptid
1083 937 66 29 och
1168 941 46 27 ett
1233 938 161 32 diskonto
1411 949 44 20 av
1473 941 49 35 0,5
1539 937 53 39 ?/o,
1619 940 3 30 i
1642 941 170 31 samband

307 983 77 30 med
410 986 50 27 att
482 984 334 32 överenskommelse
837 986 139 33 träffats
1001 988 126 30 mellan
1153 988 332 37 riksgäldskontoret
1510 992 65 29 och
1599 991 212 31 riksbanken

307 1041 56 22 om
385 1034 200 38 avveckling
610 1044 41 21 av
674 1035 198 38 inlåningen
896 1037 11 30 i
928 1037 332 37 riksgäldskontoret
1281 1040 80 31 från
1383 1041 90 30 vissa
1496 1041 315 32 statsinstitutioner

306 1091 123 29 genom
454 1084 221 32 riksbanken.
705 1086 67 31 För
796 1097 41 20 en
859 1088 175 37 samtidigt
1056 1090 145 30 härmed
1225 1100 42 21 av
1290 1090 212 32 riksbanken
1525 1092 285 32 tillhandahållen

306 1133 149 38 tillfällig
473 1135 111 31 kredit
605 1137 259 32 överlämnades
882 1138 52 31 till
952 1139 213 31 riksbanken
1186 1141 194 37 ytterligare
1402 1151 42 22 en
1474 1143 9 29 6
1503 1142 182 32 månaders
1704 1145 106 30 skatt-

305 1185 259 32 kammarväxel
590 1185 21 32 å
640 1188 60 30 100
727 1187 86 38 milj.
839 1189 51 30 kr.
915 1189 49 31 till
994 1191 49 35 0,5
1069 1187 42 33 ?/o
1139 1191 171 39 diskonto,
1337 1192 209 34 förfallande
1572 1195 67 29 den
1668 1195 38 29 16
1732 1194 76 37 juni

309 1235 91 32 1947.

350 1290 14 29 I
382 1290 170 31 samband
570 1291 78 30 med
666 1291 285 37 konverteringen
970 1301 42 21 av
1035 1293 80 29 1941
1136 1290 56 33 års
1213 1294 19 29 3
1251 1289 41 34 ?/o
1311 1293 140 31 statslån
1471 1304 42 20 av
1531 1295 66 30 den
1619 1296 39 30 15
1677 1296 132 30 decem-

305 1341 59 29 ber
395 1340 48 39 (se
464 1340 100 40 ovan)
595 1342 198 35 placerades
819 1343 374 31 skattkammarväxlar
1219 1343 51 31 till
1294 1347 45 27 ett
1363 1346 228 36 sammanlagt
1613 1346 126 37 belopp
1767 1356 42 21 av

308 1390 60 31 100
392 1391 86 36 milj.
501 1392 61 37 kr.,
582 1392 211 31 förfallande
813 1392 51 31 till
883 1393 176 39 betalning
1080 1395 65 29 den
1171 1395 38 29 15
1231 1404 93 22 mars
1348 1395 92 30 1947.

348 1441 74 31 Den
446 1443 42 29 30
512 1442 178 31 december
714 1448 130 32 upptog
866 1443 331 38 riksgäldskontoret
1223 1449 46 28 ett
1292 1446 163 36 tillfälligt
1477 1446 57 31 lån
1558 1446 12 30 i
1595 1446 213 32 riksbanken

305 1491 19 31 å
351 1493 40 30 50
417 1491 85 38 milj.
526 1493 51 30 kr.
604 1497 72 26 mot
702 1503 44 21 en
771 1494 352 31 skattkammarväxel
1150 1497 78 29 med
1254 1499 50 27 tre
1328 1496 182 31 månaders
1536 1498 109 36 löptid
1670 1499 66 29 och
1763 1502 45 27 ett

304 1542 160 31 diskonto
483 1552 42 21 av
544 1545 48 35 0,5
610 1539 52 37 9/0.

348 1596 131 31 Genom
503 1596 156 37 samtliga
683 1597 64 30 här
770 1596 213 31 omnämnda
1005 1596 254 31 transaktioner
1282 1598 129 30 skedde
1434 1599 109 30 under
1567 1608 121 22 senare
1712 1600 94 30 halv-

303 1647 72 32 året
401 1648 84 30 1946
508 1657 42 21 en
574 1647 129 38 ökning
729 1657 42 21 av
793 1647 348 37 riksgäldskontorets
1165 1648 102 30 skuld
1291 1652 72 26 mot
1385 1649 208 36 utelöpande
1618 1651 188 30 skattkam-

303 1698 197 31 marväxlar
518 1699 77 29 med
616 1698 64 30 805
701 1696 85 38 milj.
811 1698 49 30 kr.
886 1697 50 31 till
961 1699 91 29 1355
1072 1697 85 38 milj.
1179 1699 50 29 kr.

348 1799 73 30 Viss
442 1795 148 41 tillfällig
610 1798 189 38 upplåning
821 1800 10 29 i
851 1799 220 30 riksbanken.
1093 1799 66 30 För
1180 1800 161 30 mötande
1361 1810 42 20 av
1422 1801 319 37 utbetalningskrav
1763 1801 44 37 på

302 1849 347 37 riksgäldskontorets
676 1850 103 30 kassa
802 1853 152 33 upptogo
981 1850 219 37 fullmäktige
1225 1851 10 29 i
1260 1851 213 30 riksbanken
1500 1853 65 30 den
1593 1854 40 29 28
1662 1854 145 30 oktober

301 1909 87 27 resp.
409 1900 66 30 den
498 1901 14 29 1
531 1900 189 30 november
739 1899 170 37 tillfälliga
932 1899 58 31 lån
1012 1901 11 30 i
1042 1900 213 32 riksbanken
1274 1901 20 31 å
1314 1903 228 36 sammanlagt
1567 1904 60 29 100
1647 1903 86 37 milj.
1754 1904 50 29 kr.

302 1950 106 31 Dessa
426 1950 58 31 lån
503 1949 248 33 återbetalades
771 1950 106 31 redan
898 1951 66 30 den
986 1952 38 29 14
1043 1960 88 27 resp.
1157 1952 39 29 16
1216 1953 195 29 november.

347 2050 333 37 Pensionsstyrelsen
710 2051 244 30 överlämnade
984 2051 66 30 den
1083 2053 38 29 19
1153 2053 136 35 augusti
1321 2052 50 31 till
1403 2053 332 37 riksgäldskontoret
1766 2056 38 29 10

300 2100 84 37 milj.
411 2102 51 30 kr.
490 2104 49 27 att
561 2100 135 32 innestå
717 2103 79 30 med
819 2102 41 30 45
883 2103 124 35 dagars
1028 2102 227 38 uppsägning.
1281 2103 165 37 Beloppet
1468 2103 247 33 återbetalades
1738 2105 66 30 den

300 2152 39 29 31
364 2152 153 37 oktober,
538 2151 120 31 varvid
680 2154 87 30 även
788 2153 131 30 erlades
938 2154 100 29 ränta
1060 2153 86 31 efter
1168 2155 49 35 0,5
1237 2150 43 34 ?/o
1299 2154 54 31 för
1374 2154 47 31 år.

343 2201 236 39 Aktiebolaget
604 2203 79 30 Vin-
708 2202 30 31 &
762 2203 266 37 Spritcentralen
1053 2205 63 30 har
1144 2205 67 30 den
1237 2206 39 29 12
1302 2206 185 31 november
1511 2206 12 30 i
1547 2206 256 37 riksgäldskon-

300 2255 86 28 toret
406 2252 106 33 insatt
535 2256 47 27 ett
603 2253 125 37 belopp
749 2263 43 21 av
814 2254 18 30 2
853 2253 85 38 milj.
959 2255 62 37 kr.,
1043 2257 49 28 att
1112 2254 204 34 återbetalas
1337 2257 66 29 den
1429 2257 38 29 15
1490 2256 74 37 juni
1589 2258 81 30 1947
1693 2257 110 30 tillika

299 2305 79 30 med
401 2304 50 34 0,6
474 2299 43 34 ?/o
539 2305 109 29 ränta.

341 2353 50 30 Av
413 2353 237 38 Aktiebolaget
674 2354 154 31 Svenska
852 2355 340 38 tobaksmonopolets
1219 2357 230 36 depositioner
1475 2358 10 30 i
1509 2358 293 37 riksgäldskonto-

298 2407 51 27 ret
368 2404 248 32 återbetalades
639 2405 19 30 5
678 2404 87 38 milj.
785 2406 52 30 kr.
860 2406 107 36 jämte
987 2407 100 30 ränta
1111 2407 88 31 efter
1226 2408 14 29 1
1266 2403 51 40 /o,
1340 2408 149 31 varefter
1510 2409 292 37 riksgäldskonto-

298 2457 67 28 rets
382 2454 228 32 kvarstående
629 2456 102 31 skuld
748 2456 51 31 till
815 2457 136 36 bolaget
966 2456 136 38 uppgår
1116 2458 52 31 till
1188 2458 19 30 5
1225 2457 85 37 milj.
1332 2459 50 30 kr.
