1870 2790
263 159 18 29 4
643 159 121 41 Tredje
791 159 245 40 lagutskottets
1063 161 177 30 utlåtande
1266 171 43 20 nr
1335 162 50 30 12.

267 243 56 29 för
341 243 38 29 år
401 243 80 29 1952
499 261 44 3 —
559 244 118 30 vilken
696 244 213 40 förrättning
928 246 88 29 skall
1035 248 80 37 taga
1136 247 53 29 sin
1207 247 125 39 början
1352 248 124 29 hösten
1501 248 80 29 1951
1603 266 44 3 —
1666 249 97 30 skola

267 293 10 29 i
305 293 305 40 mantalslängden
639 297 179 37 upptagas,
850 295 103 30 såvitt
980 305 48 20 nu
1057 297 39 28 är
1125 296 11 29 i
1163 297 108 38 fråga,
1298 297 135 31 sådana
1461 298 188 31 inländska
1676 299 87 39 juri-

264 345 102 29 diska
386 354 163 30 personer
575 345 40 34 (t.
637 356 50 20 ex.
709 346 189 34 dödsbon),
921 356 73 21 som
1015 347 130 30 bestått
1165 349 65 29 den
1253 349 14 28 1
1290 349 187 30 november
1500 349 83 30 1950
1605 350 64 29 och
1690 351 76 29 där-

264 395 55 30 för
342 396 190 29 redovisats
555 396 10 29 i
590 397 304 39 mantalslängden
917 398 53 29 för
992 397 39 30 år
1056 397 81 30 1951
1162 408 79 20 men
1264 408 74 20 som
1362 400 154 39 upphört
1537 401 112 29 under
1671 401 95 30 tiden

264 445 80 29 från
364 446 67 29 den
453 446 13 28 1
487 446 187 30 november
696 446 81 30 1950
797 447 52 29 till
871 448 66 29 den
958 448 14 28 1
994 449 187 30 november
1202 449 93 29 1951.

311 494 112 38 Syftet
443 495 77 29 med
539 495 68 30 den
627 495 63 30 här
710 495 177 39 återgivna
907 496 270 30 bestämmelsen
1195 498 11 29 i
1227 498 535 41 folkbokföringsförordningen

263 546 64 30 har
349 547 273 39 uppenbarligen
642 547 98 34 varit,
763 550 50 28 att
834 548 467 40 taxeringsmyndigheterna
1323 550 113 30 skulle
1456 559 41 21 ur
1517 552 250 39 mantalsläng-

267 595 67 29 den
362 596 120 29 kunna
510 596 133 30 erhålla
670 597 213 39 upplysning
910 599 148 29 rörande
1092 599 159 39 samtliga
1278 599 177 39 juridiska
1483 610 176 30 personer,
1690 611 73 20 som

264 646 99 31 skola
385 646 129 31 åsättas
537 648 159 39 taxering
717 649 116 29 därest
856 649 118 39 övriga
995 649 294 40 förutsättningar
1311 650 122 31 härför
1456 652 60 29 äro
1538 652 55 30 för
1616 652 149 30 handen.

310 695 204 31 Emellertid
537 696 66 30 har
628 697 108 29 redan
760 697 11 29 i
797 697 170 30 samband
994 699 81 29 med
1102 699 288 39 genomförandet
1416 710 41 20 av
1485 700 82 30 1945
1595 702 57 29 års
1678 711 85 30 upp-

266 745 237 30 bördsreform
529 746 166 40 vidtagits
723 747 109 30 sådan
860 748 148 40 ändring
1034 749 11 29 i
1073 749 435 41 kommunalskattelagen,
1537 753 52 28 att
1617 761 145 21 numera

263 797 52 29 till
339 798 113 38 grund
475 798 54 29 för
551 798 204 40 taxeringen
778 799 90 30 skall
893 799 89 40 ligga
1004 800 87 36 icke,
1116 800 115 30 såsom
1254 801 147 40 tidigare
1424 802 89 30 varit
1537 803 108 34 fallet,
1669 813 97 20 man-

265 846 220 38 talslängden
507 846 55 31 för
584 847 253 39 taxeringsåret
860 849 85 29 utan
969 849 305 39 mantalslängden
1297 850 54 30 för
1375 851 73 30 året
1471 852 79 30 näst
1573 852 75 31 före
1671 854 92 28 taxe-

265 896 183 38 rfingsåret.
469 896 64 31 Vid
557 897 84 30 1952
662 897 56 31 års
737 899 160 39 taxering
917 899 88 30 skall
1027 900 134 30 således
1182 901 178 30 användas
1381 902 305 40 mantalslängden
1707 903 56 30 för

266 946 38 29 år
326 947 94 33 1951,
440 947 115 29 vilken
575 947 105 39 längd
699 949 173 39 anknyter
890 948 53 31 till
961 949 269 32 förhållandena
1249 951 66 29 den
1337 952 15 28 1
1374 953 187 29 november
1584 953 93 34 1950,
1698 954 64 29 och

266 997 304 38 mantalslängden
592 998 56 30 för
670 998 38 30 år
735 998 83 30 1952
841 999 159 30 kommer
1022 1002 51 28 att
1095 1000 172 40 begagnas
1290 1001 90 31 först
1402 1002 57 30 vid
1484 1002 82 30 1953
1591 1004 59 29 års
1671 1005 93 28 taxe-

266 1046 87 39 ring.
379 1047 65 29 Vid
469 1048 219 32 sistnämnda
712 1049 159 40 taxering
894 1050 178 31 beskattas
1097 1051 154 30 inkomst
1277 1061 74 20 som
1377 1053 165 39 åtnjutits
1567 1054 111 29 under
1703 1054 59 29 ka-

263 1098 195 31 lenderåret
487 1099 82 30 1952
598 1101 83 29 eller
708 1102 245 30 motsvarande
979 1102 270 40 räkenskapsår.
1276 1103 49 30 På
1353 1105 113 38 grund
1493 1104 110 30 härav
1630 1105 64 29 och
1722 1104 44 31 då

262 1158 42 20 en
329 1149 155 39 juridisk
509 1159 138 31 person,
675 1160 74 21 som
775 1152 154 39 upphört
955 1153 111 30 under
1092 1153 96 30 tiden
1215 1153 87 31 efter
1328 1154 67 30 den
1423 1154 15 29 1
1466 1155 187 30 november
1682 1155 83 30 1950

262 1208 81 21 men
365 1200 74 30 före
462 1201 66 29 den
552 1200 15 29 1
592 1201 185 31 november
802 1201 94 35 1951,
919 1204 137 29 taxeras
1079 1203 86 31 sista
1187 1203 133 40 gången
1342 1204 39 30 år
1405 1204 82 30 1952
1516 1204 72 34 (för
1610 1206 155 30 inkomst

262 1259 75 20 som
368 1250 163 39 åtnjutits
561 1252 113 29 under
701 1252 242 31 kalenderåret
974 1253 81 29 1951
1087 1254 83 29 eller
1198 1255 245 30 motsvarande
1472 1256 292 40 räkenskapsår),

262 1300 185 39 föreligger
470 1301 75 30 icke
570 1310 43 21 ur
637 1302 358 40 taxeringssynpunkt
1019 1303 106 40 något
1149 1304 110 30 behov
1282 1314 43 20 av
1349 1307 51 28 att
1425 1305 10 29 i
1460 1307 304 39 mantalslängden

262 1350 55 30 för
335 1350 40 29 år
395 1350 82 30 1952
493 1368 45 4 —
555 1360 76 21 som
650 1352 105 39 enligt
772 1353 67 29 vad
858 1353 95 30 förut
970 1354 142 29 nämnts
1132 1355 175 30 användes
1325 1355 57 30 vid
1401 1356 203 39 taxeringen
1623 1356 38 30 år
1682 1357 82 30 1953

261 1418 44 3 —
327 1403 153 37 upptaga
500 1401 177 39 juridiska
700 1411 165 30 personer
888 1412 74 20 som
984 1404 154 39 upphört
1160 1405 109 30 under
1292 1405 237 40 tidsperioden
1553 1406 80 31 från
1656 1408 66 29 den
1748 1408 14 29 1

262 1451 186 29 november
467 1451 76 29 1950
561 1451 53 29 till
635 1452 64 29 den
718 1452 13 28 I
751 1453 186 29 november
956 1453 106 29 1951.»

304 1550 183 29 Utskottet.
514 1550 177 30 Utskottet
717 1551 63 30 har
807 1551 77 30 icke
911 1552 118 30 funnit
1057 1553 189 40 anledning
1274 1554 52 30 till
1355 1555 140 29 erinran
1525 1557 73 28 mot
1627 1556 56 29 det
1711 1564 54 32 ge-

262 1610 82 20 nom
366 1601 261 40 propositionen
648 1602 195 39 framlagda
863 1603 164 38 förslaget
1049 1604 65 29 och
1135 1604 54 30 får
1209 1605 120 29 därför
1349 1606 195 34 hemställa,

615 1653 50 28 att
685 1652 187 39 riksdagen
892 1653 106 29 måtte
1019 1653 123 30 bifalla
1161 1654 228 30 förevarande
1410 1656 228 39 proposition.

308 1718 200 30 Stockholm
527 1719 68 29 den
614 1719 19 29 4
652 1719 69 39 maj
746 1720 94 29 1951.

697 1811 47 30 På
765 1812 114 39 tredje
903 1813 246 38 lagutskottets
1171 1814 145 39 vägnar:

821 1902 90 31 ÅKE
934 1904 253 31 HOLMBÄCK.

604 2087 64 30 Vid
688 2087 91 31 detta
801 2088 146 30 ärendes
969 2089 210 40 behandling
1198 2090 45 30 ha
1265 2091 157 30 närvarit

307 2145 81 30 från
416 2146 165 30 första
609 2147 221 30 kammaren:
860 2148 120 30 herrar
1008 2149 204 34 Holmbäck,
1239 2150 73 30 Nils
1343 2151 39 29 A.
1412 2150 161 35 Larsson,
1602 2151 156 35 Werner,

262 2187 120 30 Albert
405 2189 248 34 Hermansson,
677 2189 192 35 Eskilsson,
893 2190 158 35 Lindahl,
1077 2191 145 30 Pålsson
1244 2193 64 29 och
1331 2192 80 35 Boo,

304 2247 81 29 från
414 2248 152 29 andra
595 2248 220 30 kammaren:
847 2248 120 31 herrar
996 2249 164 30 Eriesson
1189 2250 11 29 i
1229 2251 153 39 Sörsjön,
1413 2251 112 35 Holm,
1556 2251 200 32 Andersson

259 2287 11 30 i
292 2289 165 34 Mölndal,
479 2289 200 30 Johansson
703 2290 10 29 i
734 2290 103 41 Torp,
860 2291 151 30 Jansson
1032 2292 11 29 i
1066 2292 191 40 Aspeboda,
1281 2294 152 29 Larsson
1457 2294 10 29 i
1490 2293 174 37 Karlstad,
1688 2296 69 29 frö-

259 2331 68 29 ken
350 2331 107 39 Vinge
477 2332 64 29 och
560 2332 82 29 herr
662 2332 144 40 Nyberg.

487 2469 106 23 517574.
627 2466 175 24 Stockholm.
818 2467 81 24 Isaac
915 2467 110 26 Marcus
1042 2468 187 32 Boktryckeri
1247 2469 180 31 Aktiebolag.
1443 2470 77 25 1951.
