1896 2792
585 203 248 28 Statsutskottets
856 204 159 27 utlåtande
1037 212 38 19 nr
1100 205 64 26 169.
1607 205 21 30 3

134 291 119 35 nader,
281 300 75 21 som
385 291 219 40 uppkomma
632 300 125 31 genom
784 293 57 30 det
868 292 130 40 rörliga
1025 293 173 39 tilläggets
1226 293 148 39 höjning
1403 293 53 31 till
1483 294 41 29 32
1554 292 65 39 (33)

134 339 156 36 procent,
307 336 45 30 ha
367 337 115 29 medel
499 336 155 31 anvisats
673 338 111 29 under
802 337 101 31 tolfte
921 338 234 30 huvudtiteln.

179 381 65 30 Det
264 381 99 30 torde
383 380 37 31 få
440 381 191 31 ankomma
653 381 46 40 på
721 382 123 39 Kungl.
864 382 103 39 Maj:t
988 386 50 27 att
1060 382 91 31 efter
1172 383 132 39 förslag
1324 393 43 20 av
1390 383 233 39 skolöversty-

132 426 114 30 relsen
261 426 160 30 meddela
435 426 230 40 erforderliga
681 427 127 30 villkor
822 428 66 29 och
903 428 266 30 bestämmelser
1184 428 151 30 rörande
1351 427 268 39 statsbidragen.

181 506 170 31 Utskottet
372 508 66 30 har
460 511 114 27 ansett
597 507 51 40 sig
672 508 120 31 kunna
816 508 178 39 tillstyrka
1018 509 260 39 godkännande
1303 518 43 21 av
1367 509 43 30 de
1434 508 190 31 förordade

133 560 157 30 ändrade
312 561 201 38 grunderna
537 561 56 30 för
615 562 212 39 statsbidrag
848 562 53 30 till
925 562 92 31 vissa
1039 562 290 39 privatläroverk.
1355 562 65 30 Det
1445 571 102 30 synes
1570 564 54 28 ut-

134 613 131 30 skottet
283 614 178 35 önskvärt,
481 618 50 27 att
550 615 68 30 den
638 615 132 39 ökning
789 625 42 21 av
850 618 133 28 statens
1004 615 259 40 bidragsmedel
1281 615 52 31 till
1352 614 272 40 ifrågavarande

135 667 256 36 läroanstalter,
422 677 77 20 som
527 668 42 30 de
600 678 69 28 nya
701 669 200 38 grunderna
933 668 180 36 innebära,
1146 669 91 30 skall
1267 668 210 39 möjliggöra
1507 667 116 41 någon

134 719 205 40 minskning
362 730 43 21 av
428 721 43 30 de
495 721 56 30 vid
575 722 90 30 flera
687 722 119 30 skolor
830 723 135 38 ganska
990 722 108 39 dryga
1124 721 284 40 elevavgifterna.
1435 722 53 30 En
1513 722 110 30 förut-

134 773 156 40 sättning
309 774 124 30 härför
452 775 99 30 torde
574 775 194 30 emellertid
789 785 94 26 vara,
906 778 51 28 att
978 775 222 36 kommuner,
1225 775 166 31 stiftelser
1413 776 67 29 och
1502 776 120 35 andra,

134 836 77 21 som
228 827 124 30 hittills
369 828 135 30 lämnat
522 828 91 30 vissa
631 828 124 40 bidrag
774 828 51 30 till
843 828 346 40 privatläroverkens
1206 829 235 35 verksamhet,
1460 829 164 30 fortsätta

134 881 148 29 härmed
297 881 132 38 jämväl
446 882 89 29 efter
551 882 293 38 genomförandet
862 892 44 20 av
925 883 67 29 den
1010 892 47 20 nu
1075 882 190 30 förordade
1284 881 340 40 statsbidragsregle-

134 934 134 39 ringen.
289 935 177 30 Utskottet
488 945 103 20 anser
613 935 51 39 sig
683 936 121 30 därför
825 936 130 30 liksom
976 936 283 39 föredraganden
1282 936 122 30 kunna
1426 934 84 40 utgå
1529 934 94 31 ifrån

134 991 51 27 att
202 988 120 39 dylika
339 988 125 40 bidrag
481 990 87 29 även
585 989 9 30 i
615 989 274 40 fortsättningen
909 990 144 30 komma
1073 993 51 27 att
1144 990 146 29 lämnas.

179 1041 75 30 Vad
270 1042 284 39 föredraganden
573 1043 161 30 förordat
753 1044 151 29 rörande
924 1043 154 30 förskott
1097 1042 19 31 å
1137 1042 212 40 statsbidrag
1370 1043 68 30 har
1456 1042 77 31 icke
1553 1043 70 30 för-

134 1095 111 30 anlett
269 1095 142 30 erinran
436 1094 80 32 från
540 1096 189 30 utskottets
753 1096 84 36 sida,
862 1096 131 30 liksom
1017 1096 77 30 icke
1119 1096 111 30 heller
1254 1096 42 30 de
1320 1096 124 39 gjorda
1470 1096 153 39 anslags-

134 1148 296 39 beräkningarna.
460 1149 245 30 Förevarande
732 1150 121 38 anslag
881 1150 101 29 torde
1010 1148 135 31 således
1171 1149 11 29 i
1209 1149 153 39 enlighet
1390 1150 81 29 med
1499 1149 123 39 Kungl.

135 1201 120 39 Maj:ts
275 1202 133 39 förslag
427 1203 87 29 böra
536 1202 56 30 för
612 1203 101 30 nästa
733 1201 171 41 budgetår
925 1203 173 38 uppföras
1121 1203 80 29 med
1222 1203 20 29 3
1257 1203 62 29 700
1332 1203 65 29 000
1417 1202 141 30 kronor.

180 1255 177 31 Utskottet
375 1256 214 36 hemställer,

491 1312 50 28 att
562 1310 188 39 riksdagen
770 1309 58 31 må

489 1362 32 39 a)
541 1363 188 39 godkänna
747 1374 43 20 av
806 1364 284 39 föredraganden
1108 1365 10 29 i
1137 1364 387 41 statsrådsprotokollet
1542 1368 84 29 över

447 1417 380 30 ecklesiastikärenden
844 1417 58 30 för
921 1418 68 29 den
1006 1418 19 29 9
1044 1427 94 21 mars
1160 1419 80 29 1951
1260 1418 191 31 förordade
1468 1420 156 30 ändrade

447 1470 152 38 grunder
623 1470 57 29 för
705 1470 212 39 statsbidrag
943 1470 53 30 till
1021 1471 92 30 vissa
1138 1471 291 39 privatläroverk,
1457 1476 50 27 att
1534 1474 90 38 gälla

447 1522 80 30 från
544 1523 66 30 och
628 1523 80 30 med
722 1524 66 29 den
806 1525 13 28 1
838 1523 66 39 juli
921 1524 97 35 1951;

491 1575 33 39 b)
548 1576 53 30 till
622 1576 290 31 Privatläroverk:
935 1577 128 38 Bidrag
1086 1578 51 30 till
1159 1578 90 30 vissa
1272 1578 273 39 privatläroverk
1567 1579 58 30 för

446 1628 206 40 budgetåret
685 1627 140 33 1951/52
855 1631 113 29 under
997 1629 144 32 åttonde
1170 1632 222 30 huvudtiteln
1425 1632 121 31 anvisa
1575 1636 49 27 ett

446 1683 275 39 förslagsanslag
741 1692 42 21 av
802 1684 19 29 3
836 1684 63 29 700
912 1684 65 29 000
995 1684 142 30 kronor.

179 1780 69 39 2:0)
266 1780 297 31 Privatläroverk:
579 1780 130 40 Bidrag
724 1781 52 30 till
791 1781 311 39 Höglandsskolan
1118 1782 11 30 i
1146 1782 216 31 Stockholm.
1379 1783 125 39 Kungl.
1523 1784 101 39 Maj:t

135 1834 65 30 har
216 1834 11 29 i
243 1834 268 39 propositionen
527 1844 41 20 nr
586 1836 14 28 1
619 1835 113 29 under
749 1834 143 31 åttonde
908 1836 223 29 huvudtiteln
1152 1835 171 39 (punkten
1342 1837 72 35 187,
1434 1846 25 21 s.
1476 1838 63 29 259
1556 1838 67 29 och

135 1886 76 39 260)
232 1887 181 39 föreslagit
432 1887 188 39 riksdagen
640 1891 50 27 att
709 1888 52 29 till
778 1888 296 30 Privatläroverk:
1095 1888 129 40 Bidrag
1242 1889 52 30 till
1314 1889 309 39 Höglandsskolan

134 1940 11 29 i
166 1940 205 30 Stockholm
388 1941 57 29 för
463 1939 207 40 budgetåret
691 1937 141 34 1951/52
849 1941 123 30 anvisa
990 1944 47 27 ett
1056 1942 122 38 anslag
1197 1951 42 21 av
1257 1943 41 28 60
1312 1943 64 29 000
1397 1942 141 31 kronor.

180 2029 13 29 I
213 2029 172 30 samband
404 2029 147 30 härmed
571 2029 65 30 har
655 2029 170 30 utskottet
845 2029 52 30 till
916 2029 216 40 behandling
1153 2030 156 30 förehaft
1330 2040 43 21 en
1395 2030 97 31 inom
1513 2032 110 30 andra

135 2082 208 30 kammaren
361 2091 43 20 av
419 2082 84 30 herr
520 2082 133 30 Håstad
673 2092 42 20 m.
736 2082 36 37 fl.
790 2083 104 30 väckt
913 2082 135 31 motion
1072 2082 57 38 (11:
1147 2082 86 39 157),
1253 2083 73 31 vari
1346 2084 206 36 hemställts,
1573 2087 50 28 att

134 2135 188 39 riksdagen
343 2134 109 31 måtte
472 2136 145 34 besluta,
638 2139 51 26 att
711 2136 212 39 statsbidrag
944 2136 89 29 skall
1054 2135 82 40 utgå
1156 2136 54 31 till
1228 2137 179 30 Stiftelsen
1429 2137 193 39 Höglands-

135 2188 126 30 skolan
286 2187 80 31 från
391 2189 67 29 och
483 2189 79 29 med
587 2189 67 29 den
683 2190 13 28 1
724 2188 63 39 juli
814 2189 80 30 1951
923 2199 42 20 ur
991 2190 57 29 det
1073 2190 113 29 under
1213 2188 142 31 åttonde
1381 2190 242 30 huvudtitelns

135 2241 114 38 punkt
269 2242 60 28 186
347 2243 182 36 upptagna
548 2241 128 39 Bidrag
695 2241 51 30 till
762 2241 91 30 vissa
872 2241 290 39 privatläroverk,
1183 2242 285 39 förslagsanslag,
1488 2244 65 29 och
1572 2246 51 27 att

135 2294 9 29 i
162 2294 172 30 samband
349 2294 147 29 därmed
511 2294 57 29 det
584 2294 112 29 under
709 2303 134 21 samma
857 2294 216 29 huvudtitels
1089 2294 115 38 punkt
1223 2295 58 29 187
1298 2297 180 36 upptagna
1496 2295 128 39 Bidrag

135 2346 53 30 till
206 2346 308 39 Höglandsskolan
533 2346 9 29 i
562 2346 205 29 Stockholm
786 2346 180 30 överföres
985 2346 52 30 till
1056 2347 95 29 detta
1171 2347 283 39 förslagsanslag.

187 2426 240 30 Förevarande
439 2426 119 38 anslag
569 2427 38 28 är
618 2425 55 30 för
684 2426 234 29 innevarande
928 2425 167 39 budgetår
1108 2426 141 38 uppfört
1264 2427 76 29 med
1356 2427 41 30 50
1407 2429 65 28 000
1485 2429 137 29 kronor.

135 2478 175 38 Stiftelsen
326 2478 304 39 Höglandsskolan
649 2479 64 29 har
731 2479 120 38 begärt
868 2478 148 39 höjning
1032 2489 42 19 av
1093 2479 158 39 anslaget
1271 2480 51 29 till
1340 2481 42 28 86
1396 2481 64 29 000
1480 2481 141 36 kronor,
