1934 2838
295 171 38 31 14
651 177 392 37 Bevillningsutskottets
1069 178 217 32 betänkande
1311 180 46 30 Nr
1381 182 28 29 5.

297 260 233 31 bortfallande
552 261 306 31 arbetsinkomster
880 280 44 3 —
946 263 42 30 de
1012 262 261 31 existensmedel
1297 273 73 21 som
1394 263 81 32 stått
1499 264 66 30 den
1589 264 137 31 avlidne
1749 265 50 30 till

297 310 88 30 buds
403 310 160 36 vanligen
581 311 124 36 övergå
724 311 21 31 å
765 312 42 30 de
825 312 241 37 efterlevande,
1087 314 64 29 och
1172 316 50 28 att
1244 313 146 32 sålunda
1408 324 42 20 en
1473 314 151 36 eftergift
1645 324 42 21 av
1707 316 91 30 skat-

297 361 56 28 ten
374 358 62 32 där
457 358 74 31 ofta
553 359 140 36 betyder
717 363 47 28 ett
785 360 259 37 nedbringande
1065 371 41 21 av
1128 361 247 32 skattebördan
1399 364 111 30 under
1533 363 65 32 den
1622 364 80 31 nivå
1726 374 75 21 som

297 411 81 36 gällt
401 411 56 30 för
478 412 66 29 den
567 411 136 31 avlidne
727 413 66 29 och
818 422 73 21 som
912 413 11 30 i
947 413 187 31 framtiden
1158 415 160 30 kommer
1340 418 49 27 att
1411 416 90 35 gälla
1526 415 55 31 för
1603 417 40 29 de
1665 417 132 30 efterle-

297 461 118 30 vande.
452 461 69 30 För
543 471 42 20 en
607 461 108 31 sådan
738 462 150 37 eftergift
910 463 86 31 böra
1019 464 151 36 verkliga
1191 464 250 37 billighetsskäl
1465 466 135 31 krävas.

340 558 63 31 Det
424 560 67 30 sätt
516 569 75 21 som
616 570 41 21 av
680 560 356 37 utredningsmannen
1059 562 193 37 föreslagits
1276 564 54 30 för
1351 564 136 37 lösning
1513 575 41 20 av
1580 566 66 30 den
1669 566 131 31 honom

295 609 176 38 förelagda
487 611 386 38 utredningsuppgiften
890 613 64 30 har
972 612 106 32 också
1094 614 112 37 gillats
1227 624 44 21 av
1286 616 123 30 nästan
1429 616 69 31 alla
1515 616 42 30 de
1573 616 111 32 hörda
1701 627 98 27 myn-

295 659 200 37 digheterna
517 662 66 29 och
605 662 410 37 sammanslutningarna.
1060 664 96 31 Vissa
1177 665 238 37 länsstyrelser
1437 667 165 30 ävensom
1624 667 175 31 kammar-

295 711 110 30 rätten
422 712 93 30 hava
532 712 88 30 dock
637 713 92 30 ställt
746 713 51 36 sig
815 712 44 38 på
878 714 66 30 den
963 713 260 38 ståndpunkten
1241 719 49 27 att
1307 717 66 30 den
1389 718 91 36 regel
1498 727 75 21 som
1593 721 52 27 tar
1662 718 140 38 hänsyn

295 761 49 30 till
362 762 173 30 storleken
551 772 42 21 av
608 762 246 38 behållningen
868 764 11 30 i
894 765 80 30 boet
991 765 105 31 borde
1111 767 100 36 göras
1228 766 52 30 till
1295 768 222 36 huvudregel,
1536 769 65 30 och
1618 772 49 27 att
1683 769 116 31 därtill

293 811 106 31 borde
416 813 100 36 göras
532 815 46 28 ett
592 814 232 36 supplerande
838 814 125 38 tillägg,
979 815 104 37 enligt
1099 816 106 32 vilket
1222 817 11 30 i
1250 816 98 38 fråga
1362 828 58 20 om
1435 819 129 30 arbets-
1580 820 64 30 och
1662 820 136 31 liknan-

294 861 42 31 de
353 862 190 31 inkomster
563 863 158 31 befrielse
741 865 110 30 skulle
869 865 120 32 kunna
1008 867 136 36 medges
1164 868 88 30 även
1273 868 62 30 där
1354 869 56 30 det
1429 868 99 38 eljest
1548 870 158 36 gällande
1726 870 72 31 vill-

294 911 96 32 koret
410 922 57 21 om
489 913 83 31 visst
589 914 193 31 maximum
801 915 53 30 för
871 915 244 39 behållningen
1134 918 11 29 i
1166 918 81 30 boet
1267 919 231 31 överskredes.
1519 920 219 32 Innebörden
1756 930 43 22 av

293 961 38 32 så
350 962 199 33 utformade
570 963 258 33 bestämmelser
851 966 109 32 skulle
982 968 56 30 väl
1060 968 154 30 närmast
1237 978 83 21 vara
1341 970 76 36 den,
1442 973 50 27 att
1513 971 11 29 i
1545 969 98 39 fråga
1664 982 59 21 om
1746 981 52 21 ar-

292 1012 267 33 betsinkomster
582 1016 186 30 ömmande
791 1017 291 37 omständigheter
1104 1019 118 31 kunde
1245 1021 119 29 väntas
1389 1020 167 38 föreligga
1581 1022 10 30 i
1615 1023 109 31 större
1746 1026 52 27 ut-

293 1064 198 37 sträckning
510 1066 45 30 än
572 1065 221 32 beträffande
813 1068 107 30 andra
940 1067 201 32 inkomster.
1184 1069 110 32 Dessa
1311 1070 129 38 förslag
1458 1071 104 38 skilja
1581 1073 50 37 sig
1651 1072 147 33 sålunda

293 1114 49 30 till
360 1115 56 30 sitt
434 1115 155 32 innehåll
607 1118 66 30 rätt
694 1118 180 37 väsentligt
894 1118 80 32 från
993 1120 56 31 det
1067 1130 42 21 av
1128 1122 356 36 utredningsmannen
1504 1123 204 38 framlagda.
1731 1125 68 31 För

294 1174 83 28 egen
404 1167 54 30 del
485 1167 117 31 finner
627 1168 57 37 jag
711 1169 71 37 mig
810 1170 83 31 böra
921 1170 10 30 i
960 1171 58 30 det
1044 1172 188 36 väsentliga
1259 1172 136 32 biträda
1422 1175 373 36 utredningsmannens

293 1214 137 38 förslag,
461 1225 76 21 som
567 1216 57 38 jag
653 1218 177 30 betraktar
858 1228 94 22 mera
981 1229 75 21 som
1085 1221 208 30 tillkommet
1319 1222 11 29 i
1358 1223 90 37 syfte
1476 1227 50 27 att
1556 1225 89 30 rätta
1674 1229 47 27 ett
1751 1226 47 30 fel

293 1276 43 20 av
357 1266 30 37 ej
409 1267 98 36 ringa
526 1269 166 30 räckvidd
714 1270 10 29 i
746 1270 157 35 gällande
923 1271 240 36 skattesystem
1183 1291 45 3 —
1247 1282 57 21 om
1323 1273 57 37 jag
1399 1275 10 29 i
1429 1275 94 31 detta
1543 1277 137 38 uttryck
1702 1277 93 30 inne-

291 1314 105 32 fattar
415 1315 96 31 såväl
530 1317 41 30 de
589 1318 190 31 materiella
798 1319 417 33 skattebestämmelserna
1233 1330 76 22 som
1329 1322 218 33 föreskrifter
1567 1335 57 21 om
1642 1326 156 37 taxering

293 1368 65 30 och
381 1368 163 36 uppbörd
565 1387 43 4 —
629 1370 44 29 än
698 1379 75 21 som
798 1374 45 27 ett
865 1370 120 31 försök
1009 1375 49 27 att
1080 1373 143 36 avvärja
1248 1374 139 37 obilliga
1411 1376 209 36 verkningar
1642 1377 59 31 vid
1722 1387 76 22 mer

293 1418 80 30 eller
400 1418 137 31 mindre
566 1420 185 30 ömmande
783 1421 300 37 omständigheter.
1137 1423 91 31 Utan
1260 1424 102 31 tvivel
1391 1425 148 32 innebär
1567 1428 86 30 även
1681 1429 114 30 utred-

292 1467 271 37 ningsmannens
585 1469 129 37 förslag
735 1480 43 20 en
798 1472 233 36 kompromiss
1051 1473 126 31 mellan
1199 1474 95 31 olika
1315 1477 225 35 synpunkter.
1586 1478 84 30 Dess
1693 1479 101 30 ofull-

292 1518 188 36 komlighet
502 1519 133 36 belyses
656 1520 31 36 ej
711 1521 107 30 minst
839 1531 41 21 av
902 1522 66 30 den
992 1532 43 21 av
1056 1523 244 39 länsstyrelsen
1321 1525 11 30 i
1356 1525 144 32 Kalmar
1519 1527 58 31 län
1599 1527 197 33 framförda

292 1569 221 35 synpunkten
538 1573 49 27 att
612 1570 337 37 dödsbodelägarnas
973 1573 227 32 ekonomiska
1226 1575 162 37 ställning
1410 1577 66 30 och
1500 1578 100 31 deras
1624 1578 172 32 beroende

292 1627 41 21 av
359 1619 65 30 den
448 1619 138 31 avlidne
610 1620 55 30 för
688 1621 53 29 sin
765 1621 212 38 försörjning
1001 1623 70 31 kan
1095 1624 222 31 beträffande
1341 1629 46 27 ett
1410 1627 66 30 och
1503 1636 134 23 samma
1661 1629 135 32 dödsbo

292 1669 98 30 ställa
409 1669 50 37 sig
479 1670 94 30 olika
592 1670 55 30 för
666 1671 41 30 de
726 1671 114 31 skilda
858 1672 330 40 dödsbodelägarna,
1210 1675 120 31 varför
1349 1686 41 20 en
1410 1677 295 33 dödsbobefrielse
1724 1681 70 30 kan

292 1719 141 31 komma
459 1720 87 30 även
572 1721 78 29 dem
677 1721 51 30 till
756 1722 89 36 godo
870 1732 73 21 som
971 1724 177 37 rätteligen
1173 1725 32 36 ej
1233 1725 106 31 borde
1365 1727 132 31 erhålla
1522 1729 55 29 del
1601 1739 42 20 av
1669 1730 123 31 denna.

290 1767 56 31 Ett
381 1768 287 38 hänsyntagande
704 1770 51 30 till
795 1771 92 31 olika
926 1772 311 38 dödsbodelägares
1277 1776 162 37 ställning
1465 1777 112 31 skulle
1605 1780 189 31 emellertid

291 1820 157 31 medföra
478 1820 39 31 så
546 1823 283 36 utomordentligt
858 1824 256 36 komplicerade
1143 1826 111 36 regler
1284 1845 44 4 —
1355 1837 57 21 om
1442 1829 120 36 dylika
1591 1831 203 31 överhuvud

289 1867 109 32 skulle
417 1869 121 31 kunna
557 1870 156 36 inpassas
733 1872 11 29 i
766 1871 274 38 skattesystemet
1064 1891 21 4 —
1107 1877 49 28 att
1169 1875 57 31 det
1240 1885 100 28 synes
1359 1878 162 31 uteslutet
1541 1882 48 28 att
1610 1880 184 32 reflektera

291 1919 44 37 på
357 1920 131 32 sådana
509 1922 116 36 regler.
671 1923 64 30 Det
757 1924 64 30 bör
840 1924 54 30 för
914 1925 111 37 övrigt
1044 1927 149 36 märkas,
1216 1930 50 28 att
1287 1929 265 36 olägenheterna
1575 1941 42 20 av
1638 1933 155 30 nämnda

291 1970 219 31 förhållande
534 1973 82 35 göra
641 1973 50 36 sig
715 1974 159 35 gällande
899 1976 80 29 med
1005 1976 95 31 desto
1125 1978 110 30 större
1262 1979 127 36 skärpa
1415 1979 38 37 Ju
1479 1982 109 29 större
1614 1982 73 31 vikt
1710 1993 82 21 man

290 2019 161 31 tillmäter
481 2022 186 30 ömmande
696 2024 293 36 omständigheter
1017 2024 113 32 såsom
1160 2028 114 35 grund
1304 2028 54 30 för
1386 2030 307 32 skattebefrielsen.
1745 2033 50 30 Av

288 2070 228 32 remissvaren
541 2072 58 31 vill
623 2073 56 30 det
703 2083 105 27 synas
831 2084 73 21 som
929 2085 58 21 om
1012 2077 68 30 den
1100 2077 198 39 tankegång
1320 2089 74 21 som
1419 2081 97 36 följts
1541 2082 11 30 i
1576 2083 216 38 utrednings-

290 2131 167 22 mannens
478 2123 131 37 förslag
627 2124 266 33 tillfredsställer
910 2136 42 21 en
973 2128 145 31 allmänt
1137 2129 157 31 rådande
1312 2131 225 38 uppfattning
1556 2143 57 20 om
1633 2135 67 29 vad
1718 2144 75 22 som

287 2172 39 29 är
351 2172 124 37 skäligt
501 2174 66 30 och
592 2174 118 37 billigt.

332 2221 63 38 Jag
417 2224 59 29 vill
502 2224 65 30 här
592 2225 139 36 tillägga
757 2229 61 33 att,
843 2227 86 30 även
956 2238 59 20 om
1041 2229 66 30 den
1131 2231 92 35 regel
1251 2240 76 21 som
1351 2241 99 22 avser
1476 2234 317 32 arbetsinkomster

290 2272 156 32 kommer
471 2277 50 29 att
546 2274 52 32 stå
623 2285 74 21 som
724 2277 68 31 den
816 2278 150 35 primära
992 2279 246 39 huvudregeln,
1265 2282 57 31 det
1345 2283 106 30 likväl
1478 2285 39 30 är
1543 2286 174 31 sannolikt
1743 2290 49 28 att

289 2332 82 22 man
394 2324 11 29 i
431 2326 184 35 praktiken
641 2326 73 32 ofta
740 2328 157 31 kommer
921 2332 49 28 att
997 2330 82 36 nöja
1105 2331 48 37 sig
1178 2333 80 30 med
1285 2336 46 27 ett
1355 2334 267 33 konstaterande
1646 2339 49 28 att
1722 2337 68 31 för-

289 2374 232 37 utsättningar
544 2375 56 33 för
627 2376 64 32 full
718 2378 160 31 befrielse
902 2379 167 38 föreligga
1095 2382 79 31 med
1201 2383 138 37 hänsyn
1365 2384 50 30 till
1443 2385 68 31 den
1537 2386 98 36 ringa
1660 2386 130 32 behåll-

284 2422 126 38 ningen
432 2425 9 31 i
464 2425 80 31 boet
567 2427 65 30 och
654 2427 51 30 till
728 2427 413 41 skälighetssynpunkter,
1155 2435 91 28 samt
1260 2435 49 28 att
1321 2443 82 21 man
1416 2433 219 40 följaktligen
1648 2436 30 37 ej
1693 2437 98 31 kom-

285 2483 73 22 mer
378 2479 48 27 att
444 2476 118 31 ställas
580 2476 92 32 inför
689 2477 126 38 frågan
834 2480 88 31 huru
943 2481 265 38 tillämpningen
1229 2493 43 21 av
1291 2484 65 31 den
1374 2485 155 37 primära
1547 2488 115 36 regeln
1681 2487 112 31 skulle
