1930 2860
532 187 392 38 Bevillningsutskottets
950 182 217 34 betänkande
1192 182 48 31 Nr
1266 185 27 29 5.
1617 173 38 31 17

190 277 76 30 Vad
285 274 318 37 fastighetsskatten
622 270 108 38 angår
751 271 153 30 ansluter
923 269 58 37 jag
1000 268 70 37 mig
1091 268 50 30 till
1164 267 57 30 det
1240 267 45 29 bl.
1308 276 30 20 a.
1362 275 42 20 av
1425 264 227 31 kammarrät-

145 332 58 27 ten
226 326 196 36 framlagda
446 324 164 35 förslaget
633 326 50 27 att
710 320 115 32 såsom
850 320 124 31 villkor
1001 319 54 30 för
1080 317 271 32 skattebefrielse
1378 316 110 30 kräva
1514 323 139 29 synner-

146 379 92 36 ligen
261 376 185 32 ömmande
469 373 304 36 omständigheter,
798 381 80 21 men
903 373 49 28 att
976 370 68 30 öka
1068 369 67 31 den
1161 367 116 31 såsom
1300 366 124 31 villkor
1449 366 56 30 för
1530 365 124 30 skatte-

147 430 106 30 frihet
283 427 158 38 gällande
470 425 294 36 maximigränsen
792 423 55 30 för
876 422 172 31 storleken
1076 430 42 21 av
1147 418 247 37 behållningen
1423 417 11 30 i
1465 417 79 30 boet
1575 414 80 32 från

146 481 120 35 30,000
286 479 50 30 till
354 478 120 35 40,000
494 476 138 30 kronor.

193 529 159 31 Rörande
371 528 139 31 formen
528 527 54 30 för
600 524 266 38 ifrågavarande
887 522 271 32 skattebefrielse
1176 522 65 30 har
1262 520 11 30 i
1293 519 207 38 yttrandena
1519 517 137 31 särskilt

147 580 210 32 framhållits
377 579 280 31 önskvärdheten
677 587 42 21 av
740 580 49 27 att
808 576 170 35 klargöra,
999 573 175 31 huruvida
1193 572 112 31 under
1323 572 59 35 tid,
1404 570 45 31 då
1468 570 186 35 taxerings-

147 632 135 30 nämnd
302 629 286 36 sammanträder,
609 627 114 30 denna
744 627 82 30 eller
846 626 67 30 den
932 624 176 36 samtidigt
1127 622 215 37 fungerande
1364 620 171 32 särskilda
1557 620 99 36 pröv-

148 681 280 37 ningsnämnden
448 679 89 31 skall
555 680 64 35 äga
637 678 204 36 kompetens
861 679 49 28 att
929 676 108 35 pröva
1056 673 117 38 frågor
1194 683 58 21 om
1274 671 281 32 skattebefrielse.
1577 670 79 30 Till-

148 733 72 30 lika
240 734 64 28 har
323 732 133 29 berörts
479 728 132 38 frågan,
634 728 175 30 huruvida
828 727 30 37 ej
879 724 418 38 ansökningsförfarande
1317 723 113 30 städse
1452 722 106 30 borde
1579 721 77 30 krä-

150 793 59 21 vas
237 783 55 30 för
316 780 294 32 dödsbobefrielse
636 781 88 28 även
750 777 46 31 då
822 779 112 29 rätten
959 776 115 31 därtill
1098 776 126 36 prövas
1250 775 11 29 i
1286 775 56 30 det
1367 772 174 32 ordinarie
1566 775 90 28 taxe-

148 833 325 38 ringsförfarandet.
514 831 75 30 Vad
605 830 67 30 den
691 830 95 30 förra
804 827 123 38 frågan
943 825 107 38 angår
1067 825 54 31 får
1138 825 58 37 jag
1213 824 197 37 framhålla,
1428 827 49 27 att
1496 824 113 30 denna
1625 821 31 38 ej

150 886 38 29 är
212 894 57 27 ny,
293 887 84 27 utan
401 886 49 27 att
475 881 244 31 motsvarande
745 877 171 39 spörsmål
940 877 180 37 föreligger
1144 877 110 30 redan
1277 876 105 36 enligt
1407 875 159 36 gällande
1588 875 69 35 lag-

150 935 169 35 stiftning.
365 933 116 36 Enligt
503 932 77 30 mitt
604 930 229 31 förmenande
855 929 97 31 torde
977 929 57 30 det
1056 927 191 31 emellertid
1269 936 83 21 vara
1376 926 11 30 i
1410 927 248 29 överensstäm-

150 986 107 30 melse
277 985 79 30 med
378 985 178 29 allmänna
578 982 319 37 rättsgrundsatser,
920 983 49 27 att
992 989 43 21 en
1055 978 99 37 fråga
1177 978 30 38 ej
1231 977 60 37 går
1314 977 51 31 till
1386 978 107 36 högre
1515 977 143 34 instans,

151 1036 45 31 då
218 1037 67 30 den
303 1036 71 30 kan
392 1036 127 35 prövas
540 1044 42 20 av
600 1042 43 21 en
664 1033 103 36 lägre,
788 1032 65 30 och
873 1034 49 27 att
942 1029 219 38 följaktligen
1181 1029 110 30 under
1314 1028 149 37 angivna
1483 1027 172 31 förutsätt-

150 1087 84 36 ning
253 1085 216 38 prövningen
487 1084 179 36 rätteligen
686 1083 63 30 bör
769 1083 189 29 ankomma
980 1080 46 38 på
1047 1079 361 37 taxeringsnämnden.
1453 1079 63 36 Jag
1535 1079 124 29 under-

152 1138 133 29 skattar
306 1136 76 31 icke
405 1135 200 37 betydelsen
630 1143 42 21 av
697 1134 42 30 de
763 1132 85 36 skäl,
872 1142 75 20 som
971 1132 9 30 i
1006 1131 89 30 vissa
1119 1130 186 37 yttranden
1327 1129 181 31 framförts
1533 1128 55 31 för
1611 1131 49 27 att

151 1189 11 29 i
191 1188 113 30 stället
331 1187 158 30 anförtro
515 1185 215 37 prövningen
757 1193 43 21 av
825 1182 265 37 ifrågavarande
1116 1182 154 30 ärenden
1298 1179 35 32 åt
1362 1180 171 31 särskilda
1560 1182 99 34 pröv-

152 1238 290 38 ningsnämnden,
462 1246 81 21 men
558 1236 57 36 jag
631 1238 72 28 tror
721 1235 57 30 det
794 1234 88 30 dock
899 1243 83 21 vara
999 1233 206 36 naturligast
1221 1233 65 29 och
1307 1232 135 30 enklast
1458 1234 49 27 att
1523 1231 11 30 i
1553 1231 108 30 första

152 1290 97 30 hand
275 1289 200 30 överlämna
500 1287 112 30 denna
636 1284 171 38 prövning
832 1283 35 32 åt
890 1282 361 37 taxeringsnämnden,
1279 1292 75 21 som
1378 1282 191 30 företräder
1596 1281 65 30 den

154 1342 126 29 största
292 1338 371 38 personkännedomen
675 1337 67 30 och
755 1345 75 21 som
842 1335 54 31 för
909 1335 110 36 övrigt
1030 1334 150 31 normalt
1193 1335 158 29 kommer
1363 1336 50 28 att
1424 1333 11 30 i
1448 1333 108 30 första
1567 1332 96 31 hand

153 1391 197 35 handlägga
373 1390 42 30 de
440 1388 160 36 ärenden,
625 1397 75 21 som
724 1396 80 21 avse
829 1386 159 31 befrielse
1013 1384 80 31 från
1115 1385 300 36 skattskyldighet.
1463 1384 57 30 Att
1543 1384 119 30 fordra

154 1445 47 27 ett
219 1439 417 37 ansökningsförfarande
653 1437 116 31 såsom
786 1436 239 37 obligatoriskt
1044 1436 221 30 beträffande
1282 1434 265 38 ifrågavarande
1565 1436 97 29 ären-

155 1491 68 31 den
243 1500 100 28 synes
365 1489 132 37 jämväl
517 1489 166 30 innebära
703 1498 44 20 en
767 1487 126 37 onödig
915 1485 158 38 omgång,
1094 1486 118 30 varför
1233 1485 57 37 jag
1313 1486 31 36 ej
1366 1495 101 21 anser
1489 1486 70 36 mig
1578 1486 85 30 böra

155 1541 130 31 föreslå
305 1540 104 37 något
431 1539 133 31 sådant.
608 1539 67 30 Om
695 1548 43 21 en
758 1537 372 36 beskattningsnämnd
1149 1535 148 32 erhåller
1318 1537 200 30 kännedom
1538 1546 57 20 om
1618 1538 46 28 ett

155 1592 162 36 dödsfall,
335 1601 75 22 som
427 1592 71 30 kan
515 1591 123 30 tänkas
656 1590 181 31 föranleda
853 1589 169 36 befrielse,
1039 1589 62 30 bör
1118 1588 105 37 enligt
1234 1589 178 29 allmänna
1423 1588 108 35 regler
1542 1588 120 29 nämn-

156 1643 67 30 den
245 1643 158 29 inhämta
423 1641 128 36 nödiga
571 1640 252 37 upplysningar
847 1639 54 31 för
922 1639 216 36 taxeringens
1163 1638 264 30 verkställande.
1474 1637 66 31 Om
1564 1638 99 30 döds-

156 1694 98 30 fallet
279 1694 30 36 ej
336 1694 158 29 kommer
520 1693 51 30 till
597 1692 187 35 taxerings-
812 1691 81 31 eller
919 1690 384 37 prövningsnämndens
1331 1689 199 30 kännedom
1556 1689 109 30 innan

153 1744 200 36 taxeringen
370 1743 190 36 fastställts,
577 1742 91 36 eller,
687 1742 88 31 efter
789 1740 154 33 erhållen
959 1740 198 31 kännedom
1175 1741 132 35 därom,
1326 1740 251 36 upplysningar
1590 1748 75 22 som

156 1795 163 31 befinnas
338 1795 128 36 nödiga
485 1794 56 30 för
561 1797 45 27 ett
627 1792 365 37 ståndpunkttagande
1013 1792 50 30 till
1084 1791 125 38 frågan
1229 1801 57 20 om
1306 1790 161 31 befrielse
1487 1791 31 36 ej
1539 1791 126 29 hunnit

159 1844 240 37 införskaffas,
420 1845 106 36 ligger
546 1844 56 30 det
619 1843 11 30 i
647 1843 125 30 sakens
792 1845 102 28 natur
913 1845 49 28 att
980 1842 198 36 taxeringen
1197 1851 43 21 av
1260 1842 66 30 den
1344 1841 138 30 avlidne
1502 1839 55 32 får
1575 1841 60 30 ske
1656 1840 11 30 i

160 1896 116 36 vanlig
293 1895 157 36 ordning,
470 1895 126 29 medan
613 1895 159 29 ansökan
790 1903 57 20 om
864 1893 159 30 befrielse
1041 1891 79 31 från
1140 1892 206 36 erläggande
1364 1901 42 21 av
1426 1892 178 36 utskylder
1622 1889 46 38 på

158 1946 114 36 grund
295 1955 41 20 av
360 1944 200 36 taxeringen
581 1943 123 31 efteråt
727 1944 71 29 kan
819 1944 98 35 göras
942 1953 42 20 av
1007 1943 330 34 dödsbodelägarna.
1384 1942 104 36 Dylik
1510 1942 157 31 ansökan

159 2005 102 28 synes
281 1996 84 30 böra
386 1996 100 35 göras
507 1997 113 27 senast
640 1992 240 32 kalenderåret
902 1993 86 31 efter
1012 1991 169 32 dödsåret.
1205 1992 192 31 Föreskrift
1420 1993 11 29 i
1452 1992 215 30 sistnämnda

160 2047 169 29 avseende
347 2055 102 28 synes
465 2046 85 29 böra
566 2045 186 35 meddelas,
770 2045 125 30 medan
911 2054 43 20 en
973 2044 153 36 antydan
1145 2053 58 21 om
1221 2043 291 37 förfaringssättet
1529 2043 10 30 i
1559 2044 109 35 övrigt

160 2106 102 27 synes
286 2096 119 31 kunna
427 2097 100 35 göras
552 2096 11 30 i
586 2097 40 29 55
650 2096 18 37 8
694 2095 418 36 kommunalskattelagen
1135 2095 65 29 och
1226 2095 41 29 23
1291 2095 18 37 8
1335 2094 332 30 statsskatteförord-

160 2147 138 36 ningen.
343 2147 79 30 Med
441 2147 137 36 hänsyn
597 2146 115 30 därtill
734 2149 49 27 att
803 2144 97 38 fråga
923 2147 38 28 är
981 2155 57 20 om
1058 2145 220 36 tillämpning
1298 2144 45 37 på
1363 2145 93 30 detta
1478 2145 188 36 specialfall

161 2207 43 20 av
224 2198 107 29 redan
352 2197 159 36 gällande
531 2197 177 29 allmänna
730 2197 117 35 regler,
869 2205 100 28 synes
992 2195 103 37 något
1116 2195 139 30 särskilt
1278 2195 189 36 stadgande
1488 2196 10 29 i
1521 2196 114 29 ämnet
1659 2195 8 29 i

162 2247 425 36 taxeringsförordningen
607 2247 30 36 ej
663 2247 226 35 erforderligt.

208 2298 49 30 Av
285 2299 244 35 länsstyrelsen
554 2297 11 30 i
595 2298 141 29 Kalmar
765 2298 58 28 län
851 2298 63 28 har
941 2297 202 29 framställts
1174 2295 133 37 frågan,
1335 2296 173 30 huruvida
1537 2297 132 36 boupp-

164 2348 223 36 teckningens
407 2357 138 20 summa
564 2347 53 30 för
636 2346 243 36 behållningen
896 2347 11 29 i
924 2347 78 30 boet
1020 2348 78 35 äger
1118 2346 209 36 ovillkorligt
1347 2346 129 30 vitsord
1496 2347 57 30 vid
1571 2348 99 34 pröv-

165 2398 83 36 ning
269 2408 41 20 av
331 2399 67 28 rätt
421 2398 50 29 till
495 2396 271 31 skattebefrielse
788 2397 9 29 i
822 2395 130 32 sådana
974 2397 61 29 fall
1059 2397 62 29 där
1142 2397 173 29 storleken
1339 2406 41 20 av
1405 2397 114 30 denna
1543 2396 127 30 behåll-

165 2448 84 37 ning
271 2449 77 35 äger
369 2447 184 37 betydelse.
598 2447 63 36 Jag
684 2448 38 29 är
745 2447 155 36 benägen
921 2450 49 27 att
994 2447 142 30 besvara
1159 2447 114 30 denna
1297 2445 98 38 fråga
1417 2446 151 36 jakande
1592 2456 80 21 men

210 2515 108 31 Bihang
330 2514 40 24 till
383 2514 167 31 riksdagens
562 2513 145 32 protokoll
720 2514 75 24 1940.
816 2514 14 24 7
842 2513 79 24 saml.
943 2512 39 24 Nr
1004 2514 23 22 5.
1627 2511 14 25 2
