1898 2838
601 147 231 29 Statsutskottets
854 147 149 28 utlåtande
1025 147 47 28 Nr
1095 148 70 28 124.
1600 144 40 30 15

877 241 291 37 Avlöningsstat.

391 301 26 29 1.
442 299 210 41 Avlöningar
686 299 53 31 till
774 298 171 31 ordinarie
979 298 215 41 tjänstemän,
1230 297 64 40 för-

441 348 145 42 SläGgSVIS:
629 375 19 5 om
657 375 47 4 sssn
714 375 32 4 use
768 374 47 5 sees
825 374 46 5 ses
886 374 42 5 vIRs
943 374 40 5 NN
993 373 297 6 Sasser
1316 346 125 32 kronor
1465 346 164 38 1,114,000

389 401 28 30 2.
441 399 160 32 Arvoden
614 399 62 31 och
690 398 167 32 särskilda
871 398 234 41 ersättningar,
1119 397 178 31 bestämda

442 462 41 20 av
507 450 126 42 Kungl.
659 450 101 41 Maj:t
797 474 493 6 sossmsomsrssrsressereererereer
1215 445 78 51 ennen
1373 462 13 14 »
1515 448 114 37 33,900

389 502 28 31 3.
442 501 210 41 Avlöningar
671 500 54 32 till
745 500 95 41 övrig
860 499 255 32 icke-ordinarie
1136 499 159 42 personal
1373 513 13 14 »
1421 494 21 52 —
1466 498 164 38 1,180,000

390 553 28 30 4.
443 552 134 41 Rörligt
602 551 129 41 tillägg,
757 550 202 41 förslagsvis
982 546 13 51 —
1007 575 284 6 sumssssssssssserennna
1373 563 13 14 »
1495 549 135 37 320,100

864 609 138 32 Summa
1025 609 267 42 förslagsanslag
1314 609 125 31 kronor
1462 609 176 38 2,648,000;

434 695 29 40 ce)
492 695 52 31 till
581 693 482 41 Riksförsäkringsanstalten:
1101 693 209 40 Avlöningar
1348 693 53 31 för
1438 692 202 41 budgetåret

394 745 135 32 1942/43
551 747 18 29 å
591 745 258 40 driftbudgeten
871 744 108 31 under
1001 744 102 32 femte
1125 743 219 32 huvudtiteln
1367 743 116 31 anvisa
1506 745 47 29 ett
1576 743 64 30 för-

393 796 211 41 slagsanslag
623 807 40 20 av
684 795 165 38 2,648,000
869 795 132 31 kronor.

194 888 63 42 2:0)
279 888 503 41 Riksförsäkringsanstalten:
807 888 266 33 Omkostnader,
1103 886 165 41 Anslaget
1289 888 36 29 är
1345 888 18 29 å
1384 886 182 31 riksstaten
1588 885 54 30 för

139 940 228 31 innevarande
388 939 166 41 budgetår
575 941 164 39 upptaget
760 938 75 31 med
857 938 134 37 204,000
1011 938 133 30 kronor.

193 1007 125 41 Kungl.
358 1007 101 40 Maj:t
497 1006 165 31 beräknar
701 1006 277 30 medelsbehovet
1016 1006 53 29 för
1107 1006 98 29 nästa
1232 1004 167 41 budgetår
1426 1003 54 31 till
1507 1003 134 37 230,000

139 1058 133 30 kronor.
310 1056 178 42 Ökningen
513 1057 279 40 sammanhänger
817 1056 148 37 därmed,
991 1057 48 29 att
1063 1057 162 39 posterna
1250 1055 53 30 till
1328 1053 313 41 reseersättningar,

140 1108 54 30 till
213 1118 163 31 expenser
395 1108 63 30 och
477 1106 52 31 till
548 1103 331 45 publikationstryck
897 1125 43 3 —
957 1106 11 30 i
988 1106 64 30 den
1072 1106 54 30 för
1145 1105 227 31 innevarande
1393 1106 36 29 år
1449 1104 192 31 fastställda

141 1158 335 31 omkostnadsstaten
497 1160 172 38 upptagna
689 1157 76 31 med
787 1156 192 41 respektive
1002 1156 120 37 10,000,
1146 1156 133 37 170,000
1300 1155 62 31 och
1386 1155 111 37 10,000
1518 1154 125 31 kronor

139 1228 44 3 —
209 1208 92 41 höjts
332 1208 54 30 till
415 1207 189 41 respektive
635 1207 121 37 12,000,
787 1206 133 37 185,009
949 1206 62 30 och
1040 1205 112 37 15,000
1180 1205 133 36 kronor,
1343 1204 162 41 varjämte
1533 1203 108 31 under

141 1259 161 31 rubriken
323 1258 167 32 särskilda
512 1257 288 42 uppbördsmedel
821 1257 182 31 beräknats
1025 1268 41 20 en
1088 1256 196 41 minskning
1306 1256 76 31 med
1404 1256 93 37 4,000
1518 1255 124 31 kronor

140 1321 41 19 av
207 1309 192 31 inkomsten
426 1320 40 20 av
493 1306 150 34 försålda
669 1308 254 41 publikationer
949 1310 86 28 samt
1063 1307 189 40 ersättning
1279 1307 52 30 för
1359 1306 283 41 rättegångskost-

141 1360 114 31 nader.

195 1453 80 30 Med
296 1452 238 41 tillstyrkande
555 1463 39 19 av
615 1449 100 33 bifall
736 1451 52 30 till
809 1450 126 41 Kungl.
959 1450 118 40 Maj:ts
1099 1450 129 40 förslag
1248 1449 197 31 hemställer
1467 1449 175 37 utskottet,
1701 1454 130 23 Utskottet.

438 1521 49 29 att
510 1519 181 40 riksdagen
714 1520 53 29 må
791 1518 53 31 till
878 1516 482 40 Riksförsäkringsanstalten:
1399 1516 246 31 Omkostnader

395 1570 53 30 för
469 1569 201 40 budgetåret
694 1568 134 31 1942/43
851 1570 18 28 å
892 1567 257 40 driftbudgeten
1172 1567 106 31 under
1302 1567 102 30 femte
1427 1566 217 31 huvudtiteln

396 1620 116 30 anvisa
535 1622 47 28 ett
605 1618 267 41 förslagsanslag
895 1629 40 20 av
957 1618 133 37 230,000
1112 1617 133 31 kronor.

197 1678 197 32 Stockholm
417 1679 65 30 den
506 1678 37 31 19
565 1678 65 40 maj
658 1677 88 31 1942.

637 1763 49 30 På
710 1762 273 31 statsutskottets
1008 1763 134 39 vägnar:

688 1846 31 30 J.
744 1846 37 30 B.
807 1844 289 32 JOHANSSON.

196 2038 217 28 Närvarande:
438 2047 32 18 se
494 2037 99 27 under
617 2036 181 28 utlåtandet
821 2045 37 17 nr
884 2036 67 26 121.
