2222 2652
627 206 370 43 Bevillningsutskottets
1020 210 199 33 betänkande
1242 211 52 32 Nr
1319 214 29 30 8.
1774 214 14 31 1

930 614 67 40 Nr
1025 616 43 39 8.

626 720 126 28 Ankom
775 721 50 28 till
849 721 188 38 riksdagens
1061 723 105 28 kansli
1190 724 62 28 den
1276 724 18 28 2
1318 733 86 19 mars
1431 725 78 28 1916
1534 726 41 27 kl.
1601 727 68 27 2.30
1695 735 26 20 e.
1746 736 40 19 m.

493 811 406 50 Bevillningsutskottets
937 814 226 45 betänkande,
1194 815 14 36 i
1235 816 198 49 anledning
1461 830 45 23 av
1534 818 102 36 väckt
1653 819 135 37 motion

589 885 56 23 om
674 873 201 49 ändringar
902 874 21 35 i
941 874 48 36 18
1016 875 60 36 och
1106 876 51 35 20
1182 878 47 42 $$
1250 876 274 50 förordningen
1542 891 56 23 om
1621 879 165 36 inkomst-

590 932 61 36 och
672 932 368 50 förmögenhetsskatt.
1530 936 75 49 (2:a
1633 938 101 49 avd.)

389 1035 206 31 Närvarande:
622 1038 109 28 herrar
753 1039 39 27 K.
818 1038 35 29 G.
878 1039 165 35 Karlsson,
1067 1040 129 28 Nilsson
1218 1041 11 27 i
1246 1041 136 38 Bonarp,
1399 1042 266 37 Hammarström,
1683 1043 104 29 Oskar

623 1080 136 35 Eklund,
794 1081 184 37 Lyckholm,
1012 1083 196 34 Antonsson,
1242 1083 39 29 K.
1315 1084 37 27 A.
1388 1084 121 35 Nilson,
1532 1085 74 29 frih.
1630 1082 155 46 Fleming,

622 1123 181 37 Jesperson,
838 1123 248 37 Christiernson,
1121 1125 143 35 Sandler,
1299 1123 100 38 Rune,
1427 1127 161 35 Källman,
1612 1128 139 29 Jonsson
1775 1130 10 27 i

621 1165 155 36 Hökhult,
801 1166 71 29 Elof
895 1167 192 37 Ljunggren,
1112 1168 180 35 Forssman,
1309 1169 126 35 Petrén,
1451 1170 140 28 Jönsson
1607 1171 10 27 i
1632 1167 152 46 Revinge,

621 1207 196 30 Holmström
841 1209 59 28 och
922 1218 64 19 von
1008 1210 147 28 Hofsten.

290 1279 18 36 I
336 1293 46 23 en
410 1280 110 36 inom.
540 1281 122 36 andra.
682 1282 217 37 kammaren
927 1297 46 22 av
1000 1284 84 36 herr
1118 1285 112 47 Welin
1255 1285 112 36 väckt
1386 1286 152 48 motion,
1558 1300 45 23 nr
1623 1289 59 45 80,
1703 1301 80 23 som

187 1330 194 37 hänvisats
422 1332 55 36 till:
518 1332 427 51 bevillningsutskottet,
974 1335 169 49 föreslås,
1173 1342 80 30 »att
1276 1337 206 49 riksdagen
1509 1338 87 37 ville
1623 1339 159 49 besluta,

186 1388 54 31 att
273 1382 278 38 nedanstående
580 1384 101 37 delar
708 1399 47 22 av
783 1386 281 50 förordningen:
1084 1401 59 23 om
1172 1388 184 37 inkomst-
1384 1390 70 35 och
1481 1390 302 50 förmögenhets-

187 1434 102 38 skatt
316 1438 117 35 måtte
460 1436 138 38 erhålla
624 1438 264 50 ungefärligen
917 1439 165 49 följande
1105 1440 169 42 ändrade
1302 1441 157 49 lydelse:

931 1561 45 35 18
1006 1559 32 50 8.

288 1642 225 51 Skyldighet
541 1649 54 32 att
623 1645 156 48 erlägga
814 1666 51 5 —
892 1666 50 5 —
969 1666 50 5 —
1046 1667 50 4 —
1133 1658 80 24 som
1242 1646 12 36 i
1287 1648 43 35 17
1360 1646 20 50 &
1410 1649 249 37 omförmäles.

289 1694 72 38 Om
390 1695 64 37 det
480 1696 175 36 taxerade
682 1696 178 49 beloppet
879 1697 32 48 ej
934 1697 208 48 överstiger
1165 1699 110 46 1,700
1296 1698 149 49 kronor,
1463 1703 110 45 utgår
1592 1701 57 36 för
1664 1701 117 36 skatt-

185 1746 165 49 skyldig,
388 1760 90 23 som:
496 1761 51 22 nu
575 1752 41 31 är
643 1749 153 46 nämnd,
825 1748 184 37 inkomst-
1039 1749 70 36 och
1137 1749 432 49 förmögenhetsskatten
1597 1753 84 36 med
1711 1753 69 36 föl-

179 1798 117 49 jande
324 1804 158 44 procent
510 1813 46 23 av
584 1799 66 37 det
674 1799 175 38 taxerade
877 1800 186 49 beloppet,
1093 1801 209 48 nämligen:

186 1850 74 36 För
286 1855 54 32 ett
368 1855 150 32 taxerat
539 1851 149 49 belopp,
718 1851 32 48 ej
781 1852 265 49 överstigande
1075 1853 73 36 900
1177 1852 332 38 kr........ww.
1450 1846 64 59 oo.
1540 1855 84 36 med
1653 1856 54 44 0,4
1736 1855 30 37 Z

212 1913 20 24 »
302 1914 30 24 »
432 1915 18 23 »
585 1915 18 23 »
712 1904 267 48 överstigande
1000 1905 73 36 900
1093 1904 55 36 kr.
1168 1917 86 24 men
1274 1905 32 48 ej
1330 1907 111 45 1,100
1457 1906 53 36 kr.
1578 1919 18 23 »
1653 1909 54 46 0,6
1736 1907 30 37 Z

211 1965 30 23 »
302 1966 18 23 »
431 1966 21 23 »
586 1966 18 24 »
830 1968 18 23 »
968 1957 110 46 1,100
1109 1968 22 23 »
1200 1968 17 24 »
1277 1969 18 23 >»
1329 1959 159 45 1,400:»
1578 1970 17 24 »
1653 1961 53 45 08
1736 1958 30 37 Z

212 2016 17 24 »
302 2017 18 23 »
432 2017 17 24 »
585 2018 18 23 »
830 2019 17 23 »
967 2009 111 45 1,400
1109 2019 18 23 »
1200 2019 17 24 »
1277 2020 18 23 »
1329 2010 111 46 1,700
1481 2005 28 56 >»
1578 2022 18 23 >
1655 2012 17 34 1
1735 2010 42 36 Z.

286 2056 79 37 För
401 2070 123 23 annan
552 2057 256 49 skattskyldig
836 2063 48 31 än
913 2059 139 36 svensk
1080 2058 260 50 medborgare,
1370 2073 79 23 som
1478 2066 40 30 är
1546 2061 67 36 här
1640 2062 11 34 i
1679 2061 100 37 riket

183 2108 323 47 mantalsskriven,
536 2115 103 30 samt
662 2109 60 36 för
748 2109 117 36 andra
880 2109 185 49 juridiska
1083 2123 178 35 personer
1280 2115 46 32 än
1346 2111 199 37 inländska
1565 2112 214 49 aktiebolag

184 2159 68 36 oeh
293 2159 221 37 solidariska
546 2159 223 50 bankbolag
804 2161 164 37 inträder
996 2161 280 50 skatteplikten,
1305 2165 41 33 så
1375 2168 104 31 snart
1511 2163 62 36 det
1602 2164 176 36 taxerade

182 2210 183 50 beloppet
386 2214 153 45 uppgår
563 2212 56 36 till
651 2213 71 35 100:
750 2212 151 37 kronor.
958 2213 187 36 Inkomst-
1174 2213 69 36 och
1270 2213 430 50 förmögenhetsskatten
1719 2221 58 30 ut-

182 2264 70 46 går
286 2262 57 36 för
370 2262 115 37 dessa
511 2263 276 50 skattskyldige
814 2264 85 36 med
928 2264 112 36 minst
1068 2267 71 46 2,25
1166 2271 156 43 procent
1349 2279 47 23 av
1425 2266 62 37 det
1516 2267 172 37 taxerade
1715 2266 63 37 be-

181 2314 139 49 loppet

265 2375 118 38 Bihang
406 2376 45 29 till
472 2376 167 37 riksdagens
657 2377 146 37 protokoll
828 2377 88 29 1916.
963 2377 19 29 7
1004 2378 81 28 saml.
1131 2379 20 28 8
1173 2378 73 36 höft.
1292 2375 61 41 (Nr
1376 2376 44 40 8.)
