1876 2814
559 191 290 34 Statsutskottets
865 190 178 34 utlåtande
1059 202 40 21 nr
1113 192 33 31 8.
1562 188 41 29 43

111 273 156 42 åtnjuter
288 273 105 41 högre
415 271 153 42 reglerad
590 271 166 42 avlöning
777 274 43 30 än
842 274 100 35 4,800
964 269 128 33 kronor
1111 269 113 41 jämte
1245 268 61 33 två
1328 266 235 42 ålderstillägg
1584 265 20 32 a

111 322 65 30 500
195 318 129 33 kronor
342 322 93 29 samt
454 316 149 42 dyrtids-
623 316 65 33 och
706 315 202 42 kristillägg.
926 313 99 35 Även
1043 312 294 42 undervisningen
1355 312 10 33 i
1383 311 219 33 tuberkulos-

115 364 81 38 lära,
220 362 166 34 inklusive
410 361 175 43 fysikalisk
610 361 203 42 diagnostik,
838 360 198 33 ankommer
1060 359 58 33 vid
1143 358 117 34 Lunds
1285 357 197 34 universitet
1508 356 10 33 i
1542 356 61 33 hu-

111 407 138 34 vudsak
266 408 46 41 på
329 419 42 21 en
389 406 91 34 enda
497 405 359 42 befattningshavare,
873 404 116 34 vilken
1007 404 109 33 ehuru
1135 402 171 33 ordinarie
1324 401 159 42 åtnjuter
1500 399 103 42 regle-

112 452 63 34 rad
197 452 165 41 avlöning
384 463 46 22 av
452 451 125 33 endast
600 454 99 36 3,000
723 450 126 33 kronor
870 449 110 42 jämte
1002 449 63 33 två
1089 447 235 42 ålderstillägg
1345 447 20 33 å
1389 449 64 30 300
1475 445 129 33 kronor

114 502 89 29 samt
225 497 146 42 dyrtids-
395 496 63 33 och
480 495 197 43 kristillägg.
701 495 119 33 Såsom
843 494 148 42 framgår
1014 506 43 21 av
1080 492 223 42 utredningen
1325 492 45 33 ha
1395 491 94 34 dessa
1513 490 89 34 båda

109 542 111 33 lärare
240 554 42 21 en
304 541 172 33 avsevärd
497 538 476 43 undervisningsskyldighet.
994 536 231 35 Beträffande
1246 540 117 29 ämnet
1383 534 219 34 tuberkulos-

109 587 73 33 lära
206 586 46 34 ha
276 584 540 43 läkarutbildningssakkunniga
841 583 178 34 dessutom
1044 581 179 42 föreslagit
1249 593 43 21 en
1316 579 201 43 betydande
1542 579 60 33 ök-

110 631 83 42 ning
210 643 45 22 av
272 630 303 42 undervisningen.
593 629 88 34 Med
699 629 137 41 hänsyn
853 628 52 33 till
924 628 58 33 det
998 627 147 34 anförda
1164 627 73 32 tala
1252 626 107 42 enligt
1374 625 73 33 min
1464 624 140 40 mening

110 676 119 34 starka
250 676 74 33 skäl
343 675 55 33 för
418 679 54 29 att
493 675 100 33 dessa
612 675 63 33 två
696 672 347 43 befattningshavare
1063 671 132 34 erhålla
1214 671 193 33 laborators
1428 669 174 33 löneställ-

111 721 93 43 ning.
226 720 123 34 Såsom
370 724 51 29 ett
441 719 201 42 ytterligare
665 719 75 33 skäl
760 718 54 33 för
834 723 53 28 ett
908 716 96 34 bifall
1025 717 52 33 till
1099 714 268 43 ifrågavarande
1386 714 129 42 förslag
1535 713 67 33 till-

109 766 158 33 kommer
289 764 176 43 därjämte
485 763 285 34 önskvärdheten
792 767 55 29 att
868 762 110 34 ordna
998 760 430 44 pensionsförhållandena
1447 758 55 34 för
1522 758 80 33 ifrå-

111 810 200 42 gavarande
334 808 239 43 befattningar
596 809 46 42 på
667 813 51 28 ett
740 807 245 42 förmånligare
1009 809 82 31 sätt.
1115 804 231 35 Beträffande
1370 804 112 33 denna
1506 803 97 42 fråga

111 855 163 34 förhåller
292 854 49 43 sig
357 854 54 33 för
428 853 221 34 närvarande
667 854 49 39 så,
735 858 54 29 att
806 852 143 43 pension
967 851 124 34 endast
1110 850 140 42 åtföljer
1268 849 68 34 den
1353 848 173 43 reglerade
1545 860 59 21 av-

111 900 161 42 löningen
293 900 45 42 på
361 898 259 34 universitetets
643 902 72 30 stat
736 910 80 21 men
839 897 160 33 däremot
1020 896 75 33 icke
1117 895 43 34 de
1182 907 46 22 av
1249 894 210 42 landstinget
1483 893 120 34 bekos-

111 945 83 33 tade
221 943 371 40 överläkararvodena,
618 943 96 33 vilka
739 942 10 33 i
775 941 229 34 förevarande
1029 940 60 34 fall
1115 940 120 42 uppgå
1260 939 53 33 till
1339 942 100 36 4,000
1465 938 139 33 kronor.

111 989 315 42 Framställningar
443 988 176 42 föreligga,
637 987 108 42 enligt
763 986 69 34 vad
850 986 60 42 jag
928 985 188 39 inhämtat,
1133 997 59 21 om
1211 983 195 35 beredande
1425 984 38 33 åt
1480 982 124 42 ifråga-

112 1034 156 34 varande
289 1034 64 33 två
374 1032 348 42 befattningshavare
744 1044 44 21 av
811 1031 215 42 delaktighet
1047 1030 10 33 i
1079 1034 135 29 statens
1235 1028 296 43 pensionsanstalt
1552 1027 54 33 för

113 1079 66 33 den
216 1091 45 21 av
296 1078 214 41 landstinget
534 1076 194 34 bekostade
753 1076 97 34 delen
876 1088 45 21 av
946 1074 219 42 avlöningen,
1190 1086 79 21 men
1294 1073 102 34 dessa
1419 1072 186 34 framställ-

113 1124 123 42 ningar
261 1123 47 33 ha
334 1135 46 21 av
405 1121 327 44 pensionstekniska
757 1121 74 33 skäl
858 1120 182 42 avstyrkts
1066 1132 46 21 av
1139 1124 134 28 statens
1298 1117 307 44 pensionsanstalt.

117 1170 125 32 Därest
269 1166 333 43 laboratorstjänster
629 1167 142 33 inrättas
800 1166 9 33 i
837 1165 146 42 enlighet
1010 1165 78 34 med
1116 1163 394 43 förhandlingsmännens
1539 1162 66 33 för-

113 1213 84 42 slag,
222 1212 99 35 torde
344 1210 287 45 pensionsfrågan
655 1210 37 34 få
718 1222 97 22 anses
840 1208 320 35 tillfredsställande
1186 1207 135 34 ordnad
1344 1207 56 33 för
1424 1207 99 34 dessa
1549 1206 56 34 be-

113 1257 205 43 fattningar.

164 1302 66 42 Jag
254 1314 100 21 anser
376 1301 72 42 mig
470 1300 78 34 med
570 1300 138 43 hänsyn
732 1300 50 34 till
805 1300 60 34 det
889 1299 105 43 sagda
1017 1299 84 34 böra
1125 1297 175 44 tillstyrka
1324 1296 96 35 bifall
1444 1300 89 31 även
1557 1296 50 34 till

119 1347 404 41 förhandlingsmännens
548 1345 127 43 förslag
700 1357 58 22 om
782 1344 198 34 inrättande
1004 1344 46 42 på
1074 1343 120 34 Lunds
1219 1341 221 35 universitets
1465 1346 73 29 stat
1563 1353 44 21 av

117 1392 64 33 två
203 1391 199 43 ytterligare
424 1389 326 43 lärarbefattningar
772 1390 10 33 i
805 1388 330 43 laboratorsgraden,
1158 1388 66 33 den
1246 1399 64 22 ena
1332 1387 10 33 i
1365 1386 155 42 ortopedi
1544 1385 64 34 och

117 1438 66 33 den
202 1437 106 33 andra
329 1436 9 33 i
359 1435 177 43 fysikalisk
557 1434 204 43 diagnostik,
782 1434 89 34 båda
893 1433 108 34 tillika
1021 1432 195 34 överläkare
1238 1432 45 42 på
1303 1431 190 42 respektive
1516 1435 89 29 orto-

117 1480 142 43 pediska
282 1480 228 41 avdelningen
533 1479 63 33 och
620 1477 444 42 tuberkulosavdelningen.
1098 1476 209 42 Tjänsterna
1331 1475 98 34 torde
1452 1475 84 33 böra
1558 1475 49 32 in-

118 1529 112 31 rättas
245 1525 78 33 från
340 1524 64 34 och
419 1523 78 34 med
513 1524 67 33 den
586 1515 18 54 1
632 1523 64 42 juli
714 1526 99 31 1943.
839 1521 315 35 Merkostnaderna
1168 1520 55 34 för
1240 1519 210 35 statsverket
1465 1519 144 33 komma

120 1575 54 29 att
190 1574 125 29 stanna
330 1569 59 33 vid
405 1571 100 37 4,200
520 1568 127 33 kronor
661 1567 55 34 för
730 1567 199 34 laboratorn
944 1566 10 33 i
970 1565 156 42 ortopedi
1142 1565 64 33 och
1223 1564 58 34 vid
1297 1568 100 36 6,000
1412 1564 128 33 kronor
1555 1562 53 34 för

118 1615 195 33 laboratorn
345 1614 10 33 i
387 1612 175 44 fysikalisk
595 1612 192 43 diagnostik
819 1611 107 42 jämte
960 1610 106 43 därpå
1099 1609 189 43 belöpande
1320 1608 126 43 tillägg.
1480 1608 125 34 Härtill

117 1660 140 32 komma
281 1658 110 34 ökade
413 1657 186 34 kostnader
621 1656 55 35 för
697 1655 388 42 befattningshavarnas
1107 1653 250 43 pensionering.
1381 1652 227 42 Landstinget

118 1704 158 33 kommer
295 1702 60 34 vid
374 1702 96 34 bifall
492 1702 50 34 till
561 1701 83 34 mitt
664 1700 126 43 förslag
811 1705 55 30 att
886 1700 36 34 få
942 1699 75 34 sina
1037 1698 144 43 utgifter
1200 1698 54 34 för
1274 1697 333 34 överläkararvoden

120 1748 178 34 minskade
318 1747 80 33 med
420 1746 230 42 sammanlagt
671 1749 100 36 4,000
793 1745 136 33 kronor.

165 1864 120 34 Såsom
302 1876 43 20 av
364 1863 65 33 den
446 1862 157 33 lämnade
620 1861 231 42 redogörelsen
868 1860 158 42 framgår,
1043 1859 136 42 upphör
1199 1862 86 30 1937
1303 1859 53 32 års
1374 1858 94 32 avtal
1485 1857 124 33 mellan

122 1917 125 42 Kungl.
261 1916 109 41 Maj:t
384 1916 64 34 och
460 1916 132 32 kronan
607 1921 90 28 samt
711 1914 202 34 Malmöhus
927 1914 73 33 läns
1014 1912 174 42 landsting
1202 1911 175 42 angående
1390 1911 109 33 länets
1514 1909 93 42 sjuk-

121 1969 325 42 vårdsinrättningar
463 1969 9 32 i
487 1968 98 33 Lund
603 1972 52 29 att
672 1967 85 43 gälla
775 1967 76 33 med
867 1967 170 41 utgången
1054 1978 43 21 av
1113 1965 72 42 juni
1205 1967 98 30 1943.
1321 1965 55 33 De
1393 1976 43 21 av
1454 1964 153 41 departe-

120 2021 240 40 mentschefen,
382 2022 8 33 i
415 2021 192 42 anslutning
627 2020 51 34 till
701 2024 49 30 ett
773 2033 42 20 av
839 2019 161 34 särskilda
1024 2018 313 41 förhandlingsmän
1360 2016 159 42 framlagt
1542 2016 65 33 för-

121 2077 69 41 slag
215 2076 8 33 i
249 2079 126 35 ämnet,
400 2074 177 34 förordade
602 2074 188 42 grunderna
816 2072 51 33 för
893 2077 78 37 nytt
997 2072 92 33 avtal
1115 2071 90 33 hava
1232 2071 72 33 icke
1330 2070 84 42 givit
1440 2070 169 33 utskottet

122 2129 179 41 anledning
319 2128 48 33 till
387 2128 141 32 erinran.
548 2127 181 33 Utskottet
748 2127 61 32 har
829 2125 71 34 icke
920 2125 99 33 heller
1039 2124 112 34 funnit
1172 2125 102 39 något
1296 2128 52 28 att
1369 2123 146 33 invända
1536 2127 72 28 mot

121 2180 388 44 departementschefens
530 2180 123 41 förslag
674 2192 54 20 om
751 2178 192 34 inrättande
964 2177 74 34 från
1059 2177 63 33 och
1144 2177 78 33 med
1244 2176 64 33 den
1331 2180 15 29 1
1370 2176 60 41 juli
1455 2178 86 31 1943
1565 2187 43 21 av

123 2240 48 28 tre
196 2247 65 29 nya
288 2233 317 40 lärarbefattningar
631 2233 56 33 vid
712 2232 115 32 Lunds
852 2231 197 33 universitet
1074 2231 8 32 i
1108 2229 315 41 laboratorsgraden
1452 2229 24 41 (1
1500 2228 109 33 radio-

125 2287 116 42 terapi,
270 2286 150 41 ortopedi
451 2286 60 31 och
542 2284 175 43 fysikalisk
747 2283 201 41 diagnostik,
976 2283 107 33 tillika
1110 2282 194 33 överläkare
1334 2281 56 33 vid
1422 2280 188 42 respektive

123 2339 220 43 radiologiska
367 2338 158 38 kliniken,
548 2337 215 42 ortopediska
787 2336 218 40 avdelningen
1031 2335 61 32 och
1120 2333 443 41 tuberkulosavdelningen).

171 2392 175 34 Utskottet
361 2391 191 33 hemställer
568 2390 110 39 alltså,

487 2448 53 28 att
557 2443 176 40 riksdagen
752 2444 55 31 må

489 2500 31 36 a)
548 2496 144 38 besluta,
718 2500 48 28 att
794 2494 204 41 statsbidrag
1023 2493 80 33 skall
1132 2493 71 32 från
1228 2493 61 32 och
1316 2492 76 33 med
1418 2492 62 33 den
1509 2495 11 28 1
1550 2491 59 41 juli

1665 1861 142 25 Utskottet.
