1880 2804
282 198 20 27 2
734 192 290 35 Statsutskottets
1037 192 182 35 utlåtande
1233 205 43 21 nr
1288 195 33 32 8.

327 273 68 41 2:o0)
444 271 562 43 Eeklesiastikdepartementet:
1030 272 284 34 Omkostnader.
1335 272 18 33 I
1376 272 147 42 enlighet
1544 273 78 33 med
1644 272 130 42 Kungl.

283 325 124 42 Maj:ts
425 325 125 42 förslag
572 325 125 43 (punkt
717 328 32 37 2,
770 325 61 34 sid.
851 325 49 42 4),
919 325 108 33 vilket
1045 325 140 33 innebär
1205 325 185 33 anvisande
1410 337 45 21 av
1474 337 131 21 samma
1624 325 148 42 anslags-

283 379 123 42 belopp
426 391 72 21 som
518 378 53 34 för
589 378 229 34 innevarande
837 378 177 42 budgetår,
1033 378 193 33 hemställer
1245 378 184 40 utskottet,

652 436 53 29 att
724 431 180 42 riksdagen
922 432 57 32 må
998 431 52 33 till
1069 429 514 44 Ecklesiastikdepartementet:
1614 430 159 34 Omkost-

607 484 106 34 nader
740 484 55 34 för
822 485 202 42 budgetåret
1054 484 155 43 1943/44
1240 484 118 33 anvisa
1376 489 52 29 ett
1444 483 259 43 förslagsanslag
1731 496 44 21 av

607 542 122 36 49,700
745 538 136 33 kronor.

601 697 169 50 Arkiv,
798 696 241 42 bibliotek
1068 696 95 41 och
1189 707 209 30 museer.

338 806 67 41 3:o)
433 805 256 34 Riksarkivet:
726 804 246 43 Avlöningar.
1004 804 19 33 I
1059 803 147 43 enlighet
1240 804 78 33 med
1353 803 130 43 Kungl.
1507 802 124 43 Maj:ts
1654 802 126 43 förslag

296 859 126 42 (punkt
439 862 32 36 3,
488 858 63 35 sid.
569 858 139 42 5—12),
724 858 109 34 vilket
849 857 140 34 innebär
1005 869 42 22 en
1063 856 330 43 anslagsminskning
1408 857 79 33 med
1506 859 120 37 15,400
1643 856 136 39 kronor,

292 912 177 34 föranledd
485 912 70 34 dels
571 924 45 21 av
630 911 202 42 indragning
847 923 44 21 av
906 922 42 22 en
964 909 394 43 amanuensbefattning,
1374 910 69 33 dels
1460 909 63 34 ock
1539 921 44 21 av
1599 908 179 43 överflytt-

293 966 82 42 ning
391 978 44 21 av
450 966 41 33 de
508 965 52 34 för
576 965 159 42 avlöning
751 965 37 34 åt
803 963 142 35 filosofie
961 964 149 33 doktorn
1124 963 90 34 Toni
1230 962 140 35 Schmid
1386 962 151 34 avsedda
1553 962 226 42 anslagsmed-

293 1019 54 33 len
367 1019 50 33 till
438 1018 291 43 avlöningsstaten
749 1017 53 34 för
822 1018 41 33 de
883 1017 108 34 under
1011 1016 207 40 vitterhets-,
1238 1015 152 34 historie-
1411 1016 64 33 och
1495 1015 284 33 antikvitetsaka-

294 1072 131 34 demien
448 1072 148 43 lydande
618 1071 414 34 riksantikvarieämbetet
1055 1070 63 33 och
1141 1075 131 29 statens
1294 1069 182 35 historiska
1495 1073 169 38 museum,
1686 1068 94 34 hem-

295 1126 113 34 ställer
420 1126 183 39 utskottet,

657 1178 33 43 a)
719 1182 55 30 att
797 1177 177 43 riksdagen
998 1177 57 34 må
1078 1176 183 43 godkänna
1283 1175 151 43 följande
1458 1175 248 42 avlöningsstat
1729 1174 53 34 för

614 1231 215 40 riksarkivet,
845 1235 53 29 att
912 1231 171 41 tillämpas
1099 1230 68 33 tills
1182 1229 118 34 vidare
1314 1229 76 33 från
1405 1229 64 33 och
1485 1228 78 34 med
1579 1228 202 42 budgetåret

616 1288 83 31 1943
707 1284 77 43 /44:

992 1363 412 42 Avlöningsstat.

616 1430 30 31 1.
670 1426 214 43 Avlöningar
920 1426 52 33 till
1010 1425 168 34 ordinarie
1216 1424 227 42 tjänstemän,

669 1478 200 43 förslagsvis
916 1504 528 9 scosmerrerererrerrrr
1302 1473 33 52 rr
1347 1473 53 52 ere
1412 1473 37 52 rt
1475 1476 127 34 kronor
1627 1479 145 37 152,800

616 1537 31 30 2.
671 1533 216 42 Avlöningar
901 1532 51 34 till
967 1531 260 34 icke-ordinarie
1240 1530 156 43 personal
1418 1557 28 6 ..
1537 1544 17 16 »
1649 1532 122 37 81,300

616 1590 32 30 3.
672 1586 139 42 Rörligt
825 1586 128 42 tillägg,
969 1583 200 43 förslagsvis
1538 1597 16 16 »
1648 1584 124 37 34,800

1307 1645 144 34 Summa
1474 1645 127 32 kronor
1625 1647 158 36 268,900;

662 1719 36 41 b)
726 1718 53 34 till
794 1717 232 35 Riksarkivet:
1040 1715 212 43 Avlöningar
1266 1715 52 34 för
1333 1715 204 43 budgetåret
1554 1713 154 44 1943/44
1726 1726 58 21 an-

619 1772 72 34 visa
707 1777 51 29 ett
772 1771 259 42 förslagsanslag
1046 1782 43 21 av
1105 1773 146 36 268,900
1266 1769 135 33 kronor.

345 1908 68 41 4:0)
442 1906 257 35 Riksarkivet:
727 1904 283 35 Omkostnader.
1035 1903 19 33 I
1079 1902 148 43 enlighet
1252 1902 79 34 med
1356 1901 128 42 Kungl.
1510 1900 126 42 Maj:ts
1660 1900 127 42 förslag

303 1961 126 42 (punkt
446 1964 33 36 4,
499 1960 61 34 sid.
581 1963 40 30 12
640 1959 63 33 och
724 1959 72 42 13),
814 1958 107 33 vilket
937 1957 142 33 innebär
1096 1968 42 22 en
1156 1968 45 21 av
1218 1955 106 42 höjda
1343 1954 194 43 sjukvårds-
1556 1954 63 33 och
1637 1953 147 34 bränsle-

299 2014 183 34 kostnader
501 2012 162 43 betingad
682 2010 276 43 anslagshöjning
976 2010 79 33 med
1075 2013 99 36 6,000
1193 2009 136 39 kronor,
1347 2007 193 34 hemställer
1558 2007 183 39 utskottet,

664 2070 53 29 att
732 2065 180 41 riksdagen
925 2063 57 34 må
996 2063 52 34 till
1062 2061 235 36 Riksarkivet:
1312 2061 251 34 Omlkostnader
1576 2059 52 34 för
1642 2060 144 42 budget-

620 2120 72 33 året
711 2117 156 43 1943/44
885 2116 120 34 anvisa
1021 2121 54 30 ett
1090 2115 261 43 förslagsanslag
1367 2126 44 21 av
1429 2117 121 37 73,000
1568 2113 135 34 kronor.

348 2256 67 40 5:0)
444 2252 255 34 Riksarkivet:
723 2252 121 42 Inköp
866 2262 48 23 av
934 2249 203 34 arkivalier
1157 2250 68 32 och
1246 2248 149 41 tryckta
1416 2248 164 33 arbeten.
1600 2247 19 32 I
1640 2246 147 42 enlighet

302 2309 78 33 med
402 2307 130 42 Kungl.
555 2305 124 43 Maj:ts
702 2304 127 42 förslag
854 2303 126 43 (punkt
1004 2306 32 36 5,
1059 2302 62 34 sid.
1146 2302 72 42 13),
1241 2301 109 33 vilket
1371 2300 141 33 innebär
1535 2299 185 34 anvisande
1744 2311 44 21 av

302 2374 131 45 samma
454 2359 258 43 anslagsbelopp
733 2370 74 21 som
826 2356 51 35 för
897 2355 230 36 innevarande
1148 2354 178 42 budgetår,
1346 2352 193 34 hemställer
1559 2352 184 39 utskottet,

667 2416 53 29 att
739 2411 179 41 riksdagen
935 2410 58 33 må
1010 2408 52 34 till
1080 2407 235 35 Riksarkivet:
1332 2406 113 42 Inköp
1464 2417 44 22 av
1527 2403 180 36 arkivalier
1726 2404 63 33 och

623 2464 137 42 tryckta
784 2463 137 34 arbeten
945 2462 52 34 för
1019 2461 203 42 budgetåret
1247 2459 155 43 1943/44
1426 2458 119 34 anvisa
1568 2463 52 29 ett
1641 2469 148 21 reserva-

621 2517 210 42 tionsanslag
851 2529 44 20 av
917 2519 98 37 1,500
1036 2515 136 33 kronor.
