2220 2640
435 232 39 31 12
882 228 234 42 Lagutskottets
1147 226 175 35 Utlåtande
1345 226 61 32 N:o
1429 228 57 31 20.

390 310 180 49 betingas
599 308 140 50 billigt,
769 322 86 23 men
885 308 87 36 med
1000 306 226 50 skyldighet
1251 306 57 37 för
1328 305 248 38 arrendatorn
1598 310 56 32 att
1669 304 120 37 under
1804 304 179 37 arrende-

391 362 106 37 tiden
533 366 100 32 sätta
664 361 144 48 gården
838 360 59 37 till
926 359 104 37 såväl
1059 358 228 50 byggnader
1314 371 82 23 som
1420 357 89 49 jord
1538 357 12 36 i
1579 357 164 48 fullgodt
1769 356 112 37 stånd
1911 355 72 37 och

390 414 196 37 dessutom
627 412 206 38 verkställa
875 410 240 51 nyodlingar.
1172 410 132 37 Under
1336 409 205 37 förlitande
1575 412 47 47 på
1651 413 56 32 att
1735 408 74 37 den
1839 413 144 31 utsatta

391 464 267 38 arrendetiden
699 464 97 36 skall
834 476 73 35 ega
937 462 161 37 bestånd
1127 462 192 48 företager
1347 461 249 37 arrendatorn
1625 466 137 43 genast
1790 459 97 37 både
1916 473 67 35 ny-

393 517 229 49 byggnader
664 516 71 37 och
767 515 188 48 odlingar,
986 513 248 49 hvarigenom
1264 513 75 36 han
1370 513 188 36 måhända
1585 512 194 49 uppoffrar
1807 511 88 37 hela
1923 511 60 36 sin

392 569 271 48 förmögenhet
689 568 12 36 i
729 567 112 37 tanke
871 571 57 32 att
958 565 82 37 med
1069 566 103 35 vinst
1200 565 119 36 återfå
1347 565 65 36 det
1440 564 190 48 nedlagda
1659 563 184 49 kapitalet
1862 562 122 37 under

391 621 47 37 de
467 619 242 38 återstående
738 619 265 37 arrendeåren.
1057 617 89 36 Men
1182 617 117 36 sedan
1332 616 190 37 brukaren
1552 615 174 37 innehaft
1752 614 144 50 gården
1926 614 58 37 till

391 672 176 49 exempel
604 685 47 23 en
681 669 182 51 fjerdedel
892 669 41 37 af
956 670 72 36 den
1057 668 206 49 betingade
1291 667 268 38 arrendetiden
1588 668 72 36 och
1689 668 121 35 under
1838 679 146 24 samma

390 725 57 36 tid
476 723 137 37 hunnit
641 728 100 31 sätta
768 722 219 37 hemmanet
1013 720 11 36 i
1053 720 123 46 stånd,
1207 723 42 33 så
1278 719 114 49 säljes
1421 719 213 51 detsamma
1669 718 213 47 exekutivt,
1912 718 71 36 och

391 776 248 37 arrendatorn
669 777 118 34 måste
816 778 139 44 genast
984 772 146 36 afträda
1159 771 66 37 det
1252 777 91 30 utan
1373 771 217 48 ersättning
1618 771 57 36 för
1704 770 65 37 sitt
1789 769 194 49 nedlagda

391 827 144 50 kapital
563 827 72 36 och
656 826 140 37 arbete.
839 823 288 39 Attettsådant
1144 823 236 37 förhållande
1400 822 98 37 skall
1517 823 37 36 få
1570 822 155 37 fortfara
1745 827 92 31 utan
1858 820 126 50 skydd

392 879 42 36 af
457 879 63 49 lag
548 879 76 35 kan
653 878 61 37 väl
742 878 82 36 icke
853 889 91 24 vara
973 875 183 48 förenligt
1186 874 85 37 med
1299 874 179 49 billighet
1506 874 70 36 och
1606 873 170 38 rättvisa.
1819 873 18 36 I
1864 872 120 48 öfrigt

393 931 125 47 hafva,
560 929 97 37 efter
697 929 84 37 mitt
821 926 260 47 förmenande,
1125 926 284 37 motionärerna
1443 925 180 48 framlagt
1651 928 41 33 så
1719 924 152 37 talande
1900 924 85 36 skäl

392 984 59 35 för
475 996 44 23 en
550 981 183 48 tidsenlig
760 980 239 47 arrendelag,
1028 978 183 36 särskildt
1239 977 85 37 med
1353 978 151 48 hänsyn
1533 977 57 36 till
1619 977 179 36 behofvet
1825 975 43 38 af
1888 977 97 35 före-

392 1033 156 38 skrifter
589 1033 82 37 dels
713 1038 55 31 att
808 1038 206 42 garantera
1054 1029 317 37 arrendatorerna
1405 1028 128 49 skälig
1574 1028 215 48 ersättning
1823 1028 58 36 för
1908 1028 76 36 för-

394 1085 224 49 bättringar,
661 1097 80 23 som
785 1083 47 36 de
871 1082 86 36 med
984 1081 251 49 jordegarens
1269 1080 196 50 samtycke
1494 1079 157 49 nedlagt
1678 1082 48 46 på
1753 1081 74 35 den
1857 1092 127 23 arren-

392 1137 138 37 derade
566 1134 460 51 jordbruksfastigheten,
1067 1132 82 37 dels
1187 1138 56 31 att
1275 1132 337 37 arrendevilkoren
1642 1131 90 37 böra
1761 1130 223 48 skriftligen

392 1194 200 44 uppsättas
636 1188 71 36 och
741 1199 88 24 vara
858 1184 212 48 bestämda,
1099 1184 155 37 hvarför
1276 1184 70 50 jag
1374 1197 124 35 anser,
1528 1188 55 33 att
1612 1183 193 36 motionen
1837 1182 83 37 bort
1947 1182 43 36 af

392 1241 188 36 utskottet
608 1239 249 49 tillstyrkas»;

521 1343 42 37 af
587 1343 132 36 herrar
750 1342 150 36 Kardell
929 1341 70 36 och
1027 1341 36 36 J.
1092 1339 53 37 A.
1177 1340 235 47 Lundström,
1442 1339 131 36 hvilka
1597 1338 142 50 jemväl
1768 1343 139 43 ansett,
1929 1343 55 31 att

393 1396 189 37 utskottet
612 1395 85 37 bort
724 1393 191 50 tillstyrka
946 1392 134 50 åtgärd
1109 1391 11 37 i
1151 1391 216 37 motionens
1396 1391 112 49 syfto.

523 1654 141 36 Herrar
705 1666 65 22 von
804 1653 282 46 Krusenstjerna
1128 1652 70 36 och
1233 1651 193 37 Bruzelius
1454 1650 114 36 hafva
1597 1649 133 49 begärt
1759 1649 35 35 få
1823 1648 68 36 här
1919 1662 66 23 an-

394 1705 194 49 tecknadt,
617 1710 55 31 att
702 1704 45 42 de
775 1704 83 37 icke
887 1704 163 49 deltagit
1078 1703 11 36 i
1118 1703 179 37 ärendets
1321 1702 240 49 behandling
1590 1701 100 37 inom
1718 1700 200 37 utskottet.
