2220 2644
717 224 242 41 Lagutskottets
992 225 177 34 Utlåtande
1194 226 67 31 N:o
1289 227 56 30 27.
1721 226 45 31 37

395 326 131 41 Kongl.
553 326 117 43 Maj:ts
697 325 153 43 förslag:
1194 327 268 41 Lagutskottets
1490 327 156 42 förslag:

223 408 33 49 ej
301 414 41 32 är
384 414 54 32 att
479 409 123 51 tillgå;
645 424 90 24 vare
777 411 73 37 den
891 416 97 45 part,
1018 424 81 24 som
1126 410 158 38 innehar
1310 410 245 51 handlingen,
1585 411 153 51 skyldig
1766 416 55 32 att

223 461 74 37 den
341 464 49 47 på
430 466 143 33 rättens
608 462 207 50 anmaning
842 462 133 38 förete.
1032 462 277 50 Undandrager
1336 463 75 37 han
1441 463 60 50 sig
1529 464 75 48 det,
1634 463 92 38 eller
1754 463 68 37 har

222 514 74 36 han
338 514 158 36 förstört
537 513 91 38 eller
668 515 269 37 undanskaffat
977 514 234 50 handlingen
1252 515 70 37 och
1364 515 73 37 kan
1472 516 65 36 det
1566 520 172 45 antagas,
1767 520 55 32 att

224 565 135 37 sådant
400 565 102 37 skett
541 565 12 37 i
595 567 100 48 syfte
730 572 55 31 att
812 566 136 38 hindra
975 567 253 48 handlingens
1257 567 233 44 företeende,
1519 568 136 49 pröfve
1683 572 137 43 rätten,

223 617 155 38 hvilken
405 617 144 38 verkan
578 621 125 34 såsom
731 619 108 37 bevis
876 622 59 34 må
962 619 181 50 tilläggas
1172 619 96 37 hans
1296 619 230 37 förfarande.
1582 619 137 38 Rätten
1748 633 72 35 ege

224 669 83 48 ock,
337 669 67 38 der
433 670 132 37 sådant
594 670 120 38 finnes
743 671 147 50 nödigt,
919 683 141 36 genom
1088 671 78 37 vite
1195 671 157 38 tillhålla
1380 671 75 37 dén
1482 676 96 45 part,
1608 685 81 24 som
1716 672 105 37 inne-

223 721 70 38 har
334 721 244 50 handlingen,
620 727 55 32 att
709 723 71 37 den
811 723 63 37 vid
901 728 125 32 rätten
1053 724 138 47 förete;
1222 723 99 38 dock
1349 726 60 35 må
1436 724 34 49 ej
1500 724 13 37 i
1541 724 175 38 brottmål
1744 724 76 37 vite

225 773 220 51 föreläggas
474 775 75 36 den
576 773 194 39 tilltalade.
798 806 3 2 .

969 915 47 34 49
1046 913 33 50 8.

329 1007 60 36 Nu
430 1007 121 37 finnes
592 1007 197 50 handling,
831 1021 81 23 som
954 1007 43 38 af
1038 1013 85 45 part
1163 1008 198 50 åberopas,
1397 1008 71 37 hos
1498 1021 122 24 annan
1649 1013 48 32 än
1726 1014 96 31 mot-

225 1063 154 44 parten:
421 1059 156 49 pröfvas
618 1064 155 45 partens
818 1064 76 32 rätt
933 1060 241 48 väsentligen
1214 1061 91 37 bero
1347 1061 117 46 deraf,
1506 1065 55 32 att
1589 1059 232 51 handlingen

224 1112 155 46 företes,
428 1112 68 36 och
539 1116 41 32 är
621 1111 73 37 den
737 1111 33 49 ej
809 1111 226 39 annorledes
1064 1117 54 32 att
1144 1112 127 50 tillgå;
1302 1126 71 35 ege
1401 1117 124 32 rätten
1555 1112 161 38 medelst
1743 1113 78 37 vite

224 1162 156 38 tillhålla
421 1164 85 47 den,
545 1176 81 24 som
668 1164 159 37 innehar
854 1164 244 49 handlingen,
1128 1169 55 32 att
1210 1164 73 38 den
1312 1165 63 37 vid
1402 1169 123 33 rätten
1553 1164 132 38 förete.
1742 1165 80 37 Har

223 1218 130 45 någon
381 1214 136 48 blifvit,
547 1216 97 36 efter
672 1221 42 44 ty
741 1230 51 22 nu
820 1221 41 31 är
889 1216 124 49 sagdt,
1043 1216 78 37 fäld
1149 1222 55 31 att
1231 1217 148 49 utgifva
1406 1217 89 47 vite,
1525 1229 71 36 ege
1623 1217 75 37 han
1727 1217 94 37 söka

225 1267 165 49 ändring
416 1267 12 36 i
456 1267 163 37 beslutet
645 1280 141 36 genom
815 1267 148 38 besvär.

328 1313 56 42 Är
424 1319 206 49 anledning
670 1324 56 32 att
766 1319 254 50 handlingens
1056 1320 222 37 företeende
1306 1320 74 37 kan
1408 1320 113 37 lända
1548 1319 272 38 innehafvaren

225 1369 91 38 eller
344 1374 140 46 någon,
514 1384 80 24 som
622 1371 57 37 till
706 1371 140 37 honom
876 1375 77 33 står
980 1371 12 37 i
1021 1372 65 36 det
1114 1371 247 49 förhållande,
1391 1374 21 35 8
1433 1370 21 51 $
1475 1372 254 48 omförmäler,
1750 1372 71 37 och

225 1423 33 48 ej
303 1427 41 31 är
384 1429 86 43 part
496 1423 12 36 i
535 1423 124 47 målet,
702 1423 56 37 till
787 1423 117 38 skada
933 1423 91 38 eller
1053 1424 198 50 synnerlig
1279 1424 219 50 olägenhet;
1528 1426 60 34 må
1616 1425 33 49 ej
1680 1424 141 38 honom

226 1475 157 49 åläggas
411 1480 55 32 att
495 1475 120 37 förete
644 1475 243 50 handlingen.

966 1615 47 35 50
1042 1614 33 50 8.

279 1707 112 37 Hvad
432 1721 60 22 om
534 1707 221 48 skyldighet
795 1712 54 32 att
876 1708 122 36 förete

225 1759 184 48 handling
450 1764 40 31 är
517 1759 11 35 1
557 1761 48 34 48
642 1759 69 37 och
740 1761 48 35 49
819 1758 45 50 8$
894 1759 102 37 stad-

225 1810 94 49 gadt
347 1810 98 49 gälle
474 1810 33 49 ej
537 1810 12 36 i
576 1811 108 49 fråga
713 1823 61 24 om
790 1811 94 46 bref,
903 1810 93 37 tele-

225 1876 109 34 gram
349 1862 92 37 eller
455 1862 115 37 andra
589 1862 172 37 enskilda
781 1862 217 37 meddelan-

226 1915 87 46 den,
342 1919 89 32 utan
461 1918 40 33 så
537 1919 40 32 är
606 1920 54 31 att
688 1915 46 37 de
764 1917 99 46 angå
890 1916 109 48 något

228 1972 199 43 parternas
456 1966 334 37 rättsförhållande
821 1967 71 36 och
909 1980 90 23 vex-

226 2018 72 36 lats
340 2019 135 36 mellan
518 2019 83 36 dem
641 2018 91 37 eller
766 2019 138 36 mellan
933 2032 64 23 en-

227 2069 90 36 dera
345 2076 132 42 parten
508 2070 69 36 och
605 2083 136 33 annan,
777 2083 80 23 som
885 2075 112 31 rätts-

225 2121 253 36 förhållandet
524 2121 212 36 förmedlat.
792 2122 45 48 Ej
881 2121 119 37 heller

228 2172 96 37 skall
351 2173 101 36 hvad
480 2172 11 36 i
519 2175 47 33 49
596 2171 21 50 8
646 2177 41 32 är
704 2172 113 49 sagdt
832 2186 72 34 ega
927 2173 73 36 till-

227 2224 198 48 lämpning
465 2226 20 34 å
521 2224 84 45 den,
644 2237 83 23 som
757 2227 20 33 å
810 2224 186 36 embetets

227 2280 146 44 vägnar
412 2276 157 36 innehar
609 2276 196 48 handling,
843 2276 153 36 hvilken

229 2327 55 37 till
312 2327 106 37 bevis
447 2327 10 36 i
487 2327 111 37 målet
626 2327 193 50 åberopas.

1104 1707 110 37 Hvad
1258 1721 60 23 om
1360 1709 221 49 skyldighet
1616 1714 55 32 att
1699 1710 122 37 förete

1051 1759 184 50 handling
1275 1764 41 32 är
1344 1759 11 36 i
1384 1762 47 35 48
1468 1760 70 37 och
1566 1763 48 34 49
1644 1760 46 50 $$
1720 1761 101 37 stad-

1049 1811 93 49 gadt
1169 1812 100 49 gälle
1299 1812 33 49 ej
1362 1811 11 37 i
1402 1812 106 48 fråga
1537 1826 60 23 om
1616 1812 95 48 bref,
1728 1813 93 37 tele-

1051 1876 108 36 gram
1201 1863 92 37 eller
1325 1864 116 37 andra
1469 1864 172 38 enskilda
1669 1865 152 37 medde-

1051 1915 149 48 landen,
1229 1920 89 32 utan
1348 1918 41 34 så
1417 1921 40 31 är
1485 1921 55 32 att
1559 1917 45 36 de
1623 1920 99 45 angå
1737 1930 84 36 par-

1052 1972 129 32 ternas
1209 1968 330 37 rättsförhållande
1570 1969 70 36 och
1673 1969 148 37 vexlats

1050 2019 138 36 mellan
1236 2019 87 37 dem
1371 2019 92 38 eller
1503 2020 135 37 mellan
1681 2021 141 36 endera

1053 2076 132 42 parten
1215 2071 70 36 och
1314 2084 134 34 annan,
1479 2084 80 24 som
1586 2072 236 37 rättsförhål-

1052 2121 128 36 landet
1221 2122 211 36 förmedlat.
1488 2123 45 48 Ej
1573 2123 118 36 heller
1726 2124 96 36 skall

1054 2173 99 36 hvad
1181 2173 11 36 i
1221 2175 47 34 49
1299 2173 20 49 8
1349 2179 40 30 är
1418 2174 111 49 sagdt
1557 2187 71 35 ega
1659 2174 163 51 tillämp-

1050 2224 95 49 ning
1172 2228 21 33 å
1221 2225 84 45 den,
1335 2238 82 23 som
1438 2228 20 34 å
1477 2226 184 36 embetets
1677 2231 145 44 vägnar

1051 2276 157 37 innehar
1237 2276 193 49 handling,
1459 2277 154 37 hvilken
1638 2279 56 36 till
1714 2278 107 37 bevis

1053 2328 11 36 1
1093 2327 113 38 målet
1233 2328 193 50 åberopas.
