1920 2780
288 144 38 31 28
602 144 391 31 Jordbruksutskottets
1013 145 180 30 utlåtande
1210 154 43 21 nr
1269 145 43 30 22
1329 145 42 30 år
1390 146 84 29 1960

292 227 60 30 bör
372 228 100 38 tagas
491 227 11 30 i
523 227 154 40 anspråk
698 227 54 30 för
771 227 223 31 bestridande
1014 237 42 21 av
1076 228 189 31 kostnader
1286 228 55 30 för
1362 229 220 30 anställande
1601 228 73 32 tills
1694 229 93 30 vida-

290 286 36 21 re
346 277 59 30 vid
427 277 447 40 hushållningssällskapen
897 287 43 21 av
953 278 116 30 'sådan
1091 278 151 40 expertis
1264 287 75 21 som
1360 288 85 30 nyss
1466 279 152 30 nämnts.
1641 280 50 29 De
1713 287 76 31 geo-

292 327 157 39 grafiska
468 327 433 31 verksamhetsområdena
921 328 55 29 för
996 328 114 30 denna
1130 338 69 30 nya
1217 330 162 38 personal
1399 329 62 31 bör
1482 338 56 20 om
1558 329 139 40 möjligt
1718 339 68 20 om-

292 377 89 30 fatta
400 386 75 21 mer
495 378 44 29 än
558 380 48 28 ett
626 378 60 29 län
704 378 156 29 vardera.
881 378 205 40 Expertisen
1106 378 12 30 i
1139 378 99 40 fråga
1257 378 63 30 bör
1339 379 31 39 ej
1393 378 88 31 blott
1501 379 51 30 till
1572 379 72 30 viss
1666 380 54 29 del
1740 380 50 30 bi-

291 427 101 30 träda
415 427 106 30 också
543 428 408 30 lantbruksnämnderna
974 430 86 28 utan
1084 429 87 29 även
1194 428 11 30 i
1229 428 205 42 erforderlig
1458 429 213 40 omfattning
1695 430 94 30 med-

290 478 107 29 verka
418 478 12 30 i
453 478 129 29 arbetet
604 479 82 29 med
709 478 65 30 den
797 488 42 20 av
861 478 358 40 lantbruksstyrelsen
1241 479 102 30 ledda
1364 479 427 40 jordbruksekonomiska

291 527 318 40 undersökningen.
630 529 14 29 I
666 528 186 40 anledning
872 528 111 30 härav
1002 538 103 30 synes
1125 529 280 30 medelsbehovet
1425 529 112 30 under
1557 530 157 39 anslaget
1734 530 56 30 Bi-

291 578 84 39 drag
410 577 53 30 till
497 577 476 41 bokföringsverksamheten
1007 579 95 30 inom
1136 579 208 40 jordbruket
1379 580 123 31 kunna
1525 580 160 30 minskas
1708 580 80 30 med

291 628 39 29 35
344 627 63 30 000
427 628 139 30 kronor.
584 628 119 30 Under
721 629 65 29 den
804 629 65 30 här
886 629 217 30 behandlade
1122 630 266 39 anslagsposten
1406 629 62 32 bör
1485 630 132 39 jämväl
1637 630 55 30 för
1709 631 79 29 näs-

291 680 35 27 ta
348 678 170 40 budgetår
541 678 140 31 avdelas
705 681 47 28 ett
775 679 124 40 belopp
923 689 42 20 av
988 679 40 30 25
1042 679 63 30 000
1129 680 130 29 kronor
1280 680 54 31 till
1358 679 169 41 tillfälligt
1550 680 137 30 biträde
1709 681 79 30 med

291 728 414 31 konsulentverksamhet
728 729 95 30 inom
847 729 468 41 hushållningssällskapens
1339 739 77 21 ram
1441 731 45 40 på
1509 731 187 29 enahanda
1720 732 68 29 sätt

292 788 74 20 som
388 778 178 40 tillämpas
589 778 97 30 detta
708 779 178 40 budgetår.
909 780 67 30 Det
997 779 98 31 torde
1118 780 38 30 få
1179 780 189 30 ankomma
1389 780 46 40 på
1458 781 125 39 Kungl.
1608 781 107 40 Maj:t
1738 782 50 29 att

289 829 87 30 efter
398 828 131 40 förslag
551 838 42 20 av
612 829 360 40 lantbruksstyrelsen
991 830 161 30 meddela
1173 830 228 40 erforderliga
1421 832 162 29 närmare
1605 831 185 30 föreskrif-

292 880 49 28 ter
364 879 222 30 beträffande
610 879 254 40 dispositionen
890 889 43 21 av
954 880 43 29 de
1021 880 112 30 under
1158 881 265 39 anslagsposten
1448 881 165 30 anvisade
1638 881 148 30 medlen.

333 929 65 29 Det
421 929 266 40 sammanlagda
708 929 286 41 anslagsbehovet
1015 930 135 40 uppgår
1172 930 106 40 enligt
1299 930 233 31 förenämnda
1552 931 238 40 beräkningar

289 978 51 30 till
359 979 19 30 5
392 978 64 31 085
471 978 61 31 000
550 979 162 30 kronor.»

332 1077 35 34 c)
397 1078 125 37 Bidrag
538 1079 54 29 till
610 1079 222 36 jordbrukets
850 1080 279 37 rationalisering
1151 1081 48 37 (p.
1220 1081 37 30 14
1275 1081 11 29 i
1306 1081 46 29 IX
1369 1081 70 35 ht).

331 1128 376 40 Lantbruksstyrelsen
728 1129 64 30 har
812 1130 12 30 i
846 1130 54 30 sin
923 1130 401 40 anslagsframställning
1346 1131 189 35 hemställt,
1558 1133 52 29 att
1632 1131 156 40 anslaget

290 1177 54 30 för
361 1179 104 29 nästa
482 1178 170 40 budgetår
669 1179 147 31 tillföres
837 1179 40 30 14
891 1179 64 31 000
967 1179 62 31 000
1047 1181 53 29 kr.
1119 1183 92 28 samt
1229 1183 49 28 att
1297 1181 67 30 den
1383 1190 86 26 ram,
1488 1181 96 31 inom
1602 1181 118 31 vilken
1738 1181 51 30 bi-

290 1227 84 41 drag
400 1228 113 31 under
536 1228 205 41 budgetåret
767 1230 89 30 skall
882 1230 37 30 få
943 1230 146 40 beviljas
1115 1230 57 31 för
1196 1231 93 30 olika
1315 1231 175 35 ändamål,
1517 1231 193 31 fastställes
1734 1231 52 31 till

289 1277 205 32 oförändrat
515 1278 125 41 belopp
662 1288 44 21 av
726 1280 233 40 sammanlagt
983 1280 38 30 16
1035 1279 63 31 500
1112 1280 64 31 000
1198 1281 51 29 kr.

331 1328 396 40 Departementschefen
750 1329 64 31 har
837 1330 128 30 anfört.

334 1374 19 52 >»
354 1378 76 29 Vad
452 1378 88 30 först
562 1379 110 40 angår
693 1379 67 30 den
782 1380 108 30 totala
911 1380 264 41 bidragsramen
1197 1381 55 30 för
1272 1382 104 29 nästa
1397 1381 170 40 budgetår
1589 1381 118 31 finner
1728 1382 59 40 jag

289 1430 180 39 angeläget
492 1432 49 28 att
564 1431 116 30 denna
702 1431 71 31 inte
796 1432 160 31 minskas
978 1433 51 30 till
1054 1433 142 39 förfång
1219 1433 54 30 för
1296 1434 67 29 den
1385 1433 12 30 i
1421 1433 151 40 enlighet
1595 1434 81 29 med
1702 1433 83 30 1959

287 1479 56 30 års
368 1480 278 40 riksdagsbeslut
670 1481 264 31 intensifierade
959 1482 569 40 rationaliseringsverksamheten
1553 1483 46 40 på
1623 1484 162 39 jordbru-

287 1529 75 30 kets
382 1530 153 30 område.
555 1530 270 40 Ifrågavarande
843 1532 219 39 bidragsram
1081 1533 63 29 bör
1164 1533 104 40 enligt
1288 1533 73 30 min
1381 1533 142 39 mening
1542 1533 175 30 innefatta
1736 1535 48 28 ett

287 1578 203 32 oförändrat
511 1579 124 38 belopp
657 1589 43 21 av
723 1580 37 30 16
772 1580 59 30 500
845 1581 60 29 000
927 1582 139 29 kronor.
1088 1581 52 30 Av
1163 1582 102 37 sagda
1287 1582 126 37 belopp
1435 1582 63 30 bör
1519 1581 91 31 2500
1624 1582 60 30 000
1706 1582 79 30 kro-

288 1638 62 21 nor
369 1629 170 31 hänföras
557 1630 53 30 till
630 1630 162 41 åtgärder
811 1631 56 30 för
885 1633 91 38 yttre
996 1632 281 40 rationalisering
1296 1634 128 30 medan
1444 1633 264 40 bidragsramen
1730 1633 55 30 för

287 1678 74 31 inre
385 1679 283 41 rationalisering
692 1681 61 30 bör
777 1689 105 32 anges
906 1682 53 30 till
986 1681 38 30 14
1038 1681 63 30 000
1115 1682 64 30 000
1204 1683 139 30 kronor.
1370 1683 226 30 Sistnämnda
1620 1683 91 30 båda
1734 1684 48 29 tal

288 1729 37 30 är
353 1729 180 31 desamma
563 1739 75 22 som
668 1731 186 40 riksdagen
884 1731 168 32 fastställt
1081 1732 56 30 för
1166 1732 236 31 innevarande
1431 1733 180 40 budgetår.
1641 1733 143 30 Liksom

288 1788 46 20 nu
356 1780 38 29 är
415 1779 108 35 fallet,
543 1780 62 30 bör
626 1780 126 40 Kungl.
774 1781 105 40 Maj:t
901 1783 64 39 äga
984 1782 209 40 befogenhet
1214 1784 59 34 att,
1296 1792 56 20 om
1376 1782 268 31 förhållandena
1667 1784 117 29 föran-

287 1829 93 30 leder
404 1830 128 34 därtill,
554 1830 124 40 jämka
701 1831 233 31 omförmälda
958 1832 198 40 fördelning
1179 1833 127 30 mellan
1330 1834 91 38 yttre
1445 1833 65 30 och
1532 1834 76 29 inre
1633 1834 151 30 rationa-

287 1878 153 41 lisering.

330 1929 100 30 Inom
452 1939 120 21 ramen
594 1930 56 30 för
672 1931 120 40 bidrag
813 1932 53 29 till
888 1933 91 38 yttre
1001 1932 280 41 rationalisering
1303 1933 63 29 bör
1387 1933 102 39 högst
1512 1932 40 30 50
1567 1932 63 30 000
1653 1934 130 29 kronor

287 1979 36 30 få
340 1981 99 38 tagas
456 1979 12 30 i
486 1980 153 39 anspråk
658 1980 55 31 för
730 1982 171 31 täckande
921 1992 41 20 av
980 1983 190 29 kostnader
1189 1983 54 29 för
1263 1982 132 31 sådana
1415 1984 73 39 slag
1506 1993 42 20 av
1566 1984 218 39 planerings-

288 2028 166 38 åtgärder,
476 2038 74 21 som
572 2029 74 31 före
669 2030 89 30 detta
780 2031 167 37 budgetår
967 2031 151 31 bestritts
1141 2031 79 30 från
1241 2034 45 28 ett
1307 2032 56 30 för
1385 2032 194 31 ändamålet
1600 2033 21 30 å
1641 2033 143 30 rikssta-

287 2080 57 28 ten
368 2080 143 30 särskilt
532 2082 168 38 upptaget
722 2082 129 39 anslag.
875 2082 99 30 Inom
997 2091 135 21 samma
1154 2092 76 20 ram
1251 2083 62 30 bör
1336 2084 87 29 även
1446 2083 36 30 få
1504 2084 206 39 disponeras
1731 2093 52 21 er-

287 2126 189 40 forderliga
502 2128 110 29 medel
643 2128 56 30 för
725 2129 224 30 utbetalande
977 2139 42 20 av
1047 2130 134 30 sådana
1209 2131 211 39 statsbidrag
1448 2131 52 30 till
1528 2131 254 40 utflyttnings-,

285 2180 311 40 väganläggnings-
620 2181 66 30 och
711 2181 337 40 odlingskostnader,
1074 2192 75 21 som
1175 2183 132 39 åsyftas
1332 2184 12 29 i
1369 2183 414 40 övergångsbestämmel-

286 2238 102 21 serna
407 2230 53 29 till
480 2230 234 39 kungörelsen
734 2232 65 29 den
819 2231 42 30 28
881 2232 71 39 maj
978 2231 81 30 1959
1085 2232 60 34 (nr
1165 2231 79 35 246)
1270 2242 55 20 om
1348 2233 148 39 ändring
1517 2234 10 29 i
1548 2233 234 40 kungörelsen

286 2279 65 29 den
375 2279 37 30 11
435 2280 78 39 juni
537 2279 82 31 1948
646 2280 60 34 (nr
726 2280 79 35 342)
831 2282 179 40 angående
1031 2283 133 39 statligt
1186 2283 76 30 stöd
1283 2283 52 30 till
1356 2283 227 40 jordbrukets
1605 2285 91 38 yttre
1717 2284 65 30 och

285 2329 74 30 inre
381 2330 283 41 rationalisering
685 2340 46 20 m.
753 2340 45 21 m.
820 2332 128 30 Vidare
969 2332 72 35 bör,
1063 2333 129 30 liksom
1214 2333 156 39 tidigare,
1393 2333 96 30 inom
1511 2343 122 21 ramen
1657 2334 54 30 för
1733 2333 49 30 bi-

285 2379 84 39 drag
388 2379 53 30 till
459 2380 227 39 jordbrukets
704 2381 74 30 inre
796 2381 282 41 rationalisering
1096 2383 113 30 medel
1229 2383 51 30 till
1301 2393 41 20 av
1361 2383 126 39 Kungl.
1507 2383 106 40 Maj:t
1632 2383 150 31 bestäm-

285 2429 44 30 da
351 2429 127 41 belopp
503 2430 36 30 få
562 2431 176 39 utnyttjas
762 2431 51 30 till
838 2431 123 40 bidrag
985 2432 52 30 till
1061 2432 95 31 vissa
1181 2433 305 40 undersökningar
1510 2434 151 30 rörande
1687 2434 94 30 äldre
