1882 2794
349 148 104 27 Andra
473 148 199 29 kammarens
694 151 129 32 första
842 152 156 34 tillfälliga
1018 153 131 27 utskotts
1173 153 158 28 utlåtande
1353 154 45 27 Nr
1420 156 25 26 1.
1625 159 12 27 1

827 299 68 41 Nr
924 301 40 39 1.

556 400 123 27 Ankom
697 401 46 26 till
763 401 181 36 riksdagens
964 403 102 27 kansli
1085 404 59 26 den
1166 405 36 25 22
1224 404 139 28 februari
1386 405 75 27 1945
1480 405 41 27 kl.
1545 407 13 26 1
1582 414 58 19 em.

351 505 118 31 Andra
496 505 223 32 kammarens
745 507 141 38 första
913 508 173 40 tillfälliga
1113 510 147 30 utskotts
1288 511 188 38 utlåtande,
1502 521 42 21 nr
1572 513 29 37 1,
1631 513 10 29 i

546 560 187 40 anledning
755 571 42 21 av
817 562 102 30 väckt
941 564 132 29 motion
1091 563 177 39 angående
1293 564 183 40 utredning
1496 574 57 22 om
1574 565 66 30 den

546 613 181 40 kvinnliga
745 615 215 39 ungdomens
979 616 194 40 utbildning
1192 618 11 29 i
1220 618 208 30 hemarbete.

197 718 14 30 I
238 727 43 21 en
303 718 96 31 inom
422 720 110 30 andra
557 720 206 32 kammaren
789 722 103 30 väckt
916 723 65 30 och
1005 723 51 30 till
1080 724 76 29 dess
1180 724 109 31 första
1313 724 173 40 tillfälliga
1509 725 132 31 utskott

152 771 169 30 hänvisad
343 772 142 36 motion,
509 783 42 20 nr
574 774 75 36 439,
674 783 42 22 av
737 775 80 30 herr
842 775 151 31 Jonsson
1015 776 11 30 i
1052 777 202 39 Skedsbygd
1275 787 46 21 m.
1348 778 50 38 fl.,
1423 778 64 31 har
1509 778 130 40 yrkats,

152 827 49 27 att
217 824 186 40 riksdagen
419 825 58 31 må
493 826 11 30 i
521 826 165 32 skrivelse
702 828 51 30 till
770 828 124 40 Kungl.
914 829 100 39 Maj:t
1031 829 149 37 anhålla,
1200 833 50 28 att
1267 831 125 40 Kungl.
1414 832 102 39 Maj:t
1534 831 107 32 måtte

152 877 205 32 föranstalta
375 889 57 20 om
450 889 43 21 en
514 880 185 40 utredning
717 881 11 30 i
749 882 195 31 motionens
967 883 89 39 syfte
1073 902 45 3 —
1138 884 67 30 den
1222 884 180 40 kvinnliga
1423 885 217 39 ungdomens

151 931 196 40 utbildning
367 932 11 30 i
400 932 198 32 hemarbete
622 952 43 3 —
686 938 89 27 samt
796 935 55 31 för
874 936 186 39 riksdagen
1085 937 193 40 framlägga
1300 939 42 29 de
1364 939 139 39 förslag,
1526 939 114 30 vartill

151 984 230 40 utredningen
401 985 71 31 kan
492 986 191 32 föranleda.

195 1038 225 31 Beträffande
440 1039 251 41 motiveringen
714 1040 55 31 får
788 1042 167 31 utskottet
974 1043 146 32 hänvisa
1140 1044 51 30 till
1212 1044 188 31 motionen.

196 1092 13 29 I
233 1091 109 30 likhet
365 1092 80 30 med
471 1093 258 32 motionärerna
754 1095 102 39 hyser
879 1096 167 31 utskottet
1073 1097 66 30 den
1166 1098 279 39 uppfattningen,
1472 1102 49 27 att
1548 1100 57 29 det
1629 1099 10 30 i

151 1144 177 31 motionen
353 1145 148 31 berörda
525 1146 205 39 spörsmålet
754 1149 38 29 är
816 1158 43 21 av
883 1152 71 27 stor
978 1149 81 31 vikt.
1096 1149 52 32 Då
1172 1152 190 29 emellertid
1391 1153 80 29 1941
1502 1152 56 31 års
1582 1153 54 30 be-

150 1197 363 41 folkningsutredning
537 1200 67 30 den
630 1201 39 30 15
692 1201 235 32 innevarande
950 1203 154 30 februari
1131 1203 51 30 till
1207 1204 195 40 Konungen
1424 1206 215 30 överlämnat

150 1253 46 27 ett
222 1260 43 21 av
288 1252 76 30 dess
391 1252 327 41 kvinnodelegation
744 1255 55 30 för
822 1255 95 30 hem-
943 1256 65 30 och
1035 1257 253 39 familjefrågor
1312 1259 173 30 utarbetat
1508 1260 131 38 förslag

155 1303 98 38 (SOU
275 1305 97 30 1945:
386 1305 47 39 4),
459 1306 161 38 syftande
643 1307 51 30 till
714 1311 49 27 att
783 1309 110 30 ordna
913 1309 241 41 utbildningen
1174 1311 11 30 i
1205 1310 130 41 husligt
1356 1312 125 36 arbete,
1503 1313 67 30 och
1594 1311 45 32 då

148 1357 165 31 utskottet
333 1358 65 30 har
420 1359 188 40 anledning
632 1363 135 37 antaga,
791 1365 49 27 att
861 1363 154 30 nämnda
1038 1363 137 39 förslag,
1200 1374 43 20 av
1265 1365 105 30 vilket
1392 1366 166 30 utskottet
1581 1367 55 30 be-

149 1413 81 27 retts
256 1410 136 31 tillfälle
416 1414 79 37 taga
523 1413 63 35 del,
617 1413 86 31 efter
728 1415 178 39 sedvanlig
933 1416 189 40 beredning
1149 1417 159 31 kommer
1333 1421 49 27 att
1407 1419 230 30 underställas

148 1463 193 40 riksdagen,
368 1464 115 32 finner
506 1466 166 30 utskottet
695 1467 56 30 det
774 1467 76 31 icke
873 1468 163 39 påkallat,
1064 1472 50 28 att
1140 1470 186 39 riksdagen
1349 1481 48 21 nu
1423 1472 63 30 hos
1512 1468 123 48 Kungl.

149 1516 100 39 Maj:t
273 1516 157 31 anhåller
450 1528 58 20 om
532 1519 186 40 utredning
741 1520 11 30 i
773 1521 126 30 ämnet.

193 1570 13 29 I
228 1570 187 39 anledning
436 1571 109 30 härav
567 1571 55 31 får
647 1573 166 31 utskottet
833 1574 193 36 hemställa,

501 1663 49 28 att
582 1661 230 32 förevarande
841 1663 142 36 motion,
1021 1664 132 36 II:439,
1189 1665 75 31 icke
1296 1666 107 31 måtte
1437 1668 50 30 till
1520 1667 116 40 någon

454 1714 109 31 andra
587 1714 222 32 kammarens
832 1716 123 39 åtgärd
979 1718 189 30 föranleda.

192 1800 200 31 Stockholm
415 1802 67 30 den
505 1804 39 28 22
568 1803 154 31 februari
752 1805 92 30 1945.

675 1892 49 31 På
749 1894 183 30 utskottets
956 1895 143 38 vägnar:

718 1981 158 31 MANNE
902 1977 153 36 STÄÅHL.

185 2235 211 27 Närvarande:
414 2237 109 26 herrar
539 2237 97 34 Ståhl,
655 2239 114 33 Allard,
786 2239 142 34 Skantze,
947 2240 112 28 fröken
1077 2241 120 33 Olsson,
1217 2243 109 27 herrar
1344 2243 155 29 Svensson
1517 2245 9 27 i
1546 2245 85 28 Sten-

142 2279 108 34 kyrka,
271 2279 182 35 Lundqvist,
472 2281 146 33 Jönsson,
638 2282 162 30 Fahlman,
820 2283 88 26 Odhe
928 2284 57 27 och
1007 2285 135 27 Jonsson
1164 2286 7 26 i
1193 2286 159 34 Skoglösa.

181 2491 119 34 Bihang
317 2492 45 26 till
379 2492 180 34 riksdagens
579 2494 158 33 protokoll
756 2495 84 26 1945.
863 2495 35 26 13
916 2496 86 26 saml.
1026 2497 11 25 1
1057 2496 67 27 avd.
1143 2497 43 27 Nr
1208 2498 23 26 1.
1614 2503 12 26 1
