<?xml version="1.0" encoding="UTF-8"?>
<alto xmlns="http://www.loc.gov/standards/alto/ns-v3#" xmlns:xlink="http://www.w3.org/1999/xlink" xmlns:xsi="http://www.w3.org/2001/XMLSchema-instance" xsi:schemaLocation="http://www.loc.gov/standards/alto/ns-v3# http://www.loc.gov/alto/v3/alto-3-0.xsd">
	<Description>
		<MeasurementUnit>pixel</MeasurementUnit>
		<sourceImageInformation>
			<fileName>/tmp/tess_me46llx6_input.PNG</fileName>
		</sourceImageInformation>
		<OCRProcessing ID="OCR_0">
			<ocrProcessingStep>
				<processingSoftware>
					<softwareName>tesseract 5.3.0</softwareName>
				</processingSoftware>
			</ocrProcessingStep>
		</OCRProcessing>
	</Description>
	<Layout>
		<Page WIDTH="2232" HEIGHT="2650" PHYSICAL_IMG_NR="0" ID="page_0">
			<PrintSpace HPOS="0" VPOS="0" WIDTH="2232" HEIGHT="2650">
				<ComposedBlock ID="cblock_0" HPOS="636" VPOS="208" WIDTH="1144" HEIGHT="42">
					<TextBlock ID="block_0" HPOS="636" VPOS="208" WIDTH="1144" HEIGHT="42">
						<TextLine ID="line_0" HPOS="636" VPOS="208" WIDTH="1144" HEIGHT="42">
							<String ID="string_0" HPOS="636" VPOS="209" WIDTH="376" HEIGHT="41" WC="0.64" CONTENT="Bevillningsutskottets"/><SP WIDTH="26" VPOS="209" HPOS="1012"/>
							<String ID="string_1" HPOS="1038" VPOS="208" WIDTH="216" HEIGHT="33" WC="0.96" CONTENT="Betänkande"/><SP WIDTH="27" VPOS="208" HPOS="1254"/>
							<String ID="string_2" HPOS="1281" VPOS="209" WIDTH="65" HEIGHT="31" WC="0.95" CONTENT="N:o"/><SP WIDTH="29" VPOS="209" HPOS="1346"/>
							<String ID="string_3" HPOS="1375" VPOS="210" WIDTH="54" HEIGHT="31" WC="0.89" CONTENT="21."/><SP WIDTH="306" VPOS="210" HPOS="1429"/>
							<String ID="string_4" HPOS="1735" VPOS="208" WIDTH="45" HEIGHT="32" WC="0.96" CONTENT="31"/>
						</TextLine>
					</TextBlock>
				</ComposedBlock>
				<ComposedBlock ID="cblock_1" HPOS="626" VPOS="288" WIDTH="1211" HEIGHT="2073">
					<TextBlock ID="block_1" HPOS="636" VPOS="288" WIDTH="1200" HEIGHT="196">
						<TextLine ID="line_1" HPOS="636" VPOS="288" WIDTH="1200" HEIGHT="52">
							<String ID="string_5" HPOS="636" VPOS="290" WIDTH="163" HEIGHT="37" WC="0.92" CONTENT="komma."/><SP WIDTH="26" VPOS="290" HPOS="799"/>
							<String ID="string_6" HPOS="825" VPOS="290" WIDTH="214" HEIGHT="49" WC="0.92" CONTENT="Delegarne"/><SP WIDTH="14" VPOS="290" HPOS="1039"/>
							<String ID="string_7" HPOS="1053" VPOS="291" WIDTH="13" HEIGHT="37" WC="0.96" CONTENT="i"/><SP WIDTH="13" VPOS="291" HPOS="1066"/>
							<String ID="string_8" HPOS="1079" VPOS="290" WIDTH="154" HEIGHT="50" WC="0.96" CONTENT="bolaget"/><SP WIDTH="16" VPOS="290" HPOS="1233"/>
							<String ID="string_9" HPOS="1249" VPOS="290" WIDTH="106" HEIGHT="37" WC="0.96" CONTENT="skola"/><SP WIDTH="14" VPOS="290" HPOS="1355"/>
							<String ID="string_10" HPOS="1369" VPOS="302" WIDTH="91" HEIGHT="24" WC="0.96" CONTENT="vara"/><SP WIDTH="14" VPOS="302" HPOS="1460"/>
							<String ID="string_11" HPOS="1474" VPOS="302" WIDTH="80" HEIGHT="23" WC="0.96" CONTENT="mer"/><SP WIDTH="15" VPOS="302" HPOS="1554"/>
							<String ID="string_12" HPOS="1569" VPOS="293" WIDTH="45" HEIGHT="32" WC="0.96" CONTENT="än"/><SP WIDTH="14" VPOS="293" HPOS="1614"/>
							<String ID="string_13" HPOS="1628" VPOS="288" WIDTH="155" HEIGHT="37" WC="0.96" CONTENT="dubbelt"/><SP WIDTH="12" VPOS="288" HPOS="1783"/>
							<String ID="string_14" HPOS="1795" VPOS="291" WIDTH="41" HEIGHT="35" WC="0.96" CONTENT="så"/>
						</TextLine>
						<TextLine ID="line_2" HPOS="637" VPOS="340" WIDTH="1195" HEIGHT="51">
							<String ID="string_15" HPOS="637" VPOS="345" WIDTH="137" HEIGHT="46" WC="0.96" CONTENT="många"/><SP WIDTH="28" VPOS="345" HPOS="774"/>
							<String ID="string_16" HPOS="802" VPOS="356" WIDTH="83" HEIGHT="23" WC="0.96" CONTENT="som"/><SP WIDTH="29" VPOS="356" HPOS="885"/>
							<String ID="string_17" HPOS="914" VPOS="342" WIDTH="141" HEIGHT="38" WC="0.95" CONTENT="antalet"/><SP WIDTH="27" VPOS="342" HPOS="1055"/>
							<String ID="string_18" HPOS="1082" VPOS="343" WIDTH="208" HEIGHT="37" WC="0.96" CONTENT="ledamöter"/><SP WIDTH="27" VPOS="343" HPOS="1290"/>
							<String ID="string_19" HPOS="1317" VPOS="342" WIDTH="13" HEIGHT="37" WC="0.96" CONTENT="i"/><SP WIDTH="27" VPOS="342" HPOS="1330"/>
							<String ID="string_20" HPOS="1357" VPOS="342" WIDTH="88" HEIGHT="37" WC="0.96" CONTENT="dess"/><SP WIDTH="30" VPOS="342" HPOS="1445"/>
							<String ID="string_21" HPOS="1475" VPOS="341" WIDTH="175" HEIGHT="49" WC="0.96" CONTENT="styrelse,"/><SP WIDTH="30" VPOS="341" HPOS="1650"/>
							<String ID="string_22" HPOS="1680" VPOS="341" WIDTH="98" HEIGHT="37" WC="0.95" CONTENT="dock"/><SP WIDTH="21" VPOS="341" HPOS="1778"/>
							<String ID="string_23" HPOS="1799" VPOS="340" WIDTH="33" HEIGHT="49" WC="0.95" CONTENT="ej"/>
						</TextLine>
						<TextLine ID="line_3" HPOS="637" VPOS="393" WIDTH="1199" HEIGHT="49">
							<String ID="string_24" HPOS="637" VPOS="394" WIDTH="100" HEIGHT="37" WC="0.96" CONTENT="färre"/><SP WIDTH="37" VPOS="394" HPOS="737"/>
							<String ID="string_25" HPOS="774" VPOS="399" WIDTH="48" HEIGHT="32" WC="0.89" CONTENT="än"/><SP WIDTH="28" VPOS="399" HPOS="822"/>
							<String ID="string_26" HPOS="850" VPOS="394" WIDTH="76" HEIGHT="48" WC="0.89" CONTENT="tolf,"/><SP WIDTH="30" VPOS="394" HPOS="926"/>
							<String ID="string_27" HPOS="956" VPOS="395" WIDTH="41" HEIGHT="36" WC="0.96" CONTENT="af"/><SP WIDTH="24" VPOS="395" HPOS="997"/>
							<String ID="string_28" HPOS="1021" VPOS="395" WIDTH="127" HEIGHT="37" WC="0.96" CONTENT="hvilka"/><SP WIDTH="27" VPOS="395" HPOS="1148"/>
							<String ID="string_29" HPOS="1175" VPOS="394" WIDTH="227" HEIGHT="38" WC="0.93" CONTENT="åtminstone"/><SP WIDTH="30" VPOS="394" HPOS="1402"/>
							<String ID="string_30" HPOS="1432" VPOS="395" WIDTH="75" HEIGHT="36" WC="0.72" CONTENT="dita"/><SP WIDTH="27" VPOS="395" HPOS="1507"/>
							<String ID="string_31" HPOS="1534" VPOS="394" WIDTH="92" HEIGHT="36" WC="0.96" CONTENT="böra"/><SP WIDTH="28" VPOS="394" HPOS="1626"/>
							<String ID="string_32" HPOS="1654" VPOS="406" WIDTH="89" HEIGHT="24" WC="0.92" CONTENT="vara"/><SP WIDTH="27" VPOS="406" HPOS="1743"/>
							<String ID="string_33" HPOS="1770" VPOS="393" WIDTH="66" HEIGHT="37" WC="0.92" CONTENT="bo-"/>
						</TextLine>
						<TextLine ID="line_4" HPOS="637" VPOS="446" WIDTH="310" HEIGHT="38">
							<String ID="string_34" HPOS="637" VPOS="447" WIDTH="96" HEIGHT="36" WC="0.96" CONTENT="ende"/><SP WIDTH="28" VPOS="447" HPOS="733"/>
							<String ID="string_35" HPOS="761" VPOS="446" WIDTH="10" HEIGHT="36" WC="0.96" CONTENT="i"/><SP WIDTH="31" VPOS="446" HPOS="771"/>
							<String ID="string_36" HPOS="802" VPOS="446" WIDTH="145" HEIGHT="38" WC="0.96" CONTENT="staden."/>
						</TextLine>
					</TextBlock>
					<TextBlock ID="block_2" HPOS="633" VPOS="496" WIDTH="1202" HEIGHT="663">
						<TextLine ID="line_5" HPOS="740" VPOS="496" WIDTH="1093" HEIGHT="51">
							<String ID="string_37" HPOS="740" VPOS="501" WIDTH="34" HEIGHT="34" WC="0.81" CONTENT="2."/><SP WIDTH="55" VPOS="501" HPOS="774"/>
							<String ID="string_38" HPOS="829" VPOS="498" WIDTH="122" HEIGHT="49" WC="0.95" CONTENT="Bolag"/><SP WIDTH="40" VPOS="498" HPOS="951"/>
							<String ID="string_39" HPOS="991" VPOS="502" WIDTH="60" HEIGHT="33" WC="0.95" CONTENT="må"/><SP WIDTH="41" VPOS="502" HPOS="1051"/>
							<String ID="string_40" HPOS="1092" VPOS="498" WIDTH="33" HEIGHT="49" WC="0.95" CONTENT="ej"/><SP WIDTH="43" VPOS="498" HPOS="1125"/>
							<String ID="string_41" HPOS="1168" VPOS="498" WIDTH="58" HEIGHT="37" WC="0.96" CONTENT="till"/><SP WIDTH="28" VPOS="498" HPOS="1226"/>
							<String ID="string_42" HPOS="1254" VPOS="511" WIDTH="124" HEIGHT="23" WC="0.93" CONTENT="annan"/><SP WIDTH="28" VPOS="511" HPOS="1378"/>
							<String ID="string_43" HPOS="1406" VPOS="496" WIDTH="186" HEIGHT="38" WC="0.92" CONTENT="öfverlåta"/><SP WIDTH="27" VPOS="496" HPOS="1592"/>
							<String ID="string_44" HPOS="1619" VPOS="496" WIDTH="49" HEIGHT="37" WC="0.93" CONTENT="all"/><SP WIDTH="29" VPOS="496" HPOS="1668"/>
							<String ID="string_45" HPOS="1697" VPOS="496" WIDTH="136" HEIGHT="37" WC="0.91" CONTENT="minut-"/>
						</TextLine>
						<TextLine ID="line_6" HPOS="635" VPOS="548" WIDTH="1200" HEIGHT="50">
							<String ID="string_46" HPOS="635" VPOS="550" WIDTH="139" HEIGHT="37" WC="0.96" CONTENT="handel"/><SP WIDTH="42" VPOS="550" HPOS="774"/>
							<String ID="string_47" HPOS="816" VPOS="550" WIDTH="86" HEIGHT="37" WC="0.96" CONTENT="med"/><SP WIDTH="40" VPOS="550" HPOS="902"/>
							<String ID="string_48" HPOS="942" VPOS="550" WIDTH="92" HEIGHT="37" WC="0.96" CONTENT="eller"/><SP WIDTH="41" VPOS="550" HPOS="1034"/>
							<String ID="string_49" HPOS="1075" VPOS="550" WIDTH="49" HEIGHT="36" WC="0.96" CONTENT="all"/><SP WIDTH="40" VPOS="550" HPOS="1124"/>
							<String ID="string_50" HPOS="1164" VPOS="550" WIDTH="260" HEIGHT="48" WC="0.96" CONTENT="utskänkning"/><SP WIDTH="40" VPOS="550" HPOS="1424"/>
							<String ID="string_51" HPOS="1464" VPOS="549" WIDTH="42" HEIGHT="37" WC="0.96" CONTENT="af"/><SP WIDTH="37" VPOS="549" HPOS="1506"/>
							<String ID="string_52" HPOS="1543" VPOS="549" WIDTH="160" HEIGHT="36" WC="0.96" CONTENT="bränvin"/><SP WIDTH="28" VPOS="549" HPOS="1703"/>
							<String ID="string_53" HPOS="1731" VPOS="548" WIDTH="104" HEIGHT="37" WC="0.95" CONTENT="inom"/>
						</TextLine>
						<TextLine ID="line_7" HPOS="637" VPOS="599" WIDTH="1198" HEIGHT="52">
							<String ID="string_54" HPOS="637" VPOS="603" WIDTH="146" HEIGHT="46" WC="0.95" CONTENT="staden,"/><SP WIDTH="38" VPOS="603" HPOS="783"/>
							<String ID="string_55" HPOS="821" VPOS="615" WIDTH="88" HEIGHT="24" WC="0.95" CONTENT="men"/><SP WIDTH="29" VPOS="615" HPOS="909"/>
							<String ID="string_56" HPOS="938" VPOS="602" WIDTH="120" HEIGHT="37" WC="0.96" CONTENT="skulle"/><SP WIDTH="32" VPOS="602" HPOS="1058"/>
							<String ID="string_57" HPOS="1090" VPOS="602" WIDTH="111" HEIGHT="49" WC="0.96" CONTENT="bolag"/><SP WIDTH="27" VPOS="602" HPOS="1201"/>
							<String ID="string_58" HPOS="1228" VPOS="602" WIDTH="90" HEIGHT="49" WC="0.95" CONTENT="vilja"/><SP WIDTH="27" VPOS="602" HPOS="1318"/>
							<String ID="string_59" HPOS="1345" VPOS="606" WIDTH="79" HEIGHT="32" WC="0.96" CONTENT="mot"/><SP WIDTH="27" VPOS="606" HPOS="1424"/>
							<String ID="string_60" HPOS="1451" VPOS="601" WIDTH="174" HEIGHT="37" WC="0.92" CONTENT="bestämd"/><SP WIDTH="29" VPOS="601" HPOS="1625"/>
							<String ID="string_61" HPOS="1654" VPOS="599" WIDTH="114" HEIGHT="50" WC="0.91" CONTENT="afgift"/><SP WIDTH="29" VPOS="599" HPOS="1768"/>
							<String ID="string_62" HPOS="1797" VPOS="604" WIDTH="38" HEIGHT="33" WC="0.96" CONTENT="åt"/>
						</TextLine>
						<TextLine ID="line_8" HPOS="636" VPOS="653" WIDTH="1198" HEIGHT="50">
							<String ID="string_63" HPOS="636" VPOS="667" WIDTH="124" HEIGHT="24" WC="0.93" CONTENT="annan"/><SP WIDTH="41" VPOS="667" HPOS="760"/>
							<String ID="string_64" HPOS="801" VPOS="654" WIDTH="183" HEIGHT="38" WC="0.79" CONTENT="öfverlåta"/><SP WIDTH="31" VPOS="654" HPOS="984"/>
							<String ID="string_65" HPOS="1015" VPOS="657" WIDTH="127" HEIGHT="46" WC="0.96" CONTENT="någon"/><SP WIDTH="35" VPOS="657" HPOS="1142"/>
							<String ID="string_66" HPOS="1177" VPOS="654" WIDTH="43" HEIGHT="37" WC="0.96" CONTENT="af"/><SP WIDTH="24" VPOS="654" HPOS="1220"/>
							<String ID="string_67" HPOS="1244" VPOS="654" WIDTH="48" HEIGHT="37" WC="0.96" CONTENT="de"/><SP WIDTH="26" VPOS="654" HPOS="1292"/>
							<String ID="string_68" HPOS="1318" VPOS="654" WIDTH="84" HEIGHT="36" WC="0.96" CONTENT="utaf"/><SP WIDTH="24" VPOS="654" HPOS="1402"/>
							<String ID="string_69" HPOS="1426" VPOS="653" WIDTH="154" HEIGHT="49" WC="0.93" CONTENT="bolaget"/><SP WIDTH="28" VPOS="653" HPOS="1580"/>
							<String ID="string_70" HPOS="1608" VPOS="653" WIDTH="226" HEIGHT="49" WC="0.90" CONTENT="öfvertagna"/>
						</TextLine>
						<TextLine ID="line_9" HPOS="636" VPOS="705" WIDTH="1196" HEIGHT="50">
							<String ID="string_71" HPOS="636" VPOS="706" WIDTH="297" HEIGHT="37" WC="0.90" CONTENT="minuthandels-"/><SP WIDTH="41" VPOS="706" HPOS="933"/>
							<String ID="string_72" HPOS="974" VPOS="706" WIDTH="92" HEIGHT="37" WC="0.93" CONTENT="eller"/><SP WIDTH="31" VPOS="706" HPOS="1066"/>
							<String ID="string_73" HPOS="1097" VPOS="705" WIDTH="519" HEIGHT="50" WC="0.92" CONTENT="utskänkningsrättigheter,"/><SP WIDTH="29" VPOS="705" HPOS="1616"/>
							<String ID="string_74" HPOS="1645" VPOS="710" WIDTH="92" HEIGHT="43" WC="0.91" CONTENT="göre"/><SP WIDTH="30" VPOS="710" HPOS="1737"/>
							<String ID="string_75" HPOS="1767" VPOS="705" WIDTH="65" HEIGHT="36" WC="0.91" CONTENT="bo-"/>
						</TextLine>
						<TextLine ID="line_10" HPOS="633" VPOS="756" WIDTH="1201" HEIGHT="51">
							<String ID="string_76" HPOS="633" VPOS="758" WIDTH="105" HEIGHT="49" WC="0.95" CONTENT="laget"/><SP WIDTH="41" VPOS="758" HPOS="738"/>
							<String ID="string_77" HPOS="779" VPOS="758" WIDTH="129" HEIGHT="37" WC="0.96" CONTENT="derom"/><SP WIDTH="42" VPOS="758" HPOS="908"/>
							<String ID="string_78" HPOS="950" VPOS="759" WIDTH="281" HEIGHT="48" WC="0.96" CONTENT="framställning"/><SP WIDTH="39" VPOS="759" HPOS="1231"/>
							<String ID="string_79" HPOS="1270" VPOS="758" WIDTH="70" HEIGHT="37" WC="0.96" CONTENT="hos"/><SP WIDTH="37" VPOS="758" HPOS="1340"/>
							<String ID="string_80" HPOS="1377" VPOS="757" WIDTH="141" HEIGHT="49" WC="0.95" CONTENT="Kongl."/><SP WIDTH="29" VPOS="757" HPOS="1518"/>
							<String ID="string_81" HPOS="1547" VPOS="757" WIDTH="127" HEIGHT="49" WC="0.93" CONTENT="Maj:ts"/><SP WIDTH="29" VPOS="757" HPOS="1674"/>
							<String ID="string_82" HPOS="1703" VPOS="756" WIDTH="131" HEIGHT="37" WC="0.91" CONTENT="befall-"/>
						</TextLine>
						<TextLine ID="line_11" HPOS="633" VPOS="809" WIDTH="1201" HEIGHT="50">
							<String ID="string_83" HPOS="633" VPOS="810" WIDTH="319" HEIGHT="49" WC="0.91" CONTENT="ningshafvande,"/><SP WIDTH="43" VPOS="810" HPOS="952"/>
							<String ID="string_84" HPOS="995" VPOS="824" WIDTH="81" HEIGHT="23" WC="0.96" CONTENT="som"/><SP WIDTH="43" VPOS="824" HPOS="1076"/>
							<String ID="string_85" HPOS="1119" VPOS="811" WIDTH="97" HEIGHT="37" WC="0.93" CONTENT="efter"/><SP WIDTH="30" VPOS="811" HPOS="1216"/>
							<String ID="string_86" HPOS="1246" VPOS="810" WIDTH="269" HEIGHT="49" WC="0.91" CONTENT="magistratens"/><SP WIDTH="28" VPOS="810" HPOS="1515"/>
							<String ID="string_87" HPOS="1543" VPOS="809" WIDTH="170" HEIGHT="37" WC="0.96" CONTENT="hörande"/><SP WIDTH="29" VPOS="809" HPOS="1713"/>
							<String ID="string_88" HPOS="1742" VPOS="822" WIDTH="92" HEIGHT="35" WC="0.95" CONTENT="eger"/>
						</TextLine>
						<TextLine ID="line_12" HPOS="633" VPOS="861" WIDTH="1199" HEIGHT="38">
							<String ID="string_89" HPOS="633" VPOS="868" WIDTH="56" HEIGHT="31" WC="0.96" CONTENT="att"/><SP WIDTH="39" VPOS="868" HPOS="689"/>
							<String ID="string_90" HPOS="728" VPOS="863" WIDTH="87" HEIGHT="36" WC="0.96" CONTENT="med"/><SP WIDTH="41" VPOS="863" HPOS="815"/>
							<String ID="string_91" HPOS="856" VPOS="863" WIDTH="182" HEIGHT="36" WC="0.96" CONTENT="afseende"/><SP WIDTH="43" VPOS="863" HPOS="1038"/>
							<String ID="string_92" HPOS="1081" VPOS="866" WIDTH="40" HEIGHT="33" WC="0.96" CONTENT="så"/><SP WIDTH="39" VPOS="866" HPOS="1121"/>
							<String ID="string_93" HPOS="1160" VPOS="862" WIDTH="59" HEIGHT="36" WC="0.93" CONTENT="väl"/><SP WIDTH="44" VPOS="862" HPOS="1219"/>
							<String ID="string_94" HPOS="1263" VPOS="865" WIDTH="21" HEIGHT="34" WC="0.92" CONTENT="å"/><SP WIDTH="28" VPOS="865" HPOS="1284"/>
							<String ID="string_95" HPOS="1312" VPOS="862" WIDTH="133" HEIGHT="36" WC="0.96" CONTENT="skälen"/><SP WIDTH="28" VPOS="862" HPOS="1445"/>
							<String ID="string_96" HPOS="1473" VPOS="861" WIDTH="70" HEIGHT="37" WC="0.91" CONTENT="och"/><SP WIDTH="29" VPOS="861" HPOS="1543"/>
							<String ID="string_97" HPOS="1572" VPOS="861" WIDTH="171" HEIGHT="37" WC="0.91" CONTENT="vilkoren"/><SP WIDTH="28" VPOS="861" HPOS="1743"/>
							<String ID="string_98" HPOS="1771" VPOS="861" WIDTH="61" HEIGHT="36" WC="0.96" CONTENT="för"/>
						</TextLine>
						<TextLine ID="line_13" HPOS="637" VPOS="913" WIDTH="1196" HEIGHT="51">
							<String ID="string_99" HPOS="637" VPOS="914" WIDTH="269" HEIGHT="37" WC="0.90" CONTENT="öfverlåtelsen"/><SP WIDTH="31" VPOS="914" HPOS="906"/>
							<String ID="string_100" HPOS="937" VPOS="920" WIDTH="99" HEIGHT="31" WC="0.95" CONTENT="samt"/><SP WIDTH="27" VPOS="920" HPOS="1036"/>
							<String ID="string_101" HPOS="1063" VPOS="914" WIDTH="274" HEIGHT="50" WC="0.96" CONTENT="lämpligheten"/><SP WIDTH="29" VPOS="914" HPOS="1337"/>
							<String ID="string_102" HPOS="1366" VPOS="914" WIDTH="71" HEIGHT="36" WC="0.95" CONTENT="och"/><SP WIDTH="31" VPOS="914" HPOS="1437"/>
							<String ID="string_103" HPOS="1468" VPOS="913" WIDTH="274" HEIGHT="48" WC="0.95" CONTENT="behörigheten"/><SP WIDTH="21" VPOS="913" HPOS="1742"/>
							<String ID="string_104" HPOS="1763" VPOS="913" WIDTH="70" HEIGHT="36" WC="0.96" CONTENT="hos"/>
						</TextLine>
						<TextLine ID="line_14" HPOS="636" VPOS="966" WIDTH="1197" HEIGHT="50">
							<String ID="string_105" HPOS="636" VPOS="966" WIDTH="74" HEIGHT="36" WC="0.96" CONTENT="den"/><SP WIDTH="41" VPOS="966" HPOS="710"/>
							<String ID="string_106" HPOS="751" VPOS="979" WIDTH="153" HEIGHT="37" WC="0.93" CONTENT="person,"/><SP WIDTH="33" VPOS="979" HPOS="904"/>
							<String ID="string_107" HPOS="937" VPOS="969" WIDTH="21" HEIGHT="34" WC="0.91" CONTENT="å"/><SP WIDTH="27" VPOS="969" HPOS="958"/>
							<String ID="string_108" HPOS="985" VPOS="966" WIDTH="153" HEIGHT="37" WC="0.93" CONTENT="hvilken"/><SP WIDTH="30" VPOS="966" HPOS="1138"/>
							<String ID="string_109" HPOS="1168" VPOS="966" WIDTH="269" HEIGHT="37" WC="0.91" CONTENT="öfverlåtelsen"/><SP WIDTH="29" VPOS="966" HPOS="1437"/>
							<String ID="string_110" HPOS="1466" VPOS="966" WIDTH="255" HEIGHT="48" WC="0.90" CONTENT="ifrågasättes,"/><SP WIDTH="31" VPOS="966" HPOS="1721"/>
							<String ID="string_111" HPOS="1752" VPOS="978" WIDTH="81" HEIGHT="23" WC="0.96" CONTENT="som"/>
						</TextLine>
						<TextLine ID="line_15" HPOS="634" VPOS="1017" WIDTH="1198" HEIGHT="49">
							<String ID="string_112" HPOS="634" VPOS="1018" WIDTH="73" HEIGHT="37" WC="0.93" CONTENT="ock"/><SP WIDTH="41" VPOS="1018" HPOS="707"/>
							<String ID="string_113" HPOS="748" VPOS="1021" WIDTH="20" HEIGHT="34" WC="0.91" CONTENT="å"/><SP WIDTH="41" VPOS="1021" HPOS="768"/>
							<String ID="string_114" HPOS="809" VPOS="1018" WIDTH="184" HEIGHT="48" WC="0.92" CONTENT="afgiftens"/><SP WIDTH="43" VPOS="1018" HPOS="993"/>
							<String ID="string_115" HPOS="1036" VPOS="1017" WIDTH="234" HEIGHT="38" WC="0.93" CONTENT="förhållande"/><SP WIDTH="42" VPOS="1017" HPOS="1270"/>
							<String ID="string_116" HPOS="1312" VPOS="1017" WIDTH="56" HEIGHT="37" WC="0.93" CONTENT="till"/><SP WIDTH="34" VPOS="1017" HPOS="1368"/>
							<String ID="string_117" HPOS="1402" VPOS="1018" WIDTH="65" HEIGHT="36" WC="0.93" CONTENT="det"/><SP WIDTH="28" VPOS="1018" HPOS="1467"/>
							<String ID="string_118" HPOS="1495" VPOS="1017" WIDTH="139" HEIGHT="37" WC="0.92" CONTENT="litertal"/><SP WIDTH="28" VPOS="1017" HPOS="1634"/>
							<String ID="string_119" HPOS="1662" VPOS="1017" WIDTH="170" HEIGHT="47" WC="0.96" CONTENT="bränvin,"/>
						</TextLine>
						<TextLine ID="line_16" HPOS="636" VPOS="1068" WIDTH="1195" HEIGHT="51">
							<String ID="string_120" HPOS="636" VPOS="1084" WIDTH="83" HEIGHT="23" WC="0.96" CONTENT="som"/><SP WIDTH="28" VPOS="1084" HPOS="719"/>
							<String ID="string_121" HPOS="747" VPOS="1083" WIDTH="114" HEIGHT="24" WC="0.95" CONTENT="anses"/><SP WIDTH="27" VPOS="1083" HPOS="861"/>
							<String ID="string_122" HPOS="888" VPOS="1071" WIDTH="128" HEIGHT="36" WC="0.96" CONTENT="kunna"/><SP WIDTH="27" VPOS="1071" HPOS="1016"/>
							<String ID="string_123" HPOS="1043" VPOS="1071" WIDTH="152" HEIGHT="36" WC="0.96" CONTENT="komma"/><SP WIDTH="29" VPOS="1071" HPOS="1195"/>
							<String ID="string_124" HPOS="1224" VPOS="1074" WIDTH="55" HEIGHT="32" WC="0.93" CONTENT="att"/><SP WIDTH="27" VPOS="1074" HPOS="1279"/>
							<String ID="string_125" HPOS="1306" VPOS="1070" WIDTH="174" HEIGHT="49" WC="0.91" CONTENT="afyttras,"/><SP WIDTH="20" VPOS="1070" HPOS="1480"/>
							<String ID="string_126" HPOS="1500" VPOS="1068" WIDTH="331" HEIGHT="50" WC="0.96" CONTENT="framställningen"/>
						</TextLine>
						<TextLine ID="line_17" HPOS="635" VPOS="1122" WIDTH="383" HEIGHT="37">
							<String ID="string_127" HPOS="635" VPOS="1122" WIDTH="131" HEIGHT="37" WC="0.96" CONTENT="bifalla"/><SP WIDTH="28" VPOS="1122" HPOS="766"/>
							<String ID="string_128" HPOS="794" VPOS="1122" WIDTH="92" HEIGHT="37" WC="0.91" CONTENT="eller"/><SP WIDTH="27" VPOS="1122" HPOS="886"/>
							<String ID="string_129" HPOS="913" VPOS="1122" WIDTH="105" HEIGHT="37" WC="0.91" CONTENT="afslå."/>
						</TextLine>
					</TextBlock>
					<TextBlock ID="block_3" HPOS="630" VPOS="1173" WIDTH="1207" HEIGHT="413">
						<TextLine ID="line_18" HPOS="737" VPOS="1173" WIDTH="1096" HEIGHT="50">
							<String ID="string_130" HPOS="737" VPOS="1177" WIDTH="33" HEIGHT="34" WC="0.93" CONTENT="3."/><SP WIDTH="56" VPOS="1177" HPOS="770"/>
							<String ID="string_131" HPOS="826" VPOS="1174" WIDTH="120" HEIGHT="48" WC="0.96" CONTENT="Bolag"/><SP WIDTH="22" VPOS="1174" HPOS="946"/>
							<String ID="string_132" HPOS="968" VPOS="1178" WIDTH="61" HEIGHT="33" WC="0.95" CONTENT="må"/><SP WIDTH="23" VPOS="1178" HPOS="1029"/>
							<String ID="string_133" HPOS="1052" VPOS="1175" WIDTH="83" HEIGHT="36" WC="0.96" CONTENT="icke"/><SP WIDTH="24" VPOS="1175" HPOS="1135"/>
							<String ID="string_134" HPOS="1159" VPOS="1187" WIDTH="141" HEIGHT="36" WC="0.95" CONTENT="genom"/><SP WIDTH="26" VPOS="1187" HPOS="1300"/>
							<String ID="string_135" HPOS="1326" VPOS="1173" WIDTH="139" HEIGHT="38" WC="0.27" CONTENT="ombud"/><SP WIDTH="26" VPOS="1173" HPOS="1465"/>
							<String ID="string_136" HPOS="1491" VPOS="1174" WIDTH="54" HEIGHT="36" WC="0.96" CONTENT="till"/><SP WIDTH="26" VPOS="1174" HPOS="1545"/>
							<String ID="string_137" HPOS="1571" VPOS="1174" WIDTH="82" HEIGHT="36" WC="0.93" CONTENT="salu"/><SP WIDTH="28" VPOS="1174" HPOS="1653"/>
							<String ID="string_138" HPOS="1681" VPOS="1175" WIDTH="152" HEIGHT="48" WC="0.91" CONTENT="utbjuda"/>
						</TextLine>
						<TextLine ID="line_19" HPOS="632" VPOS="1225" WIDTH="1201" HEIGHT="50">
							<String ID="string_139" HPOS="632" VPOS="1227" WIDTH="83" HEIGHT="36" WC="0.93" CONTENT="eller"/><SP WIDTH="18" VPOS="1227" HPOS="715"/>
							<String ID="string_140" HPOS="733" VPOS="1232" WIDTH="170" HEIGHT="43" WC="0.90" CONTENT="upptaga"/><SP WIDTH="18" VPOS="1232" HPOS="903"/>
							<String ID="string_141" HPOS="921" VPOS="1226" WIDTH="273" HEIGHT="49" WC="0.93" CONTENT="beställningar"/><SP WIDTH="15" VPOS="1226" HPOS="1194"/>
							<String ID="string_142" HPOS="1209" VPOS="1229" WIDTH="20" HEIGHT="34" WC="0.92" CONTENT="å"/><SP WIDTH="18" VPOS="1229" HPOS="1229"/>
							<String ID="string_143" HPOS="1247" VPOS="1226" WIDTH="176" HEIGHT="45" WC="0.96" CONTENT="bränvin;"/><SP WIDTH="20" VPOS="1226" HPOS="1423"/>
							<String ID="string_144" HPOS="1443" VPOS="1225" WIDTH="83" HEIGHT="37" WC="0.93" CONTENT="icke"/><SP WIDTH="21" VPOS="1225" HPOS="1526"/>
							<String ID="string_145" HPOS="1547" VPOS="1225" WIDTH="154" HEIGHT="48" WC="0.92" CONTENT="förhyra"/><SP WIDTH="15" VPOS="1225" HPOS="1701"/>
							<String ID="string_146" HPOS="1716" VPOS="1225" WIDTH="117" HEIGHT="37" WC="0.96" CONTENT="andra"/>
						</TextLine>
						<TextLine ID="line_20" HPOS="631" VPOS="1276" WIDTH="1201" HEIGHT="50">
							<String ID="string_147" HPOS="631" VPOS="1277" WIDTH="223" HEIGHT="49" WC="0.93" CONTENT="lägenheter"/><SP WIDTH="28" VPOS="1277" HPOS="854"/>
							<String ID="string_148" HPOS="882" VPOS="1278" WIDTH="147" HEIGHT="47" WC="0.92" CONTENT="ändem,"/><SP WIDTH="24" VPOS="1278" HPOS="1029"/>
							<String ID="string_149" HPOS="1053" VPOS="1278" WIDTH="128" HEIGHT="37" WC="0.96" CONTENT="hvilka"/><SP WIDTH="27" VPOS="1278" HPOS="1181"/>
							<String ID="string_150" HPOS="1208" VPOS="1283" WIDTH="65" HEIGHT="31" WC="0.93" CONTENT="äro"/><SP WIDTH="25" VPOS="1283" HPOS="1273"/>
							<String ID="string_151" HPOS="1298" VPOS="1277" WIDTH="188" HEIGHT="49" WC="0.48" CONTENT="behöfliga"/><SP WIDTH="19" VPOS="1277" HPOS="1486"/>
							<String ID="string_152" HPOS="1505" VPOS="1277" WIDTH="59" HEIGHT="36" WC="0.96" CONTENT="för"/><SP WIDTH="19" VPOS="1277" HPOS="1564"/>
							<String ID="string_153" HPOS="1583" VPOS="1277" WIDTH="74" HEIGHT="36" WC="0.96" CONTENT="den"/><SP WIDTH="19" VPOS="1277" HPOS="1657"/>
							<String ID="string_154" HPOS="1676" VPOS="1276" WIDTH="156" HEIGHT="48" WC="0.96" CONTENT="rörelse,"/>
						</TextLine>
						<TextLine ID="line_21" HPOS="632" VPOS="1328" WIDTH="1201" HEIGHT="50">
							<String ID="string_155" HPOS="632" VPOS="1343" WIDTH="83" HEIGHT="23" WC="0.96" CONTENT="som"/><SP WIDTH="36" VPOS="1343" HPOS="715"/>
							<String ID="string_156" HPOS="751" VPOS="1330" WIDTH="155" HEIGHT="48" WC="0.92" CONTENT="bolaget"/><SP WIDTH="36" VPOS="1330" HPOS="906"/>
							<String ID="string_157" HPOS="942" VPOS="1329" WIDTH="104" HEIGHT="49" WC="0.91" CONTENT="sjelft"/><SP WIDTH="34" VPOS="1329" HPOS="1046"/>
							<String ID="string_158" HPOS="1080" VPOS="1330" WIDTH="168" HEIGHT="45" WC="0.92" CONTENT="utöfvar;"/><SP WIDTH="37" VPOS="1330" HPOS="1248"/>
							<String ID="string_159" HPOS="1285" VPOS="1329" WIDTH="83" HEIGHT="37" WC="0.96" CONTENT="icke"/><SP WIDTH="27" VPOS="1329" HPOS="1368"/>
							<String ID="string_160" HPOS="1395" VPOS="1329" WIDTH="90" HEIGHT="49" WC="0.93" CONTENT="ingå"/><SP WIDTH="27" VPOS="1329" HPOS="1485"/>
							<String ID="string_161" HPOS="1512" VPOS="1328" WIDTH="206" HEIGHT="37" WC="0.91" CONTENT="affärsaftal"/><SP WIDTH="28" VPOS="1328" HPOS="1718"/>
							<String ID="string_162" HPOS="1746" VPOS="1329" WIDTH="87" HEIGHT="36" WC="0.96" CONTENT="med"/>
						</TextLine>
						<TextLine ID="line_22" HPOS="632" VPOS="1380" WIDTH="1200" HEIGHT="51">
							<String ID="string_163" HPOS="632" VPOS="1381" WIDTH="171" HEIGHT="37" WC="0.93" CONTENT="enskilde"/><SP WIDTH="30" VPOS="1381" HPOS="803"/>
							<String ID="string_164" HPOS="833" VPOS="1381" WIDTH="371" HEIGHT="49" WC="0.91" CONTENT="styrelseledamöter"/><SP WIDTH="27" VPOS="1381" HPOS="1204"/>
							<String ID="string_165" HPOS="1231" VPOS="1381" WIDTH="11" HEIGHT="36" WC="0.54" CONTENT="i"/><SP WIDTH="29" VPOS="1381" HPOS="1242"/>
							<String ID="string_166" HPOS="1271" VPOS="1381" WIDTH="165" HEIGHT="48" WC="0.96" CONTENT="bolaget,"/><SP WIDTH="21" VPOS="1381" HPOS="1436"/>
							<String ID="string_167" HPOS="1457" VPOS="1382" WIDTH="32" HEIGHT="49" WC="0.96" CONTENT="ej"/><SP WIDTH="22" VPOS="1382" HPOS="1489"/>
							<String ID="string_168" HPOS="1511" VPOS="1380" WIDTH="117" HEIGHT="37" WC="0.96" CONTENT="heller"/><SP WIDTH="19" VPOS="1380" HPOS="1628"/>
							<String ID="string_169" HPOS="1647" VPOS="1380" WIDTH="74" HEIGHT="37" WC="0.93" CONTENT="låta"/><SP WIDTH="20" VPOS="1380" HPOS="1721"/>
							<String ID="string_170" HPOS="1741" VPOS="1380" WIDTH="91" HEIGHT="37" WC="0.91" CONTENT="aflö-"/>
						</TextLine>
						<TextLine ID="line_23" HPOS="630" VPOS="1432" WIDTH="1201" HEIGHT="50">
							<String ID="string_171" HPOS="630" VPOS="1433" WIDTH="144" HEIGHT="49" WC="0.95" CONTENT="ningen"/><SP WIDTH="19" VPOS="1433" HPOS="774"/>
							<String ID="string_172" HPOS="793" VPOS="1446" WIDTH="87" HEIGHT="24" WC="0.96" CONTENT="vare"/><SP WIDTH="30" VPOS="1446" HPOS="880"/>
							<String ID="string_173" HPOS="910" VPOS="1434" WIDTH="60" HEIGHT="48" WC="0.96" CONTENT="sig"/><SP WIDTH="26" VPOS="1434" HPOS="970"/>
							<String ID="string_174" HPOS="996" VPOS="1433" WIDTH="57" HEIGHT="36" WC="0.96" CONTENT="till"/><SP WIDTH="29" VPOS="1433" HPOS="1053"/>
							<String ID="string_175" HPOS="1082" VPOS="1433" WIDTH="188" HEIGHT="49" WC="0.95" CONTENT="styrelsen"/><SP WIDTH="29" VPOS="1433" HPOS="1270"/>
							<String ID="string_176" HPOS="1299" VPOS="1432" WIDTH="92" HEIGHT="38" WC="0.95" CONTENT="eller"/><SP WIDTH="25" VPOS="1432" HPOS="1391"/>
							<String ID="string_177" HPOS="1416" VPOS="1433" WIDTH="58" HEIGHT="36" WC="0.95" CONTENT="till"/><SP WIDTH="28" VPOS="1433" HPOS="1474"/>
							<String ID="string_178" HPOS="1502" VPOS="1433" WIDTH="45" HEIGHT="36" WC="0.96" CONTENT="de"/><SP WIDTH="28" VPOS="1433" HPOS="1547"/>
							<String ID="string_179" HPOS="1575" VPOS="1432" WIDTH="70" HEIGHT="37" WC="0.95" CONTENT="hos"/><SP WIDTH="32" VPOS="1432" HPOS="1645"/>
							<String ID="string_180" HPOS="1677" VPOS="1432" WIDTH="154" HEIGHT="49" WC="0.96" CONTENT="bolaget"/>
						</TextLine>
						<TextLine ID="line_24" HPOS="631" VPOS="1484" WIDTH="1206" HEIGHT="51">
							<String ID="string_181" HPOS="631" VPOS="1485" WIDTH="173" HEIGHT="37" WC="0.91" CONTENT="anstälda"/><SP WIDTH="36" VPOS="1485" HPOS="804"/>
							<String ID="string_182" HPOS="840" VPOS="1499" WIDTH="183" HEIGHT="35" WC="0.96" CONTENT="personer"/><SP WIDTH="36" VPOS="1499" HPOS="1023"/>
							<String ID="string_183" HPOS="1059" VPOS="1499" WIDTH="89" HEIGHT="23" WC="0.96" CONTENT="vara"/><SP WIDTH="36" VPOS="1499" HPOS="1148"/>
							<String ID="string_184" HPOS="1184" VPOS="1485" WIDTH="191" HEIGHT="37" WC="0.96" CONTENT="beroende"/><SP WIDTH="34" VPOS="1485" HPOS="1375"/>
							<String ID="string_185" HPOS="1409" VPOS="1488" WIDTH="47" HEIGHT="47" WC="0.96" CONTENT="på"/><SP WIDTH="29" VPOS="1488" HPOS="1456"/>
							<String ID="string_186" HPOS="1485" VPOS="1484" WIDTH="281" HEIGHT="49" WC="0.96" CONTENT="omsättningen"/><SP WIDTH="29" VPOS="1484" HPOS="1766"/>
							<String ID="string_187" HPOS="1795" VPOS="1485" WIDTH="42" HEIGHT="36" WC="0.96" CONTENT="af"/>
						</TextLine>
						<TextLine ID="line_25" HPOS="631" VPOS="1537" WIDTH="1146" HEIGHT="49">
							<String ID="string_188" HPOS="631" VPOS="1537" WIDTH="159" HEIGHT="37" WC="0.96" CONTENT="bränvin"/><SP WIDTH="31" VPOS="1537" HPOS="790"/>
							<String ID="string_189" HPOS="821" VPOS="1538" WIDTH="69" HEIGHT="36" WC="0.96" CONTENT="och"/><SP WIDTH="29" VPOS="1538" HPOS="890"/>
							<String ID="string_190" HPOS="919" VPOS="1538" WIDTH="63" HEIGHT="36" WC="0.95" CONTENT="vin"/><SP WIDTH="30" VPOS="1538" HPOS="982"/>
							<String ID="string_191" HPOS="1012" VPOS="1537" WIDTH="91" HEIGHT="37" WC="0.96" CONTENT="eller"/><SP WIDTH="27" VPOS="1537" HPOS="1103"/>
							<String ID="string_192" HPOS="1130" VPOS="1541" WIDTH="92" HEIGHT="45" WC="0.96" CONTENT="utgå"/><SP WIDTH="28" VPOS="1541" HPOS="1222"/>
							<String ID="string_193" HPOS="1250" VPOS="1538" WIDTH="84" HEIGHT="36" WC="0.96" CONTENT="med"/><SP WIDTH="29" VPOS="1538" HPOS="1334"/>
							<String ID="string_194" HPOS="1363" VPOS="1537" WIDTH="78" HEIGHT="37" WC="0.89" CONTENT="viss"/><SP WIDTH="30" VPOS="1537" HPOS="1441"/>
							<String ID="string_195" HPOS="1471" VPOS="1537" WIDTH="60" HEIGHT="36" WC="0.96" CONTENT="del"/><SP WIDTH="28" VPOS="1537" HPOS="1531"/>
							<String ID="string_196" HPOS="1559" VPOS="1537" WIDTH="41" HEIGHT="36" WC="0.96" CONTENT="af"/><SP WIDTH="17" VPOS="1537" HPOS="1600"/>
							<String ID="string_197" HPOS="1617" VPOS="1537" WIDTH="160" HEIGHT="36" WC="0.96" CONTENT="vinsten."/>
						</TextLine>
					</TextBlock>
					<TextBlock ID="block_4" HPOS="626" VPOS="1588" WIDTH="1204" HEIGHT="773">
						<TextLine ID="line_26" HPOS="734" VPOS="1588" WIDTH="1096" HEIGHT="50">
							<String ID="string_198" HPOS="734" VPOS="1591" WIDTH="34" HEIGHT="35" WC="0.94" CONTENT="4,"/><SP WIDTH="57" VPOS="1591" HPOS="768"/>
							<String ID="string_199" HPOS="825" VPOS="1589" WIDTH="121" HEIGHT="49" WC="0.92" CONTENT="Bolag"/><SP WIDTH="41" VPOS="1589" HPOS="946"/>
							<String ID="string_200" HPOS="987" VPOS="1589" WIDTH="96" HEIGHT="37" WC="0.95" CONTENT="skall"/><SP WIDTH="40" VPOS="1589" HPOS="1083"/>
							<String ID="string_201" HPOS="1123" VPOS="1590" WIDTH="57" HEIGHT="36" WC="0.96" CONTENT="till"/><SP WIDTH="28" VPOS="1590" HPOS="1180"/>
							<String ID="string_202" HPOS="1208" VPOS="1589" WIDTH="219" HEIGHT="48" WC="0.96" CONTENT="fördelning"/><SP WIDTH="28" VPOS="1589" HPOS="1427"/>
							<String ID="string_203" HPOS="1455" VPOS="1588" WIDTH="119" HEIGHT="49" WC="0.93" CONTENT="enligt"/><SP WIDTH="28" VPOS="1588" HPOS="1574"/>
							<String ID="string_204" HPOS="1602" VPOS="1588" WIDTH="20" HEIGHT="49" WC="0.90" CONTENT="$"/><SP WIDTH="30" VPOS="1588" HPOS="1622"/>
							<String ID="string_205" HPOS="1652" VPOS="1590" WIDTH="47" HEIGHT="35" WC="0.93" CONTENT="22"/><SP WIDTH="31" VPOS="1590" HPOS="1699"/>
							<String ID="string_206" HPOS="1730" VPOS="1589" WIDTH="100" HEIGHT="36" WC="0.92" CONTENT="afstå"/>
						</TextLine>
						<TextLine ID="line_27" HPOS="630" VPOS="1640" WIDTH="1198" HEIGHT="50">
							<String ID="string_207" HPOS="630" VPOS="1641" WIDTH="164" HEIGHT="37" WC="0.96" CONTENT="förutom"/><SP WIDTH="43" VPOS="1641" HPOS="794"/>
							<String ID="string_208" HPOS="837" VPOS="1641" WIDTH="73" HEIGHT="36" WC="0.91" CONTENT="den"/><SP WIDTH="34" VPOS="1641" HPOS="910"/>
							<String ID="string_209" HPOS="944" VPOS="1641" WIDTH="374" HEIGHT="49" WC="0.87" CONTENT="försäljningsafgift,"/><SP WIDTH="31" VPOS="1641" HPOS="1318"/>
							<String ID="string_210" HPOS="1349" VPOS="1655" WIDTH="81" HEIGHT="23" WC="0.96" CONTENT="som"/><SP WIDTH="29" VPOS="1655" HPOS="1430"/>
							<String ID="string_211" HPOS="1459" VPOS="1640" WIDTH="119" HEIGHT="49" WC="0.93" CONTENT="enligt"/><SP WIDTH="28" VPOS="1640" HPOS="1578"/>
							<String ID="string_212" HPOS="1606" VPOS="1640" WIDTH="20" HEIGHT="49" WC="0.92" CONTENT="$"/><SP WIDTH="33" VPOS="1640" HPOS="1626"/>
							<String ID="string_213" HPOS="1659" VPOS="1643" WIDTH="43" HEIGHT="34" WC="0.93" CONTENT="17"/><SP WIDTH="32" VPOS="1643" HPOS="1702"/>
							<String ID="string_214" HPOS="1734" VPOS="1640" WIDTH="94" HEIGHT="49" WC="0.91" CONTENT="ålig-"/>
						</TextLine>
						<TextLine ID="line_28" HPOS="630" VPOS="1692" WIDTH="1196" HEIGHT="49">
							<String ID="string_215" HPOS="630" VPOS="1706" WIDTH="70" HEIGHT="35" WC="0.96" CONTENT="ger"/><SP WIDTH="27" VPOS="1706" HPOS="700"/>
							<String ID="string_216" HPOS="727" VPOS="1693" WIDTH="165" HEIGHT="48" WC="0.96" CONTENT="bolaget,"/><SP WIDTH="29" VPOS="1693" HPOS="892"/>
							<String ID="string_217" HPOS="921" VPOS="1693" WIDTH="92" HEIGHT="48" WC="0.95" CONTENT="dels,"/><SP WIDTH="29" VPOS="1693" HPOS="1013"/>
							<String ID="string_218" HPOS="1042" VPOS="1698" WIDTH="90" HEIGHT="31" WC="0.93" CONTENT="utan"/><SP WIDTH="28" VPOS="1698" HPOS="1132"/>
							<String ID="string_219" HPOS="1160" VPOS="1693" WIDTH="145" HEIGHT="48" WC="0.90" CONTENT="afdrag,"/><SP WIDTH="31" VPOS="1693" HPOS="1305"/>
							<String ID="string_220" HPOS="1336" VPOS="1693" WIDTH="45" HEIGHT="36" WC="0.93" CONTENT="de"/><SP WIDTH="29" VPOS="1693" HPOS="1381"/>
							<String ID="string_221" HPOS="1410" VPOS="1693" WIDTH="166" HEIGHT="48" WC="0.92" CONTENT="afgifter,"/><SP WIDTH="29" VPOS="1693" HPOS="1576"/>
							<String ID="string_222" HPOS="1605" VPOS="1692" WIDTH="128" HEIGHT="37" WC="0.93" CONTENT="hvilka"/><SP WIDTH="30" VPOS="1692" HPOS="1733"/>
							<String ID="string_223" HPOS="1763" VPOS="1692" WIDTH="63" HEIGHT="37" WC="0.93" CONTENT="bo-"/>
						</TextLine>
						<TextLine ID="line_29" HPOS="631" VPOS="1743" WIDTH="1197" HEIGHT="50">
							<String ID="string_224" HPOS="631" VPOS="1744" WIDTH="103" HEIGHT="48" WC="0.93" CONTENT="laget"/><SP WIDTH="26" VPOS="1744" HPOS="734"/>
							<String ID="string_225" HPOS="760" VPOS="1744" WIDTH="179" HEIGHT="49" WC="0.91" CONTENT="uppburit"/><SP WIDTH="28" VPOS="1744" HPOS="939"/>
							<String ID="string_226" HPOS="967" VPOS="1748" WIDTH="47" HEIGHT="44" WC="0.96" CONTENT="på"/><SP WIDTH="28" VPOS="1748" HPOS="1014"/>
							<String ID="string_227" HPOS="1042" VPOS="1745" WIDTH="123" HEIGHT="47" WC="0.96" CONTENT="grund"/><SP WIDTH="20" VPOS="1745" HPOS="1165"/>
							<String ID="string_228" HPOS="1185" VPOS="1745" WIDTH="41" HEIGHT="36" WC="0.92" CONTENT="af"/><SP WIDTH="17" VPOS="1745" HPOS="1226"/>
							<String ID="string_229" HPOS="1243" VPOS="1744" WIDTH="241" HEIGHT="37" WC="0.91" CONTENT="öfverlåtelse"/><SP WIDTH="20" VPOS="1744" HPOS="1484"/>
							<String ID="string_230" HPOS="1504" VPOS="1744" WIDTH="42" HEIGHT="36" WC="0.93" CONTENT="af"/><SP WIDTH="16" VPOS="1744" HPOS="1546"/>
							<String ID="string_231" HPOS="1562" VPOS="1743" WIDTH="266" HEIGHT="49" WC="0.85" CONTENT="försäljnings-"/>
						</TextLine>
						<TextLine ID="line_30" HPOS="631" VPOS="1795" WIDTH="1196" HEIGHT="49">
							<String ID="string_232" HPOS="631" VPOS="1796" WIDTH="182" HEIGHT="48" WC="0.96" CONTENT="rättighet"/><SP WIDTH="28" VPOS="1796" HPOS="813"/>
							<String ID="string_233" HPOS="841" VPOS="1795" WIDTH="121" HEIGHT="49" WC="0.96" CONTENT="enligt"/><SP WIDTH="29" VPOS="1795" HPOS="962"/>
							<String ID="string_234" HPOS="991" VPOS="1809" WIDTH="110" HEIGHT="23" WC="0.96" CONTENT="mom."/><SP WIDTH="31" VPOS="1809" HPOS="1101"/>
							<String ID="string_235" HPOS="1132" VPOS="1798" WIDTH="21" HEIGHT="34" WC="0.96" CONTENT="2"/><SP WIDTH="29" VPOS="1798" HPOS="1153"/>
							<String ID="string_236" HPOS="1182" VPOS="1796" WIDTH="77" HEIGHT="36" WC="0.94" CONTENT="här."/><SP WIDTH="19" VPOS="1796" HPOS="1259"/>
							<String ID="string_237" HPOS="1278" VPOS="1796" WIDTH="125" HEIGHT="47" WC="0.94" CONTENT="ofvan,"/><SP WIDTH="30" VPOS="1796" HPOS="1403"/>
							<String ID="string_238" HPOS="1433" VPOS="1796" WIDTH="80" HEIGHT="37" WC="0.96" CONTENT="dels"/><SP WIDTH="29" VPOS="1796" HPOS="1513"/>
							<String ID="string_239" HPOS="1542" VPOS="1796" WIDTH="70" HEIGHT="36" WC="0.96" CONTENT="ock"/><SP WIDTH="29" VPOS="1796" HPOS="1612"/>
							<String ID="string_240" HPOS="1641" VPOS="1795" WIDTH="84" HEIGHT="37" WC="0.96" CONTENT="hela"/><SP WIDTH="28" VPOS="1795" HPOS="1725"/>
							<String ID="string_241" HPOS="1753" VPOS="1796" WIDTH="74" HEIGHT="36" WC="0.96" CONTENT="den"/>
						</TextLine>
						<TextLine ID="line_31" HPOS="630" VPOS="1846" WIDTH="1198" HEIGHT="51">
							<String ID="string_242" HPOS="630" VPOS="1847" WIDTH="222" HEIGHT="48" WC="0.96" CONTENT="nettovinst,"/><SP WIDTH="30" VPOS="1847" HPOS="852"/>
							<String ID="string_243" HPOS="882" VPOS="1861" WIDTH="82" HEIGHT="23" WC="0.96" CONTENT="som"/><SP WIDTH="28" VPOS="1861" HPOS="964"/>
							<String ID="string_244" HPOS="992" VPOS="1848" WIDTH="238" HEIGHT="49" WC="0.95" CONTENT="uppkommit"/><SP WIDTH="27" VPOS="1848" HPOS="1230"/>
							<String ID="string_245" HPOS="1257" VPOS="1848" WIDTH="43" HEIGHT="36" WC="0.96" CONTENT="af"/><SP WIDTH="23" VPOS="1848" HPOS="1300"/>
							<String ID="string_246" HPOS="1323" VPOS="1847" WIDTH="50" HEIGHT="37" WC="0.96" CONTENT="all"/><SP WIDTH="29" VPOS="1847" HPOS="1373"/>
							<String ID="string_247" HPOS="1402" VPOS="1848" WIDTH="73" HEIGHT="37" WC="0.97" CONTENT="den"/><SP WIDTH="24" VPOS="1848" HPOS="1475"/>
							<String ID="string_248" HPOS="1499" VPOS="1847" WIDTH="153" HEIGHT="47" WC="0.95" CONTENT="rörelse,"/><SP WIDTH="20" VPOS="1847" HPOS="1652"/>
							<String ID="string_249" HPOS="1672" VPOS="1846" WIDTH="156" HEIGHT="50" WC="0.96" CONTENT="bolaget"/>
						</TextLine>
						<TextLine ID="line_32" HPOS="629" VPOS="1899" WIDTH="1199" HEIGHT="50">
							<String ID="string_250" HPOS="629" VPOS="1899" WIDTH="116" HEIGHT="37" WC="0.92" CONTENT="idkat."/><SP WIDTH="57" VPOS="1899" HPOS="745"/>
							<String ID="string_251" HPOS="802" VPOS="1899" WIDTH="161" HEIGHT="49" WC="0.96" CONTENT="Bolaget"/><SP WIDTH="34" VPOS="1899" HPOS="963"/>
							<String ID="string_252" HPOS="997" VPOS="1899" WIDTH="145" HEIGHT="49" WC="0.96" CONTENT="åligger"/><SP WIDTH="34" VPOS="1899" HPOS="1142"/>
							<String ID="string_253" HPOS="1176" VPOS="1904" WIDTH="55" HEIGHT="32" WC="0.93" CONTENT="att"/><SP WIDTH="40" VPOS="1904" HPOS="1231"/>
							<String ID="string_254" HPOS="1271" VPOS="1899" WIDTH="294" HEIGHT="50" WC="0.55" CONTENT="inom:februari"/><SP WIDTH="26" VPOS="1899" HPOS="1565"/>
							<String ID="string_255" HPOS="1591" VPOS="1900" WIDTH="155" HEIGHT="36" WC="0.81" CONTENT="månads"/><SP WIDTH="28" VPOS="1900" HPOS="1746"/>
							<String ID="string_256" HPOS="1774" VPOS="1907" WIDTH="54" HEIGHT="29" WC="0.82" CONTENT="ut-"/>
						</TextLine>
						<TextLine ID="line_33" HPOS="626" VPOS="1951" WIDTH="1202" HEIGHT="49">
							<String ID="string_257" HPOS="626" VPOS="1952" WIDTH="99" HEIGHT="48" WC="0.95" CONTENT="gång"/><SP WIDTH="28" VPOS="1952" HPOS="725"/>
							<String ID="string_258" HPOS="753" VPOS="1951" WIDTH="97" HEIGHT="37" WC="0.93" CONTENT="efter"/><SP WIDTH="24" VPOS="1951" HPOS="850"/>
							<String ID="string_259" HPOS="874" VPOS="1951" WIDTH="351" HEIGHT="49" WC="0.91" CONTENT="försäljningsårets"/><SP WIDTH="23" VPOS="1951" HPOS="1225"/>
							<String ID="string_260" HPOS="1248" VPOS="1953" WIDTH="73" HEIGHT="35" WC="0.96" CONTENT="slut"/><SP WIDTH="16" VPOS="1953" HPOS="1321"/>
							<String ID="string_261" HPOS="1337" VPOS="1952" WIDTH="114" HEIGHT="36" WC="0.95" CONTENT="hafva"/><SP WIDTH="18" VPOS="1952" HPOS="1451"/>
							<String ID="string_262" HPOS="1469" VPOS="1951" WIDTH="55" HEIGHT="36" WC="0.96" CONTENT="till"/><SP WIDTH="20" VPOS="1951" HPOS="1524"/>
							<String ID="string_263" HPOS="1544" VPOS="1951" WIDTH="284" HEIGHT="37" WC="0.96" CONTENT="vederbörande"/>
						</TextLine>
						<TextLine ID="line_34" HPOS="629" VPOS="2002" WIDTH="1200" HEIGHT="50">
							<String ID="string_264" HPOS="629" VPOS="2002" WIDTH="179" HEIGHT="37" WC="0.91" CONTENT="aflemnat"/><SP WIDTH="28" VPOS="2002" HPOS="808"/>
							<String ID="string_265" HPOS="836" VPOS="2003" WIDTH="258" HEIGHT="48" WC="0.92" CONTENT="nyssnämnda"/><SP WIDTH="25" VPOS="2003" HPOS="1094"/>
							<String ID="string_266" HPOS="1119" VPOS="2003" WIDTH="158" HEIGHT="49" WC="0.91" CONTENT="afgifter"/><SP WIDTH="17" VPOS="2003" HPOS="1277"/>
							<String ID="string_267" HPOS="1294" VPOS="2004" WIDTH="61" HEIGHT="36" WC="0.92" CONTENT="för"/><SP WIDTH="18" VPOS="2004" HPOS="1355"/>
							<String ID="string_268" HPOS="1373" VPOS="2003" WIDTH="210" HEIGHT="36" WC="0.92" CONTENT="öfverlåtna"/><SP WIDTH="20" VPOS="2003" HPOS="1583"/>
							<String ID="string_269" HPOS="1603" VPOS="2002" WIDTH="226" HEIGHT="49" WC="0.96" CONTENT="rättigheter"/>
						</TextLine>
						<TextLine ID="line_35" HPOS="630" VPOS="2054" WIDTH="1200" HEIGHT="50">
							<String ID="string_270" HPOS="630" VPOS="2060" WIDTH="99" HEIGHT="30" WC="0.89" CONTENT="samt"/><SP WIDTH="39" VPOS="2060" HPOS="729"/>
							<String ID="string_271" HPOS="768" VPOS="2054" WIDTH="269" HEIGHT="37" WC="0.86" CONTENT="nettoviusten."/><SP WIDTH="56" VPOS="2054" HPOS="1037"/>
							<String ID="string_272" HPOS="1093" VPOS="2056" WIDTH="65" HEIGHT="36" WC="0.80" CONTENT="Då"/><SP WIDTH="41" VPOS="2056" HPOS="1158"/>
							<String ID="string_273" HPOS="1199" VPOS="2056" WIDTH="103" HEIGHT="48" WC="0.93" CONTENT="bolag"/><SP WIDTH="40" VPOS="2056" HPOS="1302"/>
							<String ID="string_274" HPOS="1342" VPOS="2056" WIDTH="176" HEIGHT="47" WC="0.94" CONTENT="upplöses,"/><SP WIDTH="43" VPOS="2056" HPOS="1518"/>
							<String ID="string_275" HPOS="1561" VPOS="2055" WIDTH="103" HEIGHT="45" WC="0.96" CONTENT="skall,"/><SP WIDTH="44" VPOS="2055" HPOS="1664"/>
							<String ID="string_276" HPOS="1708" VPOS="2056" WIDTH="62" HEIGHT="35" WC="0.94" CONTENT="der"/><SP WIDTH="28" VPOS="2056" HPOS="1770"/>
							<String ID="string_277" HPOS="1798" VPOS="2056" WIDTH="32" HEIGHT="47" WC="0.94" CONTENT="ej"/>
						</TextLine>
						<TextLine ID="line_36" HPOS="631" VPOS="2107" WIDTH="1197" HEIGHT="48">
							<String ID="string_278" HPOS="631" VPOS="2107" WIDTH="211" HEIGHT="35" WC="0.95" CONTENT="annorledes"/><SP WIDTH="41" VPOS="2107" HPOS="842"/>
							<String ID="string_279" HPOS="883" VPOS="2108" WIDTH="13" HEIGHT="34" WC="0.94" CONTENT="i"/><SP WIDTH="41" VPOS="2108" HPOS="896"/>
							<String ID="string_280" HPOS="937" VPOS="2107" WIDTH="84" HEIGHT="48" WC="0.95" CONTENT="laga"/><SP WIDTH="42" VPOS="2107" HPOS="1021"/>
							<String ID="string_281" HPOS="1063" VPOS="2108" WIDTH="153" HEIGHT="47" WC="0.93" CONTENT="ordning"/><SP WIDTH="44" VPOS="2108" HPOS="1216"/>
							<String ID="string_282" HPOS="1260" VPOS="2108" WIDTH="171" HEIGHT="43" WC="0.93" CONTENT="bestämts,"/><SP WIDTH="31" VPOS="2108" HPOS="1431"/>
							<String ID="string_283" HPOS="1462" VPOS="2107" WIDTH="137" HEIGHT="48" WC="0.88" CONTENT="jemväl"/><SP WIDTH="29" VPOS="2107" HPOS="1599"/>
							<String ID="string_284" HPOS="1628" VPOS="2107" WIDTH="57" HEIGHT="35" WC="0.93" CONTENT="det"/><SP WIDTH="27" VPOS="2107" HPOS="1685"/>
							<String ID="string_285" HPOS="1712" VPOS="2107" WIDTH="116" HEIGHT="48" WC="0.92" CONTENT="öfver-"/>
						</TextLine>
						<TextLine ID="line_37" HPOS="629" VPOS="2157" WIDTH="1199" HEIGHT="49">
							<String ID="string_286" HPOS="629" VPOS="2158" WIDTH="89" HEIGHT="35" WC="0.96" CONTENT="skott"/><SP WIDTH="28" VPOS="2158" HPOS="718"/>
							<String ID="string_287" HPOS="746" VPOS="2157" WIDTH="45" HEIGHT="46" WC="0.94" CONTENT="af"/><SP WIDTH="24" VPOS="2157" HPOS="791"/>
							<String ID="string_288" HPOS="815" VPOS="2158" WIDTH="153" HEIGHT="48" WC="0.96" CONTENT="bolagets"/><SP WIDTH="29" VPOS="2158" HPOS="968"/>
							<String ID="string_289" HPOS="997" VPOS="2158" WIDTH="204" HEIGHT="48" WC="0.4" CONTENT="tillgångar,"/><SP WIDTH="30" VPOS="2158" HPOS="1201"/>
							<String ID="string_290" HPOS="1231" VPOS="2171" WIDTH="75" HEIGHT="23" WC="0.96" CONTENT="som"/><SP WIDTH="28" VPOS="2171" HPOS="1306"/>
							<String ID="string_291" HPOS="1334" VPOS="2158" WIDTH="70" HEIGHT="36" WC="0.96" CONTENT="kan"/><SP WIDTH="29" VPOS="2158" HPOS="1404"/>
							<String ID="string_292" HPOS="1433" VPOS="2158" WIDTH="135" HEIGHT="47" WC="0.79" CONTENT="uppstå"/><SP WIDTH="26" VPOS="2158" HPOS="1568"/>
							<String ID="string_293" HPOS="1594" VPOS="2158" WIDTH="110" HEIGHT="35" WC="0.93" CONTENT="sedan"/><SP WIDTH="27" VPOS="2158" HPOS="1704"/>
							<String ID="string_294" HPOS="1731" VPOS="2158" WIDTH="97" HEIGHT="35" WC="0.91" CONTENT="bola-"/>
						</TextLine>
						<TextLine ID="line_38" HPOS="626" VPOS="2209" WIDTH="1203" HEIGHT="49">
							<String ID="string_295" HPOS="626" VPOS="2215" WIDTH="75" HEIGHT="42" WC="0.96" CONTENT="gets"/><SP WIDTH="27" VPOS="2215" HPOS="701"/>
							<String ID="string_296" HPOS="728" VPOS="2209" WIDTH="168" HEIGHT="48" WC="0.95" CONTENT="samtliga"/><SP WIDTH="29" VPOS="2209" HPOS="896"/>
							<String ID="string_297" HPOS="925" VPOS="2210" WIDTH="144" HEIGHT="35" WC="0.95" CONTENT="skulder"/><SP WIDTH="28" VPOS="2210" HPOS="1069"/>
							<String ID="string_298" HPOS="1097" VPOS="2210" WIDTH="119" HEIGHT="48" WC="0.93" CONTENT="blifvit"/><SP WIDTH="24" VPOS="2210" HPOS="1216"/>
							<String ID="string_299" HPOS="1240" VPOS="2210" WIDTH="141" HEIGHT="48" WC="0.91" CONTENT="guldna"/><SP WIDTH="28" VPOS="2210" HPOS="1381"/>
							<String ID="string_300" HPOS="1409" VPOS="2216" WIDTH="93" HEIGHT="29" WC="0.96" CONTENT="samt"/><SP WIDTH="18" VPOS="2216" HPOS="1502"/>
							<String ID="string_301" HPOS="1520" VPOS="2210" WIDTH="42" HEIGHT="35" WC="0.96" CONTENT="de"/><SP WIDTH="19" VPOS="2210" HPOS="1562"/>
							<String ID="string_302" HPOS="1581" VPOS="2210" WIDTH="47" HEIGHT="48" WC="0.93" CONTENT="af"/><SP WIDTH="15" VPOS="2210" HPOS="1628"/>
							<String ID="string_303" HPOS="1643" VPOS="2209" WIDTH="186" HEIGHT="44" WC="0.90" CONTENT="delegarne"/>
						</TextLine>
						<TextLine ID="line_39" HPOS="630" VPOS="2261" WIDTH="1199" HEIGHT="49">
							<String ID="string_304" HPOS="630" VPOS="2261" WIDTH="199" HEIGHT="48" WC="0.91" CONTENT="tillskjutna"/><SP WIDTH="29" VPOS="2261" HPOS="829"/>
							<String ID="string_305" HPOS="858" VPOS="2261" WIDTH="111" HEIGHT="36" WC="0.93" CONTENT="medel"/><SP WIDTH="29" VPOS="2261" HPOS="969"/>
							<String ID="string_306" HPOS="998" VPOS="2261" WIDTH="233" HEIGHT="45" WC="0.0" CONTENT="däterbetalats,"/><SP WIDTH="22" VPOS="2261" HPOS="1231"/>
							<String ID="string_307" HPOS="1253" VPOS="2261" WIDTH="169" HEIGHT="49" WC="0.96" CONTENT="fördelas"/><SP WIDTH="23" VPOS="2261" HPOS="1422"/>
							<String ID="string_308" HPOS="1445" VPOS="2261" WIDTH="56" HEIGHT="48" WC="0.95" CONTENT="på"/><SP WIDTH="26" VPOS="2261" HPOS="1501"/>
							<String ID="string_309" HPOS="1527" VPOS="2265" WIDTH="69" HEIGHT="31" WC="0.95" CONTENT="sätt"/><SP WIDTH="27" VPOS="2265" HPOS="1596"/>
							<String ID="string_310" HPOS="1623" VPOS="2261" WIDTH="14" HEIGHT="36" WC="0.90" CONTENT="i"/><SP WIDTH="25" VPOS="2261" HPOS="1637"/>
							<String ID="string_311" HPOS="1662" VPOS="2263" WIDTH="23" HEIGHT="41" WC="0.90" CONTENT="$"/><SP WIDTH="28" VPOS="2263" HPOS="1685"/>
							<String ID="string_312" HPOS="1713" VPOS="2261" WIDTH="53" HEIGHT="35" WC="0.95" CONTENT="22"/><SP WIDTH="19" VPOS="2261" HPOS="1766"/>
							<String ID="string_313" HPOS="1785" VPOS="2265" WIDTH="44" HEIGHT="31" WC="0.96" CONTENT="är"/>
						</TextLine>
						<TextLine ID="line_40" HPOS="628" VPOS="2313" WIDTH="181" HEIGHT="48">
							<String ID="string_314" HPOS="628" VPOS="2313" WIDTH="181" HEIGHT="48" WC="0.91" CONTENT="stadgadt."/>
						</TextLine>
					</TextBlock>
				</ComposedBlock>
			</PrintSpace>
		</Page>
	</Layout>
</alto>
