2183 2669
411 196 34 30 12
930 198 230 29 Stalsutskottets
1190 199 151 28 Ullåtande
1366 199 53 29 N:o
1445 201 43 27 61.

408 274 197 38 bekräftad
641 275 40 37 af
714 275 249 37 erfarenheten
1002 275 82 38 från
1126 278 73 35 alla
1239 282 99 31 stora
1375 277 66 36 och
1476 277 222 38 medelstora
1729 279 284 37 industristäder

409 329 8 35 i
460 328 158 47 Europa,
663 327 150 37 hvarför
861 327 321 48 »>»bostadsfrågan»>
1229 327 172 39 öfverallt
1444 342 88 24 vore
1576 330 125 37 aktuel
1747 331 67 36 och
1858 330 155 38 föremål

408 380 58 36 för
510 380 149 49 mycket
703 380 123 37 arbete
870 379 80 37 från
1001 380 98 37 såväl
1144 381 468 47 arbetarekorporationers
1657 395 77 23 som
1779 384 234 47 socialpoliti-

407 432 83 37 kers
518 431 87 36 sida.

509 481 71 39 Det
611 483 124 36 kunde
762 483 61 37 vid
852 483 131 37 sådant
1009 483 232 37 förhållande
1269 485 29 46 ej
1328 498 88 23 vara
1443 491 114 30 annat
1584 493 44 28 än
1657 486 196 47 glädjande
1881 492 54 31 att
1963 500 49 23 er-

407 535 89 45 fara,
525 540 53 31 att
606 540 51 32 ett
684 535 217 49 tillräckligt
928 541 93 31 stort
1048 535 149 37 område
1224 536 46 49 på
1298 537 187 36 sannolikt
1512 537 130 49 billiga
1671 538 66 36 och
1764 539 11 35 i
1804 537 112 48 öfrigt
1941 538 72 37 för-

408 587 164 49 månliga
607 587 122 36 vilkor
764 587 134 37 stäldes
935 588 56 35 till
1024 587 121 36 denna
1177 587 37 37 så
1241 588 239 48 nödvändiga
1508 589 248 37 verksamhets
1784 589 229 47 förfogande.

407 638 209 48 Angående
651 639 62 36 det
744 640 193 36 sannolika
965 638 350 49 försäljningspriset
1342 640 133 37 trodde
1501 642 231 36 motionären
1759 642 54 46 sig
1840 648 92 40 veta,
1960 648 54 31 att

409 704 85 23 man
532 691 230 45 preliminärt
797 691 179 35 beräknat
1012 691 336 36 bruttoinkomsten
1377 691 41 36 af
1440 691 266 47 försäljningen
1734 694 57 35 till
1822 696 191 42 1,400,000

408 742 148 45 kronor,
594 741 67 36 och
694 745 54 32 att
775 754 84 23 man
890 742 106 35 tänkt
1023 742 54 47 sig
1103 740 58 38 för
1187 742 144 36 mindre
1359 743 217 36 bemedlade
1603 744 138 47 köpare
1768 745 148 47 mycket
1942 743 72 37 för-

408 770 163 70 månliga
600 792 383 47 afbetalningsvilkor.
1022 780 68 49 Det
1117 793 33 36 fr
1153 795 171 46 amgingo
1352 794 115 46 häraf,
1495 800 53 30 att
1576 795 44 36 de
1647 787 267 58 myndigheter,
1933 809 79 23 som

408 845 96 36 hade
544 850 53 30 att
636 824 194 57 förbereda
871 845 61 36 det
969 846 140 45 vigtiga
1148 824 160 66 ärendet,
1344 846 82 35 haft
1456 824 145 59 blicken
1630 854 120 55 öppen
1777 847 59 36 för
1862 846 150 48 frågans

408 902 117 31 stora
516 892 15 58 '
547 897 133 36 sociala
720 896 192 41 innebörd,
948 896 67 36 och
1052 902 52 30 att
1133 896 44 37 de
1204 874 156 59 ämnade
1387 905 90 39 göra
1504 898 99 36 hvad
1631 898 47 49 på
1705 899 83 36 dem
1817 899 195 37 ankomme

407 947 58 38 för
493 953 53 31 att
574 947 39 36 af
639 948 44 36 de
711 940 369 45 förhandenvarande
1107 927 301 58 förhållandena
1415 957 90 40 göra
1534 950 61 36 det
1622 951 103 35 bästa
1752 952 160 46 möjliga.

508 999 71 36 Det
612 1013 88 23 vore
734 999 201 37 emellertid
966 1000 29 46 ej
1025 1013 73 33 nog,
1102 1005 91 39 att
1219 1005 183 32 tomterna
1415 979 134 58 ”blefve
1577 1002 128 47 billiga
1733 1003 67 35 och
1828 1002 185 49 afyttrade

407 1051 47 47 på
481 1051 97 48 goda
605 1051 390 48 afbetalningsvilkor;
1023 1029 169 59 säkerhet
1211 1052 113 37 borde
1344 1051 108 38 äfven
1471 1054 124 35 ställas
1611 1031 84 58 för
1685 1059 52 30 att
1753 1053 102 37 dessa
1869 1060 144 39 tomter,

408 1102 110 37 sedan
549 1103 43 36 de
620 1116 132 33 genom
779 1103 311 45 tillströmningen
1121 1102 40 36 af
1186 1102 78 37 folk
1292 1104 120 46 börjat
1438 1104 95 47 stiga
1560 1105 11 34 i
1590 1104 121 45 värde,
1731 1105 201 36 bibehölles
1950 1084 63 58 vid

409 1155 55 35 sin
491 1155 285 47 ursprungligen
807 1154 152 36 afsedda
985 1159 110 30 natur
1122 1159 54 31 att
1203 1160 133 42 utgöra
1363 1169 43 23 en
1435 1155 170 37 villastad
1633 1155 58 36 för
1718 1155 44 37 de
1789 1157 144 36 mindre
1957 1158 56 35 be-

410 1205 176 44 medlade,
618 1205 31 35 d.
669 1218 31 23 v.
721 1218 24 23 s.
764 1204 57 36 för
848 1206 177 44 arbetare,
1052 1205 144 36 mindre
1216 1206 229 46 tjenstemän,
1466 1214 137 28 smärre
1622 1212 241 43 räntetagare,
1883 1208 131 35 handt-

409 1257 154 36 verkare
597 1262 95 30 samt
720 1256 167 36 handels-
915 1257 68 35 och
1011 1257 323 36 kontorsbiträden
1362 1271 47 21 m.
1437 1257 45 45 fl.,
1513 1270 79 23 som
1619 1258 94 36 hade
1741 1259 63 35 sitt
1831 1260 183 45 egentliga

409 1307 124 37 arbete
560 1308 11 35 i
599 1306 224 47 Stockholm,
851 1307 84 36 med
963 1307 115 36 andra
1106 1307 76 45 ord,
1210 1313 54 30 att
1290 1309 176 46 tillskapa
1493 1308 137 36 sådana
1658 1309 282 47 bestämmelser,
1959 1315 56 31 att

409 1359 278 47 spekulationen
717 1337 116 58 hölles
861 1359 157 35 utanför.
1056 1358 52 36 Af
1130 1337 151 58 hvilken
1308 1361 79 46 vigt
1415 1360 102 36 detta
1544 1373 97 31 vore,
1670 1373 89 24 vore
1785 1362 69 35 lätt
1880 1335 133 80 insedt;

410 1410 60 37 det
504 1409 173 37 behöfdes
710 1411 105 43 blott,
845 1416 53 30 att
926 1424 43 22 en
999 1411 88 36 eller
1115 1415 51 31 ett
1192 1424 67 33 par
1286 1392 286 65 företagsamma
1599 1386 238 79 spekulanter
1863 1391 151 70 började

408 1462 83 36 med
521 1460 249 49 uppförandet
798 1440 40 57 af
862 1461 115 47 några
1003 1461 332 46 bostadskaserner,
1364 1441 63 57 för
1450 1468 53 31 att
1529 1463 130 46 gärdet
1678 1464 119 36 skulle
1816 1477 89 23 vara
1923 1477 92 36 upp-

409 1512 116 47 gifvet
566 1514 68 35 och
675 1513 44 36 de
756 1527 93 33 egna
877 1491 66 58 och
971 1512 120 37 trefna
1119 1513 170 37 hemmen
1317 1527 89 23 vara
1434 1493 136 57 dömda
1596 1515 59 35 till
1682 1515 226 48 undergång.
1961 1516 54 37 De

409 1569 128 43 nyaste
577 1544 220 56 utländska
816 1564 202 43 författare,
1046 1577 79 23 som
1153 1566 132 46 sysslat
1312 1566 84 35 med
1429 1565 336 47 >bostadsfrågan»,
1792 1580 88 23 vore
1908 1568 107 45 eniga

411 1616 128 44 deruti,
559 1621 54 30 att
632 1616 291 46 spekulationen,
945 1629 59 22 om
1020 1616 70 36 den
1105 1616 173 44 lyckades
1295 1618 114 35 vinna
1424 1618 128 45 insteg,
1567 1616 182 38 förstörde
1764 1617 45 37 de
1823 1618 192 37 vackraste

410 1668 270 45 anläggningar
708 1667 66 36 och
804 1667 182 36 återförde
1012 1667 281 37 förhållandena
1320 1669 56 35 till
1404 1668 62 36 det
1492 1668 100 36 förra
1611 1669 169 46 eländiga
1799 1669 215 46 tillståndet,

410 1731 78 22 som
521 1731 86 22 man
634 1719 78 45 just
739 1718 88 35 stått
854 1718 46 48 på
928 1726 71 38 väg
1026 1724 54 30 att
1107 1718 226 37 öfvervinna.
1392 1719 71 36 »På
1490 1719 71 36 den
1588 1727 81 38 väg,
1698 1733 77 23 som
1804 1722 145 35 anvisas
1977 1720 40 36 af

411 1769 44 36 de
496 1769 240 36 ekonomiska
763 1769 208 37 krafternas
1000 1770 146 36 absolut
1172 1769 70 36 fria
1270 1771 87 46 spel,
1386 1771 72 35 kan
1487 1770 280 47 bostadsfrågan
1797 1772 79 36 icke
1903 1773 110 44 lösas;

409 1822 10 34 i
461 1826 114 29 annat
614 1819 68 37 fall
721 1834 88 22 vore
850 1821 70 35 den
961 1821 219 48 längesedan
1222 1822 106 44 löst»,
1357 1821 86 37 sade
1471 1835 44 22 en
1543 1823 84 47 tysk
1654 1822 192 37 författare
1875 1823 67 36 och
1970 1837 43 23 en

410 1884 135 32 annan,
573 1870 208 38 äfvenledes
808 1872 95 47 tysk,
932 1872 85 36 sade
1043 1873 12 34 i
1083 1873 189 35 slutorden
1300 1874 58 34 till
1385 1886 44 22 en
1452 1872 224 47 afhandling
1695 1887 60 22 om
1775 1874 240 37 anskaffande

410 1922 41 36 af
492 1923 286 46 penningmedel
822 1923 58 35 till
926 1924 262 47 allmännyttig
1228 1924 442 49 byggnadsverksamhet:
1728 1924 133 37 »Målet
1900 1925 115 37 måste

410 1987 101 23 vara:
551 1973 274 48 frånskiljande,
866 1974 118 36 såvidt
1024 1975 145 48 möjligt
1209 1982 47 37 är,
1298 1974 82 37 från
1421 1975 426 48 bostadsproduktionen
1880 1976 40 36 af
1943 1976 70 37 den

410 2025 84 36 med
531 2030 106 30 tomt-
666 2025 67 35 och
761 2025 521 48 försäljningsspekulationen
1310 2025 212 37 förbundna
1550 2028 231 45 spekulativa
1807 2028 207 48 byggnads-

411 2077 315 35 verksamheten».
781 2076 13 36 I
823 2089 140 23 samma
989 2077 165 48 rigtning
1182 2078 108 46 ginge
1318 2083 50 30 ett
1397 2078 191 36 uttalande
1606 2079 10 34 i
1637 2078 60 36 det
1720 2081 92 34 1901
1835 2080 179 35 utkomna

411 2128 86 35 sista
537 2128 137 36 bandet
710 2127 39 36 af
772 2127 344 37 Handwörterbuch
1145 2128 64 36 der
1236 2128 427 46 Staatswissenschaften,
1691 2129 65 36 der
1783 2143 85 23 man
1896 2130 119 37 under

411 2179 157 36 artikeln
601 2178 362 47 »Wohnungsfrage»
996 2180 91 36 läste
1114 2179 177 48 följande:
1324 2180 91 37 »Det
1441 2188 40 28 är
1509 2181 29 47 ej
1559 2180 105 47 fråga
1683 2194 60 23 om
1762 2186 55 31 att
1834 2182 182 46 bekämpa

410 2231 279 45 spekulationen
719 2231 7 34 i
757 2231 67 34 och
851 2229 58 37 för
936 2231 63 46 sig,
1029 2236 85 30 utan
1145 2232 129 35 endast
1301 2231 80 36 dess
1406 2237 181 31 utväxter.
1634 2232 111 36 Dessa
1763 2232 102 37 bestå
1885 2233 130 46 deruti,

412 2287 54 30 att
504 2281 226 37 marknaden
771 2282 215 36 inskränkes
1026 2283 9 36 i
1074 2283 121 35 stället
1221 2282 58 37 för
1306 2288 54 31 att
1386 2282 223 47 tillgodoses,
1637 2289 54 31 att
1717 2284 298 48 byggnadsverk-
