1876 2782
279 164 36 29 16
584 167 387 34 Jordbruksutskottets
995 173 179 30 utlåtande
1198 183 43 20 nr
1264 175 41 30 14
1327 175 39 30 år
1391 177 80 29 1961

278 248 285 36 Västmanlands,
586 250 243 42 Kopparbergs
848 254 66 29 och
935 256 313 34 Västernorrlands
1271 259 58 30 län
1350 261 172 39 varjämte
1544 263 119 39 längre
1685 263 90 30 fram

279 298 10 28 i
308 298 165 38 perioden
491 300 172 40 övergång
683 302 88 31 skall
791 304 60 30 ske
871 304 52 30 till
942 305 109 31 sådan
1071 308 245 40 kartläggning
1335 320 42 20 av
1394 311 199 31 Jämtlands
1612 314 64 29 och
1695 314 80 30 Hal-

276 348 103 30 lands
401 349 67 30 län.
492 350 227 31 Beträffande
743 353 57 30 det
823 356 242 38 topografiska
1087 357 214 32 kartarbetet
1325 360 192 40 inrymmer
1539 367 235 35 programmet

277 398 262 41 framställning
563 410 42 20 av
628 403 218 38 topografisk
869 405 101 30 karta
993 407 81 29 över
1099 407 231 32 förenämnda
1353 411 59 30 län
1435 412 11 29 i
1471 412 39 30 så
1533 414 86 29 nära
1643 415 130 29 anslut-

275 448 85 39 ning
379 458 73 20 som
471 451 138 39 möjligt
628 452 50 29 till
697 454 67 28 den
783 454 229 32 ekonomiska
1031 457 329 41 kartläggningen.
1354 444 16 58 I
1384 461 66 30 den
1464 462 83 30 mån
1562 464 211 30 arbetskraf-

276 500 58 27 ten
353 499 122 30 räcker
493 501 120 30 därför
632 511 97 22 avses
749 505 217 39 topografisk
985 507 102 30 karta
1105 510 86 28 även
1210 510 178 31 utarbetas
1407 511 55 30 för
1480 513 178 35 områden,
1677 515 93 29 inom

275 548 94 30 vilka
384 550 123 30 endast
523 551 183 40 föreligger
722 554 145 39 tidigare
884 558 189 37 upprättad
1090 559 208 31 ekonomisk
1314 561 110 30 karta.
1441 563 128 30 Vidare
1586 564 160 32 förordas
1761 566 9 29 i

274 600 274 38 propositionen,
574 604 50 28 att
649 603 199 32 kartverket
875 605 181 32 fortsätter
1081 609 56 29 det
1162 619 48 20 nu
1236 611 191 40 påbörjade
1454 614 251 38 upprättandet
1729 624 42 21 av

273 649 222 32 försöksblad
517 661 42 20 av
580 652 65 30 den
666 655 240 38 topografiska
926 657 128 30 kartan
1076 658 53 30 för
1150 659 106 31 bland
1277 664 108 28 annat
1406 662 42 30 de
1468 663 76 29 inre
1565 664 142 30 delarna
1729 675 41 20 av

272 699 229 32 Norrbottens
523 702 60 30 län
607 707 89 27 samt
720 707 50 27 att
794 706 256 32 ämbetsverket
1072 727 43 3 —
1138 709 95 30 inom
1258 720 121 21 ramen
1402 712 55 30 för
1481 713 215 41 tillgängliga
1718 724 51 21 re-

273 759 116 21 surser
407 752 64 29 och
489 754 87 28 utan
594 756 49 28 att
659 755 59 29 det
736 755 118 40 övriga
872 757 503 42 kartläggningsprogrammet
1393 761 160 33 försenas
1570 782 14 3 -——
1632 767 136 28 snarast

269 800 120 40 börjar
407 802 58 30 det
482 804 177 39 reguljära
678 805 132 31 arbetet
827 806 45 40 på
889 816 41 21 en
949 809 219 39 topografisk
1186 811 103 30 karta
1307 812 72 30 där.

315 851 175 31 Utskottet
508 853 118 30 finner
643 854 54 30 för
716 855 55 30 sin
789 857 53 29 del
861 859 155 29 nämnda
1033 859 428 43 kartläggningsprogram
1480 865 55 29 väl
1554 866 123 38 avvägt
1695 869 71 27 mot

268 901 230 39 bakgrunden
519 913 42 20 av
579 904 42 30 de
640 905 112 30 behov
771 915 42 21 av
830 907 42 29 de
891 907 91 31 båda
1003 909 117 40 slagen
1141 920 41 20 av
1201 911 132 35 kartor,
1352 913 93 30 vilka
1467 914 184 40 föreligger
1671 916 93 29 inom

270 951 113 30 skilda
407 952 211 36 landsdelar,
644 958 90 27 samt
758 957 42 29 de
825 957 118 40 övriga
968 959 173 31 intressen
1166 970 75 20 som
1266 961 182 42 härvidlag
1473 964 112 30 måste
1610 966 153 30 beaktas.

270 1002 146 30 Särskilt
444 1003 118 30 finner
589 1006 170 30 utskottet
786 1007 56 30 det
869 1017 83 21 vara
980 1009 325 32 tillfredsställande
1334 1015 50 28 att
1410 1018 238 35 programmet
1676 1016 88 30 skall

266 1052 208 40 möjliggöra
497 1056 48 29 ett
568 1057 233 37 upprättande
822 1058 11 28 i
858 1058 108 30 snabb
989 1060 77 29 takt
1089 1070 41 20 av
1152 1061 208 31 ekonomisk
1382 1063 101 30 karta
1506 1065 80 29 över
1610 1062 153 48 Koppar-

265 1102 100 40 bergs
384 1104 68 34 län,
469 1104 65 30 där
552 1105 114 30 såsom
685 1107 95 30 såväl
801 1107 82 30 1959
902 1117 74 21 som
998 1110 82 29 1960
1099 1110 55 31 års
1171 1111 332 39 jordbruksutskott
1520 1116 241 30 understrukit

265 1152 145 31 behovet
428 1164 41 20 av
488 1155 108 30 sådan
612 1157 97 29 karta
727 1158 38 29 är
783 1159 151 36 speciellt
951 1160 257 31 framträdande
1226 1162 45 37 på
1288 1164 110 36 grund
1416 1174 42 21 av
1476 1166 41 29 de
1536 1165 229 31 intensifiera-

265 1202 41 29 de
324 1203 130 30 kraven
470 1204 46 39 på
531 1207 91 37 yttre
639 1206 280 41 rationalisering
937 1218 42 21 av
994 1210 96 39 jord-
1107 1212 64 28 och
1189 1212 424 42 skogsbruksfastigheter
1630 1216 11 29 i
1658 1217 102 30 länet.

263 1252 136 31 Ävenså
416 1253 118 31 finner
552 1256 169 30 utskottet
738 1259 51 29 att
807 1260 48 28 ett
872 1259 217 40 påbörjande
1107 1270 41 21 av
1166 1263 219 38 topografisk
1402 1264 246 41 kartläggning
1666 1267 94 29 inom

263 1303 42 28 de
321 1303 95 30 delar
432 1313 42 21 av
489 1305 75 30 inre
580 1306 182 34 Norrland,
780 1308 62 30 där
858 1309 207 31 ekonomisk
1081 1311 100 31 karta
1198 1312 72 30 inte
1287 1313 89 30 skall
1392 1317 195 37 upprättas,
1604 1318 38 28 är
1657 1317 102 30 önsk-

261 1354 77 29 värt
356 1363 40 20 ur
413 1355 115 30 skilda
546 1358 228 38 synpunkter,
789 1358 32 40 ej
841 1359 107 31 minst
966 1360 42 30 de
1025 1362 207 39 geologiska.
1251 1363 78 30 Med
1347 1364 56 30 det
1421 1365 106 39 sagda
1543 1366 66 30 har
1626 1367 132 30 utskot-

262 1405 47 28 let
336 1404 121 31 biträtt
481 1406 68 29 vad
575 1407 11 29 i
612 1408 261 38 propositionen
900 1410 136 30 anförts
1063 1412 147 30 rörande
1236 1409 521 50 kartläggningsprogrammets

259 1454 166 30 innehåll.

305 1503 65 29 Vid
397 1505 59 29 sitt
483 1506 336 40 ställningstagande
846 1509 51 29 till
922 1509 127 40 frågan
1076 1520 55 20 om
1158 1512 309 41 åjourhållningen
1494 1525 42 20 av
1563 1516 41 29 de
1632 1517 126 30 ekono-

257 1554 115 30 miska
390 1555 65 29 och
474 1557 241 38 topografiska
732 1558 167 31 kartorna
917 1560 65 29 har
1001 1561 386 39 departementschefen
1405 1566 11 29 i
1435 1565 111 30 likhet
1565 1567 79 29 med
1662 1567 93 30 kart-

256 1604 120 30 verket
393 1606 64 29 och
475 1606 152 31 flertalet
645 1617 40 20 av
702 1608 41 30 de
760 1609 184 39 viktigaste
961 1611 383 33 kartkonsumenterna
1362 1615 118 31 funnit
1498 1618 50 28 att
1567 1617 189 31 framställ-

256 1655 129 38 ningen
405 1665 41 20 av
465 1665 70 30 nya
554 1657 119 31 kartor
692 1659 112 30 måste
825 1661 107 29 sättas
954 1661 74 29 före
1048 1662 520 42 åjourhållningsuppgifterna.
1589 1668 92 29 Även
1702 1671 51 27 ut-

257 1705 129 30 skottet
408 1707 38 28 är
469 1716 42 20 av
535 1716 135 22 samma
691 1710 142 39 mening
855 1711 64 29 och
942 1711 154 31 biträder
1119 1713 119 30 därför
1263 1715 229 32 uttalandena
1514 1717 11 30 i
1548 1715 206 46 propositio-

255 1764 67 20 nen
340 1757 149 30 rörande
506 1758 258 41 omfattningen
782 1770 41 20 av
840 1762 64 29 och
920 1763 284 38 organisationen
1221 1765 56 30 för
1295 1766 212 31 sistberörda
1525 1768 170 39 åtgärder.

301 1805 173 31 Utskottet
495 1808 156 30 ansluter
671 1810 51 39 sig
743 1810 50 30 till
814 1811 195 31 uttalandet
1029 1813 10 29 i
1059 1814 273 39 propositionen,
1353 1819 49 27 att
1423 1826 42 20 en
1486 1818 170 31 snabbare
1679 1820 72 29 takt

253 1855 10 28 i
284 1855 390 43 kartframställningen
696 1860 38 29 är
755 1861 163 38 påkallad
940 1863 65 29 och
1027 1865 50 28 att
1099 1864 10 29 i
1132 1864 94 31 detta
1249 1866 90 38 syfte
1362 1875 42 21 en
1424 1867 243 42 förstärkning
1690 1870 61 30 bör

253 1906 60 29 ske
336 1915 41 21 av
395 1907 221 32 kartverkets
637 1918 166 23 resurser,
824 1912 393 39 Departementschefen
1239 1916 66 29 har
1327 1917 178 40 föreslagit
1526 1921 49 28 ett
1598 1921 151 38 anslags-

251 1956 150 31 tillskott
422 1958 56 30 för
500 1960 102 29 nästa
622 1960 169 40 budgetår
813 1962 20 30 å
854 1962 62 30 400
931 1963 62 30 000
1016 1965 130 30 kronor
1169 1966 54 30 för
1245 1976 42 20 en
1311 1968 200 40 utbyggnad
1534 1979 43 20 av
1598 1971 154 30 kartver-

250 2006 78 30 kets
346 2007 176 39 kapacitet
542 2010 120 28 utöver
681 2011 67 29 den
767 2011 240 41 förstärkning
1027 2023 73 21 som
1121 2016 108 39 följde
1250 2024 124 31 genom
1394 2018 113 31 beslut
1527 2029 43 20 av
1592 2020 81 30 1960
1692 2021 56 31 års

250 2057 150 38 riksdag.
418 2059 239 33 Omförmälda
674 2062 286 38 anslagstillskott
976 2082 42 4 —
1034 2076 79 20 vars
1131 2068 129 29 storlek
1277 2069 164 37 uppgives
1458 2070 46 30 ha
1521 2073 141 36 avvägts
1679 2075 70 28 mot

248 2106 230 39 bakgrunden
501 2118 43 21 av
565 2110 105 31 bland
694 2115 107 27 annat
823 2113 329 42 rekryteringsläget
1174 2117 10 29 i
1209 2117 100 39 fråga
1332 2128 57 20 om
1413 2119 54 30 för
1490 2121 259 31 vederbörande

247 2156 225 31 kartarbeten
492 2158 143 40 lämplig
653 2163 162 36 personal
833 2181 44 3 —
895 2164 192 39 tillstyrkes
1108 2176 40 20 av
1169 2167 180 32 utskottet.
1370 2169 115 39 Enligt
1507 2170 78 31 dess
1605 2172 141 39 mening

247 2206 71 35 bör,
341 2208 11 28 i
373 2208 66 30 den
460 2209 83 30 mån
564 2211 251 40 rekryterings-
836 2214 64 29 och
921 2215 435 40 utbildningssituationen
1377 2220 222 31 beträffande
1621 2223 126 39 ifråga-

245 2256 212 31 kommande
482 2260 359 40 personalkategorier
865 2263 201 36 förbättras,
1090 2266 123 39 Kungl.
1240 2267 106 40 Maj:t
1369 2270 169 40 överväga
1564 2271 179 31 förutsätt-

246 2307 172 37 ningarna
438 2309 54 28 för
511 2310 61 35 att,
592 2311 121 29 utöver
731 2313 229 40 anskaffning
980 2324 43 20 av
1041 2326 46 29 ny
1107 2317 138 30 teknisk
1264 2320 212 39 utrustning,
1497 2330 122 22 senare
1639 2324 105 39 ytter-

244 2357 107 37 ligare
373 2358 178 31 förstärka
570 2360 219 32 kartverkets
810 2365 321 36 personalresurser
1151 2367 54 30 för
1226 2368 247 33 kartarbetena
1493 2371 11 29 i
1527 2372 109 40 fråga.
1658 2373 84 29 Där-

244 2409 92 27 emot
361 2408 70 30 kan
457 2410 171 31 utskottet
653 2412 70 30 inte
750 2413 136 30 biträda
909 2415 174 39 yrkandet
1109 2417 10 29 i
1144 2418 220 31 motionerna
1390 2421 28 29 I:
1435 2421 63 30 572
1525 2423 65 29 och
1617 2424 44 28 II:
1678 2423 59 30 671
