2206 2654
711 208 224 42 Lagutskottets
963 206 164 35 Utlåtande
1149 207 63 33 N:o
1234 208 55 34 29.
1761 206 45 35 13

195 291 174 42 kommer
396 296 57 33 att
479 292 93 39 bära
600 292 111 49 skog,
740 290 406 50 sågverksindustrien
1174 296 41 32 är
1241 290 225 49 tillräckligt
1493 289 58 38 rik
1580 294 56 33 att
1658 289 148 38 ändock

195 342 107 51 gifva
330 343 132 37 arbete
491 343 72 36 och
591 342 95 38 bröd
715 346 37 34 åt
780 342 213 38 Norrlands
1022 341 227 50 befolkning
1277 341 73 38 och
1378 347 56 31 att
1459 342 83 37 från
1564 341 121 37 andra
1701 340 106 41 delar

196 394 42 37 af
261 394 133 37 landet
422 394 123 37 skaffa
573 394 74 37 den
676 393 179 48 brödsäd,
885 407 82 23 som
996 393 58 37 för
1082 393 90 37 dess
1201 392 207 51 uppehälle
1436 392 210 47 behöfves?

329 454 89 36 Men
446 454 65 36 det
539 458 41 32 är
609 453 33 48 ej
672 466 78 36 nog
778 453 100 48 med,
908 458 56 31 att
991 453 115 36 dessa
1134 452 187 38 målsmän
1350 452 80 37 ofta
1458 452 85 37 med
1570 450 238 50 likgiltighet

197 507 76 45 åse,
304 504 71 37 hur
404 504 377 50 sågverksbolagens
808 504 151 37 förvärf
975 504 42 37 af
1033 504 178 36 hemman
1228 503 83 37 icke
1328 503 99 37 blott
1443 502 167 49 mägtigt
1626 502 182 49 bidrager

196 561 56 32 att
278 555 154 37 komma
462 555 50 37 all
541 555 224 49 utveckling
793 555 42 37 af
854 554 231 50 jordbruket
1113 559 55 31 att
1196 554 189 47 afstanna,
1406 559 92 31 utan
1518 554 113 37 äfven
1651 553 156 49 bringar

196 620 48 23 en
284 606 85 37 icke
410 606 112 49 ringa
549 606 61 37 del
639 606 43 37 af
706 606 75 37 den
808 619 51 23 nu
889 604 137 39 odlade
1049 604 140 49 jorden
1216 605 12 36 i
1260 605 182 40 vanhäfd,
1472 604 65 38 det
1563 604 129 49 gifves.
1720 604 86 37 dem

197 657 115 49 bland
354 657 115 37 desse
512 657 198 47 målsmän,
746 656 142 48 hvilka,
916 661 70 32 när
1013 656 122 37 sådan
1162 656 122 36 finnes
1313 655 180 38 befordra
1521 655 179 49 bolagets
1728 655 80 36 vin-

196 708 105 49 ning,
342 708 85 37 icke
462 708 72 49 sky
562 713 55 31 att
645 712 42 33 så
713 708 95 48 godt
837 721 82 24 som
948 707 194 49 ödelägga
1169 712 55 31 ett
1251 707 190 37 hemman.
1496 707 75 36 För
1599 705 208 50 styrkande

197 759 43 37 af
275 759 106 37 detta
421 759 210 49 påstående
666 759 180 48 vidfogar
870 759 71 48 jag
967 757 244 50 protokollen
1237 758 12 36 i
1277 762 54 32 ett
1359 757 65 37 vid
1451 757 136 37 Resele
1615 756 192 50 tingslags

196 810 219 46 häradsrätt
456 809 166 37 sistlidet
661 813 39 34 år
740 809 216 49 handlagdt
994 809 87 46 mål,
1122 808 12 36 i
1175 809 113 36 hvars
1328 808 231 37 afdömande
1583 808 70 48 jag
1680 811 127 33 såsom

197 861 259 37 nämndeman
496 860 174 50 deltagit.
724 860 132 38 Under
895 859 347 50 handläggningen
1280 859 42 37 af
1357 860 107 36 detta
1504 858 76 38 mål
1618 858 190 50 framgick

198 911 193 50 följande:

331 980 68 36 Ett
427 979 306 50 sågverksbolag
759 979 100 37 hade
888 979 61 36 för
976 992 48 23 en
1050 976 261 51 köpeskilling
1339 977 43 36 af
1406 978 138 46 25,000
1571 977 142 36 kronor
1737 977 72 37 och

199 1035 54 33 ett
291 1030 174 49 rundligt
504 1030 168 50 tilltaget
705 1030 159 37 födoråd
896 1029 214 37 förvärfvat
1138 1033 54 32 ett
1215 1029 180 36 hemman
1424 1028 87 37 med
1538 1028 78 48 god
1644 1027 170 50 tillgång

198 1085 49 47 på
285 1081 176 37 växande
500 1081 109 50 skog.
668 1081 126 37 BSedan
835 1081 130 47 denna
1004 1079 215 47 afverkats,
1245 1079 84 37 blef
1357 1079 59 37 för
1444 1078 366 50 sågverksbolagets

200 1133 207 49 disponent
435 1131 111 47 klart,
575 1137 56 32 att
658 1132 157 49 bolaget
842 1132 105 49 gjort
974 1145 47 23 en
1045 1130 105 49 dålig
1169 1131 104 46 affär,
1294 1130 157 37 hvarför
1466 1130 76 37 han
1559 1130 110 36 sökte
1689 1130 122 36 förmå

201 1184 166 48 säljaren
408 1188 56 32 att
504 1183 99 37 afstå
643 1183 85 37 från
769 1183 59 36 sin
862 1187 77 33 rätt
971 1181 56 38 till
1056 1195 47 24 en
1132 1181 77 49 god
1237 1180 62 38 del
1328 1181 43 36 af
1396 1180 99 37 det
1483 1176 23 60 i
1523 1180 222 37 kontraktet
1772 1180 43 38 af

201 1235 139 36 honom
370 1234 207 49 betingade
605 1233 212 38 födorådet.

334 1293 58 36 Då
432 1292 165 49 säljaren
638 1293 79 37 helt
755 1292 187 48 naturligt
983 1291 33 48 ej
1052 1291 89 37 ville
1170 1291 90 49 ingå
1286 1293 49 46 på
1363 1294 118 45 något
1510 1290 149 47 sådant,
1687 1290 125 37 beslöt

202 1344 256 49 disponenten
487 1348 54 32 att
569 1343 255 49 omöjliggöra
851 1342 223 37 födorådets
1102 1341 194 49 utgående
1317 1342 83 36 från
1418 1341 221 37 hemmanet
1669 1341 70 38 och
1762 1344 49 47 på

202 1408 146 24 samma
375 1397 106 46 gång
507 1394 143 49 betaga
679 1395 164 48 säljaren
872 1398 76 32 rätt
977 1398 54 32 att
1059 1393 42 37 af
1125 1392 156 49 bolaget
1308 1392 83 36 utfå
1418 1391 225 38 detsamma.

335 1454 17 36 I
380 1453 65 37 det
473 1453 148 37 mindre
649 1453 176 37 lofvärda
854 1453 120 49 syftet
1001 1452 53 37 lät
1082 1453 73 36 han
1186 1451 158 37 afverka
1373 1451 50 37 all
1452 1454 20 34 å
1499 1451 221 37 hemmanet
1746 1451 65 37 be-

202 1505 124 49 fintlig
367 1504 323 49 afverkningsbar
727 1504 110 49 skog,
880 1507 42 33 så
959 1509 55 31 att
1056 1506 20 34 å
1111 1503 156 36 marken
1298 1503 87 36 fans
1414 1515 93 36 qvar
1536 1505 41 33 så
1604 1502 96 49 godt
1728 1516 80 23 som

203 1556 136 37 endast
367 1555 155 47 buskar,
552 1555 105 37 sålde
685 1555 86 37 bort
799 1559 137 33 nästan
966 1554 74 37 alla
1068 1554 72 36 hus
1169 1557 21 33 å
1216 1553 232 48 hemmanet,
1478 1566 81 24 som
1581 1553 34 49 ej
1633 1552 178 50 dispone-

203 1606 111 37 rades
357 1606 43 37 af
433 1606 358 49 födorådstagaren,
831 1605 231 38 afsöndrade
1092 1608 124 33 såsom
1245 1604 228 49 lägenheter
1501 1618 46 23 en
1575 1604 78 48 god
1682 1604 61 37 del
1772 1604 45 37 af.

202 1658 241 36 hemmanets
482 1657 201 48 inegojord
723 1657 70 36 och
832 1656 106 37 sålde
979 1656 230 46 hemmanet,
1238 1659 41 33 så
1307 1655 227 47 beskaffadt,
1562 1655 58 36 till
1648 1668 47 23 en
1723 1655 88 36 full-

202 1707 163 49 komligt
393 1707 183 37 medellös
605 1720 141 35 person
775 1707 59 37 för
857 1708 73 35 800
960 1707 152 45 kronor,
1142 1719 80 22 som
1252 1705 125 37 denne
1405 1706 75 36 fick
1501 1705 213 49 qvitterade
1732 1710 79 32 mot

203 1763 75 32 rätt
305 1758 59 36 för
387 1757 156 49 bolaget
567 1763 55 31 att
650 1757 205 50 disponera
884 1760 110 45 årets
1014 1756 227 38 foderskörd
1270 1756 42 36 af
1336 1756 232 36 hemmanet.

336 1817 115 36 Detta
490 1816 221 37 förfarande
743 1816 69 37 har
839 1815 185 49 vidtagits
1054 1815 42 36 af
1120 1815 255 49 disponenten
1404 1815 58 36 för
1489 1819 54 32 ett
1570 1814 128 49 bolag,
1726 1828 89 23 som,

204 1867 134 37 hittills
379 1873 67 43 egt
478 1867 95 49 godt
602 1867 191 37 anseende
821 1866 102 37 inom
954 1872 119 30 orten.
1128 1865 165 38 Hvilken
1317 1865 154 49 garanti
1493 1865 141 49 gifves,
1663 1870 55 32 att
1745 1865 70 39 det

204 1919 34 47 ej
262 1919 75 36 kan
365 1918 154 37 komma
547 1923 55 31 att
629 1921 50 45 gå
706 1921 48 46 på
780 1917 182 37 liknande
992 1921 75 32 sätt
1096 1917 86 36 med
1210 1919 141 46 många
1370 1917 191 46 hemman,
1582 1929 61 24 om
1667 1916 144 37 sådana

205 1968 268 38 förhållanden
513 1972 151 46 uppstå,
701 1973 55 32 att
789 1968 166 49 bolagen
983 1968 102 36 finna
1114 1967 86 37 med
1224 1967 58 36 sin
1312 1967 250 37 ekonomiska
1585 1967 123 37 fördel
1736 1967 75 36 för-

206 2019 119 49 enligt
366 2024 55 31 att
452 2024 94 44 göra
581 2019 61 47 sig
670 2019 42 36 af
736 2018 86 37 med
852 2019 241 45 hemmanen,
1123 2018 68 36 sak
1219 2031 147 23 samma
1395 2021 47 45 på
1469 2016 147 38 hvilket
1644 2022 76 32 sätt
1747 2017 65 37 det

205 2070 100 46 sker,
333 2069 121 37 sedan
483 2069 46 37 de
559 2070 42 36 af
626 2069 220 37 hemmanet
872 2068 97 49 tagit
998 2068 49 36 all
1078 2069 72 36 den
1174 2067 179 47 inkomst,
1383 2081 80 23 som
1490 2068 58 36 för
1565 2067 247 49 ögonblicket

206 2120 74 35 kan
308 2120 115 35 derur
451 2121 136 46 tagas?

404 2170 119 36 andra
551 2170 121 46 sidan,
690 2170 96 35 huru
805 2168 122 37 skulle
945 2168 82 37 icke
1041 2167 227 48 jordbruket
1282 2171 20 33 å
1318 2167 374 49 sågverksbolagens
1708 2167 103 36 hem-

207 2233 87 23 man
333 2220 130 36 kunna
498 2220 103 37 föras
643 2221 149 45 framåt,
822 2233 61 23 om
912 2232 140 35 genom
1090 2218 296 49 lagstiftningen
1415 2218 165 48 bolagen
1608 2217 204 49 tvingades

208 2275 54 32 att
301 2269 102 38 hålla
444 2270 82 39 sina
565 2271 177 37 hemman
783 2272 42 34 så
852 2269 56 37 till
938 2269 228 51 byggnader
1194 2282 78 23 som
1298 2268 160 50 jordens
1487 2268 90 39 häfd
1608 2268 8 37 i
1646 2267 166 52 fullgodt
