2180 2660
716 186 228 38 Lagutskottets
967 191 158 29 memorial
1146 192 47 29 Nr
1220 192 44 30 14.
1768 198 15 31 1

910 765 61 42 Nr
993 767 57 41 14.

739 927 110 25 Ankom
868 927 46 26 till
933 929 172 32 Riksdagens
1124 931 93 25 kansli
1236 932 52 25 den
1309 931 32 26 16
1363 934 120 25 februari
1503 933 69 27 1912
1592 936 36 25 kl.
1651 935 31 26 11
1708 938 18 25 f.
1746 946 35 17 m.

395 1068 190 37 Memorial
620 1071 13 34 i
675 1072 187 46 anledning
896 1075 48 43 af
965 1076 210 36 kamrarnas
1203 1079 200 45 skiljaktiga
1432 1081 107 36 beslut
1567 1082 214 45 beträffande

611 1144 174 37 utskottets
828 1148 177 35 utlåtande
1045 1160 45 24 mr
1133 1151 24 33 7
1195 1151 14 34 i
1243 1151 187 46 anledning
1459 1152 49 44 af
1528 1155 99 35 väckt
1654 1156 128 36 motion

608 1226 53 25 om
697 1217 180 44 skrifvelse
910 1219 53 36 till
988 1220 132 45 Kungl.
1151 1222 112 44 Maj:t
1290 1225 177 43 angående
1490 1227 224 45 upphörande
1740 1229 48 43 af

608 1289 65 35 den
700 1289 13 34 i
741 1291 296 46 värnpliktslagen
1058 1293 224 45 föreskrifna
1309 1297 192 45 mönstring
1524 1299 78 35 med
1619 1300 41 35 de
1678 1304 101 32 värn-

600 1361 146 45 pliktige
773 1374 44 24 m.
848 1374 44 25 m.

284 1518 20 35 I
327 1519 192 37 utlåtande
548 1533 44 24 nr
624 1525 32 41 7,
686 1522 13 36 i
729 1524 203 48 anledning
961 1525 40 36 af
1026 1538 46 24 en
1095 1525 100 39 inom
1221 1527 130 38 Andra
1381 1529 216 39 kammaren
1627 1534 39 35 af
1690 1535 89 37 herr

178 1571 154 37 Nilsson
359 1573 14 35 1
400 1573 140 38 Linnås
569 1576 112 36 väckt
709 1577 139 37 motion
889 1591 45 23 nr
976 1583 33 42 9,
1049 1581 67 35 har
1150 1582 183 37 utskottet
1361 1584 201 46 hemställt,
1595 1590 53 33 att
1669 1589 109 36 Riks-

180 1625 121 47 dagen
346 1630 112 33 måtte
501 1628 13 35 i
555 1629 195 38 skrifvelse
791 1631 58 36 till
890 1633 140 48 Kungl.
1075 1635 107 49 Maj:t
1215 1637 159 46 anhålla,
1411 1642 54 33 att
1497 1640 141 48 Kungl.
1670 1643 108 49 Maj:t

178 1680 144 37 täcktes
364 1682 75 36 låta
481 1684 143 45 utreda,
667 1685 14 35 i
713 1685 98 37 hvad
841 1689 84 34 mån
969 1689 67 35 och
1079 1692 46 45 på
1168 1690 98 37 hvad
1295 1695 74 33 sätt
1398 1693 71 36 den
1498 1693 13 36 i
1540 1694 22 47 8
1593 1698 47 34 32
1673 1702 103 32 värn-

178 1734 227 48 pliktslagen
448 1738 178 46 stadgade
670 1740 206 48 mönstring
912 1744 58 33 må
1011 1743 128 36 kunna
1180 1745 189 48 borttagas
1404 1748 68 35 och
1508 1752 155 34 ersättas
1691 1753 85 35 med

178 1787 40 36 af
243 1790 220 47 myndighet
486 1791 171 37 lämnade
687 1794 199 47 uppgifter,
918 1799 95 33 samt
1040 1797 56 36 för
1124 1799 218 48 Riksdagen
1370 1800 206 50 framlägga
1611 1805 62 35 det
1706 1806 69 35 för-

176 1842 91 47 slag,
300 1855 77 24 som
403 1844 40 36 af
468 1846 252 49 utredningen
749 1851 58 33 må
836 1848 222 39 föranledas.

281 1898 131 48 Enligt
439 1900 184 37 utskottet
652 1902 320 38 tillhandakomna
1001 1906 341 50 protokollsutdrag
1371 1910 67 35 har
1465 1910 63 37 vid
1548 1911 227 51 behandling

177 1950 40 35 af
255 1952 101 36 detta
398 1954 193 36 utlåtande
633 1956 130 36 Första
797 1957 215 38 kammaren
1046 1960 135 37 bifallit
1209 1962 200 37 utskottets
1437 1964 223 38 hemställan
1689 1970 85 34 med

177 2005 71 35 den
290 2006 169 48 ändring,
504 2011 54 33 att
590 2009 289 49 fortsättningen
909 2012 92 37 efter
1029 2015 105 36 ordet
1167 2017 173 36 »utreda»
1375 2018 194 38 affattades
1599 2022 170 37 sålunda:

181 2059 206 37 »huruvida
416 2062 69 35 och
514 2064 46 45 på
589 2063 99 37 hvad
717 2068 73 33 sätt
819 2066 72 36 den
920 2067 13 35 i
962 2068 22 46 8
1015 2070 47 33 32
1093 2070 323 48 värnpliktslagen
1436 2074 179 46 stadgade
1637 2080 136 33 mönst-

173 2112 86 48 ring
288 2116 58 33 må
374 2115 128 36 kunna
532 2116 188 49 borttagas
750 2119 68 36 och
844 2123 154 34 ersättas
1028 2123 84 35 med
1139 2123 14 35 i
1173 2136 123 25 annan
1318 2126 158 47 ordning
1496 2128 171 37 lämnade
1682 2143 89 35 upp-

174 2166 123 47 gifter,
329 2172 94 33 samt
451 2170 57 36 för
535 2170 219 50 Riksdagen
781 2173 206 50 framlägga
1018 2177 62 35 det
1107 2177 149 49 förslag,
1288 2191 77 25 som
1387 2180 40 36 af
1443 2182 250 49 utredningen
1713 2188 59 33 må

173 2221 246 38 föranledags.>
481 2223 129 38 Andra
639 2226 216 38 kammaren
884 2229 67 36 har
980 2231 165 37 däremot
1173 2232 135 37 bifallit
1327 2234 201 38 utskottets
1548 2236 224 39 hemställan

171 2274 13 36 i
214 2276 239 37 oförändradt
481 2279 118 37 skick.

225 2349 143 46 PBihang
388 2351 52 36 till
457 2351 221 46 Riksdagens
691 2356 170 43 protokoll
880 2358 108 34 1912.
1032 2360 22 33 9
1072 2359 99 35 saml.
1229 2362 46 33 11
1303 2360 88 45 häft.
1423 2360 75 50 (Nr
1527 2362 79 38 14.)
