1882 2796
513 157 378 31 Jordbruksutskottets
917 158 176 30 utlåtande
1118 168 41 21 nr
1180 157 28 29 2.
1609 152 17 30 7

165 235 142 30 »Såsom
328 245 42 20 av
389 236 57 29 det
467 236 95 29 förut
584 236 149 30 anförda
753 236 156 39 framgår
929 237 46 29 ha
995 237 41 29 de
1056 236 305 39 undersökningar
1384 236 149 30 rörande
1555 236 70 29 för-

119 285 138 30 bättrad
282 286 308 39 vattenavrinning
614 286 80 30 från
722 286 181 39 Ringsjön,
929 286 116 30 vartill
1068 287 112 29 medel
1205 286 155 30 anvisats
1386 295 43 21 av
1454 285 82 30 1943
1561 286 65 29 och

123 335 81 30 1945
238 336 57 29 års
327 337 194 38 riksdagar,
552 337 150 29 kommit
734 338 49 28 att
813 337 133 30 erhålla
975 337 185 38 väsentligt
1193 337 109 29 större
1336 336 214 39 omfattning
1580 337 45 28 än

119 396 82 20 man
227 387 147 38 lidigare
400 387 78 29 haft
504 387 190 39 anledning
719 387 112 30 räkna
856 388 90 29 med.
974 387 48 29 På
1048 387 112 39 grund
1186 387 109 29 härav
1321 396 105 30 synas
1453 387 173 39 ifrågava-

120 436 107 30 rande
252 436 142 30 arbeten
420 437 76 30 icke
523 437 122 30 kunna
674 437 167 30 slutföras
868 437 74 30 före
969 437 175 39 utgången
1170 447 42 20 av
1240 437 38 30 år
1306 437 94 31 1949.
1426 437 52 30 Då
1503 438 41 30 de
1570 437 56 30 för

120 487 199 30 ändamålet
347 487 126 30 hittills
504 488 165 29 anvisade
699 488 148 33 medlen,
877 488 148 39 tillhopa
1054 488 59 29 117
1129 488 63 29 000
1220 488 140 34 kronor,
1390 497 147 20 numera
1565 489 61 28 äro

119 537 224 35 förbrukade,
367 538 65 30 har
457 538 207 34 hemställts,
689 540 50 28 att
763 538 200 39 ytterligare
987 538 112 30 medel
1124 538 107 30 måtte
1256 539 140 29 anvisas
1420 538 55 30 för
1500 538 127 30 under-

120 588 256 39 sökningarnas
398 588 211 30 bedrivande
629 589 112 29 under
762 589 83 29 åren
869 588 84 30 1948
975 589 65 29 och
1064 588 93 30 1949.
1179 588 92 31 även
1292 598 58 20 om
1370 589 10 29 i
1401 598 48 20 nu
1470 589 154 29 rådande

120 639 229 29 ekonomiska
377 639 75 38 läge
484 641 71 27 stor
585 639 236 39 begränsning
852 648 42 20 av
924 639 281 38 statsutgifterna
1234 639 111 29 måste
1373 639 169 39 vidtagas,
1573 648 53 30 sy-

119 698 64 21 nas
207 690 89 28 dock
320 689 107 39 enligt
452 689 73 29 min
548 689 143 39 mening
716 689 118 30 starka
860 690 75 28 skäl
958 689 72 30 tala
1054 689 54 30 för
1133 691 49 27 att
1206 689 268 39 ifrågavarande
1500 690 126 29 under-

118 738 312 39 sökningsarbeten
453 739 78 29 med
554 739 57 29 det
637 740 157 28 snaraste
816 738 186 39 fullföljas.
1026 739 64 39 Jag
1112 738 60 30 vill
1195 739 120 29 därför
1337 739 176 38 tillstyrka
1536 739 90 29 lant-

118 789 302 39 bruksstyrelsens
442 790 132 39 förslag
595 791 50 28 att
666 790 200 39 ytterligare
887 790 112 29 medel
1021 790 139 29 anvisas
1182 790 54 29 för
1259 789 211 30 ändamålet.

163 839 48 30 De
232 849 42 20 av
294 839 360 40 lantbruksstyrelsen
673 840 12 29 i
705 841 142 29 ärendet
867 840 213 30 verkställda
1101 840 455 39 kostnadsberäkningarna
1577 840 46 30 ha

118 890 76 30 icke
216 890 82 39 givit
321 890 71 39 mig
413 890 189 39 anledning
622 891 53 29 till
697 890 151 30 erinran.
873 891 67 29 För
962 891 198 29 ändamålet
1184 891 112 29 skulle
1319 891 149 29 sålunda
1489 891 134 29 erford-

118 950 57 20 ras
197 942 47 27 ett
265 940 124 40 belopp
410 950 43 20 av
474 941 61 29 118
550 941 63 29 000
633 941 141 34 kronor,
795 941 108 29 vilket
924 941 125 39 belopp
1069 941 97 29 torde
1187 941 84 30 böra
1291 941 140 30 anvisas
1453 941 79 30 från
1554 943 68 28 sta-

118 992 76 28 tens
216 991 343 39 avdikningsanslag.
580 991 127 29 Härtill
728 1000 102 30 synes
850 991 207 39 riksdagens
1077 992 228 38 medgivande
1326 992 85 29 böra
1433 992 188 29 inhämtas.

118 1041 165 39 Beloppet
304 1050 103 30 synes
426 1041 76 29 icke
521 1042 85 29 böra
626 1041 170 30 inräknas
815 1042 11 29 i
846 1042 56 29 det
922 1042 135 39 belopp,
1079 1051 74 20 som
1173 1042 107 39 enligt
1299 1042 207 39 riksdagens
1528 1042 95 29 med-

119 1091 145 40 givande
288 1091 55 30 för
365 1092 87 29 visst
475 1092 38 29 år
535 1092 58 29 må
615 1092 147 39 beviljas
785 1092 143 39 jämlikt
954 1092 159 39 gällande
1136 1092 264 30 bestämmelser
1423 1093 55 29 för
1503 1093 119 29 avdik-

117 1142 281 39 ningsanslagets
417 1142 235 39 användning.
671 1142 64 30 Det
754 1143 98 29 torde
871 1143 37 29 få
925 1143 190 29 ankomma
1132 1143 45 39 på
1195 1143 125 38 Kungl.
1340 1143 106 38 Maj:t
1465 1145 60 31 att,
1544 1143 78 29 där-

118 1194 51 28 est
191 1192 188 39 riksdagen
401 1193 203 38 godkänner
624 1193 66 30 vad
710 1193 60 39 jag
790 1202 47 20 nu
859 1193 191 39 föreslagit,
1072 1193 158 30 meddela
1253 1194 163 29 närmare
1439 1193 184 30 föreskrif-

117 1245 52 27 ter
192 1243 149 29 rörande
365 1243 268 39 ifrågavarande
658 1243 324 40 undersökningars
1005 1243 211 30 bedrivande
1241 1244 65 29 och
1332 1244 120 39 övriga
1477 1244 144 29 därmed

119 1294 347 39 sammanhängande
484 1294 182 39 spörsmål.
684 1294 66 29 För
766 1295 67 29 den
848 1294 168 30 händelse
1035 1294 352 39 undersökningarna
1404 1295 78 29 leda
1499 1295 52 29 till
1569 1296 54 28 ut-

117 1344 146 30 förande
295 1353 43 20 av
369 1344 422 39 torrläggningsåtgärder
821 1345 81 29 med
933 1344 178 30 anlitande
1143 1354 41 20 av
1216 1345 212 39 statsbidrag
1458 1345 11 29 i
1500 1345 121 30 därför

118 1395 126 39 gängse
262 1394 160 39 ordning,
439 1394 84 30 böra
539 1396 132 28 statens
690 1395 143 38 utgifter
849 1395 55 29 för
921 1395 353 39 undersökningarna
1290 1396 175 29 avräknas
1482 1396 20 29 å
1520 1397 102 28 stats-

117 1447 186 39 bidraget.>

163 1531 184 29 Utskottet.
376 1531 71 29 Mot
477 1530 230 30 förevarande
736 1530 263 40 framställning
1026 1530 64 30 har
1116 1531 171 30 utskottet
1314 1531 76 29 icke
1418 1531 118 29 funnit
1564 1540 60 20 an-

117 1581 141 39 ledning
279 1581 53 29 till
355 1581 142 29 erinran
519 1581 65 29 och
606 1580 203 30 hemställer
831 1581 113 34 alltså,

472 1666 50 28 att
548 1665 189 38 riksdagen
766 1665 59 30 må
850 1664 161 39 medgiva
1040 1666 49 28 att
1117 1665 55 29 för
1202 1665 259 30 verkställande
1491 1675 42 20 av
1560 1674 64 20 un-

427 1715 255 39 dersökningar
702 1716 148 29 rörande
871 1715 197 30 förbättrad
1087 1716 307 38 vattenavrinning
1416 1715 80 30 från
1520 1716 104 39 Ring-

426 1765 79 39 sjön
527 1765 11 29 i
563 1765 198 29 Malmöhus
784 1765 58 29 län
867 1765 81 30 från
975 1767 132 27 statens
1133 1765 334 39 avdikningsanslag
1489 1767 99 37 tagas
1611 1766 12 28 i

428 1817 155 39 anspråk
599 1816 200 39 ytterligare
816 1817 102 38 högst
938 1816 61 29 118
1014 1816 62 30 000
1094 1817 140 29 kronor.

734 1952 43 32 N.
824 1952 177 33 Diverse.

154 2035 75 34 6:0)
253 2035 125 36 Bidrag
399 2036 53 28 till
473 2036 220 29 bestridande
715 2046 42 19 av
781 2036 233 29 kostnaderna
1036 2036 56 30 för
1112 2037 55 28 det
1190 2036 103 35 sjätte
1315 2036 166 29 nordiska
1502 2036 120 29 veteri-

113 2086 169 29 närmötet
303 2087 10 28 i
334 2087 199 29 Stockholm
554 2087 38 29 år
614 2088 89 33 1948,
725 2087 366 39 reservationsanslag.
1113 2088 13 28 I
1150 2087 165 29 skrivelse
1338 2088 66 28 den
1427 2088 18 29 5
1467 2087 154 29 februari

119 2137 80 29 1947
240 2138 63 29 har
343 2137 157 30 Svenska
539 2138 503 40 veterinärläkareföreningen
1084 2138 147 30 anhållit
1271 2148 58 20 om
1356 2140 49 27 ett
1433 2138 122 39 anslag
1582 2147 40 20 av

116 2188 41 28 50
172 2188 62 29 000
258 2188 130 29 kronor
414 2188 115 29 såsom
554 2188 123 38 bidrag
700 2188 52 30 till
777 2188 223 30 bestridande
1025 2198 42 20 av
1090 2189 237 29 kostnaderna
1355 2188 55 29 för
1435 2189 57 28 det
1519 2188 104 38 sjätte

117 2238 166 28 nordiska
303 2238 295 33 veterinärmötet,
619 2238 107 29 vilket
744 2248 80 19 vore
844 2240 111 28 avsett
974 2240 50 27 att
1043 2238 112 29 hållas
1174 2239 11 28 i
1205 2238 202 30 Stockholm
1427 2239 111 28 under
1556 2238 67 38 juli

116 2287 128 29 månad
268 2286 93 30 1948.

160 2337 116 38 Enligt
300 2337 193 29 skrivelsen
516 2337 44 29 ha
583 2337 238 30 kostnaderna
844 2337 55 29 för
921 2338 108 28 mötet
1051 2337 188 30 beräknats
1262 2337 52 29 till
1339 2337 39 29 87
1395 2338 62 28 000
1481 2338 141 28 kronor.

117 2387 63 28 Det
198 2387 63 29 har
278 2387 197 33 förutsatts,
494 2389 49 27 att
561 2387 206 38 föreningen
787 2387 89 29 skall
896 2397 42 20 av
954 2394 87 31 egna
1058 2387 111 29 medel
1190 2387 113 30 betala
1322 2387 163 39 omkring
1504 2388 40 28 22
1560 2387 63 29 000

116 2437 129 29 kronor
272 2437 64 29 och
367 2439 50 27 att
444 2437 317 39 mötesdeltagarna
791 2437 98 30 skola
919 2445 124 31 genom
1071 2437 151 29 särskild
1249 2437 109 39 avgift
1386 2437 138 39 erlägga
1551 2447 73 19 om-

116 2487 102 38 kring
242 2487 37 29 15
295 2487 62 29 000
380 2488 140 29 kronor.
