<?xml version="1.0" encoding="UTF-8"?>
<alto xmlns="http://www.loc.gov/standards/alto/ns-v3#" xmlns:xlink="http://www.w3.org/1999/xlink" xmlns:xsi="http://www.w3.org/2001/XMLSchema-instance" xsi:schemaLocation="http://www.loc.gov/standards/alto/ns-v3# http://www.loc.gov/alto/v3/alto-3-0.xsd">
	<Description>
		<MeasurementUnit>pixel</MeasurementUnit>
		<sourceImageInformation>
			<fileName>/tmp/tess_heujnlcz_input.PNG</fileName>
		</sourceImageInformation>
		<OCRProcessing ID="OCR_0">
			<ocrProcessingStep>
				<processingSoftware>
					<softwareName>tesseract 5.3.0</softwareName>
				</processingSoftware>
			</ocrProcessingStep>
		</OCRProcessing>
	</Description>
	<Layout>
		<Page WIDTH="1868" HEIGHT="2790" PHYSICAL_IMG_NR="0" ID="page_0">
			<PrintSpace HPOS="0" VPOS="0" WIDTH="1868" HEIGHT="2790">
				<ComposedBlock ID="cblock_0" HPOS="95" VPOS="2264" WIDTH="127" HEIGHT="26">
					<TextBlock ID="block_0" HPOS="95" VPOS="2264" WIDTH="127" HEIGHT="26">
						<TextLine ID="line_0" HPOS="95" VPOS="2264" WIDTH="127" HEIGHT="26">
							<String ID="string_0" HPOS="95" VPOS="2264" WIDTH="127" HEIGHT="26" WC="0.96" CONTENT="Utskottet."/>
						</TextLine>
					</TextBlock>
				</ComposedBlock>
				<ComposedBlock ID="cblock_1" HPOS="271" VPOS="147" WIDTH="1080" HEIGHT="37">
					<TextBlock ID="block_1" HPOS="271" VPOS="147" WIDTH="1080" HEIGHT="37">
						<TextLine ID="line_1" HPOS="271" VPOS="147" WIDTH="1080" HEIGHT="37">
							<String ID="string_1" HPOS="271" VPOS="147" WIDTH="36" HEIGHT="29" WC="0.96" CONTENT="16"/><SP WIDTH="399" VPOS="147" HPOS="307"/>
							<String ID="string_2" HPOS="706" VPOS="150" WIDTH="306" HEIGHT="32" WC="0.92" CONTENT="Bankoutskottets"/><SP WIDTH="24" VPOS="150" HPOS="1012"/>
							<String ID="string_3" HPOS="1036" VPOS="152" WIDTH="176" HEIGHT="31" WC="0.96" CONTENT="utlåtande"/><SP WIDTH="23" VPOS="152" HPOS="1212"/>
							<String ID="string_4" HPOS="1235" VPOS="162" WIDTH="41" HEIGHT="20" WC="0.96" CONTENT="nr"/><SP WIDTH="26" VPOS="162" HPOS="1276"/>
							<String ID="string_5" HPOS="1302" VPOS="156" WIDTH="49" HEIGHT="28" WC="0.90" CONTENT="26."/>
						</TextLine>
					</TextBlock>
				</ComposedBlock>
				<ComposedBlock ID="cblock_2" HPOS="268" VPOS="242" WIDTH="1507" HEIGHT="189">
					<TextBlock ID="block_2" HPOS="270" VPOS="242" WIDTH="1503" HEIGHT="37">
						<TextLine ID="line_2" HPOS="270" VPOS="242" WIDTH="1503" HEIGHT="37">
							<String ID="string_6" HPOS="270" VPOS="243" WIDTH="68" HEIGHT="29" WC="0.96" CONTENT="den"/><SP WIDTH="18" VPOS="243" HPOS="338"/>
							<String ID="string_7" HPOS="356" VPOS="243" WIDTH="65" HEIGHT="29" WC="0.96" CONTENT="och"/><SP WIDTH="22" VPOS="243" HPOS="421"/>
							<String ID="string_8" HPOS="443" VPOS="242" WIDTH="43" HEIGHT="30" WC="0.92" CONTENT="då"/><SP WIDTH="18" VPOS="242" HPOS="486"/>
							<String ID="string_9" HPOS="504" VPOS="242" WIDTH="117" HEIGHT="37" WC="0.92" CONTENT="Pegels"/><SP WIDTH="21" VPOS="242" HPOS="621"/>
							<String ID="string_10" HPOS="642" VPOS="244" WIDTH="312" HEIGHT="30" WC="0.96" CONTENT="lärarverksamhet"/><SP WIDTH="20" VPOS="244" HPOS="954"/>
							<String ID="string_11" HPOS="974" VPOS="245" WIDTH="161" HEIGHT="30" WC="0.96" CONTENT="omfattat"/><SP WIDTH="19" VPOS="245" HPOS="1135"/>
							<String ID="string_12" HPOS="1154" VPOS="255" WIDTH="42" HEIGHT="21" WC="0.96" CONTENT="en"/><SP WIDTH="19" VPOS="255" HPOS="1196"/>
							<String ID="string_13" HPOS="1215" VPOS="246" WIDTH="49" HEIGHT="30" WC="0.95" CONTENT="tid"/><SP WIDTH="21" VPOS="246" HPOS="1264"/>
							<String ID="string_14" HPOS="1285" VPOS="256" WIDTH="42" HEIGHT="20" WC="0.96" CONTENT="av"/><SP WIDTH="20" VPOS="256" HPOS="1327"/>
							<String ID="string_15" HPOS="1347" VPOS="256" WIDTH="95" HEIGHT="21" WC="0.96" CONTENT="mera"/><SP WIDTH="20" VPOS="256" HPOS="1442"/>
							<String ID="string_16" HPOS="1462" VPOS="248" WIDTH="44" HEIGHT="29" WC="0.96" CONTENT="än"/><SP WIDTH="20" VPOS="248" HPOS="1506"/>
							<String ID="string_17" HPOS="1526" VPOS="248" WIDTH="40" HEIGHT="29" WC="0.96" CONTENT="40"/><SP WIDTH="20" VPOS="248" HPOS="1566"/>
							<String ID="string_18" HPOS="1586" VPOS="246" WIDTH="39" HEIGHT="31" WC="0.96" CONTENT="år"/><SP WIDTH="20" VPOS="246" HPOS="1625"/>
							<String ID="string_19" HPOS="1645" VPOS="248" WIDTH="58" HEIGHT="29" WC="0.93" CONTENT="vill"/><SP WIDTH="19" VPOS="248" HPOS="1703"/>
							<String ID="string_20" HPOS="1722" VPOS="252" WIDTH="51" HEIGHT="26" WC="0.92" CONTENT="ut-"/>
						</TextLine>
					</TextBlock>
					<TextBlock ID="block_3" HPOS="268" VPOS="293" WIDTH="1507" HEIGHT="42">
						<TextLine ID="line_3" HPOS="268" VPOS="293" WIDTH="1507" HEIGHT="42">
							<String ID="string_21" HPOS="268" VPOS="293" WIDTH="127" HEIGHT="30" WC="0.96" CONTENT="skottet"/><SP WIDTH="19" VPOS="293" HPOS="395"/>
							<String ID="string_22" HPOS="414" VPOS="293" WIDTH="76" HEIGHT="30" WC="0.96" CONTENT="icke"/><SP WIDTH="22" VPOS="293" HPOS="490"/>
							<String ID="string_23" HPOS="512" VPOS="294" WIDTH="163" HEIGHT="31" WC="0.96" CONTENT="motsätta"/><SP WIDTH="22" VPOS="294" HPOS="675"/>
							<String ID="string_24" HPOS="697" VPOS="294" WIDTH="57" HEIGHT="37" WC="0.96" CONTENT="sig,"/><SP WIDTH="23" VPOS="294" HPOS="754"/>
							<String ID="string_25" HPOS="777" VPOS="297" WIDTH="49" HEIGHT="28" WC="0.93" CONTENT="att"/><SP WIDTH="23" VPOS="297" HPOS="826"/>
							<String ID="string_26" HPOS="849" VPOS="295" WIDTH="100" HEIGHT="35" WC="0.92" CONTENT="Pegel"/><SP WIDTH="22" VPOS="295" HPOS="949"/>
							<String ID="string_27" HPOS="971" VPOS="294" WIDTH="45" HEIGHT="37" WC="0.96" CONTENT="på"/><SP WIDTH="23" VPOS="294" HPOS="1016"/>
							<String ID="string_28" HPOS="1039" VPOS="296" WIDTH="66" HEIGHT="30" WC="0.96" CONTENT="sätt"/><SP WIDTH="24" VPOS="296" HPOS="1105"/>
							<String ID="string_29" HPOS="1129" VPOS="296" WIDTH="122" HEIGHT="36" WC="0.94" CONTENT="Kungl."/><SP WIDTH="24" VPOS="296" HPOS="1251"/>
							<String ID="string_30" HPOS="1275" VPOS="296" WIDTH="102" HEIGHT="37" WC="0.96" CONTENT="Maj:t"/><SP WIDTH="22" VPOS="296" HPOS="1377"/>
							<String ID="string_31" HPOS="1399" VPOS="296" WIDTH="176" HEIGHT="38" WC="0.96" CONTENT="föreslagit"/><SP WIDTH="20" VPOS="296" HPOS="1575"/>
							<String ID="string_32" HPOS="1595" VPOS="297" WIDTH="46" HEIGHT="37" WC="0.96" CONTENT="på"/><SP WIDTH="21" VPOS="297" HPOS="1641"/>
							<String ID="string_33" HPOS="1662" VPOS="299" WIDTH="113" HEIGHT="36" WC="0.96" CONTENT="grund"/>
						</TextLine>
					</TextBlock>
					<TextBlock ID="block_4" HPOS="268" VPOS="344" WIDTH="1460" HEIGHT="87">
						<TextLine ID="line_4" HPOS="268" VPOS="344" WIDTH="1460" HEIGHT="39">
							<String ID="string_34" HPOS="268" VPOS="352" WIDTH="43" HEIGHT="21" WC="0.95" CONTENT="av"/><SP WIDTH="21" VPOS="352" HPOS="311"/>
							<String ID="string_35" HPOS="332" VPOS="344" WIDTH="146" HEIGHT="30" WC="0.93" CONTENT="berörda"/><SP WIDTH="21" VPOS="344" HPOS="478"/>
							<String ID="string_36" HPOS="499" VPOS="345" WIDTH="302" HEIGHT="37" WC="0.91" CONTENT="läraranställning"/><SP WIDTH="20" VPOS="345" HPOS="801"/>
							<String ID="string_37" HPOS="821" VPOS="344" WIDTH="224" HEIGHT="32" WC="0.90" CONTENT="tillerkännes"/><SP WIDTH="23" VPOS="344" HPOS="1045"/>
							<String ID="string_38" HPOS="1068" VPOS="355" WIDTH="43" HEIGHT="21" WC="0.96" CONTENT="en"/><SP WIDTH="22" VPOS="355" HPOS="1111"/>
							<String ID="string_39" HPOS="1133" VPOS="346" WIDTH="146" HEIGHT="37" WC="0.96" CONTENT="pension"/><SP WIDTH="23" VPOS="346" HPOS="1279"/>
							<String ID="string_40" HPOS="1302" VPOS="357" WIDTH="41" HEIGHT="21" WC="0.96" CONTENT="av"/><SP WIDTH="25" VPOS="357" HPOS="1343"/>
							<String ID="string_41" HPOS="1368" VPOS="348" WIDTH="64" HEIGHT="30" WC="0.96" CONTENT="984"/><SP WIDTH="22" VPOS="348" HPOS="1432"/>
							<String ID="string_42" HPOS="1454" VPOS="348" WIDTH="129" HEIGHT="30" WC="0.95" CONTENT="kronor"/><SP WIDTH="20" VPOS="348" HPOS="1583"/>
							<String ID="string_43" HPOS="1603" VPOS="348" WIDTH="56" HEIGHT="31" WC="0.96" CONTENT="för"/><SP WIDTH="22" VPOS="348" HPOS="1659"/>
							<String ID="string_44" HPOS="1681" VPOS="347" WIDTH="47" HEIGHT="32" WC="0.95" CONTENT="år."/>
						</TextLine>
						<TextLine ID="line_5" HPOS="315" VPOS="393" WIDTH="514" HEIGHT="38">
							<String ID="string_45" HPOS="315" VPOS="393" WIDTH="170" HEIGHT="31" WC="0.95" CONTENT="Utskottet"/><SP WIDTH="20" VPOS="393" HPOS="485"/>
							<String ID="string_46" HPOS="505" VPOS="395" WIDTH="198" HEIGHT="30" WC="0.96" CONTENT="hemställer"/><SP WIDTH="18" VPOS="395" HPOS="703"/>
							<String ID="string_47" HPOS="721" VPOS="394" WIDTH="108" HEIGHT="37" WC="0.95" CONTENT="alltså,"/>
						</TextLine>
					</TextBlock>
				</ComposedBlock>
				<ComposedBlock ID="cblock_3" HPOS="579" VPOS="462" WIDTH="1193" HEIGHT="86">
					<TextBlock ID="block_5" HPOS="579" VPOS="462" WIDTH="1193" HEIGHT="86">
						<TextLine ID="line_6" HPOS="624" VPOS="462" WIDTH="1148" HEIGHT="38">
							<String ID="string_48" HPOS="624" VPOS="464" WIDTH="49" HEIGHT="27" WC="0.96" CONTENT="att"/><SP WIDTH="21" VPOS="464" HPOS="673"/>
							<String ID="string_49" HPOS="694" VPOS="462" WIDTH="185" HEIGHT="36" WC="0.96" CONTENT="riksdagen"/><SP WIDTH="25" VPOS="462" HPOS="879"/>
							<String ID="string_50" HPOS="904" VPOS="462" WIDTH="56" HEIGHT="30" WC="0.96" CONTENT="må"/><SP WIDTH="21" VPOS="462" HPOS="960"/>
							<String ID="string_51" HPOS="981" VPOS="462" WIDTH="122" HEIGHT="31" WC="0.96" CONTENT="bifalla"/><SP WIDTH="25" VPOS="462" HPOS="1103"/>
							<String ID="string_52" HPOS="1128" VPOS="463" WIDTH="121" HEIGHT="37" WC="0.94" CONTENT="Kungl."/><SP WIDTH="24" VPOS="463" HPOS="1249"/>
							<String ID="string_53" HPOS="1273" VPOS="464" WIDTH="119" HEIGHT="36" WC="0.96" CONTENT="Maj:ts"/><SP WIDTH="24" VPOS="464" HPOS="1392"/>
							<String ID="string_54" HPOS="1416" VPOS="464" WIDTH="228" HEIGHT="31" WC="0.93" CONTENT="förevarande"/><SP WIDTH="23" VPOS="464" HPOS="1644"/>
							<String ID="string_55" HPOS="1667" VPOS="465" WIDTH="105" HEIGHT="31" WC="0.91" CONTENT="fram-"/>
						</TextLine>
						<TextLine ID="line_7" HPOS="579" VPOS="512" WIDTH="170" HEIGHT="36">
							<String ID="string_56" HPOS="579" VPOS="512" WIDTH="170" HEIGHT="36" WC="0.96" CONTENT="ställning."/>
						</TextLine>
					</TextBlock>
				</ComposedBlock>
				<ComposedBlock ID="cblock_4" HPOS="978" VPOS="614" WIDTH="85" HEIGHT="31">
					<TextBlock ID="block_6" HPOS="978" VPOS="614" WIDTH="85" HEIGHT="31">
						<TextLine ID="line_8" HPOS="978" VPOS="614" WIDTH="85" HEIGHT="31">
							<String ID="string_57" HPOS="978" VPOS="614" WIDTH="85" HEIGHT="31" WC="0.90" CONTENT="10:0."/>
						</TextLine>
					</TextBlock>
				</ComposedBlock>
				<ComposedBlock ID="cblock_5" HPOS="268" VPOS="694" WIDTH="1506" HEIGHT="344">
					<TextBlock ID="block_7" HPOS="268" VPOS="694" WIDTH="1506" HEIGHT="344">
						<TextLine ID="line_9" HPOS="311" VPOS="694" WIDTH="1462" HEIGHT="42">
							<String ID="string_58" HPOS="311" VPOS="694" WIDTH="278" HEIGHT="37" WC="0.89" CONTENT="Specialläraren"/><SP WIDTH="22" VPOS="694" HPOS="589"/>
							<String ID="string_59" HPOS="611" VPOS="696" WIDTH="59" HEIGHT="31" WC="0.96" CONTENT="vid"/><SP WIDTH="23" VPOS="696" HPOS="670"/>
							<String ID="string_60" HPOS="693" VPOS="696" WIDTH="181" HEIGHT="31" WC="0.96" CONTENT="Chalmers"/><SP WIDTH="25" VPOS="696" HPOS="874"/>
							<String ID="string_61" HPOS="899" VPOS="697" WIDTH="163" HEIGHT="31" WC="0.96" CONTENT="tekniska"/><SP WIDTH="22" VPOS="697" HPOS="1062"/>
							<String ID="string_62" HPOS="1084" VPOS="699" WIDTH="171" HEIGHT="35" WC="0.92" CONTENT="högskola"/><SP WIDTH="23" VPOS="699" HPOS="1255"/>
							<String ID="string_63" HPOS="1278" VPOS="708" WIDTH="47" HEIGHT="22" WC="0.85" CONTENT="m."/><SP WIDTH="24" VPOS="708" HPOS="1325"/>
							<String ID="string_64" HPOS="1349" VPOS="709" WIDTH="46" HEIGHT="21" WC="0.85" CONTENT="m."/><SP WIDTH="24" VPOS="709" HPOS="1395"/>
							<String ID="string_65" HPOS="1419" VPOS="700" WIDTH="116" HEIGHT="30" WC="0.96" CONTENT="Johan"/><SP WIDTH="22" VPOS="700" HPOS="1535"/>
							<String ID="string_66" HPOS="1557" VPOS="700" WIDTH="122" HEIGHT="36" WC="0.92" CONTENT="Björk."/><SP WIDTH="26" VPOS="700" HPOS="1679"/>
							<String ID="string_67" HPOS="1705" VPOS="701" WIDTH="68" HEIGHT="30" WC="0.92" CONTENT="Un-"/>
						</TextLine>
						<TextLine ID="line_10" HPOS="270" VPOS="746" WIDTH="1502" HEIGHT="41">
							<String ID="string_68" HPOS="270" VPOS="746" WIDTH="61" HEIGHT="30" WC="0.96" CONTENT="der"/><SP WIDTH="18" VPOS="746" HPOS="331"/>
							<String ID="string_69" HPOS="349" VPOS="748" WIDTH="154" HEIGHT="34" WC="0.96" CONTENT="punkten"/><SP WIDTH="20" VPOS="748" HPOS="503"/>
							<String ID="string_70" HPOS="523" VPOS="749" WIDTH="16" HEIGHT="27" WC="0.96" CONTENT="7"/><SP WIDTH="22" VPOS="749" HPOS="539"/>
							<String ID="string_71" HPOS="561" VPOS="757" WIDTH="42" HEIGHT="20" WC="0.96" CONTENT="av"/><SP WIDTH="21" VPOS="757" HPOS="603"/>
							<String ID="string_72" HPOS="624" VPOS="748" WIDTH="257" HEIGHT="35" WC="0.96" CONTENT="propositionen"/><SP WIDTH="21" VPOS="748" HPOS="881"/>
							<String ID="string_73" HPOS="902" VPOS="759" WIDTH="42" HEIGHT="20" WC="0.96" CONTENT="nr"/><SP WIDTH="22" VPOS="759" HPOS="944"/>
							<String ID="string_74" HPOS="966" VPOS="750" WIDTH="59" HEIGHT="29" WC="0.96" CONTENT="192"/><SP WIDTH="21" VPOS="750" HPOS="1025"/>
							<String ID="string_75" HPOS="1046" VPOS="749" WIDTH="146" HEIGHT="31" WC="0.96" CONTENT="föreslår"/><SP WIDTH="19" VPOS="749" HPOS="1192"/>
							<String ID="string_76" HPOS="1211" VPOS="750" WIDTH="122" HEIGHT="36" WC="0.95" CONTENT="Kungl."/><SP WIDTH="22" VPOS="750" HPOS="1333"/>
							<String ID="string_77" HPOS="1355" VPOS="750" WIDTH="102" HEIGHT="37" WC="0.96" CONTENT="Maj:t"/><SP WIDTH="19" VPOS="750" HPOS="1457"/>
							<String ID="string_78" HPOS="1476" VPOS="751" WIDTH="185" HEIGHT="36" WC="0.93" CONTENT="riksdagen"/><SP WIDTH="18" VPOS="751" HPOS="1661"/>
							<String ID="string_79" HPOS="1679" VPOS="752" WIDTH="93" HEIGHT="30" WC="0.92" CONTENT="med-"/>
						</TextLine>
						<TextLine ID="line_11" HPOS="269" VPOS="797" WIDTH="1503" HEIGHT="40">
							<String ID="string_80" HPOS="269" VPOS="797" WIDTH="88" HEIGHT="36" WC="0.95" CONTENT="giva,"/><SP WIDTH="24" VPOS="797" HPOS="357"/>
							<String ID="string_81" HPOS="381" VPOS="802" WIDTH="48" HEIGHT="26" WC="0.92" CONTENT="att"/><SP WIDTH="19" VPOS="802" HPOS="429"/>
							<String ID="string_82" HPOS="448" VPOS="798" WIDTH="267" HEIGHT="35" WC="0.91" CONTENT="specialläraren"/><SP WIDTH="21" VPOS="798" HPOS="715"/>
							<String ID="string_83" HPOS="736" VPOS="799" WIDTH="59" HEIGHT="30" WC="0.96" CONTENT="vid"/><SP WIDTH="23" VPOS="799" HPOS="795"/>
							<String ID="string_84" HPOS="818" VPOS="799" WIDTH="176" HEIGHT="31" WC="0.96" CONTENT="Chalmers"/><SP WIDTH="22" VPOS="799" HPOS="994"/>
							<String ID="string_85" HPOS="1016" VPOS="800" WIDTH="160" HEIGHT="31" WC="0.96" CONTENT="tekniska"/><SP WIDTH="20" VPOS="800" HPOS="1176"/>
							<String ID="string_86" HPOS="1196" VPOS="801" WIDTH="178" HEIGHT="36" WC="0.93" CONTENT="högskola,"/><SP WIDTH="25" VPOS="801" HPOS="1374"/>
							<String ID="string_87" HPOS="1399" VPOS="801" WIDTH="200" HEIGHT="31" WC="0.91" CONTENT="timläraren"/><SP WIDTH="21" VPOS="801" HPOS="1599"/>
							<String ID="string_88" HPOS="1620" VPOS="802" WIDTH="57" HEIGHT="31" WC="0.93" CONTENT="vid"/><SP WIDTH="24" VPOS="802" HPOS="1677"/>
							<String ID="string_89" HPOS="1701" VPOS="803" WIDTH="71" HEIGHT="30" WC="0.92" CONTENT="tek-"/>
						</TextLine>
						<TextLine ID="line_12" HPOS="268" VPOS="847" WIDTH="1506" HEIGHT="39">
							<String ID="string_90" HPOS="268" VPOS="847" WIDTH="103" HEIGHT="32" WC="0.96" CONTENT="niska"/><SP WIDTH="25" VPOS="847" HPOS="371"/>
							<String ID="string_91" HPOS="396" VPOS="849" WIDTH="191" HEIGHT="35" WC="0.96" CONTENT="gymnasiet"/><SP WIDTH="25" VPOS="849" HPOS="587"/>
							<String ID="string_92" HPOS="612" VPOS="849" WIDTH="10" HEIGHT="30" WC="0.96" CONTENT="i"/><SP WIDTH="26" VPOS="849" HPOS="622"/>
							<String ID="string_93" HPOS="648" VPOS="849" WIDTH="167" HEIGHT="37" WC="0.96" CONTENT="Göteborg"/><SP WIDTH="26" VPOS="849" HPOS="815"/>
							<String ID="string_94" HPOS="841" VPOS="850" WIDTH="115" HEIGHT="30" WC="0.96" CONTENT="Johan"/><SP WIDTH="25" VPOS="850" HPOS="956"/>
							<String ID="string_95" HPOS="981" VPOS="850" WIDTH="107" HEIGHT="36" WC="0.96" CONTENT="Björk"/><SP WIDTH="26" VPOS="850" HPOS="1088"/>
							<String ID="string_96" HPOS="1114" VPOS="851" WIDTH="59" HEIGHT="30" WC="0.96" CONTENT="må"/><SP WIDTH="24" VPOS="851" HPOS="1173"/>
							<String ID="string_97" HPOS="1197" VPOS="850" WIDTH="79" HEIGHT="32" WC="0.96" CONTENT="från"/><SP WIDTH="25" VPOS="850" HPOS="1276"/>
							<String ID="string_98" HPOS="1301" VPOS="853" WIDTH="66" HEIGHT="29" WC="0.96" CONTENT="och"/><SP WIDTH="25" VPOS="853" HPOS="1367"/>
							<String ID="string_99" HPOS="1392" VPOS="853" WIDTH="79" HEIGHT="30" WC="0.96" CONTENT="med"/><SP WIDTH="26" VPOS="853" HPOS="1471"/>
							<String ID="string_100" HPOS="1497" VPOS="852" WIDTH="175" HEIGHT="31" WC="0.95" CONTENT="månaden"/><SP WIDTH="23" VPOS="852" HPOS="1672"/>
							<String ID="string_101" HPOS="1695" VPOS="854" WIDTH="79" HEIGHT="30" WC="0.96" CONTENT="näst"/>
						</TextLine>
						<TextLine ID="line_13" HPOS="269" VPOS="898" WIDTH="1503" HEIGHT="42">
							<String ID="string_102" HPOS="269" VPOS="898" WIDTH="88" HEIGHT="31" WC="0.96" CONTENT="efter"/><SP WIDTH="23" VPOS="898" HPOS="357"/>
							<String ID="string_103" HPOS="380" VPOS="900" WIDTH="75" HEIGHT="36" WC="0.96" CONTENT="den,"/><SP WIDTH="23" VPOS="900" HPOS="455"/>
							<String ID="string_104" HPOS="478" VPOS="900" WIDTH="175" HEIGHT="30" WC="0.96" CONTENT="varunder"/><SP WIDTH="23" VPOS="900" HPOS="653"/>
							<String ID="string_105" HPOS="676" VPOS="901" WIDTH="69" HEIGHT="29" WC="0.96" CONTENT="han"/><SP WIDTH="24" VPOS="901" HPOS="745"/>
							<String ID="string_106" HPOS="769" VPOS="901" WIDTH="138" HEIGHT="30" WC="0.95" CONTENT="lämnar"/><SP WIDTH="26" VPOS="901" HPOS="907"/>
							<String ID="string_107" HPOS="933" VPOS="901" WIDTH="74" HEIGHT="31" WC="0.95" CONTENT="sina"/><SP WIDTH="26" VPOS="901" HPOS="1007"/>
							<String ID="string_108" HPOS="1033" VPOS="902" WIDTH="251" HEIGHT="36" WC="0.95" CONTENT="anställningar"/><SP WIDTH="21" VPOS="902" HPOS="1284"/>
							<String ID="string_109" HPOS="1305" VPOS="902" WIDTH="60" HEIGHT="31" WC="0.93" CONTENT="vid"/><SP WIDTH="23" VPOS="902" HPOS="1365"/>
							<String ID="string_110" HPOS="1388" VPOS="903" WIDTH="297" HEIGHT="37" WC="0.91" CONTENT="läroanstalterna,"/><SP WIDTH="24" VPOS="903" HPOS="1685"/>
							<String ID="string_111" HPOS="1709" VPOS="913" WIDTH="63" HEIGHT="21" WC="0.91" CONTENT="un-"/>
						</TextLine>
						<TextLine ID="line_14" HPOS="270" VPOS="949" WIDTH="1503" HEIGHT="40">
							<String ID="string_112" HPOS="270" VPOS="949" WIDTH="61" HEIGHT="30" WC="0.96" CONTENT="der"/><SP WIDTH="20" VPOS="949" HPOS="331"/>
							<String ID="string_113" HPOS="351" VPOS="950" WIDTH="53" HEIGHT="30" WC="0.95" CONTENT="sin"/><SP WIDTH="22" VPOS="950" HPOS="404"/>
							<String ID="string_114" HPOS="426" VPOS="949" WIDTH="214" HEIGHT="32" WC="0.95" CONTENT="återstående"/><SP WIDTH="21" VPOS="949" HPOS="640"/>
							<String ID="string_115" HPOS="661" VPOS="951" WIDTH="114" HEIGHT="30" WC="0.95" CONTENT="livstid"/><SP WIDTH="21" VPOS="951" HPOS="775"/>
							<String ID="string_116" HPOS="796" VPOS="951" WIDTH="80" HEIGHT="31" WC="0.96" CONTENT="från"/><SP WIDTH="21" VPOS="951" HPOS="876"/>
							<String ID="string_117" HPOS="897" VPOS="952" WIDTH="153" HEIGHT="36" WC="0.96" CONTENT="anslaget"/><SP WIDTH="20" VPOS="952" HPOS="1050"/>
							<String ID="string_118" HPOS="1070" VPOS="952" WIDTH="51" HEIGHT="31" WC="0.96" CONTENT="till"/><SP WIDTH="22" VPOS="952" HPOS="1121"/>
							<String ID="string_119" HPOS="1143" VPOS="952" WIDTH="133" HEIGHT="31" WC="0.96" CONTENT="diverse"/><SP WIDTH="19" VPOS="952" HPOS="1276"/>
							<String ID="string_120" HPOS="1295" VPOS="953" WIDTH="184" HEIGHT="36" WC="0.96" CONTENT="pensioner"/><SP WIDTH="18" VPOS="953" HPOS="1479"/>
							<String ID="string_121" HPOS="1497" VPOS="955" WIDTH="67" HEIGHT="29" WC="0.96" CONTENT="och"/><SP WIDTH="20" VPOS="955" HPOS="1564"/>
							<String ID="string_122" HPOS="1584" VPOS="954" WIDTH="189" HEIGHT="31" WC="0.96" CONTENT="understöd"/>
						</TextLine>
						<TextLine ID="line_15" HPOS="269" VPOS="1000" WIDTH="951" HEIGHT="38">
							<String ID="string_123" HPOS="269" VPOS="1009" WIDTH="45" HEIGHT="21" WC="0.91" CONTENT="m."/><SP WIDTH="22" VPOS="1009" HPOS="314"/>
							<String ID="string_124" HPOS="336" VPOS="1011" WIDTH="45" HEIGHT="20" WC="0.91" CONTENT="m."/><SP WIDTH="18" VPOS="1011" HPOS="381"/>
							<String ID="string_125" HPOS="399" VPOS="1001" WIDTH="159" HEIGHT="36" WC="0.96" CONTENT="uppbära"/><SP WIDTH="19" VPOS="1001" HPOS="558"/>
							<String ID="string_126" HPOS="577" VPOS="1011" WIDTH="43" HEIGHT="21" WC="0.96" CONTENT="en"/><SP WIDTH="18" VPOS="1011" HPOS="620"/>
							<String ID="string_127" HPOS="638" VPOS="1000" WIDTH="85" HEIGHT="38" WC="0.96" CONTENT="årlig"/><SP WIDTH="17" VPOS="1000" HPOS="723"/>
							<String ID="string_128" HPOS="740" VPOS="1002" WIDTH="145" HEIGHT="35" WC="0.96" CONTENT="pension"/><SP WIDTH="20" VPOS="1002" HPOS="885"/>
							<String ID="string_129" HPOS="905" VPOS="1012" WIDTH="41" HEIGHT="21" WC="0.96" CONTENT="av"/><SP WIDTH="23" VPOS="1012" HPOS="946"/>
							<String ID="string_130" HPOS="969" VPOS="1003" WIDTH="13" HEIGHT="29" WC="0.80" CONTENT="1"/><SP WIDTH="16" VPOS="1003" HPOS="982"/>
							<String ID="string_131" HPOS="998" VPOS="1003" WIDTH="63" HEIGHT="30" WC="0.80" CONTENT="644"/><SP WIDTH="21" VPOS="1003" HPOS="1061"/>
							<String ID="string_132" HPOS="1082" VPOS="1003" WIDTH="138" HEIGHT="31" WC="0.95" CONTENT="kronor."/>
						</TextLine>
					</TextBlock>
				</ComposedBlock>
				<ComposedBlock ID="cblock_6" HPOS="260" VPOS="1101" WIDTH="1513" HEIGHT="1099">
					<TextBlock ID="block_8" HPOS="313" VPOS="1101" WIDTH="714" HEIGHT="38">
						<TextLine ID="line_16" HPOS="313" VPOS="1101" WIDTH="714" HEIGHT="38">
							<String ID="string_133" HPOS="313" VPOS="1101" WIDTH="51" HEIGHT="30" WC="0.96" CONTENT="Av"/><SP WIDTH="18" VPOS="1101" HPOS="364"/>
							<String ID="string_134" HPOS="382" VPOS="1101" WIDTH="255" HEIGHT="37" WC="0.96" CONTENT="handlingarna"/><SP WIDTH="18" VPOS="1101" HPOS="637"/>
							<String ID="string_135" HPOS="655" VPOS="1103" WIDTH="11" HEIGHT="29" WC="0.96" CONTENT="i"/><SP WIDTH="17" VPOS="1103" HPOS="666"/>
							<String ID="string_136" HPOS="683" VPOS="1103" WIDTH="141" HEIGHT="30" WC="0.95" CONTENT="ärendet"/><SP WIDTH="18" VPOS="1103" HPOS="824"/>
							<String ID="string_137" HPOS="842" VPOS="1103" WIDTH="185" HEIGHT="36" WC="0.95" CONTENT="inhämtas,"/>
						</TextLine>
					</TextBlock>
					<TextBlock ID="block_9" HPOS="310" VPOS="1151" WIDTH="1313" HEIGHT="41">
						<TextLine ID="line_17" HPOS="310" VPOS="1151" WIDTH="1313" HEIGHT="41">
							<String ID="string_138" HPOS="310" VPOS="1154" WIDTH="49" HEIGHT="27" WC="0.96" CONTENT="att"/><SP WIDTH="19" VPOS="1154" HPOS="359"/>
							<String ID="string_139" HPOS="378" VPOS="1151" WIDTH="106" HEIGHT="36" WC="0.96" CONTENT="Björk"/><SP WIDTH="17" VPOS="1151" HPOS="484"/>
							<String ID="string_140" HPOS="501" VPOS="1153" WIDTH="39" HEIGHT="30" WC="0.96" CONTENT="är"/><SP WIDTH="17" VPOS="1153" HPOS="540"/>
							<String ID="string_141" HPOS="557" VPOS="1152" WIDTH="87" HEIGHT="31" WC="0.96" CONTENT="född"/><SP WIDTH="17" VPOS="1152" HPOS="644"/>
							<String ID="string_142" HPOS="661" VPOS="1153" WIDTH="65" HEIGHT="30" WC="0.96" CONTENT="den"/><SP WIDTH="19" VPOS="1153" HPOS="726"/>
							<String ID="string_143" HPOS="745" VPOS="1154" WIDTH="39" HEIGHT="29" WC="0.96" CONTENT="21"/><SP WIDTH="21" VPOS="1154" HPOS="784"/>
							<String ID="string_144" HPOS="805" VPOS="1154" WIDTH="187" HEIGHT="30" WC="0.96" CONTENT="november"/><SP WIDTH="18" VPOS="1154" HPOS="992"/>
							<String ID="string_145" HPOS="1010" VPOS="1154" WIDTH="83" HEIGHT="31" WC="0.96" CONTENT="1880"/><SP WIDTH="17" VPOS="1154" HPOS="1093"/>
							<String ID="string_146" HPOS="1110" VPOS="1155" WIDTH="65" HEIGHT="30" WC="0.96" CONTENT="och"/><SP WIDTH="20" VPOS="1155" HPOS="1175"/>
							<String ID="string_147" HPOS="1195" VPOS="1153" WIDTH="131" HEIGHT="32" WC="0.96" CONTENT="således"/><SP WIDTH="19" VPOS="1153" HPOS="1326"/>
							<String ID="string_148" HPOS="1345" VPOS="1156" WIDTH="42" HEIGHT="29" WC="0.96" CONTENT="64"/><SP WIDTH="17" VPOS="1156" HPOS="1387"/>
							<String ID="string_149" HPOS="1404" VPOS="1154" WIDTH="39" HEIGHT="32" WC="0.96" CONTENT="år"/><SP WIDTH="15" VPOS="1154" HPOS="1443"/>
							<String ID="string_150" HPOS="1458" VPOS="1157" WIDTH="165" HEIGHT="35" WC="0.96" CONTENT="gammal;"/>
						</TextLine>
					</TextBlock>
					<TextBlock ID="block_10" HPOS="264" VPOS="1200" WIDTH="1509" HEIGHT="192">
						<TextLine ID="line_18" HPOS="309" VPOS="1200" WIDTH="1464" HEIGHT="44">
							<String ID="string_151" HPOS="309" VPOS="1204" WIDTH="51" HEIGHT="28" WC="0.96" CONTENT="att"/><SP WIDTH="19" VPOS="1204" HPOS="360"/>
							<String ID="string_152" HPOS="379" VPOS="1203" WIDTH="70" HEIGHT="30" WC="0.96" CONTENT="han"/><SP WIDTH="18" VPOS="1203" HPOS="449"/>
							<String ID="string_153" HPOS="467" VPOS="1203" WIDTH="110" HEIGHT="30" WC="0.95" CONTENT="under"/><SP WIDTH="18" VPOS="1203" HPOS="577"/>
							<String ID="string_154" HPOS="595" VPOS="1202" WIDTH="125" HEIGHT="32" WC="0.92" CONTENT="läsåret"/><SP WIDTH="23" VPOS="1202" HPOS="720"/>
							<String ID="string_155" HPOS="743" VPOS="1200" WIDTH="142" HEIGHT="34" WC="0.92" CONTENT="1913/14"/><SP WIDTH="19" VPOS="1200" HPOS="885"/>
							<String ID="string_156" HPOS="904" VPOS="1204" WIDTH="88" HEIGHT="30" WC="0.96" CONTENT="varit"/><SP WIDTH="18" VPOS="1204" HPOS="992"/>
							<String ID="string_157" HPOS="1010" VPOS="1205" WIDTH="148" HEIGHT="31" WC="0.96" CONTENT="anställd"/><SP WIDTH="19" VPOS="1205" HPOS="1158"/>
							<String ID="string_158" HPOS="1177" VPOS="1204" WIDTH="115" HEIGHT="31" WC="0.96" CONTENT="såsom"/><SP WIDTH="20" VPOS="1204" HPOS="1292"/>
							<String ID="string_159" HPOS="1312" VPOS="1206" WIDTH="112" HEIGHT="30" WC="0.96" CONTENT="lärare"/><SP WIDTH="18" VPOS="1206" HPOS="1424"/>
							<String ID="string_160" HPOS="1442" VPOS="1205" WIDTH="11" HEIGHT="30" WC="0.96" CONTENT="i"/><SP WIDTH="19" VPOS="1205" HPOS="1453"/>
							<String ID="string_161" HPOS="1472" VPOS="1206" WIDTH="225" HEIGHT="38" WC="0.96" CONTENT="modellering"/><SP WIDTH="18" VPOS="1206" HPOS="1697"/>
							<String ID="string_162" HPOS="1715" VPOS="1206" WIDTH="58" HEIGHT="31" WC="0.96" CONTENT="vid"/>
						</TextLine>
						<TextLine ID="line_19" HPOS="265" VPOS="1251" WIDTH="1504" HEIGHT="40">
							<String ID="string_163" HPOS="265" VPOS="1251" WIDTH="199" HEIGHT="32" WC="0.96" CONTENT="dåvarande"/><SP WIDTH="22" VPOS="1251" HPOS="464"/>
							<String ID="string_164" HPOS="486" VPOS="1252" WIDTH="177" HEIGHT="32" WC="0.96" CONTENT="Chalmers"/><SP WIDTH="24" VPOS="1252" HPOS="663"/>
							<String ID="string_165" HPOS="687" VPOS="1253" WIDTH="158" HEIGHT="31" WC="0.96" CONTENT="tekniska"/><SP WIDTH="24" VPOS="1253" HPOS="845"/>
							<String ID="string_166" HPOS="869" VPOS="1255" WIDTH="211" HEIGHT="36" WC="0.96" CONTENT="läroanstalt,"/><SP WIDTH="23" VPOS="1255" HPOS="1080"/>
							<String ID="string_167" HPOS="1103" VPOS="1254" WIDTH="149" HEIGHT="32" WC="0.96" CONTENT="varefter"/><SP WIDTH="21" VPOS="1254" HPOS="1252"/>
							<String ID="string_168" HPOS="1273" VPOS="1256" WIDTH="72" HEIGHT="30" WC="0.96" CONTENT="han"/><SP WIDTH="22" VPOS="1256" HPOS="1345"/>
							<String ID="string_169" HPOS="1367" VPOS="1255" WIDTH="81" HEIGHT="31" WC="0.95" CONTENT="från"/><SP WIDTH="24" VPOS="1255" HPOS="1448"/>
							<String ID="string_170" HPOS="1472" VPOS="1257" WIDTH="65" HEIGHT="30" WC="0.96" CONTENT="och"/><SP WIDTH="22" VPOS="1257" HPOS="1537"/>
							<String ID="string_171" HPOS="1559" VPOS="1257" WIDTH="80" HEIGHT="30" WC="0.96" CONTENT="med"/><SP WIDTH="24" VPOS="1257" HPOS="1639"/>
							<String ID="string_172" HPOS="1663" VPOS="1257" WIDTH="67" HEIGHT="31" WC="0.96" CONTENT="den"/><SP WIDTH="25" VPOS="1257" HPOS="1730"/>
							<String ID="string_173" HPOS="1755" VPOS="1258" WIDTH="14" HEIGHT="29" WC="0.96" CONTENT="1"/>
						</TextLine>
						<TextLine ID="line_20" HPOS="267" VPOS="1302" WIDTH="1504" HEIGHT="41">
							<String ID="string_174" HPOS="267" VPOS="1302" WIDTH="66" HEIGHT="37" WC="0.96" CONTENT="juli"/><SP WIDTH="27" VPOS="1302" HPOS="333"/>
							<String ID="string_175" HPOS="360" VPOS="1304" WIDTH="81" HEIGHT="30" WC="0.95" CONTENT="1914"/><SP WIDTH="24" VPOS="1304" HPOS="441"/>
							<String ID="string_176" HPOS="465" VPOS="1303" WIDTH="160" HEIGHT="32" WC="0.96" CONTENT="innehaft"/><SP WIDTH="21" VPOS="1303" HPOS="625"/>
							<String ID="string_177" HPOS="646" VPOS="1314" WIDTH="42" HEIGHT="20" WC="0.93" CONTENT="en"/><SP WIDTH="21" VPOS="1314" HPOS="688"/>
							<String ID="string_178" HPOS="709" VPOS="1305" WIDTH="415" HEIGHT="37" WC="0.91" CONTENT="speciallärarbefattning"/><SP WIDTH="21" VPOS="1305" HPOS="1124"/>
							<String ID="string_179" HPOS="1145" VPOS="1306" WIDTH="11" HEIGHT="30" WC="0.96" CONTENT="i"/><SP WIDTH="20" VPOS="1306" HPOS="1156"/>
							<String ID="string_180" HPOS="1176" VPOS="1306" WIDTH="227" HEIGHT="37" WC="0.96" CONTENT="modellering"/><SP WIDTH="20" VPOS="1306" HPOS="1403"/>
							<String ID="string_181" HPOS="1423" VPOS="1306" WIDTH="58" HEIGHT="31" WC="0.96" CONTENT="vid"/><SP WIDTH="21" VPOS="1306" HPOS="1481"/>
							<String ID="string_182" HPOS="1502" VPOS="1306" WIDTH="177" HEIGHT="32" WC="0.93" CONTENT="Chalmers"/><SP WIDTH="22" VPOS="1306" HPOS="1679"/>
							<String ID="string_183" HPOS="1701" VPOS="1308" WIDTH="70" HEIGHT="30" WC="0.93" CONTENT="tek-"/>
						</TextLine>
						<TextLine ID="line_21" HPOS="264" VPOS="1353" WIDTH="1033" HEIGHT="39">
							<String ID="string_184" HPOS="264" VPOS="1353" WIDTH="103" HEIGHT="31" WC="0.96" CONTENT="niska"/><SP WIDTH="18" VPOS="1353" HPOS="367"/>
							<String ID="string_185" HPOS="385" VPOS="1353" WIDTH="133" HEIGHT="31" WC="0.95" CONTENT="institut"/><SP WIDTH="16" VPOS="1353" HPOS="518"/>
							<String ID="string_186" HPOS="534" VPOS="1354" WIDTH="193" HEIGHT="36" WC="0.96" CONTENT="respektive"/><SP WIDTH="18" VPOS="1354" HPOS="727"/>
							<String ID="string_187" HPOS="745" VPOS="1354" WIDTH="179" HEIGHT="32" WC="0.96" CONTENT="Chalmers"/><SP WIDTH="15" VPOS="1354" HPOS="924"/>
							<String ID="string_188" HPOS="939" VPOS="1355" WIDTH="160" HEIGHT="32" WC="0.96" CONTENT="tekniska"/><SP WIDTH="18" VPOS="1355" HPOS="1099"/>
							<String ID="string_189" HPOS="1117" VPOS="1356" WIDTH="180" HEIGHT="36" WC="0.96" CONTENT="högskola;"/>
						</TextLine>
					</TextBlock>
					<TextBlock ID="block_11" HPOS="270" VPOS="1404" WIDTH="1502" HEIGHT="140">
						<TextLine ID="line_22" HPOS="308" VPOS="1404" WIDTH="1464" HEIGHT="41">
							<String ID="string_190" HPOS="308" VPOS="1406" WIDTH="51" HEIGHT="29" WC="0.96" CONTENT="att"/><SP WIDTH="21" VPOS="1406" HPOS="359"/>
							<String ID="string_191" HPOS="380" VPOS="1404" WIDTH="87" HEIGHT="32" WC="0.96" CONTENT="hans"/><SP WIDTH="21" VPOS="1404" HPOS="467"/>
							<String ID="string_192" HPOS="488" VPOS="1405" WIDTH="229" HEIGHT="37" WC="0.96" CONTENT="tjänstgöring"/><SP WIDTH="22" VPOS="1405" HPOS="717"/>
							<String ID="string_193" HPOS="739" VPOS="1405" WIDTH="11" HEIGHT="30" WC="0.93" CONTENT="i"/><SP WIDTH="21" VPOS="1405" HPOS="750"/>
							<String ID="string_194" HPOS="771" VPOS="1406" WIDTH="459" HEIGHT="37" WC="0.88" CONTENT="speciallärarbefattningen"/><SP WIDTH="21" VPOS="1406" HPOS="1230"/>
							<String ID="string_195" HPOS="1251" VPOS="1406" WIDTH="163" HEIGHT="32" WC="0.96" CONTENT="omfattat"/><SP WIDTH="20" VPOS="1406" HPOS="1414"/>
							<String ID="string_196" HPOS="1434" VPOS="1408" WIDTH="87" HEIGHT="36" WC="0.96" CONTENT="lägst"/><SP WIDTH="22" VPOS="1408" HPOS="1521"/>
							<String ID="string_197" HPOS="1543" VPOS="1409" WIDTH="20" HEIGHT="29" WC="0.96" CONTENT="8"/><SP WIDTH="22" VPOS="1409" HPOS="1563"/>
							<String ID="string_198" HPOS="1585" VPOS="1411" WIDTH="67" HEIGHT="30" WC="0.96" CONTENT="och"/><SP WIDTH="20" VPOS="1411" HPOS="1652"/>
							<String ID="string_199" HPOS="1672" VPOS="1408" WIDTH="100" HEIGHT="37" WC="0.95" CONTENT="högst"/>
						</TextLine>
						<TextLine ID="line_23" HPOS="270" VPOS="1454" WIDTH="1502" HEIGHT="40">
							<String ID="string_200" HPOS="270" VPOS="1455" WIDTH="39" HEIGHT="29" WC="0.93" CONTENT="12"/><SP WIDTH="24" VPOS="1455" HPOS="309"/>
							<String ID="string_201" HPOS="333" VPOS="1455" WIDTH="249" HEIGHT="31" WC="0.86" CONTENT="veckotimmar"/><SP WIDTH="21" VPOS="1455" HPOS="582"/>
							<String ID="string_202" HPOS="603" VPOS="1456" WIDTH="50" HEIGHT="30" WC="0.96" CONTENT="till"/><SP WIDTH="22" VPOS="1456" HPOS="653"/>
							<String ID="string_203" HPOS="675" VPOS="1457" WIDTH="64" HEIGHT="29" WC="0.96" CONTENT="och"/><SP WIDTH="21" VPOS="1457" HPOS="739"/>
							<String ID="string_204" HPOS="760" VPOS="1457" WIDTH="80" HEIGHT="30" WC="0.96" CONTENT="med"/><SP WIDTH="22" VPOS="1457" HPOS="840"/>
							<String ID="string_205" HPOS="862" VPOS="1456" WIDTH="125" HEIGHT="31" WC="0.93" CONTENT="läsåret"/><SP WIDTH="26" VPOS="1456" HPOS="987"/>
							<String ID="string_206" HPOS="1013" VPOS="1454" WIDTH="152" HEIGHT="40" WC="0.91" CONTENT="1936/37,"/><SP WIDTH="24" VPOS="1454" HPOS="1165"/>
							<String ID="string_207" HPOS="1189" VPOS="1458" WIDTH="18" HEIGHT="30" WC="0.93" CONTENT="5"/><SP WIDTH="25" VPOS="1458" HPOS="1207"/>
							<String ID="string_208" HPOS="1232" VPOS="1458" WIDTH="251" HEIGHT="30" WC="0.92" CONTENT="veckotimmar"/><SP WIDTH="20" VPOS="1458" HPOS="1483"/>
							<String ID="string_209" HPOS="1503" VPOS="1459" WIDTH="110" HEIGHT="30" WC="0.91" CONTENT="under"/><SP WIDTH="22" VPOS="1459" HPOS="1613"/>
							<String ID="string_210" HPOS="1635" VPOS="1459" WIDTH="137" HEIGHT="31" WC="0.91" CONTENT="läsåren"/>
						</TextLine>
						<TextLine ID="line_24" HPOS="270" VPOS="1502" WIDTH="745" HEIGHT="42">
							<String ID="string_211" HPOS="270" VPOS="1502" WIDTH="143" HEIGHT="34" WC="0.92" CONTENT="1937/40"/><SP WIDTH="21" VPOS="1502" HPOS="413"/>
							<String ID="string_212" HPOS="434" VPOS="1510" WIDTH="88" HEIGHT="27" WC="0.96" CONTENT="samt"/><SP WIDTH="21" VPOS="1510" HPOS="522"/>
							<String ID="string_213" HPOS="543" VPOS="1507" WIDTH="19" HEIGHT="29" WC="0.93" CONTENT="4"/><SP WIDTH="21" VPOS="1507" HPOS="562"/>
							<String ID="string_214" HPOS="583" VPOS="1507" WIDTH="248" HEIGHT="30" WC="0.92" CONTENT="veckotimmar"/><SP WIDTH="21" VPOS="1507" HPOS="831"/>
							<String ID="string_215" HPOS="852" VPOS="1507" WIDTH="163" HEIGHT="37" WC="0.96" CONTENT="därefter;"/>
						</TextLine>
					</TextBlock>
					<TextBlock ID="block_12" HPOS="263" VPOS="1556" WIDTH="1508" HEIGHT="89">
						<TextLine ID="line_25" HPOS="309" VPOS="1556" WIDTH="1462" HEIGHT="40">
							<String ID="string_216" HPOS="309" VPOS="1559" WIDTH="49" HEIGHT="27" WC="0.95" CONTENT="att"/><SP WIDTH="24" VPOS="1559" HPOS="358"/>
							<String ID="string_217" HPOS="382" VPOS="1557" WIDTH="70" HEIGHT="30" WC="0.95" CONTENT="han"/><SP WIDTH="20" VPOS="1557" HPOS="452"/>
							<String ID="string_218" HPOS="472" VPOS="1556" WIDTH="11" HEIGHT="30" WC="0.96" CONTENT="i"/><SP WIDTH="24" VPOS="1556" HPOS="483"/>
							<String ID="string_219" HPOS="507" VPOS="1557" WIDTH="172" HEIGHT="37" WC="0.96" CONTENT="egenskap"/><SP WIDTH="24" VPOS="1557" HPOS="679"/>
							<String ID="string_220" HPOS="703" VPOS="1566" WIDTH="42" HEIGHT="22" WC="0.96" CONTENT="av"/><SP WIDTH="21" VPOS="1566" HPOS="745"/>
							<String ID="string_221" HPOS="766" VPOS="1558" WIDTH="240" HEIGHT="36" WC="0.93" CONTENT="speciallärare"/><SP WIDTH="21" VPOS="1558" HPOS="1006"/>
							<String ID="string_222" HPOS="1027" VPOS="1557" WIDTH="141" HEIGHT="37" WC="0.91" CONTENT="åtnjutit"/><SP WIDTH="24" VPOS="1557" HPOS="1168"/>
							<String ID="string_223" HPOS="1192" VPOS="1558" WIDTH="100" HEIGHT="38" WC="0.96" CONTENT="årligt"/><SP WIDTH="24" VPOS="1558" HPOS="1292"/>
							<String ID="string_224" HPOS="1316" VPOS="1560" WIDTH="136" HEIGHT="36" WC="0.96" CONTENT="arvode,"/><SP WIDTH="24" VPOS="1560" HPOS="1452"/>
							<String ID="string_225" HPOS="1476" VPOS="1560" WIDTH="104" HEIGHT="30" WC="0.96" CONTENT="vilket"/><SP WIDTH="24" VPOS="1560" HPOS="1580"/>
							<String ID="string_226" HPOS="1604" VPOS="1559" WIDTH="81" HEIGHT="32" WC="0.96" CONTENT="från"/><SP WIDTH="20" VPOS="1559" HPOS="1685"/>
							<String ID="string_227" HPOS="1705" VPOS="1560" WIDTH="66" HEIGHT="30" WC="0.96" CONTENT="och"/>
						</TextLine>
						<TextLine ID="line_26" HPOS="263" VPOS="1604" WIDTH="864" HEIGHT="41">
							<String ID="string_228" HPOS="263" VPOS="1607" WIDTH="81" HEIGHT="30" WC="0.96" CONTENT="med"/><SP WIDTH="19" VPOS="1607" HPOS="344"/>
							<String ID="string_229" HPOS="363" VPOS="1606" WIDTH="125" HEIGHT="31" WC="0.92" CONTENT="läsåret"/><SP WIDTH="23" VPOS="1606" HPOS="488"/>
							<String ID="string_230" HPOS="511" VPOS="1604" WIDTH="142" HEIGHT="34" WC="0.92" CONTENT="1941/42"/><SP WIDTH="21" VPOS="1604" HPOS="653"/>
							<String ID="string_231" HPOS="674" VPOS="1607" WIDTH="109" HEIGHT="37" WC="0.96" CONTENT="utgått"/><SP WIDTH="19" VPOS="1607" HPOS="783"/>
							<String ID="string_232" HPOS="802" VPOS="1608" WIDTH="80" HEIGHT="30" WC="0.96" CONTENT="med"/><SP WIDTH="20" VPOS="1608" HPOS="882"/>
							<String ID="string_233" HPOS="902" VPOS="1608" WIDTH="63" HEIGHT="31" WC="0.96" CONTENT="900"/><SP WIDTH="21" VPOS="1608" HPOS="965"/>
							<String ID="string_234" HPOS="986" VPOS="1609" WIDTH="141" HEIGHT="36" WC="0.96" CONTENT="kronor;"/>
						</TextLine>
					</TextBlock>
					<TextBlock ID="block_13" HPOS="262" VPOS="1656" WIDTH="1509" HEIGHT="190">
						<TextLine ID="line_27" HPOS="307" VPOS="1656" WIDTH="1464" HEIGHT="39">
							<String ID="string_235" HPOS="307" VPOS="1658" WIDTH="51" HEIGHT="28" WC="0.96" CONTENT="att"/><SP WIDTH="23" VPOS="1658" HPOS="358"/>
							<String ID="string_236" HPOS="381" VPOS="1656" WIDTH="116" HEIGHT="37" WC="0.96" CONTENT="Björk,"/><SP WIDTH="24" VPOS="1656" HPOS="497"/>
							<String ID="string_237" HPOS="521" VPOS="1659" WIDTH="108" HEIGHT="29" WC="0.96" CONTENT="sedan"/><SP WIDTH="25" VPOS="1659" HPOS="629"/>
							<String ID="string_238" HPOS="654" VPOS="1659" WIDTH="65" HEIGHT="29" WC="0.96" CONTENT="den"/><SP WIDTH="24" VPOS="1659" HPOS="719"/>
							<String ID="string_239" HPOS="743" VPOS="1659" WIDTH="94" HEIGHT="35" WC="0.96" CONTENT="lägre"/><SP WIDTH="21" VPOS="1659" HPOS="837"/>
							<String ID="string_240" HPOS="858" VPOS="1658" WIDTH="228" HEIGHT="37" WC="0.96" CONTENT="avdelningen"/><SP WIDTH="22" VPOS="1658" HPOS="1086"/>
							<String ID="string_241" HPOS="1108" VPOS="1659" WIDTH="58" HEIGHT="31" WC="0.96" CONTENT="vid"/><SP WIDTH="23" VPOS="1659" HPOS="1166"/>
							<String ID="string_242" HPOS="1189" VPOS="1659" WIDTH="177" HEIGHT="33" WC="0.96" CONTENT="Chalmers"/><SP WIDTH="26" VPOS="1659" HPOS="1366"/>
							<String ID="string_243" HPOS="1392" VPOS="1660" WIDTH="159" HEIGHT="31" WC="0.96" CONTENT="tekniska"/><SP WIDTH="22" VPOS="1660" HPOS="1551"/>
							<String ID="string_244" HPOS="1573" VPOS="1660" WIDTH="134" HEIGHT="31" WC="0.95" CONTENT="institut"/><SP WIDTH="25" VPOS="1660" HPOS="1707"/>
							<String ID="string_245" HPOS="1732" VPOS="1660" WIDTH="39" HEIGHT="31" WC="0.96" CONTENT="år"/>
						</TextLine>
						<TextLine ID="line_28" HPOS="265" VPOS="1707" WIDTH="1504" HEIGHT="41">
							<String ID="string_246" HPOS="265" VPOS="1707" WIDTH="83" HEIGHT="30" WC="0.95" CONTENT="1937"/><SP WIDTH="20" VPOS="1707" HPOS="348"/>
							<String ID="string_247" HPOS="368" VPOS="1707" WIDTH="184" HEIGHT="33" WC="0.96" CONTENT="ombildats"/><SP WIDTH="21" VPOS="1707" HPOS="552"/>
							<String ID="string_248" HPOS="573" VPOS="1708" WIDTH="51" HEIGHT="31" WC="0.96" CONTENT="till"/><SP WIDTH="20" VPOS="1708" HPOS="624"/>
							<String ID="string_249" HPOS="644" VPOS="1708" WIDTH="150" HEIGHT="31" WC="0.96" CONTENT="tekniskt"/><SP WIDTH="17" VPOS="1708" HPOS="794"/>
							<String ID="string_250" HPOS="811" VPOS="1709" WIDTH="229" HEIGHT="37" WC="0.96" CONTENT="gymnasium,"/><SP WIDTH="22" VPOS="1709" HPOS="1040"/>
							<String ID="string_251" HPOS="1062" VPOS="1709" WIDTH="79" HEIGHT="34" WC="0.96" CONTENT="från"/><SP WIDTH="21" VPOS="1709" HPOS="1141"/>
							<String ID="string_252" HPOS="1162" VPOS="1710" WIDTH="64" HEIGHT="30" WC="0.96" CONTENT="och"/><SP WIDTH="18" VPOS="1710" HPOS="1226"/>
							<String ID="string_253" HPOS="1244" VPOS="1711" WIDTH="80" HEIGHT="30" WC="0.96" CONTENT="med"/><SP WIDTH="17" VPOS="1711" HPOS="1324"/>
							<String ID="string_254" HPOS="1341" VPOS="1709" WIDTH="125" HEIGHT="33" WC="0.93" CONTENT="läsåret"/><SP WIDTH="21" VPOS="1709" HPOS="1466"/>
							<String ID="string_255" HPOS="1487" VPOS="1707" WIDTH="142" HEIGHT="35" WC="0.90" CONTENT="1937/38"/><SP WIDTH="19" VPOS="1707" HPOS="1629"/>
							<String ID="string_256" HPOS="1648" VPOS="1711" WIDTH="121" HEIGHT="37" WC="0.91" CONTENT="tjänst-"/>
						</TextLine>
						<TextLine ID="line_29" HPOS="262" VPOS="1758" WIDTH="1508" HEIGHT="40">
							<String ID="string_257" HPOS="262" VPOS="1758" WIDTH="92" HEIGHT="36" WC="0.96" CONTENT="gjort"/><SP WIDTH="29" VPOS="1758" HPOS="354"/>
							<String ID="string_258" HPOS="383" VPOS="1758" WIDTH="57" HEIGHT="31" WC="0.96" CONTENT="vid"/><SP WIDTH="26" VPOS="1758" HPOS="440"/>
							<String ID="string_259" HPOS="466" VPOS="1759" WIDTH="193" HEIGHT="36" WC="0.96" CONTENT="gymnasiet"/><SP WIDTH="28" VPOS="1759" HPOS="659"/>
							<String ID="string_260" HPOS="687" VPOS="1759" WIDTH="113" HEIGHT="31" WC="0.93" CONTENT="såsom"/><SP WIDTH="29" VPOS="1759" HPOS="800"/>
							<String ID="string_261" HPOS="829" VPOS="1759" WIDTH="175" HEIGHT="31" WC="0.91" CONTENT="timlärare"/><SP WIDTH="29" VPOS="1759" HPOS="1004"/>
							<String ID="string_262" HPOS="1033" VPOS="1760" WIDTH="11" HEIGHT="30" WC="0.93" CONTENT="i"/><SP WIDTH="29" VPOS="1760" HPOS="1044"/>
							<String ID="string_263" HPOS="1073" VPOS="1759" WIDTH="323" HEIGHT="39" WC="0.92" CONTENT="frihandsteckning"/><SP WIDTH="27" VPOS="1759" HPOS="1396"/>
							<String ID="string_264" HPOS="1423" VPOS="1761" WIDTH="65" HEIGHT="30" WC="0.93" CONTENT="och"/><SP WIDTH="31" VPOS="1761" HPOS="1488"/>
							<String ID="string_265" HPOS="1519" VPOS="1761" WIDTH="251" HEIGHT="37" WC="0.91" CONTENT="skissteckning"/>
						</TextLine>
						<TextLine ID="line_30" HPOS="263" VPOS="1808" WIDTH="414" HEIGHT="38">
							<String ID="string_266" HPOS="263" VPOS="1811" WIDTH="90" HEIGHT="28" WC="0.93" CONTENT="samt"/><SP WIDTH="21" VPOS="1811" HPOS="353"/>
							<String ID="string_267" HPOS="374" VPOS="1808" WIDTH="303" HEIGHT="38" WC="0.91" CONTENT="projektionslära;"/>
						</TextLine>
					</TextBlock>
					<TextBlock ID="block_14" HPOS="262" VPOS="1859" WIDTH="1506" HEIGHT="140">
						<TextLine ID="line_31" HPOS="305" VPOS="1859" WIDTH="1463" HEIGHT="39">
							<String ID="string_268" HPOS="305" VPOS="1861" WIDTH="52" HEIGHT="28" WC="0.96" CONTENT="att"/><SP WIDTH="18" VPOS="1861" HPOS="357"/>
							<String ID="string_269" HPOS="375" VPOS="1859" WIDTH="87" HEIGHT="33" WC="0.95" CONTENT="hans"/><SP WIDTH="20" VPOS="1859" HPOS="462"/>
							<String ID="string_270" HPOS="482" VPOS="1859" WIDTH="229" HEIGHT="38" WC="0.96" CONTENT="tjänstgöring"/><SP WIDTH="21" VPOS="1859" HPOS="711"/>
							<String ID="string_271" HPOS="732" VPOS="1859" WIDTH="115" HEIGHT="32" WC="0.93" CONTENT="såsom"/><SP WIDTH="17" VPOS="1859" HPOS="847"/>
							<String ID="string_272" HPOS="864" VPOS="1861" WIDTH="176" HEIGHT="30" WC="0.91" CONTENT="timlärare"/><SP WIDTH="19" VPOS="1861" HPOS="1040"/>
							<String ID="string_273" HPOS="1059" VPOS="1861" WIDTH="161" HEIGHT="31" WC="0.95" CONTENT="omfattat"/><SP WIDTH="18" VPOS="1861" HPOS="1220"/>
							<String ID="string_274" HPOS="1238" VPOS="1862" WIDTH="11" HEIGHT="30" WC="0.96" CONTENT="i"/><SP WIDTH="19" VPOS="1862" HPOS="1249"/>
							<String ID="string_275" HPOS="1268" VPOS="1862" WIDTH="161" HEIGHT="31" WC="0.96" CONTENT="medeltal"/><SP WIDTH="20" VPOS="1862" HPOS="1429"/>
							<String ID="string_276" HPOS="1449" VPOS="1861" WIDTH="104" HEIGHT="37" WC="0.96" CONTENT="något"/><SP WIDTH="18" VPOS="1861" HPOS="1553"/>
							<String ID="string_277" HPOS="1571" VPOS="1872" WIDTH="75" HEIGHT="21" WC="0.96" CONTENT="mer"/><SP WIDTH="17" VPOS="1872" HPOS="1646"/>
							<String ID="string_278" HPOS="1663" VPOS="1864" WIDTH="45" HEIGHT="29" WC="0.96" CONTENT="än"/><SP WIDTH="22" VPOS="1864" HPOS="1708"/>
							<String ID="string_279" HPOS="1730" VPOS="1863" WIDTH="38" HEIGHT="29" WC="0.96" CONTENT="12"/>
						</TextLine>
						<TextLine ID="line_32" HPOS="262" VPOS="1909" WIDTH="1506" HEIGHT="40">
							<String ID="string_280" HPOS="262" VPOS="1909" WIDTH="250" HEIGHT="31" WC="0.92" CONTENT="veckotimmar"/><SP WIDTH="21" VPOS="1909" HPOS="512"/>
							<String ID="string_281" HPOS="533" VPOS="1914" WIDTH="90" HEIGHT="27" WC="0.96" CONTENT="samt"/><SP WIDTH="23" VPOS="1914" HPOS="623"/>
							<String ID="string_282" HPOS="646" VPOS="1914" WIDTH="48" HEIGHT="27" WC="0.96" CONTENT="att"/><SP WIDTH="21" VPOS="1914" HPOS="694"/>
							<String ID="string_283" HPOS="715" VPOS="1911" WIDTH="70" HEIGHT="31" WC="0.96" CONTENT="han"/><SP WIDTH="21" VPOS="1911" HPOS="785"/>
							<String ID="string_284" HPOS="806" VPOS="1911" WIDTH="46" HEIGHT="37" WC="0.96" CONTENT="på"/><SP WIDTH="23" VPOS="1911" HPOS="852"/>
							<String ID="string_285" HPOS="875" VPOS="1912" WIDTH="113" HEIGHT="36" WC="0.96" CONTENT="grund"/><SP WIDTH="21" VPOS="1912" HPOS="988"/>
							<String ID="string_286" HPOS="1009" VPOS="1921" WIDTH="43" HEIGHT="22" WC="0.96" CONTENT="av"/><SP WIDTH="22" VPOS="1921" HPOS="1052"/>
							<String ID="string_287" HPOS="1074" VPOS="1913" WIDTH="202" HEIGHT="30" WC="0.93" CONTENT="densamma"/><SP WIDTH="21" VPOS="1913" HPOS="1276"/>
							<String ID="string_288" HPOS="1297" VPOS="1911" WIDTH="142" HEIGHT="38" WC="0.92" CONTENT="åtnjutit"/><SP WIDTH="20" VPOS="1911" HPOS="1439"/>
							<String ID="string_289" HPOS="1459" VPOS="1913" WIDTH="136" HEIGHT="35" WC="0.96" CONTENT="arvode,"/><SP WIDTH="26" VPOS="1913" HPOS="1595"/>
							<String ID="string_290" HPOS="1621" VPOS="1921" WIDTH="75" HEIGHT="22" WC="0.91" CONTENT="som"/><SP WIDTH="23" VPOS="1921" HPOS="1696"/>
							<String ID="string_291" HPOS="1719" VPOS="1922" WIDTH="49" HEIGHT="21" WC="0.91" CONTENT="se-"/>
						</TextLine>
						<TextLine ID="line_33" HPOS="262" VPOS="1959" WIDTH="870" HEIGHT="40">
							<String ID="string_292" HPOS="262" VPOS="1962" WIDTH="79" HEIGHT="28" WC="0.96" CONTENT="nast"/><SP WIDTH="18" VPOS="1962" HPOS="341"/>
							<String ID="string_293" HPOS="359" VPOS="1959" WIDTH="109" HEIGHT="38" WC="0.96" CONTENT="utgått"/><SP WIDTH="19" VPOS="1959" HPOS="468"/>
							<String ID="string_294" HPOS="487" VPOS="1962" WIDTH="79" HEIGHT="29" WC="0.96" CONTENT="med"/><SP WIDTH="19" VPOS="1962" HPOS="566"/>
							<String ID="string_295" HPOS="585" VPOS="1962" WIDTH="65" HEIGHT="29" WC="0.96" CONTENT="276"/><SP WIDTH="20" VPOS="1962" HPOS="650"/>
							<String ID="string_296" HPOS="670" VPOS="1962" WIDTH="129" HEIGHT="30" WC="0.96" CONTENT="kronor"/><SP WIDTH="18" VPOS="1962" HPOS="799"/>
							<String ID="string_297" HPOS="817" VPOS="1961" WIDTH="56" HEIGHT="32" WC="0.93" CONTENT="för"/><SP WIDTH="18" VPOS="1961" HPOS="873"/>
							<String ID="string_298" HPOS="891" VPOS="1962" WIDTH="241" HEIGHT="37" WC="0.88" CONTENT="veckotimme;"/>
						</TextLine>
					</TextBlock>
					<TextBlock ID="block_15" HPOS="260" VPOS="2011" WIDTH="1509" HEIGHT="87">
						<TextLine ID="line_34" HPOS="306" VPOS="2011" WIDTH="1463" HEIGHT="39">
							<String ID="string_299" HPOS="306" VPOS="2013" WIDTH="50" HEIGHT="28" WC="0.96" CONTENT="att"/><SP WIDTH="19" VPOS="2013" HPOS="356"/>
							<String ID="string_300" HPOS="375" VPOS="2011" WIDTH="71" HEIGHT="29" WC="0.96" CONTENT="han"/><SP WIDTH="17" VPOS="2011" HPOS="446"/>
							<String ID="string_301" HPOS="463" VPOS="2011" WIDTH="172" HEIGHT="32" WC="0.96" CONTENT="beräknas"/><SP WIDTH="20" VPOS="2011" HPOS="635"/>
							<String ID="string_302" HPOS="655" VPOS="2012" WIDTH="116" HEIGHT="32" WC="0.96" CONTENT="lämna"/><SP WIDTH="17" VPOS="2012" HPOS="771"/>
							<String ID="string_303" HPOS="788" VPOS="2012" WIDTH="77" HEIGHT="32" WC="0.96" CONTENT="sina"/><SP WIDTH="17" VPOS="2012" HPOS="865"/>
							<String ID="string_304" HPOS="882" VPOS="2011" WIDTH="265" HEIGHT="37" WC="0.96" CONTENT="ifrågavarande"/><SP WIDTH="19" VPOS="2011" HPOS="1147"/>
							<String ID="string_305" HPOS="1166" VPOS="2013" WIDTH="250" HEIGHT="37" WC="0.96" CONTENT="anställningar"/><SP WIDTH="19" VPOS="2013" HPOS="1416"/>
							<String ID="string_306" HPOS="1435" VPOS="2013" WIDTH="80" HEIGHT="31" WC="0.96" CONTENT="med"/><SP WIDTH="19" VPOS="2013" HPOS="1515"/>
							<String ID="string_307" HPOS="1534" VPOS="2012" WIDTH="173" HEIGHT="38" WC="0.96" CONTENT="utgången"/><SP WIDTH="19" VPOS="2012" HPOS="1707"/>
							<String ID="string_308" HPOS="1726" VPOS="2023" WIDTH="43" HEIGHT="21" WC="0.96" CONTENT="av"/>
						</TextLine>
						<TextLine ID="line_35" HPOS="260" VPOS="2061" WIDTH="303" HEIGHT="37">
							<String ID="string_309" HPOS="260" VPOS="2061" WIDTH="189" HEIGHT="31" WC="0.96" CONTENT="november"/><SP WIDTH="18" VPOS="2061" HPOS="449"/>
							<String ID="string_310" HPOS="467" VPOS="2062" WIDTH="96" HEIGHT="36" WC="0.96" CONTENT="1945;"/>
						</TextLine>
					</TextBlock>
					<TextBlock ID="block_16" HPOS="261" VPOS="2111" WIDTH="1507" HEIGHT="89">
						<TextLine ID="line_36" HPOS="306" VPOS="2111" WIDTH="1462" HEIGHT="40">
							<String ID="string_311" HPOS="306" VPOS="2115" WIDTH="90" HEIGHT="27" WC="0.95" CONTENT="samt"/><SP WIDTH="19" VPOS="2115" HPOS="396"/>
							<String ID="string_312" HPOS="415" VPOS="2115" WIDTH="48" HEIGHT="27" WC="0.95" CONTENT="att"/><SP WIDTH="17" VPOS="2115" HPOS="463"/>
							<String ID="string_313" HPOS="480" VPOS="2112" WIDTH="70" HEIGHT="32" WC="0.96" CONTENT="han"/><SP WIDTH="20" VPOS="2112" HPOS="550"/>
							<String ID="string_314" HPOS="570" VPOS="2111" WIDTH="80" HEIGHT="32" WC="0.93" CONTENT="från"/><SP WIDTH="18" VPOS="2111" HPOS="650"/>
							<String ID="string_315" HPOS="668" VPOS="2112" WIDTH="313" HEIGHT="38" WC="0.92" CONTENT="slöjdföreningens"/><SP WIDTH="22" VPOS="2112" HPOS="981"/>
							<String ID="string_316" HPOS="1003" VPOS="2114" WIDTH="97" HEIGHT="30" WC="0.96" CONTENT="skola"/><SP WIDTH="20" VPOS="2114" HPOS="1100"/>
							<String ID="string_317" HPOS="1120" VPOS="2114" WIDTH="11" HEIGHT="30" WC="0.96" CONTENT="i"/><SP WIDTH="23" VPOS="2114" HPOS="1131"/>
							<String ID="string_318" HPOS="1154" VPOS="2113" WIDTH="170" HEIGHT="38" WC="0.95" CONTENT="Göteborg"/><SP WIDTH="19" VPOS="2113" HPOS="1324"/>
							<String ID="string_319" HPOS="1343" VPOS="2115" WIDTH="106" HEIGHT="30" WC="0.96" CONTENT="sedan"/><SP WIDTH="20" VPOS="2115" HPOS="1449"/>
							<String ID="string_320" HPOS="1469" VPOS="2115" WIDTH="68" HEIGHT="30" WC="0.95" CONTENT="den"/><SP WIDTH="20" VPOS="2115" HPOS="1537"/>
							<String ID="string_321" HPOS="1557" VPOS="2115" WIDTH="14" HEIGHT="29" WC="0.95" CONTENT="1"/><SP WIDTH="25" VPOS="2115" HPOS="1571"/>
							<String ID="string_322" HPOS="1596" VPOS="2114" WIDTH="65" HEIGHT="37" WC="0.96" CONTENT="juli"/><SP WIDTH="24" VPOS="2114" HPOS="1661"/>
							<String ID="string_323" HPOS="1685" VPOS="2114" WIDTH="83" HEIGHT="31" WC="0.96" CONTENT="1943"/>
						</TextLine>
						<TextLine ID="line_37" HPOS="261" VPOS="2162" WIDTH="780" HEIGHT="38">
							<String ID="string_324" HPOS="261" VPOS="2162" WIDTH="140" HEIGHT="36" WC="0.96" CONTENT="uppbär"/><SP WIDTH="17" VPOS="2162" HPOS="401"/>
							<String ID="string_325" HPOS="418" VPOS="2172" WIDTH="42" HEIGHT="21" WC="0.96" CONTENT="en"/><SP WIDTH="19" VPOS="2172" HPOS="460"/>
							<String ID="string_326" HPOS="479" VPOS="2162" WIDTH="88" HEIGHT="38" WC="0.96" CONTENT="årlig"/><SP WIDTH="15" VPOS="2162" HPOS="567"/>
							<String ID="string_327" HPOS="582" VPOS="2163" WIDTH="146" HEIGHT="37" WC="0.93" CONTENT="pension"/><SP WIDTH="17" VPOS="2163" HPOS="728"/>
							<String ID="string_328" HPOS="745" VPOS="2163" WIDTH="20" HEIGHT="31" WC="0.92" CONTENT="å"/><SP WIDTH="21" VPOS="2163" HPOS="765"/>
							<String ID="string_329" HPOS="786" VPOS="2164" WIDTH="19" HEIGHT="30" WC="0.96" CONTENT="3"/><SP WIDTH="16" VPOS="2164" HPOS="805"/>
							<String ID="string_330" HPOS="821" VPOS="2165" WIDTH="62" HEIGHT="30" WC="0.95" CONTENT="156"/><SP WIDTH="20" VPOS="2165" HPOS="883"/>
							<String ID="string_331" HPOS="903" VPOS="2165" WIDTH="138" HEIGHT="31" WC="0.96" CONTENT="kronor."/>
						</TextLine>
					</TextBlock>
				</ComposedBlock>
				<ComposedBlock ID="cblock_7" HPOS="263" VPOS="2262" WIDTH="1504" HEIGHT="91">
					<TextBlock ID="block_17" HPOS="263" VPOS="2262" WIDTH="1504" HEIGHT="91">
						<TextLine ID="line_38" HPOS="310" VPOS="2262" WIDTH="1457" HEIGHT="40">
							<String ID="string_332" HPOS="310" VPOS="2262" WIDTH="180" HEIGHT="38" WC="0.96" CONTENT="Utskottet,"/><SP WIDTH="22" VPOS="2262" HPOS="490"/>
							<String ID="string_333" HPOS="512" VPOS="2273" WIDTH="75" HEIGHT="21" WC="0.96" CONTENT="som"/><SP WIDTH="20" VPOS="2273" HPOS="587"/>
							<String ID="string_334" HPOS="607" VPOS="2264" WIDTH="78" HEIGHT="31" WC="0.96" CONTENT="icke"/><SP WIDTH="17" VPOS="2264" HPOS="685"/>
							<String ID="string_335" HPOS="702" VPOS="2264" WIDTH="114" HEIGHT="31" WC="0.96" CONTENT="funnit"/><SP WIDTH="19" VPOS="2264" HPOS="816"/>
							<String ID="string_336" HPOS="835" VPOS="2265" WIDTH="185" HEIGHT="37" WC="0.96" CONTENT="anledning"/><SP WIDTH="20" VPOS="2265" HPOS="1020"/>
							<String ID="string_337" HPOS="1040" VPOS="2265" WIDTH="51" HEIGHT="31" WC="0.96" CONTENT="till"/><SP WIDTH="21" VPOS="2265" HPOS="1091"/>
							<String ID="string_338" HPOS="1112" VPOS="2266" WIDTH="138" HEIGHT="30" WC="0.96" CONTENT="erinran"/><SP WIDTH="19" VPOS="2266" HPOS="1250"/>
							<String ID="string_339" HPOS="1269" VPOS="2270" WIDTH="72" HEIGHT="26" WC="0.96" CONTENT="mot"/><SP WIDTH="22" VPOS="2270" HPOS="1341"/>
							<String ID="string_340" HPOS="1363" VPOS="2266" WIDTH="121" HEIGHT="36" WC="0.96" CONTENT="Kungl."/><SP WIDTH="21" VPOS="2266" HPOS="1484"/>
							<String ID="string_341" HPOS="1505" VPOS="2265" WIDTH="118" HEIGHT="36" WC="0.93" CONTENT="Maj:ts"/><SP WIDTH="18" VPOS="2265" HPOS="1623"/>
							<String ID="string_342" HPOS="1641" VPOS="2264" WIDTH="126" HEIGHT="38" WC="0.92" CONTENT="ifråga-"/>
						</TextLine>
						<TextLine ID="line_39" HPOS="263" VPOS="2314" WIDTH="550" HEIGHT="39">
							<String ID="string_343" HPOS="263" VPOS="2315" WIDTH="154" HEIGHT="30" WC="0.96" CONTENT="varande"/><SP WIDTH="25" VPOS="2315" HPOS="417"/>
							<String ID="string_344" HPOS="442" VPOS="2314" WIDTH="137" HEIGHT="37" WC="0.96" CONTENT="förslag,"/><SP WIDTH="26" VPOS="2314" HPOS="579"/>
							<String ID="string_345" HPOS="605" VPOS="2315" WIDTH="208" HEIGHT="38" WC="0.95" CONTENT="hemställer,"/>
						</TextLine>
					</TextBlock>
				</ComposedBlock>
				<ComposedBlock ID="cblock_8" HPOS="574" VPOS="2399" WIDTH="1192" HEIGHT="88">
					<TextBlock ID="block_18" HPOS="574" VPOS="2399" WIDTH="1192" HEIGHT="88">
						<TextLine ID="line_40" HPOS="618" VPOS="2399" WIDTH="1148" HEIGHT="38">
							<String ID="string_346" HPOS="618" VPOS="2403" WIDTH="49" HEIGHT="27" WC="0.96" CONTENT="att"/><SP WIDTH="22" VPOS="2403" HPOS="667"/>
							<String ID="string_347" HPOS="689" VPOS="2399" WIDTH="184" HEIGHT="37" WC="0.95" CONTENT="riksdagen"/><SP WIDTH="22" VPOS="2399" HPOS="873"/>
							<String ID="string_348" HPOS="895" VPOS="2400" WIDTH="58" HEIGHT="31" WC="0.95" CONTENT="må"/><SP WIDTH="21" VPOS="2400" HPOS="953"/>
							<String ID="string_349" HPOS="974" VPOS="2400" WIDTH="122" HEIGHT="31" WC="0.95" CONTENT="bifalla"/><SP WIDTH="24" VPOS="2400" HPOS="1096"/>
							<String ID="string_350" HPOS="1120" VPOS="2400" WIDTH="121" HEIGHT="37" WC="0.96" CONTENT="Kungl."/><SP WIDTH="25" VPOS="2400" HPOS="1241"/>
							<String ID="string_351" HPOS="1266" VPOS="2400" WIDTH="119" HEIGHT="37" WC="0.96" CONTENT="Maj:ts"/><SP WIDTH="24" VPOS="2400" HPOS="1385"/>
							<String ID="string_352" HPOS="1409" VPOS="2400" WIDTH="228" HEIGHT="32" WC="0.93" CONTENT="förevarande"/><SP WIDTH="21" VPOS="2400" HPOS="1637"/>
							<String ID="string_353" HPOS="1658" VPOS="2400" WIDTH="108" HEIGHT="32" WC="0.91" CONTENT="fram-"/>
						</TextLine>
						<TextLine ID="line_41" HPOS="574" VPOS="2450" WIDTH="170" HEIGHT="37">
							<String ID="string_354" HPOS="574" VPOS="2450" WIDTH="170" HEIGHT="37" WC="0.96" CONTENT="ställning."/>
						</TextLine>
					</TextBlock>
				</ComposedBlock>
			</PrintSpace>
		</Page>
	</Layout>
</alto>
