1870 2790
85 1828 127 24 Utskottet.

260 140 36 29 14
697 146 307 31 Bankoutskottets
1027 147 174 31 utlåtande
1225 158 41 20 nr
1293 149 48 29 26.

306 228 12 29 I
341 228 170 36 egenskap
531 238 42 20 av
592 229 111 30 lärare
722 229 58 30 vid
799 230 310 36 musikhögskolan
1131 232 137 35 uppbär
1288 232 143 31 Norlind
1452 237 46 26 ett
1517 232 100 37 årligt
1636 234 127 30 arvode

260 279 43 21 av
321 271 19 29 3
355 271 61 29 500
435 271 129 30 kronor
580 271 108 36 jämte
709 272 19 30 3
749 271 230 38 ålderstillägg
996 277 75 26 vart
1092 274 65 30 och
1177 277 46 27 ett
1243 273 21 31 å
1285 275 62 29 400
1366 275 129 31 kronor
1517 276 82 30 eller
1617 275 145 32 sålunda

259 312 145 36 tillhopa
423 313 19 29 4
458 314 61 30 700
539 314 129 30 kronor
690 318 86 26 utan
795 314 320 37 tilläggsförmåner.
1137 315 52 31 Då
1209 326 84 21 man
1312 317 95 30 torde
1427 318 119 30 kunna
1569 318 81 37 utgå
1669 318 93 31 ifrån

259 357 50 28 att
332 355 302 31 löneförmånerna
654 357 142 36 avvägts
816 358 80 30 med
915 358 138 36 hänsyn
1073 358 50 30 till
1146 358 353 38 tjänstgöringsorten,
1523 361 158 30 kommer
1705 371 56 21 av-

259 397 161 37 löningen
435 398 86 30 efter
536 397 261 32 frånräknande
814 409 42 20 av
875 401 67 29 vad
959 410 74 20 som
1049 401 70 30 kan
1137 411 100 21 anses
1254 406 173 26 motsvara
1443 403 253 38 dyrtidstillägg
1713 406 49 28 att

259 440 154 30 närmast
430 444 173 27 motsvara
619 442 59 29 lön
696 441 10 30 i
726 442 74 30 15:e
816 443 218 30 löneklassen
1049 443 103 36 enligt
1167 444 44 30 de
1227 444 73 30 före
1322 445 65 30 den
1407 446 13 29 1
1440 445 63 36 juli
1525 447 82 29 1939
1627 446 55 30 för
1702 447 58 30 all-

259 483 129 30 männa
404 483 335 37 civilförvaltningen
753 485 159 35 gällande
927 486 255 35 löneplanerna.
1201 486 119 31 Lönen
1338 486 45 36 på
1399 487 97 31 A-ort
1511 489 99 35 utgör
1625 488 11 30 i
1655 488 106 37 sagda

259 525 171 31 löneklass
450 526 20 29 3
484 526 63 30 450
568 526 138 30 kronor.
734 527 143 30 Norlind
898 528 66 30 har
984 528 76 30 före
1079 529 56 30 det
1157 529 71 30 han
1252 529 172 31 tillträdde
1447 530 53 31 sin
1521 530 107 31 sedan
1651 532 65 30 den
1744 532 14 29 1

258 567 186 31 november
467 569 82 30 1918
569 568 198 31 innehavda
788 569 193 37 befattning
1001 570 58 30 vid
1078 571 320 37 musikhögskolan,
1422 573 110 31 under
1552 570 57 39 8'/;
1632 573 55 32 års
1711 573 51 31 tid

258 609 156 37 fullgjort
431 611 313 31 lärarverksamhet
762 621 75 21 som
856 612 124 30 docent
1000 613 59 30 vid
1075 613 233 31 universitetet
1325 615 65 30 och
1411 616 93 30 torde
1522 615 100 31 alltså
1642 616 11 30 i
1672 616 88 31 före-

258 653 150 30 varande
425 653 197 31 hänseende
640 654 121 30 kunna
781 654 254 36 tillgodoräkna
1055 665 42 20 en
1114 656 279 36 anställningstid
1410 667 42 21 av
1472 668 73 20 mer
1567 659 45 29 än
1631 659 41 30 30
1691 658 39 31 år
1749 659 11 30 i

258 698 127 27 statens
406 695 115 36 tjänst.
544 696 77 30 Med
644 696 220 38 tillämpning
883 706 43 21 av
947 698 197 36 sedvanliga
1165 699 362 37 beräkningsgrunder
1547 701 111 31 skulle
1678 711 82 27 pen-

258 737 119 30 sionen
396 737 54 30 för
473 738 144 31 Norlind
635 738 147 31 sålunda
801 740 120 30 kunna
939 740 210 31 bestämmas
1169 741 51 30 till
1250 738 46 41 (”/;
1315 740 31 30 X
1362 743 19 29 3
1395 743 63 30 450
1471 756 45 11 =
1529 744 18 29 2
1562 744 78 36 300;
1663 745 18 29 2
1696 744 64 30 300

316 781 38 28 10
371 776 42 34 9/0
428 801 46 4 =
493 782 18 28 2
525 780 75 38 070)
623 781 10 30 i
651 782 172 30 avrundat
842 783 47 29 tal
908 784 18 28 2
940 783 64 30 076
1022 783 129 30 kronor
1167 783 55 30 för
1242 783 47 31 år.

301 822 75 30 Vad
391 823 170 30 beträffar
577 822 124 37 frågan
720 824 173 31 huruvida
913 825 189 36 pensionen
1120 825 55 31 för
1193 826 146 31 Norlind
1358 828 80 30 med
1455 828 137 36 hänsyn
1609 828 52 31 till
1680 829 79 30 den-

256 873 60 22 nes
337 865 193 31 värdefulla
549 865 147 31 insatser
718 865 44 37 på
787 867 177 31 musikens
987 867 142 32 område
1149 868 64 30 bör
1233 870 149 35 avvägas
1406 870 85 30 efter
1512 870 248 37 förmånligare

255 907 151 35 grunder
424 909 44 29 än
491 918 89 20 ovan
601 909 149 36 angivna
772 909 58 30 vill
850 911 245 30 statskontoret
1115 911 122 35 erinra,
1259 915 50 27 att
1329 912 251 32 ämbetsverket
1600 914 11 29 i
1635 914 41 30 de
1697 914 62 30 fall

257 950 63 29 där
336 949 97 37 fråga
450 951 89 30 varit
555 960 57 21 om
629 952 301 35 honnörspension
948 962 75 21 som
1041 952 52 31 sin
1113 953 222 37 uppfattning
1353 956 133 35 uttalat,
1506 959 49 27 att
1573 957 80 30 med
1673 957 85 30 hän-

256 1001 64 27 syn
340 992 49 30 till
408 993 302 31 konsekvenserna
730 994 11 30 i
765 994 92 31 olika
877 994 193 37 riktningar
1090 997 124 29 största
1234 996 218 37 försiktighet
1472 997 79 31 från
1575 1000 182 29 statsmak-

257 1038 113 27 ternas
388 1035 74 31 sida
479 1036 107 30 borde
602 1036 172 36 iakttagas
791 1037 58 30 vid
865 1037 197 37 beviljande
1082 1048 42 21 av
1144 1038 131 32 sådana
1296 1040 190 35 pensioner.
1507 1040 252 32 Statskontoret

255 1078 71 30 kan
344 1078 55 30 för
415 1078 52 30 sin
484 1079 54 29 del
554 1077 170 38 svårligen
742 1079 99 31 finna
860 1084 49 26 att
926 1081 68 29 vad
1010 1080 11 30 i
1040 1081 140 30 ärendet
1197 1081 134 31 anförts
1348 1084 99 34 utgör
1467 1083 198 38 tillräckligt
1682 1084 77 31 stöd

256 1119 55 31 för
328 1120 194 37 beviljande
539 1130 42 21 av
600 1121 105 37 högre
722 1122 144 35 pension
884 1123 44 29 än
946 1123 68 30 vad
1033 1123 64 30 här
1114 1133 89 21 ovan
1222 1124 203 37 föreslagits.

299 1195 264 37 Föredragande
585 1197 183 30 statsrådet
791 1199 65 29 har
877 1199 117 30 anfört
1017 1200 11 29 i
1052 1200 183 31 huvudsak
1259 1201 168 36 följande:

301 1254 63 30 Vid
384 1255 215 30 bedömande
621 1266 42 20 av
686 1256 66 30 den
774 1257 232 37 föreliggande
1030 1259 288 36 pensionsfrågan
1339 1261 62 28 bör
1423 1261 152 35 beaktas,
1600 1264 48 26 att
1673 1261 83 29 Nor-

255 1296 73 31 lind
354 1296 85 30 efter
463 1297 213 36 övergången
701 1298 20 30 å
746 1299 66 29 den
836 1309 68 26 nya
928 1301 190 31 lönestaten
1142 1301 50 29 till
1217 1311 43 20 en
1285 1302 124 36 början
1435 1303 147 29 kommit
1606 1303 10 29 i
1642 1302 113 36 åtnju-

258 1338 100 30 tande
379 1348 42 20 av
442 1348 41 20 en
504 1340 134 30 mindre
659 1341 287 36 löneförbättring
967 1352 79 20 men
1067 1343 110 29 under
1197 1344 41 29 de
1261 1348 132 26 senaste
1414 1343 82 31 åren
1516 1345 147 30 kommit
1684 1345 10 29 i
1715 1354 42 20 en

255 1380 179 36 väsentligt
458 1383 111 28 sämre
591 1382 161 36 ställning
776 1382 43 36 på
842 1385 111 33 grund
976 1394 42 20 av
1040 1388 48 26 att
1109 1384 19 30 å
1150 1386 141 29 arvodet
1314 1386 74 29 icke
1411 1386 108 36 utgått
1542 1387 125 36 rörliga
1691 1387 64 29 till-

254 1422 281 35 läggsförmåner.
558 1423 122 30 Härtill
701 1425 158 29 kommer
879 1429 48 26 att
948 1426 70 29 han
1040 1426 173 31 förlorade
1234 1428 53 29 sin
1308 1429 65 29 rätt
1395 1428 49 30 till
1465 1429 154 35 pension,
1641 1429 115 30 vilken

255 1465 109 29 skulle
383 1465 89 30 hava
492 1465 142 36 uppgått
655 1466 49 29 till
724 1467 160 36 omkring
903 1469 17 27 2
937 1469 61 29 700
1018 1469 128 30 kronor
1163 1469 56 29 för
1236 1468 40 31 år
1292 1469 106 36 jämte
1417 1471 145 35 dyrtids-
1583 1472 65 28 och
1669 1471 85 30 kris-

254 1506 124 36 tillägg.
402 1507 11 29 I
438 1507 225 32 betraktande
685 1518 43 19 av
751 1509 55 29 det
829 1509 147 30 anförda
1000 1515 88 25 samt
1110 1512 78 29 med
1211 1512 137 35 hänsyn
1369 1512 129 36 jämväl
1521 1512 49 30 till
1593 1513 162 30 Norlinds

254 1549 219 29 verksamhet
501 1549 30 36 ej
560 1550 84 29 blott
673 1550 58 30 vid
760 1551 310 36 musikhögskolan
1097 1556 83 26 utan
1207 1553 87 30 även
1323 1553 43 36 på
1395 1555 108 29 andra
1532 1555 223 36 närliggande

254 1590 175 35 områden,
458 1601 100 20 anser
584 1592 58 35 jag
669 1592 70 36 mig
766 1593 84 30 böra
877 1593 181 36 tillstyrka,
1086 1598 47 26 att
1159 1595 71 29 han
1259 1596 159 29 kommer
1444 1596 9 29 i
1480 1596 204 36 åtnjutande
1713 1607 42 20 av

253 1632 143 35 pension
415 1643 42 20 av
476 1634 205 29 statsmedel.
703 1634 79 30 Med
799 1634 258 36 utgångspunkt
1075 1635 78 31 från
1172 1638 172 28 storleken
1362 1647 42 20 av
1423 1638 65 29 den
1505 1639 154 34 pension,
1680 1649 74 20 som

253 1675 71 29 han
347 1676 108 28 skulle
480 1675 135 30 erhållit
637 1676 57 29 vid
716 1676 228 30 kvarstående
968 1676 20 31 å
1010 1676 65 31 den
1099 1678 95 30 äldre
1216 1679 199 35 lönestaten,
1438 1680 11 29 i
1471 1680 105 30 vilket
1599 1681 61 30 fall
1683 1682 71 30 han

253 1717 189 29 emellertid
464 1717 76 30 haft
564 1721 47 26 att
634 1718 195 30 vidkännas
851 1719 302 36 pensionsavdrag,
1176 1720 58 29 vill
1256 1721 57 35 jag
1337 1721 135 36 föreslå,
1496 1726 48 26 att
1566 1724 188 34 pensionen

252 1759 206 30 bestämmes
485 1759 51 30 till
560 1760 17 28 2
592 1760 62 31 400
680 1761 129 29 kronor
834 1760 56 30 för
912 1759 47 31 år.

297 1833 78 31 Med
396 1835 136 35 hänsyn
551 1835 50 29 till
623 1837 66 28 vad
711 1835 10 30 i
742 1837 140 29 ärendet
902 1836 134 31 anförts
1057 1837 50 30 till
1127 1838 76 30 stöd
1223 1838 56 30 för
1299 1838 162 37 förslaget
1481 1850 57 20 om
1560 1841 194 30 beredande

252 1894 43 20 av
320 1894 41 20 en
384 1885 144 35 pension
551 1895 42 20 av
618 1887 198 29 statsmedel
838 1886 34 31 åt
897 1887 145 30 Norlind
1064 1887 114 31 finner
1201 1889 165 30 utskottet
1391 1890 49 35 sig
1463 1891 85 29 böra
1572 1891 181 36 tillstyrka,

252 1939 50 26 att
329 1936 143 30 Norlind
497 1936 143 36 beviljas
667 1937 144 35 pension
836 1940 78 29 med
940 1937 56 31 det
1020 1947 42 21 av
1088 1938 122 36 Kungl.
1237 1939 102 36 Maj:t
1363 1940 194 36 föreslagna
1583 1942 169 35 beloppet.

253 1985 169 32 Utskottet
446 1987 198 30 hemställer
666 1987 102 36 förty,

601 2066 51 27 att
673 2063 185 36 riksdagen
882 2063 57 30 må
962 2064 121 30 bifalla
1107 2064 121 36 Kungl.
1254 2065 118 36 Maj:ts
1396 2065 228 32 förevarande
1647 2067 104 30 fram-

559 2113 171 37 ställning.

967 2207 66 29 9:0.

290 2288 155 31 Läraren
471 2299 11 20 i
507 2289 251 37 oboespelning
781 2290 58 30 vid
863 2290 315 37 musikhögskolan
1205 2291 112 37 Georg
1341 2293 129 29 Arthur
1496 2293 113 35 Pegel.
1634 2293 118 30 Under

249 2340 156 35 punkten
427 2341 19 29 6
465 2350 42 20 av
526 2340 260 36 propositionen
805 2351 42 20 nr
869 2342 60 29 192
950 2341 146 31 föreslår
1115 2342 122 36 Kungl.
1258 2342 101 37 Maj:t
1379 2343 183 36 riksdagen
1582 2343 168 36 medgiva,

249 2394 50 26 att
320 2391 135 30 läraren
476 2391 10 29 i
509 2391 245 36 oboespelning
776 2391 59 31 vid
855 2392 310 36 musikhögskolan
1189 2392 108 37 Georg
1320 2393 127 30 Arthur
1469 2393 100 36 Pegel
1592 2392 57 31 må
1672 2393 78 31 från

249 2441 66 30 och
335 2441 79 30 med
434 2440 172 32 månaden
627 2442 79 30 näst
728 2442 86 30 efter
834 2442 75 35 den,
932 2443 173 29 varunder
1123 2444 72 29 han
1216 2443 137 30 lämnar
1374 2443 51 31 sin
1447 2443 218 37 anställning,
1689 2454 60 20 un-
