2210 2624
415 194 116 32 Andra
554 194 219 33 Kammarens
799 196 176 42 Tillfälliga
1004 196 141 33 Utskotts
1169 197 79 42 (N:o
1274 198 32 41 3)
1337 198 172 33 Utlåtande
1532 199 67 33 N:o
1622 201 52 32 15.
1806 203 40 30 41

344 281 164 35 Rörande
549 283 192 34 ändamålet
779 285 76 33 med
896 284 441 47 torfberedningsförsöken
1373 289 60 33 vid
1464 288 194 36 Koskivare
1692 286 156 38 skrifver

245 337 136 32 statens
408 332 242 51 torfingenjör
678 335 114 36 bland
821 341 127 31 annat:

341 386 306 39 »Hufvudvikten
676 388 64 37 vid
767 388 170 38 försöken
966 390 119 49 ligger
1113 391 56 35 uti
1198 394 56 34 att
1281 393 184 48 praktiskt
1493 398 143 41 utröna,
1659 394 98 36 huru
1777 394 70 37 den

243 440 368 37 maskinbearbetade
653 441 145 38 torfven
832 443 96 36 skall
962 444 127 35 kunna
1117 444 161 37 erhållas
1306 447 60 35 väl
1395 447 141 49 bärgad
1565 448 11 35 i
1605 448 102 36 detta
1736 448 109 36 nord-

242 494 77 48 liga
346 494 145 37 klimat.
522 517 50 3 —
603 517 50 4 —
682 518 51 3 —

243 569 51 3 —
323 570 49 3 —
403 570 50 3 —
482 547 295 51 Torfberedning
804 550 13 34 i
845 548 242 39 Norrbottens
1115 552 61 35 lån
1205 552 74 36 kan
1309 553 154 49 bidraga
1491 554 62 35 till
1569 554 116 36 länets
1704 555 141 36 koloni-

241 601 122 48 sering
390 603 67 34 och
488 602 123 51 lämna
640 602 308 38 arbetstillfällen.
980 627 50 3 —
1060 627 50 3 —
1140 627 50 3 —

242 675 50 5 —
323 677 50 3 —
402 677 50 4 —
481 655 225 37 Åndamålet
747 657 82 36 med
870 656 477 51 torfberedningsförsöken
1385 660 61 36 vid
1483 660 201 37 Koskivare
1714 668 40 29 är
1781 674 61 23 na-

242 708 193 49 turligtvis
481 709 69 36 ock
598 714 54 31 att
697 711 123 35 lämna
847 709 150 38 tillfälle
1026 711 57 36 för
1111 711 242 38 Norrbottens
1380 714 209 49 inbyggare
1619 717 54 34 att
1701 714 37 36 få
1765 716 78 35 lära

241 761 121 36 känna
390 762 69 35 och
487 762 154 37 värdera
670 763 62 36 det
759 764 95 48 goda
884 765 156 44 bränsle,
1071 765 79 36 dess
1178 765 196 50 landskaps
1401 767 218 36 torfmossar
1648 768 193 36 innehålla.

347 814 139 37 Införes
526 829 52 22 nu
618 816 266 50 torfeldningen
927 818 63 36 vid
1022 819 407 49 järnvägsstationerna,
1458 821 127 36 kunna
1614 821 228 37 därvarande

238 869 71 34 och
338 869 239 49 närliggande
606 870 201 37 samhällen
835 870 89 50 följa
948 873 217 47 exemplet.»

347 1028 198 46 Utskottet,
565 1042 78 23 som
662 1031 213 36 instämmer
894 1032 11 35 i
925 1033 290 36 motionärernas
1234 1033 216 36 uttalanden
1471 1035 155 36 rörande
1646 1036 71 35 den
1736 1041 102 31 stora

237 1082 126 36 vikten
410 1081 41 37 af
492 1096 45 23 en
586 1085 197 36 utvecklad
828 1086 169 36 inhemsk
1034 1086 243 45 torfindustri,
1329 1100 105 23 anser
1467 1089 151 48 jämväl,
1667 1090 11 35 i
1721 1090 118 36 likhet

236 1136 86 36 med
350 1137 278 45 motionärerna,
656 1141 55 33 att
738 1141 117 34 staten
884 1139 86 49 själf
995 1152 133 36 genom
1157 1140 232 49 användning
1417 1141 13 35 i
1458 1141 38 36 så
1524 1142 205 37 vidsträckt
1748 1145 90 47 grad

236 1202 79 23 som
344 1190 146 48 möjligt
518 1189 41 36 af
583 1193 76 34 torf
686 1192 60 35 till
773 1192 151 49 eldning
952 1194 12 34 i
993 1197 134 32 statens
1157 1194 91 35 verk
1277 1194 66 36 bör
1370 1193 133 50 främja
1532 1195 119 36 denna
1679 1196 158 36 industri

236 1243 69 35 och
347 1243 216 48 därigenom
605 1243 108 37 äfven
752 1246 114 35 verka
899 1248 116 34 såsom
1044 1249 53 33 ett
1124 1245 339 50 efterföljansvärdt
1490 1247 187 38 föredöme
1705 1249 59 36 för
1791 1250 45 36 de

235 1296 165 36 enskilde
428 1297 12 34 i
468 1295 103 49 fråga
591 1310 61 23 om
671 1300 53 34 ett
744 1304 75 30 rätt
837 1299 311 49 tillvaratagande
1167 1300 68 35 och
1256 1301 237 36 användande
1513 1303 38 35 af
1571 1302 71 36 den
1661 1304 175 35 national-

235 1349 168 36 rikedom
431 1349 82 36 vårt
540 1350 87 36 land
656 1359 86 40 äger
769 1353 12 34 i
809 1352 78 35 sina
914 1352 225 37 torfmossar.

342 1402 55 36 De
438 1401 222 52 förmånliga
701 1406 165 43 resultat,
908 1419 80 23 som
1017 1419 132 35 genom
1179 1406 44 36 de
1252 1405 40 36 af
1317 1408 142 48 Kungl.
1490 1408 104 48 Maj:t
1622 1409 213 36 anbefallda

233 1454 389 51 försökseldningarna
663 1458 84 36 med
790 1458 77 36 torf
903 1459 21 36 å
965 1465 137 31 statens
1130 1460 199 49 järnvägar
1360 1461 114 35 redan
1503 1463 162 44 vunnits,
1692 1462 142 50 ingifva

233 1509 228 49 berättigade
489 1510 303 50 förhoppningar,
820 1518 55 30 att
902 1513 162 36 nämnda
1092 1512 121 37 försök
1243 1512 108 38 äfven
1378 1515 101 35 inom
1508 1516 85 35 kort
1620 1517 103 35 skola
1752 1517 83 36 leda

231 1563 60 36 till
331 1569 54 30 ett
423 1564 229 36 allmännare
694 1565 236 37 användande
964 1565 40 37 af
1028 1565 226 37 torfbränsle
1282 1568 79 35 icke
1391 1568 98 36 blott
1515 1568 21 36 å
1565 1569 151 49 godståg
1744 1575 89 31 utan

228 1617 141 47 jämväl
398 1616 21 36 å
447 1617 115 36 andra
589 1617 124 37 därför
742 1619 178 49 lämpliga
949 1620 72 48 tåg,
1041 1626 25 30 t.
1087 1633 56 23 ex.
1163 1619 21 37 å
1204 1621 183 36 blandade
1408 1621 64 49 tåg
1490 1628 95 30 samt
1603 1624 12 34 i
1635 1625 197 34 stationära

232 1668 225 49 ångpannor.

339 1722 189 37 Utskottet
556 1724 69 35 har
653 1723 135 46 därför,
817 1726 84 35 med
926 1726 235 36 erkännande
1182 1725 41 36 af
1240 1726 62 35 det
1320 1727 163 45 intresse,
1505 1728 176 36 hvarmed
1702 1729 128 49 kungl.

230 1776 356 49 järnvägsstyrelsen
628 1778 178 35 anordnat
834 1779 102 36 dessa
965 1778 136 45 försök,
1129 1778 124 36 funnit
1281 1779 61 36 det
1371 1779 40 36 af
1437 1782 190 48 synnerlig
1654 1783 91 43 vikt,
1776 1788 55 31 att

229 1828 211 50 Riksdagen
460 1842 131 36 genom
611 1836 53 30 ett
683 1832 190 35 uttalande
894 1833 9 34 i
924 1833 70 35 den
1015 1833 176 48 riktning,
1209 1833 270 36 motionärerna
1499 1833 198 50 föreslagit,
1720 1835 109 36 fram-

230 1882 97 35 hölle
357 1883 330 37 önskvärdheteten
715 1883 39 37 af
780 1890 54 31 att
862 1885 69 36 den
960 1886 114 36 redan
1093 1885 155 37 sålunda
1268 1885 198 50 påbörjade
1486 1888 284 50 användningen
1792 1889 40 36 af

229 1934 41 36 af
296 1935 221 38 torfbränsle
547 1937 110 37 måtte
685 1938 12 34 i
725 1944 131 31 största
885 1940 151 48 möjliga
1064 1939 116 36 måtto
1209 1938 192 50 fullföljas.

334 2146 17 35 I
392 2147 240 36 betraktande
674 2147 41 36 af
754 2149 69 35 den
866 2154 96 31 stora
1004 2151 405 37 nationalekonomiska
1439 2153 198 49 betydelse,
1667 2167 78 23 som
1774 2160 52 31 ett

228 2200 186 35 verksamt
456 2201 305 48 understödjande
790 2201 40 36 af
861 2202 429 47 bränntorfsindustrien,
1320 2205 45 48 på
1393 2209 70 33 sätt
1491 2205 40 36 af
1557 2207 269 37 motionärerna

227 2253 217 48 föreslagits,
472 2254 300 49 ovedersägligen
806 2257 114 34 måste
949 2256 113 36 hafva
1094 2256 58 37 för
1180 2258 136 44 landet,
1345 2259 80 35 icke
1454 2260 155 35 allenast
1637 2261 83 35 med
1740 2262 85 35 hän-

322 2309 75 32 Bih.
426 2310 51 32 till
501 2310 111 33 Biksd.
639 2311 87 32 Prot.
753 2313 98 31 1903.
903 2314 21 30 8
949 2312 103 33 Saml.
1103 2315 22 30 2
1148 2314 77 39 Afd.
1276 2316 22 29 2
1322 2315 105 32 Band.
1476 2318 43 30 15
1542 2317 95 39 Häft.
1761 2319 18 30 6
