2189 2681
412 193 18 31 8
630 194 113 31 Första
767 194 202 30 Kammarens
996 194 173 38 Tillfälliga
1196 194 135 30 Utskotts
1355 194 71 34 (N:o
1450 194 33 35 3)
1511 193 163 30 Utlåtande
1696 193 58 30 N:o
1778 194 28 29 3.

414 276 95 35 1888
538 273 56 39 till
623 273 82 50 asyl
733 273 60 37 vid
822 272 109 39 Lund
960 308 17 4 =
1003 308 162 6 sssomooo.
1188 308 102 5 me.
1344 283 29 38 >
1404 273 172 48 311.000:
1603 292 50 3 —

561 336 17 23 »
623 325 116 51 inköp
769 325 42 38 af
833 325 102 50 plats
962 324 62 37 vid
1053 324 106 37 Piteå
1187 360 37 4 ..
1257 360 35 3 oo
1345 334 17 24 >
1402 325 171 53 25000:
1602 343 48 5 —
1691 343 17 23 >»
1763 334 172 48 336,000:
1963 351 49 5 —

415 423 94 35 1889
562 430 17 25 »
634 420 81 50 asyl
742 419 64 38 vid
833 419 111 38 Lund
975 455 321 5 sooosooo0mvmvnv
1350 430 17 23 »
1409 420 171 48 310,750:
1608 439 49 4 —

562 483 17 23 »
632 472 166 50 hospital
825 471 60 37 vid
915 471 107 38 Piteå
1035 506 262 5 mm...
1351 481 18 24 »
1409 473 248 52 120,000:
1627 467 29 65 —
1695 490 17 23 >»
1765 481 172 47 430,750:
1967 498 47 5 —

560 567 72 37 Vid
673 566 258 38 innevarande
974 569 59 34 års
1071 565 159 50 riksdag
1267 565 69 38 har
1376 565 139 50 Kongl.
1546 565 108 50 Maj:t

410 619 137 50 begärt
574 619 57 37 till
658 618 251 49 fortsättning
937 618 41 37 af
1003 618 182 37 arbetena
1213 621 21 33 å
1253 616 206 51 hospitalet
1475 616 62 37 vid
1554 617 106 37 Piteå

410 672 160 48 300,000
598 671 140 37 kronor
766 669 69 38 och
863 670 58 37 till
939 669 227 50 byggnader
1193 668 62 38 vid
1274 668 197 39 Vadstena
1493 668 164 50 hospital

407 724 137 44 40,000
572 722 151 48 kronor,
752 721 92 36 eller
863 721 253 36 tillsammanD8...m
1222 717 28 57 mmm
1267 754 386 5 sssseesnsn
1475 717 118 57 sees
1635 717 22 57 on
1695 730 17 22 >»
1766 720 171 47 340,000:
1966 737 48 5 —

559 824 156 38 Antalet
757 824 232 50 sjukplatser
1023 824 61 37 vid
1126 822 217 51 hospitalen
1379 822 68 37 har
1474 822 57 37 till
1559 822 94 49 följd
1684 822 41 37 af
1749 822 113 37 dessa
1890 821 124 49 bygg-

409 875 118 39 nader
569 875 189 50 betydligt
798 876 160 37 tillväxt.
1013 875 57 37 Då
1111 875 64 37 det
1204 878 39 33 år
1273 875 96 36 1860
1397 873 137 37 endast
1561 873 178 50 utgjorde
1770 875 120 47 1,048,
1918 886 96 36 upp-

410 928 87 48 gick
527 927 64 38 det
620 931 40 33 år
690 929 94 35 1873
813 927 58 37 till
901 928 119 48 1,451,
1051 930 40 34 år
1121 928 94 35 1886
1244 925 57 38 till
1330 927 109 47 2,275
1469 924 70 37 och
1567 925 62 36 vid
1661 927 95 35 1888
1787 928 59 33 års
1865 924 76 37 slut
1956 924 54 36 till

410 980 122 48 2,572.
587 978 70 38 Om
686 992 88 24 man
802 978 57 37 till
888 977 237 39 sistnämnda
1155 977 103 38 antal
1285 976 136 50 lägger
1449 978 48 34 44
1525 990 75 36 nya
1627 976 144 50 platser
1794 975 62 37 vid
1885 975 129 49 Nykö-

408 1032 114 49 pings
550 1030 177 50 hospital,
767 1032 72 36 684
877 1030 144 50 platser
1062 1029 63 37 vid
1166 1028 133 38 Lunds
1340 1027 121 37 under
1499 1027 185 50 byggnad
1723 1027 167 37 varande
1933 1027 78 48 asyl

409 1082 70 37 och
509 1084 72 35 290
608 1082 144 49 platser
780 1081 63 38 vid
872 1083 64 36 det
965 1081 184 38 likaledes
1176 1080 121 37 under
1325 1079 184 50 byggnad
1537 1079 168 38 varande
1729 1078 206 50 hospitalet
1950 1077 63 37 vid

408 1133 117 50 Piteå,
555 1134 171 37 kommer
755 1147 88 24 man
870 1146 77 37 upp
975 1132 56 38 till
1060 1138 54 32 ett
1143 1131 102 38 antal
1275 1131 41 38 af
1341 1132 109 48 3,590
1478 1130 155 50 platser.

558 1185 66 37 Att
663 1184 210 38 emellertid
913 1185 106 36 detta
1057 1184 103 37 antal
1186 1183 84 36 icke
1303 1189 211 31 motsvarar
1544 1181 192 49 behofvet,
1766 1186 40 31 är
1835 1180 176 38 otvifvel-

410 1236 125 49 aktigt
574 1236 70 37 och
680 1235 170 50 framgår
878 1235 84 37 icke
991 1234 97 37 blott
1115 1233 120 49 deraf,
1265 1240 66 43 att,
1360 1237 125 34 såsom
1515 1232 236 37 motionären
1779 1231 233 46 framhåller,

410 1287 147 49 årligen
595 1292 55 32 ett
693 1287 191 49 betydligt
913 1285 103 39 antal
1043 1285 344 37 inträdessökande
1417 1288 121 33 måste
1562 1283 85 38 från
1674 1282 218 50 hospitalen
1921 1282 93 38 afvi-

409 1352 62 24 sas
499 1342 49 46 på
574 1337 127 52 grund
731 1339 41 36 af
796 1337 247 49 otillräckligt
1070 1343 201 43 utrymme,
1300 1343 92 30 utan
1420 1335 72 37 ock
1522 1335 41 37 af
1579 1349 45 23 en
1635 1335 222 50 jemförelse
1875 1334 138 37 mellan

408 1390 47 37 de
484 1390 199 49 befintliga
711 1390 284 48 sjukplatserna
1024 1389 71 36 och
1123 1389 47 36 de
1199 1387 262 49 sinnessjukes
1491 1386 113 37 antal.
1640 1386 151 49 "Enligt
1825 1386 188 48 öfversty-

408 1441 147 37 relsens
584 1441 107 37 öfver
719 1440 213 49 hospitalen
963 1439 205 38 berättelse
1197 1439 60 37 för
1286 1442 39 34 år
1356 1440 94 35 1888
1480 1438 139 36 funnos
1647 1436 122 38 under
1798 1450 146 24 samma
1973 1439 40 34 år

406 1492 101 37 inom
536 1492 98 37 riket
664 1493 107 48 7,068
801 1491 240 50 sinnessjuke
1067 1497 105 31 utom
1202 1491 108 48 5,456
1338 1489 146 37 idioter.
1531 1488 70 37 Om
1622 1488 304 50 sjukplatsernas
1947 1501 64 23 an-

407 1544 54 36 tal
501 1543 191 37 beräknas
732 1543 57 36 till
817 1545 122 46 3,590,
967 1547 138 44 utgöra
1133 1541 47 37 de
1214 1541 112 37 alltså
1353 1543 93 46 50,9
1474 1546 158 43 procent
1660 1539 41 37 af
1726 1539 46 37 de
1800 1538 11 37 i
1840 1538 172 50 egentlig

409 1594 156 49 mening
604 1594 261 49 sinnessjukes
907 1593 114 38 antal.
1076 1593 113 36 Detta
1217 1597 41 32 är
1285 1591 227 49 visserligen
1541 1604 46 23 en
1616 1595 120 32 större
1764 1595 170 44 procent,
1964 1594 47 32 än

410 1659 79 23 som
518 1645 62 37 vid
606 1645 257 49 upprättande
892 1645 41 37 af
959 1647 94 35 1873
1084 1647 60 34 års
1172 1643 147 50 förslag
1348 1645 140 46 ansågs
1516 1641 178 50 behöflig,
1728 1654 87 24 men
1844 1641 167 37 erfaren-

408 1697 115 36 heten
551 1700 42 34 så
620 1697 62 36 väl
709 1697 70 37 hos
807 1710 74 35 oss,
910 1710 78 23 som
1018 1696 12 36 i
1058 1694 118 39 andra
1203 1694 132 37 länder
1363 1694 69 37 har
1460 1692 108 49 visat,
1598 1699 55 30 att
1668 1693 74 36 den
1758 1697 40 32 är
1815 1692 58 37 för
1888 1692 121 48 ringa.

408 1747 73 38 Det
510 1761 114 36 synes
652 1748 71 37 ock
750 1761 92 23 vara
870 1761 47 24 en
946 1747 140 37 allmän
1114 1745 155 51 mening
1296 1745 98 38 både
1417 1745 70 36 hos
1507 1744 129 36 läkare
1652 1743 71 38 och
1740 1743 269 48 allmänheten,

410 1805 54 31 att
491 1799 184 37 behofvet
703 1799 42 36 af
769 1798 172 49 offentlig
970 1797 181 51 sjukvård
1180 1797 58 37 för
1266 1797 47 37 de
1342 1795 242 50 sinnessjuke
1612 1795 154 36 kräfver
1785 1794 225 50 ytterligare

409 1850 179 49 åtgärder
616 1850 85 37 från
729 1850 64 37 det
822 1850 211 37 allmännas
1061 1848 93 38 sida.

558 1902 88 37 Men
684 1901 65 38 det
776 1915 125 36 synes,
931 1915 80 23 som
1041 1914 59 24 om
1130 1900 47 36 de
1206 1898 239 50 sakkunnige
1472 1898 12 37 i
1513 1898 135 49 frågan
1677 1902 64 32 äro
1759 1910 90 24 ense
1865 1896 143 50 derom,

409 1958 55 32 att
493 1966 86 23 man
608 1952 97 38 efter
733 1952 286 37 fullbordandet
1047 1952 41 37 af
1112 1950 205 50 hospitalet
1341 1950 61 37 vid
1430 1950 107 36 Piteå
1563 1950 172 35 kommer
1764 1954 55 31 att
1846 1961 73 36 ega
1935 1947 73 37 till-

407 2004 164 48 räckligt
599 2007 140 46 många
767 2003 166 50 hospital
961 2003 58 37 för
1047 2002 143 38 sådana
1219 2001 251 50 sinnessjuke,
1500 2014 80 23 som
1610 1999 129 37 kunna
1766 1999 118 37 blifva
1910 1999 99 36 före-

408 2055 75 37 mål
523 2055 58 37 för
622 2055 150 37 kurativ
810 2054 247 50 behandling,
1095 2054 71 37 och
1208 2059 54 32 att
1289 2052 281 50 nybyggnader
1599 2051 58 37 för
1685 2050 204 37 framtiden
1917 2049 92 37 böra

408 2106 81 37 afse
518 2106 125 50 asyler
670 2106 58 37 för
756 2106 163 48 obotligt
947 2105 120 49 sjuke,
1101 2105 129 36 hvilka
1257 2104 129 36 kunna
1411 2104 150 48 byggas
1590 2102 70 37 och
1687 2101 244 37 underhållas
1950 2100 58 37 för

412 2170 47 23 en
487 2157 208 48 väsentligt
721 2157 107 48 lägre
857 2155 163 38 kostnad
1050 2161 47 32 än
1125 2156 47 36 de
1201 2155 196 49 egentliga
1424 2153 251 49 hospitalenr;
1709 2172 49 4 —

558 2208 211 49 hvarjemte
796 2207 65 38 det
883 2207 193 49 tillfälliga
1091 2207 187 37 utskottet
1290 2205 56 38 till
1360 2205 222 50 ytterligare
1598 2203 204 50 belysning
1818 2202 41 38 af
1870 2202 137 49 frågan

409 2259 184 50 åberopar
621 2265 55 31 ett
691 2259 141 49 utdrag
848 2259 41 37 af
905 2258 286 37 vederbörande
1213 2255 394 52 departementschefs
1620 2254 178 50 yttrande
1820 2254 56 36 till
1894 2259 112 31 stats-
