1900 2800
574 115 274 31 Statsutskottets
872 112 176 31 utlåtande
1069 122 39 20 nr
1131 112 27 29 2.
1590 104 35 28 11

475 198 34 34 c)
543 197 52 30 till
621 197 132 38 Högsta
778 194 196 31 domstolen
1000 203 45 19 m.
1071 201 62 20 m.:
1160 190 214 39 Avlöningar
1399 189 55 29 för
1481 188 143 38 budget-

431 249 73 29 året
531 247 150 35 1948/49
705 246 121 30 anvisa
852 246 48 28 ett
923 242 274 40 förslagsanslag
1220 251 41 20 av
1287 239 95 30 1839
1397 239 62 29 600
1482 239 141 29 kronor.

162 368 74 33 9:0)
260 368 129 34 Högsta
411 365 194 30 domstolen
625 373 44 19 m.
689 371 59 21 m.:
771 360 264 31 Omkostnader.
1058 359 12 28 I
1090 357 150 37 enlighet
1260 356 77 30 med
1360 355 124 37 Kungl.
1506 353 121 37 Maj:ts

121 419 131 38 förslag
277 418 129 39 (punkt
429 417 49 33 12,
501 425 24 20 s.
547 415 74 33 44),
642 414 108 30 vilket
772 412 146 30 innebär
939 421 42 20 en
1004 408 273 40 anslagsökning
1299 407 81 29 med
1401 406 63 30 300
1487 406 141 31 kronor,

122 469 200 31 hemställer
342 468 182 32 utskottet,

478 553 50 28 att
553 551 188 37 riksdagen
768 549 58 29 må
850 548 53 29 till
928 547 132 39 Högsta
1085 543 194 31 domstolen
1304 552 46 20 m.
1377 551 63 20 m.:
1468 540 163 30 Omkost-

433 602 110 30 nader
572 602 55 29 för
654 600 205 39 budgetåret
888 597 148 36 1948/49
1066 596 121 30 anvisa
1213 588 53 36 ett
1288 592 275 39 förslagsanslag
1590 600 42 20 av

434 653 41 30 68
490 653 63 30 300
573 653 141 28 kronor.

169 776 94 33 10:0)
292 774 314 36 Regeringsrätten:
636 770 222 35 Avlöningar.
886 768 13 29 I
925 767 150 37 enlighet
1099 765 78 30 med
1205 764 123 37 Kungl.
1354 762 122 37 Maj:ts
1502 761 131 36 förslag

132 827 129 40 (punkt
282 826 49 34 13,
350 835 25 20 s.
394 824 74 34 45),
485 824 107 30 vilket
608 821 147 30 innebär
772 830 43 20 en
832 829 42 20 av
893 818 129 39 rörliga
1039 817 172 39 tilläggets
1227 814 149 40 höjning
1393 812 164 39 betingad
1574 820 60 21 an-

128 877 224 40 slagsökning
374 876 80 29 med
474 875 19 29 9
507 874 64 29 400
593 874 141 32 kronor,
758 870 202 31 hemställer
981 869 181 32 utskottet,

482 961 50 28 att
552 958 188 38 riksdagen
760 956 59 29 må

484 1010 36 33 a)
556 1008 177 30 fastställa
764 1006 158 39 följande
956 1003 253 39 avlöningsstat
1241 1001 55 30 för
1330 999 305 40 regeringsrätten,

438 1062 51 29 att
509 1060 179 39 tillämpas
713 1058 72 29 tills
805 1057 119 30 vidare
946 1055 81 30 från
1050 1054 65 30 och
1136 1053 80 30 med
1239 1051 206 39 budgetåret
1469 1048 166 36 1948/49:

907 1133 251 29 Avlöningsstat.

443 1189 28 29 1.
497 1186 214 39 Avlöningar
733 1185 52 30 till
810 1183 175 31 ordinarie
1009 1182 226 38 tjänstemän,
1257 1179 71 40 för-

539 1237 147 39 Slagsvis
740 1253 559 11 omeseereer
939 1229 46 51 rr
1003 1229 36 51 rr
1048 1229 13 51 r
1073 1229 55 51 str
1140 1229 33 51 rr
1185 1229 42 51 rt
1249 1229 55 51 tt
1330 1229 132 29 kronor
1487 1226 63 31 268
1565 1226 63 30 000

443 1290 29 29 2.
498 1288 215 38 Avlöningar
745 1286 53 30 till
829 1283 269 32 icke-ordinarie
1131 1281 173 41 personal,

541 1338 205 41 förslagsvis
784 1355 515 11 .seserer
960 1332 91 51 ere
1072 1332 33 51 rr
1117 1332 32 51 rr
1161 1332 33 51 rr
1206 1332 96 51 rs
1389 1341 15 16 >
1532 1328 96 30 2100

441 1391 29 30 3.
497 1390 133 38 Rörligt
656 1389 130 38 tillägg,
813 1386 205 41 förslagsvis
1051 1405 249 8 .......+++++
1390 1392 14 16 >
1512 1379 39 30 18
1566 1378 63 30 800

1158 1436 146 53 Sumnia
1316 1435 141 51 kronor
1482 1455 64 30 288
1560 1433 78 55 900;

489 1559 37 33 b)
556 1558 53 29 till
624 1556 323 40 Regeringsrätten:
965 1553 214 38 Avlöningar
1197 1551 54 29 för
1269 1549 205 40 budgetåret
1493 1546 148 36 1948/49

445 1609 122 30 anvisa
584 1610 48 28 ett
650 1606 275 40 förslagsanslag
945 1614 42 21 av
1006 1603 63 30 288
1083 1603 62 29 900
1163 1603 140 29 kronor.

180 1731 92 33 11:0)
297 1729 314 36 Regeringsrätten:
634 1725 265 31 Omkostnader.
922 1723 13 29 I
958 1722 150 37 enlighet
1128 1721 79 29 med
1226 1719 125 37 Kungl.
1371 1718 122 36 Maj:ts
1513 1717 131 36 förslag

142 1782 129 39 (punkt
294 1781 49 33 14,
362 1789 25 20 s.
406 1779 75 34 45),
499 1779 107 30 vilket
624 1776 146 30 innebär
788 1774 215 32 oförändrad
1020 1770 329 39 medelsanvisning,
1369 1768 203 30 hemställer
1591 1768 53 28 ut-

138 1834 138 31 skottet,

494 1915 49 27 att
572 1912 187 37 riksdagen
785 1910 58 29 må
870 1909 53 29 till
953 1906 321 40 Regeringsrätten:
1305 1902 259 31 Omkostnader
1591 1902 55 28 för

448 1963 205 39 budgetåret
678 1960 150 36 1948/49
852 1959 122 30 anvisa
996 1960 47 27 ett
1065 1955 274 40 förslagsanslag
1361 1964 42 19 av
1428 1953 38 29 10
1482 1953 62 29 000
1567 1953 79 28 kro-

449 2023 74 20 nor.

185 2143 94 33 12:0)
310 2141 314 36 Regeringsrätten:
655 2137 318 36 Regeringsrättens
1003 2134 137 30 årsbok.
1180 2133 13 28 I
1221 2131 150 37 enlighet
1410 2130 77 29 med
1524 2128 124 36 Kungl.

143 2194 123 39 Maj:ts
289 2193 131 37 förslag
447 2192 129 39 (punkt
601 2191 49 33 15,
674 2200 24 18 s.
720 2189 40 29 45
782 2189 64 28 och
866 2187 59 33 46)
951 2187 64 28 och
1037 2185 110 29 under
1169 2184 151 32 erinran,
1343 2183 49 28 att
1414 2181 156 37 anslaget
1594 2180 55 28 för

142 2243 234 29 innevarande
398 2240 169 38 budgetår
590 2239 164 39 uppförts
776 2238 78 28 med
880 2237 37 28 17
933 2236 62 29 000
1018 2236 140 31 kronor,
1181 2232 202 30 hemställer
1404 2231 181 31 utskottet,

499 2326 50 27 att
581 2323 187 37 riksdagen
801 2321 58 29 må
893 2320 51 29 till
979 2318 320 39 Regeringsrätten:
1324 2314 325 39 Regeringsrättens

455 2374 128 29 årsbok
609 2373 54 28 för
687 2372 204 37 budgetåret
919 2369 149 35 1948/49
1093 2368 119 29 anvisa
1237 2369 48 26 ett
1311 2364 275 38 förslagsanslag
1610 2371 41 20 av

457 2425 40 29 25
513 2424 62 29 000
595 2424 141 28 kronor.
