2226 2671
388 207 20 30 6
914 207 224 29 Statsutskottets
1166 205 152 30 Utlåtande
1341 204 57 29 N:o
1423 204 48 29 39.

490 291 54 31 att
570 285 115 37 Eders
713 285 136 47 Kungl.
886 284 120 49 Maj:ts
1032 281 425 50 befallningshafvande,
1484 281 120 38 under
1630 280 233 49 åberopande
1890 279 42 38 af
1955 293 46 24 en

387 337 87 39 utaf
495 337 115 38 förste
636 338 277 37 landtmätaren
940 336 36 38 CO.
1007 336 42 38 O.
1076 336 159 37 Fröman
1263 334 204 39 verkställd
1482 333 220 48 utredning,
1721 332 205 47 utvisande,
1946 337 55 32 att

389 390 134 38 hinder
557 390 80 36 icke
676 395 120 31 möter
836 395 79 31 mot
955 388 269 50 ägostyckning
1263 387 21 36 å
1316 386 237 48 egendomen,
1579 385 192 50 tillstyrkt,
1799 389 54 32 att
1879 385 122 47 lägen-

389 443 111 36 heten
527 441 224 37 Ekemossen
778 440 124 48 måtte,
929 440 48 48 på
1004 445 71 32 sätt
1102 440 450 48 uppskattningsmännen
1577 437 201 47 föreslagit,
1796 435 83 37 från
1897 449 103 34 egen-

388 494 138 37 domen
565 493 126 47 skiljas
719 493 68 37 och
813 492 58 37 för
899 506 45 23 en
970 492 159 37 berörda
1156 490 196 38 saluvärde
1378 488 262 38 motsvarande
1667 488 248 48 köpeskilling
1940 488 60 36 till

386 545 83 37 dess
494 543 242 38 innehafvare
762 544 177 47 försäljas.

491 596 76 37 För
607 609 91 34 egen
738 595 61 38 del
834 597 69 35 har
930 595 327 46 domänstyrelsen,
1283 594 13 36 i
1323 593 117 37 likhet
1466 592 86 37 med
1578 591 113 37 Eders
1719 590 133 48 Kungl.
1880 590 120 50 Maj:ts

389 647 422 47 befallningshafvande,
851 647 183 37 förklarat
1069 647 55 46 sig
1154 645 148 38 biträda
1328 644 466 49 uppskattningsmännens
1821 641 141 51 förslag
1987 643 13 37 i

390 699 107 46 fråga
524 712 61 23 om
611 698 244 37 förenämnda
880 699 190 45 lägenhets
1096 698 248 46 försäljning.»

488 801 190 38 Utskottet
704 802 221 45 hemställer,

895 909 54 31 att
976 903 136 47 Kungl.
1144 903 121 49 Maj:ts
1292 902 244 38 förevarande
1558 903 232 47 proposition
1808 901 61 37 må
1886 902 116 37 vinna

792 956 230 46 Riksdagens
1049 954 115 38 bifall.

492 1058 216 38 Stockholm
735 1059 72 36 den
836 1061 18 33 1
884 1071 98 23 mars
1012 1059 106 35 1906.

920 1160 52 36 På
999 1160 290 36 statsutskottets
1316 1166 155 39 vägnar:

1036 1309 140 40 HUGO
1204 1310 154 37 TAMM.
