2115 2648
403 218 103 33 Andra
532 218 193 32 Kammarens
752 217 166 40 Tillfälliga
945 217 123 31 Utskotts
1092 215 70 41 (N:o
1185 215 34 40 2)
1247 214 149 32 Utlåtande
1420 213 56 32 N:o
1500 214 53 30 21.
1762 213 16 30 7

234 303 50 46 på
312 302 132 36 landet:
472 300 57 37 för
556 300 174 36 hemman
759 300 90 35 eller
877 299 182 49 lägenhet,

400 355 57 37 för
486 355 93 37 hvar
608 354 40 36 af
674 355 102 35 dessa
803 354 60 35 till
891 353 67 36 och
987 352 85 37 med
1100 357 55 31 tre
1184 384 206 6 ............
1449 352 21 35 3
1501 350 66 45 kr.

414 423 18 24 »
481 408 104 37 öfver
613 414 54 31 tre
696 409 60 35 till
784 408 68 36 och
880 407 85 36 med
993 420 64 23 8eX
1076 438 313 6 mmm
1448 407 20 34 2
1517 418 17 22 »

416 477 17 22 »
480 462 103 38 ÖfVER
611 475 59 25 SEX
683 496 89 4 oenmmoen
789 492 597 8 senunrrsrsssunesrrsse
1041 456 31 55 se
1075 456 32 55 sse
1109 456 32 55 san
1147 456 22 55 ar
1185 456 25 55 sne
1219 456 29 55 sen
1250 456 60 55 annan
1322 456 19 55 nn
1347 456 42 55 non
1448 461 15 34 1
1515 471 18 22 »

400 519 94 35 dock
523 518 38 36 så
589 522 55 31 att
670 519 99 34 lösen
798 518 31 47 ej
859 516 61 36 må
948 516 144 49 påföras
1120 515 111 49 högre
1260 522 45 27 än
1323 546 64 4 .....
1421 514 47 36 20
1516 525 17 23 >»

183 574 67 36 och
278 575 13 34 i
318 574 95 35 stad:
445 571 186 51 angående
659 570 91 51 gård
778 572 90 35 eller
897 570 197 49 obebyggd
1122 574 95 31 tomt
1240 569 113 48 jemte
1382 567 111 36 sådan
1517 566 96 49 jord,
1642 579 71 24 som
1747 568 34 41 €/

400 628 58 44 får
486 627 157 44 derifrån
671 627 147 35 söndras
845 626 81 35 eller
953 625 165 36 särskildt
1143 624 186 43 intecknas,

399 680 58 37 för
484 681 128 48 hvarje
640 685 267 31 tomtnummer
934 679 60 35 till
1023 678 68 36 och
1119 678 84 35 med
1231 682 55 31 tre
1326 710 6 4 .
1362 709 28 5 ..
1450 678 20 35 3
1501 676 66 45 kr.

416 748 18 23 »
481 733 103 38 öfver
611 739 56 31 tre
695 735 60 35 till
783 734 69 35 och
880 733 85 36 med
994 746 63 23 8eX
1074 764 314 6 mummmmmmmnmmssn
1332 728 59 58 nan
1447 733 20 34 2
1516 743 17 22 »

416 802 18 22 »
481 788 104 36 ÖfVET
613 801 61 24 SEK
681 822 51 3 ooo
751 820 101 5 osmeesee
867 820 45 5 seas
933 820 25 5 sne
968 820 26 4 ss
1003 819 98 5 sensorer
1112 819 50 4 renen
1182 818 50 5 ennen
1252 818 50 4 ennen
1308 817 78 5 nanna
1447 787 15 33 1
1516 797 16 22 »

183 843 38 37 så
249 844 165 49 erlägges
443 843 165 36 deremot
634 841 58 37 för
720 855 119 23 annan
867 841 179 49 stadsjord
1074 840 85 36 med
1187 841 90 34 eller
1305 844 90 30 utan
1423 837 239 50 åbyggnader

397 896 41 37 af
463 898 59 35 till
551 897 68 36 och
646 896 86 36 med
759 902 55 30 tre
842 895 200 37 tunnlands
1069 894 110 50 rymd
1223 926 170 5 sn...
1452 894 21 35 3
1504 893 64 45 kr.

398 950 57 38 för
483 952 126 48 hvarje
637 950 182 37 tunnland
848 948 167 38 deröfver
1042 980 347 6 mmm
1452 949 15 34 LT
1520 959 17 23 9

401 1006 93 36 dock
524 1011 54 30 att
606 1004 110 37 sådan
745 1006 99 34 lösen
873 1005 31 47 ej
934 1003 61 36 må
1023 1003 198 49 öfverstiga
1253 1034 136 5 ..........
1422 1003 48 35 20
1519 1013 16 23 >»

295 1059 54 37 Af
375 1060 101 36 dessa
504 1060 276 36 bestämmelser
807 1057 174 50 framgår,
1010 1062 54 31 att
1092 1056 46 36 då
1165 1062 24 31 t.
1218 1069 55 23 ex.
1302 1069 44 23 en
1374 1054 110 50 fattig
1512 1067 130 36 person
1671 1054 114 49 köper

186 1128 44 23 en
268 1114 372 49 stadsjordslägenhet
677 1112 41 37 af
752 1120 116 28 sämre
911 1110 250 38 beskaffenhet
1198 1116 93 30 samt
1333 1108 37 37 af
1410 1108 113 50 något
1551 1122 78 22 mer
1658 1115 45 28 än
1734 1110 48 35 20

186 1169 200 36 tunnlands
423 1169 110 45 areal,
570 1167 38 37 så
644 1168 139 49 nödgas
820 1167 83 45 han,
931 1166 12 35 i
971 1166 69 36 och
1067 1164 58 37 för
1153 1164 213 36 erhållande
1395 1162 40 37 af
1460 1162 324 50 gravationsbevis,

186 1225 150 47 erlägga
365 1236 43 23 en
438 1224 100 35 lösen
566 1221 41 37 af
634 1224 48 35 20
712 1223 147 43 kronor,
887 1220 117 36 under
1033 1220 61 36 det
1121 1224 55 31 att
1203 1232 85 23 man
1318 1217 56 37 för
1404 1217 122 49 dylikt
1554 1217 101 36 bevis
1683 1216 21 36 å
1732 1222 54 30 ett

186 1278 173 35 hemman
396 1276 47 49 på
479 1276 128 37 landet
644 1275 41 36 af
718 1288 78 24 mer
833 1282 46 28 än
926 1276 108 43 1,000
1072 1273 183 36 tunnland
1280 1272 85 49 jord
1393 1273 90 34 eller
1511 1270 58 37 för
1597 1276 53 31 ett
1676 1275 109 31 tomt-

185 1345 171 23 nummer
384 1332 11 34 i
425 1331 90 45 stad,
545 1329 192 38 bestående
765 1329 156 49 mången
950 1327 96 51 gång
1075 1328 30 48 ej
1137 1328 95 36 blott
1260 1326 40 36 af
1325 1327 79 44 hus,
1432 1331 90 30 utan
1550 1324 108 37 äfven
1688 1324 96 37 afen

186 1387 138 48 ganska
353 1391 75 30 stor
452 1385 198 49 jordareal,
679 1391 39 29 är
746 1384 148 49 skyldig
923 1383 149 49 erlägga
1101 1381 127 36 endast
1257 1383 21 35 3
1309 1381 134 35 kronor
1472 1393 30 22 o.
1532 1393 24 23 s.
1585 1393 32 23 v.

293 1440 226 35 Motionären
563 1437 206 50 medgifver
810 1438 211 48 visserligen
1063 1440 56 31 att
1160 1436 116 35 skälet
1316 1436 59 35 till
1417 1434 70 36 den
1524 1433 129 36 alltför
1689 1433 96 49 höga

186 1494 329 48 expeditionslösen
544 1492 57 37 för
630 1491 313 50 gravationsbevis
971 1490 20 36 å
1019 1489 110 37 sådan
1158 1489 190 48 stadsjord,
1378 1502 76 22 som
1484 1488 66 36 här
1579 1495 39 28 är
1637 1488 12 35 i
1668 1486 115 50 fråga,

187 1549 73 34 kan
297 1548 102 48 ligga
427 1548 12 35 i
477 1547 229 49 svårigheten
744 1551 54 31 att
835 1546 132 48 bringa
1002 1544 88 36 reda
1126 1544 55 35 uti
1219 1544 43 35 de
1299 1542 214 37 invecklade
1542 1542 244 49 eganderätts-

187 1601 267 44 förhållanden,
482 1614 78 23 som
589 1600 76 36 ofta
692 1599 149 37 vidlåda
866 1599 84 49 jord
979 1597 40 37 af
1045 1598 99 36 detta
1173 1598 90 48 slag,
1283 1610 83 23 men
1386 1610 103 23 anser
1508 1596 20 35 å
1548 1596 114 35 andra
1683 1595 102 37 sidan

188 1661 55 30 att
285 1655 101 36 detta
427 1656 79 35 skäl
534 1667 154 23 numera
725 1653 155 37 förlorat
914 1653 55 36 sin
1000 1652 182 49 giltighet,
1210 1651 111 36 sedan
1349 1651 44 36 de
1420 1663 85 37 nya,
1532 1649 57 37 för
1618 1650 168 36 städerna

191 1710 222 48 upprättade
441 1708 376 50 fastighetsböckerna
845 1706 113 37 infört
985 1707 88 35 reda
1097 1706 68 36 och
1189 1705 157 49 ordning
1365 1706 12 34 i
1397 1704 101 36 dessa
1517 1703 268 46 förhållanden,

187 1763 151 36 hvarför
376 1764 72 35 han
477 1762 161 45 föreslår,
675 1767 55 31 att
766 1763 100 35 lösen
895 1760 20 36 å
943 1760 311 50 gravationsbevis
1282 1758 57 36 för
1363 1759 85 48 jord
1476 1759 12 34 i
1517 1758 89 45 stad,
1634 1758 152 35 hvilken

189 1818 80 35 icke
310 1818 129 35 tillhör
481 1816 90 50 gård
612 1818 91 34 eller
744 1821 104 39 tomt,
885 1815 113 35 måtte
1026 1814 180 36 beräknas
1234 1813 116 36 såsom
1378 1812 57 36 för
1464 1825 121 23 annan
1612 1810 174 51 fastighet

189 1871 93 37 efter
310 1885 171 23 nummer
509 1872 90 35 eller
627 1870 155 37 särskild
810 1869 174 50 fastighet
1012 1869 67 36 och
1107 1869 80 35 icke
1216 1866 91 38 efter
1334 1866 222 45 tunneland;
1585 1871 96 31 samt

296 1931 56 30 att
379 1926 210 49 Riksdagen
617 1924 112 36 måtte
757 1925 13 34 i
798 1923 229 49 underdånig
1055 1922 189 37 skrifvelse
1271 1922 60 36 till
1359 1921 133 49 Kongl.
1517 1921 103 48 Maj:t
1639 1919 147 37 anhålla

188 1994 62 22 om
278 1980 156 49 ändring
462 1981 12 34 i
502 1993 51 22 nu
581 1979 172 49 gällande
781 1978 318 49 expeditionstaxa
1117 1976 156 37 rörande
1293 1977 100 35 lösen
1412 1974 41 37 af
1469 1975 314 49 gravationsbevis

189 2034 57 36 för
271 2034 86 49 jord
385 2035 13 34 i
426 2034 81 36 stad
534 2034 13 35 i
576 2033 111 36 sådan
715 2031 174 51 syftning.

298 2088 68 36 Att
408 2089 154 36 orsaken
589 2088 61 35 till
678 2087 70 36 den
776 2087 95 49 höga
899 2087 111 44 lösen,
1039 2098 77 23 som
1144 2098 53 23 nu
1224 2091 39 29 är
1292 2084 169 36 bestämd
1485 2082 57 37 för
1563 2083 223 50 gravations-

192 2143 102 36 bevis
322 2142 21 36 å
371 2142 111 36 sådan
512 2142 191 48 stadsjord,
732 2154 77 23 som
838 2141 30 48 ej
899 2140 128 36 tillhör
1056 2139 89 49 gård
1174 2140 91 35 eller
1293 2144 105 40 tomt,
1426 2139 119 48 ligger
1573 2138 132 44 deruti,
1734 2142 55 31 att

192 2196 104 49 dylik
331 2196 83 48 jord
452 2195 112 37 oftast
601 2201 109 44 utgör
746 2208 43 23 en
819 2193 328 49 sammanfattning
1176 2192 41 36 af
1241 2193 88 35 flera
1357 2192 78 36 små
1462 2192 212 49 lägenheter
1701 2191 85 36 med

191 2251 100 35 olika
319 2263 123 33 namn,
479 2251 128 36 hvilka
644 2250 91 36 hvar
762 2248 58 37 för
848 2250 55 48 sig
930 2249 126 35 kunna
1083 2248 188 36 intecknas
1299 2247 67 36 och
1395 2246 63 37 der
1487 2244 300 52 eganderättsför-

189 2304 222 36 hållandena
456 2306 125 34 kunna
622 2316 88 24 vara
748 2303 149 50 mycket
934 2302 213 36 invecklade
1189 2302 68 35 och
1299 2300 103 38 svåra
1445 2305 55 31 att
1543 2300 140 45 utreda,
1725 2300 62 35 det
