2252 2630
411 212 19 30 4
633 215 104 30 Andra
760 216 195 29 Kammarens
982 217 167 37 Tillfälliga
1177 218 125 29 Utlskotts
1328 219 69 33 (N:o
1422 220 31 33 1)
1484 220 154 29 Utlåtande
1661 221 58 30 N:o
1743 224 53 28 20.

518 294 194 38 Utskottet
740 294 114 37 måste
883 296 153 36 sålunda
1065 309 95 34 anse,
1190 300 55 33 att
1273 298 243 37 motionärens
1544 300 235 51 motivering,
1809 303 11 35 i
1838 302 96 37 hvad
1953 301 70 37 den

408 347 93 38 afser
529 349 270 45 läroböckerna,
831 350 78 36 icke
938 349 46 50 på
1011 352 114 47 något
1153 356 72 31 sätt
1248 352 116 47 gäller
1381 351 267 38 folkskolorna.
1707 354 10 36 I
1742 355 135 49 själfva
1895 356 128 37 verket

409 401 110 38 hafva
560 401 109 37 också
708 402 45 36 de
795 404 298 49 anmärkningar,
1136 417 77 24 som
1246 403 101 39 förut
1375 404 125 38 blifvit
1529 407 135 49 gjorda
1688 414 80 30 mot
1795 410 227 36 folkskolans

408 455 523 50 kristendomsundervisning,
962 456 82 50 gått
1086 458 12 35 i
1138 471 45 23 en
1225 458 78 37 helt
1344 472 119 24 annan
1491 460 167 49 riktning
1687 467 45 30 än
1762 464 257 36 motionärens.

407 508 191 38 Utskottet
638 510 138 36 erinrar
820 523 61 23 om
922 514 55 33 ett
1018 512 103 35 antal
1162 512 181 37 motioner
1371 514 12 35 i
1411 513 130 37 Andra
1570 514 225 38 Kammaren
1824 517 63 37 vid
1920 519 99 37 1903

406 561 55 37 års
502 563 162 48 riksdag,
695 563 128 37 hvilka
852 564 46 49 på
927 565 99 36 olika
1054 568 72 34 sätt
1155 566 120 36 vända
1303 568 57 48 sig
1388 573 78 30 mot
1494 568 213 37 katekesens
1735 570 99 48 plats
1861 571 12 35 i
1902 571 120 37 denna

406 616 278 49 undervisning,
728 618 69 36 och
840 618 128 37 hvilka
1011 620 109 36 äfven
1161 618 217 39 föranledde
1406 634 43 23 en
1479 622 230 49 Riksdagens
1736 624 194 37 skrifvelse
1959 625 59 36 till

406 669 139 51 Kungl.
589 671 105 48 Maj:t
736 671 188 50 angående
965 671 171 51 åtgärder
1179 672 57 38 för
1269 679 53 32 att
1351 678 133 34 ersätta
1512 675 72 37 den
1612 677 215 36 nuvarande
1856 679 161 36 katekes-

406 724 261 49 utvecklingen
696 727 118 35 såsom
844 724 149 39 lärobok
1017 728 12 34 i
1048 725 211 39 folkskolan
1278 729 84 36 med
1382 742 43 23 en
1445 742 62 36 ny,
1529 730 94 36 efter
1643 730 264 38 barnaålderns
1926 736 95 32 mot-

406 778 183 48 taglighet
617 778 69 36 och
715 778 117 37 behof
853 778 168 50 afpassad
1050 781 255 50 handledning
1333 784 13 35 i
1366 782 69 37 den
1455 783 142 36 kristna
1617 789 86 31 tros-
1724 785 69 36 och
1814 785 200 37 sedeläran.

405 830 150 50 Förslag
596 833 61 35 till
701 844 43 24 en
788 833 112 36 sådan
938 847 50 36 ny
1017 835 156 36 lärobok
1201 839 59 32 äro
1290 835 108 37 också
1426 837 228 46 utarbetade,
1681 850 86 25 men
1796 838 115 38 hafva
1939 840 80 37 icke

404 885 74 36 ledt
505 885 59 36 till
591 887 114 47 något
731 887 166 36 resultat.

510 938 74 37 För
623 940 46 35 de
711 940 192 37 allmänna
944 942 223 44 läroverken,
1210 943 212 45 samskolor,
1465 944 203 37 realskolor
1696 945 69 36 och
1807 942 210 57 gymnasier

402 993 119 36 finnas
563 992 187 49 angående
794 995 207 48 antagande
1045 997 40 35 af
1117 996 215 37 läroböcker
1360 999 11 34 i
1399 998 228 37 kristendom
1656 1012 156 24 numera
1840 1001 178 36 särskilda

402 1045 242 48 föreskrifter,
673 1046 105 49 gifna
806 1061 132 36 genom
967 1051 53 34 ett
1048 1050 174 48 kungligt
1251 1049 82 38 bref
1360 1050 40 37 af
1429 1053 20 35 6
1475 1052 75 48 juli
1584 1054 109 36 1907.
1751 1053 143 37 Vackes
1912 1053 103 51 fråga

401 1113 59 22 om
490 1099 193 38 införande
711 1102 12 35 i
751 1101 114 49 något
891 1103 169 36 läroverk
1089 1103 41 36 af
1154 1116 45 24 en
1228 1117 51 37 ny
1307 1105 152 36 lärobok
1487 1106 93 36 eller
1600 1108 199 48 väsentligt
1818 1108 198 36 förändrad

402 1154 164 49 upplaga
595 1153 42 37 af
666 1167 45 24 en
740 1157 178 47 gammal,
947 1156 37 37 så
1012 1157 96 36 skall
1136 1157 120 37 denna
1280 1157 105 50 fråga
1413 1160 91 35 först
1533 1160 216 49 hänskjutas
1777 1162 60 35 till
1864 1174 44 23 en
1937 1163 78 35 sak-

401 1207 329 48 kunnige-nämnd,
759 1209 195 38 bestående
997 1212 38 34 af
1079 1224 43 24 en
1166 1211 143 50 biskop,
1351 1212 131 36 utsedd
1516 1212 42 37 af
1597 1214 111 37 rikets
1737 1215 186 49 biskopar,
1953 1219 63 34 två

403 1262 160 49 teologie
592 1263 232 48 professorer,
855 1264 148 37 utsedde
1033 1266 39 35 af
1100 1264 44 37 de
1172 1265 202 50 teologiska
1393 1265 249 39 fakulteterna
1663 1268 62 36 vid
1746 1269 269 46 universiteten,

403 1321 96 30 samt
526 1317 64 35 två
619 1316 184 37 ordinarie
833 1317 360 38 kristendomslärare
1222 1319 63 36 vid
1306 1319 45 37 de
1371 1321 189 35 allmänna
1579 1322 229 45 läroverken,
1827 1335 45 24 en
1893 1324 122 36 lektor

403 1369 67 36 och
504 1382 44 23 en
583 1370 167 48 adjunkt,
779 1371 151 37 utsedde
959 1371 42 37 af
1025 1373 46 35 de
1101 1385 26 23 s.
1153 1374 34 35 k.
1216 1374 411 37 ämneskonferenserna
1655 1376 12 34 i
1696 1375 226 37 kristendom
1952 1378 62 36 vid

403 1422 112 37 rikets
543 1424 189 36 allmänna
759 1425 184 38 läroverk.
1001 1424 73 38 Om
1104 1427 229 48 majoriteten
1363 1428 38 35 af
1416 1427 44 37 de
1478 1429 228 49 sakkunnige
1722 1429 207 50 medgifver
1944 1431 70 36 den

402 1475 208 49 föreslagna
639 1477 222 37 lärobokens
880 1479 224 48 antagande,
1126 1486 86 42 äger
1227 1481 279 48 öfverstyrelsen
1521 1481 58 37 för
1592 1482 45 36 de
1650 1483 189 36 allmänna
1856 1485 158 36 lärover-

402 1530 70 35 ken
501 1533 55 33 att
585 1531 211 44 bestämma,
826 1531 187 38 huruvida
1034 1533 69 36 den
1122 1533 92 36 skall
1230 1534 151 36 komma
1395 1535 59 35 till
1470 1536 252 49 användning;
1738 1536 184 50 afstyrker
1936 1538 77 37 åter

401 1583 448 50 sakkunnige-nämnden,
866 1586 96 35 skall
978 1585 160 46 ärendet,
1155 1587 11 34 i
1182 1586 64 37 fall
1267 1586 278 49 öfverstyrelsen
1568 1595 40 30 är
1634 1588 42 37 af
1699 1593 153 35 motsatt
1864 1592 148 49 mening

401 1642 78 32 mot
493 1638 198 44 nämnden,
720 1638 248 38 underställas
997 1639 139 49 Kungl.
1166 1640 114 49 Maj:t.
1322 1641 18 36 I
1363 1641 129 48 hvarje
1509 1641 71 37 fall
1595 1644 184 36 användes
1799 1657 45 23 en
1859 1646 153 36 lärobok

401 1691 60 36 till
489 1704 43 23 en
562 1692 127 48 början
719 1692 129 37 endast
876 1692 47 50 på
950 1692 95 50 prof,
1076 1693 58 36 för
1162 1699 51 31 ett
1242 1693 38 36 år
1308 1695 12 34 i
1349 1695 143 46 sänder;
1526 1697 93 36 först
1646 1697 110 36 gedan
1789 1698 70 36 den
1888 1699 126 37 blifvit

401 1743 156 50 pröfvad
598 1745 118 36 under
756 1758 44 23 en
843 1747 127 49 längre
1003 1747 54 36 tid
1092 1747 68 36 och
1188 1748 63 36 vid
1281 1753 53 31 ett
1362 1754 114 32 större
1506 1751 102 34 antal
1636 1751 179 46 läroverk,
1844 1753 70 35 kan
1943 1753 69 36 den

400 1798 186 36 definitivt
614 1799 209 37 fastställas.

508 1851 53 36 Af
588 1852 45 36 de
662 1852 380 47 läroboksförfattare,
1072 1867 78 24 som
1179 1856 227 37 motionären
1435 1857 12 35 i
1475 1858 55 35 sin
1560 1860 247 46 promemoria
1837 1856 176 57 angifver,

401 1903 112 39 hafva
555 1906 130 36 endast
726 1911 56 33 tre
825 1906 71 37 fått
938 1909 78 35 sina
1059 1909 135 36 böcker
1235 1910 171 36 använda
1436 1911 58 36 vid
1524 1911 113 50 något
1665 1917 137 33 statens
1832 1914 178 37 läroverk.

404 1960 51 34 En
485 1958 40 38 af
552 1959 103 37 dessa
682 1964 56 32 tre
767 1961 216 37 läroböcker
1012 1966 40 31 är
1081 1961 38 37 af
1146 1963 429 49 sakkunnige-nämnden
1601 1966 120 36 direkt
1739 1968 183 47 granskad
1943 1968 68 36 och

398 2013 183 49 godkänd.
641 2013 54 36 De
737 2016 63 34 två
833 2016 113 35 andra
988 2029 90 22 voro
1121 2024 160 42 antagna
1321 2017 112 36 redan
1462 2017 76 37 före
1567 2020 444 50 sakkunnige-nämndens

397 2067 182 35 tillkomst
607 2067 68 36 och
692 2067 113 37 hafva
833 2067 156 37 sålunda
1013 2070 79 36 icke
1122 2070 144 36 kunnat
1296 2070 118 38 blifva
1442 2070 157 38 föremål
1618 2072 58 37 för
1695 2074 202 36 nämndens
1916 2077 94 46 pröf-

398 2120 101 47 ning.
539 2119 80 37 Den
648 2133 69 24 ena
745 2123 40 35 af
811 2121 101 37 dessa
940 2121 61 37 två
1017 2124 216 36 läroböcker
1248 2125 219 48 granskades
1487 2127 67 35 och
1576 2127 211 47 godkändes
1806 2129 203 36 emellertid

398 2173 179 49 enhälligt
605 2173 41 37 af
673 2187 44 24 en
746 2176 216 47 föregående
990 2178 221 47 provisorisk
1241 2179 394 49 sakkunnige-nämnd,
1650 2182 100 35 hvari
1781 2187 101 31 sutto
1901 2188 56 31 tre
1973 2182 39 37 af

398 2226 70 36 den
497 2228 213 36 nuvarande
739 2229 202 37 nämndens
970 2229 75 37 fem
1075 2231 212 37 ledamöter.
1345 2232 81 37 Den
1455 2232 238 48 återstående,
1723 2234 40 37 af
1785 2236 223 37 motionären

397 2279 394 53 åsyftade;läroboken
821 2284 174 49 slutligen
1025 2287 130 47 antogs
1171 2285 73 51 till
1273 2286 176 36 skolbruk
1481 2286 47 51 på
1557 2293 52 31 ett
1637 2292 96 32 ännu
1762 2289 155 52 tidigare
1942 2296 69 31 sta-
