2212 2638
722 190 232 40 Lagutskottets
983 190 170 33 Utlåtande
1176 191 66 32 N:o
1265 193 53 29 44.
1765 191 19 30 9

219 267 106 49 ligen
353 271 20 34 å
399 267 334 50 förutsättningen,
762 274 55 32 att
843 269 296 49 författningens
1160 269 170 37 innehåll
1350 270 152 36 komme
1524 273 55 33 att
1593 269 233 37 bestämmas

221 318 41 37 af
284 319 218 48 Konungen
530 332 142 25 ensam.

981 406 82 43 28.

354 471 72 37 Till
454 471 125 37 denna
606 472 184 49 paragraf
814 472 168 49 anknyta
1010 473 60 48 sig
1096 479 142 31 tvenne
1268 473 187 36 särskilda
1481 473 200 49 yrkanden
1704 473 55 36 uti
1781 473 46 36 de

221 521 41 38 af
285 522 130 37 herrar
441 522 104 49 Berg
572 523 71 37 och
671 523 274 37 Hammarlund
975 529 97 31 samt
1099 524 40 36 af
1161 524 82 36 herr
1259 523 132 37 Wallis
1412 524 146 47 afgifna
1577 525 249 36 motionerna.

220 573 74 36 Det
335 586 71 24 ena
444 578 105 32 rörer
588 573 277 37 rminimiåldern
904 573 57 38 för
989 574 276 48 minderårigas
1294 575 249 37 användande
1571 575 12 36 i
1610 574 218 37 industrielt

219 623 107 49 yrke,
365 623 155 38 hvilken
561 624 281 37 motionärerna
869 624 90 48 vilja
986 625 113 37 hafva
1126 625 176 37 bestämd
1329 625 56 36 till
1412 630 145 32 tretton
1585 629 50 45 år,
1663 626 11 35 i
1703 625 126 37 stället

220 675 73 46 för,
331 677 125 34 såsom
496 675 55 36 uti
578 675 287 50 propositionen
893 675 173 47 föreslås,
1093 675 73 37 tolf
1191 679 56 43 år;
1277 676 64 37 det
1364 676 119 37 andra
1509 677 190 48 yrkandet
1727 676 101 37 afser

220 730 55 32 att
315 725 207 37 inskränka
549 731 127 32 rätten
704 731 55 32 att
784 727 13 35 i
824 726 103 37 vissa
952 726 63 37 fall
1042 727 10 36 i
1082 726 122 50 dylikt
1233 727 130 37 arbete
1391 728 177 36 använda
1595 727 234 48 minderårig

219 776 122 36 under
381 776 151 37 ferietid
572 777 55 36 till
668 782 55 31 att
760 777 103 49 gälla
902 778 137 36 endast
1079 778 117 36 sådan
1225 777 162 48 ferietid,
1417 791 82 24 som
1527 778 153 37 infaller
1706 777 122 37 under

216 826 97 49 juni,
335 827 71 48 juli
434 827 74 36 och
536 828 152 48 augusti
717 827 188 37 månader.

354 877 56 37 Då
438 877 65 37 det
529 877 42 37 af
594 878 139 49 Kongl.
762 878 106 49 Maj:t
895 878 212 49 framlagda
1133 878 187 49 förslaget
1346 879 225 47 innehåller,
1596 885 54 31 att
1666 879 163 37 minder-

222 928 83 47 årig
349 927 122 37 skulle
500 927 39 37 få
567 928 195 38 användas
790 929 58 36 till
876 929 132 37 arbete
1037 929 55 36 uti
1119 929 221 37 industrielt
1362 930 95 48 yrke
1485 930 121 37 redan
1633 930 63 37 vid
1724 930 105 49 fylda

221 978 74 37 tolf
331 981 59 34 års
419 978 116 48 ålder,
564 978 180 38 förutsatt
771 984 55 32 att
853 979 75 37 den
956 979 276 50 minderåriges
1262 980 293 49 skolpligtighet
1582 981 177 49 upphört,
1789 984 41 34 så

220 1034 54 40 är,
315 1028 96 37 efter
453 1029 101 37 hvad
595 1029 198 49 bilagorna
830 1030 55 36 till
927 1030 75 37 den
1030 1031 129 48 kongl.
1188 1032 292 48 propositionen
1506 1032 137 46 utvisa,
1672 1033 159 35 motivet

221 1079 58 37 till
307 1079 104 37 detta
437 1079 147 49 förslag
611 1080 208 48 ingalunda
846 1086 54 31 att
928 1081 94 37 söka
1038 1081 11 36 i
1064 1084 128 45 någon
1213 1082 225 49 anslutning
1455 1082 57 36 till
1532 1082 74 37 den
1626 1082 53 37 uti
1700 1083 130 36 herrar

219 1130 124 49 Bergs
372 1131 72 37 och
471 1130 297 38 Hammarlunds
797 1132 188 36 motioner
1013 1132 86 36 med
1127 1137 98 32 rätta
1253 1132 208 38 klandrade
1491 1133 161 48 åsigten,
1681 1139 56 31 att
1764 1133 65 36 det

222 1181 122 36 skulle
372 1181 105 48 ligga
503 1185 119 46 något
648 1188 85 31 rent
760 1182 37 37 af
825 1182 209 37 önskvärdt
1061 1183 66 47 uti,
1148 1188 54 31 att
1221 1184 145 36 barnen
1386 1186 41 34 så
1443 1183 115 49 tidigt
1577 1197 82 23 som
1679 1184 151 48 möjligt

221 1231 174 37 lemnade
411 1232 135 36 skolan
560 1232 71 37 och
646 1233 193 36 inkomme
854 1233 12 35 i
881 1233 235 37 lönearbete.
1159 1233 271 49 Anledningen
1447 1234 58 36 till
1521 1234 74 36 den
1612 1234 218 48 föreslagna

222 1282 296 37 bestämmelsen
543 1287 41 31 är
606 1302 39 5 —
665 1283 120 48 enligt
804 1283 101 36 hvad
925 1296 82 24 som
1027 1284 168 48 framgår
1214 1284 41 36 af
1271 1284 63 36 det
1351 1284 180 49 yttrande
1550 1284 58 36 till
1625 1285 204 36 statsråds-

221 1332 246 49 protokollet,
507 1346 83 23 som
629 1333 276 48 föredragande
933 1333 429 50 departementschefen
1389 1335 12 36 i
1425 1335 162 36 ärendet
1613 1335 151 47 afgifvit
1791 1355 39 4 —

225 1388 56 32 att
320 1383 101 37 finna
458 1383 55 36 uti
541 1386 67 34 vår
635 1398 49 21 nu
717 1384 179 48 gällande
929 1383 451 50 folkskolelagstiftning.
1436 1384 146 38 »Sådan
1613 1385 217 37 folkunder-

223 1433 237 48 visningen),
480 1439 113 43 säger
611 1434 87 37 herr
717 1435 217 46 statsrådet,
954 1435 79 36 »för
1043 1435 235 37 närvarande
1298 1440 40 32 är
1357 1435 207 47 anordnad,
1584 1436 94 36 har
1660 1429 20 59 i
1698 1437 132 47 regeln

225 1484 134 37 barnet
386 1484 10 36 i
425 1484 131 36 åldern
597 1485 137 36 mellan
775 1485 73 37 tolf
884 1485 70 37 och
983 1491 141 31 tretton
1153 1489 40 33 år
1220 1486 186 37 inhemtat
1434 1486 64 36 det
1526 1486 304 50 kunskapsmått,

224 1548 81 23 som
346 1535 210 48 berättigar
597 1535 212 37 detsamma
849 1542 54 30 att
940 1536 91 48 afgå
1071 1536 81 37 från
1180 1537 231 36 folkskolan.
1466 1537 168 36 Dermed
1661 1538 70 36 har
1759 1538 72 36 ock

224 1585 350 49 skolpligtigheten
602 1586 178 49 upphört,
809 1592 55 31 ett
882 1586 249 48 förhållande,
1154 1587 86 37 med
1259 1587 148 49 hänsyn
1426 1587 58 36 till
1504 1588 147 36 hvilket
1669 1588 162 36 minimi-

224 1635 129 36 åldern
382 1635 58 37 för
466 1636 150 37 inträde
645 1637 11 35 i
684 1637 233 36 industriens
945 1637 120 47 tjenst
1093 1641 120 33 måste
1242 1651 91 23 vara
1360 1638 191 49 afpassad,
1578 1641 41 33 så
1637 1638 87 37 vida
1744 1652 86 22 man

224 1686 67 36 vill
321 1686 166 36 undvika
515 1692 55 31 att
597 1687 204 47 legalisera
828 1700 45 23 en
902 1688 152 36 kortare
1083 1688 93 36 eller
1204 1688 145 47 längre,
1373 1701 89 23 men
1491 1688 57 36 för
1572 1688 75 37 den
1667 1688 164 37 minder-

225 1736 105 48 årige
372 1744 89 28 utan
503 1736 136 36 tvifvel
672 1738 11 34 i
712 1738 78 48 hög
830 1737 94 48 grad
965 1737 152 49 skadlig
1158 1738 133 48 period
1332 1738 41 36 af
1411 1739 285 47 sysslolöshet.»
1750 1738 79 37 Och

222 1787 161 36 likasom
413 1786 65 36 det
512 1794 109 41 synts
650 1800 90 23 vara
768 1788 144 47 rigtigt,
942 1793 55 31 att
1025 1787 85 45 den,
1139 1801 82 23 som
1251 1788 115 37 redan
1393 1789 12 35 i
1434 1788 132 37 åldern
1594 1789 136 37 mellan
1760 1790 75 35 tolf

226 1837 73 36 och
327 1842 143 31 tretton
499 1840 39 33 år
566 1840 226 45 genomgått
815 1838 227 49 fullständig
1069 1838 296 47 folkskolekurs,
1394 1839 132 46 borde,
1555 1853 58 22 om
1643 1840 75 36 han
1743 1840 88 36 ville

225 1887 118 36 blifva
383 1887 354 46 industriarbetare,
777 1889 38 36 få
855 1889 236 36 omedelbart
1122 1889 148 37 inträda
1297 1890 11 35 i
1337 1890 65 36 sitt
1434 1889 192 37 blifvande
1654 1891 107 47 yrke,
1791 1894 41 33 så

225 1938 69 36 har
322 1938 62 36 det
413 1938 71 36 ock
512 1945 145 30 ansetts
685 1939 146 48 rigtigt,
860 1944 54 31 att
941 1940 87 45 den,
1058 1953 79 22 som
1166 1940 11 35 i
1206 1953 146 23 samma
1381 1940 107 36 ålder
1512 1940 69 36 fått
1609 1941 120 36 under
1753 1941 34 36 de
1805 1941 24 36 i

225 1990 47 34 48
303 1986 18 46 8
351 1989 40 35 af
415 1988 353 47 folkskolestadgan
810 1989 155 48 augifna
1005 1990 265 36 förhållanden
1309 1991 87 46 afgå
1434 1990 82 36 från
1556 1991 145 43 skolan,
1740 1991 92 36 eller

226 2039 114 35 hvars
361 2038 295 48 skolpligtighet
675 2039 113 48 eljest
806 2040 177 48 upphört,
999 2040 143 47 jemväl
1161 2041 119 35 borde
1302 2041 38 35 få
1360 2041 147 46 åtnjuta
1526 2041 200 36 enahanda
1745 2046 85 31 rätt.

360 2088 58 36 En
458 2089 239 46 invändning
730 2093 31 31 al
798 2089 208 47 afgörande
1037 2090 196 47 betydelse
1263 2096 79 30 mot
1368 2091 206 35 tillåtelsen
1603 2096 54 31 att
1684 2091 11 35 i
1723 2091 109 36 indu-

227 2138 124 36 strielt
391 2138 129 36 arbete
562 2139 174 35 använda
771 2139 90 36 barn
890 2139 11 35 i
930 2139 129 36 åldern
1093 2140 141 36 mellan
1276 2140 73 35 tolf
1372 2140 70 36 och
1470 2146 142 31 tretton
1641 2144 39 33 år
1708 2141 122 36 skulle

226 2187 215 48 naturligen
476 2202 101 32 vara,
606 2202 59 22 om
695 2189 64 35 det
787 2189 125 36 kunde
941 2194 127 43 sägas,
1097 2196 54 29 att
1178 2196 56 30 ett
1262 2198 43 28 så
1331 2190 114 48 tidigt
1472 2191 148 36 inträde
1647 2192 11 34 i
1686 2191 146 48 yrkena

228 2238 123 36 skulle
391 2239 56 35 för
480 2238 113 36 dessa
626 2239 255 47 minderåriga
907 2239 185 37 innebära
1121 2240 178 48 äfventyr
1326 2240 92 37 eller
1446 2240 80 36 fara
1553 2241 12 35 i
1593 2241 160 36 sanitärt
1780 2241 52 36 af-

272 2293 74 31 Bih.
372 2293 47 32 till
443 2293 112 32 Biksd.
580 2294 83 32 Prot.
689 2297 97 28 1900.
834 2296 20 29 7
878 2294 98 32 Saml.
1024 2297 41 28 35
1088 2295 94 40 Häåft.
1774 2298 18 30 2
