2212 2634
438 189 38 31 10
895 189 233 41 Lagutskottets
1157 190 171 33 Utlåtande
1351 190 64 33 N:o
1438 192 50 30 44.

391 266 153 37 seende.
598 267 67 36 Ett
705 267 233 37 uttalande'i
966 268 108 48 dylik
1114 268 169 48 rigtning
1324 274 121 32 möter
1478 269 55 37 uti
1561 269 88 37 herr
1675 269 133 37 Wallis
1837 270 156 48 motion,

391 331 84 23 men
504 317 47 36 då
579 318 74 36 den
682 318 53 35 uti
763 318 73 36 den
864 318 129 47 kongl.
1023 319 289 48 propositionen
1342 319 173 37 lemnade
1540 320 277 48 redogörelsen
1836 321 157 47 utvisar,

391 374 54 30 att
471 367 82 37 från
579 367 416 51 medicinalstyrelsens
1016 369 83 36 sida
1117 369 118 49 ingen
1255 370 153 36 erinran
1427 370 208 37 framstälts
1655 376 77 30 mot
1747 371 245 48 tolfåringars

391 418 249 37 användande
680 419 53 36 uti
774 418 251 38 förevarande
1069 420 104 48 slags
1215 420 145 46 arbete,
1402 420 71 37 och
1514 421 49 36 då
1590 421 45 36 de
1663 421 241 37 föreskrifter
1931 436 60 22 om

390 469 253 48 förutgående
671 469 366 49 läkarebesigtning,
1067 470 85 37 dem
1181 470 438 50 författningsförslaget
1637 471 222 48 innehåller,
1876 486 117 35 synas

390 520 157 48 erbjuda
588 519 87 36 fullt
713 520 229 47 tillräckliga
981 521 206 47 garantier,
1215 521 68 37 har
1310 522 188 36 utskottet
1524 522 86 37 icke
1638 522 124 37 funnit
1790 523 60 48 sig
1877 523 116 37 hafva

391 570 205 48 anledning
623 575 54 31 att
703 570 160 37 tillmäta
891 570 72 37 den
992 571 162 47 erinran,
1182 585 81 23 som
1292 572 55 36 uti
1375 586 49 22 nu
1451 572 292 49 ifrågavarande
1771 573 220 37 hänseende

390 620 206 37 framstälts
626 620 39 37 af
689 621 87 36 herr
803 621 145 47 Wallis,
977 624 126 46 någon
1133 622 177 37 afsevärd
1338 623 215 48 betydelse.

522 671 112 37 Hvad
675 674 78 34 åter
793 672 180 37 beträffar
1014 673 66 35 det
1120 674 287 47 sammanhang,
1434 673 12 36 i
1474 673 148 37 hvilket
1662 674 71 37 den
1772 674 221 48 föreslagna

390 722 298 36 bestämmelsen
717 725 77 34 står
822 722 85 37 med
935 726 66 33 vår
1027 723 178 48 gällande
1234 723 448 48 folkskolelagstiftning,
1712 725 72 36 och
1813 725 65 36 det
1905 726 87 36 stöd

390 772 56 37 för
492 773 231 46 densamma,
765 786 81 24 som
887 774 167 36 hemtats
1095 788 44 22 ur
1179 774 124 36 denna
1344 774 248 47 sistnämnda,
1634 779 40 33 så
1714 788 116 36 synes
1871 776 122 48 enligt

388 823 207 37 utskottets
637 824 98 47 åsigt
775 824 75 36 den
891 823 81 37 från
1014 824 142 37 sådana
1196 825 240 49 synpunkter
1472 825 58 52 till
1571 825 83 37 stöd
1683 825 56 37 för
1767 826 66 36 det
1860 826 129 49 kongl.

388 873 184 48 förslaget
611 874 213 48 framlagda
866 874 277 49 motiveringen
1182 889 89 23 vara
1310 875 129 49 rigtig.
1484 878 55 33 Är
1567 876 64 36 det
1657 876 172 47 faktiskt,
1853 882 55 31 att
1934 878 59 36 för

389 937 47 23 en
465 930 79 30 stor
571 924 141 48 mängd
741 925 95 36 barn
864 925 343 48 skolpligtigheten
1235 926 120 36 redan
1382 926 150 49 upphör
1559 926 9 36 i
1600 926 127 37 åldern
1758 927 138 37 mellan
1923 927 73 37 tolf

389 975 72 36 och
489 980 143 32 tretton
661 979 50 41 år,
741 975 71 37 och
840 976 74 36 kan
942 975 64 37 det
1033 976 84 37 icke
1145 976 204 47 bestridas,
1378 982 53 30 att
1458 976 57 37 för
1543 977 142 36 sådana
1713 977 93 37 barn
1835 990 46 24 en
1900 978 93 37 nöd-

387 1031 171 43 tvungen
599 1025 249 48 ledighetstid
889 1029 118 34 måste
1049 1040 112 23 anses
1202 1040 90 23 vara
1325 1026 66 37 allt
1423 1032 114 31 annat
1564 1032 48 32 än
1639 1028 136 48 nyttig,
1806 1030 41 35 så
1874 1042 116 35 synes

389 1076 112 47 giltig
541 1076 126 49 grund
707 1076 58 37 för
803 1077 64 36 det
893 1077 12 36 i
933 1076 72 37 den
1049 1077 127 49 kongl.
1218 1077 290 50 propositionen
1548 1077 221 38 framstälda
1808 1078 186 49 förslaget

389 1126 201 49 föreligga.

518 1177 281 37 Motionärerna
826 1177 127 37 herrar
980 1178 104 48 Berg
1112 1178 69 37 och
1208 1178 274 37 Hammarlund
1498 1178 251 38 underkänna
1767 1179 85 37 icke
1872 1179 121 38 heller

386 1228 12 35 i
426 1227 70 37 och
523 1228 58 36 för
608 1228 61 48 sig
696 1228 282 48 befogenheten
1007 1228 41 37 af
1072 1229 73 36 den
1173 1229 233 48 tankegång,
1435 1242 82 24 som
1546 1230 132 36 vunnit
1704 1230 156 49 uttryck
1886 1230 11 36 i
1925 1230 67 37 det

387 1278 127 48 kongl.
556 1278 193 49 förslaget.
804 1279 56 36 Då
895 1279 45 36 de
980 1278 97 37 dock
1106 1279 127 42 önska,
1263 1285 56 31 att
1345 1279 103 37 tiden
1476 1279 59 37 för
1562 1280 253 48 minderårigs
1842 1281 150 37 inträde

386 1329 9 35 i
436 1328 218 38 industrielt
692 1330 94 48 yrke
826 1329 122 37 skulle
989 1330 230 37 bestämmas
1258 1330 58 36 till
1343 1330 106 49 fylda
1475 1335 143 32 tretton
1647 1333 50 44 år,
1727 1334 41 33 så
1795 1336 41 32 är
1864 1331 129 38 anled-

386 1379 143 48 ningen
558 1379 127 37 dertill
713 1380 85 47 den,
827 1385 66 42 att,
921 1380 128 37 derest
1071 1380 298 37 bestämmelsen
1398 1394 59 23 om
1486 1380 75 37 tolf
1585 1384 40 34 år
1646 1381 190 48 vidtoges,
1857 1382 136 37 sådant

387 1430 123 36 skulle
552 1430 122 48 enligt
713 1430 112 37 deras
867 1430 98 48 åsigt
998 1430 172 38 medföra
1197 1444 48 23 en
1273 1431 58 36 för
1360 1431 219 37 folkskolan
1607 1432 71 36 och
1702 1432 146 37 barnen
1876 1432 117 49 högst

387 1480 140 48 menlig
567 1481 248 49 inkräktning
841 1480 80 37 från
949 1481 235 37 industriens
1212 1481 82 37 sida
1323 1485 21 33 å
1371 1481 239 38 folkskolans
1639 1482 164 37 område.
1857 1483 136 38 Denna

385 1531 249 49 inkräktning
673 1532 121 36 skulle
836 1537 91 43 taga
966 1532 62 48 sig
1065 1532 96 37 form
1202 1532 54 37 uti
1290 1545 48 24 en
1367 1533 168 36 sträfvan
1562 1533 102 36 inom
1693 1533 46 37 de
1769 1533 224 48 samhällen,

387 1581 66 36 der
484 1581 374 38 industri-intressen
891 1587 64 32 äro
985 1582 287 48 förherskande,
1302 1588 54 31 att
1384 1587 42 33 så
1452 1583 116 49 tidigt
1596 1597 79 23 som
1705 1583 150 49 möjligt
1882 1585 111 37 ställa

386 1632 140 36 barnen
556 1632 57 36 till
640 1633 234 36 industriens
904 1632 70 37 fria
1002 1633 237 48 förfogande,
1268 1633 183 37 särskildt
1478 1647 140 34 genom
1648 1634 192 37 anlitande
1868 1635 11 36 i
1904 1635 88 37 obe-

386 1682 108 48 hörig
525 1683 267 48 utsträckning
820 1683 42 37 af
885 1683 71 37 den
985 1689 120 43 utväg
1132 1684 56 36 till
1215 1684 58 36 för
1299 1684 100 48 tidig
1422 1684 147 49 afgång
1595 1685 82 36 från
1706 1685 147 47 skolan,
1882 1686 111 36 hvar-

384 1733 56 36 till
467 1735 47 34 48
543 1730 20 49 $
589 1733 355 49 folkskolestadgan
972 1734 175 37 lemnade
1174 1734 176 48 tillgång.
1405 1735 74 36 För
1506 1735 143 48 afgång
1675 1735 82 38 från
1774 1736 218 37 folkskolan

385 1783 80 36 före
508 1783 241 49 fullständigt
776 1784 164 37 afslutad
967 1785 92 36 kurs
1087 1785 213 49 uppställer
1327 1785 167 37 nämnda
1520 1785 183 50 paragraf
1726 1786 74 37 den
1825 1786 166 49 fordran,

386 1839 54 31 att
478 1834 137 37 barnet
642 1834 42 37 af
706 1834 203 49 fattigdom
938 1835 157 37 hindras
1123 1841 53 31 att
1204 1836 179 47 begagna
1410 1836 340 48 undervisningen.
1805 1838 67 35 Att
1897 1843 95 42 göra

385 1884 102 36 detta
515 1885 80 36 skäl
624 1885 177 48 gällande
830 1885 12 37 i
870 1899 46 23 en
943 1885 192 49 obefogad
1163 1885 231 49 omfattning
1421 1886 125 37 skulle
1576 1886 94 37 efter
1690 1887 301 38 motionärernas

384 1935 100 48 åsigt
510 1935 87 36 icke
621 1941 100 31 möta
749 1936 208 48 svårighet.
1012 1936 136 48 Någon
1177 1936 183 50 pröfning
1379 1937 41 36 af
1435 1937 73 37 den
1528 1937 193 49 föregifna
1737 1937 254 49 fattigdomen

383 1986 170 36 kommer
576 1986 84 37 icke
688 1987 11 36 1
726 1986 120 49 fråga,
875 1992 91 43 säga
990 1987 295 45 motionärerna;
1306 1987 67 37 det
1392 1992 41 32 är
1452 2001 90 34 nog,
1564 1993 55 31 att
1637 1988 153 37 barnets
1807 1989 184 37 målsman

384 2036 66 36 vill
477 2036 48 36 ha
556 2036 64 37 det
646 2037 37 36 in
713 2040 46 45 på
782 2050 47 23 en
857 2036 135 38 fabrik.
1046 2037 306 38 Bestämmelsen
1373 2038 122 37 skulle
1512 2038 152 37 således
1680 2038 114 37 hafva
1810 2039 57 37 till
1884 2040 107 48 följd,

384 2092 54 31 att
466 2100 47 24 en
542 2087 143 48 mängd
712 2088 106 47 barn,
847 2101 93 34 som,
965 2102 60 23 om
1049 2088 108 37 tiden
1181 2088 58 37 för
1257 2088 149 37 inträde
1425 2089 11 36 i
1455 2088 221 38 industrielt
1692 2089 96 48 yrke
1805 2090 187 37 bestämts

382 2137 57 36 till
478 2142 145 32 tretton
663 2142 50 43 år,
755 2138 123 37 skulle
913 2139 112 37 hafva
1054 2143 153 33 stannat
1234 2152 94 35 qvar
1355 2139 11 36 i
1396 2139 134 37 skolan
1559 2144 101 32 ännu
1688 2152 48 24 en
1762 2139 56 38 tid
1846 2140 144 43 framåt,

383 2201 48 23 nu
472 2189 152 36 komme
656 2193 54 32 att
742 2189 125 37 lemna
895 2189 71 37 den
994 2190 12 35 i
1034 2188 116 38 förtid
1178 2189 69 37 och
1278 2189 90 37 med
1396 2190 162 36 allenast
1586 2189 66 38 det
1676 2195 141 44 ytterst
1844 2192 147 49 knapp-
