2220 2640
724 201 234 41 Lagutskottets
988 200 173 34 Utlåtande
1184 200 64 32 N:o
1272 202 52 30 44.
1748 198 38 31 21

395 285 128 58 Kongl.
553 268 128 75 Maj:ts
700 289 156 49 förslag.
1254 287 181 37 Utskottets
1455 287 157 49 förslag.

991 358 22 35 2
1041 352 34 50 8.

363 424 74 37 Till
477 424 133 37 arbete
650 424 11 36 i
702 423 221 38 industrielt
960 423 97 49 yrke
1098 426 60 34 må
1184 421 235 49 minderårig
1446 420 197 38 användas
1670 420 164 37 allenast

228 474 124 38 under
392 474 125 38 vilkor
558 480 56 32 att
653 474 73 38 den
767 474 257 49 minderårige
1056 473 73 50 fylt
1158 473 76 37 tolf
1257 476 40 33 år
1325 472 72 37 och
1425 472 198 49 antingen,
1651 471 100 37 efter
1779 476 55 31 att

230 525 116 38 hafva
386 528 228 46 genomgått
654 525 230 48 fullständig
916 525 187 46 lärokurs,
1132 523 151 38 erhållit
1310 522 290 49 afgångsbetyg
1626 521 80 38 från
1735 521 99 38 folk-

230 576 138 37 skolan
397 576 103 48 eller,
529 575 97 38 efter
653 575 249 38 inhemtande
930 575 42 37 af
994 580 57 32 ett
1076 576 154 47 ringare
1259 574 310 49 kunskapsmått,
1597 572 151 37 erhållit
1767 572 66 37 be-

229 626 133 50 hörigt
402 626 174 38 tillstånd
609 631 56 33 att
690 627 129 37 lemna
846 626 221 37 folkskolan
1096 625 92 38 eller
1214 625 74 37 ock
1317 625 163 48 styrker,
1508 629 57 32 att
1593 623 243 50 skolpligtig-

230 678 115 37 heten
374 678 111 49 eljest
512 677 179 50 upphört.
744 677 114 38 Hvad
886 677 159 38 sålunda
1073 676 256 38 föreskrifvits
1356 675 13 37 1
1397 675 106 48 fråga
1531 688 60 23 om
1620 674 216 37 inhemtadt

229 728 100 38 visst
368 729 295 49 kunskapsmått
693 731 125 35 såsom
854 727 122 38 vilkor
1003 728 61 37 för
1091 726 253 50 minderårigs
1373 725 250 38 användande
1651 725 11 37 i
1690 725 146 47 arbete,

230 779 159 37 hvarom
432 779 114 37 ofvan
589 784 101 44 sägs,
729 783 62 33 må
834 779 98 40 dock
958 779 87 37 icke
1074 783 136 43 utgöra
1238 777 138 37 hinder
1402 777 60 36 för
1490 776 251 49 minderårigs
1770 789 66 23 an-

231 830 208 37 vändande
466 830 12 36 i
506 830 127 49 dylikt
659 830 133 37 arbete
819 829 122 38 under
970 829 166 38 ferietid.

365 881 122 37 Innan
528 880 235 49 minderårig
795 883 63 34 må
889 880 12 37 i
924 881 137 37 sådant
1088 879 129 37 arbete
1245 884 173 43 antagas,
1447 877 98 37 skall
1573 877 131 49 hvarje
1731 880 106 46 gång

231 931 166 37 medelst
423 931 252 49 läkarebetyg
702 931 166 49 styrkas,
896 936 55 32 att
977 931 74 37 den
1080 929 255 48 minderårige
1363 929 85 37 icke
1477 928 58 37 till
1562 927 94 49 följd
1674 928 42 37 af
1732 928 105 48 sjuk-

230 982 127 50 lighet
397 982 95 37 eller
531 982 202 50 kroppslig
773 982 165 48 svaghet
964 982 76 37 kan
1068 993 113 26 anses
1209 980 42 37 af
1274 980 66 37 det
1366 978 292 50 ifrågavarande
1686 978 152 38 arbetet

232 1033 156 37 komma
414 1038 55 33 att
494 1033 90 37 lida.
600 1045 98 25 men.

367 1084 75 37 Det
469 1084 152 50 åligger
645 1083 251 50 yrkesidkare
924 1088 55 32 att
1006 1083 122 37 under
1155 1082 73 37 den
1256 1081 69 47 tid,
1353 1080 235 49 minderårig
1615 1085 40 32 är
1673 1080 11 37 i
1702 1080 136 50 yrkes-

231 1134 185 38 idkarens
455 1135 132 37 arbete
628 1135 162 47 anstäld,
832 1134 113 38 hafva
984 1134 11 37 i
1037 1133 128 37 förvar
1202 1132 75 37 den
1317 1131 280 49 minderåriges
1637 1131 111 50 intyg
1775 1145 61 23 om

232 1185 108 38 ålder
380 1186 71 37 och
478 1185 215 38 inhemtadt
719 1185 296 50 kunskapsmått
1043 1185 197 37 äfvensom
1269 1183 67 37 det
1363 1183 11 36 i
1402 1183 126 37 denna
1554 1182 184 50 paragraf
1758 1195 80 24 om-

231 1236 181 38 förmälta
435 1236 266 50 läkarebetyg.

591 1317 70 50 3$

368 1396 74 37 Till
469 1396 133 38 arbete
630 1396 12 37 i
668 1396 222 38 industrielt
914 1397 95 49 yrke

233 1451 61 34 må
322 1447 243 49 minderårig,
595 1460 80 25 som
704 1448 33 48 ej
768 1447 75 50 fylt
867 1452 143 32 tretton

234 1501 52 45 år,
314 1497 195 38 användas
538 1498 118 48 högst
681 1512 69 24 sex
764 1500 153 35 timmar
935 1499 73 36 och

234 1562 126 24 annan
389 1549 233 49 minderårig
651 1549 117 49 högst
786 1549 54 37 tio
859 1549 152 37 timmar

234 1600 42 37 af
301 1599 158 50 dygnet.

1408 1314 21 51 $
1458 1320 34 34 3.

1171 1397 19 34 1
1230 1408 103 23 mom.
1399 1393 73 37 Till
1513 1392 131 38 arbete
1684 1393 11 36 i
1728 1393 111 37 indu-

1065 1445 122 37 strielt
1212 1445 98 50 yrke
1339 1447 60 34 må
1426 1444 245 49 minderårig,
1699 1457 83 23 som
1803 1443 34 50 ej

1063 1497 74 49 fylt
1162 1501 145 32 tretton
1336 1498 51 45 år,
1416 1495 197 37 användas
1636 1494 115 50 högst
1771 1508 69 24 sex

1064 1549 151 36 timmar
1232 1547 73 37 och
1325 1559 124 25 annan
1466 1545 234 49 minderårig
1719 1545 121 49 högst

1064 1599 53 37 tio
1141 1597 151 37 timmar
1319 1597 42 37 af
1382 1597 157 49 dygnet.

1171 1650 25 35 2
1222 1662 105 24 mom.
1382 1649 139 48 Styrkes
1549 1661 122 36 genom
1703 1648 138 37 läkare-

1065 1701 107 47 betyg,
1212 1707 52 28 att
1298 1699 234 48 minderårig,
1570 1711 73 24 som
1664 1699 77 48 fylt
1763 1699 77 49 tolf,

1065 1763 77 23 men
1170 1750 72 37 icke
1267 1750 155 48 uppnått
1448 1756 127 29 tretton
1604 1749 53 45 år,
1685 1753 44 31 är
1738 1749 103 49 frisk

1066 1801 60 36 och
1161 1800 155 37 normalt
1356 1800 199 44 utvecklad,
1587 1800 58 36 och
1664 1800 136 48 finner,
1828 1800 14 35 i

1058 1851 115 50 fråga
1201 1864 56 23 om
1282 1850 195 50 grufdrift,
1505 1862 75 25 som
1608 1854 42 32 är
1672 1856 50 30 att
1749 1851 91 35 hän-

1058 1903 90 48 föra
1177 1902 54 36 till
1259 1901 197 48 bergsbruk,
1475 1901 245 49 bergmästare,
1735 1908 106 38 samt,

1064 1954 14 34 i
1111 1953 114 49 fråga
1260 1965 55 24 om
1357 1958 110 30 annat
1506 1951 203 36 industrielt
1745 1952 97 47 yrke,

1062 2003 297 48 yrkesinspektör,
1400 2003 79 35 med
1517 2003 138 47 hänsyn
1697 2002 57 36 till
1790 2002 53 36 be-

1063 2054 234 48 skaffenheten
1330 2053 47 48 af
1403 2052 131 49 sjelfva
1562 2053 97 47 yrket
1681 2059 95 29 samt
1798 2052 48 49 af

1064 2105 43 34 de
1151 2103 146 44 lokaler,
1339 2104 55 34 uti
1430 2102 121 36 hvilka
1590 2103 55 35 det
1685 2103 156 47 utöfvas,

1064 2160 52 29 att
1154 2160 87 29 utan
1275 2165 80 23 men
1371 2152 67 49 för
1464 2152 122 35 sådan
1618 2152 225 49 minderårig

1064 2204 208 36 arbetstiden
1291 2204 69 34 kan
1380 2203 211 44 utsträckas,
1612 2203 60 35 må
1685 2203 158 35 minder-

1064 2254 91 47 årig,
1173 2267 55 23 om
1243 2254 140 36 hvilken
1395 2254 14 36 i
1422 2253 94 36 detta
1530 2260 149 29 moment
1690 2254 154 47 stadgas,
