2198 2618
658 134 115 30 Första
796 133 209 41 lagutskottets
1028 132 161 30 utlåtande
1212 131 53 31 Nr
1288 132 28 30 9.
1740 130 35 30 19

745 218 50 46 A)
837 224 56 31 att
933 221 212 41 riksdagen,
1187 220 85 33 med
1312 218 253 43 förklarande,
1595 222 55 30 att
1677 218 140 43 Kungl.

611 273 129 43 Maj:ts
772 271 248 35 förevarande
1053 272 143 42 förslag
1223 271 79 33 icke
1330 270 147 33 kunnat
1504 280 48 23 av
1578 268 200 43 riksdagen
1807 269 8 32 i

612 323 219 34 oförändrat
871 322 104 34 skick
1016 325 170 39 antagas,
1229 320 114 35 måtte
1384 320 58 34 för
1484 320 57 33 sin
1583 319 58 34 del
1679 322 140 39 antaga

611 373 188 42 följande:

332 485 141 42 (Kungl.
498 485 121 40 Maj:ts
641 484 150 40 förslag.)
1252 481 196 38 (Utskottets
1470 480 149 40 förslag.)

766 652 35 46 1)
832 648 409 51 Sjömanslag.

921 747 15 29 1
972 744 104 32 KAP.

666 813 71 32 Om
760 812 297 32 befälhavarens
1081 812 264 38 tjänsteavtal.

973 898 16 28 1
1013 894 29 37 8.
1413 924 5 6 .

218 941 69 31 Det
308 941 128 41 åligger
459 939 137 32 redaren
621 940 50 30 att
693 938 87 43 sörja
802 938 51 31 för
875 940 51 29 att
946 937 165 41 skriftligt
1126 937 92 31 avtal
1235 939 175 40 upprättas
1426 936 75 31 med
1516 935 237 32 befälhavaren
1770 946 52 21 om

176 982 402 43 anställning$villkoren.
1006 1019 19 38 8

964 1022 70 30 28.
1628 1023 9 9 ”

220 1074 51 32 Är
304 1074 29 43 ej
369 1073 318 33 överenskommelse
719 1072 123 32 träffad
873 1083 52 21 om
958 1071 269 42 tjänsteavtalets
1260 1070 224 42 varaktighet,
1508 1070 88 31 skall
1618 1070 127 31 avtalet
1767 1080 55 20 an-

177 1128 52 22 ses
263 1117 103 32 slutet
399 1119 50 29 att
481 1118 50 29 tre
565 1115 156 32 månader
754 1114 82 32 efter
869 1114 56 31 det
952 1116 215 40 uppsägning
1190 1114 20 31 å
1231 1113 189 42 någondera
1443 1113 97 31 sidan
1564 1112 89 32 skett
1675 1111 149 43 upphöra

177 1162 11 28 i
222 1160 124 31 svensk
377 1159 113 38 hamn,
518 1169 70 21 som
616 1158 148 42 fartyget
786 1157 137 42 anlöper
945 1157 50 30 för
1018 1157 152 40 lossning
1193 1156 79 31 eller
1293 1156 162 40 lastning,
1480 1155 84 31 dock
1591 1154 73 32 med
1686 1157 67 28 rätt
1774 1153 51 32 för

177 1201 246 36 befälhavaren,
457 1211 53 21 om
543 1199 69 32 han
644 1201 85 30 varit
762 1201 11 29 i
796 1198 106 42 tjänst
924 1199 44 42 på
990 1198 149 43 fartyget
1161 1200 48 29 ett
1231 1198 36 31 år
1290 1198 79 31 eller
1391 1200 11 28 i
1426 1198 95 40 fråga
1544 1208 51 20 om
1620 1196 205 42 segelfartyg

179 1246 49 29 ett
249 1243 60 32 och
333 1245 48 30 ett
402 1243 97 31 halvt
521 1243 45 36 år,
591 1244 50 29 att
662 1244 49 29 tre
735 1241 155 31 månader
913 1242 82 30 efter
1017 1243 215 40 uppsägning
1255 1239 172 32 frånträda
1449 1239 127 31 avtalet
1593 1239 130 40 jämväl
1745 1239 11 30 i
1773 1240 50 29 ut-

179 1285 123 32 ländsk
323 1286 183 40 lossnings-
531 1284 79 32 eller
632 1283 280 42 lastningshamn.

966 1358 19 31 3
1007 1355 29 38 8.

220 1410 222 32 Befälhavare
464 1410 67 30 kan
555 1420 43 20 av
619 1408 137 32 redaren
780 1413 61 26 när
864 1419 70 20 som
949 1407 90 31 helst
1061 1406 119 32 skiljas
1202 1406 76 31 från
1301 1408 51 29 sin
1375 1406 202 41 befattning.

220 1451 177 32 Avskedas
424 1451 76 36 han,
524 1453 102 29 innan
652 1450 92 31 tiden
767 1450 50 31 för
839 1449 269 42 tjänsteavtalets
1154 1449 117 30 bestånd
1293 1448 75 41 gått
1390 1448 55 31 till
1465 1448 97 37 ända,
1578 1450 83 28 utan
1677 1449 50 29 att
1743 1447 81 37 skäl,

179 1505 70 21 som
278 1496 8 29 i
310 1496 20 29 4
354 1494 80 31 eller
456 1495 18 29 5
498 1491 20 38 8
541 1498 86 32 sägs,
652 1492 114 31 därtill
787 1491 168 39 föranlett,
979 1496 78 37 äger
1080 1490 66 31 han
1169 1492 68 29 rätt
1258 1491 55 30 till
1336 1492 188 39 ersättning
1546 1490 50 31 för
1619 1490 63 31 den
1705 1489 121 32 förlust

180 1536 67 31 han
272 1536 191 42 därigenom
485 1535 96 31 lider.

220 1578 132 32 Varder
377 1577 182 42 utredning
591 1576 171 41 angående
795 1575 163 32 förlusten
992 1574 28 44 ej
1056 1574 178 41 förebragt,
1269 1578 35 27 är
1326 1574 67 31 han
1416 1573 189 42 berättigad
1629 1576 49 29 att
1701 1573 125 32 erhålla

179 1620 86 43 hyra
297 1620 50 31 för
379 1622 50 29 tre
451 1619 158 31 månader
631 1621 86 28 samt
739 1618 42 31 fri
803 1628 73 21 resa
898 1617 74 32 med
995 1616 178 32 underhåll
1195 1616 55 31 till
1273 1616 60 31 den
1359 1617 10 30 i
1393 1616 126 32 avtalet
1543 1616 170 31 bestämda
1734 1617 89 30 orten

179 1663 52 31 för
253 1662 165 42 tjänstens
441 1660 237 33 frånträdande
701 1660 88 33 eller,
813 1660 59 31 där
895 1661 17 30 2
936 1657 20 38 $
978 1664 78 36 äger
1078 1659 220 42 tillämpning
1319 1658 61 32 och
1402 1658 68 32 han
1494 1658 162 32 avskedas
1680 1659 10 30 i
1714 1657 109 32 utlan-

179 1705 65 37 det,
267 1704 55 31 till
344 1706 167 29 närmaste
534 1702 143 32 svenska
699 1702 111 32 hamn.

968 1753 20 29 4
1010 1750 30 37 8.

222 1803 177 33 Avskedas
423 1804 214 31 befälhavare
659 1803 43 42 på
723 1802 109 43 grund
856 1813 41 21 av
922 1801 155 43 sjukdom
1100 1801 79 32 eller
1203 1801 112 37 skada,
1334 1812 69 20 som
1426 1805 59 37 gör
1500 1800 120 32 honom
1637 1800 190 41 oförmögen

181 1849 50 30 att
253 1847 73 32 föra
348 1847 156 41 fartyget,
529 1851 77 36 äger
627 1845 66 31 han
717 1848 67 28 rätt
807 1844 54 32 till
885 1844 84 43 hyra
984 1844 50 31 för
1050 1846 48 28 tre
1114 1843 157 32 månader
1287 1843 82 32 efter
1384 1843 176 41 avgången
1575 1842 76 32 från
1666 1842 159 42 tjänsten.

222 1889 76 32 Vad
332 1900 46 20 nu
411 1894 36 26 är
480 1888 136 41 stadgat
648 1892 77 37 äger
758 1886 28 42 ej
818 1887 227 42 tillämpning,
1070 1886 59 31 där
1151 1885 237 32 befälhavaren
1411 1895 119 32 genom
1553 1887 97 39 grovt
1671 1884 157 31 vållande

180 1931 135 42 ådragit
347 1933 52 39 sig
432 1930 199 42 sjukdomen
666 1930 78 31 eller
776 1929 138 38 skadan,
938 1929 80 31 eller
1041 1928 58 31 där
1121 1927 66 32 han
1210 1928 145 40 förtegat
1378 1927 64 32 den
1464 1927 58 32 vid
1545 1927 167 42 tjänstens
1735 1929 91 28 anta-

179 1976 122 47 gande;
336 1975 12 29 i
379 1973 119 31 sådant
520 1972 62 31 fall
606 1977 35 26 är
662 1971 236 33 befälhavaren
922 1970 71 32 icke
1016 1970 188 41 berättigad
1226 1970 55 31 till
1303 1969 86 43 hyra
1411 1970 51 31 för
1484 1970 116 41 längre
1622 1969 50 31 tid
1695 1974 42 26 än
1759 1968 67 31 han

181 2018 155 29 förrättat
358 2015 157 42 tjänsten.
972 2052 61 39 MS

223 2107 178 32 Avskedas
425 2106 214 33 befälhavare
684 2106 19 31 på
725 2105 109 42 grund
857 2116 42 21 av
922 2105 206 42 oduglighet,
1152 2104 193 42 oredlighet,
1369 2106 98 40 grovt
1489 2103 47 33 fel
1559 2103 79 32 eller
1660 2114 81 31 grov
1764 2102 62 32 för-

183 2151 177 31 summelse
383 2152 11 28 i
416 2148 158 44 tjänsten,
598 2154 36 26 är
680 2159 43 21 han
746 2148 71 31 icke
839 2147 189 42 berättigad
1051 2147 54 32 till
1127 2147 86 42 hyra
1235 2147 51 32 för
1308 2147 115 41 längre
1446 2147 51 31 tid
1520 2151 42 26 än
1585 2145 67 32 han
1675 2146 153 31 förrättat

183 2192 158 43 tjänsten.
