1918 2792
290 182 18 28 2
744 180 250 27 Statsutskottets
1013 179 162 27 memorial
1195 187 36 18 nr
1253 178 64 26 242.

333 261 115 39 Enligt
477 261 163 31 utskottet
668 260 300 31 tillhandakomna
999 258 312 40 protokollsutdrag
1342 257 64 30 har
1435 257 109 30 första
1573 256 202 30 kammaren

288 314 125 30 bifallit
437 315 66 29 vad
526 315 163 29 utskottet
710 313 184 36 hemställt,
918 316 151 27 varemot
1092 312 108 30 andra
1224 312 203 29 kammaren
1448 309 126 31 bifallit
1595 309 181 29 utskottets

289 368 207 30 hemställan
516 368 78 30 med
615 367 66 30 den
703 367 145 39 ändring
871 366 84 37 däri,
979 376 72 20 som
1073 364 193 39 föreslagits
1292 364 5 30 i
1312 364 74 30 .den
1408 373 41 20 av
1469 363 79 30 herr
1571 362 108 30 Oscar
1702 361 73 30 Ols-

289 431 61 21 son
375 431 44 21 m.
445 421 35 30 fl.
505 420 155 39 avgivna,
685 420 57 30 vid
764 420 156 39 punkten
946 419 123 39 fogade
1093 417 264 31 reservationen.

335 501 51 31 Då
412 502 41 29 de
479 500 201 39 skiljaktiga
705 500 123 36 beslut,
857 499 75 31 vari
955 499 191 29 kamrarna
1174 497 146 30 sålunda
1347 498 152 33 stannat,
1526 504 104 29 synas
1655 495 121 29 kunna

291 555 300 39 sammanjämkas
615 553 45 40 på
684 555 67 29 sätt
774 553 115 31 nedan
913 552 151 39 angives,
1088 551 55 31 får
1167 551 169 30 utskottet
1360 549 196 35 hemställa,

643 637 50 27 att
718 633 187 38 riksdagen
932 631 68 36 må,
1023 631 90 30 båda
1138 631 190 29 kamrarna
1353 629 81 30 med
1458 627 253 31 frånträdande
1736 635 39 21 av

599 687 75 30 sina
698 687 95 30 förut
816 685 224 31 beträffande
1064 685 131 30 antalet
1220 681 349 32 hemvärnsofficers-
1592 680 65 30 och
1683 680 94 29 hem-

599 737 606 40 värnsunderofficersbefattningar
1236 736 133 31 fattade
1398 735 124 35 beslut,

338 840 27 39 1)
395 840 188 39 godkänna
603 838 157 39 följande
781 837 176 39 yttrande:

339 893 136 39 »Enligt
496 893 123 38 Kungl.
641 892 118 38 Maj:ts
780 891 133 38 förslag
934 890 110 30 skulle
1067 888 132 31 antalet
1221 884 428 39 hemvärnsbefattningar
1672 883 105 30 mins-

292 947 62 30 kas
377 947 81 30 med
484 956 42 20 en
550 944 317 32 hemvärnsofficer
892 943 67 30 och
983 953 42 20 en
1051 938 432 34 hemvärnsunderofficer
1507 938 9 30 i
1541 940 75 28 vart
1641 937 67 30 och
1732 938 47 28 ett

292 1010 41 20 av
359 1001 41 30 de
425 1000 79 38 fyra
528 999 171 38 indragna
723 995 359 32 försvarsområdena.
1120 994 176 30 Utskottet
1318 1002 115 26 anser,
1460 995 50 27 att
1536 991 79 30 med
1642 989 136 38 indrag-

293 1054 130 38 ningen
448 1053 10 30 i
483 1052 99 39 fråga
606 1051 190 39 lämpligen
820 1051 64 29 bör
909 1049 101 31 anstå
1035 1049 10 29 i
1070 1048 174 30 avvaktan
1269 1046 45 40 på
1340 1045 181 31 resultatet
1546 1053 42 21 av
1615 1043 83 30 1945
1724 1041 55 31 års

292 1106 361 31 försvarskommittés
671 1103 337 39 utredningsarbete,
1025 1101 119 31 varför
1162 1101 169 30 utskottet
1348 1098 192 39 tillstyrker
1555 1096 225 30 motionerna

294 1160 10 30 i
330 1161 116 30 denna
473 1160 64 30 del.
577 1159 166 30 Däremot
769 1166 103 21 anser
900 1156 168 30 utskottet
1096 1155 77 29 skäl
1200 1153 76 30 icke
1302 1151 169 38 föreligga
1499 1153 50 27 att
1577 1159 48 20 nu
1651 1148 129 30 inrätta

294 1212 428 38 hemvärnsbefattningar
749 1212 121 29 utöver
897 1210 80 29 dem
1004 1218 73 20 som
1105 1207 108 30 redan
1240 1206 117 30 finnas
1384 1205 66 29 och
1477 1204 70 29 kan
1576 1201 101 31 alltså
1705 1201 76 30 icke

293 1267 138 31 biträda
454 1267 57 30 det
538 1266 3 30 i
564 1274 134 21 samma
719 1263 174 30 motioner
916 1262 125 30 väckta
1061 1259 173 40 yrkandet
1256 1268 56 21 om
1335 1256 200 31 inrättande
1558 1265 42 21 av
1622 1265 42 20 en
1687 1254 93 30 hem-

294 1319 264 34 värnsofficers-
586 1319 65 30 och
677 1327 43 21 en
747 1311 649 38 hemvärnsunderofficersbefattning
1425 1310 10 30 i
1463 1310 57 30 det
1547 1307 234 40 nytillkomna

295 1374 202 31 Sundsvalls
521 1369 331 34 försvarsområde.»

338 1444 30 39 2)
399 1444 186 39 godkänna
610 1440 157 39 följande
790 1438 213 31 hemställan
1029 1437 9 29 i
1062 1436 64 30 här
1150 1434 151 39 angivna
1326 1432 213 31 hänseende:

343 1501 68 27 »att
430 1497 186 38 riksdagen
633 1494 68 36 må,
722 1494 9 29 i
749 1492 191 38 anledning
960 1501 41 20 av
1022 1490 122 38 Kungl.
1164 1487 118 40 Maj:ts
1301 1487 131 38 förslag
1452 1488 90 28 samt
1560 1484 220 30 motionerna

296 1552 25 29 I:
337 1552 63 29 238
424 1550 67 31 och
513 1550 43 29 II:
571 1549 74 35 352,

649 1628 30 38 a)
707 1625 212 40 bemyndiga
952 1623 122 39 Kungl.
1108 1621 100 39 Maj:t
1239 1623 50 28 att
1320 1620 55 30 för
1406 1617 206 40 budgetåret
1644 1611 138 40 1947/48

604 1681 141 38 vidtaga
771 1680 42 30 de
841 1677 191 39 ändringar
1061 1676 9 30 i
1100 1671 479 43 personalförteckningarna
1607 1670 57 30 för
1693 1664 89 48 ordi-

605 1734 97 31 parie
726 1732 213 40 tjänstemän
968 1730 65 30 och
1058 1730 55 29 för
1140 1726 233 41 pensionerad
1399 1724 163 40 personal
1588 1723 9 30 i
1622 1722 160 31 arvodes-

603 1786 240 39 befattningar
865 1784 57 31 vid
943 1783 131 35 armén,
1097 1791 76 21 som
1195 1791 42 20 av
1258 1779 169 31 utskottet
1448 1776 180 40 angivits.»

341 1898 203 32 Stockholm
569 1897 66 29 den
662 1896 13 28 1
703 1894 63 39 juli
792 1892 93 31 1947.

780 1999 48 31 På
853 1997 275 32 statsutskottets
1152 1995 144 38 vägnar:

847 2071 28 29 J.
902 2070 36 29 B.
965 2065 271 33 JOHANSSON.

749 2468 70 21 Iduns
837 2467 114 25 tryckeri,
969 2465 88 22 Esselte
1075 2464 35 21 ab.
1129 2462 137 23 Stockholm
1284 2461 50 21 1917

994 2503 100 23 717182
