1897 2836
476 183 119 29 Andra
617 183 243 39 lagutskottets
883 181 177 30 utlåtande
1081 191 42 19 nr
1144 181 40 29 42
1206 182 38 29 år
1267 180 82 30 1967
1647 180 18 30 3

185 264 196 29 tvåhundra
411 264 130 29 kronor
570 264 54 29 för
652 263 136 34 hustru,
818 263 79 29 med
953 263 130 28 kronor
1109 262 54 29 för
1188 262 136 34 hustru,
1353 261 79 30 med
1456 262 117 29 vilken
1599 262 66 29 den

183 318 117 28 vilken
324 317 67 29 den
413 317 233 39 värnpliktige
669 317 228 29 sammanlev-
953 315 232 40 värnpliktige
1209 315 267 35 sammanlevde,
1501 315 64 30 och
1587 315 79 29 med

184 371 51 34 de,
263 371 65 29 och
355 370 78 30 med
460 370 200 30 sexhundra
687 371 129 29 kronor
844 370 53 30 för
955 371 135 28 ettusen
1122 370 129 29 kronor
1283 369 54 29 för
1368 378 118 21 annan
1517 369 149 39 familje-

185 434 117 20 annan
325 424 296 39 familjemedlem.
955 423 159 29 medlem.

232 586 122 29 Denna
373 585 205 40 förordning
597 585 116 30 träder
732 586 11 29 i
761 585 95 30 kraft
875 585 67 30 den
963 586 14 28 1
997 585 67 39 juli
1085 585 92 30 1967.

231 748 12 28 I
266 748 169 29 samband
457 748 78 29 med
556 748 262 39 propositionen
838 748 64 29 har
923 748 169 29 utskottet
1112 747 187 30 behandlat
1323 757 41 20 en
1385 747 58 30 vid
1463 747 206 39 riksdagens

186 803 126 38 början
328 803 101 29 väckt
447 803 142 33 motion,
607 812 41 19 nr
665 802 45 29 II:
727 802 71 34 569,
816 812 42 19 av
873 803 120 28 herrar
1012 802 144 29 Werner
1172 802 65 29 och
1254 801 178 30 Oskarson
1450 810 57 20 om
1525 801 144 30 förbätt-

186 857 77 39 ring
281 866 42 20 av
340 857 300 39 bostadsbidraget
660 857 33 29 åt
712 856 265 30 ensamstående
995 856 244 39 värnpliktiga.
1268 856 2 29 I
1291 856 114 29 denna
1423 856 133 29 motion
1575 856 94 29 hem-

188 911 126 34 ställes,
338 913 70 27 >att
428 911 187 39 riksdagen
636 911 10 29 i
669 911 164 29 skrivelse
854 911 51 29 till
927 910 125 40 Kungl.
1073 910 105 39 Maj:t
1199 911 107 29 måtte
1326 911 127 38 begära
1474 920 80 20 snar
1576 911 93 28 Ööver-

188 974 63 30 syn
274 974 41 20 av
338 965 530 39 familjebidragsförordningen
891 966 11 28 i
923 965 68 29 vad
1013 974 97 20 avser
1133 965 265 39 bostadsbidrag
1422 965 34 29 åt
1479 964 190 30 ensamstå-

187 1018 87 29 ende
290 1018 267 39 värnpliktiga>.

232 1072 226 30 Beträffande
482 1073 41 29 de
546 1073 108 29 motiv
676 1073 259 29 motionärerna
958 1073 116 29 anfört
1097 1073 52 29 till
1175 1073 76 29 stöd
1275 1073 53 29 för
1353 1073 58 29 sitt
1434 1073 156 38 yrkande
1616 1072 54 29 får

188 1127 178 33 utskottet,
394 1127 3 28 i
418 1126 66 29 den
504 1127 82 29 mån
606 1127 216 39 redogörelse
842 1127 120 29 därför
981 1127 71 29 inte
1072 1128 135 28 lämnas
1227 1127 11 29 i
1258 1127 56 29 det
1336 1127 165 39 följande,
1523 1127 145 29 hänvisa

188 1181 50 28 till
258 1180 187 29 motionen.

541 1319 301 48 Proposilionens
861 1319 274 47 huvudsakliga
1154 1319 166 35 innehåll

234 1403 12 28 I
265 1404 262 38 propositionen
545 1403 146 31 föreslås
711 1404 214 30 förbättrade
944 1404 459 40 familjebidragsförmåner
1422 1404 54 29 för
1494 1404 177 39 värnplik-

189 1456 80 39 tiga,
296 1457 393 39 civilförsvarspliktiga,
716 1458 182 39 vapenfria
921 1458 280 39 tjänstepliktiga
1227 1468 44 19 m.
1299 1458 37 29 fl.
1363 1458 116 39 Enligt
1506 1457 165 39 förslaget

189 1510 81 39 höjs
289 1510 354 40 familjepenningens
662 1512 270 39 maximibelopp
951 1512 53 29 till
1026 1512 38 29 12
1084 1512 51 29 kr.
1155 1512 55 29 för
1230 1512 66 39 dag
1315 1512 54 29 för
1387 1511 127 30 hustru
1535 1511 65 30 och
1617 1511 54 30 till

190 1564 19 29 6
227 1564 52 29 kr.
299 1564 53 30 för
371 1565 65 38 dag
454 1565 54 29 för
527 1574 117 20 annan
662 1565 297 39 familjemedlem.
979 1566 126 29 Vidare
1124 1566 146 30 föreslås
1288 1565 148 40 höjning
1454 1575 43 20 av
1514 1566 157 39 närings-

190 1618 121 39 bidrag
331 1618 64 29 och
414 1618 354 40 begravningsbidrag
788 1621 90 28 samt
898 1619 247 39 förmånligare
1165 1620 110 38 regler
1296 1619 54 30 för
1370 1619 303 40 behovsprövning

190 1681 42 19 av
253 1672 291 39 familjepenning
565 1673 64 29 och
650 1673 274 39 bostadsbidrag.

724 1797 158 31 Gällande
897 1797 248 31 bestämmelser

235 1877 165 29 Gällande
428 1877 263 30 bestämmelser
719 1887 57 20 om
805 1878 258 40 familjebidrag
1093 1878 96 30 finns
1217 1878 12 29 i
1257 1878 415 40 familjebidragsförord-

192 1930 128 38 ningen
339 1930 66 29 den
423 1930 41 29 29
483 1940 94 20 mars
598 1930 82 30 1946
704 1931 57 33 (nr
781 1931 49 34 99,
851 1932 174 39 omtryckt
1048 1931 97 30 1960:
1164 1932 77 33 152)
1265 1932 65 29 och
1349 1933 11 29 i
1380 1932 292 39 familjebidrags-

193 1983 233 39 kungörelsen
456 1984 66 29 den
553 1984 40 29 29
624 1994 94 21 mars
751 1984 81 30 1946
869 1985 57 34 (nr
960 1985 69 34 101,
1061 1986 175 39 omtryckt
1269 1985 209 35 1960:153).
1509 1986 163 40 Familje-

191 2037 121 39 bidrag
338 2037 101 39 utgår
465 2038 110 29 under
601 2038 234 39 tjänstgöring
861 2039 57 29 vid
945 2038 240 39 krigsmakten
1211 2039 65 29 och
1303 2039 252 30 civilförsvaret
1583 2042 90 27 samt

191 2091 110 29 under
325 2091 159 39 vapenfri
508 2091 121 40 tjänst.
655 2092 326 39 Bidragsformerna
1006 2093 37 29 är
1069 2092 300 40 familjepenning,
1395 2094 276 39 bostadsbidrag,

191 2145 276 39 näringsbidrag,
491 2145 206 39 sjukbidrag
717 2146 65 29 och
802 2146 363 39 begravningsbidrag.
1187 2146 172 40 Bidragen
1381 2147 101 39 utgår
1503 2148 11 29 i
1536 2148 137 39 princip

191 2198 87 29 efter
307 2198 312 40 behovsprövning.
650 2200 48 29 De
729 2200 37 29 är
796 2200 79 29 med
904 2200 179 39 undantag
1113 2200 54 29 för
1197 2201 311 39 näringsbidragen
1537 2202 136 29 undan-

191 2254 103 37 tagna
320 2252 80 29 från
423 2252 234 40 beskattning.

235 2306 306 40 Familjepenning
560 2307 101 39 utgår
682 2307 54 29 för
757 2307 10 29 i
789 2307 111 30 första
918 2307 96 30 hand
1034 2307 126 30 hustru
1181 2307 64 30 och
1266 2308 87 29 barn
1375 2318 80 20 men
1476 2309 71 29 kan
1567 2309 107 30 också

192 2359 82 39 utgå
301 2359 53 30 för
382 2359 173 30 föräldrar
582 2360 65 30 och
672 2360 377 31 husföreståndarinna
1077 2363 89 28 samt
1193 2361 251 39 undantagsvis
1473 2362 54 30 för
1556 2372 117 20 annan

192 2412 155 39 anhörig.
371 2413 13 29 I
408 2413 531 40 familjebidragsförordningen
960 2414 153 31 bestäms
1137 2414 354 41 familjepenningens
1514 2417 159 29 maximi-

192 2466 123 39 belopp
332 2466 53 30 för
401 2467 93 29 olika
509 2467 194 39 kategorier
719 2477 42 20 av
775 2468 375 39 familjemedlemmar.
1167 2469 315 40 Maximibeloppen
1496 2470 64 29 har
1576 2470 96 40 höjts

192 2520 58 29 vid
268 2520 93 30 olika
380 2521 164 29 tillfällen
561 2521 11 29 i
592 2521 196 39 ungefärlig
806 2521 203 39 proportion
1028 2522 53 29 till
1102 2523 196 38 stegringen
1318 2532 41 20 av
1379 2523 293 31 livsmedelskost-

194 2585 36 27 1+
245 2602 11 2 —
301 2584 134 39 Bihang
455 2584 50 29 till
523 2585 204 38 riksdagens
745 2585 174 39 protokoll
938 2584 93 31 1967.
1050 2586 19 28 9
1087 2586 98 29 saml.
1204 2586 19 29 2
1242 2586 75 30 avd.
1335 2587 48 29 Nr
1402 2587 40 29 42
