1854 2778
435 176 123 38 Tredje
579 175 246 39 lagutskottets
846 174 179 30 utlåtande
1045 183 43 19 nr
1107 174 19 29 3
1146 174 39 29 år
1207 173 83 29 1965
1587 171 18 29 d

118 256 266 39 förväntningar
405 265 54 20 om
481 258 50 27 att
551 258 47 27 ett
619 255 249 39 lagstadgande
889 254 113 29 skulle
1023 253 135 39 åtlydas
1179 254 10 28 i
1212 252 38 30 så
1271 254 71 27 stor
1363 251 242 38 utsträckning

119 313 49 28 att
191 310 56 30 det
269 310 68 29 blir
358 309 171 30 effektivt.
552 308 223 39 Majoriteten
797 308 65 29 har
884 307 120 29 därför
1026 307 119 38 avböjt
1167 305 185 30 införande
1376 314 41 20 av
1439 314 42 20 en
1504 303 101 40 regel,

121 373 75 20 som
225 362 212 30 föreskriver
466 364 49 28 att
545 361 263 29 fordonsförare
838 361 88 29 skall
956 360 159 29 medföra
1144 360 66 29 och
1239 358 159 30 använda
1427 358 179 38 varnings-

119 416 157 39 triangel.
296 417 49 28 De
363 416 64 29 har
444 416 11 29 i
475 415 113 30 stället
607 414 156 30 förordat
783 424 41 20 en
844 424 74 20 mer
935 414 146 29 allmänt
1100 413 116 30 hållen
1235 412 243 30 bestämmelse
1497 420 41 20 av
1557 411 50 28 in-

120 469 140 34 nebörd,
286 472 50 27 att
361 469 66 29 den
453 478 75 20 som
553 471 141 27 stannat
719 468 180 39 olämpligt
925 467 88 30 skall
1038 466 139 39 vidtaga
1203 465 219 39 nödvändiga
1448 464 159 39 åtgärder

120 523 54 29 för
196 525 50 28 att
268 523 155 29 undvika
446 522 132 40 olycka.
601 522 52 29 En
676 531 41 20 av
740 523 204 37 experterna
967 521 65 29 har
1054 520 89 30 dock
1166 519 189 39 föreslagit,
1379 521 49 28 att
1451 518 157 30 lastbilar

120 576 80 29 med
222 586 43 20 en
290 576 161 30 totalvikt
475 585 42 20 av
540 576 107 29 minst
671 575 51 34 3,5
748 577 61 27 ton
834 575 88 29 skall
947 574 158 29 medföra
1129 572 315 40 varningstriangel
1469 572 65 28 och
1558 573 49 27 att

121 630 109 38 regler
246 639 56 20 om
318 630 77 29 dess
411 629 224 38 användning
650 628 89 30 skall
756 628 170 29 utfärdas.

165 683 67 30 Vid
250 682 82 30 1963
351 683 55 29 års
424 682 142 39 riksdag
581 682 141 29 väcktes
741 681 173 29 motioner
930 681 154 38 återigen
1102 680 10 29 i
1130 681 128 28 ämnet.
1279 679 122 39 Tredje
1420 677 190 40 lagutskot-

122 738 48 28 tet
191 736 200 30 förklarade
413 735 121 30 därvid
554 736 11 28 i
588 735 59 29 sitt
668 744 43 20 av
731 734 187 39 riksdagen
940 733 185 40 godkända
1149 732 179 30 utlåtande
1351 741 41 20 nr
1414 733 19 28 5
1455 733 50 28 att
1526 731 84 28 Nor-

121 790 79 29 disk
220 789 380 40 vägtrafikkommittés
621 788 189 39 utredning
829 788 44 39 på
894 787 157 30 området
1072 787 104 29 borde
1198 786 177 33 avvaktas,
1396 786 109 28 innan
1527 784 83 29 slut-

124 842 46 40 lig
189 843 219 39 ståndpunkt
426 844 76 37 togs
523 842 77 30 från
621 842 127 29 svensk
769 841 76 29 sida
863 841 10 29 i
894 841 115 29 denna
1029 840 108 39 fråga.
1158 840 178 30 Utskottet
1354 839 186 29 förutsatte
1560 839 50 28 att

122 896 210 30 kommittén
351 898 85 28 utan
453 896 110 29 större
581 895 217 30 tidsutdräkt
816 894 171 31 slutförde
1005 894 96 29 detta
1118 893 116 30 arbete
1253 893 66 29 och
1336 894 50 28 att
1405 891 206 40 spörsmålet

123 950 221 30 redovisades
360 950 12 28 i
388 949 204 39 anslutning
607 948 129 30 härtill.
754 948 78 29 Med
848 948 137 39 hänsyn
1001 947 45 29 bl.
1061 957 29 19 a.
1107 947 52 29 till
1177 947 58 29 det
1252 945 106 40 sagda
1374 946 85 29 fann
1477 945 135 28 utskot-

124 1005 47 28 tet
188 1003 114 40 någon
319 1003 205 39 riksdagens
541 1002 122 39 åtgärd
680 1002 76 29 icke
772 1011 84 20 vara
872 1001 164 39 påkallad
1054 1001 10 28 i
1082 1000 190 39 anledning
1288 1008 41 21 av
1347 999 227 29 motionerna.

168 1057 13 29 I
199 1066 43 20 en
260 1056 66 30 den
345 1056 17 29 5
382 1056 152 29 februari
557 1055 81 30 1965
657 1055 219 39 dagtecknad
893 1054 167 30 skrivelse
1082 1054 51 28 till
1151 1053 123 39 chefen
1294 1052 56 39 för
1367 1050 246 31 kommunika-

125 1110 370 38 tionsdepartementet
514 1109 135 30 erinrar
665 1108 95 29 KAK
779 1117 56 20 om
855 1110 50 28 att
923 1108 11 29 i
953 1117 42 20 en
1016 1107 53 29 del
1089 1106 208 39 europeiska
1316 1105 130 34 länder,
1467 1105 116 29 senast
1601 1103 12 30 i

124 1163 188 34 Österrike,
333 1163 263 29 bestämmelser
614 1162 128 29 införts
763 1171 57 20 om
842 1161 197 39 skyldighet
1060 1162 50 28 att
1131 1160 73 29 dels
1226 1160 10 28 i
1258 1158 241 30 motorfordon
1520 1157 94 29 med-

126 1216 77 30 föra
221 1216 314 39 varningstriangel
555 1216 64 29 och
639 1215 72 29 dels
732 1215 160 29 använda
913 1214 119 33 sådan,
1053 1215 64 28 när
1136 1213 160 29 fordonet
1316 1212 151 39 tvingats
1487 1213 127 27 stanna

124 1271 45 38 på
188 1271 75 38 väg.
285 1270 92 29 KAK
399 1269 203 30 framhåller
622 1271 50 28 att
694 1278 118 20 vunna
834 1268 239 30 erfarenheter
1092 1267 93 29 visar
1207 1268 51 28 att
1279 1264 335 41 varningstrianglar

125 1324 39 29 är
185 1325 49 28 ett
255 1324 118 29 enkelt
395 1324 64 28 och
481 1323 176 29 verksamt
679 1322 111 29 medel
814 1322 64 29 när
898 1321 57 29 det
978 1321 107 39 gäller
1106 1322 50 28 att
1178 1319 140 30 minska
1340 1319 119 29 risken
1480 1318 55 29 för
1556 1317 58 40 på-

125 1377 151 39 körning
300 1386 43 20 av
367 1376 237 30 stillastående
629 1375 137 29 fordon.
792 1375 91 29 KAK
910 1374 148 29 föreslår
1083 1373 120 30 därför
1228 1375 50 27 att
1304 1382 42 19 en
1372 1371 242 30 bestämmelse

127 1432 138 27 snarast
287 1429 159 30 utfärdas
469 1429 77 29 med
570 1438 82 30 nyss
675 1428 139 39 angivet
835 1427 166 30 innehåll.
1025 1427 116 38 Enligt
1163 1426 92 29 KAK
1278 1427 39 28 är
1338 1425 57 29 det
1416 1424 77 30 icke
1515 1423 100 30 moti-

125 1485 97 28 verat
241 1485 50 28 att
311 1483 148 29 avvakta
478 1482 56 29 det
556 1481 206 30 förväntade
783 1481 164 38 förslaget
968 1489 56 20 om
1045 1479 175 39 enhetliga
1240 1478 166 30 nordiska
1426 1476 190 40 vägtrafik-

125 1536 273 30 bestämmelser.

126 1639 37 29 B.
188 1638 228 39 Beträffande
431 1637 130 39 gående
578 1637 11 29 i
603 1636 141 30 mörker

174 1701 83 28 1953
279 1700 56 29 års
360 1698 481 40 trafiksäkerhetsutredning
863 1697 165 30 framhöll
1052 1698 9 28 i
1085 1697 57 29 sitt
1167 1697 37 29 år
1230 1696 82 29 1954
1335 1695 204 30 avlämnade
1561 1694 55 29 be-

127 1753 188 34 tänkande,
336 1755 49 28 att
406 1753 201 39 fotgängare
627 1753 38 28 är
685 1752 66 30 den
773 1760 111 31 grupp
904 1761 41 20 av
965 1751 221 33 trafikanter,
1208 1759 75 20 som
1304 1749 148 29 drabbas
1472 1748 144 29 hårdast

128 1816 43 20 av
193 1805 369 40 påkörningsolyckor.
588 1805 117 39 Enligt
728 1805 251 38 utredningens
1003 1804 141 38 mening
1167 1813 62 20 var
1252 1803 57 29 det
1333 1802 208 39 lämpligast,
1567 1803 49 27 att

129 1859 231 39 fotgängarna
379 1868 95 20 mera
494 1859 145 29 allmänt
658 1858 62 29 bar
740 1858 79 29 med
840 1858 50 38 sig
909 1857 266 38 varningslykta
1194 1856 82 29 eller
1296 1855 197 39 begagnade
1513 1854 104 38 något

129 1911 257 30 reflekterande
409 1911 121 29 märke
553 1911 45 39 på
621 1911 54 29 sin
699 1911 145 29 klädsel.
869 1910 236 38 Utredningen
1131 1909 150 39 föreslog
1306 1908 128 34 därför,
1459 1910 50 27 att
1533 1907 39 29 60
1600 1906 15 36 8

129 1964 428 40 vägtrafikförordningen
577 1964 112 29 skulle
709 1963 150 30 tillföras
880 1966 47 27 ett
947 1965 75 37 nytt
1043 1963 118 38 stycke
1181 1972 42 20 av
1242 1961 279 38 huvudsakligen
1540 1960 77 29 råd-

130 2017 146 40 givande
297 2018 167 29 karaktär
484 2018 63 29 och
568 2027 42 20 av
629 2017 166 34 innehåll,
816 2019 50 27 att
888 2016 140 39 gående,
1051 2025 74 20 som
1146 2015 158 30 använde
1325 2014 189 39 cykelbana
1536 2014 82 29 eller

129 2074 166 33 körbana,
315 2072 105 30 borde
439 2073 83 28 bära
542 2081 41 20 en
603 2071 83 29 tänd
708 2070 95 39 lykta
824 2070 81 29 eller
924 2079 85 20 vara
1029 2069 140 29 försedd
1189 2068 78 29 med
1288 2067 204 33 armbindel,
1513 2067 105 38 skärp

131 2127 82 29 eller
234 2135 116 21 annan
373 2124 195 39 anordning
589 2134 41 20 av
651 2123 257 30 reflekterande
930 2122 159 29 material
1112 2122 82 29 eller
1216 2122 65 29 ock
1302 2121 82 29 bära
1407 2121 103 38 något
1532 2120 86 38 ljust

131 2179 225 39 klädesplagg
378 2178 82 29 eller
482 2177 178 39 tygstycke
683 2177 83 28 eller
788 2176 138 38 vidtaga
950 2184 117 20 annan
1089 2175 166 28 liknande
1279 2174 120 38 åtgärd
1423 2173 54 29 för
1500 2175 49 27 att
1571 2172 46 29 bli

131 2232 111 29 bättre
262 2232 112 38 synlig
394 2231 55 29 för
466 2231 108 29 andra
593 2229 221 30 trafikanter.
835 2228 236 38 Utredningen
1091 2227 207 29 hemställde
1317 2227 127 32 vidare,
1464 2228 49 26 att
1532 2225 87 29 NTF

132 2285 107 29 måtte
262 2284 168 29 anmodas
453 2285 49 27 att
525 2285 152 36 upptaga
701 2281 217 39 spörsmålen
941 2290 56 19 om
1020 2280 112 29 bältre
1156 2280 161 28 säkerhet
1341 2279 54 28 för
1418 2279 201 38 fotgängare

132 2337 110 30 under
265 2337 139 28 mörker
426 2336 50 29 till
499 2335 221 38 behandling.
744 2334 236 38 Utredningen
1002 2333 79 29 ville
1104 2332 115 33 också,
1243 2334 47 27 alt
1316 2331 224 29 föreskriften
1564 2340 55 19 om

132 2392 50 28 alt
205 2389 212 39 fotgängare,
440 2389 44 29 då
505 2388 102 39 gång-
628 2387 83 29 eler
733 2387 191 39 cykelbana
947 2386 140 33 saknas,
1110 2385 87 29 skall
1221 2385 154 38 begagna
1397 2386 146 37 yltersta
1565 2383 55 29 de-

133 2444 54 29 len
206 2453 42 19 av
265 2443 119 37 vägen,
404 2441 245 29 företrädesvis
667 2440 65 29 den
753 2440 42 38 på
815 2440 107 37 högra
940 2439 111 32 sidan,
1071 2438 111 29 skulle
1201 2438 128 29 ändras
1349 2438 36 28 så
1404 2437 49 29 till
1473 2437 79 29 vida
1571 2438 49 28 att

133 2496 95 29 ordet
250 2506 11 17 »
272 2494 264 30 företrädesvis»
558 2494 127 38 utgick.
