2191 2671
690 134 229 44 Lagutskottets
943 135 158 34 utlåtande
1124 137 54 31 Nr
1200 139 49 31 57.
1692 141 39 30 33

324 219 139 43 (Kungl.
488 220 122 42 Maj:ts
632 220 153 44 förslag.)
1206 223 194 42 (Utskottets
1423 224 152 42 förslag.)

303 327 218 37 Innehafves
563 327 242 38 frälseräntan
850 330 89 36 eller
975 329 221 49 fastigheten
1236 335 119 33 såsom
1395 331 275 46 fideikommiss,
1699 340 73 40 äge

168 377 252 48 stadgandena
458 380 12 34 i
513 381 42 34 11
590 378 22 45 $
640 381 32 47 ej
701 381 249 49 tillämpning,
981 382 81 35 med
1090 382 144 37 mindre
1261 383 304 36 fideikommisset
1593 359 181 78 omfattar

163 408 138 67 jämväl
330 430 70 36 den
427 430 114 36 andra
569 431 237 48 egendomen.

304 582 129 37 Denna
459 584 61 48 lag
547 585 91 35 skall
666 585 104 36 träda
796 587 12 34 i
837 585 97 37 kraft
961 586 70 36 den
1062 588 14 33 1
1105 586 147 47 januari
1283 588 110 35 1913.

705 737 38 47 3)
771 745 52 30 att
850 740 209 48 Riksdagen
1088 743 112 33 måtte
1225 746 132 43 antaga
1376 740 162 49 följande
1558 740 138 50 förslag
1714 743 58 34 till

904 881 139 63 Lag

487 1002 53 29 om
569 991 133 40 ändrad
731 991 129 50 lydelse
888 992 37 39 af
954 994 21 37 IH
1004 993 78 50 kap.
1111 993 23 38 2
1161 992 24 51 &
1211 992 243 51 jordabalken.

302 1113 227 49 Härigenom
570 1113 204 46 förordnas,
816 1120 54 30 att
913 1117 41 33 11
998 1117 80 47 kap.
1123 1118 19 33 2
1171 1114 24 46 $&
1230 1116 244 47 jordabalken
1515 1118 89 35 skall
1637 1117 137 36 erhålla

167 1164 163 48 följande
359 1165 159 35 ändrade
545 1165 154 49 lydelse:

303 1215 58 36 Nu
402 1215 126 37 hafver
568 1216 81 45 den,
691 1229 77 23 som
811 1217 110 44 sålde,
949 1218 80 35 icke
1057 1218 179 48 uppburit
1263 1218 95 37 fulla
1386 1219 215 48 penningar,
1631 1218 142 37 ändock

166 1267 73 35 han
266 1269 12 32 i
306 1267 239 47 köpebrefvet
571 1268 159 43 tillstått,
760 1273 52 30 att
839 1269 72 34 han
929 1269 295 49 köpeskillingen
1242 1271 58 34 till
1319 1270 94 36 fullo
1433 1270 216 45 bekommit;
1669 1271 104 47 njute

166 1320 58 34 sin
252 1318 168 36 säkerhet
447 1320 11 34 i
486 1318 73 46 det,
588 1331 77 23 som
695 1319 96 36 såldt
811 1326 49 36 är,
882 1318 154 37 framför
1054 1320 113 36 andra
1187 1322 179 47 köparens
1387 1321 231 64 borgenärer.
1662 1321 111 37 Söker

167 1369 70 36 han
267 1369 32 47 ej
329 1369 215 49 inteckning
572 1369 57 36 för
657 1370 57 36 sin
742 1348 163 67 fordran,
935 1371 11 35 i
974 1371 80 36 stad
1080 1373 101 34 inom
1209 1377 55 31 tre
1292 1372 183 44 månader,
1504 1373 116 36 och
1596 1367 21 56 å
1647 1373 126 36 landet

166 1421 66 35 sist
273 1420 61 36 vid
375 1420 61 36 det
475 1400 91 69 ting,
608 1434 77 23 som
717 1421 148 36 infaller
892 1427 82 31 näst
1001 1422 94 36 efter
1122 1436 64 22 sex
1213 1424 175 35 månader
1415 1402 109 58 sedan
1551 1423 137 50 lagfart
1716 1424 58 36 för

166 1471 159 49 köparen
353 1449 213 71 beviljades,
596 1479 66 41 äge
689 1472 162 37 därefter
878 1474 32 47 ej
939 1473 120 37 bättre
1086 1479 74 31 rätt
1188 1482 46 28 än
1263 1475 44 36 de
1334 1475 125 36 andra.

300 1522 106 37 Hvad
447 1537 51 22 nu
538 1530 41 29 är
610 1524 171 49 stadgadt
808 1525 96 47 gälle
931 1525 44 46 ej,
1004 1525 66 35 där
1097 1529 121 44 någon
1246 1528 12 33 i
1286 1526 79 36 stad
1393 1527 89 35 eller
1510 1529 20 33 å
1556 1539 118 24 annan
1703 1532 69 39 ort,

166 1573 57 36 för
263 1574 150 36 hvilken
440 1574 107 48 lagen
575 1575 187 46 angående
789 1553 218 69 förändring
1035 1576 39 35 af
1097 1582 111 30 tomts
1237 1578 147 35 område
1412 1585 85 41 äger
1523 1578 248 47 tillämpning,

166 1626 69 34 sålt
263 1626 73 34 viss
363 1625 59 35 till
450 1633 199 40 gränserna
676 1625 165 37 bestämd
871 1626 57 35 del
958 1608 47 54 af
1022 1632 94 31 tomt
1145 1633 51 30 att
1224 1628 83 35 med
1336 1607 119 57 annat
1474 1628 148 36 område
1649 1629 57 35 till
1727 1642 43 22 en

165 1680 94 30 tomt
287 1651 302 77 sammanläggas,
619 1677 65 35 och
713 1678 30 47 ej
775 1677 114 35 heller
916 1677 65 36 där
1008 1677 218 37 frälseränta
1254 1679 119 47 säljes.

302 1828 126 35 Denna
456 1829 60 47 lag
544 1829 89 35 skall
661 1830 105 34 träda
793 1831 12 33 i
834 1829 96 36 kraft
958 1831 69 35 den
1060 1833 15 33 1
1103 1832 148 46 januari
1283 1833 106 34 1913.

703 1980 37 47 4)
769 1988 53 30 att
864 1984 133 47 Kungl.
1039 1983 123 48 Maj:ts
1204 1984 136 48 förslag
1371 1985 57 35 till
1456 1986 61 47 lag
1544 1998 59 22 om
1631 1984 141 37 ändrad

568 2033 138 49 lydelse
734 2033 37 37 af
799 2035 42 34 18
870 2033 23 45 $
920 2036 12 33 i
960 2033 263 50 förordningen
1251 2035 72 36 den
1355 2037 41 35 16
1423 2037 85 46 juni
1539 2037 93 35 1875
1661 2040 112 44 angå-

568 2076 91 44 ende
699 2084 134 47 lagfart
864 2089 20 31 å
912 2084 88 48 fång
1026 2087 57 34 till
1111 2086 72 36 fast
1210 2087 180 47 egendom
1419 2092 94 30 samt
1540 2088 56 34 till
1623 2088 61 46 lag
1711 2100 60 23 om

568 2136 137 35 ändrad
733 2115 137 69 lydelse
899 2136 38 36 af
964 2123 42 49 61
1038 2136 22 44 8
1088 2138 11 34 i
1127 2119 263 67 förordningen
1414 2138 70 35 den
1507 2140 42 34 16
1568 2138 85 48 juni
1660 2118 110 56 1875

567 2187 185 46 angående
781 2188 214 48 inteckning
1022 2189 11 34 i
1062 2187 71 37 fast
1161 2169 180 68 egendom
1368 2189 78 36 icke
1475 2192 113 33 måtte
1607 2188 41 37 af
1665 2189 108 37 Riks-

569 2238 116 48 dagen
712 2237 163 45 bifallas;
905 2220 93 55 samt

264 2318 131 42 Bihang
418 2319 49 30 till
489 2319 194 42 Riksdagens
702 2319 158 43 protokoll
883 2321 93 30 1912.
1011 2322 20 30 9
1048 2321 87 31 saml.
1159 2322 41 30 51
1217 2321 78 42 häft.
1331 2321 68 38 (Nr
1419 2324 71 36 57)
1713 2324 17 30 d
