1896 2822
279 143 39 30 16
733 143 274 31 Statsutskottets
1032 140 177 32 utlåtande
1233 140 49 30 Nr
1306 141 29 30 9.

282 231 106 37 linjen
409 227 288 38 Laxå—Gårdsjö
723 227 54 39 (23
796 225 87 40 km),
903 225 115 31 vartill
1038 226 141 29 komma
1200 223 91 31 vissa
1311 221 305 37 kompletteringar
1635 220 21 31 å
1678 219 106 37 linjen

282 271 196 50 Hallsberg
506 275 166 41 Östansjö
704 278 32 39 (8
763 277 86 40 km).

327 331 273 37 Olägenheterna
619 340 41 21 av
680 333 49 28 att
748 330 65 29 här
828 328 151 31 avsedda
997 327 90 31 båda
1107 324 225 36 huvudlinjer
1349 323 150 37 alltjämt
1516 322 45 37 på
1579 325 93 27 stora
1691 320 95 31 delar

281 384 119 29 endast
423 382 61 29 äro
506 379 238 37 enkelspåriga
767 380 89 29 hava
878 377 158 30 alltmera
1059 376 175 30 kännbart
1257 374 87 38 gjort
1367 373 50 38 sig
1441 372 157 38 gällande
1620 371 163 31 alltefter-

282 443 73 21 som
371 430 317 38 järnvägstrafiken
707 430 66 30 och
791 430 10 29 i
819 429 44 30 all
882 428 187 36 synnerhet
1087 426 152 30 trafiken
1259 424 44 38 på
1321 423 297 36 långdistanserna
1637 421 147 36 tilltagit.

282 483 298 37 Fjärrgodstågen,
599 491 74 21 som
690 498 46 4 —
755 481 10 29 i
782 481 219 29 konkurrens
1018 479 78 29 med
1115 475 337 37 landsvägstrafiken
1471 493 44 4 —
1533 473 44 37 på
1596 482 121 21 senare
1736 472 49 30 tid

279 534 201 35 utvecklats,
507 533 98 30 ställa
631 530 107 32 också
766 531 109 30 ökade
903 530 87 29 krav
1016 528 45 37 på
1087 526 321 36 banutrustningen.
1460 525 64 30 Det
1551 525 39 29 är
1618 523 165 36 tämligen

282 584 180 36 självklart
489 587 49 27 att
562 583 110 30 under
698 591 43 21 en
767 580 228 37 högtrafiktid
1020 588 74 21 som
1119 578 67 30 den
1214 576 200 31 nuvarande
1441 575 99 30 dessa
1567 574 219 36 olägenheter

281 635 96 30 skola
396 633 140 30 särskilt
554 631 203 35 framträda,
776 631 64 29 och
859 630 56 30 det
934 630 70 29 kan
1024 628 44 31 då
1086 637 82 21 vara
1188 626 193 36 förklarligt
1400 635 59 20 om
1478 624 180 37 yrkanden
1678 623 105 30 fram-

281 686 141 29 komma
442 694 59 20 om
524 684 220 30 omedelbara
764 682 158 36 åtgärder
943 680 56 30 för
1021 683 48 27 att
1089 679 123 36 bringa
1234 677 142 32 lättnad.

325 732 377 37 Dubbelspårsarbeten
723 733 60 29 äro
803 730 187 31 emellertid
1011 730 131 36 företag
1163 728 44 37 på
1227 727 79 37 lång
1326 727 76 30 sikt.
1447 724 336 37 Järnvägsstyrelsen

280 787 64 29 har
372 784 130 37 angivit
531 786 48 28 att
607 784 123 29 enbart
760 782 54 30 för
842 780 285 37 färdigställande
1155 788 42 21 av
1228 777 107 37 linjen
1365 775 419 35 Stockholm—Göteborg

281 837 65 30 den
367 837 152 29 kortaste
540 834 58 36 tid,
620 843 75 21 som
716 833 110 30 skulle
846 833 121 29 kunna
987 832 141 29 komma
1150 828 122 37 ifråga,
1294 826 134 38 uppgår
1447 827 52 30 till
1522 828 15 28 7
1560 828 19 28 å
1602 827 20 29 8
1643 825 49 31 år.
1728 825 55 30 Ut-

281 888 123 30 skottet
424 885 97 31 delar
541 882 396 39 departementschefens
958 880 225 38 uppfattning
1204 882 49 28 att
1274 877 334 31 tidsförhållandena
1629 876 154 31 nödvän-

281 938 139 37 diggöra
446 935 295 35 inskränkningar
766 934 9 30 i
799 933 118 37 dylika
941 933 151 29 arbeten.
1129 931 101 30 Detta
1256 930 103 36 gäller
1382 928 31 37 ej
1439 928 106 31 minst
1570 927 9 30 i
1604 926 98 38 fråga
1727 936 57 20 om

281 984 487 38 dubbelspårsbyggnaderna,
801 983 61 30 där
894 982 43 30 de
969 980 252 31 förberedande
1254 979 162 30 arbetena
1449 978 80 30 med
1561 971 219 45 schaktning,

281 1037 179 39 planering
483 1038 66 29 och
571 1034 224 38 terrassering
816 1034 107 36 draga
945 1033 80 30 med
1048 1032 49 37 sig
1120 1034 93 28 stora
1236 1029 250 37 kapitalutlägg
1509 1029 54 29 för
1586 1028 109 36 inköp
1719 1027 65 30 och

280 1087 201 38 utläggning
500 1096 42 21 av
562 1086 124 36 sliprar
706 1086 66 30 och
791 1085 67 30 räls
879 1086 90 28 samt
988 1082 106 31 också
1114 1082 67 30 vad
1200 1080 171 32 beträffar
1391 1078 266 38 ifrågavarande
1677 1078 107 30 redan

281 1139 254 31 elektrifierade
560 1137 100 36 linjer
683 1136 162 31 elektrisk
868 1134 166 31 materiel.
1080 1132 299 37 Järnvägsdriften
1401 1131 40 29 är
1466 1131 11 29 i
1502 1131 68 35 hög
1592 1129 85 37 grad
1701 1129 84 29 kon-

279 1187 282 40 junkturkänslig
606 1187 65 30 och
706 1184 348 36 trafikbelastningen
1087 1183 119 30 växlar
1242 1182 109 30 starkt
1390 1180 148 30 alltefter
1571 1178 214 39 konjunktu-

279 1247 109 22 rerna.
438 1237 142 30 Erinras
613 1236 58 31 må
704 1246 59 20 om
796 1235 241 30 erfarenheten
1070 1232 79 31 från
1174 1233 43 29 de
1242 1232 110 29 beslut
1373 1240 58 21 om
1456 1230 165 30 liknande
1644 1229 141 31 dubbel-

282 1289 295 38 spårsbyggnader
613 1297 75 21 som
728 1286 147 31 fattades
912 1285 112 30 under
1050 1282 305 37 världskrigsåren.
1404 1282 108 30 Dessa
1539 1280 121 36 beslut,
1689 1279 94 31 vilka

280 1339 127 38 jämväl
430 1338 128 37 avsågo
580 1337 148 37 linjerna
752 1335 376 32 Stockholm-—Malmö
1152 1334 66 30 och
1241 1331 428 36 Stockholm—Göteborg,
1695 1330 87 30 kun-

281 1390 41 30 de
344 1390 194 30 sedermera
558 1388 73 30 icke
652 1386 181 37 fullföljas.
876 1383 327 38 Trafiknedgången
1225 1383 109 30 under
1352 1381 267 38 efterkrigsåren
1639 1380 143 31 tillsam-

281 1450 98 21 mans
405 1440 79 30 med
509 1440 42 30 de
576 1439 89 36 höga
693 1435 461 39 anläggningskostnaderna
1182 1432 319 38 nödvändiggjorde
1527 1432 137 30 avbrott
1693 1431 10 29 i
1729 1439 53 21 ar-

282 1493 121 30 betena
428 1491 80 30 med
533 1487 264 37 avskrivningar
822 1485 104 32 också
951 1495 43 21 av
1019 1485 90 30 vissa
1134 1484 95 31 delar
1255 1493 42 20 av
1323 1482 183 30 förbrukat
1532 1481 141 36 kapital.

327 1542 40 36 Ej
388 1540 107 31 heller
514 1541 41 30 de
574 1548 46 21 nu
639 1538 187 37 planerade
845 1537 160 30 fortsatta
1025 1533 392 37 dubbelspårsarbetena
1437 1533 90 29 hava
1547 1541 42 20 av
1608 1530 177 37 järnvägs-

283 1592 163 37 styrelsen
471 1592 133 29 kunnat
625 1590 177 30 betraktas
826 1598 72 20 som
921 1587 159 30 räntabla
1104 1586 143 36 företag.
1293 1585 98 29 Trots
1415 1586 133 28 senaste
1572 1582 100 31 årens
1696 1582 86 37 goda

282 1641 345 37 avkastningssiffror
650 1639 79 31 från
754 1637 305 33 statsbanedriften
1081 1637 64 30 har
1167 1635 89 31 måst
1279 1635 201 30 förutsättas
1503 1643 41 21 en
1567 1632 217 31 omfattande

283 1693 156 31 befrielse
460 1691 79 31 från
556 1688 487 38 förräntningsskyldigheten.

327 1738 215 35 Åtminstone
564 1742 65 29 vad
652 1742 174 28 närmaste
848 1739 92 30 tiden
962 1737 170 31 beträffar
1152 1737 66 30 och
1239 1736 10 30 i
1268 1735 173 30 avvaktan
1464 1733 44 38 på
1529 1734 55 30 det
1605 1733 179 30 allmänna

284 1795 104 36 lägets
411 1792 217 38 synnerligen
652 1791 114 30 ovissa
788 1789 195 37 utveckling
1007 1787 108 31 måste
1138 1787 166 30 utskottet
1326 1784 109 36 alltså,
1460 1785 10 29 i
1494 1785 106 29 likhet
1624 1783 79 30 med
1729 1783 54 30 de-

284 1843 345 39 partementschefen,
652 1842 99 30 finna
772 1841 55 30 det
848 1839 212 35 nödvändigt
1082 1838 76 30 med
1180 1837 69 30 viss
1269 1835 231 37 begränsning
1521 1835 9 29 i
1552 1836 234 34 programmet

284 1895 54 30 för
358 1893 411 37 dubbelspårsarbetenas
790 1889 232 37 fullföljande.
1054 1887 266 31 Bestämmande
1342 1887 88 29 lärer
1451 1886 55 30 väl
1529 1885 8 30 i
1559 1885 108 29 första
1690 1883 95 30 hand

285 1945 35 31 få
349 1945 43 30 bli
422 1941 512 40 sysselsättningssynpunkten,
964 1940 123 30 främst
1116 1938 291 37 angelägenheten
1436 1939 48 27 att
1513 1936 118 29 kunna
1659 1934 127 30 bereda

285 1997 114 29 arbete
423 1994 34 32 åt
484 1995 66 30 den
575 1994 94 30 äldre
693 1994 239 32 arbetarstam,
960 2000 75 21 som
1061 1989 95 30 blivit
1181 1988 164 37 övertalig
1369 1986 79 31 från
1472 1986 110 30 andra
1607 1984 178 37 järnvägs-

285 2047 209 37 byggnader.

330 2097 63 30 Till
419 2096 60 30 sist
504 2096 57 29 vill
587 2095 166 30 utskottet
781 2091 185 32 framhålla
993 2091 116 30 vikten
1134 2099 43 20 av
1205 2092 49 27 att
1280 2087 77 31 från
1382 2086 304 36 verksledningens
1712 2085 74 30 sida

285 2151 168 33 noggrant
469 2147 142 30 beaktas
629 2145 66 30 den
714 2144 165 30 inverkan
898 2140 395 37 dubbelspårsarbetena
1309 2157 43 4 —
1367 2138 126 30 liksom
1509 2137 55 30 för
1581 2136 110 36 övrigt
1710 2135 80 30 ock-

287 2198 36 31 så
344 2198 88 30 vissa
455 2197 110 30 andra
586 2196 9 30 i
617 2196 93 30 detta
732 2193 176 32 utlåtande
930 2192 217 30 behandlade
1170 2191 133 37 företag
1326 2190 65 29 och
1415 2187 162 32 ändamål
1600 2204 45 4 —
1668 2187 119 29 kunna

287 2248 136 32 särskilt
455 2248 8 30 i
493 2246 97 37 fråga
619 2255 56 21 om
706 2243 350 32 materielleveranser
1084 2242 105 28 utöva
1218 2239 45 37 på
1291 2239 121 35 behov,
1443 2248 76 21 som
1547 2238 11 29 i
1588 2236 202 31 nuvarande

287 2299 143 31 kritiska
450 2299 74 35 läge
543 2296 106 31 måste
670 2294 146 32 framstå
835 2304 73 20 som
927 2293 165 37 betydligt
1114 2301 94 21 mera
1226 2291 200 36 angelägna.

333 2350 75 31 Med
432 2346 241 39 tillstyrkande
697 2355 43 20 av
764 2344 121 36 Kungl.
910 2341 120 38 Maj:ts
1054 2342 128 37 förslag
1205 2341 67 29 och
1296 2340 77 30 med
1396 2338 232 38 avstyrkande
1652 2347 43 20 av
1719 2345 71 21 mo-

287 2402 115 30 tionen
422 2399 199 30 hemställer
640 2396 177 35 utskottet,

636 2467 49 27 att
708 2463 184 36 riksdagen
912 2478 46 5 —
982 2460 78 31 med
1083 2459 99 31 bifall
1205 2459 52 30 till
1282 2458 121 36 Kungl.
1428 2456 119 37 Maj:ts
1570 2456 130 35 förslag
1723 2454 66 30 och

596 2514 79 32 med
696 2514 118 37 avslag
836 2512 20 32 å
878 2511 177 31 motionen
1080 2511 27 30 I:
1131 2511 41 29 20
1197 2526 44 5 —
1265 2507 57 32 må
1346 2508 50 30 till
1420 2507 138 38 fortsatt
1581 2504 209 37 anläggning
