1932 2814
273 186 20 29 6
711 185 104 27 Andra
843 186 215 34 lagutskottets
1086 186 157 27 utlåtande
1272 195 37 18 nr
1328 189 28 26 3.

953 538 65 39 Nr
1047 538 38 40 3.

641 658 122 26 Ankom
784 658 46 28 till
850 658 184 35 riksdagens
1054 658 102 27 kansli
1176 659 60 26 den
1256 660 37 25 22
1314 659 142 27 februari
1478 660 74 27 1943
1573 660 41 27 kl.
1636 661 17 26 3
1673 669 25 18 e.
1719 668 41 19 m.

478 763 182 31 Utlåtande
687 765 10 29 i
722 764 188 39 anledning
936 774 41 20 av
1004 765 102 30 väckt
1132 766 131 29 motion
1289 766 179 38 angående
1498 766 182 39 utredning
1708 776 56 20 om

674 818 145 38 höjning
847 828 42 20 av
918 818 272 30 inträdesåldern
1218 819 55 37 för
1303 819 237 39 medlemskap
1571 821 10 28 i
1611 820 154 30 erkända

675 871 213 39 sjukkassor.

323 996 14 29 I
355 1005 43 20 en
413 995 96 31 inom
524 996 112 30 andra
651 996 208 30 kammaren
874 997 112 35 väckt,
1004 997 52 29 till
1071 997 193 39 lagutskott
1281 997 173 30 hänvisad
1470 997 146 35 motion,
1633 1008 42 19 nr
1692 998 73 35 202,

275 1048 119 30 vilken
412 1049 208 30 behandlats
640 1059 42 20 av
704 1050 111 29 andra
837 1050 237 38 lagutskottet,
1096 1050 65 29 har
1180 1050 82 29 herr
1284 1050 163 29 Hansson
1466 1050 11 29 i
1500 1049 151 40 Skediga
1670 1050 95 30 hem-

278 1103 106 34 ställt,
411 1105 68 27 »att
501 1103 189 39 riksdagen
712 1103 10 29 i
745 1103 169 30 skrivelse
936 1103 53 30 till
1013 1104 123 39 Kungl.
1161 1104 101 38 Maj:t
1287 1102 109 32 måtte
1421 1104 128 39 begära
1573 1104 193 39 skyndsam

278 1156 190 39 utredning
489 1166 57 20 om
570 1155 133 32 sådana
725 1156 192 40 ändringar
939 1157 11 29 i
972 1166 48 20 nu
1045 1157 160 39 gällande
1229 1157 267 30 bestämmelser
1521 1157 56 30 för
1600 1158 166 29 medlem-

278 1210 88 38 skap
390 1210 10 29 i
423 1210 153 30 erkända
600 1210 203 38 sjukkassor
827 1213 50 27 att
901 1209 273 31 inträdesåldern
1198 1210 97 39 höjes
1320 1210 51 30 till
1396 1211 41 29 50
1462 1209 38 31 år
1525 1211 138 30 särskilt
1688 1211 79 30 med

275 1263 169 30 avseende
467 1262 44 40 på
531 1262 227 31 småbrukare
779 1264 66 29 och
868 1263 261 31 lantarbetare»>,

324 1334 230 31 Beträffande
574 1335 43 30 de
638 1335 85 35 skäl,
745 1344 77 21 som
843 1335 137 31 anförts
1001 1335 53 30 till
1075 1337 79 29 stöd
1176 1336 56 30 för
1253 1337 116 30 denna
1391 1337 221 36 hemställan,
1636 1337 55 31 får
1714 1341 53 27 ut-

276 1387 127 30 skottet
424 1387 145 31 hänvisa
592 1388 51 30 till
668 1388 186 30 motionen.

325 1459 55 30 Nu
402 1460 159 38 gällande
583 1460 206 38 förordning
810 1470 57 20 om
889 1460 153 31 erkända
1063 1461 202 39 sjukkassor
1288 1462 40 29 är
1351 1462 166 30 utfärdad
1540 1462 67 30 den
1629 1463 41 29 26
1692 1463 75 38 juni

282 1513 94 29 1931.
399 1513 115 38 Enligt
538 1514 13 29 1
575 1512 21 40 $
618 1513 11 29 i
650 1513 254 40 förordningen
926 1513 58 31 må
1005 1514 210 39 registrerad
1236 1515 388 40 understödsförening,
1649 1516 117 30 vilken

279 1566 109 39 enligt
406 1566 76 30 sina
500 1567 142 39 stadgar
656 1567 181 30 meddelar
856 1567 180 39 sjukhjälp
1054 1568 66 30 och
1137 1568 332 39 moderskapshjälp
1487 1569 11 29 i
1516 1569 154 38 enlighet
1687 1570 80 29 med

277 1620 66 29 vad
363 1619 11 30 i
392 1619 249 40 förordningen
659 1620 218 36 föreskrives,
897 1623 141 37 antagas
1057 1621 50 29 till
1124 1621 131 30 erkänd
1274 1621 195 39 sjukkassa.
1503 1621 78 30 Med
1601 1623 164 37 antagan-

280 1674 58 30 det
365 1674 105 39 följer
496 1675 69 30 rätt
592 1675 53 30 till
671 1675 213 40 statsbidrag
911 1675 11 30 i
950 1676 152 38 enlighet
1129 1676 80 30 med
1237 1676 123 30 därför
1388 1676 198 30 fastställda
1616 1676 152 39 grunder

285 1727 31 39 (2
343 1726 48 40 $).
430 1728 48 30 De
503 1729 155 30 erkända
684 1729 251 38 sjukkassorna
960 1730 60 29 äro
1046 1739 42 20 av
1113 1733 123 26 tvenne
1264 1730 83 38 slag,
1375 1729 299 39 lokalsjukkassor
1702 1730 66 30 och

280 1781 355 39 centralsjukkassor.
660 1783 68 29 För
750 1785 51 27 att
824 1783 122 30 kunna
970 1785 146 36 antagas
1141 1783 52 30 till
1216 1782 288 39 lokalsjukkassa
1528 1782 90 31 skall
1642 1783 126 30 under-

280 1835 256 39 stödsförening
557 1853 45 3 —
620 1836 11 29 i
651 1836 90 38 regel
760 1854 45 3 —
827 1836 50 30 till
900 1835 379 31 verksamhetsområde
1301 1836 90 30 hava
1414 1845 42 21 en
1478 1836 82 30 eller
1581 1835 87 31 flera
1690 1837 77 29 när-

280 1889 198 39 gränsande
503 1889 212 30 kommuner
741 1889 66 30 och
833 1890 92 29 hava
948 1889 107 30 minst
1084 1890 60 29 100
1168 1890 242 29 medlemmar.
1437 1889 331 39 Centralsjukkassa

279 1942 92 30 skall
393 1942 51 30 till
468 1941 390 32 verksamhetsområde
881 1943 91 30 hava
996 1946 48 27 ett
1069 1943 83 30 eller
1177 1943 89 30 flera
1290 1941 369 40 landstingsområden
1684 1943 84 29 eller

280 1996 88 35 stad,
387 2005 76 20 som
481 1995 77 31 icke
577 1996 156 39 deltager
750 1996 11 29 i
778 1996 188 39 landsting.
985 1996 125 30 Annan
1130 1996 86 35 stad,
1235 1996 11 29 i
1265 1996 117 30 vilken
1402 1995 365 39 sjukkasseverksam-

280 2049 106 30 heten
408 2048 74 31 nått
504 2050 113 29 större
639 2049 215 40 omfattning
878 2050 65 29 och
966 2050 65 29 har
1055 2059 43 20 en
1123 2059 96 20 mera
1244 2049 154 39 enhetlig
1421 2048 250 40 organisation,
1696 2049 71 30 kan

281 2103 81 29 med
395 2102 410 39 tillsynsmyndighetens
839 2102 231 39 medgivande
1102 2103 124 38 utgöra
1259 2105 77 36 eget
1369 2102 398 39 centralsjukkasseom-

279 2155 84 31 råde
394 2156 30 39 (4
451 2154 47 41 8).
537 2156 13 30 I
576 2156 281 38 lokalsjukkassa
883 2156 88 30 skall
998 2157 68 29 rätt
1092 2156 50 30 till
1169 2156 135 30 inträde
1330 2156 195 30 tillkomma
1552 2155 94 39 varje
1673 2155 95 30 inom

281 2210 145 30 kassans
444 2208 381 32 verksamhetsområde
840 2210 114 29 bosatt
970 2218 83 21 man
1069 2210 80 30 eller
1166 2209 129 30 kvinna
1313 2209 10 30 i
1340 2208 120 31 åldern
1481 2209 128 30 15—40
1626 2208 47 36 år,
1694 2218 74 21 som

281 2263 66 30 har
365 2263 67 39 god
449 2263 99 30 hälsa
565 2263 67 30 och
648 2263 77 30 icke
741 2263 40 29 är
799 2263 170 30 behäftad
984 2263 81 29 med
1081 2263 80 38 lyte,
1179 2272 76 20 som
1274 2262 139 30 medför
1433 2262 84 30 eller
1534 2262 70 30 kan
1623 2264 145 36 antagas

281 2316 159 31 medföra
463 2317 167 38 väsentlig
652 2316 221 39 nedsättning
894 2326 43 20 av
958 2315 299 40 arbetsförmågan
1282 2316 82 29 eller
1387 2314 139 41 påkalla
1549 2314 187 31 läkarvård
1758 2314 11 30 i

281 2371 113 29 större
418 2370 255 39 utsträckning.
700 2370 101 30 Inom
826 2370 72 30 tolv
924 2368 170 32 månader
1121 2369 89 31 efter
1235 2368 228 40 föreningens
1489 2368 199 39 antagande
1716 2367 53 31 till

282 2423 136 30 erkänd
433 2423 188 39 sjukkassa
637 2423 188 39 föreligger
840 2423 92 30 dock
947 2423 69 30 rätt
1033 2422 53 31 till
1101 2422 137 31 inträde
1254 2423 89 29 även
1360 2422 56 30 för
1433 2431 169 30 personer
1619 2421 11 30 i
1647 2420 122 32 åldern

280 2477 131 30 40—45
433 2476 47 31 år.
503 2477 79 30 Rätt
603 2477 52 30 till
675 2477 138 30 inträde
834 2476 11 30 i
865 2476 323 39 centralsjukkassa
1210 2476 90 30 skall
1324 2475 199 30 tillkomma
1545 2475 73 30 dels
1640 2485 43 20 en
1707 2483 62 21 var
