1930 2808
305 183 18 31 2
476 183 118 31 Andra
619 184 201 31 kammarens
845 183 125 41 fjärde
994 182 168 42 tillfälliga
1186 184 132 32 utskotts
1341 184 165 31 utlåtande
1529 184 53 32 Nr
1606 187 28 28 1.

345 275 15 29 I
379 273 234 38 föreliggande
631 275 124 28 motion
775 277 99 33 göres
891 284 46 19 nu
957 274 163 37 gällande,
1141 276 46 27 att
1207 274 56 30 vid
1283 274 38 30 de
1340 274 124 30 hittills
1483 274 208 30 verkställda
1710 276 81 27 orts-

304 328 296 35 grupperingarna
618 327 165 37 tillbörlig
801 328 131 37 hänsyn
951 328 74 29 icke
1044 327 110 29 skulle
1172 328 89 28 hava
1279 329 102 34 tagits
1401 328 52 28 till
1473 337 41 20 en
1531 328 53 29 del
1605 328 52 29 för
1675 327 117 30 befatt-

304 379 228 37 ningshavare
555 380 19 29 å
596 381 93 28 vissa
713 380 153 36 avlägset
888 380 143 36 belägna
1056 382 90 27 orter
1170 383 144 33 säregna
1337 380 61 29 och
1422 379 370 31 levnadskostnadsför-

304 432 146 38 dyrande
478 433 292 37 omständigheter.
809 432 130 31 Härvid
968 433 130 39 åsyftas
1126 434 364 36 järnvägstjänstemän
1518 435 56 29 ute
1604 434 10 28 i
1648 433 143 30 ödemar-

304 488 105 30 kerna
432 490 84 27 samt
540 487 83 36 tull-,
648 488 77 29 lots-
747 488 61 30 och
834 487 213 39 fyrpersonal
1072 488 102 37 kring
1197 488 85 29 våra
1304 488 118 30 kuster
1444 489 62 29 och
1529 490 58 28 ute
1611 489 42 37 på
1677 489 114 36 kring-

305 541 108 30 flutna
436 541 126 37 platser
585 543 10 27 i
618 541 214 30 havsbandet.
867 540 146 31 Särskilt
1036 541 105 30 fästes
1164 542 10 28 i
1197 542 167 29 motionen
1387 542 337 36 uppmärksamheten
1749 542 43 36 på

305 594 248 29 förhållandena
573 595 54 28 vid
647 595 89 28 vissa
758 594 183 37 fyrplatser.
974 594 49 29 De
1045 594 241 36 huvudsakliga
1311 594 301 36 anmärkningarna
1633 594 41 36 gå
1696 596 35 26 ut
1752 594 40 36 på

304 650 47 27 att
372 647 57 29 vid
451 647 38 29 de
513 646 52 30 för
589 647 326 37 ortsgrupperingen
936 647 209 29 verkställda
1167 647 267 37 utredningarna
1454 647 73 30 dels
1550 648 11 28 i
1586 647 204 30 livsmedels-

303 700 225 30 kostnaderna
558 699 52 31 för
638 700 115 38 dylika
780 702 91 28 orter
898 701 102 29 borde
1028 701 163 29 inräknas
1218 701 124 36 jämväl
1372 701 315 37 transportkostnad
1716 700 76 30 från

303 754 218 36 inköpsorten
545 754 59 29 och
626 753 72 30 dels
721 754 277 29 bostadskostnad
1020 753 102 30 borde
1144 756 168 35 upptagas
1335 753 72 30 med
1431 763 124 20 samma
1576 754 121 37 belopp
1723 763 68 20 som

307 805 51 30 för
390 806 59 29 den
479 806 73 29 stad
583 806 77 29 eller
691 806 51 29 det
770 815 88 20 mera
889 806 227 37 tättbebyggda
1147 806 166 34 samhälle,
1346 807 48 28 till
1424 806 99 29 vilket
1553 806 239 29 vederbörande

303 861 52 27 ort
376 860 10 28 i
410 858 262 30 administrativt
692 859 188 30 hänseende
901 859 70 29 hör.

346 920 212 30 Beträffande
589 921 37 30 de
660 921 204 37 principiella
897 922 188 36 grunderna
1119 922 51 29 för
1204 922 311 36 ortsgrupperingen
1539 922 60 29 har
1623 922 167 37 socialsty-

303 974 112 31 relsen
434 976 10 28 i
466 975 58 29 sitt
543 978 80 27 över
644 976 166 29 motionen
831 976 147 36 avgivna
998 975 154 38 yttrande
1173 975 139 30 särskilt
1333 976 234 30 understrukit
1587 976 62 30 den
1670 978 10 28 i
1702 975 87 30 avlö-

306 1028 334 36 ningsreglementena
672 1028 184 29 meddelade
888 1028 251 34 bestämmelsen,
1175 1031 44 27 alt
1251 1030 242 35 grupperingen
1523 1029 88 29 skall
1645 1038 75 20 avse
1754 1029 37 28 de

303 1079 165 30 allmänna
494 1080 374 30 levnadskostnaderna.
906 1080 101 30 Detta
1031 1081 134 38 uttryck
1192 1081 105 30 måste
1321 1082 110 36 enligt
1456 1082 188 37 styrelsens
1674 1081 116 30 förme-

302 1133 108 31 nande
431 1134 169 34 innebära,
623 1136 48 27 att
693 1134 52 29 för
768 1135 326 36 ortsgrupperingen
1116 1134 96 29 skola
1234 1136 97 35 tagas
1352 1135 10 28 i
1386 1135 186 29 beaktande
1592 1135 40 29 de
1655 1135 19 29 å
1696 1135 94 36 varje

303 1190 51 28 ort
383 1189 11 28 i
423 1187 180 30 allmänhet
631 1187 157 37 gällande
818 1187 365 30 levnadskostnaderna
1211 1190 80 27 utan
1320 1188 132 38 hänsyn
1480 1188 52 29 till
1562 1188 40 30 de
1631 1188 160 37 speciella

304 1240 150 31 faktorer
480 1250 43 20 av
549 1241 239 37 förbilligande
815 1240 83 31 eller
926 1240 202 39 fördyrande
1152 1243 63 33 art,
1243 1250 69 20 som
1339 1242 81 29 råda
1448 1241 51 30 för
1526 1242 65 30 den
1618 1251 62 20 ena
1707 1241 83 30 eller

303 1294 104 30 andra
427 1294 300 29 samhällsklassen
749 1294 60 29 och
829 1294 44 29 då
895 1295 148 35 givetvis
1066 1294 100 30 också
1187 1296 82 27 utan
1292 1295 131 37 hänsyn
1447 1295 52 29 till
1522 1295 41 29 de
1587 1294 53 30 för
1664 1296 126 28 statens

299 1346 338 38 befattningshavare
664 1347 202 37 egenarlade
894 1347 477 37 levnadsomständigheterna.
1411 1346 135 31 ”Skule
1575 1348 115 38 dylika
1719 1347 70 30 fak-

303 1402 89 28 torer
420 1400 127 30 tillåtas
575 1400 150 37 påverka
753 1399 281 39 grupperingen”,
1063 1400 98 30 anför
1188 1400 175 38 styrelsen,
1394 1400 121 39 ”synes
1542 1402 52 29 det
1623 1402 166 36 knappast

304 1454 125 37 möjligt
445 1456 44 28 att
507 1454 221 37 åvägabringa
745 1463 39 20 en
801 1454 81 29 enda
899 1454 140 36 enhetlig
1057 1455 199 36 gruppering
1272 1464 59 20 ens
1348 1454 51 30 för
1417 1455 64 29 alla
1500 1455 39 29 de
1555 1454 89 31 olika
1659 1455 131 36 statliga

303 1507 418 37 tjänstemannakårerna.”

342 1565 73 30 Den
441 1565 155 37 tolkning
623 1574 42 21 av
690 1566 142 29 berörda
858 1565 181 37 stadgande
1067 1566 11 28 i
1106 1566 440 36 avlöningsreglementena,
1573 1576 72 20 som
1670 1566 119 29 social-

303 1618 166 38 styrelsen
490 1618 140 29 sålunda
653 1619 86 36 givit
759 1619 135 37 uttryck
917 1618 61 35 för,
1002 1619 103 29 måste
1128 1618 107 38 enligt
1257 1619 182 29 utskottets
1459 1620 136 36 mening
1615 1628 103 21 anses
1737 1619 52 29 stå

303 1674 10 28 i
343 1672 63 30 full
436 1671 332 30 överensstämmelse
794 1672 74 29 med
894 1672 280 30 statsmakternas
1203 1673 113 28 avsikt
1344 1672 73 29 med
1446 1672 264 37 ifrågavarande
1737 1673 52 29 be-

303 1725 195 30 stämmelse.
534 1724 195 38 Riksdagen
754 1725 92 29 torde
872 1725 185 30 emellertid
1083 1726 11 28 i
1120 1725 62 29 här
1210 1725 221 30 förevarande
1460 1726 164 30 avseende
1652 1727 30 36 ej
1709 1726 81 29 böra

302 1779 134 30 sträcka
461 1779 53 35 sig
540 1778 118 36 längre
683 1781 43 26 än
750 1779 46 29 att
822 1778 170 30 fastställa
1017 1778 40 29 de
1083 1778 276 37 grundläggande
1386 1779 225 37 principerna,
1638 1778 150 30 varefter

302 1832 54 29 det
378 1831 93 30 torde
493 1831 82 29 böra
598 1831 173 29 ankomma
793 1831 43 37 på
859 1831 39 30 de
922 1831 273 37 lagtillämpande
1218 1831 279 38 myndigheterna
1520 1849 37 3 —
1580 1832 63 29 här
1665 1831 123 37 Kungl.

308 1883 98 37 Maj:t
433 1884 78 29 efter
539 1884 126 36 förslag
693 1893 40 20 av
760 1884 264 37 socialstyrelsen
1052 1901 36 3 —
1118 1887 43 26 att
1189 1884 94 34 tillse,
1311 1886 44 27 att
1383 1885 146 29 avsikten
1557 1885 70 29 med
1655 1883 135 38 lagstift-

302 1938 125 37 ningen
458 1937 113 37 ifråga
602 1940 86 27 även
720 1937 238 38 förverkligas.

341 1996 55 31 Ett
418 1999 118 35 avsteg
560 1996 76 30 från
659 1996 107 30 denna
789 2005 42 21 av
852 1996 162 30 utskottet
1038 1995 191 30 företrädda
1252 1995 182 37 grundsats
1457 1995 111 30 skulle
1591 1995 63 29 lätt
1675 1995 115 29 kunna

302 2050 148 31 medföra
477 2050 261 37 oöverskådliga
763 2050 263 29 konsekvenser.
1065 2048 53 30 Då
1143 2049 55 29 det
1226 2049 62 29 här
1318 2049 109 36 gäller
1457 2051 48 27 att
1531 2048 189 30 verkställa
1748 2056 41 21 en

303 2104 290 36 ortsgruppering,
621 2112 69 21 som
716 2103 87 29 skall
829 2102 97 38 ligga
952 2102 52 29 till
1033 2102 107 37 grund
1168 2101 53 30 för
1245 2101 40 30 de
1313 2101 256 36 löneförmåner,
1595 2110 72 21 som
1694 2100 95 30 skola

301 2159 81 35 utgå
398 2157 52 30 till
467 2156 361 37 befattningshavarna
844 2156 42 37 på
901 2156 42 29 de
958 2156 95 29 olika
1069 2157 143 33 orterna,
1231 2155 104 29 måste
1353 2155 52 29 det
1426 2155 147 36 givetvis
1590 2155 200 37 uppkomma

303 2213 44 28 ett
369 2212 87 28 stort
480 2210 90 29 antal
596 2209 176 37 gränsfall,
795 2210 42 29 då
861 2209 249 30 vederbörande
1135 2218 81 20 anse
1242 2210 53 35 sig
1320 2208 237 38 missgynnade
1584 2217 117 28 genom
1725 2207 65 29 den

303 2263 190 30 fastställda
514 2263 298 37 ortsplaceringen.
845 2261 116 31 Skulle
982 2262 185 37 riksdagen
1187 2262 73 29 med
1283 2261 180 38 anledning
1486 2271 43 20 av
1551 2261 64 30 den
1636 2271 44 20 nu
1705 2260 84 30 före-

302 2317 159 37 liggande
482 2317 168 29 motionen
672 2315 107 30 uttala
800 2316 55 36 sig
880 2315 52 30 för
956 2324 40 21 en
1020 2316 73 29 viss
1116 2314 154 37 tolkning
1295 2324 42 21 av
1362 2314 156 37 gällande
1541 2314 248 30 bestämmelser

302 2373 11 28 i
336 2372 46 29 ett
404 2370 152 38 speciellt
580 2370 165 29 avseende
768 2378 69 21 som
861 2368 54 30 det
939 2368 230 35 förevarande,
1193 2368 38 29 så
1254 2368 84 30 hade
1363 2368 183 37 riksdagen
1570 2368 72 30 med
1666 2369 123 28 största

301 2424 158 30 säkerhet
483 2425 47 28 att
554 2423 52 30 för
631 2422 178 31 framtiden
833 2424 123 28 emotse
981 2424 47 28 ett
1052 2424 84 27 stort
1160 2422 90 29 antal
1277 2421 291 38 framställningar
1593 2423 11 28 i
1631 2421 156 30 liknande

303 2477 97 39 syfte.

341 2540 64 31 Det
426 2540 92 30 torde
539 2540 61 29 ock
620 2540 82 29 böra
721 2539 318 37 uppmärksammas,
1062 2540 47 28 att
1131 2547 124 21 samma
1275 2537 228 37 utredningar,
1527 2547 70 20 som
1618 2537 95 37 ligga
1736 2536 51 29 till
