1890 2778
390 176 407 40 Bevillningsutskottets
819 178 217 31 betänkande
1058 188 42 19 nr
1118 179 26 28 B
1165 179 39 29 10
1223 179 39 29 år
1282 179 84 29 1958
1610 181 18 29 9

829 261 41 30 39
895 261 27 37 8.

168 301 229 30 Skattefrihet
416 302 157 39 åtnjutes

166 345 37 33 a)
227 344 54 30 för
299 344 87 39 gåva
402 363 44 3 —
462 362 44 3 —
522 362 44 3 —
583 345 198 39 personliga
798 345 106 35 bruk;

166 385 37 34 b)
234 386 55 30 för
313 386 96 39 gåva,
435 395 76 20 som
535 387 101 38 utgör
660 387 122 41 bidrag
806 387 53 30 till
884 387 249 40 gåvotagarens
1158 388 254 40 undervisning
1435 389 83 30 eller
1543 398 86 31 upp-

121 427 148 37 fostran,
295 428 44 30 då
363 428 346 40 omständigheterna
736 430 60 29 äro
822 429 140 36 sådana,
989 432 50 27 att
1064 430 232 40 gåvotagaren
1321 439 126 32 genom
1471 431 155 40 bidraget

121 469 71 30 kan
218 479 103 21 anses
345 470 90 30 hava
459 471 251 30 tillförsäkrats
735 480 43 21 en
802 471 150 35 förmån,
978 481 75 20 som
1078 473 71 28 han
1174 473 101 39 eljest
1299 473 77 30 icke
1401 473 113 30 skulle
1538 473 87 31 hava

121 511 157 40 åtnjutit,
302 512 39 30 så
362 512 65 30 ock
449 512 55 30 för
526 513 193 40 periodiskt
742 514 191 30 understöd
957 516 91 28 samt
1070 514 55 30 för
1148 514 109 31 sådan
1279 515 145 30 därmed
1446 515 179 40 jämförlig

121 554 178 39 periodisk
320 554 189 40 betalning,
533 564 75 20 som
629 555 107 39 enligt
759 555 160 40 gällande
942 556 252 40 författningar
1216 557 180 39 angående
1418 557 94 30 skatt
1535 557 19 30 å
1576 558 49 29 in-

121 596 116 30 komst
260 596 89 30 skall
372 597 169 29 inräknas
562 597 12 28 i
595 597 251 39 gåvotagarens
869 598 262 40 skattepliktiga
1152 599 173 35 inkomst;

161 638 35 32 c)
224 637 55 31 för
296 639 67 29 vad
379 655 45 4 —
439 656 44 3 —
499 656 45 4 —
561 639 153 29 därefter
731 640 145 33 införts;

165 679 39 34 d)
235 680 55 30 för
317 689 118 20 annan
463 681 44 29 än
535 681 111 29 under
673 681 52 34 a),
752 681 38 36 b)
824 682 65 29 och
915 681 34 34 c)
982 682 213 31 omförmäld
1223 682 97 40 gåva,
1347 684 62 29 där
1435 684 122 29 värdet
1585 693 39 21 av

120 722 111 39 gåvan
252 722 94 34 eller,
368 731 58 21 om
446 722 232 40 gåvotagaren
699 724 113 29 under
834 733 135 20 samma
988 724 208 30 kalenderår
1218 734 41 20 av
1284 734 133 21 samme
1439 726 115 39 givare
1576 734 45 21 er:

121 763 109 31 håller
250 764 90 30 flera
361 764 132 30 sådana
514 764 105 40 gåvor
641 774 75 21 som
737 765 65 30 här
824 774 108 26 avses,
954 766 57 29 det
1033 767 265 39 sammanlagda
1318 767 122 30 värdet
1462 776 43 21 av
1525 767 99 32 dessa

120 805 105 40 gåvor
244 806 78 30 icke
342 807 189 39 överstiger
552 806 18 30 2
586 806 61 31 000
669 807 141 30 kronor.

823 882 39 30 41
892 883 27 37 8.

164 932 15 28 1
203 940 106 22 mom.
331 931 102 38 Gåva,
455 931 56 31 för
532 932 117 29 vilken
670 933 138 29 inträde
830 942 42 21 av
894 934 295 39 skattskyldighet
1210 934 31 40 ej
1267 935 38 29 är
1326 936 51 28 att
1398 934 151 31 hänföra
1573 936 50 29 till

119 981 122 22 senare
263 973 166 40 tidpunkt
451 974 46 29 än
518 974 159 39 givarens
700 975 78 34 död,
803 975 88 29 skall
913 976 56 29 vid
993 976 158 29 skattens
1174 976 195 40 beräkning
1392 977 232 40 sammanläg-

117 1022 60 32 gas
197 1016 80 29 med
297 1024 118 21 annan
436 1015 96 39 gåva,
553 1025 76 20 som
649 1016 232 40 gåvotagaren
900 1017 139 30 erhållit
1061 1026 42 20 av
1124 1027 132 20 samme
1276 1018 126 39 givare,
1424 1019 111 30 under
1556 1019 68 30 för-

117 1057 198 39 utsättning
333 1059 50 28 att
402 1057 295 40 skattskyldighet
716 1059 55 29 för
790 1059 220 30 sistnämnda
1028 1059 85 39 gåva
1131 1060 124 30 inträtt
1274 1061 180 39 samtidigt
1472 1061 83 30 eller
1573 1062 51 28 in-

117 1107 57 21 om
193 1099 48 30 tio
260 1099 40 30 år
319 1099 74 30 före
412 1099 57 30 det
489 1100 110 29 sådan
619 1100 198 40 skyldighet
836 1101 161 30 inträdde
1016 1101 55 30 för
1090 1102 67 29 den
1177 1102 96 39 gåva,
1293 1111 58 21 om
1371 1111 80 21 vars
1470 1103 154 30 beskatt-

117 1141 61 28 ning
226 1142 39 29 är
289 1141 110 39 fråga.
426 1141 145 30 Skatten
597 1142 54 29 för
675 1142 112 39 gåvan
813 1143 89 29 skall
927 1143 173 30 beräknas
1126 1144 79 29 med
1230 1144 225 40 tillämpning
1479 1154 42 20 av
1546 1145 41 30 de
1612 1145 12 30 i

119 1182 38 30 19
183 1178 20 50 3
219 1183 14 29 1
254 1192 106 20 mom.
383 1183 111 30 första
513 1184 135 39 stycket
667 1185 167 39 stadgade
853 1185 210 39 grunderna.

161 1225 71 29 Har
251 1226 68 29 den
336 1242 44 4 —
396 1243 45 3 —
456 1243 44 3 —
519 1227 246 29 motsvarande
784 1227 233 40 tillämpning.

161 1266 59 30 Att
238 1267 59 30 vid
314 1285 44 2 —
375 1285 43 3 —
434 1285 44 4 —
495 1268 11 29 i
528 1268 38 29 19
588 1267 15 38 8
624 1268 17 29 2
661 1277 105 20 mom.

160 1309 13 29 I
192 1309 71 34 fall,
283 1318 75 20 som
375 1318 98 20 avses
490 1310 11 28 i
518 1310 114 29 denna
650 1310 176 39 paragraf,
844 1311 89 29 skall
950 1311 91 39 gälla
1057 1311 66 30 vad
1140 1312 10 29 i
1170 1313 39 30 19
1229 1312 15 37 8
1264 1313 18 30 3
1301 1322 105 20 mom.
1424 1313 111 30 första
1553 1313 62 30 och

115 1351 112 39 tredje
249 1351 167 39 styckena
438 1353 38 28 är
496 1352 55 29 för
573 1352 61 30 där
656 1354 151 28 avsedda
828 1353 62 29 fall
911 1354 219 29 föreskrivet.

821 1428 41 30 43
887 1428 28 37 8.

159 1477 66 29 Vid
249 1476 226 40 beskattning
498 1486 42 20 av
564 1477 85 39 gåva
674 1478 89 29 skall
787 1479 10 28 i
821 1479 208 39 tillämpliga
1053 1479 96 30 delar
1173 1480 105 29 lända
1302 1480 53 29 till
1378 1480 243 35 efterrättelse,

115 1518 157 30 förutom
288 1527 90 20 ovan
395 1519 144 29 särskilt
555 1519 150 39 angivna
721 1520 264 30 bestämmelser
1002 1521 10 29 i
1030 1521 95 35 6—9,
1146 1521 49 36 12,
1215 1522 50 33 19,
1284 1522 37 29 21
1344 1522 65 30 och
1427 1523 39 29 30
1487 1522 50 38 88,
1555 1523 64 30 vad

115 1560 10 29 i
143 1560 100 40 fråga
261 1569 57 21 om
336 1560 177 30 arvsskatt
530 1561 119 30 vidare
667 1563 37 28 är
723 1562 138 39 stadgat
879 1563 10 28 i
908 1562 19 29 4
947 1562 15 37 $
983 1563 18 29 2
1021 1563 65 29 och
1104 1563 18 30 3
1141 1572 116 25 mom.,
1279 1563 51 35 14,
1349 1564 51 33 20,
1420 1564 128 30 22—27
1570 1564 50 38 88,

115 1602 40 30 28
178 1602 15 36 8
213 1603 79 29 med
310 1603 181 39 undantag
508 1612 42 20 av
567 1604 65 29 vad
650 1603 11 29 i
679 1603 121 35 första,
819 1604 111 29 andra
948 1604 64 29 och
1031 1604 112 40 tredje
1162 1605 168 39 styckena
1349 1606 150 40 stadgas,
1519 1607 99 29 även-

115 1652 75 21 som
209 1644 41 30 29
268 1644 65 29 och
351 1644 41 30 32
414 1644 54 37 $$;
489 1645 65 29 och
573 1645 88 29 skall
680 1646 122 30 därvid
822 1646 67 29 den
906 1647 10 29 i
936 1646 39 30 32
997 1646 15 37 $
1032 1647 31 33 f)
1087 1647 290 31 förekommande
1395 1648 225 41 hänvisning-

115 1694 42 20 en
178 1686 52 29 till
254 1686 39 29 19
317 1685 15 38 8
354 1687 11 28 i
387 1686 114 29 stället
522 1687 90 39 gälla
632 1687 38 29 41
697 1687 27 36 8.

157 1728 66 29 Vid
239 1728 224 39 tillämpning
479 1738 42 20 av
538 1728 41 30 28
597 1728 15 37 8
630 1729 90 29 skall
737 1730 139 29 skatten
893 1730 107 39 enligt
1015 1730 95 30 klass
1128 1731 12 28 I
1157 1732 134 38 utgöra,
1309 1733 63 29 när
1387 1733 122 29 värdet
1525 1734 95 29 över-

115 1769 105 39 stiger
243 1770 17 29 2
277 1770 62 29 000
363 1779 80 20 men
467 1770 76 30 icke
566 1771 18 30 3
600 1772 62 29 000
686 1771 141 36 kronor,
854 1774 13 28 1
893 1775 143 36 procent
1061 1782 41 20 av
1125 1774 131 34 värdet,
1282 1776 100 32 samt,
1408 1776 63 28 när
1495 1775 120 30 värdet

114 1812 190 39 överstiger
333 1812 17 29 3
365 1811 62 31 000
456 1822 80 20 men
563 1813 76 30 icke
667 1814 18 29 6
701 1813 62 31 000
791 1815 140 34 kronor,
961 1814 40 30 30
1030 1815 130 30 kronor
1188 1816 54 30 för
1272 1816 17 29 3
1305 1815 62 31 000
1397 1817 130 29 kronor
1555 1818 64 29 och

114 1853 17 29 2
151 1856 145 36 procent
316 1863 43 20 av
378 1854 210 30 återstoden.

818 1914 41 29 46
885 1914 27 37 8.

156 1962 227 29 Deklaration
405 1962 100 34 skall,
524 1963 10 29 i
554 1963 60 29 fall
637 1972 73 20 som
730 1964 143 39 angivas
893 1965 10 28 i
923 1965 39 30 45
985 1964 16 37 8
1022 1965 111 29 under
1154 1966 60 34 A),
1234 1966 42 33 B)
1302 1966 64 30 och
1386 1967 55 36 C),
1461 1976 84 20 vara
1564 1968 51 29 till

111 2003 497 41 beskattningsmyndigheten
633 2006 186 29 avlämnad
844 2007 95 29 inom
964 2007 78 39 fyra
1066 2007 179 35 månader,
1270 2009 127 29 räknat
1421 2009 10 29 i
1456 2009 62 29 fall
1544 2018 73 21 som

113 2053 144 31 angivas

157 2088 111 29 under
289 2087 45 34 A)
361 2088 49 35 1),
432 2089 35 33 2)
494 2089 65 29 och
580 2089 35 34 3)
640 2091 90 28 samt
754 2090 43 33 B)
821 2091 80 29 från
921 2091 57 29 det
999 2091 295 40 skattskyldighet
1315 2093 177 35 inträdde;

155 2130 112 29 under
292 2129 45 33 A)
368 2129 35 34 4)
427 2130 79 29 från
524 2131 57 29 det
597 2132 176 28 överskott
791 2132 10 29 i
818 2132 186 30 dödsboets
1022 2133 158 30 konkurs
1197 2135 265 29 överlämnades
1479 2135 52 29 till
1551 2136 64 29 den

112 2171 270 39 skattskyldige;

156 2213 112 28 under
294 2213 39 32 C)
364 2213 79 29 från
471 2214 56 28 det
556 2214 199 29 kännedom
783 2216 128 29 erhölls
940 2216 178 38 angående
1146 2217 67 29 den
1242 2218 271 39 omständighet,
1543 2227 72 21 som

110 2254 200 29 föranleder
330 2254 370 40 efterbeskattningen.

155 2296 11 28 I
185 2295 62 29 fall
266 2304 74 20 som
359 2296 142 38 angivas
519 2297 10 28 i
547 2297 40 29 45
608 2297 14 36 8
642 2297 110 29 under
771 2299 45 29 D)
842 2298 87 29 skall
948 2298 219 30 deklaration
1188 2300 181 29 avlämnas
1388 2300 52 29 till
1459 2300 153 30 beskatt-

110 2337 355 39 ningsmyndigheten
487 2340 116 27 senast
624 2339 65 29 den
716 2339 37 29 15
776 2340 153 29 februari
951 2340 73 29 året
1045 2341 89 29 efter
1154 2341 57 30 det
1231 2342 176 29 varunder
1428 2343 187 39 skattskyl-

110 2378 118 39 dighet
247 2379 171 29 inträdde.
439 2380 71 28 Har
529 2380 139 38 givaren
689 2381 92 33 eller,
802 2382 64 28 vad
887 2382 107 38 angår
1014 2382 139 30 förvärv
1173 2392 74 20 som
1267 2383 9 29 i
1298 2383 39 29 37
1360 2383 15 36 8
1406 2384 9 29 2
1436 2393 104 20 mom.
1561 2394 54 19 av-

111 2429 64 24 ses,
205 2420 365 39 försäkringslagaren
600 2422 119 29 avlidit
748 2423 89 29 efter
865 2424 56 28 det
952 2424 295 38 skattskyldighet
1276 2425 135 34 inträtt,
1439 2426 57 29 må
1527 2427 88 29 dock

110 2461 264 30 deklarationen
395 2463 75 28 icke
492 2463 135 29 lämnas
648 2473 121 20 senare
791 2466 43 28 än
857 2465 76 38 fyra
954 2465 166 30 månader
1141 2466 87 29 efter
1249 2466 198 31 dödsfallet.

153 2504 183 38 Magistrat
356 2504 8 29 i
567 2505 49 29 dit
638 2505 143 39 ingivas.
