2125 2661
320 199 18 32 6
817 200 259 43 Lag-Utskottets
1105 201 167 32 Utlåtande
1295 202 66 31 N:o
1384 204 49 29 20.

469 280 197 38 Utskottet
692 281 65 37 vill
784 281 97 38 dock
909 282 132 37 härvid
1069 282 134 48 erinra,
1219 282 179 37 hurusom
1425 282 237 38 omförmälda
1685 283 224 49 institution,

321 332 118 50 enligt
470 334 94 36 1859
594 336 59 34 års
681 333 255 38 komiterades
963 334 209 48 uttalande,
1202 340 40 32 är
1270 348 46 23 en
1345 334 167 38 särdeles
1551 334 123 50 vigtig
1708 334 62 38 del
1796 335 12 36 i
1836 335 74 38 den

320 398 73 36 nya
433 384 284 50 konkurslagen
758 386 70 36 och
871 385 177 37 hurusom
1078 386 89 37 flere
1199 386 117 37 andra
1354 386 134 49 lagens
1529 386 288 37 bestämmelser
1845 392 64 31 äro

322 439 20 33 å
368 435 89 38 dess
483 435 150 38 tillvaro
661 436 209 49 grundade.
925 436 131 38 Blefve
1097 437 223 37 densamma
1359 437 183 49 upphäfd,
1583 440 41 34 så
1653 437 120 37 skulle
1802 438 112 37 deraf

320 487 217 38 föranledas
565 500 47 24 en
639 488 327 49 genomgripande
1000 488 268 50 omarbetning
1296 489 41 36 af
1361 489 87 37 hela
1475 489 295 49 konkurslagen.
1822 489 88 37 Men

320 539 119 49 enligt
467 539 256 37 motionärens
750 545 88 44 eget
867 539 281 50 medgifvande,
1191 540 67 37 har
1281 540 44 49 ju
1353 540 124 37 denna
1504 540 10 37 i
1544 540 206 37 allmänhet
1776 541 134 37 verkat

318 590 56 36 till
402 590 229 38 belåtenhet.
685 590 73 37 Det
799 596 40 32 är
878 591 226 49 visserligen
1146 597 94 44 sant,
1284 598 54 31 att
1372 591 180 39 behofvet
1594 591 42 38 af
1672 605 47 24 en
1751 592 158 37 Rättens

318 642 253 37 ombudsman
610 643 76 36 kan
713 642 12 36 i
752 642 101 38 vissa
886 642 245 38 hänseenden
1159 657 91 23 vara
1278 643 144 37 mindre
1451 643 12 37 i
1490 643 73 38 den
1592 657 70 23 ena
1691 644 218 37 konkursen

319 698 47 31 än
405 693 11 36 i
456 693 73 37 den
571 694 128 47 andra,
741 707 86 23 men
860 695 113 35 häraf
1009 694 111 48 följer
1146 695 221 47 ingalunda,
1402 701 54 30 att
1484 695 135 48 sjelfva
1646 695 264 35 institutionen

318 743 69 37 bör
413 743 227 50 upphäfvas.

469 795 317 38 Hufvudmotivet
825 796 56 37 till
922 796 104 37 detta
1065 796 170 49 yrkande
1263 796 108 37 torde
1399 797 106 48 ligga
1533 797 54 37 uti
1614 796 73 38 den
1717 797 110 50 åsigt,
1857 804 52 31 att

320 846 321 37 omkostnaderna
682 847 59 36 för
780 847 234 49 förvaltning
1056 848 40 35 af
1134 848 217 36 konkursbo
1381 848 121 36 skulle
1530 848 129 37 kunna
1687 848 222 50 härigenom

318 897 12 36 i
359 897 171 51 betydlig
571 897 96 50 grad
702 898 179 37 minskas.
935 898 197 38 Utskottet
1160 898 104 38 delar
1304 899 210 37 emellertid
1554 900 83 37 icke
1679 900 124 37 denna
1835 900 75 38 för-

317 948 208 51 hoppning.
588 949 186 50 Beloppet
829 950 40 37 af
920 950 172 37 arfvodet
1129 950 58 37 för
1228 951 238 37 konkursbos
1504 951 235 49 förvaltning
1788 952 121 36 skulle

320 1000 190 37 sannolikt
546 1001 13 36 i
596 1000 47 37 de
683 1001 110 37 flesta
839 1001 67 37 fall
945 1001 83 37 icke
1075 1001 172 50 undergå
1291 1005 127 46 någon
1458 1002 174 37 afsevärd
1675 1003 234 50 minskning,

318 1050 127 38 derför
499 1058 54 31 att
605 1055 127 46 någon
784 1053 158 36 Rättens
995 1053 250 37 ombudsman
1297 1053 82 37 icke
1432 1053 130 37 vidare
1613 1054 156 48 funnes,
1819 1061 92 30 utan

317 1102 121 37 skulle
473 1103 191 37 sannolikt
704 1104 73 36 den
817 1104 187 49 tredjedel
1042 1104 40 37 af
1118 1104 183 49 arfvodet,
1338 1118 80 23 som
1451 1119 49 22 nu
1530 1105 229 37 tillkommer
1788 1106 122 37 denne

317 1153 246 48 fortfarande,
602 1154 227 37 åtminstone
865 1155 57 36 till
961 1161 119 31 större
1109 1156 122 48 delen,
1259 1159 93 45 utgå
1380 1170 58 22 om
1468 1157 70 35 ock
1565 1157 11 35 i
1604 1156 95 37 form
1730 1157 42 36 af
1795 1157 117 36 ökadt

317 1204 156 37 arfvode
503 1208 36 34 åt
559 1205 100 49 gode
675 1211 89 31 män
792 1206 69 36 och
890 1206 223 49 sysslomän.
1167 1206 138 49 Någon
1333 1207 195 49 synnerlig
1555 1207 219 50 minskning
1800 1208 12 35 i
1837 1208 74 36 för-

315 1255 455 50 valtningskostnaderna
809 1270 89 23 vore
938 1257 160 37 sålunda
1128 1257 82 37 icke
1240 1263 54 31 att
1321 1258 176 37 förvänta
1526 1258 41 36 af
1591 1258 73 37 den
1692 1259 220 49 föreslagna

314 1306 302 50 indragningen,
654 1321 86 23 men
779 1308 113 36 äfven
932 1322 58 22 om
1020 1311 128 46 någon
1187 1308 206 50 besparing
1420 1309 12 36 i
1461 1309 179 37 afseende
1670 1313 20 33 å
1718 1310 193 37 arfvodes-

315 1357 180 50 beloppet
522 1358 221 49 derigenom
771 1359 127 36 kunde
931 1364 131 44 göras,
1091 1359 126 37 blefve
1246 1360 124 37 denna
1403 1360 217 49 säkerligen
1648 1360 126 37 alltför
1801 1361 110 49 ringa

315 1408 58 37 för
403 1415 54 30 att
484 1409 129 38 kunna
641 1415 191 32 motsvara
860 1410 64 36 det
951 1423 117 37 gagn,
1098 1424 78 23 som
1205 1410 263 38 institutionen
1495 1411 157 38 medför.

437 1460 58 37 Då
522 1474 88 23 man
637 1461 165 49 påyrkar
828 1461 271 49 upphäfvande
1129 1462 41 36 af
1195 1462 348 37 ombudsmannens
1569 1463 244 37 verksamhet
1841 1464 70 37 och

314 1511 447 50 konkursutredningens
789 1512 310 38 öfverlemnande
1126 1513 12 36 i
1166 1513 88 37 dess
1283 1514 127 36 helhet
1438 1514 56 36 till
1520 1514 100 48 gode
1648 1520 164 31 männen
1841 1515 70 37 och

315 1562 302 49 sysslomännen,
642 1576 113 36 synes
769 1576 86 23 man
871 1563 83 38 icke
970 1564 222 49 tillräckligt
1209 1564 150 49 beakta,
1375 1570 55 31 att
1457 1565 352 38 ombudsmannens
1838 1566 74 37 för-

314 1618 150 32 nämsta
492 1614 97 49 pligt
611 1614 82 49 just
721 1619 41 32 är
790 1620 54 31 att
871 1615 115 36 hafva
1012 1615 129 50 tillsyn
1185 1615 105 37 öfver
1330 1615 100 49 gode
1460 1621 184 33 männens
1672 1617 71 37 och
1772 1617 139 50 sysslo-

314 1669 185 32 männens
539 1665 245 49 förvaltning.
839 1666 285 49 Behöfligheten
1173 1666 40 36 af
1237 1667 125 36 denna
1384 1667 130 49 tillsyn
1542 1668 75 36 kan
1645 1668 266 37 erfarenheten

311 1715 83 36 icke
437 1729 111 23 anses
588 1716 116 37 hafva
739 1716 135 50 jJäfvat,
916 1731 57 22 om
1019 1722 47 31 än
1105 1717 44 37 de
1179 1717 174 37 tillfällen
1380 1718 83 36 icke
1491 1718 96 37 varit
1615 1722 42 33 så
1685 1722 150 45 många,
1864 1719 48 36 då

313 1765 125 38 denna
476 1766 350 38 ombudsmannens
868 1768 241 37 verksambet
1149 1768 132 37 behöft
1327 1768 324 50 omedelbarligen
1692 1770 217 37 framträda.

312 1816 73 37 Det
412 1817 125 48 gifves
564 1818 267 49 institutioner,
873 1819 128 36 hvilka
1034 1819 86 36 bäst
1147 1819 92 49 fylla
1268 1819 64 37 sitt
1361 1819 187 49 ändamål,
1577 1820 48 37 då
1653 1820 110 37 deras
1792 1821 120 37 blotta

311 1867 149 37 tillvaro
501 1874 81 43 gör,
612 1874 55 31 att
695 1869 195 36 desamma
912 1884 111 34 synas
1052 1870 260 48 öfverflödiga.

438 1918 156 38 Bifölles
616 1920 256 37 motionärens
897 1920 156 49 förslag,
1072 1920 121 37 skulle
1208 1921 59 36 för
1281 1921 203 37 framtiden
1502 1935 47 23 en
1564 1922 201 49 borgenär,
1782 1923 58 37 för
1858 1929 53 31 att

312 1975 93 43 göra
435 1969 56 37 sin
520 1975 76 32 rätt
623 1971 179 48 gällande
825 1977 78 30 mot
925 1971 229 37 tredskande
1170 1972 328 49 utredningsmän,
1515 1973 147 48 nödgas
1679 1974 232 37 underkasta

314 2020 59 49 sig
401 2020 298 48 olägenheterna
722 2021 41 36 af
782 2035 43 23 en
852 2022 226 37 tidsödande
1100 2023 69 35 och
1184 2023 168 36 kostsam
1374 2026 217 46 rättegång,
1606 2024 13 36 1
1636 2025 127 36 stället
1780 2025 56 36 för
1855 2031 55 30 att

312 2084 50 22 nu
392 2071 135 37 endast
555 2072 192 37 erfordras
769 2086 46 23 en
843 2073 176 36 anmälan
1039 2073 57 37 till
1115 2073 339 49 ombudsmannen,
1479 2074 172 37 hvilkens
1675 2075 97 49 pligt
1790 2075 64 37 det
1871 2081 40 31 är

315 2127 55 31 att
400 2122 139 37 bereda
567 2123 74 37 den
669 2123 167 49 rättelse,
866 2124 150 36 hvartill
1046 2137 47 23 en
1110 2124 117 37 sådan
1245 2125 172 37 anmälan
1435 2126 74 35 kan
1525 2125 206 38 föranleda.
1772 2127 140 48 Många

313 2172 133 37 tvister
487 2174 136 37 mellan
665 2174 232 49 borgenärer
937 2175 177 37 inbördes
1143 2176 91 36 eller
1262 2176 137 37 mellan
1428 2176 110 37 degse
1568 2177 68 36 och
1665 2177 245 49 gäldenären,

313 2224 127 37 hvilka
482 2225 112 49 eljest
633 2225 121 37 skulle
796 2226 106 36 slitas
942 2226 60 36 vid
1045 2226 161 37 domstol
1237 2228 70 35 och
1336 2227 198 37 föranleda
1557 2228 122 49 dryga
1706 2229 206 36 kostnader

315 2276 56 35 för
410 2288 166 36 massan,
615 2276 118 37 blifva
773 2290 62 35 nu,
863 2291 137 35 genom
1032 2278 347 38 ombudsmannens
1408 2278 229 50 bemedling,
1666 2280 154 49 bilagda
1850 2280 61 36 vid
