2214 2620
429 136 21 30 4
884 138 118 33 Andra
1026 139 223 41 lagutskottets
1272 142 168 34 utlåtande
1464 145 54 31 Nr
1542 147 52 30 12.

428 217 49 30 att
513 215 230 42 medgivande
768 216 104 34 borde
898 218 84 32 efter
1006 218 119 34 därom
1150 220 99 42 gjord
1273 222 256 44 framställning
1553 225 118 32 kunna
1694 226 135 35 lämnas
1853 232 48 30 att
1925 236 120 27 avsön-

428 259 85 32 drad
549 259 159 41 lägenhet
744 261 90 41 finge
871 261 180 34 betecknas
1087 264 79 33 med
1202 266 136 33 särskilt
1366 278 116 29 namn,
1509 269 110 32 ehuru
1643 270 93 33 detta
1760 272 31 41 ej
1819 274 107 33 skulle
1951 275 94 43 ligga

427 303 51 32 till
514 304 111 41 grund
662 306 54 30 för
751 305 80 32 eller
866 306 80 41 ingå
969 307 11 31 i
1006 308 76 32 dess
1107 309 346 46 registerbeteckning
1477 317 94 36 utan,
1598 315 43 40 på
1666 319 65 28 sätt
1755 316 22 42 8
1802 318 19 30 9
1845 318 11 31 i
1880 319 164 42 förslaget

426 348 49 31 till
511 348 422 45 jordregisterförordning
968 351 10 32 i
1015 353 187 33 allmänhet
1238 355 176 42 medgåve,
1452 358 110 33 skulle
1598 359 128 33 införas
1752 361 9 31 i
1788 361 139 35 kolumn
1953 365 20 31 5
1999 375 45 23 av

426 392 244 43 jordregistret,
707 394 10 31 i
754 395 114 32 vilken
905 396 142 32 kolumn
1083 398 129 42 jämväl
1246 399 11 32 i
1282 405 93 27 orten
1401 401 151 44 brukligt
1577 404 30 41 ej
1635 404 163 33 fastställt
1822 417 105 24 namn
1952 405 91 51 finge

426 440 170 40 upptagas
620 438 92 32 inom
738 439 175 33 klammer.

561 482 65 33 Det
661 484 169 41 förtjänar
866 485 62 32 här
963 487 195 39 antecknas,
1195 491 49 29 att
1279 489 346 44 kammarkollegium
1651 493 48 33 uti
1725 494 57 33 sitt
1806 495 236 45 underdåniga

425 526 176 33 utlåtande
638 532 80 28 över
754 529 279 34 kommitterades
1070 531 214 35 betänkande
1319 535 63 31 och
1408 536 128 41 förslag
1561 537 194 34 förklarade
1781 540 52 42 sig
1857 541 186 33 instämma

424 572 78 32 med
540 572 263 34 kommitterade
840 574 111 33 däruti
988 579 58 35 att,
1084 576 112 33 därest
1220 578 213 34 avsöndrade
1458 580 199 41 lägenheter
1681 583 140 34 komme
1845 589 48 29 att
1917 587 11 31 i
1951 587 89 42 Jord-

423 616 156 42 registret
615 621 168 39 upptagas
819 621 44 40 på
899 624 66 28 sätt
1001 631 74 22 som
1104 621 201 39 föreslagits,
1332 623 56 34 det
1412 624 109 33 skulle
1546 626 156 33 medföra
1726 630 175 42 synnerlig
1926 632 112 39 oreda,

423 671 56 21 om
504 661 241 41 lägenheterna
775 663 172 33 dessutom
973 665 110 33 skulle
1108 666 10 32 i
1143 666 118 33 dittills
1285 669 212 33 föreskriven
1523 671 146 42 ordning
1694 674 126 32 åsättas
1845 686 105 22 namn
1975 677 64 32 och

422 716 171 22 nummer.

559 750 16 32 I
612 752 57 31 sitt
704 752 144 33 berörda
883 754 177 33 utlåtande
1096 756 132 41 yttrade
1259 758 342 43 kammarkollegium
1626 761 117 40 tillika,
1770 766 50 30 att
1844 764 56 33 det
1923 770 116 37 syntes

424 799 87 28 även
545 795 196 43 kollegium,
779 808 73 22 som
889 809 65 27 om,
980 800 44 31 då
1049 800 10 32 i
1088 801 97 42 fråga
1221 813 57 21 om
1314 803 179 43 bebyggda
1522 805 252 44 avsöndringar
1798 813 125 36 ägarna
1948 811 10 30 i
1983 810 55 33 all-

424 839 141 33 mänhet
601 842 85 40 gåve
722 842 79 32 dem
833 843 167 32 särskilda
1023 855 117 29 namn,
1166 847 181 42 möjlighet
1371 848 104 34 borde
1499 850 186 34 förefinnas
1710 854 49 30 att
1784 854 36 30 få
1844 853 97 33 dessa
1966 855 71 32 offi-

423 883 90 33 ciellt
551 885 191 33 fastställda
776 891 88 28 samt
900 891 48 29 att
983 888 92 33 detta
1113 889 103 34 borde
1252 892 91 41 gälla
1379 898 87 28 även
1496 893 162 34 liknande
1682 906 108 22 namn
1815 898 19 31 å
1858 897 179 44 bebyggda

423 928 286 35 hemmansdelar.
757 931 196 41 Kollegium
992 933 199 42 ifrågasatte
1231 936 124 40 därför,
1392 942 48 29 att
1465 942 47 29 ett
1538 939 136 33 särskilt
1697 941 188 42 stadgande
1909 943 10 31 i
1944 944 94 33 detta

422 975 89 40 syfte
548 973 105 34 borde
688 975 129 33 införas
850 977 10 31 i
886 976 99 42 lagen
1010 989 56 22 om
1092 979 359 44 hemmansklyvning,
1477 985 250 41 ägostyckning
1751 986 65 33 och
1839 987 197 41 jordavsön-

422 1018 111 41 dring.
582 1019 216 34 Beträffande
823 1022 214 33 avsöndrade
1062 1023 196 42 lägenheter
1281 1027 133 41 yttrade
1437 1028 188 42 kollegium
1650 1030 11 31 i
1685 1033 48 29 ett
1756 1041 119 23 senare
1899 1034 137 40 avgivet

422 1062 184 40 utlåtande,
648 1068 47 29 att
730 1065 152 33 tillstånd
918 1066 50 33 till
1004 1067 181 35 införande
1221 1081 43 22 av
1300 1072 135 34 särskilt
1469 1084 108 22 namn
1613 1074 11 32 i
1652 1074 234 44 jordregistret
1909 1077 11 32 i
1944 1079 90 41 regel

421 1110 115 37 syntes
573 1109 82 32 böra
691 1109 143 43 beviljas
870 1111 9 31 i
916 1111 66 32 alla
1006 1112 42 32 de
1072 1113 71 40 fall,
1169 1114 43 32 då
1236 1125 105 23 namn
1368 1118 19 31 å
1410 1117 206 42 lägenheten
1641 1119 73 33 icke
1739 1121 106 31 redan
1871 1121 97 34 blivit
1992 1134 43 22 av

421 1151 128 42 Kungl.
587 1153 115 43 Maj:ts
738 1154 367 42 befallningshavande
1140 1159 171 34 fastställt.
1360 1161 121 33 Denna
1515 1163 100 42 fråga
1639 1167 147 39 upptogs
1812 1165 50 32 till
1886 1167 147 32 behand-

421 1197 71 41 ling
528 1197 10 32 i
564 1199 252 41 sammanhang
841 1201 77 31 med
942 1203 225 33 utarbetande
1191 1215 44 21 av
1259 1205 130 42 förslag
1412 1207 51 32 till
1487 1208 204 42 förordning
1715 1210 178 42 angående
1917 1212 114 42 fastig-

421 1241 218 42 hetsregister
664 1244 52 31 för
741 1244 75 32 stad
841 1245 64 31 och
929 1246 62 32 har
1015 1247 160 33 föranlett
1199 1248 66 33 den
1289 1249 127 42 lydelse
1439 1252 22 41 &
1485 1253 19 30 9
1531 1252 10 32 i
1565 1253 467 45 Jordregisterförordningen

420 1286 134 33 erhållit
579 1298 125 30 genom
729 1288 126 41 nådiga
879 1290 228 41 kungörelsen
1133 1293 66 32 den
1224 1295 43 30 24
1291 1295 64 41 juli
1382 1297 93 31 1914.

555 1331 112 33 Sedan
706 1332 360 45 lantmäteristyrelsen
1106 1337 143 34 sålunda
1288 1339 173 42 redogjort
1498 1342 54 32 för
1588 1342 208 34 tillkomsten
1832 1354 43 22 av
1911 1345 121 44 ifråga-

421 1376 150 32 varande
596 1376 264 42 bestämmelser,
886 1380 125 33 tillåter
1036 1381 52 42 sig
1112 1383 164 40 styrelsen
1301 1385 182 33 framhålla
1507 1386 163 43 följande.

556 1421 74 33 Den
666 1433 43 22 av
744 1424 212 32 motionären
991 1425 192 43 åberopade
1208 1427 236 36 bestämmelse
1468 1431 12 31 i
1507 1433 85 30 1896
1618 1434 54 30 års
1696 1432 64 43 lag,
1788 1433 104 43 enligt
1916 1436 115 33 vilken

418 1464 58 32 vid
513 1465 215 35 fastställelse
764 1470 18 30 å
808 1469 208 42 avsöndring
1039 1481 108 22 namn
1173 1472 62 32 och
1260 1484 159 22 nummer
1443 1475 108 33 skulle
1577 1478 125 32 åsättas
1727 1478 66 32 den
1818 1479 214 35 avsöndrade

418 1509 213 41 lägenheten,
670 1522 60 21 var
766 1523 43 22 av
846 1517 69 28 stor
951 1514 175 41 betydelse
1157 1516 53 32 för
1233 1517 346 44 Jordredovisningen
1604 1523 44 40 på
1672 1521 66 33 den
1762 1523 60 37 tid,
1849 1524 44 32 då
1917 1535 113 23 annan

417 1554 135 32 officiell
590 1555 205 43 beteckning
830 1557 74 32 icke
939 1559 103 31 fanns
1077 1561 43 40 på
1144 1561 214 33 avsöndrade
1377 1563 210 42 lägenheter.
1636 1566 110 39 Något
1770 1567 80 33 fullt
1874 1569 155 34 tillfreds

418 1598 167 33 ställande
599 1599 288 44 beteckningssätt
901 1613 108 22 vanns
1023 1603 87 32 dock
1123 1604 73 32 icke
1212 1616 124 30 genom
1354 1606 142 34 berörda
1512 1608 246 36 bestämmelse.
1808 1613 135 41 Mycket
1959 1616 72 31 ofta

417 1643 112 32 hände
565 1643 183 43 nämligen,
786 1649 49 29 att
870 1646 83 33 visst
988 1658 107 22 namn
1131 1649 73 33 icke
1237 1651 164 43 föreslogs
1424 1652 12 32 i
1460 1654 237 42 ansökningen
1723 1666 56 22 om
1804 1658 224 34 fastställelse.

416 1687 16 32 I
456 1687 130 33 sådana
610 1689 61 31 fall
695 1689 145 42 plägade
863 1690 280 44 länsstyrelserna
1167 1696 109 32 åsätta
1299 1707 107 22 namn
1431 1701 83 29 utan
1538 1702 50 29 att
1604 1699 155 33 inhämta
1776 1702 254 35 vederbörande

417 1737 118 36 ägares
559 1734 160 41 yttrande
743 1734 129 36 därom,
899 1736 63 33 och
987 1737 133 42 följden
1146 1738 76 33 blev
1247 1741 72 32 ofta
1343 1741 76 36 den,
1445 1746 49 29 att
1518 1748 143 29 namnet
1677 1744 74 34 icke
1768 1757 94 22 vann
1880 1747 148 44 burskap

416 1777 9 31 i
451 1781 94 28 orten
570 1782 84 28 utan
679 1780 103 33 fanns
807 1780 120 33 endast
951 1781 10 32 i
986 1782 90 32 vissa
1101 1783 175 43 offentliga
1300 1785 215 44 handlingar.
1558 1787 67 33 Om
1651 1794 124 37 ägaren
1800 1793 107 41 ansåg
1923 1804 105 22 namn

415 1823 20 30 å
469 1821 204 42 lägenheten
710 1823 185 44 behövligt,
934 1825 175 34 bestämde
1144 1830 67 30 han
1248 1829 89 43 själv
1361 1834 47 30 ett
1430 1842 117 29 namn,
1574 1833 107 33 vilket
1705 1834 154 37 däremot
1882 1837 74 34 icke
1980 1839 48 32 in-

414 1866 114 33 fördes
564 1867 12 32 i
611 1868 42 32 de
688 1868 177 42 offentliga
888 1870 264 42 handlingarna;
1178 1873 63 32 och
1266 1874 273 36 understundom
1564 1878 194 40 inträffade,
1783 1884 51 29 att
1857 1892 46 32 ny
1927 1887 101 38 ägare

414 1921 44 23 av
482 1911 205 42 lägenheten
712 1914 106 32 åsatte
843 1914 202 34 densamma
1068 1920 78 39 nytt
1169 1928 116 24 namn.

549 1957 60 32 Att
634 1959 115 40 återgå
774 1959 50 32 till
849 1960 113 32 denna
986 1961 146 43 ordning
1157 1963 107 32 skulle
1288 1964 190 44 säkerligen
1503 1967 141 33 komma
1661 1972 48 29 att
1724 1969 157 34 medföra
1897 1982 130 24 samma

413 2000 227 42 olägenheter,
663 2013 73 21 som
761 2004 145 33 sålunda
930 2005 143 42 tidigare
1099 2008 181 40 framträtt,
1306 2009 65 33 och
1395 2010 92 33 detta
1512 2012 98 33 torde
1627 2013 138 34 alldeles
1783 2016 136 33 särskilt
1936 2017 92 33 bliva

413 2044 94 34 fallet
542 2046 11 31 i
577 2047 99 41 fråga
700 2058 55 21 om
781 2059 42 21 en
848 2049 54 32 hel
927 2049 54 33 del
1005 2061 44 22 av
1073 2051 57 33 det
1154 2056 89 29 stora
1268 2054 92 33 antal
1385 2056 259 42 avsöndringar,
1671 2069 71 22 som
1769 2060 59 32 ske
1852 2062 77 31 från
1953 2062 74 33 kro-

412 2100 85 22 nans
522 2090 172 34 domäner.

546 2135 71 33 När
651 2136 234 42 Jjordregistret
919 2139 195 40 inrättades,
1152 2143 123 41 ansågs
1312 2143 56 34 det
1392 2145 180 43 angeläget
1598 2147 188 44 förebygga
1811 2150 67 32 den
1902 2152 124 40 ytterli-

411 2189 79 30 gare
516 2181 103 32 oreda
644 2183 43 40 på
711 2182 261 41 ifrågavarande
997 2186 148 38 område,
1172 2197 71 22 som
1269 2188 111 32 skulle
1404 2193 135 39 uppstå,
1567 2202 57 22 om
1648 2193 106 41 jämte
1779 2194 67 33 den
1871 2196 155 33 officiella

410 2223 471 76 jordrogistaibelsokningan
906 2229 62 33 och
992 2229 69 33 lika
1086 2230 99 43 giltig
1208 2242 74 22 som
1307 2233 115 33 denna
1446 2235 110 33 skulle
1580 2237 111 33 finnas
1717 2249 115 22 annan
1858 2241 167 32 fastställd

420 2269 206 42 peteckning.
676 2271 143 34 Särskilt
855 2273 79 33 ville
971 2284 80 22 man
1086 2276 270 43 uppenbarligen
1393 2280 152 33 undvika
1571 2284 49 30 att
1644 2283 36 31 få
1704 2285 57 31 två
1784 2294 169 29 numner,
1979 2289 47 29 ett
