2228 2690
434 214 20 30 4
810 209 422 33 Konstitutionsutskottets
1254 209 174 32 utlåtande
1451 209 53 32 Nr
1527 213 29 28 2.

393 314 80 35 nas,
516 303 20 34 å
576 299 157 38 anvisad
774 300 99 50 plats
911 299 166 37 därintill
1115 312 86 24 men
1234 298 34 50 ej
1312 298 45 37 då
1385 297 139 38 hunnit
1552 296 153 51 deltaga
1731 297 13 36 i
1773 297 111 49 valet,
1913 301 73 46 äga

394 359 76 32 rätt
510 358 56 32 att
606 353 162 38 aflämna
804 353 81 37 sina
914 352 197 37 valsedlar.
1167 352 78 36 När
1274 351 83 48 alla,
1387 364 80 24 som
1496 351 62 37 vid
1587 350 64 37 det
1677 350 60 37 för
1765 350 120 37 valets
1914 351 74 36 slut

393 406 217 38 fastställda
638 406 200 49 klockslag
866 410 73 44 äga
966 405 165 37 tillträde
1159 404 58 37 till
1244 405 113 47 valet,
1386 404 177 37 aflämnat
1591 403 81 37 sina
1691 403 201 48 valsedlar,
1911 403 76 37 för-

395 460 105 36 klare
529 458 255 38 ordföranden
812 458 227 49 röstningen
1068 457 173 38 afslutad.

500 510 246 39 Omedelbart
787 511 165 37 därefter
992 516 152 44 uttagas
1184 510 251 37 valkuverten
1467 522 44 24 ur
1538 508 184 37 valurnan
1751 508 71 37 och
1849 508 139 37 räknas

397 565 210 50 oöppnade.
662 564 18 37 I
721 564 64 37 det
812 564 203 50 protokoll,
1054 576 82 24 som
1165 562 94 38 skall
1288 562 101 37 föras
1418 561 64 37 vid
1511 561 293 49 förrättningen,
1834 561 154 37 anteck-

395 632 69 23 nas
489 618 142 37 antalet
658 616 208 38 valkuvert.
913 616 261 37 Valkuverten
1200 616 176 48 inläggas
1404 614 168 37 härefter
1598 614 14 37 i
1643 614 154 37 hållfast
1829 613 159 49 omslag,

395 684 82 23 som
506 669 261 50 omsorgsfullt
795 670 188 47 förseglag
1010 668 120 37 under
1158 669 115 36 minst
1300 671 63 33 två
1390 667 257 37 närvarandes
1677 666 111 48 sigill.
1844 666 58 37 De
1931 669 58 34 så-

395 723 116 37 lunda
539 725 122 34 åsatta
689 721 152 49 sigillen
869 721 107 37 skola
1000 721 142 49 jämväl
1169 721 12 35 i
1209 719 229 51 protokollet
1466 719 202 50 aftryckas.

501 774 126 38 Sedan
654 773 293 51 valprotokollet
974 773 175 50 upplästs
1179 773 69 36 och
1278 772 86 37 dess
1392 771 187 49 riktighet
1607 771 212 37 bekräftats
1848 770 41 37 af
1904 770 85 37 ord-

396 828 189 37 föranden
626 827 71 37 och
737 830 64 33 två
842 827 41 36 af
920 826 46 37 de
1007 826 247 47 närvarande,
1293 825 158 36 afslutas
1480 824 356 48 valförrättningen.
1893 822 96 38 Ord-

396 880 187 38 föranden
610 879 158 37 insände
798 879 166 37 därefter
993 878 278 49 ofördröjligen
1289 878 58 36 till
1367 876 304 38 domhafvanden
1692 875 188 49 omslaget
1903 875 86 38 med

396 933 249 38 valkuverten
690 932 120 50 jämte
869 931 303 50 valprotokollet.
1242 930 96 38 Sker
1377 929 254 38 insändandet
1672 929 87 37 med
1799 928 190 38 allmänna

397 991 148 45 posten,
580 985 98 37 skall
704 984 263 37 försändelsen
996 997 202 24 assureras.

500 1037 317 38 Domhafvanden
858 1037 96 37 skall
994 1037 61 37 vid
1095 1036 186 49 offentlig,
1323 1035 114 37 minst
1475 1037 77 34 åtta
1580 1035 119 48 dagar
1727 1034 103 37 förut
1864 1033 13 37 i
1913 1034 77 36 val-

397 1091 175 37 kretsens
601 1091 144 49 kyrkor
777 1090 81 47 och,
888 1090 68 37 där
983 1093 42 34 så
1052 1088 208 51 lämpligen
1287 1088 76 37 kan
1390 1088 77 48 ske,
1496 1088 12 35 i
1537 1086 230 49 ortstidning
1800 1086 191 49 kungjord

397 1144 234 48 förrättning
672 1143 290 37 sammanräkna
1003 1142 46 37 de
1078 1142 147 49 afgifna
1255 1145 183 33 rösterna.
1494 1139 73 37 Vid
1595 1140 123 36 denna
1746 1139 245 49 förrättning,

399 1209 83 23 som
524 1195 94 37 skall
658 1196 178 48 påbörjas
876 1195 101 35 inom
1015 1195 108 48 tjugo
1161 1194 119 48 dagar
1311 1193 86 36 från
1430 1193 121 47 valen,
1580 1192 203 48 iakttages,
1813 1196 55 31 att
1896 1191 46 36 de
1971 1194 21 33 å

398 1247 248 38 valkuverten
689 1247 155 49 angifna
885 1246 249 38 röstvärdena
1176 1246 82 36 före
1287 1245 137 49 själfva
1452 1244 385 49 sammanräkningen
1867 1243 125 37 öfver-

398 1301 103 36 föras
529 1303 48 47 på
605 1301 47 36 de
679 1300 13 36 i
719 1300 185 36 kuverten
931 1299 214 37 inneslutna
1172 1298 249 37 valsedlarna.

501 1353 75 37 Vid
616 1352 283 48 förrättningen
931 1351 167 38 biträdes
1126 1349 303 38 domhafvanden
1459 1349 42 36 af
1524 1352 76 44 två,
1630 1349 41 35 af
1694 1347 141 49 Kungl.
1866 1347 126 49 Maj:ts

400 1404 426 49 befallningshafvande
843 1403 124 37 därtill
982 1403 230 37 förordnade
1227 1415 194 37 personer,
1433 1415 92 33 som,
1554 1405 101 32 jämte
1673 1400 318 47 domhafvanden,

400 1458 87 36 med
515 1458 82 36 sina
624 1456 392 37 namnunderskrifter
1039 1456 173 36 bekräfta
1231 1455 234 48 riktigheten
1485 1454 43 36 af
1544 1454 64 36 det
1628 1452 62 38 vid
1710 1453 283 48 förrättningen

401 1510 107 36 förda
536 1509 201 50 protokoll.

505 1564 33 34 2.
593 1561 18 36 I
652 1562 84 36 stad
778 1562 179 36 förrättas
998 1560 101 36 valet
1138 1559 102 37 inför
1281 1558 248 49 magistraten
1558 1560 21 33 å
1606 1557 122 49 fjärde
1756 1556 238 49 söndagen
1968 1552 28 61 i

400 1615 74 53 maj
518 1613 136 37 månad
690 1613 104 47 eller,
831 1627 60 22 om
928 1612 261 50 pingstdagen
1231 1611 46 36 då
1316 1610 162 48 infaller,
1518 1613 10 34 å
1560 1608 307 51 nästpåföljande
1905 1609 86 48 dag.

400 1668 55 35 Är
488 1667 85 36 stad
601 1666 59 36 för
688 1665 413 48 stadsfullmäktigeval
1129 1663 150 37 indelad
1311 1664 12 35 i
1351 1663 223 45 valkretsar,
1603 1664 60 34 må
1691 1662 103 36 valet
1813 1661 180 36 förrättas

400 1718 239 46 valkretsvis,
678 1718 98 37 dock
804 1725 91 29 utan
931 1716 238 51 uppdelning
1209 1718 48 48 på
1284 1715 262 37 valkretsarna
1576 1714 40 36 af
1642 1714 65 37 det
1736 1713 101 37 antal
1865 1713 128 37 lands-

399 1772 195 49 tingsmän
623 1771 71 36 och
723 1770 257 50 suppleanter,
1011 1783 80 23 som
1120 1769 95 37 skall
1242 1773 105 32 utses
1375 1768 59 37 för
1464 1767 144 37 staden.

506 1823 71 36 Om
618 1823 158 36 kallelse
817 1822 57 36 till
914 1822 358 48 valförrättningen,
1303 1834 61 22 om
1392 1824 170 42 rösträtt,
1596 1819 85 36 dess
1717 1817 179 49 utöfning
1925 1818 68 36 och

402 1875 259 37 öfverlåtande
689 1878 48 47 på
766 1889 137 34 annan,
934 1888 59 24 om
1022 1873 294 49 röstberäkning
1344 1877 98 32 samt
1465 1886 60 23 om
1544 1870 271 49 röstlängdens
1834 1870 162 49 gransk-

401 1928 95 49 ning
524 1928 71 36 och
623 1927 256 49 anmärkning
906 1932 78 31 mot
1011 1926 167 49 längden
1215 1925 119 50 gäller
1361 1924 102 37 hvad
1489 1924 61 37 för
1576 1923 139 37 allmän
1742 1922 185 49 rådstuga
1955 1926 41 32 är

402 1980 190 49 stadgadt.

505 2032 17 36 I
563 2031 120 48 öfrigt
724 2031 96 37 skall
861 2031 85 36 med
987 2031 180 36 afseende
1196 2033 20 33 å
1243 2029 162 36 valtider
1447 2029 71 35 och
1559 2027 122 37 valets
1719 2026 276 37 förrättande
1976 2022 24 61 i

402 2084 226 50 tillämpliga
657 2083 104 38 delar
780 2083 112 48 gälla,
922 2082 101 37 hvad
1051 2083 68 36 här
1148 2082 114 37 ofvan
1289 2082 12 36 i
1330 2094 111 23 mom.
1474 2082 18 34 1
1523 2085 41 31 är
1591 2078 255 38 föreskrifvet.

505 2137 18 36 I
564 2136 95 46 stad,
703 2149 82 23 som
822 2135 121 37 bildar
972 2148 99 36 egen
1099 2134 178 47 valkrets,
1307 2133 95 37 skall
1430 2132 247 49 magistraten
1707 2130 290 38 sammanräkna

401 2194 184 32 rösterna.
641 2188 78 36 Där
761 2187 385 38 sammanräknandet
1178 2186 32 49 ej
1241 2191 92 44 äger
1361 2199 82 22 rum
1474 2184 231 37 omedelbart
1734 2183 97 37 efter
1859 2183 137 49 själfva

402 2241 111 44 valet,
555 2241 96 37 skall
693 2240 64 37 vid
797 2239 229 38 valtillfället
1066 2239 55 36 tid
1164 2239 70 37 och
1276 2237 108 37 ställe
1425 2238 59 36 för
1512 2236 383 37 sammanräknandet
1922 2234 75 37 till-

402 2293 265 49 kännagifvas.
