2224 2630
687 193 263 33 Statsutskoltets
980 190 173 33 Utlåtande
1177 190 61 31 N:o
1260 192 28 28 4.
1731 191 17 26 )

191 284 240 43 bi-mensuelle,
471 293 71 24 som
584 281 157 35 lemnade
780 290 41 24 en
863 278 170 44 öfversigt
1064 276 36 35 af
1127 276 242 35 fredsarbetet.
1424 274 146 34 Filialer
1597 274 88 34 hade
1712 283 82 33 upp-

190 339 131 32 rättats
366 335 5 34 i
411 333 236 43 Washington
676 332 63 34 och
766 330 112 35 Paris.
932 326 134 47 Byrån,
1096 338 71 24 som
1194 327 38 34 af
1256 327 65 33 den
1348 325 228 35 schweiziska
1604 327 115 32 staten
1746 334 50 23 er-

191 389 106 32 känts
336 384 110 36 såsom
485 383 153 45 juridisk
665 392 136 34 person,
829 380 254 45 upprätthölles
1110 378 39 34 af
1173 388 42 24 en
1242 376 159 44 förening
1429 396 46 4 —
1503 375 55 35 La
1587 374 135 36 Société
1750 375 46 33 du

191 438 144 34 Bureau
367 434 252 36 international
647 433 40 34 de
714 434 35 33 la
776 432 90 35 Paix
894 452 44 3 —
968 431 64 34 och
1058 429 117 34 leddes
1203 428 38 34 af
1266 439 42 23 en
1335 426 220 37 kommission
1584 426 39 34 af
1649 428 45 32 25
1722 435 74 34 per-

192 499 112 32 soner,
346 485 134 45 årligen
520 485 83 35 vald
644 484 57 34 vid
737 483 223 43 föreningens
987 479 150 36 årsmöte
1167 479 102 34 bland
1297 479 93 33 olika
1417 478 178 34 nationers
1622 486 175 34 represen-

194 543 118 31 tanter
344 538 54 34 för
430 536 244 35 fredsarbetet.
727 533 128 35 Denna
883 531 221 36 kommission
1131 531 101 34 valde
1260 530 90 34 inom
1378 529 55 43 sig
1460 530 50 32 ett
1537 527 260 35 verkställande

195 591 137 34 utskott
372 588 39 34 af
445 590 19 32 3
494 596 174 35 personer.
723 584 278 35 Kommissionen
1029 581 156 35 räknade
1212 581 105 33 bland
1344 580 75 34 sina
1447 580 222 34 medlemmar
1696 577 102 35 fram-

194 639 143 37 stående
365 638 200 42 rättslärde,
591 636 50 45 ja,
671 636 52 35 till
752 636 62 34 och
839 635 80 34 'med
947 636 51 32 ett
1025 631 238 45 diplomatiskt
1287 631 187 43 sändebud,
1494 641 71 23 som
1587 627 61 37 två
1667 627 133 46 gånger

196 692 95 34 varit
317 688 301 36 inrikesminister.
672 686 80 35 Den
780 686 116 34 kunde
923 683 132 36 således
1083 683 30 44 ej
1144 686 102 40 sägas
1273 679 99 37 bestå
1399 682 123 33 endast
1549 681 39 34 af
1609 683 188 31 svärmare.

197 740 140 45 Byråns
377 737 251 43 föreståndare,
669 737 400 44 generalsekreteraren,
1112 734 89 34 hade
1233 733 91 34 ända
1351 729 78 37 från
1457 732 122 43 början
1609 731 38 34 af
1671 728 129 46 byråns

199 792 235 39 verksamhet,
466 791 107 41 1891,
601 793 86 29 utan
715 787 196 44 ersättning
939 789 106 41 egnat
1072 785 51 33 sin
1152 784 49 34 tid
1229 784 61 34 och
1320 783 74 34 sina
1422 783 137 34 krafter
1585 783 37 33 at
1649 783 56 33 det
1734 792 65 23 om-

199 843 160 35 fattande
400 842 61 34 och
503 839 236 35 ansvarsfulla
779 838 205 43 uppdraget.
1038 834 123 45 Byrån
1203 835 87 33 hade
1323 831 44 46 på
1398 834 235 42 expositionen
1663 833 9 33 i
1700 832 102 34 Paris

201 892 142 36 erhållit
373 891 139 35 »Grand
541 890 113 44 prix».
709 889 56 34 De
792 889 44 43 på
864 888 306 43 fredskongressen
1198 885 11 34 i
1237 884 101 34 Paris
1365 884 134 34 fattade
1527 885 158 33 besluten
1713 884 88 33 hade

200 955 123 33 genom
364 940 128 46 byråns
532 942 136 42 försorg
708 940 190 34 meddelats
933 938 261 44 regeringarne.
1249 935 255 34 Erkänsamma
1532 935 63 34 och
1624 934 178 43 aktnings-

199 996 86 34 fulla
327 993 203 35 skrifvelser
571 992 88 33 hade
699 988 44 46 på
783 990 113 43 grund
936 989 101 34 deraf
1075 986 115 44 ingatt
1230 987 52 33 till
1323 984 109 44 byrån
1469 984 79 36 från
1593 985 209 42 «Danmarks,

202 1042 182 46 Schweiz',
431 1043 186 44 Englands,
646 1041 146 34 Italiens
820 1041 63 34 och
910 1039 172 34 Hollands
1110 1037 322 35 utrikesministrar.
1494 1036 58 34 Ett
1579 1036 224 34 erkännande

201 1095 37 36 åt
281 1093 130 46 byråns
447 1093 139 44 uppgift
626 1093 89 34 hade
742 1093 147 33 lemnats
915 1090 104 35 äfven
1048 1087 79 37 från
1154 1087 81 35 vårt
1262 1087 92 43 land,
1383 1085 43 36 då
1453 1087 160 44 Sveriges
1639 1087 168 34 traktater

200 1147 214 35 införlifvats
454 1145 76 33 med
570 1141 130 45 byråns
733 1143 113 34 arkiv.
901 1140 78 35 Den
1009 1139 246 45 organiserade
1282 1139 332 42 fredsverksamhet,
1643 1149 70 23 som
1741 1138 65 33 här

201 1199 91 33 hade
319 1197 53 34 sin
398 1195 291 43 samlingspunkt,
718 1194 99 33 sökte
845 1193 110 42 skapa
983 1202 41 24 en
1052 1191 127 34 allmän
1208 1190 149 43 opinion,
1385 1189 141 34 hvilken
1556 1189 111 34 skulle
1686 1190 120 33 kunna

203 1248 192 42 förhindra,
432 1249 53 31 att
513 1245 219 34 civiliserade
761 1243 61 34 och
852 1244 84 41 högt
962 1242 165 43 upplysta
1154 1241 84 41 folk,
1267 1240 120 34 hvilka
1415 1240 139 34 kallade
1582 1240 53 43 sig
1661 1240 144 41 kristna,

203 1299 144 35 ödelade
387 1296 200 35 hvarandra
620 1293 45 45 på
696 1294 112 44 grund
837 1294 39 33 af
901 1293 136 42 tvister,
1066 1291 120 34 hvilka
1214 1291 116 33 kunde
1358 1291 89 33 lösas
1474 1287 45 45 på
1546 1290 65 34 den
1638 1290 169 43 frivilliga

204 1347 392 37 öfverenskommelsens
638 1346 83 33 eller
761 1347 135 31 rättens
935 1347 80 39 väg,
1044 1343 90 33 blott
1160 1341 184 34 lidelserna
1373 1341 62 34 och
1462 1341 284 43 uppbrusningen
1775 1340 30 43 ej

204 1401 93 42 finge
337 1396 137 36 behålla
514 1396 219 44 afgörandet.
789 1394 79 35 Den
908 1394 150 43 vädjade
1099 1393 51 33 till
1192 1392 133 42 förnuft
1354 1392 73 33 och
1454 1389 229 44 rättvisa,
1645 1385 43 62 så
1710 1390 100 45 långt

207 1452 99 33 dessa
339 1449 115 34 kunde
486 1450 85 41 göra
601 1447 52 43 sig
680 1446 172 44 gällande.
907 1444 55 34 De
989 1441 179 44 våldsdåd,
1197 1453 68 23 som
1295 1442 183 34 utöfvades
1507 1443 9 33 i
1545 1443 108 33 andra
1681 1443 129 34 verlds-

208 1502 97 34 delar
333 1501 38 33 af
395 1499 159 42 Iuropas
582 1498 84 42 folk,
695 1507 82 24 vore
806 1507 41 23 en
876 1499 133 30 vanära
1036 1495 54 33 för
1118 1504 53 23 oss
1198 1494 62 33 och
1280 1493 9 34 i
1310 1493 147 44 sanning
1476 1494 133 42 egnade
1629 1497 53 30 att
1701 1494 109 43 draga

208 1553 96 33 faror
344 1551 98 34 öfver
482 1548 152 43 Fnuropa.
689 1547 79 34 Den
814 1547 103 43 >»gula
956 1547 121 32 faran»
1117 1544 88 34 hade
1233 1544 168 34 existerat
1428 1544 10 33 i
1466 1544 239 42 inbillningen,
1735 1555 76 23 men

209 1604 66 33 den
307 1602 90 33 hölle
425 1599 44 44 på
496 1603 54 30 att
577 1599 110 33 blifva
715 1608 41 24 en
785 1597 209 43 verklighet.
1049 1595 106 35 Hvad
1184 1595 34 33 vi
1247 1592 71 36 sått
1345 1595 110 33 skulle
1484 1594 35 34 vi
1547 1586 137 43 skörda.
1740 1594 72 35 Det

209 1653 116 44 gällde
364 1651 115 34 derför
519 1653 53 30 att
613 1647 240 36 åstadkomma
894 1658 41 23 en
963 1647 258 33 vidsträcktare
1254 1645 219 43 tillämpning
1500 1645 10 33 i
1539 1645 274 44 mellanfolkliga

210 1701 240 37 förhållanden
479 1700 38 34 af
546 1701 59 32 »de
633 1702 134 31 rättens
795 1699 64 33 och
886 1697 313 43 rättfärdighetens
1226 1696 184 42 principer,
1435 1694 43 43 på
1498 1696 121 33 hvilka
1639 1700 176 30 staternas

210 1753 166 35 säkerhet
415 1751 63 34 och
520 1750 136 34 folkens
688 1749 139 34 välfärd
855 1749 116 33 bero».
1026 1746 16 34 TI
1072 1747 47 33 all
1146 1746 190 42 synnerhet
1362 1746 104 33 borde
1495 1746 224 34 nationernas
1745 1750 71 31 rätt

211 1807 50 31 att
294 1801 149 44 förfoga
478 1800 97 35 öfver
615 1800 51 43 sig
699 1799 136 41 sjelfva,
865 1801 53 31 att
945 1795 137 37 behålla
1111 1797 51 33 sin
1190 1795 282 44 sjelfständighet
1500 1796 163 43 okränkt,
1692 1797 125 33 häfdas

212 1855 39 34 af
276 1855 42 33 de
344 1853 135 34 mindre
505 1851 217 34 nationerna.
1774 1839 15 13 ”

355 1903 10 34 I
395 1904 105 33 slutet
527 1902 40 33 af
591 1902 52 33 sin
671 1899 258 43 framställning
956 1899 65 34 har
1049 1898 211 34 motionären
1290 1897 116 34 anfört
1433 1896 162 44 följande.

353 1953 289 35 Fredsvännerna
681 1951 144 34 menade
865 1953 54 31 att
958 1950 58 33 det
1048 1959 83 24 vore
1159 1947 124 44 hvarje
1310 1947 197 34 civiliserad
1535 1950 88 31 stats
1650 1948 88 43 pligt
1766 1950 53 32 att

217 2006 77 34 med
335 2005 68 33 alla
444 2003 180 42 hederliga
664 2002 107 33 medel
814 2001 85 33 söka
926 2000 192 34 inskränka
1146 1998 127 43 kriget,
1303 1998 136 33 hämma
1467 1998 63 34 och
1558 1998 124 43 dämpa
1710 1998 110 43 krigs-

216 2054 116 45 lågan.
387 2053 71 34 För
485 2053 65 33 den
579 2053 91 33 skull
697 2052 82 33 ville
808 2051 41 33 de
876 2051 113 33 väcka
1017 2050 64 34 och
1109 2049 147 33 utbreda
1284 2048 89 34 inom
1393 2048 68 33 a/la
1479 2048 161 34 nationer
1658 2048 163 34 samfäldt

218 2117 42 23 en
301 2104 100 34 stark
442 2104 64 33 och
546 2102 168 42 varaktig
755 2101 137 43 opinion
933 2104 71 29 mot
1044 2099 80 43 krig
1156 2098 62 34 och
1246 2098 84 33 söka
1359 2096 109 35 förmå
1496 2098 41 33 de
1565 2098 176 34 tvistande
1770 2101 54 31 att

221 2155 106 44 vädja
354 2154 54 34 till
435 2156 136 31 rättens
599 2152 86 34 dom.
741 2150 112 34 Detta
881 2148 66 36 mål
976 2150 89 33 hade
1093 2149 276 33 fredsvännerna
1396 2149 105 32 redan
1531 2148 10 33 i
1569 2148 80 42 viss,
1679 2159 51 22 om
1760 2149 64 33 ock

218 2207 114 42 ringa,
375 2201 75 37 mån
494 2202 126 34 vunnit
655 2212 122 34 genom
807 2200 251 44 upprättandet
1085 2199 38 33 af
1147 2199 62 33 den
1240 2202 224 39 permanenta
1492 2198 294 43 skiljedomstolen
1815 2199 7 32 i

223 2256 112 43 Haag.
392 2254 69 34 Att
489 2250 116 46 fortgå
633 2251 44 45 på
696 2252 113 34 denna
829 2255 70 39 väg
917 2261 82 23 vore
1019 2260 46 24 nu
1085 2247 103 36 målet
1208 2249 53 33 för
1280 2249 100 33 deras
1399 2248 238 35 sträfvanden.
1693 2247 132 35 Genom

289 2312 76 32 Bih.
391 2311 51 31 till
466 2310 114 31 Riksd.
606 2309 87 31 Prot.
719 2311 90 28 1901.
854 2310 19 29 4
897 2307 98 31 Saml.
1041 2310 18 28 1
1084 2306 80 40 Afd.
1208 2308 19 28 4
1254 2305 93 40 lHäft.
1770 2310 16 16 2

1771 2327 15 9 -
