2204 2634
731 211 228 29 Statsutskottets
988 211 154 28 Utlåtande
1166 211 56 28 N:o
1245 211 24 27 9.
1739 209 59 28 363

193 289 137 37 vården
357 290 12 35 i
398 290 102 36 dessa
528 289 227 36 härutinnan
784 287 100 37 förut
912 287 39 36 så
978 287 215 36 vanlottade
1219 287 150 44 trakter,
1397 285 58 37 för
1477 286 128 36 hvilka
1625 285 62 36 det
1705 284 95 37 ordi-

193 342 101 35 narie
337 340 282 48 presterskapet,
660 340 97 35 huru
797 344 120 41 träget
957 338 67 36 och
1064 339 130 35 nitiskt
1222 338 61 35 det
1310 345 45 28 än
1384 337 173 36 arbetade
1583 337 13 35 i
1623 337 63 35 sitt
1712 337 87 44 kall,

193 392 199 46 omöjligen
427 391 126 36 kunde
590 392 111 34 räcka
727 391 67 35 till.
847 389 56 36 En
932 390 29 47 ej
991 390 107 45 ringa
1125 389 189 49 betydelse
1340 388 96 36 hade
1464 387 102 37 dessa
1592 388 207 35 kontrakts-

193 443 198 47 adjunkter
419 442 222 46 derigenom,
670 447 54 30 att
751 441 44 36 de
823 441 118 35 under
969 441 79 35 sina
1074 439 125 37 färder
1224 441 13 34 1
1265 439 44 37 de
1328 439 227 37 vidsträckta
1572 439 227 46 lappmarks-

192 493 327 46 församlingarnas
559 493 204 45 aflägsnare
803 492 114 41 delar,
960 492 54 35 dit
1054 490 70 37 den
1166 490 184 36 ordinarie
1391 496 147 40 presten
1565 490 118 35 sällan
1712 490 87 35 eller

192 544 119 48 aldrig
350 544 125 36 kunde
515 545 159 42 komma,
714 542 122 37 blefve
875 543 13 34 i
927 542 146 35 tillfälle
1110 546 55 31 att
1190 547 85 41 taga
1302 548 170 29 närmare
1499 540 212 36 kännedom
1738 553 59 23 om

192 595 185 37 derstädes
405 594 224 47 förefintliga
656 593 200 36 kulturella
883 592 120 44 behof,
1032 593 68 35 och
1128 605 44 23 en
1196 600 98 28 ännu
1313 597 117 30 större
1449 590 190 49 betydelse
1658 591 139 36 erhölle

192 647 45 35 de
264 645 172 49 gifvetvis
464 659 133 33 genom
627 650 53 30 att
707 646 11 34 i
746 645 30 47 ej
806 644 204 45 oväsentlig
1037 643 86 36 mån
1148 643 127 36 kunna
1292 642 156 48 bidraga
1466 643 59 35 till
1544 642 105 36 dessa
1669 640 128 38 behofs

191 696 350 37 tillfredsställande.
594 695 181 37 Behofvet
811 694 40 36 af
874 695 103 35 detta
1004 694 262 36 ambulerande
1292 693 233 47 presterskap
1553 693 101 35 inom
1683 691 116 38 Södra

192 749 261 46 lappmarkens
494 748 178 35 kontrakt
712 746 66 35 och
819 745 367 47 lappmarksdelarne
1220 744 39 36 af
1282 744 279 36 Vesterbottens
1589 743 115 36 andra
1731 744 66 35 och

192 799 115 47 tredje
345 799 187 41 kontrakt,
575 797 64 36 der
680 796 266 47 befolkningen
988 795 111 37 oftast
1125 796 79 36 icke
1231 809 86 22 vore
1346 795 140 35 samlad
1512 795 12 35 i
1552 800 116 30 större
1695 795 102 48 byar,

192 855 89 30 utan
308 849 135 36 funnes
471 848 237 47 kringspridd
735 848 12 35 i
773 847 49 47 på
848 852 93 30 stort
961 846 146 36 afstånd
1124 846 82 36 från
1225 846 211 36 hvarandra
1454 845 174 46 liggande
1647 846 151 35 enstaka

191 901 134 46 gårdar
352 901 69 35 och
449 900 181 44 småbyar,
657 898 202 37 framstode
888 898 79 35 icke
994 898 96 35 blott
1117 898 76 34 lika
1220 898 117 35 starkt
1364 910 51 22 nu
1443 910 78 22 som
1548 896 62 36 vid
1641 896 70 36 den
1730 896 68 36 tid-

190 952 128 47 punkt,
347 951 47 36 då
422 951 245 46 domkapitlet
694 949 127 47 gjorde
849 948 70 37 den
939 948 274 46 framställning
1231 949 10 34 i
1261 954 133 38 ämnet,
1413 948 150 35 hvilken
1582 946 216 37 föranledde

190 1002 276 48 propositionen
493 1002 59 35 till
592 1003 93 34 1898
718 1000 56 35 års
810 999 172 46 Riksdag,
1011 1004 90 31 utan
1129 999 61 35 det
1216 998 195 37 förökades
1439 999 166 47 alltjemt,
1634 997 47 36 då
1707 997 90 37 folk-

191 1053 183 48 mängden
415 1052 222 36 åtminstone
678 1053 100 34 inom
819 1051 97 36 vissa
955 1049 474 49 lappmarksförsamlingar
1461 1062 87 23 vore
1576 1049 107 35 stadd
1711 1050 10 34 i
1750 1062 46 23 en

189 1109 74 31 rätt
290 1104 116 36 snabb
433 1104 160 35 tillväxt.
646 1102 131 37 Dertill
806 1102 159 44 komme,
993 1107 63 39 att,
1083 1102 13 35 i
1120 1101 198 48 synnerhet
1340 1100 235 44 vintertiden,
1595 1113 45 23 en
1661 1100 135 46 mängd

190 1156 79 43 löst,
296 1156 11 34 i
335 1155 242 46 lappmarken
604 1154 82 36 icke
717 1151 299 49 kyrkobokfördt
1040 1150 202 38 arbetsfolk
1263 1151 163 36 samlade
1449 1152 55 45 sig
1522 1152 11 34 i
1553 1151 103 35 dessa
1675 1152 121 45 skogs-

190 1206 149 46 bygder,
373 1206 69 35 och
470 1204 107 37 äfven
606 1205 57 35 för
692 1204 82 35 dem
801 1202 126 37 kunde
956 1203 407 45 kontraktsadjunkten,
1392 1215 79 23 som
1498 1201 216 44 förflyttade
1741 1202 55 35 sin

190 1256 235 37 verksamhet
466 1255 81 36 från
588 1256 71 35 den
701 1267 69 23 ena
810 1260 107 29 orten
958 1254 56 34 till
1047 1253 68 36 den
1155 1252 125 45 andra,
1316 1251 119 38 blifva
1467 1252 40 36 af
1529 1257 134 30 största
1690 1265 105 34 gagn.

194 1307 83 36 Skäl
306 1306 214 37 förefunnes
540 1305 118 45 alltså,
679 1318 78 23 som
776 1304 123 36 talade
918 1302 57 37 för
994 1304 230 35 anställande
1243 1303 40 36 af
1297 1304 88 35 flere
1404 1303 393 45 kontraktsadjunkter

189 1359 12 34 i
228 1358 255 47 lappmarken,
511 1364 46 28 än
586 1356 99 36 hvad
713 1368 50 23 nu
790 1368 88 24 vore
905 1353 114 43 fallet,
1048 1368 84 22 men
1162 1354 244 47 domkapitlet
1424 1353 134 46 ansåge
1576 1354 55 47 sig
1651 1353 94 36 dock
1764 1354 30 46 ej

189 1422 51 22 nu
267 1409 90 35 böra
384 1408 85 48 ingå
496 1408 55 35 till
581 1407 132 46 Kongl.
742 1406 100 46 Maj:t
860 1405 84 36 med
965 1404 274 47 framställning
1258 1418 60 22 om
1338 1404 207 37 beredande
1564 1403 41 36 af
1620 1404 120 36 medel
1760 1404 36 36 åt

190 1465 50 30 ett
267 1459 173 36 förökadt
468 1459 101 35 antal
597 1457 40 36 af
661 1457 136 37 sådana
824 1462 196 41 prestmän,
1048 1456 173 35 särskildt
1248 1455 40 36 af
1313 1455 70 36 den
1412 1455 210 46 anledning,
1651 1460 54 31 att
1726 1454 69 37 för-

189 1511 192 46 hoppning
399 1511 80 35 icke
498 1508 191 43 saknades,
712 1513 54 31 att
787 1509 102 34 inom
909 1507 94 36 vissa
1025 1506 478 49 lappmarksförsamlingar
1520 1519 75 36 nya
1614 1506 182 36 ordinarie

190 1562 216 47 presterliga
434 1559 251 46 befattningar
713 1559 119 36 skulle
859 1559 102 34 inom
989 1558 123 47 någon
1139 1558 54 35 tid
1221 1559 148 34 komma
1396 1558 58 35 till
1482 1556 116 37 stånd.

289 1612 138 36 Vidare
446 1611 146 49 yttrade
612 1610 245 47 domkapitlet
872 1608 232 37 beträffande
1119 1607 204 37 arfvodena
1336 1608 60 35 till
1412 1607 282 47 ifrågavarande
1708 1608 86 35 kon-

190 1662 332 46 traktsadjunkter:
575 1661 129 36 Ehuru
745 1660 61 36 det
842 1673 51 21 nu
920 1659 185 46 utgående
1133 1659 176 43 arfvodet,
1338 1659 175 35 särskildt
1539 1658 85 36 med
1652 1658 142 48 hänsyn

191 1714 56 34 till
275 1713 43 35 de
346 1713 114 45 högre
487 1710 393 38 lefnadskostnaderna
908 1710 69 35 och
1005 1710 44 35 de
1077 1710 118 47 dryga
1222 1709 243 48 utskylderna
1492 1710 10 33 i
1530 1709 104 35 dessa
1657 1709 139 35 trakter

189 1769 95 30 samt
311 1763 71 36 den
410 1762 272 46 ansträngande
709 1761 302 46 tjenstgöringen,
1038 1773 88 23 vore
1154 1760 61 36 det
1241 1761 136 34 minsta
1404 1759 159 48 möjliga,
1587 1759 88 36 ville
1695 1759 99 35 dom-

189 1815 155 45 kapitlet
384 1815 29 44 ej
455 1812 58 37 för
553 1812 230 36 närvarande
810 1810 217 46 ifrågasätta
1055 1810 120 46 någon
1205 1810 213 48 förhöjning
1445 1808 111 37 deraf.
1611 1808 84 37 Men
1723 1809 70 36 den

190 1878 49 22 nu
268 1864 183 47 utgående
479 1862 509 45 resekostnadsersättningen
1017 1861 37 36 åt
1081 1860 444 48 kontraktsadjunkterna
1552 1865 124 43 syntes
1696 1861 98 35 dom-

190 1916 153 46 kapitlet
384 1915 149 35 alldeles
567 1914 231 45 otillräcklig.
853 1912 111 36 Detta
997 1911 206 47 framginge
1231 1911 113 45 deraf,
1373 1917 63 38 att,
1465 1911 46 36 då
1537 1911 256 36 kontraktsad-

185 1966 202 46 junkterna
415 1966 101 35 inom
544 1964 117 37 Södra
688 1964 261 46 lappmarkens
977 1964 176 34 kontrakt
1180 1963 68 35 och
1267 1962 526 47 lappmarksförsamlingarna

190 2016 40 35 af
254 2016 278 36 Vesterbottens
572 2014 116 46 tredje
723 2014 178 36 kontrakt
933 2015 9 33 i
972 2014 129 45 början
1131 2012 38 36 af
1194 2013 39 35 år
1264 2017 92 32 1900
1384 2013 58 35 till
1471 2012 245 46 domkapitlet
1744 2013 50 34 in-

190 2067 155 35 kommit
386 2067 82 35 med
509 2067 78 34 sina
628 2065 279 44 reseräkningar
943 2063 58 36 för
1036 2065 39 33 år
1116 2065 102 43 1899,
1255 2064 61 35 det
1343 2063 94 35 visat
1465 2063 54 45 sig
1546 2063 169 45 omöjligt
1741 2068 52 30 att

190 2117 82 35 med
300 2117 61 34 det
389 2117 59 34 till
475 2115 94 36 buds
598 2115 150 36 stående
775 2115 166 44 anslaget
960 2114 153 35 betäcka
1132 2113 103 35 deras
1252 2113 286 36 resekostnader.
1580 2113 213 35 Kontrakts-

191 2167 202 46 adjunkten
435 2167 10 34 i
486 2165 118 36 Södra
644 2166 262 47 lappmarkens
947 2165 175 34 kontrakt
1149 2164 38 34 E.
1215 2157 192 42 Örnfeldts
1436 2163 238 45 reseräkning
1701 2162 93 36 hade

191 2218 182 44 nemligen
412 2216 156 47 uppgått
595 2216 58 35 till
682 2219 70 33 384
781 2217 140 34 kronor
950 2218 18 31 3
998 2221 76 37 öre;
1102 2213 399 45 kontraktsadjunkten
1529 2213 9 35 i
1568 2213 225 47 lappmarks-

191 2268 103 35 delen
325 2267 40 35 af
395 2267 278 35 Vesterbottens
702 2266 113 45 tredje
843 2265 177 35 kontrakt
1048 2264 116 36 under
1191 2264 98 35 tiden
1320 2264 69 35 den
1426 2268 6 30 1
1455 2263 270 46 januari--den
1747 2267 41 32 31
