2200 2630
409 225 59 28 356
945 223 226 29 Statsutskottets
1200 222 152 29 Utlåtande
1378 223 56 28 N:o
1457 223 27 28 9.

409 303 60 33 års
496 299 163 49 Riksdag
689 303 46 45 på
764 305 108 31 extra
900 305 75 31 stat
1002 299 56 37 för
1087 303 40 32 år
1159 301 89 35 1901
1281 304 54 31 ett
1363 299 129 47 anslag
1519 297 38 37 af
1585 300 107 42 1,000
1713 297 141 40 kronor
1872 302 57 32 att
1948 311 61 21 an-

408 351 142 36 vändas
575 351 59 37 till.
662 349 295 49 resestipendier
985 354 37 32 åt
1048 349 272 45 föreståndare,
1345 350 122 35 lärare
1487 349 70 36 och
1578 349 211 36 lärarinnor
1808 347 64 37 vid
1892 348 117 35 rikets

409 401 288 38 abnormskolor
724 398 325 49 (döfstumskolor,
1077 400 237 38 blindskolor
1342 400 71 36 och
1438 397 294 47 idiotanstalter)
1754 402 47 45 på
1820 398 47 37 de
1887 399 122 35 vilkor

409 452 71 36 och
517 452 119 36 under
673 452 46 36 de
756 459 172 29 närmare
965 452 295 44 bestämmelser,
1298 451 134 48 Kongl.
1461 450 102 47 Maj:t
1590 450 126 36 kunde
1744 451 101 35 finna
1872 449 138 48 skäligt

407 502 234 37 föreskrifva.

507 552 105 38 Efter
641 558 190 43 mottagen
861 553 171 36 anmälan
1061 552 38 37 af
1126 553 104 36 detta
1248 552 234 47 Riksdagens
1510 552 126 35 beslut
1655 552 66 35 har
1741 551 135 48 Kongl.
1894 550 115 46 Maj:t,

407 607 49 44 på
483 610 74 30 sätt
584 604 64 36 det
676 605 11 35 i
716 603 156 37 ärendet
900 603 107 37 förda
1034 603 419 48 statsrådsprotokollet
1477 603 154 43 utvisar,
1652 602 70 36 den
1753 604 44 34 25
1820 601 71 47 maj
1916 603 94 35 1900

409 655 119 47 enligt
563 654 196 37 utfärdadt
794 654 168 37 cirkulär
993 653 213 38 förordnat:
1235 659 55 31 att
1318 654 59 35 till
1407 653 216 36 erhållande
1652 652 39 38 af
1715 651 295 48 resestipendier

408 704 42 37 af
482 705 159 36 berörda
677 705 122 36 medel
836 705 127 36 kunde
1000 705 147 37 anmäla
1175 704 57 48 sig
1259 705 121 35 lärare
1409 704 69 36 och
1506 704 210 35 lärarinnor
1743 703 62 36 vid
1835 703 174 35 abnorm-

408 756 117 44 skola,
562 756 128 36 hvilka
727 756 220 48 tjenstgjort
982 755 60 36 vid
1081 755 106 49 dylik
1223 755 106 36 skola
1365 755 113 36 minst
1505 754 74 36 fem
1609 757 40 33 år
1677 754 70 35 och
1776 752 233 38 fortfarande

408 819 91 24 vore
531 806 62 37 vid
628 806 116 37 sådan
775 806 190 45 anstälda;
998 811 54 30 att
1080 807 58 35 till
1167 805 133 48 Kongl.
1330 805 105 48 Maj:t
1462 805 95 36 stäld
1587 805 208 47 ansökning
1823 816 61 23 om
1912 816 98 24 rese-

408 857 229 47 stipendium
672 856 81 37 från
790 856 284 49 ifrågavarande
1112 857 130 47 anslag
1276 856 120 36 skulle
1434 856 57 35 till
1527 855 135 46 Kongl.
1691 854 102 47 Maj:t
1827 854 183 36 inlemnas

408 907 80 36 före
524 908 72 35 den
638 910 41 33 15
705 907 149 47 januari
885 909 108 42 1901,
1021 907 68 36 och
1120 907 118 36 borde
1267 907 79 36 deri
1375 906 168 48 angifvas
1571 906 83 36 dels
1684 905 213 36 ändamålet
1926 904 82 36 med

408 958 71 36 och
521 959 136 48 planen
698 959 57 35 för
794 970 123 32 resan,
946 958 80 36 dels
1067 958 69 35 ock
1179 957 71 36 den
1292 956 128 37 derför
1457 957 214 36 beräknade
1708 956 103 36 tiden
1848 955 70 35 och
1948 955 63 37 det

407 1009 344 48 stipendiebelopp,
780 1021 80 24 som
889 1008 147 45 söktes;
1065 1014 97 30 samt
1190 1014 55 29 att
1273 1008 104 47 dylik
1402 1007 208 46 ansökning
1629 1007 120 35 skulle
1770 1019 89 23 vara
1879 1004 131 49 åtföljd

408 1059 40 36 af
480 1059 232 48 prestbetyg,
750 1058 362 48 meritförteckning,
1151 1058 386 47 tjenstgöringsbetyg
1573 1057 85 44 och,
1691 1070 59 23 om
1778 1055 232 49 stipendium

409 1110 126 36 söktes
571 1109 58 37 för
666 1122 81 23 resa
784 1110 57 35 till
879 1116 115 29 annat
1029 1109 86 36 land
1154 1116 45 28 än
1229 1107 166 48 Sverige,
1423 1107 136 49 Norge,
1588 1107 189 37 Danmark
1806 1108 93 34 eller
1928 1106 82 36 Fin-

407 1160 100 44 land,
536 1161 106 47 intyg
671 1160 39 36 af
734 1160 160 46 behörig
922 1172 148 35 person,
1099 1163 54 32 att
1181 1159 190 36 sökanden
1401 1158 92 48 egde
1512 1158 58 36 för
1590 1158 214 37 ändamålet
1825 1156 184 37 erforder-

408 1211 53 48 lig
488 1210 339 49 språkkännedom,
857 1210 208 47 hvarjemte
1095 1209 191 37 sökanden
1315 1209 96 36 hade
1440 1215 54 31 att
1522 1208 128 48 bifoga
1679 1208 44 36 de
1752 1208 120 47 öfriga
1893 1208 117 48 intyg,

407 1274 135 33 genom
571 1262 127 35 hvilka
726 1261 72 36 han
827 1261 93 35 eller
948 1261 73 35 hon
1050 1261 88 35 ville
1167 1260 128 48 styrka
1323 1260 57 37 sin
1410 1259 224 49 behörighet
1660 1260 56 35 till
1738 1258 216 38 erhållande
1974 1258 40 38 af

408 1312 65 36 det
500 1312 105 36 sökta
634 1311 214 49 stipendiet.

507 1362 55 36 Då
602 1362 46 36 de
677 1361 91 45 skäl,
796 1375 80 23 som
905 1361 188 38 föranledt
1121 1361 213 48 Riksdagen
1364 1366 56 31 att
1447 1360 92 37 fatta
1568 1359 277 37 ofvannämnda
1873 1360 136 43 beslut,

409 1421 100 28 ännu
550 1425 90 24 vore
677 1413 185 48 gällande,
901 1412 209 36 hemstälde
1148 1411 416 48 departementschefen
1603 1424 59 23 om
1700 1410 216 49 afgifvande
1954 1411 57 35 till

409 1463 215 48 Riksdagen
652 1464 41 36 af
717 1462 251 38 omförmälda
995 1462 152 49 förslag.

509 1565 196 37 Utskottet
734 1565 230 46 hemställer,

910 1621 56 30 att
1001 1614 214 48 Riksdagen
1253 1618 59 32 må
1348 1615 60 35 till
1442 1614 294 47 resestipendier
1765 1617 36 32 åt
1829 1613 182 36 förestån-

809 1666 101 44 dare,
951 1666 121 35 lärare
1114 1665 71 37 och
1228 1665 211 37 lärarinnor
1478 1665 62 36 vid
1578 1664 117 37 rikets
1723 1664 288 37 abnormskolor

809 1715 326 46 (döfstumskolor,
1173 1715 236 36 blindskolor
1445 1715 68 35 och
1550 1712 310 48 idiotanstalter),
1890 1718 47 43 på
1964 1715 47 35 de

807 1767 127 35 vilkor
976 1766 69 36 och
1087 1766 122 36 under
1250 1766 45 36 de
1337 1773 171 28 närmare
1548 1765 296 45 bestämmelser,
1874 1765 133 47 Kongl.

808 1817 106 48 Maj:t
950 1817 71 36 kan
1057 1817 101 36 finna
1193 1816 139 48 skäligt
1367 1815 236 45 föreskrifva,
1641 1820 46 44 på
1716 1822 106 31 extra
1851 1822 76 30 stat
1955 1816 56 35 för

810 1870 41 34 år
881 1869 95 36 1902
1006 1868 127 36 anvisa
1162 1872 56 32 ett
1245 1867 140 48 belopp
1414 1866 41 37 af
1480 1869 107 44 1,000
1616 1867 149 36 kronor.

685 1984 526 46 Undervisningsanstalter
1237 1984 64 36 för
1327 1983 169 37 vanföra
1522 1984 74 36 och
1622 1984 121 45 lytta.

278 2064 60 58 Ang,
513 2068 122 47 118:0)
676 2070 133 47 Kongl.
843 2069 105 48 Maj:t
981 2070 66 35 har
1078 2069 197 48 föreslagit
1307 2068 213 48 Riksdagen
1553 2075 68 38 att,
1650 2070 57 36 till
1736 2068 206 36 understöd
1973 2072 37 32 åt

245 2102 129 23 understöd
493 2121 6 7 .
1141 2121 7 7 .
1730 2119 64 10 "po
1870 2118 5 7 .

224 2136 38 23 för
281 2121 177 46 uppehål-
426 2114 42 59 de
491 2134 11 22 i
535 2119 205 50 Göteborg,
774 2120 239 45 Karlskrona,
1046 2120 254 49 Helsingborg
1333 2120 70 36 och
1436 2119 220 37 Stockholm
1689 2123 40 45 af
1748 2118 262 48 föreningarne

222 2169 69 39 lande
310 2170 25 22 af
353 2165 56 65 för-
421 2172 53 54 för
501 2172 140 34 bistånd
669 2171 36 37 åt
731 2171 155 49 vanföra
913 2171 179 37 inrättade
1119 2171 449 48 undervisningsanstalter
1587 2170 65 49 för
1671 2169 151 46 vanföra
1842 2170 62 36 och
1925 2170 85 45 lytta

211 2210 143 23 eningarnas
370 2203 25 23 fö
1734 2210 5 7 j
1935 2208 5 8 e

244 2235 95 25 bistånd
359 2235 24 25 &
414 2227 95 31 Samt
540 2221 56 36 till
630 2221 231 37 bekostande
889 2221 42 36 af
954 2223 106 35 dessa
1087 2222 200 36 anstalters
1315 2220 226 49 inspektion,
1570 2224 47 45 på
1647 2227 107 29 extra
1781 2226 75 30 stat
1884 2219 59 38 för
1970 2223 40 33 år

228 2270 66 65 tt
316 2270 73 58 verk
414 2275 94 35 1902
537 2272 128 36 anvisa
693 2278 55 31 ett
774 2273 138 47 belopp
942 2271 39 37 af
1005 2275 108 42 7,500
1141 2272 149 37 kronor.

262 2338 103 25 samhet.

253 2379 114 49 [113.]
