2234 2784
537 249 36 27 28
775 251 233 30 Sammansatta
1033 250 127 29 Banko-
1184 251 53 29 och
1261 251 250 36 Lag-Utskottets
1540 252 164 29 Utlåtande
1729 253 58 30 N:o
1812 255 28 27 2.

631 337 63 37 Uti
734 337 331 36 bestämmelserna
1107 338 117 36 under
1252 335 18 49 $
1301 341 44 33 26
1375 352 109 23 mom.
1514 342 19 34 2
1563 336 66 39 bar
1657 340 61 35 det
1745 339 121 37 blifvit
1894 341 199 45 bestämdt,

494 397 55 30 att
576 398 53 30 ett
656 388 179 48 tillfälligt
864 388 303 38 öfverskridande
1198 389 39 36 af
1261 390 435 49 sedelutgifningsrätten
1724 392 120 36 skulle
1862 397 113 32 rättas
1992 394 99 35 inom

494 443 71 37 fem
601 443 124 48 dagar.
779 440 62 36 Uti
871 454 49 22 nu
947 441 173 49 gällande
1149 440 222 50 författning
1399 450 40 28 är
1468 442 117 36 denna
1614 443 52 35 tid
1695 443 173 36 bestämd
1897 445 55 35 till
1980 445 111 35 tretio

496 495 124 49 dagar.
673 493 336 48 Förminskningen
1039 492 38 36 af
1101 506 41 22 en
1173 493 104 49 dylik
1305 494 172 48 respittid
1505 495 57 34 till
1591 494 132 37 endast
1750 494 72 37 fem
1853 495 112 49 dagar
1982 496 108 36 torde

494 547 37 36 få
572 560 107 25 anses
720 546 56 34 väl
819 545 120 48 skarp.
994 545 130 35 Dertill
1158 546 167 35 kommer
1353 552 54 29 att
1436 559 57 22 om
1525 546 144 36 enskild
1698 547 97 35 bank
1824 547 178 37 behöfver
2029 562 63 35 ge-

494 613 85 23 nom
620 596 293 49 vexeldragning
954 597 87 35 eller
1081 596 217 49 försäljning
1339 596 39 37 af
1406 597 261 49 inneliggande
1695 599 131 35 vexlar
1855 602 19 32 å
1902 599 191 37 utländskt

493 657 105 43 mynt
626 650 125 37 stärka
779 650 53 34 sin
862 648 115 43 kassa,
1006 651 38 33 så
1072 648 70 35 kan
1171 648 64 36 det
1262 648 148 36 inträffa
1439 655 53 30 att
1520 649 120 36 under
1667 648 72 38 fem
1768 650 115 49 dagar
1899 651 129 36 endast
2047 664 43 23 en

493 704 195 35 vexelbörs
729 699 178 46 inträffar,
951 700 46 35 då
1037 713 79 22 som
1157 700 139 36 bekant
1337 708 39 28 är
1409 701 131 35 endast
1573 705 62 32 två
1663 702 243 36 vexelbörser
1934 702 156 36 hållas
2068 695 25 54 i

493 756 136 35 veckan
672 754 66 36 och
767 756 18 32 å
814 765 137 23 samma
978 751 114 48 dagar
1120 753 100 34 såväl
1249 753 9 34 i
1283 751 212 37 Stockholm
1523 766 76 22 som
1628 753 8 34 i
1667 751 199 50 Göteborg.
1894 753 73 50 Jag
1995 755 95 35 tillå-

492 812 59 29 ter
577 807 74 45 mig
679 804 144 36 derföre
850 803 151 44 föreslå;
1030 810 53 28 att
1110 804 54 34 uti
1192 803 160 36 berörda
1380 802 21 46 $
1432 806 44 33 26
1505 817 108 22 mom.
1631 806 19 34 2
1682 804 91 36 »fem
1804 805 131 48 dagar»
1954 809 59 31 må
2034 812 54 29 ut-

493 856 107 50 bytas
628 856 57 35 till
713 855 56 47 sju
798 853 123 48 dagar.

618 908 15 35 I
676 908 46 35 30
768 903 17 48 $
828 905 65 35 har
933 903 195 37 Utskottet
1168 904 201 48 föreslagit,
1411 910 54 30 att
1492 919 58 23 om
1580 906 211 48 bankbolag
1823 906 151 48 nödgas,
2003 906 86 36 med

491 960 230 47 Konungens
762 955 432 48 Befallningshafvandes
1223 956 177 44 tillstånd,
1430 957 169 35 använda
1628 961 118 44 någon
1776 957 58 35 del
1863 957 39 35 af
1924 958 166 35 bankens

491 1008 452 51 grundfondssäkerheter
970 1006 55 37 för
1053 1005 183 37 infriande
1266 1006 38 36 af
1328 1008 81 34 sina
1425 1007 131 46 sedlar,
1573 1009 167 48 bolagets
1757 1008 332 48 sedelutgifnings-

492 1067 73 31 rätt
606 1061 92 37 skall
733 1060 161 36 minskas
923 1058 82 36 med
1035 1063 52 30 ett
1115 1059 143 47 belopp,
1287 1059 259 36 motsvarande
1577 1073 39 22 en
1644 1061 59 35 och
1732 1073 41 22 en
1799 1059 82 36 half
1902 1059 97 48 gång
2027 1060 62 35 det

492 1113 122 45 värde,
656 1112 149 35 hvartill
847 1112 44 34 de
932 1109 207 50 föryttrade
1172 1110 261 35 säkerheterna
1460 1112 97 34 varit
1584 1111 257 48 uppskattade.
1895 1111 17 35 I
1938 1124 49 22 nu
2016 1112 74 46 gäl-

493 1165 110 35 lande
630 1165 61 46 lag
719 1163 160 48 stadgas,
909 1167 54 30 att
990 1160 435 49 sedelutgifningsrätten
1453 1162 90 35 skall
1572 1163 160 35 minskas
1761 1162 82 35 med
1873 1167 53 30 ett
1954 1162 135 48 belopp

492 1215 259 37 motsvarande
795 1215 56 35 det
877 1213 111 36 värde
1015 1212 142 36 hvartill
1185 1212 250 36 säkerheterna
1449 1213 230 47 uppskattats.
1722 1214 129 47 Kongl.
1867 1212 121 48 Maj:ts
2004 1226 86 35 pro-

491 1268 174 47 position,
697 1267 117 35 ehuru
844 1264 108 36 äfven
981 1264 79 35 deri
1090 1263 204 48 medgifves
1323 1264 388 49 sedelutgifningsrätt
1737 1265 56 36 till
1822 1265 139 48 belopp
1992 1263 37 37 af
2043 1277 42 23 en

492 1319 69 34 och
603 1331 44 23 en
690 1317 80 36 half
807 1319 98 44 gång
931 1314 272 48 grundfonden,
1247 1315 154 46 stadgar
1429 1316 31 46 ej
1492 1317 208 47 minskning
1729 1317 8 33 i
1765 1329 48 21 nu
1841 1315 247 36 förevarande

491 1369 64 36 fall
596 1369 38 35 af
672 1366 436 49 sedelutgifningsrätten
1147 1366 53 35 till
1243 1366 113 48 högre
1398 1366 135 49 belopp
1563 1374 43 28 än
1637 1380 78 22 som
1746 1372 205 31 motsvaras
1981 1366 38 36 af
2043 1366 44 36 de

491 1420 205 48 föryttrade
739 1419 268 36 säkerheterna.
1063 1417 72 35 Det
1176 1416 39 37 af
1252 1416 193 37 Utskottet
1477 1418 212 48 föreslagna
1716 1417 222 49 stadgandet
1965 1418 120 35 skulle

491 1471 192 36 föranleda
725 1470 125 36 dertill
891 1475 65 38 att,
998 1469 10 34 i
1043 1468 63 35 det
1133 1469 194 47 ögonblick
1355 1468 139 35 banken
1524 1469 140 48 nödgas
1692 1469 172 35 använda
1892 1482 44 22 en
1965 1468 55 35 del
2051 1468 39 35 af

491 1524 81 34 sina
605 1519 402 51 grundfondshypotek
1036 1520 56 34 till
1120 1519 185 36 infriande
1334 1519 38 35 af
1396 1520 78 35 sina
1502 1521 129 43 sedlar,
1659 1519 426 49 sedelutgifningsrätten

491 1573 272 44 öfverskridits;
804 1573 66 34 och
902 1571 63 35 det
992 1571 70 34 kan
1091 1570 110 36 blifva
1232 1571 142 35 banken
1404 1572 167 46 omöjligt
1600 1577 54 30 att
1681 1578 130 40 genast
1839 1570 156 49 indraga
2025 1571 63 35 det

490 1626 134 47 belopp
652 1623 37 37 af
715 1624 133 44 sedlar,
877 1621 176 36 hvarmed
1081 1621 329 49 utgifningsrätten
1439 1622 56 35 till
1524 1622 90 48 följd
1631 1622 131 36 endast
1777 1622 39 36 af
1832 1622 103 35 detta
1957 1622 129 35 omoti-

490 1676 136 35 verade
655 1674 204 48 stadgande
887 1673 264 35 öfverskridits.
1204 1673 72 48 Jag
1304 1672 67 35 har
1399 1673 141 35 således
1570 1679 120 30 ansett
1717 1674 121 35 denna
1872 1670 17 48 $
1920 1675 46 33 30
1995 1673 91 35 böra

489 1728 138 35 lemnas
657 1725 251 37 oförändrad».

618 1777 39 36 af
680 1777 95 36 Herr
802 1789 68 23 von
898 1775 196 49 Gegerfelt:
1133 1774 112 35 »Från
1274 1774 210 36 Utskottets
1512 1776 125 35 beslut
1663 1783 40 28 är
1726 1776 67 46 jag
1821 1778 33 32 så
1867 1776 101 45 ,vida
1987 1776 100 47 skilj-

489 1830 111 47 aktig,
631 1834 52 29 att
707 1830 65 45 jag
799 1840 104 23 anser
931 1826 285 36 nedannämnde
1245 1825 212 48 paragrafer
1484 1826 87 35 böra
1585 1827 135 34 erhålla
1747 1825 158 48 följande
1925 1823 160 52 lydelse:

615 1878 22 47 $
667 1882 45 33 26
742 1892 109 22 mom.
883 1881 29 32 1.
941 1898 47 3 —
1015 1897 49 4 —
1096 1897 42 3 —
1166 1876 125 36 förvar
1320 1877 180 35 nedsatte.

616 1929 33 48 c)
677 1930 175 36 Bankens
883 1927 210 48 fordringar
1124 1929 57 35 till
1211 1928 109 46 högst
1348 1930 46 34 50
1422 1935 152 41 procent
1603 1928 38 36 af
1666 1928 162 36 bankens
1846 1928 80 36 hela
1941 1928 144 48 grund-

487 1982 104 45 fond;
621 1982 95 36 dock
744 1988 55 29 att
826 1981 45 35 de
900 1984 46 45 på
973 1980 118 47 grund
1119 1978 108 37 häraf
1251 1979 222 48 utelöpande
1502 1980 139 35 sedlars
1670 1980 135 48 belopp
1836 1980 79 35 icke
1944 1983 58 32 må
2030 1978 54 36 öf-

488 2034 160 47 verstiga
688 2033 72 35 fem
800 2035 139 44 gånger
968 2031 174 48 beloppet
1170 2030 39 36 af
1234 2030 63 36 det
1323 2030 63 36 vid
1415 2030 313 36 hufvudkontoret
1756 2032 10 34 i
1795 2031 130 35 kassan
1954 2031 130 35 befint-

488 2085 84 47 liga,
599 2085 164 48 lagligen
793 2085 9 33 i
831 2084 95 35 riket
953 2083 171 46 gällande
1152 2081 213 48 guldmynt.

614 2134 22 46 $
666 2138 55 33 28.
775 2134 206 36 Banksedel
1009 2135 92 34 skall
1129 2154 47 3 —
1205 2154 48 2 —
1280 2152 48 3 —
1355 2133 172 47 gällande
1557 2139 120 44 mynt;
1707 2133 93 36 dock
1829 2136 59 32 må
1916 2133 56 35 till
1991 2133 91 35 inlö-

486 2200 64 22 sen
575 2187 140 47 jemväl
744 2186 184 36 användas
958 2185 254 35 Riksbankens
1240 2183 129 44 sedlar,
1398 2187 40 33 så
1466 2184 105 48 länge
1600 2184 45 36 de
1675 2186 9 34 i
1713 2185 97 35 riket
1839 2190 136 41 utgöra
2002 2184 78 47 lag-

485 2239 71 46 ligt
589 2236 342 49 betalningsmedel.
984 2235 143 48 Vägras
1155 2236 139 35 inlösen
1326 2235 38 35 af
1388 2235 202 36 banksedel
1619 2249 77 22 som
1726 2235 213 47 bankbolag
1968 2233 117 49 utgif-

486 2290 54 35 vit
567 2312 48 4 —
641 2308 37 4 —
717 2308 48 5 —
793 2289 71 35 kan
893 2285 173 37 erhållas.
