<?xml version="1.0" encoding="UTF-8"?>
<alto xmlns="http://www.loc.gov/standards/alto/ns-v3#" xmlns:xlink="http://www.w3.org/1999/xlink" xmlns:xsi="http://www.w3.org/2001/XMLSchema-instance" xsi:schemaLocation="http://www.loc.gov/standards/alto/ns-v3# http://www.loc.gov/alto/v3/alto-3-0.xsd">
	<Description>
		<MeasurementUnit>pixel</MeasurementUnit>
		<sourceImageInformation>
			<fileName>/tmp/tess_bqpdz5t4_input.PNG</fileName>
		</sourceImageInformation>
		<OCRProcessing ID="OCR_0">
			<ocrProcessingStep>
				<processingSoftware>
					<softwareName>tesseract 5.3.0</softwareName>
				</processingSoftware>
			</ocrProcessingStep>
		</OCRProcessing>
	</Description>
	<Layout>
		<Page WIDTH="1854" HEIGHT="2776" PHYSICAL_IMG_NR="0" ID="page_0">
			<PrintSpace HPOS="0" VPOS="0" WIDTH="1854" HEIGHT="2776">
				<ComposedBlock ID="cblock_0" HPOS="282" VPOS="152" WIDTH="1148" HEIGHT="41">
					<TextBlock ID="block_0" HPOS="282" VPOS="152" WIDTH="1148" HEIGHT="41">
						<TextLine ID="line_0" HPOS="282" VPOS="152" WIDTH="1148" HEIGHT="41">
							<String ID="string_0" HPOS="282" VPOS="152" WIDTH="19" HEIGHT="30" WC="0.96" CONTENT="2"/><SP WIDTH="312" VPOS="152" HPOS="301"/>
							<String ID="string_1" HPOS="613" VPOS="156" WIDTH="117" HEIGHT="30" WC="0.92" CONTENT="Andra"/><SP WIDTH="17" VPOS="156" HPOS="730"/>
							<String ID="string_2" HPOS="747" VPOS="157" WIDTH="244" HEIGHT="36" WC="0.91" CONTENT="lagutskottets"/><SP WIDTH="17" VPOS="157" HPOS="991"/>
							<String ID="string_3" HPOS="1008" VPOS="160" WIDTH="178" HEIGHT="31" WC="0.96" CONTENT="utlåtande"/><SP WIDTH="15" VPOS="160" HPOS="1186"/>
							<String ID="string_4" HPOS="1201" VPOS="171" WIDTH="41" HEIGHT="20" WC="0.96" CONTENT="nr"/><SP WIDTH="14" VPOS="171" HPOS="1242"/>
							<String ID="string_5" HPOS="1256" VPOS="163" WIDTH="20" HEIGHT="29" WC="0.96" CONTENT="5"/><SP WIDTH="16" VPOS="163" HPOS="1276"/>
							<String ID="string_6" HPOS="1292" VPOS="162" WIDTH="39" HEIGHT="29" WC="0.96" CONTENT="år"/><SP WIDTH="18" VPOS="162" HPOS="1331"/>
							<String ID="string_7" HPOS="1349" VPOS="164" WIDTH="81" HEIGHT="29" WC="0.96" CONTENT="1965"/>
						</TextLine>
					</TextBlock>
				</ComposedBlock>
				<ComposedBlock ID="cblock_1" HPOS="270" VPOS="241" WIDTH="1497" HEIGHT="2271">
					<TextBlock ID="block_1" HPOS="281" VPOS="241" WIDTH="1486" HEIGHT="572">
						<TextLine ID="line_1" HPOS="286" VPOS="241" WIDTH="1477" HEIGHT="43">
							<String ID="string_8" HPOS="286" VPOS="241" WIDTH="215" HEIGHT="31" WC="0.87" CONTENT="1915—1923"/><SP WIDTH="29" VPOS="241" HPOS="501"/>
							<String ID="string_9" HPOS="530" VPOS="243" WIDTH="138" HEIGHT="31" WC="0.96" CONTENT="fordras"/><SP WIDTH="26" VPOS="243" HPOS="668"/>
							<String ID="string_10" HPOS="694" VPOS="245" WIDTH="10" HEIGHT="28" WC="0.96" CONTENT="i"/><SP WIDTH="28" VPOS="245" HPOS="704"/>
							<String ID="string_11" HPOS="732" VPOS="246" WIDTH="114" HEIGHT="29" WC="0.95" CONTENT="stället"/><SP WIDTH="28" VPOS="246" HPOS="846"/>
							<String ID="string_12" HPOS="874" VPOS="246" WIDTH="54" HEIGHT="30" WC="0.96" CONTENT="för"/><SP WIDTH="26" VPOS="246" HPOS="928"/>
							<String ID="string_13" HPOS="954" VPOS="248" WIDTH="40" HEIGHT="29" WC="0.96" CONTENT="30"/><SP WIDTH="28" VPOS="248" HPOS="994"/>
							<String ID="string_14" HPOS="1022" VPOS="248" WIDTH="37" HEIGHT="29" WC="0.96" CONTENT="år"/><SP WIDTH="16" VPOS="248" HPOS="1059"/>
							<String ID="string_15" HPOS="1075" VPOS="248" WIDTH="37" HEIGHT="29" WC="0.95" CONTENT="21"/><SP WIDTH="20" VPOS="248" HPOS="1112"/>
							<String ID="string_16" HPOS="1132" VPOS="249" WIDTH="36" HEIGHT="29" WC="0.96" CONTENT="år"/><SP WIDTH="17" VPOS="249" HPOS="1168"/>
							<String ID="string_17" HPOS="1185" VPOS="250" WIDTH="53" HEIGHT="29" WC="0.96" CONTENT="för"/><SP WIDTH="16" VPOS="250" HPOS="1238"/>
							<String ID="string_18" HPOS="1254" VPOS="251" WIDTH="77" HEIGHT="28" WC="0.96" CONTENT="dem"/><SP WIDTH="17" VPOS="251" HPOS="1331"/>
							<String ID="string_19" HPOS="1348" VPOS="260" WIDTH="74" HEIGHT="20" WC="0.96" CONTENT="som"/><SP WIDTH="16" VPOS="260" HPOS="1422"/>
							<String ID="string_20" HPOS="1438" VPOS="252" WIDTH="37" HEIGHT="28" WC="0.96" CONTENT="är"/><SP WIDTH="16" VPOS="252" HPOS="1475"/>
							<String ID="string_21" HPOS="1491" VPOS="251" WIDTH="105" HEIGHT="29" WC="0.96" CONTENT="födda"/><SP WIDTH="18" VPOS="251" HPOS="1596"/>
							<String ID="string_22" HPOS="1614" VPOS="250" WIDTH="93" HEIGHT="34" WC="0.95" CONTENT="1915,"/><SP WIDTH="16" VPOS="250" HPOS="1707"/>
							<String ID="string_23" HPOS="1723" VPOS="248" WIDTH="40" HEIGHT="31" WC="0.95" CONTENT="22"/>
						</TextLine>
						<TextLine ID="line_2" HPOS="281" VPOS="293" WIDTH="1486" HEIGHT="46">
							<String ID="string_24" HPOS="281" VPOS="293" WIDTH="39" HEIGHT="29" WC="0.96" CONTENT="år"/><SP WIDTH="19" VPOS="293" HPOS="320"/>
							<String ID="string_25" HPOS="339" VPOS="293" WIDTH="55" HEIGHT="30" WC="0.96" CONTENT="för"/><SP WIDTH="19" VPOS="293" HPOS="394"/>
							<String ID="string_26" HPOS="413" VPOS="295" WIDTH="77" HEIGHT="29" WC="0.96" CONTENT="dem"/><SP WIDTH="19" VPOS="295" HPOS="490"/>
							<String ID="string_27" HPOS="509" VPOS="305" WIDTH="73" HEIGHT="20" WC="0.96" CONTENT="som"/><SP WIDTH="21" VPOS="305" HPOS="582"/>
							<String ID="string_28" HPOS="603" VPOS="298" WIDTH="38" HEIGHT="28" WC="0.96" CONTENT="är"/><SP WIDTH="19" VPOS="298" HPOS="641"/>
							<String ID="string_29" HPOS="660" VPOS="297" WIDTH="105" HEIGHT="31" WC="0.96" CONTENT="födda"/><SP WIDTH="22" VPOS="297" HPOS="765"/>
							<String ID="string_30" HPOS="787" VPOS="299" WIDTH="83" HEIGHT="30" WC="0.96" CONTENT="1916"/><SP WIDTH="19" VPOS="299" HPOS="870"/>
							<String ID="string_31" HPOS="889" VPOS="309" WIDTH="70" HEIGHT="21" WC="0.93" CONTENT="osv."/><SP WIDTH="20" VPOS="309" HPOS="959"/>
							<String ID="string_32" HPOS="979" VPOS="300" WIDTH="357" HEIGHT="39" WC="0.91" CONTENT="Övergångsreglerna"/><SP WIDTH="19" VPOS="300" HPOS="1336"/>
							<String ID="string_33" HPOS="1355" VPOS="303" WIDTH="156" HEIGHT="34" WC="0.96" CONTENT="innebär,"/><SP WIDTH="21" VPOS="303" HPOS="1511"/>
							<String ID="string_34" HPOS="1532" VPOS="304" WIDTH="50" HEIGHT="28" WC="0.96" CONTENT="att"/><SP WIDTH="19" VPOS="304" HPOS="1582"/>
							<String ID="string_35" HPOS="1601" VPOS="311" WIDTH="166" HEIGHT="28" WC="0.96" CONTENT="personer"/>
						</TextLine>
						<TextLine ID="line_3" HPOS="284" VPOS="347" WIDTH="1481" HEIGHT="45">
							<String ID="string_36" HPOS="284" VPOS="356" WIDTH="74" HEIGHT="20" WC="0.96" CONTENT="som"/><SP WIDTH="22" VPOS="356" HPOS="358"/>
							<String ID="string_37" HPOS="380" VPOS="348" WIDTH="39" HEIGHT="29" WC="0.96" CONTENT="är"/><SP WIDTH="19" VPOS="348" HPOS="419"/>
							<String ID="string_38" HPOS="438" VPOS="347" WIDTH="105" HEIGHT="31" WC="0.96" CONTENT="födda"/><SP WIDTH="23" VPOS="347" HPOS="543"/>
							<String ID="string_39" HPOS="566" VPOS="349" WIDTH="84" HEIGHT="30" WC="0.96" CONTENT="1914"/><SP WIDTH="19" VPOS="349" HPOS="650"/>
							<String ID="string_40" HPOS="669" VPOS="351" WIDTH="63" HEIGHT="29" WC="0.96" CONTENT="och"/><SP WIDTH="22" VPOS="351" HPOS="732"/>
							<String ID="string_41" HPOS="754" VPOS="360" WIDTH="122" HEIGHT="22" WC="0.96" CONTENT="senare"/><SP WIDTH="19" VPOS="360" HPOS="876"/>
							<String ID="string_42" HPOS="895" VPOS="352" WIDTH="64" HEIGHT="30" WC="0.96" CONTENT="har"/><SP WIDTH="19" VPOS="352" HPOS="959"/>
							<String ID="string_43" HPOS="978" VPOS="353" WIDTH="182" HEIGHT="38" WC="0.96" CONTENT="möjlighet"/><SP WIDTH="20" VPOS="353" HPOS="1160"/>
							<String ID="string_44" HPOS="1180" VPOS="356" WIDTH="51" HEIGHT="30" WC="0.96" CONTENT="att"/><SP WIDTH="19" VPOS="356" HPOS="1231"/>
							<String ID="string_45" HPOS="1250" VPOS="354" WIDTH="163" HEIGHT="32" WC="0.96" CONTENT="förvärva"/><SP WIDTH="20" VPOS="354" HPOS="1413"/>
							<String ID="string_46" HPOS="1433" VPOS="355" WIDTH="65" HEIGHT="30" WC="0.96" CONTENT="full"/><SP WIDTH="21" VPOS="355" HPOS="1498"/>
							<String ID="string_47" HPOS="1519" VPOS="355" WIDTH="157" HEIGHT="37" WC="0.93" CONTENT="pension,"/><SP WIDTH="21" VPOS="355" HPOS="1676"/>
							<String ID="string_48" HPOS="1697" VPOS="363" WIDTH="68" HEIGHT="21" WC="0.93" CONTENT="me-"/>
						</TextLine>
						<TextLine ID="line_4" HPOS="282" VPOS="400" WIDTH="1482" HEIGHT="45">
							<String ID="string_49" HPOS="282" VPOS="400" WIDTH="69" HEIGHT="29" WC="0.96" CONTENT="dan"/><SP WIDTH="20" VPOS="400" HPOS="351"/>
							<String ID="string_50" HPOS="371" VPOS="400" WIDTH="42" HEIGHT="30" WC="0.96" CONTENT="de"/><SP WIDTH="18" VPOS="400" HPOS="413"/>
							<String ID="string_51" HPOS="431" VPOS="410" WIDTH="73" HEIGHT="21" WC="0.96" CONTENT="som"/><SP WIDTH="19" VPOS="410" HPOS="504"/>
							<String ID="string_52" HPOS="523" VPOS="402" WIDTH="38" HEIGHT="29" WC="0.96" CONTENT="är"/><SP WIDTH="19" VPOS="402" HPOS="561"/>
							<String ID="string_53" HPOS="580" VPOS="401" WIDTH="106" HEIGHT="31" WC="0.93" CONTENT="födda"/><SP WIDTH="20" VPOS="401" HPOS="686"/>
							<String ID="string_54" HPOS="706" VPOS="403" WIDTH="215" HEIGHT="31" WC="0.90" CONTENT="1896—1913"/><SP WIDTH="19" VPOS="403" HPOS="921"/>
							<String ID="string_55" HPOS="940" VPOS="407" WIDTH="181" HEIGHT="30" WC="0.96" CONTENT="maximalt"/><SP WIDTH="18" VPOS="407" HPOS="1121"/>
							<String ID="string_56" HPOS="1139" VPOS="407" WIDTH="68" HEIGHT="30" WC="0.96" CONTENT="kan"/><SP WIDTH="19" VPOS="407" HPOS="1207"/>
							<String ID="string_57" HPOS="1226" VPOS="407" WIDTH="35" HEIGHT="30" WC="0.96" CONTENT="få"/><SP WIDTH="20" VPOS="407" HPOS="1261"/>
							<String ID="string_58" HPOS="1281" VPOS="408" WIDTH="37" HEIGHT="29" WC="0.96" CONTENT="så"/><SP WIDTH="19" VPOS="408" HPOS="1318"/>
							<String ID="string_59" HPOS="1337" VPOS="408" WIDTH="127" HEIGHT="37" WC="0.93" CONTENT="många"/><SP WIDTH="18" VPOS="408" HPOS="1464"/>
							<String ID="string_60" HPOS="1482" VPOS="408" WIDTH="224" HEIGHT="37" WC="0.91" CONTENT="tjugondelar"/><SP WIDTH="18" VPOS="408" HPOS="1706"/>
							<String ID="string_61" HPOS="1724" VPOS="416" WIDTH="40" HEIGHT="21" WC="0.95" CONTENT="av"/>
						</TextLine>
						<TextLine ID="line_5" HPOS="282" VPOS="452" WIDTH="1483" HEIGHT="46">
							<String ID="string_62" HPOS="282" VPOS="452" WIDTH="65" HEIGHT="30" WC="0.96" CONTENT="full"/><SP WIDTH="19" VPOS="452" HPOS="347"/>
							<String ID="string_63" HPOS="366" VPOS="453" WIDTH="145" HEIGHT="37" WC="0.96" CONTENT="pension"/><SP WIDTH="20" VPOS="453" HPOS="511"/>
							<String ID="string_64" HPOS="531" VPOS="464" WIDTH="73" HEIGHT="20" WC="0.97" CONTENT="som"/><SP WIDTH="20" VPOS="464" HPOS="604"/>
							<String ID="string_65" HPOS="624" VPOS="456" WIDTH="129" HEIGHT="30" WC="0.95" CONTENT="antalet"/><SP WIDTH="18" VPOS="456" HPOS="753"/>
							<String ID="string_66" HPOS="771" VPOS="456" WIDTH="39" HEIGHT="30" WC="0.96" CONTENT="år"/><SP WIDTH="17" VPOS="456" HPOS="810"/>
							<String ID="string_67" HPOS="827" VPOS="457" WIDTH="43" HEIGHT="31" WC="0.92" CONTENT="fr."/><SP WIDTH="14" VPOS="457" HPOS="870"/>
							<String ID="string_68" HPOS="884" VPOS="467" WIDTH="29" HEIGHT="21" WC="0.87" CONTENT="o."/><SP WIDTH="16" VPOS="467" HPOS="913"/>
							<String ID="string_69" HPOS="929" VPOS="467" WIDTH="43" HEIGHT="22" WC="0.92" CONTENT="m."/><SP WIDTH="21" VPOS="467" HPOS="972"/>
							<String ID="string_70" HPOS="993" VPOS="458" WIDTH="82" HEIGHT="31" WC="0.93" CONTENT="1960"/><SP WIDTH="19" VPOS="458" HPOS="1075"/>
							<String ID="string_71" HPOS="1094" VPOS="462" WIDTH="22" HEIGHT="27" WC="0.89" CONTENT="t."/><SP WIDTH="16" VPOS="462" HPOS="1116"/>
							<String ID="string_72" HPOS="1132" VPOS="469" WIDTH="28" HEIGHT="21" WC="0.87" CONTENT="o."/><SP WIDTH="16" VPOS="469" HPOS="1160"/>
							<String ID="string_73" HPOS="1176" VPOS="469" WIDTH="44" HEIGHT="20" WC="0.92" CONTENT="m."/><SP WIDTH="30" VPOS="469" HPOS="1220"/>
							<String ID="string_74" HPOS="1250" VPOS="461" WIDTH="57" HEIGHT="29" WC="0.96" CONTENT="det"/><SP WIDTH="18" VPOS="461" HPOS="1307"/>
							<String ID="string_75" HPOS="1325" VPOS="460" WIDTH="43" HEIGHT="31" WC="0.96" CONTENT="då"/><SP WIDTH="18" VPOS="460" HPOS="1368"/>
							<String ID="string_76" HPOS="1386" VPOS="461" WIDTH="258" HEIGHT="30" WC="0.96" CONTENT="vederbörande"/><SP WIDTH="19" VPOS="461" HPOS="1644"/>
							<String ID="string_77" HPOS="1663" VPOS="460" WIDTH="102" HEIGHT="38" WC="0.96" CONTENT="fyller"/>
						</TextLine>
						<TextLine ID="line_6" HPOS="282" VPOS="508" WIDTH="1481" HEIGHT="43">
							<String ID="string_78" HPOS="282" VPOS="508" WIDTH="40" HEIGHT="29" WC="0.96" CONTENT="65"/><SP WIDTH="19" VPOS="508" HPOS="322"/>
							<String ID="string_79" HPOS="341" VPOS="508" WIDTH="48" HEIGHT="30" WC="0.95" CONTENT="år."/><SP WIDTH="20" VPOS="508" HPOS="389"/>
							<String ID="string_80" HPOS="409" VPOS="509" WIDTH="147" HEIGHT="30" WC="0.96" CONTENT="Pension"/><SP WIDTH="18" VPOS="509" HPOS="556"/>
							<String ID="string_81" HPOS="574" VPOS="509" WIDTH="102" HEIGHT="39" WC="0.96" CONTENT="utgår"/><SP WIDTH="17" VPOS="509" HPOS="676"/>
							<String ID="string_82" HPOS="693" VPOS="510" WIDTH="73" HEIGHT="30" WC="0.95" CONTENT="icke"/><SP WIDTH="17" VPOS="510" HPOS="766"/>
							<String ID="string_83" HPOS="783" VPOS="510" WIDTH="52" HEIGHT="30" WC="0.95" CONTENT="till"/><SP WIDTH="19" VPOS="510" HPOS="835"/>
							<String ID="string_84" HPOS="854" VPOS="511" WIDTH="77" HEIGHT="29" WC="0.96" CONTENT="dem"/><SP WIDTH="19" VPOS="511" HPOS="931"/>
							<String ID="string_85" HPOS="950" VPOS="521" WIDTH="73" HEIGHT="20" WC="0.96" CONTENT="som"/><SP WIDTH="18" VPOS="521" HPOS="1023"/>
							<String ID="string_86" HPOS="1041" VPOS="513" WIDTH="38" HEIGHT="28" WC="0.96" CONTENT="är"/><SP WIDTH="17" VPOS="513" HPOS="1079"/>
							<String ID="string_87" HPOS="1096" VPOS="512" WIDTH="105" HEIGHT="30" WC="0.96" CONTENT="födda"/><SP WIDTH="17" VPOS="512" HPOS="1201"/>
							<String ID="string_88" HPOS="1218" VPOS="513" WIDTH="38" HEIGHT="30" WC="0.96" CONTENT="år"/><SP WIDTH="20" VPOS="513" HPOS="1256"/>
							<String ID="string_89" HPOS="1276" VPOS="513" WIDTH="83" HEIGHT="30" WC="0.96" CONTENT="1895"/><SP WIDTH="18" VPOS="513" HPOS="1359"/>
							<String ID="string_90" HPOS="1377" VPOS="514" WIDTH="82" HEIGHT="29" WC="0.96" CONTENT="eller"/><SP WIDTH="16" VPOS="514" HPOS="1459"/>
							<String ID="string_91" HPOS="1475" VPOS="514" WIDTH="156" HEIGHT="37" WC="0.96" CONTENT="tidigare."/><SP WIDTH="18" VPOS="514" HPOS="1631"/>
							<String ID="string_92" HPOS="1649" VPOS="514" WIDTH="114" HEIGHT="29" WC="0.96" CONTENT="Jämte"/>
						</TextLine>
						<TextLine ID="line_7" HPOS="281" VPOS="560" WIDTH="1482" HEIGHT="44">
							<String ID="string_93" HPOS="281" VPOS="560" WIDTH="269" HEIGHT="38" WC="0.91" CONTENT="folkpensionen"/><SP WIDTH="22" VPOS="560" HPOS="550"/>
							<String ID="string_94" HPOS="572" VPOS="562" WIDTH="159" HEIGHT="30" WC="0.96" CONTENT="kommer"/><SP WIDTH="21" VPOS="562" HPOS="731"/>
							<String ID="string_95" HPOS="752" VPOS="563" WIDTH="65" HEIGHT="29" WC="0.95" CONTENT="full"/><SP WIDTH="23" VPOS="563" HPOS="817"/>
							<String ID="string_96" HPOS="840" VPOS="563" WIDTH="263" HEIGHT="38" WC="0.96" CONTENT="ålderspension"/><SP WIDTH="23" VPOS="563" HPOS="1103"/>
							<String ID="string_97" HPOS="1126" VPOS="565" WIDTH="77" HEIGHT="30" WC="0.92" CONTENT="från"/><SP WIDTH="23" VPOS="565" HPOS="1203"/>
							<String ID="string_98" HPOS="1226" VPOS="566" WIDTH="433" HEIGHT="38" WC="0.83" CONTENT="tilläggspensioneringen"/><SP WIDTH="23" VPOS="566" HPOS="1659"/>
							<String ID="string_99" HPOS="1682" VPOS="568" WIDTH="50" HEIGHT="29" WC="0.90" CONTENT="att"/><SP WIDTH="21" VPOS="568" HPOS="1732"/>
							<String ID="string_100" HPOS="1753" VPOS="567" WIDTH="10" HEIGHT="28" WC="0.90" CONTENT="i"/>
						</TextLine>
						<TextLine ID="line_8" HPOS="282" VPOS="615" WIDTH="1482" HEIGHT="44">
							<String ID="string_101" HPOS="282" VPOS="615" WIDTH="88" HEIGHT="28" WC="0.96" CONTENT="stort"/><SP WIDTH="20" VPOS="615" HPOS="370"/>
							<String ID="string_102" HPOS="390" VPOS="616" WIDTH="65" HEIGHT="28" WC="0.96" CONTENT="sett"/><SP WIDTH="19" VPOS="616" HPOS="455"/>
							<String ID="string_103" HPOS="474" VPOS="617" WIDTH="176" HEIGHT="28" WC="0.95" CONTENT="motsvara"/><SP WIDTH="18" VPOS="617" HPOS="650"/>
							<String ID="string_104" HPOS="668" VPOS="616" WIDTH="55" HEIGHT="30" WC="0.96" CONTENT="två"/><SP WIDTH="20" VPOS="616" HPOS="723"/>
							<String ID="string_105" HPOS="743" VPOS="616" WIDTH="210" HEIGHT="37" WC="0.96" CONTENT="tredjedelar"/><SP WIDTH="18" VPOS="616" HPOS="953"/>
							<String ID="string_106" HPOS="971" VPOS="627" WIDTH="41" HEIGHT="20" WC="0.96" CONTENT="av"/><SP WIDTH="18" VPOS="627" HPOS="1012"/>
							<String ID="string_107" HPOS="1030" VPOS="618" WIDTH="78" HEIGHT="30" WC="0.93" CONTENT="hela"/><SP WIDTH="19" VPOS="618" HPOS="1108"/>
							<String ID="string_108" HPOS="1127" VPOS="619" WIDTH="327" HEIGHT="31" WC="0.90" CONTENT="arbetsinkomsten."/><SP WIDTH="19" VPOS="619" HPOS="1454"/>
							<String ID="string_109" HPOS="1473" VPOS="620" WIDTH="291" HEIGHT="39" WC="0.91" CONTENT="Tilläggspensio-"/>
						</TextLine>
						<TextLine ID="line_9" HPOS="281" VPOS="668" WIDTH="1481" HEIGHT="41">
							<String ID="string_110" HPOS="281" VPOS="668" WIDTH="186" HEIGHT="36" WC="0.92" CONTENT="neringens"/><SP WIDTH="27" VPOS="668" HPOS="467"/>
							<String ID="string_111" HPOS="494" VPOS="668" WIDTH="260" HEIGHT="37" WC="0.94" CONTENT="ålderspension"/><SP WIDTH="27" VPOS="668" HPOS="754"/>
							<String ID="string_112" HPOS="781" VPOS="669" WIDTH="70" HEIGHT="30" WC="0.93" CONTENT="kan"/><SP WIDTH="26" VPOS="669" HPOS="851"/>
							<String ID="string_113" HPOS="877" VPOS="672" WIDTH="137" HEIGHT="36" WC="0.92" CONTENT="uttagas"/><SP WIDTH="26" VPOS="672" HPOS="1014"/>
							<String ID="string_114" HPOS="1040" VPOS="671" WIDTH="79" HEIGHT="30" WC="0.96" CONTENT="från"/><SP WIDTH="27" VPOS="671" HPOS="1119"/>
							<String ID="string_115" HPOS="1146" VPOS="671" WIDTH="40" HEIGHT="30" WC="0.96" CONTENT="63"/><SP WIDTH="25" VPOS="671" HPOS="1186"/>
							<String ID="string_116" HPOS="1211" VPOS="672" WIDTH="56" HEIGHT="30" WC="0.96" CONTENT="års"/><SP WIDTH="27" VPOS="672" HPOS="1267"/>
							<String ID="string_117" HPOS="1294" VPOS="672" WIDTH="106" HEIGHT="35" WC="0.96" CONTENT="ålder,"/><SP WIDTH="26" VPOS="672" HPOS="1400"/>
							<String ID="string_118" HPOS="1426" VPOS="673" WIDTH="119" HEIGHT="29" WC="0.96" CONTENT="varvid"/><SP WIDTH="27" VPOS="673" HPOS="1545"/>
							<String ID="string_119" HPOS="1572" VPOS="673" WIDTH="190" HEIGHT="36" WC="0.95" CONTENT="pensionen"/>
						</TextLine>
						<TextLine ID="line_10" HPOS="281" VPOS="719" WIDTH="1482" HEIGHT="43">
							<String ID="string_120" HPOS="281" VPOS="719" WIDTH="159" HEIGHT="31" WC="0.96" CONTENT="minskas"/><SP WIDTH="16" VPOS="719" HPOS="440"/>
							<String ID="string_121" HPOS="456" VPOS="720" WIDTH="43" HEIGHT="40" WC="0.95" CONTENT="på"/><SP WIDTH="14" VPOS="720" HPOS="499"/>
							<String ID="string_122" HPOS="513" VPOS="721" WIDTH="88" HEIGHT="31" WC="0.96" CONTENT="visst"/><SP WIDTH="16" VPOS="721" HPOS="601"/>
							<String ID="string_123" HPOS="617" VPOS="722" WIDTH="77" HEIGHT="29" WC="0.96" CONTENT="sätt."/><SP WIDTH="16" VPOS="722" HPOS="694"/>
							<String ID="string_124" HPOS="710" VPOS="722" WIDTH="74" HEIGHT="29" WC="0.96" CONTENT="Den"/><SP WIDTH="16" VPOS="722" HPOS="784"/>
							<String ID="string_125" HPOS="800" VPOS="731" WIDTH="74" HEIGHT="21" WC="0.96" CONTENT="som"/><SP WIDTH="16" VPOS="731" HPOS="874"/>
							<String ID="string_126" HPOS="890" VPOS="724" WIDTH="124" HEIGHT="29" WC="0.96" CONTENT="väntar"/><SP WIDTH="14" VPOS="724" HPOS="1014"/>
							<String ID="string_127" HPOS="1028" VPOS="724" WIDTH="78" HEIGHT="29" WC="0.96" CONTENT="med"/><SP WIDTH="16" VPOS="724" HPOS="1106"/>
							<String ID="string_128" HPOS="1122" VPOS="726" WIDTH="50" HEIGHT="29" WC="0.96" CONTENT="att"/><SP WIDTH="15" VPOS="726" HPOS="1172"/>
							<String ID="string_129" HPOS="1187" VPOS="726" WIDTH="34" HEIGHT="28" WC="0.96" CONTENT="ta"/><SP WIDTH="16" VPOS="726" HPOS="1221"/>
							<String ID="string_130" HPOS="1237" VPOS="728" WIDTH="38" HEIGHT="27" WC="0.96" CONTENT="ut"/><SP WIDTH="15" VPOS="728" HPOS="1275"/>
							<String ID="string_131" HPOS="1290" VPOS="726" WIDTH="191" HEIGHT="36" WC="0.96" CONTENT="pensionen"/><SP WIDTH="16" VPOS="726" HPOS="1481"/>
							<String ID="string_132" HPOS="1497" VPOS="726" WIDTH="52" HEIGHT="29" WC="0.96" CONTENT="till"/><SP WIDTH="17" VPOS="726" HPOS="1549"/>
							<String ID="string_133" HPOS="1566" VPOS="725" WIDTH="88" HEIGHT="30" WC="0.96" CONTENT="efter"/><SP WIDTH="16" VPOS="725" HPOS="1654"/>
							<String ID="string_134" HPOS="1670" VPOS="726" WIDTH="39" HEIGHT="29" WC="0.96" CONTENT="67"/><SP WIDTH="16" VPOS="726" HPOS="1709"/>
							<String ID="string_135" HPOS="1725" VPOS="726" WIDTH="38" HEIGHT="29" WC="0.96" CONTENT="år"/>
						</TextLine>
						<TextLine ID="line_11" HPOS="282" VPOS="772" WIDTH="892" HEIGHT="41">
							<String ID="string_136" HPOS="282" VPOS="772" WIDTH="54" HEIGHT="29" WC="0.92" CONTENT="får"/><SP WIDTH="14" VPOS="772" HPOS="336"/>
							<String ID="string_137" HPOS="350" VPOS="772" WIDTH="19" HEIGHT="30" WC="0.92" CONTENT="å"/><SP WIDTH="15" VPOS="772" HPOS="369"/>
							<String ID="string_138" HPOS="384" VPOS="773" WIDTH="109" HEIGHT="30" WC="0.95" CONTENT="andra"/><SP WIDTH="14" VPOS="773" HPOS="493"/>
							<String ID="string_139" HPOS="507" VPOS="774" WIDTH="100" HEIGHT="29" WC="0.96" CONTENT="sidan"/><SP WIDTH="14" VPOS="774" HPOS="607"/>
							<String ID="string_140" HPOS="621" VPOS="783" WIDTH="41" HEIGHT="21" WC="0.96" CONTENT="en"/><SP WIDTH="14" VPOS="783" HPOS="662"/>
							<String ID="string_141" HPOS="676" VPOS="775" WIDTH="69" HEIGHT="29" WC="0.96" CONTENT="viss"/><SP WIDTH="13" VPOS="775" HPOS="745"/>
							<String ID="string_142" HPOS="758" VPOS="775" WIDTH="149" HEIGHT="38" WC="0.96" CONTENT="höjning"/><SP WIDTH="13" VPOS="775" HPOS="907"/>
							<String ID="string_143" HPOS="920" VPOS="785" WIDTH="41" HEIGHT="21" WC="0.96" CONTENT="av"/><SP WIDTH="13" VPOS="785" HPOS="961"/>
							<String ID="string_144" HPOS="974" VPOS="777" WIDTH="200" HEIGHT="36" WC="0.96" CONTENT="pensionen."/>
						</TextLine>
					</TextBlock>
					<TextBlock ID="block_2" HPOS="277" VPOS="825" WIDTH="1486" HEIGHT="195">
						<TextLine ID="line_12" HPOS="325" VPOS="825" WIDTH="1438" HEIGHT="44">
							<String ID="string_145" HPOS="325" VPOS="825" WIDTH="287" HEIGHT="38" WC="0.92" CONTENT="Förtidspension"/><SP WIDTH="21" VPOS="825" HPOS="612"/>
							<String ID="string_146" HPOS="633" VPOS="827" WIDTH="135" HEIGHT="31" WC="0.96" CONTENT="lämnas"/><SP WIDTH="20" VPOS="827" HPOS="768"/>
							<String ID="string_147" HPOS="788" VPOS="828" WIDTH="52" HEIGHT="30" WC="0.96" CONTENT="till"/><SP WIDTH="21" VPOS="828" HPOS="840"/>
							<String ID="string_148" HPOS="861" VPOS="829" WIDTH="77" HEIGHT="35" WC="0.94" CONTENT="den,"/><SP WIDTH="21" VPOS="829" HPOS="938"/>
							<String ID="string_149" HPOS="959" VPOS="829" WIDTH="133" HEIGHT="31" WC="0.96" CONTENT="vilkens"/><SP WIDTH="21" VPOS="829" HPOS="1092"/>
							<String ID="string_150" HPOS="1113" VPOS="830" WIDTH="277" HEIGHT="38" WC="0.96" CONTENT="arbetsförmåga"/><SP WIDTH="19" VPOS="830" HPOS="1390"/>
							<String ID="string_151" HPOS="1409" VPOS="832" WIDTH="44" HEIGHT="36" WC="0.96" CONTENT="på"/><SP WIDTH="20" VPOS="832" HPOS="1453"/>
							<String ID="string_152" HPOS="1473" VPOS="833" WIDTH="113" HEIGHT="36" WC="0.96" CONTENT="grund"/><SP WIDTH="21" VPOS="833" HPOS="1586"/>
							<String ID="string_153" HPOS="1607" VPOS="840" WIDTH="42" HEIGHT="21" WC="0.92" CONTENT="av"/><SP WIDTH="20" VPOS="840" HPOS="1649"/>
							<String ID="string_154" HPOS="1669" VPOS="833" WIDTH="94" HEIGHT="29" WC="0.92" CONTENT="inva-"/>
						</TextLine>
						<TextLine ID="line_13" HPOS="281" VPOS="878" WIDTH="1482" HEIGHT="44">
							<String ID="string_155" HPOS="281" VPOS="878" WIDTH="114" HEIGHT="30" WC="0.92" CONTENT="liditet"/><SP WIDTH="22" VPOS="878" HPOS="395"/>
							<String ID="string_156" HPOS="417" VPOS="880" WIDTH="38" HEIGHT="28" WC="0.96" CONTENT="är"/><SP WIDTH="21" VPOS="880" HPOS="455"/>
							<String ID="string_157" HPOS="476" VPOS="880" WIDTH="139" HEIGHT="29" WC="0.36" CONTENT="nedsatt"/><SP WIDTH="22" VPOS="880" HPOS="615"/>
							<String ID="string_158" HPOS="637" VPOS="880" WIDTH="78" HEIGHT="29" WC="0.95" CONTENT="med"/><SP WIDTH="22" VPOS="880" HPOS="715"/>
							<String ID="string_159" HPOS="737" VPOS="881" WIDTH="108" HEIGHT="31" WC="0.96" CONTENT="minst"/><SP WIDTH="22" VPOS="881" HPOS="845"/>
							<String ID="string_160" HPOS="867" VPOS="881" WIDTH="144" HEIGHT="30" WC="0.95" CONTENT="hälften."/><SP WIDTH="24" VPOS="881" HPOS="1011"/>
							<String ID="string_161" HPOS="1035" VPOS="882" WIDTH="64" HEIGHT="30" WC="0.96" CONTENT="Vid"/><SP WIDTH="24" VPOS="882" HPOS="1099"/>
							<String ID="string_162" HPOS="1123" VPOS="883" WIDTH="127" HEIGHT="30" WC="0.96" CONTENT="förlust"/><SP WIDTH="23" VPOS="883" HPOS="1250"/>
							<String ID="string_163" HPOS="1273" VPOS="893" WIDTH="42" HEIGHT="20" WC="0.96" CONTENT="av"/><SP WIDTH="22" VPOS="893" HPOS="1315"/>
							<String ID="string_164" HPOS="1337" VPOS="884" WIDTH="302" HEIGHT="38" WC="0.96" CONTENT="arbetsförmågan"/><SP WIDTH="24" VPOS="884" HPOS="1639"/>
							<String ID="string_165" HPOS="1663" VPOS="885" WIDTH="100" HEIGHT="37" WC="0.96" CONTENT="utgår"/>
						</TextLine>
						<TextLine ID="line_14" HPOS="277" VPOS="930" WIDTH="1486" HEIGHT="42">
							<String ID="string_166" HPOS="277" VPOS="930" WIDTH="54" HEIGHT="29" WC="0.96" CONTENT="hel"/><SP WIDTH="29" VPOS="930" HPOS="331"/>
							<String ID="string_167" HPOS="360" VPOS="930" WIDTH="273" HEIGHT="38" WC="0.96" CONTENT="förtidspension"/><SP WIDTH="27" VPOS="930" HPOS="633"/>
							<String ID="string_168" HPOS="660" VPOS="934" WIDTH="76" HEIGHT="29" WC="0.96" CONTENT="med"/><SP WIDTH="26" VPOS="934" HPOS="736"/>
							<String ID="string_169" HPOS="762" VPOS="942" WIDTH="135" HEIGHT="22" WC="0.96" CONTENT="samma"/><SP WIDTH="25" VPOS="942" HPOS="897"/>
							<String ID="string_170" HPOS="922" VPOS="934" WIDTH="123" HEIGHT="38" WC="0.96" CONTENT="belopp"/><SP WIDTH="27" VPOS="934" HPOS="1045"/>
							<String ID="string_171" HPOS="1072" VPOS="944" WIDTH="73" HEIGHT="21" WC="0.96" CONTENT="som"/><SP WIDTH="26" VPOS="944" HPOS="1145"/>
							<String ID="string_172" HPOS="1171" VPOS="936" WIDTH="258" HEIGHT="31" WC="0.96" CONTENT="vederbörande"/><SP WIDTH="27" VPOS="936" HPOS="1429"/>
							<String ID="string_173" HPOS="1456" VPOS="938" WIDTH="112" HEIGHT="29" WC="0.96" CONTENT="skulle"/><SP WIDTH="26" VPOS="938" HPOS="1568"/>
							<String ID="string_174" HPOS="1594" VPOS="938" WIDTH="133" HEIGHT="30" WC="0.96" CONTENT="erhålla"/><SP WIDTH="25" VPOS="938" HPOS="1727"/>
							<String ID="string_175" HPOS="1752" VPOS="939" WIDTH="11" HEIGHT="29" WC="0.96" CONTENT="i"/>
						</TextLine>
						<TextLine ID="line_15" HPOS="280" VPOS="984" WIDTH="600" HEIGHT="36">
							<String ID="string_176" HPOS="280" VPOS="984" WIDTH="263" HEIGHT="36" WC="0.95" CONTENT="ålderspension"/><SP WIDTH="14" VPOS="984" HPOS="543"/>
							<String ID="string_177" HPOS="557" VPOS="984" WIDTH="81" HEIGHT="31" WC="0.96" CONTENT="från"/><SP WIDTH="14" VPOS="984" HPOS="638"/>
							<String ID="string_178" HPOS="652" VPOS="985" WIDTH="38" HEIGHT="30" WC="0.96" CONTENT="67"/><SP WIDTH="15" VPOS="985" HPOS="690"/>
							<String ID="string_179" HPOS="705" VPOS="986" WIDTH="55" HEIGHT="30" WC="0.96" CONTENT="års"/><SP WIDTH="14" VPOS="986" HPOS="760"/>
							<String ID="string_180" HPOS="774" VPOS="986" WIDTH="106" HEIGHT="31" WC="0.96" CONTENT="ålder."/>
						</TextLine>
					</TextBlock>
					<TextBlock ID="block_3" HPOS="277" VPOS="1036" WIDTH="1485" HEIGHT="521">
						<TextLine ID="line_16" HPOS="324" VPOS="1036" WIDTH="1437" HEIGHT="45">
							<String ID="string_181" HPOS="324" VPOS="1036" WIDTH="342" HEIGHT="37" WC="0.90" CONTENT="Familjepensionen"/><SP WIDTH="20" VPOS="1036" HPOS="666"/>
							<String ID="string_182" HPOS="686" VPOS="1040" WIDTH="138" HEIGHT="35" WC="0.96" CONTENT="utgöres"/><SP WIDTH="22" VPOS="1040" HPOS="824"/>
							<String ID="string_183" HPOS="846" VPOS="1049" WIDTH="42" HEIGHT="20" WC="0.93" CONTENT="av"/><SP WIDTH="20" VPOS="1049" HPOS="888"/>
							<String ID="string_184" HPOS="908" VPOS="1040" WIDTH="236" HEIGHT="37" WC="0.92" CONTENT="änkepension"/><SP WIDTH="21" VPOS="1040" HPOS="1144"/>
							<String ID="string_185" HPOS="1165" VPOS="1042" WIDTH="63" HEIGHT="29" WC="0.96" CONTENT="och"/><SP WIDTH="22" VPOS="1042" HPOS="1228"/>
							<String ID="string_186" HPOS="1250" VPOS="1042" WIDTH="246" HEIGHT="39" WC="0.96" CONTENT="barnpension."/><SP WIDTH="21" VPOS="1042" HPOS="1496"/>
							<String ID="string_187" HPOS="1517" VPOS="1043" WIDTH="244" HEIGHT="37" WC="0.94" CONTENT="Änkepension"/>
						</TextLine>
						<TextLine ID="line_17" HPOS="280" VPOS="1089" WIDTH="1481" HEIGHT="44">
							<String ID="string_188" HPOS="280" VPOS="1089" WIDTH="102" HEIGHT="36" WC="0.96" CONTENT="utgår"/><SP WIDTH="22" VPOS="1089" HPOS="382"/>
							<String ID="string_189" HPOS="404" VPOS="1089" WIDTH="166" HEIGHT="31" WC="0.96" CONTENT="förutsatt"/><SP WIDTH="22" VPOS="1089" HPOS="570"/>
							<String ID="string_190" HPOS="592" VPOS="1092" WIDTH="50" HEIGHT="28" WC="0.95" CONTENT="att"/><SP WIDTH="22" VPOS="1092" HPOS="642"/>
							<String ID="string_191" HPOS="664" VPOS="1091" WIDTH="231" HEIGHT="38" WC="0.96" CONTENT="äktenskapet"/><SP WIDTH="21" VPOS="1091" HPOS="895"/>
							<String ID="string_192" HPOS="916" VPOS="1093" WIDTH="128" HEIGHT="37" WC="0.95" CONTENT="ingåtts"/><SP WIDTH="24" VPOS="1093" HPOS="1044"/>
							<String ID="string_193" HPOS="1068" VPOS="1096" WIDTH="116" HEIGHT="27" WC="0.96" CONTENT="senast"/><SP WIDTH="21" VPOS="1096" HPOS="1184"/>
							<String ID="string_194" HPOS="1205" VPOS="1094" WIDTH="42" HEIGHT="30" WC="0.96" CONTENT="då"/><SP WIDTH="23" VPOS="1094" HPOS="1247"/>
							<String ID="string_195" HPOS="1270" VPOS="1103" WIDTH="154" HEIGHT="22" WC="0.96" CONTENT="mannen"/><SP WIDTH="21" VPOS="1103" HPOS="1424"/>
							<String ID="string_196" HPOS="1445" VPOS="1095" WIDTH="108" HEIGHT="38" WC="0.96" CONTENT="fyllde"/><SP WIDTH="22" VPOS="1095" HPOS="1553"/>
							<String ID="string_197" HPOS="1575" VPOS="1096" WIDTH="40" HEIGHT="30" WC="0.96" CONTENT="60"/><SP WIDTH="23" VPOS="1096" HPOS="1615"/>
							<String ID="string_198" HPOS="1638" VPOS="1096" WIDTH="39" HEIGHT="30" WC="0.96" CONTENT="år"/><SP WIDTH="20" VPOS="1096" HPOS="1677"/>
							<String ID="string_199" HPOS="1697" VPOS="1097" WIDTH="64" HEIGHT="30" WC="0.96" CONTENT="och"/>
						</TextLine>
						<TextLine ID="line_18" HPOS="280" VPOS="1142" WIDTH="1481" HEIGHT="44">
							<String ID="string_200" HPOS="280" VPOS="1143" WIDTH="50" HEIGHT="28" WC="0.95" CONTENT="att"/><SP WIDTH="22" VPOS="1143" HPOS="330"/>
							<String ID="string_201" HPOS="352" VPOS="1142" WIDTH="58" HEIGHT="30" WC="0.96" CONTENT="det"/><SP WIDTH="20" VPOS="1142" HPOS="410"/>
							<String ID="string_202" HPOS="430" VPOS="1144" WIDTH="97" HEIGHT="28" WC="0.96" CONTENT="varat"/><SP WIDTH="21" VPOS="1144" HPOS="527"/>
							<String ID="string_203" HPOS="548" VPOS="1145" WIDTH="9" HEIGHT="28" WC="0.95" CONTENT="i"/><SP WIDTH="23" VPOS="1145" HPOS="557"/>
							<String ID="string_204" HPOS="580" VPOS="1144" WIDTH="107" HEIGHT="29" WC="0.96" CONTENT="minst"/><SP WIDTH="21" VPOS="1144" HPOS="687"/>
							<String ID="string_205" HPOS="708" VPOS="1144" WIDTH="68" HEIGHT="29" WC="0.96" CONTENT="fem"/><SP WIDTH="22" VPOS="1144" HPOS="776"/>
							<String ID="string_206" HPOS="798" VPOS="1145" WIDTH="49" HEIGHT="30" WC="0.96" CONTENT="år."/><SP WIDTH="22" VPOS="1145" HPOS="847"/>
							<String ID="string_207" HPOS="869" VPOS="1145" WIDTH="71" HEIGHT="29" WC="0.96" CONTENT="Har"/><SP WIDTH="20" VPOS="1145" HPOS="940"/>
							<String ID="string_208" HPOS="960" VPOS="1146" WIDTH="170" HEIGHT="31" WC="0.96" CONTENT="makarna"/><SP WIDTH="20" VPOS="1146" HPOS="1130"/>
							<String ID="string_209" HPOS="1150" VPOS="1155" WIDTH="260" HEIGHT="29" WC="0.95" CONTENT="gemensamma"/><SP WIDTH="22" VPOS="1155" HPOS="1410"/>
							<String ID="string_210" HPOS="1432" VPOS="1148" WIDTH="97" HEIGHT="36" WC="0.96" CONTENT="barn,"/><SP WIDTH="22" VPOS="1148" HPOS="1529"/>
							<String ID="string_211" HPOS="1551" VPOS="1150" WIDTH="103" HEIGHT="36" WC="0.96" CONTENT="utgår"/><SP WIDTH="20" VPOS="1150" HPOS="1654"/>
							<String ID="string_212" HPOS="1674" VPOS="1150" WIDTH="87" HEIGHT="30" WC="0.96" CONTENT="dock"/>
						</TextLine>
						<TextLine ID="line_19" HPOS="279" VPOS="1195" WIDTH="1483" HEIGHT="48">
							<String ID="string_213" HPOS="279" VPOS="1195" WIDTH="238" HEIGHT="36" WC="0.88" CONTENT="änkepension"/><SP WIDTH="22" VPOS="1195" HPOS="517"/>
							<String ID="string_214" HPOS="539" VPOS="1198" WIDTH="135" HEIGHT="29" WC="0.96" CONTENT="oavsett"/><SP WIDTH="20" VPOS="1198" HPOS="674"/>
							<String ID="string_215" HPOS="694" VPOS="1206" WIDTH="55" HEIGHT="20" WC="0.96" CONTENT="om"/><SP WIDTH="23" VPOS="1206" HPOS="749"/>
							<String ID="string_216" HPOS="772" VPOS="1198" WIDTH="101" HEIGHT="30" WC="0.96" CONTENT="dessa"/><SP WIDTH="22" VPOS="1198" HPOS="873"/>
							<String ID="string_217" HPOS="895" VPOS="1198" WIDTH="293" HEIGHT="39" WC="0.96" CONTENT="förutsättningar"/><SP WIDTH="21" VPOS="1198" HPOS="1188"/>
							<String ID="string_218" HPOS="1209" VPOS="1200" WIDTH="185" HEIGHT="40" WC="0.96" CONTENT="föreligger"/><SP WIDTH="21" VPOS="1200" HPOS="1394"/>
							<String ID="string_219" HPOS="1415" VPOS="1202" WIDTH="83" HEIGHT="29" WC="0.95" CONTENT="eller"/><SP WIDTH="21" VPOS="1202" HPOS="1498"/>
							<String ID="string_220" HPOS="1519" VPOS="1203" WIDTH="43" HEIGHT="36" WC="0.96" CONTENT="ej."/><SP WIDTH="23" VPOS="1203" HPOS="1562"/>
							<String ID="string_221" HPOS="1585" VPOS="1203" WIDTH="177" HEIGHT="40" WC="0.91" CONTENT="Barnpen-"/>
						</TextLine>
						<TextLine ID="line_20" HPOS="279" VPOS="1248" WIDTH="1482" HEIGHT="44">
							<String ID="string_222" HPOS="279" VPOS="1248" WIDTH="76" HEIGHT="30" WC="0.93" CONTENT="sion"/><SP WIDTH="22" VPOS="1248" HPOS="355"/>
							<String ID="string_223" HPOS="377" VPOS="1249" WIDTH="101" HEIGHT="36" WC="0.0" CONTENT="utgår"/><SP WIDTH="20" VPOS="1249" HPOS="478"/>
							<String ID="string_224" HPOS="498" VPOS="1249" WIDTH="43" HEIGHT="29" WC="0.96" CONTENT="då"/><SP WIDTH="22" VPOS="1249" HPOS="541"/>
							<String ID="string_225" HPOS="563" VPOS="1249" WIDTH="67" HEIGHT="30" WC="0.96" CONTENT="den"/><SP WIDTH="20" VPOS="1249" HPOS="630"/>
							<String ID="string_226" HPOS="650" VPOS="1250" WIDTH="137" HEIGHT="29" WC="0.96" CONTENT="avlidne"/><SP WIDTH="20" VPOS="1250" HPOS="787"/>
							<String ID="string_227" HPOS="807" VPOS="1251" WIDTH="227" HEIGHT="30" WC="0.96" CONTENT="efterlämnar"/><SP WIDTH="19" VPOS="1251" HPOS="1034"/>
							<String ID="string_228" HPOS="1053" VPOS="1252" WIDTH="87" HEIGHT="30" WC="0.96" CONTENT="barn"/><SP WIDTH="21" VPOS="1252" HPOS="1140"/>
							<String ID="string_229" HPOS="1161" VPOS="1253" WIDTH="111" HEIGHT="30" WC="0.96" CONTENT="under"/><SP WIDTH="23" VPOS="1253" HPOS="1272"/>
							<String ID="string_230" HPOS="1295" VPOS="1254" WIDTH="39" HEIGHT="29" WC="0.95" CONTENT="19"/><SP WIDTH="22" VPOS="1254" HPOS="1334"/>
							<String ID="string_231" HPOS="1356" VPOS="1254" WIDTH="48" HEIGHT="30" WC="0.93" CONTENT="år."/><SP WIDTH="22" VPOS="1254" HPOS="1404"/>
							<String ID="string_232" HPOS="1426" VPOS="1254" WIDTH="335" HEIGHT="38" WC="0.92" CONTENT="Tilläggspensione-"/>
						</TextLine>
						<TextLine ID="line_21" HPOS="277" VPOS="1301" WIDTH="1483" HEIGHT="44">
							<String ID="string_233" HPOS="277" VPOS="1301" WIDTH="143" HEIGHT="36" WC="0.96" CONTENT="ringens"/><SP WIDTH="24" VPOS="1301" HPOS="420"/>
							<String ID="string_234" HPOS="444" VPOS="1301" WIDTH="284" HEIGHT="38" WC="0.96" CONTENT="familjepension"/><SP WIDTH="24" VPOS="1301" HPOS="728"/>
							<String ID="string_235" HPOS="752" VPOS="1304" WIDTH="196" HEIGHT="29" WC="0.96" CONTENT="motsvarar"/><SP WIDTH="23" VPOS="1304" HPOS="948"/>
							<String ID="string_236" HPOS="971" VPOS="1314" WIDTH="42" HEIGHT="20" WC="0.96" CONTENT="en"/><SP WIDTH="23" VPOS="1314" HPOS="1013"/>
							<String ID="string_237" HPOS="1036" VPOS="1305" WIDTH="70" HEIGHT="30" WC="0.96" CONTENT="viss"/><SP WIDTH="24" VPOS="1305" HPOS="1106"/>
							<String ID="string_238" HPOS="1130" VPOS="1306" WIDTH="52" HEIGHT="28" WC="0.96" CONTENT="del"/><SP WIDTH="25" VPOS="1306" HPOS="1182"/>
							<String ID="string_239" HPOS="1207" VPOS="1315" WIDTH="42" HEIGHT="20" WC="0.96" CONTENT="av"/><SP WIDTH="24" VPOS="1315" HPOS="1249"/>
							<String ID="string_240" HPOS="1273" VPOS="1307" WIDTH="66" HEIGHT="29" WC="0.93" CONTENT="den"/><SP WIDTH="25" VPOS="1307" HPOS="1339"/>
							<String ID="string_241" HPOS="1364" VPOS="1307" WIDTH="297" HEIGHT="38" WC="0.92" CONTENT="tilläggspension,"/><SP WIDTH="25" VPOS="1307" HPOS="1661"/>
							<String ID="string_242" HPOS="1686" VPOS="1318" WIDTH="74" HEIGHT="21" WC="0.96" CONTENT="som"/>
						</TextLine>
						<TextLine ID="line_22" HPOS="277" VPOS="1353" WIDTH="1483" HEIGHT="47">
							<String ID="string_243" HPOS="277" VPOS="1353" WIDTH="65" HEIGHT="30" WC="0.96" CONTENT="den"/><SP WIDTH="24" VPOS="1353" HPOS="342"/>
							<String ID="string_244" HPOS="366" VPOS="1353" WIDTH="137" HEIGHT="31" WC="0.96" CONTENT="avlidne"/><SP WIDTH="20" VPOS="1353" HPOS="503"/>
							<String ID="string_245" HPOS="523" VPOS="1355" WIDTH="136" HEIGHT="37" WC="0.91" CONTENT="uppbar"/><SP WIDTH="20" VPOS="1355" HPOS="659"/>
							<String ID="string_246" HPOS="679" VPOS="1356" WIDTH="82" HEIGHT="29" WC="0.96" CONTENT="eller"/><SP WIDTH="20" VPOS="1356" HPOS="761"/>
							<String ID="string_247" HPOS="781" VPOS="1356" WIDTH="113" HEIGHT="31" WC="0.96" CONTENT="skulle"/><SP WIDTH="20" VPOS="1356" HPOS="894"/>
							<String ID="string_248" HPOS="914" VPOS="1357" WIDTH="44" HEIGHT="30" WC="0.96" CONTENT="ha"/><SP WIDTH="20" VPOS="1357" HPOS="958"/>
							<String ID="string_249" HPOS="978" VPOS="1357" WIDTH="138" HEIGHT="31" WC="0.96" CONTENT="erhållit"/><SP WIDTH="20" VPOS="1357" HPOS="1116"/>
							<String ID="string_250" HPOS="1136" VPOS="1368" WIDTH="55" HEIGHT="20" WC="0.96" CONTENT="om"/><SP WIDTH="21" VPOS="1368" HPOS="1191"/>
							<String ID="string_251" HPOS="1212" VPOS="1360" WIDTH="69" HEIGHT="29" WC="0.96" CONTENT="han"/><SP WIDTH="22" VPOS="1360" HPOS="1281"/>
							<String ID="string_252" HPOS="1303" VPOS="1359" WIDTH="99" HEIGHT="31" WC="0.96" CONTENT="blivit"/><SP WIDTH="20" VPOS="1359" HPOS="1402"/>
							<String ID="string_253" HPOS="1422" VPOS="1361" WIDTH="142" HEIGHT="34" WC="0.96" CONTENT="invalid,"/><SP WIDTH="20" VPOS="1361" HPOS="1564"/>
							<String ID="string_254" HPOS="1584" VPOS="1362" WIDTH="176" HEIGHT="38" WC="0.96" CONTENT="nämligen"/>
						</TextLine>
						<TextLine ID="line_23" HPOS="278" VPOS="1406" WIDTH="1482" HEIGHT="43">
							<String ID="string_255" HPOS="278" VPOS="1406" WIDTH="55" HEIGHT="29" WC="0.96" CONTENT="för"/><SP WIDTH="17" VPOS="1406" HPOS="333"/>
							<String ID="string_256" HPOS="350" VPOS="1415" WIDTH="43" HEIGHT="21" WC="0.96" CONTENT="en"/><SP WIDTH="18" VPOS="1415" HPOS="393"/>
							<String ID="string_257" HPOS="411" VPOS="1406" WIDTH="234" HEIGHT="31" WC="0.95" CONTENT="efterlevande"/><SP WIDTH="23" VPOS="1406" HPOS="645"/>
							<String ID="string_258" HPOS="668" VPOS="1409" WIDTH="107" HEIGHT="32" WC="0.96" CONTENT="(änka"/><SP WIDTH="17" VPOS="1409" HPOS="775"/>
							<String ID="string_259" HPOS="792" VPOS="1409" WIDTH="84" HEIGHT="30" WC="0.96" CONTENT="eller"/><SP WIDTH="17" VPOS="1409" HPOS="876"/>
							<String ID="string_260" HPOS="893" VPOS="1409" WIDTH="102" HEIGHT="35" WC="0.96" CONTENT="barn)"/><SP WIDTH="23" VPOS="1409" HPOS="995"/>
							<String ID="string_261" HPOS="1018" VPOS="1411" WIDTH="40" HEIGHT="29" WC="0.96" CONTENT="40"/><SP WIDTH="19" VPOS="1411" HPOS="1058"/>
							<String ID="string_262" HPOS="1077" VPOS="1414" WIDTH="152" HEIGHT="34" WC="0.96" CONTENT="procent,"/><SP WIDTH="19" VPOS="1414" HPOS="1229"/>
							<String ID="string_263" HPOS="1248" VPOS="1412" WIDTH="55" HEIGHT="30" WC="0.96" CONTENT="för"/><SP WIDTH="17" VPOS="1412" HPOS="1303"/>
							<String ID="string_264" HPOS="1320" VPOS="1413" WIDTH="57" HEIGHT="30" WC="0.96" CONTENT="två"/><SP WIDTH="18" VPOS="1413" HPOS="1377"/>
							<String ID="string_265" HPOS="1395" VPOS="1413" WIDTH="234" HEIGHT="31" WC="0.96" CONTENT="efterlevande"/><SP WIDTH="23" VPOS="1413" HPOS="1629"/>
							<String ID="string_266" HPOS="1652" VPOS="1415" WIDTH="108" HEIGHT="34" WC="0.96" CONTENT="(änka"/>
						</TextLine>
						<TextLine ID="line_24" HPOS="278" VPOS="1459" WIDTH="1482" HEIGHT="40">
							<String ID="string_267" HPOS="278" VPOS="1459" WIDTH="64" HEIGHT="29" WC="0.96" CONTENT="och"/><SP WIDTH="24" VPOS="1459" HPOS="342"/>
							<String ID="string_268" HPOS="366" VPOS="1461" WIDTH="49" HEIGHT="28" WC="0.96" CONTENT="ett"/><SP WIDTH="21" VPOS="1461" HPOS="415"/>
							<String ID="string_269" HPOS="436" VPOS="1460" WIDTH="84" HEIGHT="29" WC="0.96" CONTENT="barn"/><SP WIDTH="25" VPOS="1460" HPOS="520"/>
							<String ID="string_270" HPOS="545" VPOS="1461" WIDTH="83" HEIGHT="29" WC="0.96" CONTENT="eller"/><SP WIDTH="22" VPOS="1461" HPOS="628"/>
							<String ID="string_271" HPOS="650" VPOS="1462" WIDTH="56" HEIGHT="29" WC="0.96" CONTENT="två"/><SP WIDTH="23" VPOS="1462" HPOS="706"/>
							<String ID="string_272" HPOS="729" VPOS="1461" WIDTH="102" HEIGHT="35" WC="0.96" CONTENT="barn)"/><SP WIDTH="30" VPOS="1461" HPOS="831"/>
							<String ID="string_273" HPOS="861" VPOS="1462" WIDTH="40" HEIGHT="30" WC="0.96" CONTENT="50"/><SP WIDTH="24" VPOS="1462" HPOS="901"/>
							<String ID="string_274" HPOS="925" VPOS="1465" WIDTH="142" HEIGHT="34" WC="0.93" CONTENT="procent"/><SP WIDTH="22" VPOS="1465" HPOS="1067"/>
							<String ID="string_275" HPOS="1089" VPOS="1474" WIDTH="29" HEIGHT="20" WC="0.74" CONTENT="o."/><SP WIDTH="17" VPOS="1474" HPOS="1118"/>
							<String ID="string_276" HPOS="1135" VPOS="1474" WIDTH="24" HEIGHT="20" WC="0.74" CONTENT="s."/><SP WIDTH="15" VPOS="1474" HPOS="1159"/>
							<String ID="string_277" HPOS="1174" VPOS="1474" WIDTH="29" HEIGHT="20" WC="0.86" CONTENT="v."/><SP WIDTH="24" VPOS="1474" HPOS="1203"/>
							<String ID="string_278" HPOS="1227" VPOS="1465" WIDTH="67" HEIGHT="30" WC="0.96" CONTENT="För"/><SP WIDTH="23" VPOS="1465" HPOS="1294"/>
							<String ID="string_279" HPOS="1317" VPOS="1465" WIDTH="70" HEIGHT="31" WC="0.96" CONTENT="fem"/><SP WIDTH="22" VPOS="1465" HPOS="1387"/>
							<String ID="string_280" HPOS="1409" VPOS="1467" WIDTH="83" HEIGHT="29" WC="0.95" CONTENT="eller"/><SP WIDTH="23" VPOS="1467" HPOS="1492"/>
							<String ID="string_281" HPOS="1515" VPOS="1467" WIDTH="86" HEIGHT="30" WC="0.93" CONTENT="flera"/><SP WIDTH="24" VPOS="1467" HPOS="1601"/>
							<String ID="string_282" HPOS="1625" VPOS="1468" WIDTH="135" HEIGHT="30" WC="0.92" CONTENT="efterle-"/>
						</TextLine>
						<TextLine ID="line_25" HPOS="278" VPOS="1512" WIDTH="1050" HEIGHT="45">
							<String ID="string_283" HPOS="278" VPOS="1512" WIDTH="113" HEIGHT="30" WC="0.96" CONTENT="vande"/><SP WIDTH="13" VPOS="1512" HPOS="391"/>
							<String ID="string_284" HPOS="404" VPOS="1513" WIDTH="100" HEIGHT="36" WC="0.96" CONTENT="utgår"/><SP WIDTH="13" VPOS="1513" HPOS="504"/>
							<String ID="string_285" HPOS="517" VPOS="1513" WIDTH="40" HEIGHT="30" WC="0.96" CONTENT="80"/><SP WIDTH="15" VPOS="1513" HPOS="557"/>
							<String ID="string_286" HPOS="572" VPOS="1516" WIDTH="144" HEIGHT="34" WC="0.96" CONTENT="procent"/><SP WIDTH="13" VPOS="1516" HPOS="716"/>
							<String ID="string_287" HPOS="729" VPOS="1523" WIDTH="41" HEIGHT="21" WC="0.96" CONTENT="av"/><SP WIDTH="13" VPOS="1523" HPOS="770"/>
							<String ID="string_288" HPOS="783" VPOS="1515" WIDTH="65" HEIGHT="30" WC="0.96" CONTENT="den"/><SP WIDTH="15" VPOS="1515" HPOS="848"/>
							<String ID="string_289" HPOS="863" VPOS="1516" WIDTH="155" HEIGHT="30" WC="0.93" CONTENT="avlidnes"/><SP WIDTH="14" VPOS="1516" HPOS="1018"/>
							<String ID="string_290" HPOS="1032" VPOS="1517" WIDTH="296" HEIGHT="40" WC="0.91" CONTENT="tilläggspension."/>
						</TextLine>
					</TextBlock>
					<TextBlock ID="block_4" HPOS="275" VPOS="1565" WIDTH="1485" HEIGHT="361">
						<TextLine ID="line_26" HPOS="322" VPOS="1565" WIDTH="1437" HEIGHT="46">
							<String ID="string_291" HPOS="322" VPOS="1565" WIDTH="11" HEIGHT="28" WC="0.96" CONTENT="I"/><SP WIDTH="31" VPOS="1565" HPOS="333"/>
							<String ID="string_292" HPOS="364" VPOS="1565" WIDTH="110" HEIGHT="30" WC="0.96" CONTENT="likhet"/><SP WIDTH="28" VPOS="1565" HPOS="474"/>
							<String ID="string_293" HPOS="502" VPOS="1567" WIDTH="78" HEIGHT="29" WC="0.93" CONTENT="med"/><SP WIDTH="29" VPOS="1567" HPOS="580"/>
							<String ID="string_294" HPOS="609" VPOS="1566" WIDTH="366" HEIGHT="40" WC="0.91" CONTENT="folkpensioneringen"/><SP WIDTH="29" VPOS="1566" HPOS="975"/>
							<String ID="string_295" HPOS="1004" VPOS="1569" WIDTH="210" HEIGHT="32" WC="0.93" CONTENT="finansieras"/><SP WIDTH="29" VPOS="1569" HPOS="1214"/>
							<String ID="string_296" HPOS="1243" VPOS="1571" WIDTH="432" HEIGHT="40" WC="0.91" CONTENT="tilläggspensioneringen"/><SP WIDTH="28" VPOS="1571" HPOS="1675"/>
							<String ID="string_297" HPOS="1703" VPOS="1583" WIDTH="56" HEIGHT="21" WC="0.91" CONTENT="en-"/>
						</TextLine>
						<TextLine ID="line_27" HPOS="277" VPOS="1617" WIDTH="1482" HEIGHT="44">
							<String ID="string_298" HPOS="277" VPOS="1617" WIDTH="62" HEIGHT="37" WC="0.96" CONTENT="ligt"/><SP WIDTH="23" VPOS="1617" HPOS="339"/>
							<String ID="string_299" HPOS="362" VPOS="1619" WIDTH="48" HEIGHT="30" WC="0.91" CONTENT="ett"/><SP WIDTH="22" VPOS="1619" HPOS="410"/>
							<String ID="string_300" HPOS="432" VPOS="1617" WIDTH="359" HEIGHT="40" WC="0.91" CONTENT="fördelningssystem,"/><SP WIDTH="24" VPOS="1617" HPOS="791"/>
							<String ID="string_301" HPOS="815" VPOS="1622" WIDTH="89" HEIGHT="29" WC="0.85" CONTENT="dock"/><SP WIDTH="22" VPOS="1622" HPOS="904"/>
							<String ID="string_302" HPOS="926" VPOS="1623" WIDTH="122" HEIGHT="30" WC="0.96" CONTENT="endast"/><SP WIDTH="22" VPOS="1623" HPOS="1048"/>
							<String ID="string_303" HPOS="1070" VPOS="1624" WIDTH="77" HEIGHT="29" WC="0.95" CONTENT="med"/><SP WIDTH="24" VPOS="1624" HPOS="1147"/>
							<String ID="string_304" HPOS="1171" VPOS="1624" WIDTH="148" HEIGHT="37" WC="0.96" CONTENT="avgifter"/><SP WIDTH="22" VPOS="1624" HPOS="1319"/>
							<String ID="string_305" HPOS="1341" VPOS="1625" WIDTH="65" HEIGHT="29" WC="0.96" CONTENT="och"/><SP WIDTH="23" VPOS="1625" HPOS="1406"/>
							<String ID="string_306" HPOS="1429" VPOS="1625" WIDTH="132" HEIGHT="31" WC="0.96" CONTENT="således"/><SP WIDTH="23" VPOS="1625" HPOS="1561"/>
							<String ID="string_307" HPOS="1584" VPOS="1629" WIDTH="86" HEIGHT="28" WC="0.92" CONTENT="utan"/><SP WIDTH="22" VPOS="1629" HPOS="1670"/>
							<String ID="string_308" HPOS="1692" VPOS="1627" WIDTH="67" HEIGHT="30" WC="0.91" CONTENT="till-"/>
						</TextLine>
						<TextLine ID="line_28" HPOS="276" VPOS="1670" WIDTH="1484" HEIGHT="46">
							<String ID="string_309" HPOS="276" VPOS="1670" WIDTH="96" HEIGHT="30" WC="0.96" CONTENT="skott"/><SP WIDTH="20" VPOS="1670" HPOS="372"/>
							<String ID="string_310" HPOS="392" VPOS="1680" WIDTH="43" HEIGHT="21" WC="0.96" CONTENT="av"/><SP WIDTH="19" VPOS="1680" HPOS="435"/>
							<String ID="string_311" HPOS="454" VPOS="1671" WIDTH="243" HEIGHT="36" WC="0.96" CONTENT="skattemedel;"/><SP WIDTH="22" VPOS="1671" HPOS="697"/>
							<String ID="string_312" HPOS="719" VPOS="1674" WIDTH="93" HEIGHT="30" WC="0.92" CONTENT="inom"/><SP WIDTH="22" VPOS="1674" HPOS="812"/>
							<String ID="string_313" HPOS="834" VPOS="1674" WIDTH="429" HEIGHT="40" WC="0.91" CONTENT="tilläggspensioneringen"/><SP WIDTH="21" VPOS="1674" HPOS="1263"/>
							<String ID="string_314" HPOS="1284" VPOS="1678" WIDTH="200" HEIGHT="38" WC="0.92" CONTENT="uppbygges"/><SP WIDTH="20" VPOS="1678" HPOS="1484"/>
							<String ID="string_315" HPOS="1504" VPOS="1680" WIDTH="119" HEIGHT="29" WC="0.95" CONTENT="vidare"/><SP WIDTH="20" VPOS="1680" HPOS="1623"/>
							<String ID="string_316" HPOS="1643" VPOS="1689" WIDTH="42" HEIGHT="21" WC="0.93" CONTENT="en"/><SP WIDTH="20" VPOS="1689" HPOS="1685"/>
							<String ID="string_317" HPOS="1705" VPOS="1680" WIDTH="55" HEIGHT="30" WC="0.92" CONTENT="be-"/>
						</TextLine>
						<TextLine ID="line_29" HPOS="276" VPOS="1723" WIDTH="1482" HEIGHT="48">
							<String ID="string_318" HPOS="276" VPOS="1723" WIDTH="154" HEIGHT="36" WC="0.90" CONTENT="tydande"/><SP WIDTH="16" VPOS="1723" HPOS="430"/>
							<String ID="string_319" HPOS="446" VPOS="1724" WIDTH="95" HEIGHT="35" WC="0.96" CONTENT="fond,"/><SP WIDTH="18" VPOS="1724" HPOS="541"/>
							<String ID="string_320" HPOS="559" VPOS="1725" WIDTH="178" HEIGHT="31" WC="0.93" CONTENT="allmänna"/><SP WIDTH="17" VPOS="1725" HPOS="737"/>
							<String ID="string_321" HPOS="754" VPOS="1727" WIDTH="308" HEIGHT="36" WC="0.72" CONTENT="pensionsfonden."/><SP WIDTH="19" VPOS="1727" HPOS="1062"/>
							<String ID="string_322" HPOS="1081" VPOS="1729" WIDTH="47" HEIGHT="30" WC="0.96" CONTENT="På"/><SP WIDTH="15" VPOS="1729" HPOS="1128"/>
							<String ID="string_323" HPOS="1143" VPOS="1729" WIDTH="156" HEIGHT="31" WC="0.96" CONTENT="inkomst"/><SP WIDTH="17" VPOS="1729" HPOS="1299"/>
							<String ID="string_324" HPOS="1316" VPOS="1739" WIDTH="42" HEIGHT="21" WC="0.96" CONTENT="av"/><SP WIDTH="17" VPOS="1739" HPOS="1358"/>
							<String ID="string_325" HPOS="1375" VPOS="1732" WIDTH="214" HEIGHT="38" WC="0.95" CONTENT="anställning"/><SP WIDTH="16" VPOS="1732" HPOS="1589"/>
							<String ID="string_326" HPOS="1605" VPOS="1734" WIDTH="153" HEIGHT="37" WC="0.96" CONTENT="erlägges"/>
						</TextLine>
						<TextLine ID="line_30" HPOS="277" VPOS="1776" WIDTH="1480" HEIGHT="48">
							<String ID="string_327" HPOS="277" VPOS="1776" WIDTH="169" HEIGHT="30" WC="0.93" CONTENT="kollektiv"/><SP WIDTH="27" VPOS="1776" HPOS="446"/>
							<String ID="string_328" HPOS="473" VPOS="1777" WIDTH="334" HEIGHT="39" WC="0.92" CONTENT="arbetsgivaravgift."/><SP WIDTH="30" VPOS="1777" HPOS="807"/>
							<String ID="string_329" HPOS="837" VPOS="1780" WIDTH="47" HEIGHT="30" WC="0.96" CONTENT="På"/><SP WIDTH="28" VPOS="1780" HPOS="884"/>
							<String ID="string_330" HPOS="912" VPOS="1781" WIDTH="154" HEIGHT="31" WC="0.96" CONTENT="inkomst"/><SP WIDTH="28" VPOS="1781" HPOS="1066"/>
							<String ID="string_331" HPOS="1094" VPOS="1791" WIDTH="42" HEIGHT="20" WC="0.96" CONTENT="av"/><SP WIDTH="26" VPOS="1791" HPOS="1136"/>
							<String ID="string_332" HPOS="1162" VPOS="1785" WIDTH="108" HEIGHT="27" WC="0.96" CONTENT="annat"/><SP WIDTH="28" VPOS="1785" HPOS="1270"/>
							<String ID="string_333" HPOS="1298" VPOS="1783" WIDTH="279" HEIGHT="32" WC="0.96" CONTENT="förvärvsarbete"/><SP WIDTH="26" VPOS="1783" HPOS="1577"/>
							<String ID="string_334" HPOS="1603" VPOS="1786" WIDTH="154" HEIGHT="38" WC="0.95" CONTENT="erlägges"/>
						</TextLine>
						<TextLine ID="line_31" HPOS="275" VPOS="1829" WIDTH="1483" HEIGHT="46">
							<String ID="string_335" HPOS="275" VPOS="1829" WIDTH="208" HEIGHT="37" WC="0.91" CONTENT="egenavgift,"/><SP WIDTH="27" VPOS="1829" HPOS="483"/>
							<String ID="string_336" HPOS="510" VPOS="1831" WIDTH="118" HEIGHT="31" WC="0.96" CONTENT="vilken"/><SP WIDTH="27" VPOS="1831" HPOS="628"/>
							<String ID="string_337" HPOS="655" VPOS="1831" WIDTH="189" HEIGHT="31" WC="0.93" CONTENT="benämnes"/><SP WIDTH="27" VPOS="1831" HPOS="844"/>
							<String ID="string_338" HPOS="871" VPOS="1833" WIDTH="426" HEIGHT="40" WC="0.89" CONTENT="tilläggspensionsavgift."/><SP WIDTH="31" VPOS="1833" HPOS="1297"/>
							<String ID="string_339" HPOS="1328" VPOS="1836" WIDTH="140" HEIGHT="31" WC="0.93" CONTENT="Samma"/><SP WIDTH="27" VPOS="1836" HPOS="1468"/>
							<String ID="string_340" HPOS="1495" VPOS="1840" WIDTH="263" HEIGHT="35" WC="0.92" CONTENT="uttagsprocent"/>
						</TextLine>
						<TextLine ID="line_32" HPOS="275" VPOS="1882" WIDTH="1105" HEIGHT="44">
							<String ID="string_341" HPOS="275" VPOS="1882" WIDTH="179" HEIGHT="37" WC="0.96" CONTENT="tillämpas"/><SP WIDTH="14" VPOS="1882" HPOS="454"/>
							<String ID="string_342" HPOS="468" VPOS="1883" WIDTH="55" HEIGHT="29" WC="0.92" CONTENT="för"/><SP WIDTH="12" VPOS="1883" HPOS="523"/>
							<String ID="string_343" HPOS="535" VPOS="1883" WIDTH="327" HEIGHT="39" WC="0.91" CONTENT="arbetsgivaravgift"/><SP WIDTH="13" VPOS="1883" HPOS="862"/>
							<String ID="string_344" HPOS="875" VPOS="1886" WIDTH="65" HEIGHT="30" WC="0.93" CONTENT="och"/><SP WIDTH="13" VPOS="1886" HPOS="940"/>
							<String ID="string_345" HPOS="953" VPOS="1886" WIDTH="427" HEIGHT="40" WC="0.90" CONTENT="tilläggspensionsavgift."/>
						</TextLine>
					</TextBlock>
					<TextBlock ID="block_5" HPOS="274" VPOS="1935" WIDTH="1483" HEIGHT="83">
						<TextLine ID="line_33" HPOS="320" VPOS="1935" WIDTH="1437" HEIGHT="46">
							<String ID="string_346" HPOS="320" VPOS="1935" WIDTH="82" HEIGHT="30" WC="0.95" CONTENT="Rätt"/><SP WIDTH="19" VPOS="1935" HPOS="402"/>
							<String ID="string_347" HPOS="421" VPOS="1935" WIDTH="52" HEIGHT="29" WC="0.92" CONTENT="till"/><SP WIDTH="20" VPOS="1935" HPOS="473"/>
							<String ID="string_348" HPOS="493" VPOS="1936" WIDTH="286" HEIGHT="39" WC="0.91" CONTENT="tilläggspension"/><SP WIDTH="20" VPOS="1936" HPOS="779"/>
							<String ID="string_349" HPOS="799" VPOS="1938" WIDTH="65" HEIGHT="29" WC="0.96" CONTENT="har"/><SP WIDTH="18" VPOS="1938" HPOS="864"/>
							<String ID="string_350" HPOS="882" VPOS="1938" WIDTH="117" HEIGHT="38" WC="0.93" CONTENT="börjat"/><SP WIDTH="19" VPOS="1938" HPOS="999"/>
							<String ID="string_351" HPOS="1018" VPOS="1940" WIDTH="155" HEIGHT="36" WC="0.92" CONTENT="intjänas"/><SP WIDTH="20" VPOS="1940" HPOS="1173"/>
							<String ID="string_352" HPOS="1193" VPOS="1942" WIDTH="63" HEIGHT="28" WC="0.96" CONTENT="och"/><SP WIDTH="22" VPOS="1942" HPOS="1256"/>
							<String ID="string_353" HPOS="1278" VPOS="1941" WIDTH="148" HEIGHT="38" WC="0.93" CONTENT="avgifter"/><SP WIDTH="19" VPOS="1941" HPOS="1426"/>
							<String ID="string_354" HPOS="1445" VPOS="1943" WIDTH="127" HEIGHT="38" WC="0.90" CONTENT="erlagts"/><SP WIDTH="22" VPOS="1943" HPOS="1572"/>
							<String ID="string_355" HPOS="1594" VPOS="1944" WIDTH="79" HEIGHT="31" WC="0.96" CONTENT="från"/><SP WIDTH="20" VPOS="1944" HPOS="1673"/>
							<String ID="string_356" HPOS="1693" VPOS="1946" WIDTH="64" HEIGHT="29" WC="0.96" CONTENT="och"/>
						</TextLine>
						<TextLine ID="line_34" HPOS="274" VPOS="1987" WIDTH="241" HEIGHT="31">
							<String ID="string_357" HPOS="274" VPOS="1987" WIDTH="79" HEIGHT="30" WC="0.96" CONTENT="med"/><SP WIDTH="15" VPOS="1987" HPOS="353"/>
							<String ID="string_358" HPOS="368" VPOS="1987" WIDTH="39" HEIGHT="30" WC="0.96" CONTENT="år"/><SP WIDTH="15" VPOS="1987" HPOS="407"/>
							<String ID="string_359" HPOS="422" VPOS="1988" WIDTH="93" HEIGHT="30" WC="0.96" CONTENT="1960."/>
						</TextLine>
					</TextBlock>
					<TextBlock ID="block_6" HPOS="275" VPOS="2040" WIDTH="1482" HEIGHT="96">
						<TextLine ID="line_35" HPOS="318" VPOS="2040" WIDTH="1439" HEIGHT="44">
							<String ID="string_360" HPOS="318" VPOS="2040" WIDTH="258" HEIGHT="39" WC="0.95" CONTENT="Försäkringen"/><SP WIDTH="20" VPOS="2040" HPOS="576"/>
							<String ID="string_361" HPOS="596" VPOS="2043" WIDTH="39" HEIGHT="29" WC="0.96" CONTENT="är"/><SP WIDTH="19" VPOS="2043" HPOS="635"/>
							<String ID="string_362" HPOS="654" VPOS="2044" WIDTH="10" HEIGHT="28" WC="0.96" CONTENT="i"/><SP WIDTH="19" VPOS="2044" HPOS="664"/>
							<String ID="string_363" HPOS="683" VPOS="2043" WIDTH="136" HEIGHT="40" WC="0.95" CONTENT="princip"/><SP WIDTH="19" VPOS="2043" HPOS="819"/>
							<String ID="string_364" HPOS="838" VPOS="2044" WIDTH="237" HEIGHT="37" WC="0.96" CONTENT="obligatorisk,"/><SP WIDTH="21" VPOS="2044" HPOS="1075"/>
							<String ID="string_365" HPOS="1096" VPOS="2056" WIDTH="78" HEIGHT="21" WC="0.96" CONTENT="men"/><SP WIDTH="20" VPOS="2056" HPOS="1174"/>
							<String ID="string_366" HPOS="1194" VPOS="2047" WIDTH="222" HEIGHT="37" WC="0.95" CONTENT="möjligheter"/><SP WIDTH="20" VPOS="2047" HPOS="1416"/>
							<String ID="string_367" HPOS="1436" VPOS="2048" WIDTH="96" HEIGHT="31" WC="0.95" CONTENT="finns"/><SP WIDTH="18" VPOS="2048" HPOS="1532"/>
							<String ID="string_368" HPOS="1550" VPOS="2050" WIDTH="51" HEIGHT="29" WC="0.93" CONTENT="till"/><SP WIDTH="22" VPOS="2050" HPOS="1601"/>
							<String ID="string_369" HPOS="1623" VPOS="2052" WIDTH="134" HEIGHT="29" WC="0.91" CONTENT="undan-"/>
						</TextLine>
						<TextLine ID="line_36" HPOS="275" VPOS="2093" WIDTH="965" HEIGHT="43">
							<String ID="string_370" HPOS="275" VPOS="2093" WIDTH="150" HEIGHT="37" WC="0.96" CONTENT="tagande"/><SP WIDTH="13" VPOS="2093" HPOS="425"/>
							<String ID="string_371" HPOS="438" VPOS="2093" WIDTH="78" HEIGHT="32" WC="0.95" CONTENT="från"/><SP WIDTH="14" VPOS="2093" HPOS="516"/>
							<String ID="string_372" HPOS="530" VPOS="2095" WIDTH="66" HEIGHT="30" WC="0.96" CONTENT="den"/><SP WIDTH="14" VPOS="2095" HPOS="596"/>
							<String ID="string_373" HPOS="610" VPOS="2096" WIDTH="177" HEIGHT="30" WC="0.93" CONTENT="allmänna"/><SP WIDTH="14" VPOS="2096" HPOS="787"/>
							<String ID="string_374" HPOS="801" VPOS="2097" WIDTH="439" HEIGHT="39" WC="0.92" CONTENT="tilläggspensioneringen."/>
						</TextLine>
					</TextBlock>
					<TextBlock ID="block_7" HPOS="270" VPOS="2151" WIDTH="1487" HEIGHT="309">
						<TextLine ID="line_37" HPOS="317" VPOS="2151" WIDTH="1438" HEIGHT="47">
							<String ID="string_375" HPOS="317" VPOS="2151" WIDTH="272" HEIGHT="38" WC="0.96" CONTENT="Förvaltningen"/><SP WIDTH="19" VPOS="2151" HPOS="589"/>
							<String ID="string_376" HPOS="608" VPOS="2162" WIDTH="41" HEIGHT="20" WC="0.96" CONTENT="av"/><SP WIDTH="18" VPOS="2162" HPOS="649"/>
							<String ID="string_377" HPOS="667" VPOS="2153" WIDTH="178" HEIGHT="31" WC="0.91" CONTENT="allmänna"/><SP WIDTH="18" VPOS="2153" HPOS="845"/>
							<String ID="string_378" HPOS="863" VPOS="2155" WIDTH="296" HEIGHT="36" WC="0.91" CONTENT="pensionsfonden"/><SP WIDTH="19" VPOS="2155" HPOS="1159"/>
							<String ID="string_379" HPOS="1178" VPOS="2157" WIDTH="38" HEIGHT="29" WC="0.93" CONTENT="är"/><SP WIDTH="18" VPOS="2157" HPOS="1216"/>
							<String ID="string_380" HPOS="1234" VPOS="2157" WIDTH="206" HEIGHT="31" WC="0.91" CONTENT="anförtrodd"/><SP WIDTH="19" VPOS="2157" HPOS="1440"/>
							<String ID="string_381" HPOS="1459" VPOS="2159" WIDTH="35" HEIGHT="30" WC="0.96" CONTENT="åt"/><SP WIDTH="17" VPOS="2159" HPOS="1494"/>
							<String ID="string_382" HPOS="1511" VPOS="2161" WIDTH="53" HEIGHT="29" WC="0.96" CONTENT="tre"/><SP WIDTH="18" VPOS="2161" HPOS="1564"/>
							<String ID="string_383" HPOS="1582" VPOS="2160" WIDTH="173" HEIGHT="38" WC="0.96" CONTENT="styrelser."/>
						</TextLine>
						<TextLine ID="line_38" HPOS="274" VPOS="2203" WIDTH="1482" HEIGHT="47">
							<String ID="string_384" HPOS="274" VPOS="2203" WIDTH="124" HEIGHT="31" WC="0.93" CONTENT="Första"/><SP WIDTH="25" VPOS="2203" HPOS="398"/>
							<String ID="string_385" HPOS="423" VPOS="2204" WIDTH="258" HEIGHT="38" WC="0.91" CONTENT="fondstyrelsen"/><SP WIDTH="25" VPOS="2204" HPOS="681"/>
							<String ID="string_386" HPOS="706" VPOS="2206" WIDTH="169" HEIGHT="31" WC="0.96" CONTENT="förvaltar"/><SP WIDTH="24" VPOS="2206" HPOS="875"/>
							<String ID="string_387" HPOS="899" VPOS="2208" WIDTH="42" HEIGHT="29" WC="0.93" CONTENT="de"/><SP WIDTH="24" VPOS="2208" HPOS="941"/>
							<String ID="string_388" HPOS="965" VPOS="2208" WIDTH="364" HEIGHT="39" WC="0.91" CONTENT="arbetsgivaravgifter"/><SP WIDTH="25" VPOS="2208" HPOS="1329"/>
							<String ID="string_389" HPOS="1354" VPOS="2220" WIDTH="74" HEIGHT="21" WC="0.96" CONTENT="som"/><SP WIDTH="25" VPOS="2220" HPOS="1428"/>
							<String ID="string_390" HPOS="1453" VPOS="2212" WIDTH="154" HEIGHT="38" WC="0.96" CONTENT="erlägges"/><SP WIDTH="26" VPOS="2212" HPOS="1607"/>
							<String ID="string_391" HPOS="1633" VPOS="2222" WIDTH="42" HEIGHT="21" WC="0.96" CONTENT="av"/><SP WIDTH="24" VPOS="2222" HPOS="1675"/>
							<String ID="string_392" HPOS="1699" VPOS="2213" WIDTH="57" HEIGHT="30" WC="0.96" CONTENT="det"/>
						</TextLine>
						<TextLine ID="line_39" HPOS="273" VPOS="2256" WIDTH="1483" HEIGHT="43">
							<String ID="string_393" HPOS="273" VPOS="2256" WIDTH="190" HEIGHT="35" WC="0.96" CONTENT="allmänna,"/><SP WIDTH="23" VPOS="2256" HPOS="463"/>
							<String ID="string_394" HPOS="486" VPOS="2258" WIDTH="110" HEIGHT="30" WC="0.93" CONTENT="andra"/><SP WIDTH="23" VPOS="2258" HPOS="596"/>
							<String ID="string_395" HPOS="619" VPOS="2258" WIDTH="258" HEIGHT="38" WC="0.92" CONTENT="fondstyrelsen"/><SP WIDTH="23" VPOS="2258" HPOS="877"/>
							<String ID="string_396" HPOS="900" VPOS="2261" WIDTH="363" HEIGHT="38" WC="0.91" CONTENT="arbetsgivaravgifter"/><SP WIDTH="22" VPOS="2261" HPOS="1263"/>
							<String ID="string_397" HPOS="1285" VPOS="2263" WIDTH="79" HEIGHT="31" WC="0.96" CONTENT="från"/><SP WIDTH="24" VPOS="2263" HPOS="1364"/>
							<String ID="string_398" HPOS="1388" VPOS="2265" WIDTH="159" HEIGHT="31" WC="0.96" CONTENT="enskilda"/><SP WIDTH="23" VPOS="2265" HPOS="1547"/>
							<String ID="string_399" HPOS="1570" VPOS="2267" WIDTH="112" HEIGHT="30" WC="0.93" CONTENT="större"/><SP WIDTH="22" VPOS="2267" HPOS="1682"/>
							<String ID="string_400" HPOS="1704" VPOS="2276" WIDTH="52" HEIGHT="21" WC="0.92" CONTENT="ar-"/>
						</TextLine>
						<TextLine ID="line_40" HPOS="270" VPOS="2308" WIDTH="1487" HEIGHT="50">
							<String ID="string_401" HPOS="270" VPOS="2308" WIDTH="195" HEIGHT="37" WC="0.91" CONTENT="betsgivare"/><SP WIDTH="18" VPOS="2308" HPOS="465"/>
							<String ID="string_402" HPOS="483" VPOS="2312" WIDTH="90" HEIGHT="28" WC="0.96" CONTENT="samt"/><SP WIDTH="19" VPOS="2312" HPOS="573"/>
							<String ID="string_403" HPOS="592" VPOS="2311" WIDTH="112" HEIGHT="37" WC="0.92" CONTENT="tredje"/><SP WIDTH="20" VPOS="2311" HPOS="704"/>
							<String ID="string_404" HPOS="724" VPOS="2312" WIDTH="257" HEIGHT="38" WC="0.92" CONTENT="fondstyrelsen"/><SP WIDTH="19" VPOS="2312" HPOS="981"/>
							<String ID="string_405" HPOS="1000" VPOS="2315" WIDTH="118" HEIGHT="37" WC="0.96" CONTENT="övriga"/><SP WIDTH="20" VPOS="2315" HPOS="1118"/>
							<String ID="string_406" HPOS="1138" VPOS="2315" WIDTH="363" HEIGHT="40" WC="0.91" CONTENT="arbetsgivaravgifter"/><SP WIDTH="19" VPOS="2315" HPOS="1501"/>
							<String ID="string_407" HPOS="1520" VPOS="2319" WIDTH="65" HEIGHT="29" WC="0.93" CONTENT="och"/><SP WIDTH="19" VPOS="2319" HPOS="1585"/>
							<String ID="string_408" HPOS="1604" VPOS="2320" WIDTH="153" HEIGHT="38" WC="0.91" CONTENT="tilläggs-"/>
						</TextLine>
						<TextLine ID="line_41" HPOS="272" VPOS="2362" WIDTH="1483" HEIGHT="40">
							<String ID="string_409" HPOS="272" VPOS="2362" WIDTH="327" HEIGHT="38" WC="0.90" CONTENT="pensionsavgifter."/><SP WIDTH="20" VPOS="2362" HPOS="599"/>
							<String ID="string_410" HPOS="619" VPOS="2364" WIDTH="13" HEIGHT="29" WC="0.96" CONTENT="I"/><SP WIDTH="20" VPOS="2364" HPOS="632"/>
							<String ID="string_411" HPOS="652" VPOS="2365" WIDTH="209" HEIGHT="36" WC="0.96" CONTENT="styrelserna"/><SP WIDTH="19" VPOS="2365" HPOS="861"/>
							<String ID="string_412" HPOS="880" VPOS="2366" WIDTH="88" HEIGHT="30" WC="0.96" CONTENT="skall"/><SP WIDTH="21" VPOS="2366" HPOS="968"/>
							<String ID="string_413" HPOS="989" VPOS="2366" WIDTH="215" HEIGHT="32" WC="0.96" CONTENT="företrädare"/><SP WIDTH="17" VPOS="2366" HPOS="1204"/>
							<String ID="string_414" HPOS="1221" VPOS="2368" WIDTH="119" HEIGHT="31" WC="0.96" CONTENT="finnas"/><SP WIDTH="19" VPOS="2368" HPOS="1340"/>
							<String ID="string_415" HPOS="1359" VPOS="2368" WIDTH="56" HEIGHT="32" WC="0.96" CONTENT="för"/><SP WIDTH="17" VPOS="2368" HPOS="1415"/>
							<String ID="string_416" HPOS="1432" VPOS="2371" WIDTH="159" HEIGHT="29" WC="0.96" CONTENT="närmast"/><SP WIDTH="16" VPOS="2371" HPOS="1591"/>
							<String ID="string_417" HPOS="1607" VPOS="2371" WIDTH="148" HEIGHT="31" WC="0.96" CONTENT="berörda"/>
						</TextLine>
						<TextLine ID="line_42" HPOS="272" VPOS="2416" WIDTH="1323" HEIGHT="44">
							<String ID="string_418" HPOS="272" VPOS="2416" WIDTH="118" HEIGHT="35" WC="0.95" CONTENT="parter"/><SP WIDTH="18" VPOS="2416" HPOS="390"/>
							<String ID="string_419" HPOS="408" VPOS="2417" WIDTH="84" HEIGHT="28" WC="0.96" CONTENT="utan"/><SP WIDTH="20" VPOS="2417" HPOS="492"/>
							<String ID="string_420" HPOS="512" VPOS="2418" WIDTH="51" HEIGHT="29" WC="0.96" CONTENT="att"/><SP WIDTH="18" VPOS="2418" HPOS="563"/>
							<String ID="string_421" HPOS="581" VPOS="2416" WIDTH="114" HEIGHT="38" WC="0.96" CONTENT="någon"/><SP WIDTH="19" VPOS="2416" HPOS="695"/>
							<String ID="string_422" HPOS="714" VPOS="2419" WIDTH="96" HEIGHT="38" WC="0.95" CONTENT="parts"/><SP WIDTH="18" VPOS="2419" HPOS="810"/>
							<String ID="string_423" HPOS="828" VPOS="2421" WIDTH="281" HEIGHT="34" WC="0.96" CONTENT="representanter"/><SP WIDTH="17" VPOS="2421" HPOS="1109"/>
							<String ID="string_424" HPOS="1126" VPOS="2430" WIDTH="180" HEIGHT="21" WC="0.95" CONTENT="ensamma"/><SP WIDTH="18" VPOS="2430" HPOS="1306"/>
							<String ID="string_425" HPOS="1324" VPOS="2422" WIDTH="66" HEIGHT="30" WC="0.96" CONTENT="har"/><SP WIDTH="18" VPOS="2422" HPOS="1390"/>
							<String ID="string_426" HPOS="1408" VPOS="2423" WIDTH="187" HEIGHT="37" WC="0.95" CONTENT="majoritet."/>
						</TextLine>
					</TextBlock>
					<TextBlock ID="block_8" HPOS="317" VPOS="2468" WIDTH="1436" HEIGHT="44">
						<TextLine ID="line_43" HPOS="317" VPOS="2468" WIDTH="1436" HEIGHT="44">
							<String ID="string_427" HPOS="317" VPOS="2468" WIDTH="12" HEIGHT="28" WC="0.96" CONTENT="I"/><SP WIDTH="25" VPOS="2468" HPOS="329"/>
							<String ID="string_428" HPOS="354" VPOS="2468" WIDTH="66" HEIGHT="29" WC="0.93" CONTENT="den"/><SP WIDTH="21" VPOS="2468" HPOS="420"/>
							<String ID="string_429" HPOS="441" VPOS="2468" WIDTH="355" HEIGHT="38" WC="0.92" CONTENT="principproposition"/><SP WIDTH="27" VPOS="2468" HPOS="796"/>
							<String ID="string_430" HPOS="823" VPOS="2471" WIDTH="62" HEIGHT="32" WC="0.95" CONTENT="(nr"/><SP WIDTH="20" VPOS="2471" HPOS="885"/>
							<String ID="string_431" HPOS="905" VPOS="2472" WIDTH="60" HEIGHT="33" WC="0.96" CONTENT="55)"/><SP WIDTH="25" VPOS="2472" HPOS="965"/>
							<String ID="string_432" HPOS="990" VPOS="2472" WIDTH="51" HEIGHT="30" WC="0.96" CONTENT="till"/><SP WIDTH="26" VPOS="2472" HPOS="1041"/>
							<String ID="string_433" HPOS="1067" VPOS="2474" WIDTH="82" HEIGHT="29" WC="0.96" CONTENT="1958"/><SP WIDTH="22" VPOS="2474" HPOS="1149"/>
							<String ID="string_434" HPOS="1171" VPOS="2474" WIDTH="57" HEIGHT="30" WC="0.93" CONTENT="års"/><SP WIDTH="22" VPOS="2474" HPOS="1228"/>
							<String ID="string_435" HPOS="1250" VPOS="2475" WIDTH="190" HEIGHT="37" WC="0.91" CONTENT="A-riksdag"/><SP WIDTH="20" VPOS="2475" HPOS="1440"/>
							<String ID="string_436" HPOS="1460" VPOS="2485" WIDTH="73" HEIGHT="21" WC="0.96" CONTENT="som"/><SP WIDTH="25" VPOS="2485" HPOS="1533"/>
							<String ID="string_437" HPOS="1558" VPOS="2477" WIDTH="195" HEIGHT="31" WC="0.96" CONTENT="sedermera"/>
						</TextLine>
					</TextBlock>
				</ComposedBlock>
			</PrintSpace>
		</Page>
	</Layout>
</alto>
