2196 2626
420 130 40 31 88
904 124 230 41 Lagutskottets
1159 122 158 32 utlåtande
1340 121 54 32 Nr
1416 121 54 31 24.

533 210 141 44 (Kungl.
698 209 119 41 Maj:ts
838 208 153 41 förslag.)

706 316 53 36 95
784 313 36 46 $.

456 393 58 45 Är
541 399 192 47 egendom,
763 411 78 23 som
869 399 13 34 i
911 399 47 34 90
986 396 23 45 &
1036 409 113 31 avses,

381 451 146 38 använd
569 450 57 36 för
653 449 172 47 lednings
853 447 296 47 framdragande,

380 504 68 36 och
475 502 96 36 visar
598 502 67 46 sig,
695 504 53 31 att
774 499 200 48 ledningen
1003 497 149 36 hindrar

380 555 93 34 eller
511 552 187 46 varaktigt
725 549 185 36 försvårar
936 548 216 36 samfärdsel

380 607 21 32 å
440 602 231 49 egendomen
710 601 90 35 eller
839 599 154 36 hindrar
1031 602 121 44 någon

381 653 60 37 för
472 653 192 36 samhället
692 651 112 48 nödig
830 650 238 48 anläggning,
1097 651 55 33 så-

382 717 79 23 som
501 716 93 35 gas-,
634 707 142 31 vattent
808 702 89 34 eller
924 699 229 49 avloppsled-

382 756 105 45 ning,
524 756 166 45 spårväg,
728 752 174 35 elektrisk
939 751 90 47 ljus-
1065 750 89 35 eller

382 804 268 47 kraftledning,
683 804 89 34 eller
802 807 112 43 utgör
941 800 130 36 hinder
1096 799 59 36 för

383 855 246 48 egendomens
682 852 196 36 underhåll
920 852 89 36 eller
1048 851 107 47 eljest

383 905 59 37 för
481 905 196 46 behövliga
703 903 148 36 arbeten
879 906 21 32 å
927 901 227 49 egendomen

384 957 89 36 eller
519 962 39 29 är
601 955 238 48 synnerligen
879 951 274 50 vanprydande,

384 1008 94 34 skall
504 1006 201 47 ledningen
725 1007 46 46 på
790 1003 203 36 bekostnad
1012 1015 42 23 av
1073 1002 82 35 dess

384 1066 110 40 ägare
521 1056 146 43 ändras,
695 1055 127 49 flyttas
849 1055 90 35 eller
955 1054 200 46 borttagas,

387 1110 11 34 i
427 1108 72 35 den
517 1110 85 32 mån
621 1106 131 35 sådant
770 1104 184 37 erfordras
974 1103 57 36 för
1049 1102 107 36 hind-

386 1164 75 30 rets
480 1158 89 35 eller
587 1156 259 47 olägenhetens
866 1153 289 46 undanröjande.

464 1208 78 36 Har
561 1208 107 46 eljest
686 1205 272 50 nyttjanderätt
977 1204 180 48 upplåtits

387 1258 59 37 för
487 1256 283 48 framdragande
810 1269 42 22 av
891 1255 164 46 ledning,
1088 1254 70 36 och

387 1308 144 37 medför
558 1308 121 36 denna
705 1310 47 45 på
777 1306 121 48 grund
926 1319 45 22 av
999 1304 159 36 ändrade

388 1358 257 38 förhållanden
665 1357 208 49 betydande
891 1356 197 48 olägenhet
1101 1354 59 36 för

387 1410 237 47 fastigheten,
668 1421 86 23 vare
793 1407 218 47 ledningens
1052 1412 108 41 ägare

389 1462 136 47 pliktig
556 1463 45 45 på
631 1461 57 34 sin
716 1457 202 37 bekostnad
938 1456 114 36 ändra
1070 1457 91 34 eller

388 1512 109 48 flytta
527 1510 213 45 ledningen,
771 1509 13 34 i
815 1508 71 35 den
919 1510 85 33 mån
1031 1506 130 36 sådant

389 1561 185 37 erfordras
601 1560 60 36 för
687 1559 261 47 olägenhetens
977 1557 184 35 undanrö-

385 1612 113 47 jande
538 1611 66 36 och
646 1611 72 34 kan
746 1609 62 36 ske
836 1614 90 30 utan
955 1608 206 48 synnerligt

391 1676 84 23 men
504 1661 59 36 för
588 1660 212 47 ledningen.

467 1712 103 36 Tvist
604 1713 12 33 i
657 1710 116 47 fråga,
805 1722 77 23 som
911 1721 53 23 nu
991 1715 40 28 är
1058 1707 103 48 sagd,

391 1764 92 35 skall
512 1769 130 42 prövas
671 1774 43 23 av
741 1760 168 36 domstol.

1415 202 196 43 (Utskottets
1633 201 152 41 förslag.)

1544 308 52 36 96
1621 305 37 46 $.

1295 392 58 36 År
1380 391 191 49 egendom,
1601 403 80 23 som
1708 392 13 33 i
1750 393 45 34 90
1822 389 24 45 $&
1874 402 113 31 avses,

1220 443 143 36 använd
1405 441 57 36 för
1494 441 171 47 lednings
1693 439 294 48 framdragande,

1220 494 66 36 och
1316 495 95 47 visar
1438 493 66 45 sig,
1533 496 52 31 att
1613 490 198 47 ledningen
1836 490 153 36 hindrar

1221 545 87 35 eller
1349 544 184 46 varaktigt
1560 541 184 36 försvårar
1770 540 218 36 samfärdsel

1221 598 21 33 å
1268 594 229 47 egendomen
1515 593 89 35 eller
1623 591 150 36 hindrar
1791 595 122 42 någon
1932 590 57 36 för

1221 645 192 36 samhället
1452 643 112 47 nödig
1603 643 236 47 anläggning,
1868 645 121 32 såsom

1220 708 91 34 gas-,
1351 700 144 31 vatten-
1538 694 90 35 eller
1672 692 317 48 avloppsledning,

1222 749 167 45 spårväg,
1423 744 173 36 elektrisk
1636 743 90 47 ljus-
1757 743 89 35 eller
1874 741 115 36 kraft-

1222 797 163 47 ledning,
1415 796 89 34 eller
1524 799 110 42 utgör
1656 793 131 36 hinder
1804 792 59 36 för
1881 805 109 34 egen-

1223 846 149 36 domens
1400 845 194 36 underhåll
1622 845 89 35 eller
1729 843 104 46 eljest
1851 842 60 36 för
1929 843 61 34 be-

1224 897 144 46 hövliga
1408 896 147 36 arbeten
1597 898 21 32 å
1645 894 225 48 egendomen
1903 894 88 34 eller

1224 955 39 28 är
1301 947 238 49 synnerligen
1584 944 274 49 vanprydande,
1899 944 91 34 skall

1223 998 200 46 ledningen
1450 1000 46 45 på
1521 995 203 36 bekostnad
1743 1007 44 23 av
1805 994 82 35 dess
1907 1001 84 41 äga-

1225 1062 37 22 re
1302 1048 147 42 ändras,
1477 1046 130 49 flyttas
1636 1047 88 34 eller
1749 1046 201 46 borttagas,
1978 1045 12 34 i

1225 1099 68 36 den
1321 1102 87 32 mån
1435 1097 128 36 sådant
1591 1095 183 37 erfordras
1801 1094 59 37 för
1884 1094 107 36 hind-

1224 1156 76 30 rets
1336 1150 90 34 eller
1453 1147 260 48 olägenhetens
1744 1145 249 47 undanröjan-

1227 1201 54 35 de.
1311 1199 76 36 Har
1402 1199 103 46 eljest
1523 1198 271 48 nyttjanderätt
1813 1196 182 48 upplåtits

1227 1250 56 36 för
1322 1248 283 48 framdragande
1646 1261 43 22 av
1728 1247 165 47 ledning,
1927 1246 67 35 och

1228 1300 141 36 medför
1396 1299 120 36 denna
1543 1302 46 44 på
1616 1298 123 48 grund
1765 1310 43 23 av
1832 1296 163 37 ändrade

1228 1350 256 37 förhållanden
1540 1348 212 50 betydande
1799 1347 197 48 olägenhet

1228 1401 59 36 för
1306 1400 233 48 fastigheten,
1559 1413 84 22 vare
1659 1399 215 47 ledningens
1887 1405 108 39 ägare

1228 1452 135 49 pliktig
1390 1454 47 45 på
1463 1451 56 35 sin
1545 1449 203 36 bekostnad
1776 1448 115 35 ändra
1910 1449 87 34 eller

1229 1502 111 50 flytta
1379 1502 207 47 ledningen,
1615 1500 13 35 i
1657 1500 69 35 den
1754 1502 85 32 mån
1867 1498 130 36 sådant

1229 1552 185 37 erfordras
1453 1550 58 37 för
1544 1550 266 51 olägenhetens
1852 1548 144 36 undan-

1230 1602 152 49 röjande
1409 1602 66 36 och
1503 1603 72 34 kan
1595 1602 63 34 ske
1678 1606 87 30 utan
1789 1599 208 50 synnerligt

1231 1667 81 23 men
1353 1653 60 36 för
1443 1652 213 47 ledningen.
1710 1651 104 35 Tvist
1840 1650 14 35 i
1880 1649 116 48 fråga,

1231 1717 77 23 som
1349 1717 51 22 nu
1442 1710 39 28 är
1516 1702 100 49 sagd,
1663 1702 89 35 skall
1791 1707 131 42 prövas
1953 1712 44 23 av

1233 1755 169 35 domstol.

1314 1804 76 36 Vill
1417 1809 108 43 ägare
1552 1816 45 23 av
1620 1803 187 48 fastighet,
1838 1801 71 36 där
1928 1801 71 35 led-

1233 1856 88 47 ning
1363 1860 43 31 är
1439 1854 254 50 framdragen,
1720 1852 63 49 för
1814 1853 186 34 undanrö-

1225 1907 113 48 jande
1378 1918 46 23 av
1465 1904 147 37 därmed
1637 1903 156 50 förenad
1819 1902 182 49 olägenhet

1224 1957 68 46 för
1312 1956 222 49 fastigheten
1557 1955 56 47 på
1639 1967 81 36 egen
1750 1953 188 36 bekostnad
1951 1952 50 49 få

1237 2008 190 47 ledningen
1467 2006 146 36 ändrad
1653 2004 84 36 eller
1758 2004 152 47 flyttad,
1939 2002 62 36 må

1235 2058 218 47 Konungens
1481 2054 391 50 befallningshavande,
1902 2053 13 35 i
1934 2053 66 35 den

1236 2109 86 35 mån
1356 2108 45 35 så
1439 2112 133 43 prövas
1598 2105 132 49 skäligt
1756 2105 78 35 med
1861 2105 140 46 hänsyn

1236 2159 24 35 å
1298 2171 66 24 ena
1403 2158 109 35 sidan
1541 2156 56 36 till
1629 2156 161 36 nämnda
1818 2154 184 47 olägenhet
