2202 2634
716 143 227 43 Lagutskottets
966 146 163 31 utlåtande
1152 146 52 31 Nr
1227 148 53 30 24.
1718 151 38 30 69

348 226 139 39 (Kungl.
512 226 117 40 Maj:ts
651 227 147 42 förslag.)
1228 230 196 42 (Utskottets
1445 231 149 42 förslag.)

192 342 77 23 som
311 332 92 34 skall
445 335 87 43 utgå
573 345 43 22 ur
656 335 262 46 ersättningen,
961 335 119 35 tillika
1107 335 175 36 besvärad
1310 349 42 23 av
1381 350 120 23 annan
1529 338 157 35 särskild
1715 343 82 38 rätt,

191 393 78 22 som
309 380 221 36 förminskar
560 381 240 49 fastighetens
828 384 111 35 värde
966 386 65 34 och
1059 386 165 46 åtnjuter
1250 393 119 29 sämre
1396 392 73 31 rätt
1495 395 46 28 än
1570 387 227 49 fordringen,

192 432 196 46 uppskatte
432 432 184 35 nämnden
657 434 137 45 jämväl
839 434 64 35 det
946 435 109 35 värde
1101 435 221 47 fastigheten
1369 443 88 29 utan
1498 438 132 35 sådant
1668 438 131 35 besvär

192 482 118 34 skulle
337 488 79 40 äga.

325 530 262 47 Ersättningen
628 533 91 35 skall
760 533 221 36 bestämmas
1022 536 146 35 särskilt
1208 535 57 36 för
1304 537 102 46 varje
1455 539 182 46 sakägare.
1692 538 107 35 Löse-

191 580 150 46 skilling
382 580 57 36 för
478 583 261 46 exproprierad
778 583 185 48 fastighet,
1004 587 208 45 ersättning
1251 586 59 35 för
1349 587 112 35 skada
1488 588 89 34 eller
1602 589 150 44 intrång
1779 591 20 31 å

191 630 177 48 fastighet
395 631 68 35 och
491 644 119 23 annan
639 635 207 46 ersättning
872 635 57 34 till
957 641 135 41 ägaren
1120 636 109 35 varde
1257 637 67 34 ock
1353 637 190 35 bestämda
1569 650 65 22 var
1652 636 58 37 för
1728 639 68 46 sig.

943 787 46 34 40
1017 784 34 45 8.

323 882 77 35 Har
439 882 105 47 fråga
584 897 59 22 om
684 886 280 46 expropriation
1004 900 43 21 av
1074 886 176 48 fastighet
1277 890 117 46 enligt
1425 891 42 33 12
1497 888 23 44 &
1547 890 107 35 blivit
1682 891 114 43 väckt,

190 932 111 35 varde
324 933 140 47 jämväl
491 933 120 36 denna
638 934 177 49 fastighet
841 936 179 36 värderad
1049 950 43 22 av
1118 938 197 35 nämnden.

941 1080 44 33 41
1016 1077 33 46 8.

324 1177 81 46 Vad
434 1177 43 35 de
504 1178 104 35 flesta
635 1178 13 35 i
675 1179 185 36 nämnden
888 1187 86 40 säga
1000 1181 95 47 gälle
1123 1180 58 36 för
1207 1183 205 35 nämndens
1440 1183 133 35 beslut.

323 1227 82 36 Aro
444 1228 88 35 flera
572 1230 190 47 meningar
801 1230 68 35 och
906 1231 124 35 kunna
1057 1231 45 36 de
1129 1232 58 35 till
1215 1233 181 36 varandra
1419 1234 154 47 jämkas,
1601 1235 96 46 gälle
1725 1235 71 35 den

191 1279 160 46 mening,
379 1291 79 23 som
485 1278 93 36 efter
601 1280 197 47 jämkning
825 1281 118 35 finnes
971 1281 91 35 hava
1090 1282 145 36 erhållit
1262 1283 46 36 de
1337 1284 103 35 flesta
1467 1288 177 31 rösterna.

324 1328 134 35 Kunna
484 1329 89 43 icke,
603 1329 47 36 då
676 1330 90 35 flera
792 1331 194 47 meningar
1013 1338 73 39 äro,
1115 1333 105 35 dessa
1243 1334 144 46 jämkas
1414 1335 57 34 till
1489 1334 190 44 varandra,
1699 1336 97 46 gälle

189 1378 83 44 den,
312 1391 81 23 som
435 1379 159 36 biträdes
634 1393 45 22 av
713 1381 90 35 flera
829 1382 175 35 röstande
1031 1389 46 28 än
1105 1386 122 45 någon
1254 1397 134 22 annan.
1443 1384 135 36 Finnes
1605 1385 46 46 ej,
1680 1387 117 46 enligt

188 1428 71 36 vad
302 1442 51 22 nu
394 1436 41 28 är
474 1435 90 40 sagt,
607 1432 254 43 röstövervikt,
904 1433 91 34 skall
1034 1446 52 35 ny
1126 1435 233 47 omröstning
1389 1436 172 34 anställas
1589 1436 135 35 mellan
1752 1436 45 35 de

189 1481 204 47 meningar,
436 1492 78 23 som
555 1481 147 35 erhållit
741 1495 79 22 mer
856 1489 47 28 än
931 1496 45 22 en
1002 1489 77 30 röst
1106 1497 75 32 var,
1210 1485 67 35 och
1306 1485 110 36 varde
1443 1485 71 36 den
1542 1487 153 46 mening
1720 1488 77 46 gäl-

188 1529 119 46 lande,
335 1543 62 23 om
424 1531 122 35 vilken
573 1531 45 36 de
646 1531 105 37 flesta
784 1533 5 35 i
816 1534 185 35 nämnden
1030 1534 47 36 då
1104 1534 126 37 förena
1257 1536 68 48 sig.
1370 1535 78 36 Har
1474 1549 64 23 var
1556 1537 59 35 sin
1634 1538 160 47 mening,

188 1581 96 47 gälle
311 1581 69 35 vad
408 1581 245 37 ordföranden
682 1590 115 41 säger.

323 1631 17 36 I
380 1631 103 49 fråga
522 1645 59 23 om
623 1634 314 49 uppskattningen
970 1638 59 33 må
1057 1636 29 46 ej
1116 1638 13 33 i
1158 1637 224 47 protokollet
1408 1636 139 36 införas
1575 1638 90 35 eller
1691 1638 105 46 eljest

188 1683 197 46 kungöras,
427 1683 94 35 huru
562 1684 187 36 nämnden
788 1685 102 35 inom
930 1686 58 47 sig
1026 1692 126 39 röstat,
1194 1687 67 36 och
1293 1688 31 47 ej
1355 1688 114 35 heller
1495 1689 126 34 skälen
1650 1687 58 36 för
1734 1689 62 36 be-

189 1733 113 35 slutet
331 1734 192 47 uppgivas.

940 1840 45 33 42
1014 1836 34 45 $S.

322 1937 211 38 Nämndens
560 1938 122 37 beslut
706 1941 92 35 skall
817 1940 159 37 avfattas
994 1941 212 47 skriftligen
1226 1942 67 35 och
1314 1942 269 36 undertecknas
1601 1956 46 23 av
1667 1949 129 29 nämn-

187 1987 88 45 den;
316 1989 68 35 och
425 1990 151 35 insände
615 1990 260 46 ordföranden,
918 1995 38 32 så
987 1998 101 29 snart
1116 1993 62 35 ske
1205 1993 83 44 kan,
1317 1993 161 36 beslutet
1501 1994 116 46 jämte
1645 1993 61 36 det
1732 1994 62 34 vid

188 2038 273 49 förrättningen
488 2039 105 37 förda
621 2042 184 48 protokoll
833 2043 59 34 till
919 2047 122 31 rätten
1070 2044 89 34 eller
1186 2043 186 36 domaren.
