2204 2626
427 143 40 31 50
905 135 230 42 Lagutskottets
1158 133 161 31 utlåtande
1341 130 50 32 Nr
1414 131 52 30 24.

542 223 139 40 (Kungl.
706 221 120 41 Maj:ts
848 219 152 41 förslag.)
1422 213 193 41 (Utskottets
1638 212 156 42 förslag.)

390 333 109 34 nittio
528 329 113 47 dagar
667 327 82 36 från
779 326 61 35 det
866 324 224 46 fastigheten
1118 325 58 32 må
1203 334 43 22 av
1275 332 70 36 nye
1374 326 134 41 ägaren
1527 319 132 49 tagas
1644 312 17 68 i
1682 318 218 47 besittning,
1921 316 76 35 till-

390 382 84 35 falle
503 380 62 46 det
591 380 134 34 honom
753 382 90 30 utan
869 376 114 34 lösen.

525 428 79 38 Äro
631 429 57 35 till
716 426 175 50 byggnad
919 425 90 35 eller
1036 436 120 23 annan
1180 423 227 47 anläggning
1426 428 134 28 ämnen
1579 418 170 37 hämtade
1768 418 82 36 från
1869 417 129 47 fastig-

392 483 120 42 heten,
553 492 83 24 vare
676 491 72 36 nye
777 484 132 41 ägaren
936 473 207 48 berättigad
1170 473 60 35 till
1257 472 224 47 gottgörelse
1510 470 57 36 för
1593 469 128 37 värdet
1748 481 44 23 av
1817 468 69 36 vad
1915 467 84 36 från

394 531 223 48 fastigheten
656 530 125 46 tagits,
823 540 58 22 om
922 527 72 34 han
1027 525 118 35 under
1175 524 225 35 domstolens
1427 519 265 37 förberedande
1720 518 281 48 handläggning

394 596 43 22 av
477 583 113 34 målet
628 581 88 34 eller
756 577 100 37 inför
885 575 186 37 nämnden
1104 575 61 35 det
1191 574 128 48 yrkar;
1348 572 66 36 och
1441 571 110 35 varde
1576 570 138 42 värdet,
1744 582 59 22 om
1831 576 169 28 överens-

395 632 198 36 kommelse
621 631 31 46 ej
681 629 140 43 träffas,
850 641 42 22 av
920 626 186 36 nämnden
1132 625 161 35 bestämt
1320 623 116 47 enligt
1462 621 68 36 vad
1558 622 12 34 i
1598 621 120 35 denna
1750 621 61 46 lag
1842 619 158 48 stadgas.

396 684 117 34 Innan
541 682 236 48 gottgörelse,
806 692 75 22 som
910 679 109 34 alltså
1045 677 225 34 tillkommer
1299 687 70 36 nye
1395 681 147 38 ägaren,
1571 672 170 42 lämnats,
1770 672 59 32 må
1850 670 151 47 anlägg-

396 735 137 44 ningen
561 732 31 46 ej
621 730 184 37 bortföras
832 729 82 35 från
942 727 231 47 fastigheten.

988 899 65 33 Om
1076 896 342 40 förundersökning.

730 986 43 33 71
805 982 33 45 8.

474 1070 77 35 Vill
596 1072 119 44 någon
762 1067 59 36 för
864 1066 207 46 ansökning
1110 1077 58 22 om

401 1127 72 30 rätt
508 1121 57 34 till
593 1119 277 48 expropriation
897 1118 74 34 låta
998 1119 172 44 upprätta

400 1174 104 33 karta
530 1177 85 29 över
640 1169 178 47 fastighet
837 1168 89 35 eller
945 1166 106 46 eljest
1069 1165 102 35 verk-

402 1223 106 35 ställa
547 1220 111 46 nödig
697 1217 338 46 förundersökning
1073 1215 97 43 därå,

403 1280 65 38 äge
513 1271 226 46 Konungens
785 1265 388 49 befallningshavande

407 1326 45 45 på
492 1322 205 46 ansökning
737 1319 210 42 föreskriva,
978 1322 54 30 att
1059 1315 114 36 erfor-

405 1373 137 47 derligt
581 1370 162 36 tillträde
770 1370 57 35 till
857 1368 222 48 fastigheten
1107 1379 67 22 un-

407 1424 64 35 der
511 1424 75 34 viss
625 1421 54 36 tid
720 1421 93 35 skall
853 1421 152 33 lämnas.
1065 1417 110 48 Dylik

408 1472 190 37 föreskrift
619 1475 59 32 må
705 1471 95 35 dock
827 1470 29 46 ej
887 1469 198 40 meddelas,
1117 1480 58 22 om

409 1524 225 47 Konungens
652 1519 392 49 befallningshavande
1058 1519 119 34 finner

408 1575 62 35 det
510 1575 189 46 uppgivna
739 1571 208 36 ändamålet
988 1570 79 34 icke
1093 1581 84 22 vara

409 1625 141 42 sådant,
579 1636 77 23 som
683 1624 13 33 i
727 1625 17 32 1
776 1620 23 45 &
827 1634 111 23 avses.

488 1674 67 37 Om
594 1673 329 47 undersökningens
950 1669 230 49 påbörjande

411 1726 203 35 uwnderrätte
664 1724 184 35 sökanden
892 1722 109 35 minst
1039 1721 141 48 fjorton

412 1778 116 45 dagar
561 1776 104 48 förut
699 1774 239 49 fastighetens
971 1776 110 42 ägare
1107 1771 72 42 och,

413 1828 120 34 därest
567 1825 221 49 fastigheten
829 1828 42 31 är
906 1821 274 42 utarrenderad,

414 1878 247 35 arrendatorn.

490 1926 177 36 Växande
698 1925 84 35 träd
814 1927 59 33 må
904 1924 31 47 ej
966 1922 58 36 för
1051 1921 133 36 under-

416 1978 203 46 sökningen
637 1975 119 44 fällas,
777 1975 83 36 med
875 1974 144 36 mindre
1035 1973 150 35 Konun-

415 2040 90 36 gens
532 2024 391 49 befallningshavande
950 2024 62 36 det
1040 2023 146 36 särskilt

418 2078 189 48 medgivit.

1574 978 43 33 71
1647 974 34 45 8.

1317 1061 76 36 Vill
1437 1064 122 44 någon
1603 1058 56 36 för
1701 1059 207 46 ansökning
1947 1069 61 22 om

1240 1118 74 30 rätt
1343 1112 57 35 till
1428 1110 278 48 expropriation
1734 1110 74 33 låta
1835 1112 175 43 upprätta

1241 1164 102 34 karta
1369 1169 87 28 över
1485 1160 172 48 fastighet
1675 1160 90 35 eller
1783 1158 105 47 eljest
1905 1158 106 35 verk-

1242 1214 109 35 ställa
1385 1212 114 46 nödig
1539 1210 338 46 förundersökning
1909 1208 101 42 därå,

1243 1271 67 39 äge
1354 1263 225 46 Konungens
1618 1258 393 49 befallningshavande

1243 1317 46 45 på
1330 1313 207 45 ansökning
1576 1311 212 42 föreskriva,
1817 1314 54 31 att
1897 1308 114 37 erfor-

1244 1365 135 46 derligt
1418 1362 163 36 tillträde
1607 1362 57 34 till
1693 1360 221 48 fastigheten
1943 1372 70 22 un-

1245 1416 65 35 der
1349 1414 71 36 viss
1461 1413 57 35 tid
1557 1413 89 34 skall
1688 1413 151 34 lämnas.
1900 1410 115 48 Dylik

1245 1463 189 38 föreskrift
1462 1466 60 32 må
1549 1463 91 35 dock
1667 1462 31 46 ej
1729 1461 195 41 meddelas,
1954 1473 60 22 om

1247 1516 226 46 Konungens
1488 1511 391 49 befallningshavande
1895 1511 121 34 finner

1248 1567 64 35 det
1350 1566 190 47 uppgivna
1579 1563 207 36 ändamålet
1825 1562 79 35 icke
1931 1574 86 22 vara

1249 1616 139 43 sådant,
1417 1628 79 23 som
1524 1616 12 33 i
1567 1616 17 33 I
1614 1612 22 45 8
1669 1625 112 24 avses.

1329 1666 66 37 Om
1438 1665 328 48 undersökningens
1790 1662 228 49 påbörjande

1249 1718 112 36 sände
1387 1716 185 36 sökanden
1600 1716 110 35 minst
1732 1714 142 48 fjorton
1902 1713 118 47 dagar

1245 1769 107 49 förut
1391 1767 79 36 med
1505 1772 126 42 posten
1671 1763 255 38 underrättelse
1962 1763 59 35 till

1252 1824 144 43 ägaren,
1430 1830 56 23 om
1515 1817 111 35 denne
1652 1816 113 36 vistas
1792 1815 25 35 ä
1843 1814 97 36 känd
1968 1819 54 30 ort

1252 1870 100 35 inom
1391 1868 108 42 riket;
1539 1868 66 34 har
1644 1871 120 43 ägare,
1793 1877 73 24 som
1894 1868 44 32 är
1966 1869 56 30 ut-

1253 1920 93 36 rikes
1385 1919 84 35 eller
1510 1918 25 35 ä
1564 1917 118 37 okänd
1714 1922 66 38 ort,
1808 1916 99 35 inom
1935 1914 88 36 riket

1256 1971 86 35 känt
1394 1969 145 42 ombud,
1591 1967 96 36 skall
1740 1965 284 49 underrättelsen

1254 2021 137 36 sändas
1418 2020 56 35 till
1501 2018 172 37 ombudet.
1728 2016 57 37 År
1804 2016 221 49 fastigheten

1256 2070 273 39 utarrenderad,
1574 2069 130 36 erhålle
1750 2068 61 36 ock
1851 2066 175 36 arrenda-

1256 2130 79 28 torn
1376 2120 254 37 underrättelse
1669 2118 115 48 enligt
1810 2117 69 36 vad
1906 2129 51 22 nu
1984 2120 43 31 är

1254 2179 91 42 sagt.
