2183 2693
361 192 38 31 30
885 196 254 29 Bankoutskottets
1163 197 151 29 Memorial
1336 198 58 29 N:o
1418 198 27 29 1.

807 375 70 38 Om
903 375 272 39 riksbankens
1203 377 176 46 styrelse
1405 388 52 26 m.
1484 389 50 25 m.

1113 478 18 49 $
1160 483 56 35 29.

221 562 79 26 Bank-
462 565 127 36 Under
629 566 101 36 tiden
772 566 93 36 efter
905 566 228 37 afoifvandet
1173 566 39 36 af
1249 567 230 45 Riksdagens
1511 569 198 35 revisorers
1737 575 142 30 senaste
1906 570 63 35 be-

191 598 140 30 styrelsen.
674 620 9 6 -
814 624 52 6 so
944 598 21 27 d
1040 619 6 5 .
1145 624 13 6 a
1389 606 17 10 =
1684 622 10 9 s

363 617 147 34 rättelse
546 617 66 34 har
644 630 120 35 någon
792 617 219 49 förändring
1037 618 80 35 icke
1144 623 62 43 ägt
1233 632 82 21 rum
1343 618 85 36 med
1455 618 171 36 afseende
1654 632 46 35 på
1727 620 241 36 riksbankens

363 668 153 49 styrelse
557 669 88 35 eller
681 668 44 37 de
752 668 58 37 för
838 670 184 48 åtskilliga
1048 668 112 37 bland
1187 668 233 51 fullmäktige
1447 670 214 37 meddelade
1689 671 181 50 uppdrag,
1899 672 69 36 och

362 718 38 35 få
439 718 233 49 fullmäktige
713 720 125 35 därför
878 721 129 34 endast
1046 721 151 34 hänvisa
1236 723 57 32 till
1330 722 95 34 hvad
1453 722 125 34 därom
1606 723 13 33 i
1646 719 17 48 $
1692 724 46 33 34
1767 722 39 35 af
1831 735 139 22 samma

361 767 195 38 berättelse
583 770 118 36 finnes
728 769 246 38 omförmäldt.

462 820 52 36 På
553 822 122 47 grund
715 821 39 36 af
791 822 323 36 bestämmelserna
1153 823 13 35 i
1206 819 18 48 $
1266 824 46 35 38
1349 836 108 23 mom.
1492 826 19 34 6
1541 823 38 36 af
1604 824 366 48 bankoreglementet

363 870 109 37 hafva
512 872 118 35 under
670 872 243 49 deputerades
953 873 164 49 ledighet
1145 875 89 34 eller
1261 872 172 38 frånvaro
1461 873 58 37 för
1547 873 234 50 fullgörande
1810 874 39 36 af
1875 888 95 36 upp-

363 922 90 50 drag
480 922 58 37 för
565 923 240 37 riksbankens
833 925 158 48 räkning
1018 924 116 36 under
1162 927 39 33 år
1231 927 94 34 1907
1354 926 95 35 varit
1467 925 153 37 utsedde
1639 926 57 36 till
1715 926 254 37 vikarierande

362 974 226 48 deputerade

363 1034 85 36 herr
475 1034 47 36 H.
550 1034 42 37 R.
622 1035 233 36 Törnebladh
884 1035 117 36 under
1029 1035 155 49 tillhopa
1213 1037 69 36 105
1311 1036 112 49 dagar
1451 1037 68 36 och

392 1099 13 16 >»
476 1085 34 36 S.
539 1099 71 23 von
637 1086 150 36 Friesen
928 1101 13 16 >
1094 1100 15 16 >
1235 1090 44 34 36
1355 1102 13 15 >

462 1144 54 37 Af
541 1147 286 47 suppleanterna
853 1146 58 36 för
938 1146 234 49 fullmäktige
1199 1146 109 36 hafva
1335 1147 119 36 under
1481 1151 40 32 år
1551 1149 93 35 1907
1673 1149 95 35 varit
1785 1147 185 37 inkallade

362 1196 69 35 och
459 1196 153 48 deltagit
638 1197 14 35 i
670 1197 290 48 bankstyrelsen,
981 1198 76 35 dels
1076 1197 61 35 vid
1156 1198 164 47 ledighet
1338 1198 58 35 för
1415 1198 248 36 ordföranden
1683 1199 71 35 den
1774 1198 40 36 af
1831 1199 137 48 Kungl.

361 1245 105 49 Maj:t
493 1246 222 37 förordnade
743 1249 243 47 suppleanten
1015 1248 85 36 herr
1128 1247 38 37 C.
1196 1246 42 39 G.
1267 1248 135 49 Sylvan
1430 1249 119 36 under
1576 1251 47 35 48
1652 1249 123 49 dagar,
1805 1249 77 36 dels
1901 1250 68 36 ock

361 1301 48 44 på
436 1298 98 35 olika
560 1298 96 36 tider
683 1298 125 45 förste,
838 1299 112 36 andre
978 1299 68 36 och
1064 1299 119 47 tredje
1203 1301 287 47 suppleanterna
1508 1300 127 36 herrar
1653 1300 46 36 V.
1719 1300 46 36 H.
1784 1299 34 37 S.
1838 1300 129 44 Tham,

361 1348 41 36 P.
430 1348 48 36 M.
507 1348 199 37 Wikström
735 1350 68 36 och
831 1349 41 37 O.
900 1350 164 36 Francke
1092 1350 118 36 under
1238 1351 204 48 respektive
1471 1352 58 44 37,
1560 1353 44 34 35
1634 1352 68 36 och
1732 1353 46 35 50
1807 1351 123 49 dagar.

1112 1466 19 49 $
1160 1471 58 34 30.

179 1547 132 68 gasdamot
323 1551 15 60 &
465 1550 236 39 Gemensamt
740 1553 85 36 med
865 1553 233 49 fullmäktige
1138 1556 12 33 i
1190 1554 353 48 riksgäldskontoret
1582 1554 109 36 hafva
1734 1554 235 49 fullmäktige

195 1620 133 26 direktion.
363 1607 115 32 utsett
505 1602 246 37 ordföranden
778 1603 57 36 för
862 1603 237 50 fullmäktige
1125 1605 13 35 i
1163 1605 353 48 riksgäldskontoret
1534 1605 86 36 herr
1637 1605 41 36 P.
1699 1605 44 36 A.
1763 1605 46 36 H.
1831 1604 138 37 Cavalli

363 1659 52 30 att
455 1654 118 36 under
613 1658 40 32 år
695 1656 95 35 1908
815 1658 20 32 å
858 1655 240 36 riksbankens
1126 1656 67 36 och
1222 1656 372 49 riksgäldskontorets
1621 1664 137 41 vägnar
1785 1657 145 48 deltaga
1956 1656 14 35 i

363 1705 232 36 direktionen
623 1705 58 36 för
709 1704 93 39 Göta
829 1707 208 35 kanalverk.

1116 1822 18 48 $
1162 1827 57 34 31.

161 1905 198 56 Inventeringar.
463 1908 236 36 Föreskrifna
738 1909 276 49 inventeringar
1058 1909 39 36 af
1140 1909 333 37 hufvudkontorets
1519 1911 169 47 samtliga
1731 1911 124 35 kassor
1899 1910 69 35 och

364 1958 119 49 öfriga
509 1958 294 50 förvaringsrum
831 1959 109 37 hafva
967 1960 118 36 under
1112 1964 40 32 år
1182 1963 93 33 1907
1304 1967 62 43 ägt
1393 1975 81 21 rum
1494 1964 47 45 på
1559 1961 175 48 behöriga
1752 1961 106 45 tider,
1879 1966 90 31 utan

364 2015 52 31 att
443 2009 128 37 därvid
598 2010 201 49 anledning
826 2011 56 35 till
910 2012 245 48 anmärkning
1181 2011 247 37 förekommit.

1114 2127 19 49 $
1161 2132 57 34 32.

176 2207 176 61 nSgöktonEr
463 2212 243 38 Revisorerna
733 2213 108 37 hafva
868 2215 13 35 i
907 2212 18 49 $
953 2217 46 34 46
1029 2214 40 36 af
1086 2216 56 35 sin
1162 2220 142 31 senaste
1323 2215 196 37 berättelse
1538 2215 188 49 angående
1745 2215 223 37 riksbanken

193 2276 139 33 ningskon-
363 2263 211 37 Omförmält
613 2264 45 36 de
698 2266 252 48 inspektioner
989 2266 61 35 vid
1090 2265 403 50 afdelningskontoren,
1535 2280 78 23 som
1648 2266 118 37 under
1802 2270 40 33 år
1872 2268 93 35 1907

221 2313 80 23 toren.
