1880 2806
554 168 289 35 Statsutskottets
866 169 184 35 utlåtande
1073 182 42 23 nr
1134 174 74 31 185.
1587 176 39 31 19

136 249 141 34 område
298 249 63 34 bör
381 249 100 34 alltid
502 262 87 22 vara
608 249 79 43 den,
707 262 77 22 som
805 251 157 34 avslutas
982 251 80 35 med
1083 251 229 44 diplomering
1331 251 79 35 från
1429 251 199 35 instituten.

136 293 178 43 Styrelsen
335 295 101 39 inser,
459 299 56 31 att
536 295 67 34 den
624 294 197 44 föreslagna
842 295 242 43 anordningen
1105 295 70 36 kan
1196 296 159 35 medföra
1376 297 94 34 vissa
1491 297 136 42 olägen-

137 338 109 41 heter,
264 350 82 22 men
363 338 162 34 förordar
545 339 101 41 dock,
666 343 54 30 att
740 351 42 22 en
801 340 191 43 utredning
1012 353 45 21 av
1076 340 125 44 frågan
1221 342 217 35 verkställes.
1459 342 169 35 Därefter

136 383 116 35 kunde
272 396 43 22 en
335 384 84 34 kurs
441 396 46 22 av
509 385 136 42 antydd
667 390 55 29 art
742 385 191 35 försöksvis
955 386 187 34 anordnas.

181 437 221 35 Medicinska
417 437 199 42 fakulteten
630 438 60 34 vid
705 437 245 36 universitetet
972 439 5 34 i
992 438 106 35 Lund
1112 439 230 43 ifrågasätter,
1358 439 179 35 huruvida
1552 439 75 35 icke

136 495 43 22 en
194 483 141 43 lämplig
349 483 238 43 organisation
601 483 109 35 skulle
726 484 138 40 vinnas,
878 497 59 21 om
951 484 243 43 utbildningen
1209 485 213 42 uppdelades
1436 486 47 42 på
1497 490 131 29 tvenne

136 528 130 43 kurser,
285 541 43 22 en
346 528 106 43 högre
471 529 67 34 och
556 541 43 22 en
618 529 104 42 lägre.
741 529 82 34 Den
841 529 106 42 högre
968 529 111 35 skulle
1096 530 99 42 givas
1214 531 59 33 vid
1290 535 53 30 ett
1361 531 153 35 centralt
1531 530 96 34 insti-

137 579 68 35 tut,
224 574 68 34 den
311 574 93 42 lägre
423 574 177 42 därjämte
619 575 46 42 på
685 579 54 31 ett
757 574 117 34 flertal
893 575 125 34 ställen
1036 575 11 34 i
1067 574 91 35 olika
1177 575 221 34 landsändar.
1416 574 212 35 Fakulteten

137 623 60 38 gör
224 619 169 42 gällande,
421 624 55 30 att
504 619 263 43 utbildningens
795 619 305 43 decentralisering
1127 620 111 34 skulle
1266 619 159 35 medföra
1453 620 174 43 åtskilliga

136 665 151 33 fördelar
306 664 65 34 och
392 669 55 29 att
466 677 44 22 en
531 665 223 42 anknytning
772 664 120 35 kunde
912 664 59 35 ske
990 664 53 34 till
1063 668 110 31 större
1193 664 435 44 sjukvårdsinrättningar,

137 710 145 42 somliga
301 710 79 34 med
401 710 197 39 storstads-,
618 709 110 35 andra
747 710 82 33 med
849 709 368 43 landsbygdsklientel.

181 763 392 34 Länsarbetsnämnden
594 763 13 34 i
630 761 131 36 Örebro
784 763 57 34 län
863 763 214 41 framhåller,
1100 768 55 30 att
1178 763 107 35 bland
1308 763 90 40 dem,
1422 775 77 22 som
1520 763 108 34 vinna

138 809 210 42 anställning
378 809 58 33 vid
466 808 340 43 arbetsförmedling,
835 808 116 35 finnas
982 808 144 42 sådana,
1155 821 75 21 som
1260 809 74 33 icke
1362 809 185 35 förvärvat
1576 811 52 30 ut-

137 854 157 42 bildning
322 854 61 34 vid
411 854 263 34 socialinstitut.
703 854 112 34 Detta
844 853 217 35 förhållande
1089 854 99 34 torde
1217 853 155 42 alltjämt
1399 853 146 34 komma
1573 857 57 30 att

138 903 64 38 äga
222 912 89 21 rum.
331 899 86 34 Med
438 899 106 35 tanke
564 900 46 42 på
629 911 176 31 personer,
825 898 211 35 tillhörande
1056 898 115 34 denna
1190 898 168 42 kategori,
1378 898 94 34 vilka
1493 897 135 34 erhållit

138 944 79 33 eller
242 955 83 22 avse
350 948 54 29 att
429 943 128 34 erhålla
582 943 212 43 anställning
817 943 11 34 i
853 942 467 44 arbetsförmedlingstjänst,
1344 943 100 34 torde
1470 943 84 34 böra
1579 943 50 34 in-

138 991 109 31 rättas
268 1000 42 22 en
330 988 250 34 assistentkurs
601 1000 59 22 om
680 1000 57 22 sex
756 988 179 40 månader,
955 987 118 35 vilken
1093 988 80 33 med
1193 987 110 35 fördel
1322 987 118 35 kunde
1460 987 170 44 förläggas

138 1033 53 33 till
210 1032 304 35 socialinstituten.

182 1085 407 35 Barnavårdsnämnden
609 1086 12 34 i
643 1085 177 43 Göteborg
840 1098 111 28 anser,
971 1091 55 29 att
1047 1085 67 35 den
1134 1085 165 34 fortsatta
1319 1085 246 43 utbildningen
1586 1098 45 21 av

138 1132 229 42 tjänstemän,
392 1144 76 22 som
495 1132 107 33 redan
628 1132 128 34 vunnit
783 1131 212 43 anställning
1021 1131 96 33 inom
1145 1130 251 41 socialvården,
1422 1131 115 33 måste
1563 1129 65 34 till-

137 1178 145 42 godoses
300 1189 124 30 genom
443 1176 203 35 inrättande
665 1189 46 21 av
730 1189 44 22 en
792 1176 140 35 kortare
951 1175 202 43 utbildning
1171 1175 59 34 vid
1249 1174 305 35 socialinstituten.
1573 1174 56 33 En

137 1223 79 33 eller
239 1222 192 34 eventuellt
456 1223 65 33 två
545 1222 182 34 terminers
751 1221 250 43 undervisning
1024 1220 102 35 torde
1151 1220 53 34 för
1228 1219 102 35 detta
1355 1220 164 34 ändamål
1544 1231 85 22 vara

138 1267 49 33 till
212 1266 122 43 fyllest.

183 1319 428 43 Socialvårdsdelegerade
632 1319 13 34 i
665 1320 112 34 Borås
800 1332 95 29 anse,
918 1325 55 29 att
996 1320 67 34 den
1087 1320 207 35 nuvarande
1317 1321 243 43 anordningen
1583 1333 46 22 av

138 1366 177 34 studierna
339 1366 59 33 vid
421 1365 295 34 socialinstituten
740 1364 135 35 medför
898 1365 204 43 betydande
1125 1365 233 42 olägenheter.
1382 1366 55 34 De
1460 1365 92 42 höga
1575 1369 54 29 ut-

138 1411 413 42 bildningskostnaderna
567 1411 115 41 nödga
698 1410 69 34 den
784 1410 234 42 diplomerade
1035 1416 56 29 att
1109 1410 81 34 söka
1208 1410 200 43 befattning
1425 1411 81 33 med
1523 1410 106 42 högre

138 1456 68 40 lön,
228 1455 119 34 varför
369 1455 68 34 den
458 1456 94 41 lägre
574 1454 245 43 befattningen
841 1455 168 42 antingen
1031 1455 111 34 måste
1164 1455 158 34 besättas
1344 1455 81 34 med
1447 1455 183 34 outbildad

139 1500 215 35 arbetskraft
379 1501 79 33 eller
484 1500 67 34 ock
576 1500 47 34 bli
649 1512 43 22 en
717 1499 363 43 genomgångstjänst.
1106 1499 113 35 Detta
1244 1500 93 33 leder
1363 1499 74 34 dels
1463 1499 52 34 till
1542 1511 86 30 upp-

138 1547 163 33 komsten
322 1557 45 22 av
387 1558 43 21 en
452 1544 352 43 standardsänkning,
825 1557 75 21 som
922 1545 43 33 de
986 1544 220 42 sakkunniga
1226 1544 86 34 söka
1332 1544 130 43 undgå,
1483 1544 72 34 dels
1576 1544 53 34 till

140 1595 52 29 ett
217 1589 471 43 oefterrättlighetstillstånd
712 1589 45 43 på
783 1589 268 43 arbetsplatsen.
1087 1588 57 34 En
1168 1589 92 42 lägre
1286 1589 65 34 och
1375 1589 137 34 mindre
1536 1589 95 34 kost-

138 1648 75 22 sam
238 1636 200 42 utbildning
464 1635 112 34 skulle
601 1635 126 34 bereda
753 1634 378 43 befattningshavaren
1156 1633 183 42 möjlighet
1362 1633 221 35 kvarstanna
1609 1633 20 33 å

138 1681 256 42 befattningen.

184 1760 382 43 Departementschefen
587 1759 96 34 anför
704 1759 161 43 följande.

184 1831 135 42 Många
353 1830 426 42 kommunaltjänstemän
815 1831 12 34 i
864 1831 248 35 underordnad
1149 1831 164 45 ställning
1349 1832 45 34 ha
1432 1832 201 43 erforderlig

139 1876 160 41 praktisk
323 1875 198 34 erfarenhet
543 1875 55 33 för
621 1879 53 30 att
697 1875 151 33 bekläda
871 1876 107 41 högre
1002 1876 242 43 befattningar
1267 1889 80 21 men
1373 1877 111 34 sakna
1509 1890 43 21 en
1576 1877 54 34 för

140 1919 189 34 befordran
355 1919 179 33 önskvärd
561 1919 169 33 teoretisk
757 1919 173 43 skolning.
956 1920 19 33 I
1002 1921 67 33 den
1097 1922 82 32 mån
1207 1921 59 34 det
1294 1933 45 21 av
1366 1922 93 33 olika
1487 1922 75 33 skäl
1592 1925 38 30 är

140 1963 159 43 omöjligt
320 1963 55 33 för
396 1963 102 34 dessa
520 1963 353 42 befattningshavare
895 1969 56 29 att
972 1966 172 41 genomgå
1168 1977 42 22 en
1233 1965 207 43 fullständig
1461 1966 84 34 kurs
1569 1967 60 33 vid

141 2009 107 41 något
262 2020 45 21 av
322 2008 304 40 socialinstituten,
641 2008 64 33 bör
718 2008 184 42 möjlighet
917 2009 147 34 beredas
1080 2009 80 34 dem
1177 2014 54 30 att
1245 2010 167 34 förvärva
1427 2011 203 42 kunskaper

140 2053 11 33 i
175 2053 133 33 sådana
333 2056 137 36 ämnen,
495 2065 75 21 som
597 2055 59 31 äro
681 2065 46 21 av
752 2053 148 33 särskild
925 2053 182 43 betydelse
1132 2054 54 33 för
1212 2054 100 34 deras
1338 2055 291 43 yrkesutövning.

139 2097 56 33 En
218 2109 117 21 annan
358 2096 329 43 utbildningsfråga,
710 2109 76 22 som
807 2098 65 32 har
895 2101 86 30 nära
1004 2098 174 34 samband
1200 2099 81 33 med
1305 2099 67 34 den
1396 2112 47 21 nu
1469 2100 161 40 berörda,

142 2142 108 41 angår
268 2141 229 33 kommunala
516 2141 299 41 förtroendemän,
834 2142 96 33 vilka
951 2142 138 34 erhållit
1110 2143 81 33 eller
1211 2143 98 34 skola
1330 2144 130 33 erhålla
1482 2144 147 42 tjänste-

141 2186 307 41 mannaställning.
474 2185 117 34 Också
616 2186 64 33 här
706 2189 56 30 rör
788 2186 60 34 det
873 2186 52 42 sig
949 2187 10 33 i
987 2188 129 41 många
1141 2187 61 33 fall
1229 2200 57 21 om
1312 2200 177 30 personer,
1517 2189 112 33 vilkas

141 2230 227 34 individuella
395 2229 298 42 förutsättningar
718 2230 55 33 för
800 2242 43 22 en
870 2230 258 43 framgångsrik
1155 2231 225 35 verksamhet
1407 2233 47 42 på
1481 2233 148 34 ledande

141 2275 386 41 tjänstemannaposter
554 2277 59 29 äro
641 2274 101 41 goda.
770 2275 56 32 De
853 2274 239 42 sakkunnigas
1120 2275 130 42 förslag
1277 2288 57 21 om
1362 2288 43 21 en
1433 2277 196 42 begränsad

142 2319 105 41 högre
266 2318 211 41 utbildning,
497 2318 238 33 innebärande
755 2318 222 42 möjligheter
995 2318 55 33 för
1069 2319 117 34 därtill
1206 2320 163 41 lämpade
1389 2333 167 29 personer
1577 2326 53 29 att

142 2363 86 41 följa
254 2362 296 42 undervisningen
578 2362 10 32 i
615 2362 93 33 vissa
736 2365 128 30 ämnen
892 2363 65 33 och
986 2363 131 33 erhålla
1146 2363 107 43 betyg
1281 2367 84 30 över
1392 2365 76 33 sina
1496 2371 133 36 presta-

142 2408 124 38 tioner,
291 2418 102 29 synes
417 2406 72 42 mig
512 2406 80 33 med
618 2406 108 34 tanke
750 2407 47 41 på
822 2406 43 33 de
889 2406 149 34 berörda
1063 2407 245 42 kategorierna
1333 2421 86 21 vara
1444 2410 58 33 väl
1527 2411 103 33 moti-

142 2456 111 29 verat.
280 2450 208 42 Visserligen
515 2450 70 33 kan
613 2451 113 33 risken
753 2451 55 33 för
834 2455 54 30 att
916 2451 66 33 den
1009 2452 162 41 partiella
1199 2452 244 43 utbildningen
1470 2454 161 35 kommer

142 2501 55 29 att
219 2495 211 34 konkurrera
453 2495 80 34 med
556 2495 67 33 den
645 2495 171 43 reguljära
838 2495 75 34 icke
934 2495 73 34 helt
1030 2496 182 34 uteslutas.
1234 2496 136 34 Genom
1393 2510 42 21 en
1458 2499 175 43 sorgfällig
