<?xml version="1.0" encoding="UTF-8"?>
<alto xmlns="http://www.loc.gov/standards/alto/ns-v3#" xmlns:xlink="http://www.w3.org/1999/xlink" xmlns:xsi="http://www.w3.org/2001/XMLSchema-instance" xsi:schemaLocation="http://www.loc.gov/standards/alto/ns-v3# http://www.loc.gov/alto/v3/alto-3-0.xsd">
	<Description>
		<MeasurementUnit>pixel</MeasurementUnit>
		<sourceImageInformation>
			<fileName>/tmp/tess_me5tv9a__input.PNG</fileName>
		</sourceImageInformation>
		<OCRProcessing ID="OCR_0">
			<ocrProcessingStep>
				<processingSoftware>
					<softwareName>tesseract 5.3.0</softwareName>
				</processingSoftware>
			</ocrProcessingStep>
		</OCRProcessing>
	</Description>
	<Layout>
		<Page WIDTH="1864" HEIGHT="2764" PHYSICAL_IMG_NR="0" ID="page_0">
			<PrintSpace HPOS="0" VPOS="0" WIDTH="1864" HEIGHT="2764">
				<ComposedBlock ID="cblock_0" HPOS="259" VPOS="162" WIDTH="1196" HEIGHT="39">
					<TextBlock ID="block_0" HPOS="259" VPOS="162" WIDTH="1196" HEIGHT="39">
						<TextLine ID="line_0" HPOS="259" VPOS="162" WIDTH="1196" HEIGHT="39">
							<String ID="string_0" HPOS="259" VPOS="171" WIDTH="38" HEIGHT="30" WC="0.96" CONTENT="10"/><SP WIDTH="242" VPOS="171" HPOS="297"/>
							<String ID="string_1" HPOS="539" VPOS="165" WIDTH="448" HEIGHT="31" WC="0.91" CONTENT="Konstitutionsutskottets"/><SP WIDTH="19" VPOS="165" HPOS="987"/>
							<String ID="string_2" HPOS="1006" VPOS="163" WIDTH="177" HEIGHT="30" WC="0.96" CONTENT="utlåtande"/><SP WIDTH="16" VPOS="163" HPOS="1183"/>
							<String ID="string_3" HPOS="1199" VPOS="172" WIDTH="43" HEIGHT="20" WC="0.96" CONTENT="nr"/><SP WIDTH="16" VPOS="172" HPOS="1242"/>
							<String ID="string_4" HPOS="1258" VPOS="163" WIDTH="41" HEIGHT="29" WC="0.96" CONTENT="20"/><SP WIDTH="16" VPOS="163" HPOS="1299"/>
							<String ID="string_5" HPOS="1315" VPOS="162" WIDTH="39" HEIGHT="30" WC="0.94" CONTENT="år"/><SP WIDTH="19" VPOS="162" HPOS="1354"/>
							<String ID="string_6" HPOS="1373" VPOS="162" WIDTH="82" HEIGHT="29" WC="0.96" CONTENT="1964"/>
						</TextLine>
					</TextBlock>
				</ComposedBlock>
				<ComposedBlock ID="cblock_1" HPOS="260" VPOS="241" WIDTH="1484" HEIGHT="791">
					<TextBlock ID="block_1" HPOS="260" VPOS="241" WIDTH="1484" HEIGHT="791">
						<TextLine ID="line_1" HPOS="260" VPOS="241" WIDTH="1478" HEIGHT="40">
							<String ID="string_7" HPOS="260" VPOS="248" WIDTH="63" HEIGHT="29" WC="0.96" CONTENT="sist"/><SP WIDTH="18" VPOS="248" HPOS="323"/>
							<String ID="string_8" HPOS="341" VPOS="248" WIDTH="58" HEIGHT="29" WC="0.96" CONTENT="vid"/><SP WIDTH="19" VPOS="248" HPOS="399"/>
							<String ID="string_9" HPOS="418" VPOS="248" WIDTH="55" HEIGHT="29" WC="0.96" CONTENT="det"/><SP WIDTH="20" VPOS="248" HPOS="473"/>
							<String ID="string_10" HPOS="493" VPOS="246" WIDTH="269" HEIGHT="33" WC="0.95" CONTENT="sammanträde,"/><SP WIDTH="22" VPOS="246" HPOS="762"/>
							<String ID="string_11" HPOS="784" VPOS="254" WIDTH="74" HEIGHT="20" WC="0.96" CONTENT="som"/><SP WIDTH="20" VPOS="254" HPOS="858"/>
							<String ID="string_12" HPOS="878" VPOS="244" WIDTH="138" HEIGHT="30" WC="0.96" CONTENT="infaller"/><SP WIDTH="21" VPOS="244" HPOS="1016"/>
							<String ID="string_13" HPOS="1037" VPOS="244" WIDTH="78" HEIGHT="29" WC="0.96" CONTENT="näst"/><SP WIDTH="20" VPOS="244" HPOS="1115"/>
							<String ID="string_14" HPOS="1135" VPOS="243" WIDTH="86" HEIGHT="30" WC="0.96" CONTENT="efter"/><SP WIDTH="22" VPOS="243" HPOS="1221"/>
							<String ID="string_15" HPOS="1243" VPOS="243" WIDTH="47" HEIGHT="29" WC="0.96" CONTENT="tio"/><SP WIDTH="23" VPOS="243" HPOS="1290"/>
							<String ID="string_16" HPOS="1313" VPOS="243" WIDTH="105" HEIGHT="38" WC="0.96" CONTENT="dagar"/><SP WIDTH="22" VPOS="243" HPOS="1418"/>
							<String ID="string_17" HPOS="1440" VPOS="241" WIDTH="78" HEIGHT="30" WC="0.96" CONTENT="från"/><SP WIDTH="19" VPOS="241" HPOS="1518"/>
							<String ID="string_18" HPOS="1537" VPOS="241" WIDTH="58" HEIGHT="30" WC="0.93" CONTENT="det"/><SP WIDTH="21" VPOS="241" HPOS="1595"/>
							<String ID="string_19" HPOS="1616" VPOS="249" WIDTH="122" HEIGHT="31" WC="0.92" CONTENT="propo-"/>
						</TextLine>
						<TextLine ID="line_2" HPOS="260" VPOS="294" WIDTH="1477" HEIGHT="41">
							<String ID="string_20" HPOS="260" VPOS="301" WIDTH="150" HEIGHT="29" WC="0.90" CONTENT="sitionen"/><SP WIDTH="23" VPOS="301" HPOS="410"/>
							<String ID="string_21" HPOS="433" VPOS="301" WIDTH="82" HEIGHT="28" WC="0.96" CONTENT="kom"/><SP WIDTH="22" VPOS="301" HPOS="515"/>
							<String ID="string_22" HPOS="537" VPOS="300" WIDTH="204" HEIGHT="30" WC="0.96" CONTENT="kammaren"/><SP WIDTH="25" VPOS="300" HPOS="741"/>
							<String ID="string_23" HPOS="766" VPOS="298" WIDTH="180" HEIGHT="30" WC="0.96" CONTENT="tillhanda."/><SP WIDTH="25" VPOS="298" HPOS="946"/>
							<String ID="string_24" HPOS="971" VPOS="298" WIDTH="13" HEIGHT="28" WC="0.96" CONTENT="I"/><SP WIDTH="24" VPOS="298" HPOS="984"/>
							<String ID="string_25" HPOS="1008" VPOS="298" WIDTH="94" HEIGHT="29" WC="0.96" CONTENT="detta"/><SP WIDTH="25" VPOS="298" HPOS="1102"/>
							<String ID="string_26" HPOS="1127" VPOS="297" WIDTH="60" HEIGHT="29" WC="0.96" CONTENT="fall"/><SP WIDTH="25" VPOS="297" HPOS="1187"/>
							<String ID="string_27" HPOS="1212" VPOS="297" WIDTH="79" HEIGHT="38" WC="0.96" CONTENT="äger"/><SP WIDTH="25" VPOS="297" HPOS="1291"/>
							<String ID="string_28" HPOS="1316" VPOS="296" WIDTH="190" HEIGHT="32" WC="0.96" CONTENT="kammare,"/><SP WIDTH="26" VPOS="296" HPOS="1506"/>
							<String ID="string_29" HPOS="1532" VPOS="295" WIDTH="115" HEIGHT="29" WC="0.96" CONTENT="därest"/><SP WIDTH="25" VPOS="295" HPOS="1647"/>
							<String ID="string_30" HPOS="1672" VPOS="294" WIDTH="65" HEIGHT="29" WC="0.96" CONTENT="den"/>
						</TextLine>
						<TextLine ID="line_3" HPOS="260" VPOS="347" WIDTH="1479" HEIGHT="46">
							<String ID="string_31" HPOS="260" VPOS="355" WIDTH="79" HEIGHT="29" WC="0.96" CONTENT="med"/><SP WIDTH="22" VPOS="355" HPOS="339"/>
							<String ID="string_32" HPOS="361" VPOS="354" WIDTH="137" HEIGHT="39" WC="0.96" CONTENT="hänsyn"/><SP WIDTH="25" VPOS="354" HPOS="498"/>
							<String ID="string_33" HPOS="523" VPOS="354" WIDTH="51" HEIGHT="29" WC="0.96" CONTENT="till"/><SP WIDTH="25" VPOS="354" HPOS="574"/>
							<String ID="string_34" HPOS="599" VPOS="352" WIDTH="192" HEIGHT="30" WC="0.96" CONTENT="infallande"/><SP WIDTH="25" VPOS="352" HPOS="791"/>
							<String ID="string_35" HPOS="816" VPOS="352" WIDTH="77" HEIGHT="39" WC="0.96" CONTENT="helg"/><SP WIDTH="25" VPOS="352" HPOS="893"/>
							<String ID="string_36" HPOS="918" VPOS="351" WIDTH="80" HEIGHT="30" WC="0.96" CONTENT="eller"/><SP WIDTH="26" VPOS="351" HPOS="998"/>
							<String ID="string_37" HPOS="1024" VPOS="350" WIDTH="160" HEIGHT="30" WC="0.96" CONTENT="ärendets"/><SP WIDTH="27" VPOS="350" HPOS="1184"/>
							<String ID="string_38" HPOS="1211" VPOS="349" WIDTH="198" HEIGHT="39" WC="0.96" CONTENT="synnerliga"/><SP WIDTH="26" VPOS="349" HPOS="1409"/>
							<String ID="string_39" HPOS="1435" VPOS="348" WIDTH="212" HEIGHT="39" WC="0.93" CONTENT="omfattning"/><SP WIDTH="26" VPOS="348" HPOS="1647"/>
							<String ID="string_40" HPOS="1673" VPOS="347" WIDTH="66" HEIGHT="29" WC="0.91" CONTENT="fin-"/>
						</TextLine>
						<TextLine ID="line_4" HPOS="260" VPOS="400" WIDTH="1478" HEIGHT="46">
							<String ID="string_41" HPOS="260" VPOS="417" WIDTH="61" HEIGHT="20" WC="0.96" CONTENT="ner"/><SP WIDTH="27" VPOS="417" HPOS="321"/>
							<String ID="string_42" HPOS="348" VPOS="407" WIDTH="124" HEIGHT="30" WC="0.93" CONTENT="sådant"/><SP WIDTH="26" VPOS="407" HPOS="472"/>
							<String ID="string_43" HPOS="498" VPOS="407" WIDTH="129" HEIGHT="39" WC="0.91" CONTENT="nödigt,"/><SP WIDTH="27" VPOS="407" HPOS="627"/>
							<String ID="string_44" HPOS="654" VPOS="406" WIDTH="121" HEIGHT="39" WC="0.96" CONTENT="medge"/><SP WIDTH="28" VPOS="406" HPOS="775"/>
							<String ID="string_45" HPOS="803" VPOS="404" WIDTH="242" HEIGHT="39" WC="0.96" CONTENT="utsträckning"/><SP WIDTH="27" VPOS="404" HPOS="1045"/>
							<String ID="string_46" HPOS="1072" VPOS="413" WIDTH="42" HEIGHT="20" WC="0.96" CONTENT="av"/><SP WIDTH="27" VPOS="413" HPOS="1114"/>
							<String ID="string_47" HPOS="1141" VPOS="402" WIDTH="260" HEIGHT="34" WC="0.96" CONTENT="motionstiden,"/><SP WIDTH="29" VPOS="402" HPOS="1401"/>
							<String ID="string_48" HPOS="1430" VPOS="402" WIDTH="88" HEIGHT="29" WC="0.96" CONTENT="dock"/><SP WIDTH="28" VPOS="402" HPOS="1518"/>
							<String ID="string_49" HPOS="1546" VPOS="402" WIDTH="113" HEIGHT="38" WC="0.95" CONTENT="längst"/><SP WIDTH="29" VPOS="402" HPOS="1659"/>
							<String ID="string_50" HPOS="1688" VPOS="400" WIDTH="50" HEIGHT="29" WC="0.95" CONTENT="till"/>
						</TextLine>
						<TextLine ID="line_5" HPOS="261" VPOS="454" WIDTH="1478" HEIGHT="41">
							<String ID="string_51" HPOS="261" VPOS="461" WIDTH="56" HEIGHT="30" WC="0.96" CONTENT="det"/><SP WIDTH="18" VPOS="461" HPOS="317"/>
							<String ID="string_52" HPOS="335" VPOS="460" WIDTH="271" HEIGHT="33" WC="0.96" CONTENT="sammanträde,"/><SP WIDTH="19" VPOS="460" HPOS="606"/>
							<String ID="string_53" HPOS="625" VPOS="468" WIDTH="73" HEIGHT="21" WC="0.96" CONTENT="som"/><SP WIDTH="19" VPOS="468" HPOS="698"/>
							<String ID="string_54" HPOS="717" VPOS="458" WIDTH="140" HEIGHT="30" WC="0.96" CONTENT="infaller"/><SP WIDTH="20" VPOS="458" HPOS="857"/>
							<String ID="string_55" HPOS="877" VPOS="458" WIDTH="78" HEIGHT="29" WC="0.96" CONTENT="näst"/><SP WIDTH="16" VPOS="458" HPOS="955"/>
							<String ID="string_56" HPOS="971" VPOS="457" WIDTH="89" HEIGHT="30" WC="0.96" CONTENT="efter"/><SP WIDTH="20" VPOS="457" HPOS="1060"/>
							<String ID="string_57" HPOS="1080" VPOS="457" WIDTH="132" HEIGHT="29" WC="0.96" CONTENT="femton"/><SP WIDTH="20" VPOS="457" HPOS="1212"/>
							<String ID="string_58" HPOS="1232" VPOS="456" WIDTH="107" HEIGHT="39" WC="0.96" CONTENT="dagar"/><SP WIDTH="20" VPOS="456" HPOS="1339"/>
							<String ID="string_59" HPOS="1359" VPOS="455" WIDTH="79" HEIGHT="29" WC="0.96" CONTENT="från"/><SP WIDTH="21" VPOS="455" HPOS="1438"/>
							<String ID="string_60" HPOS="1459" VPOS="455" WIDTH="56" HEIGHT="29" WC="0.93" CONTENT="det"/><SP WIDTH="20" VPOS="455" HPOS="1515"/>
							<String ID="string_61" HPOS="1535" VPOS="454" WIDTH="204" HEIGHT="39" WC="0.92" CONTENT="propositio-"/>
						</TextLine>
						<TextLine ID="line_6" HPOS="261" VPOS="507" WIDTH="1479" HEIGHT="41">
							<String ID="string_62" HPOS="261" VPOS="524" WIDTH="67" HEIGHT="20" WC="0.96" CONTENT="nen"/><SP WIDTH="23" VPOS="524" HPOS="328"/>
							<String ID="string_63" HPOS="351" VPOS="514" WIDTH="81" HEIGHT="29" WC="0.96" CONTENT="kom"/><SP WIDTH="24" VPOS="514" HPOS="432"/>
							<String ID="string_64" HPOS="456" VPOS="514" WIDTH="203" HEIGHT="29" WC="0.96" CONTENT="kammaren"/><SP WIDTH="24" VPOS="514" HPOS="659"/>
							<String ID="string_65" HPOS="683" VPOS="512" WIDTH="51" HEIGHT="30" WC="0.96" CONTENT="till"/><SP WIDTH="24" VPOS="512" HPOS="734"/>
							<String ID="string_66" HPOS="758" VPOS="511" WIDTH="127" HEIGHT="30" WC="0.96" CONTENT="handa."/><SP WIDTH="24" VPOS="511" HPOS="885"/>
							<String ID="string_67" HPOS="909" VPOS="510" WIDTH="243" HEIGHT="30" WC="0.95" CONTENT="Motsvarande"/><SP WIDTH="24" VPOS="510" HPOS="1152"/>
							<String ID="string_68" HPOS="1176" VPOS="509" WIDTH="110" HEIGHT="39" WC="0.96" CONTENT="regler"/><SP WIDTH="25" VPOS="509" HPOS="1286"/>
							<String ID="string_69" HPOS="1311" VPOS="509" WIDTH="106" HEIGHT="39" WC="0.96" CONTENT="gäller"/><SP WIDTH="23" VPOS="509" HPOS="1417"/>
							<String ID="string_70" HPOS="1440" VPOS="508" WIDTH="53" HEIGHT="29" WC="0.92" CONTENT="för"/><SP WIDTH="25" VPOS="508" HPOS="1493"/>
							<String ID="string_71" HPOS="1518" VPOS="507" WIDTH="222" HEIGHT="30" WC="0.91" CONTENT="motionsrätt"/>
						</TextLine>
						<TextLine ID="line_7" HPOS="262" VPOS="560" WIDTH="1478" HEIGHT="46">
							<String ID="string_72" HPOS="262" VPOS="568" WIDTH="9" HEIGHT="29" WC="0.96" CONTENT="i"/><SP WIDTH="20" VPOS="568" HPOS="271"/>
							<String ID="string_73" HPOS="291" VPOS="567" WIDTH="203" HEIGHT="39" WC="0.96" CONTENT="anslutning"/><SP WIDTH="20" VPOS="567" HPOS="494"/>
							<String ID="string_74" HPOS="514" VPOS="566" WIDTH="51" HEIGHT="30" WC="0.96" CONTENT="till"/><SP WIDTH="21" VPOS="566" HPOS="565"/>
							<String ID="string_75" HPOS="586" VPOS="565" WIDTH="260" HEIGHT="39" WC="0.96" CONTENT="framställning"/><SP WIDTH="20" VPOS="565" HPOS="846"/>
							<String ID="string_76" HPOS="866" VPOS="564" WIDTH="80" HEIGHT="30" WC="0.96" CONTENT="från"/><SP WIDTH="19" VPOS="564" HPOS="946"/>
							<String ID="string_77" HPOS="965" VPOS="563" WIDTH="104" HEIGHT="40" WC="0.95" CONTENT="något"/><SP WIDTH="20" VPOS="563" HPOS="1069"/>
							<String ID="string_78" HPOS="1089" VPOS="563" WIDTH="205" HEIGHT="39" WC="0.96" CONTENT="riksdagens"/><SP WIDTH="22" VPOS="563" HPOS="1294"/>
							<String ID="string_79" HPOS="1316" VPOS="562" WIDTH="94" HEIGHT="30" WC="0.95" CONTENT="verk."/><SP WIDTH="23" VPOS="562" HPOS="1410"/>
							<String ID="string_80" HPOS="1433" VPOS="562" WIDTH="12" HEIGHT="29" WC="0.96" CONTENT="I"/><SP WIDTH="21" VPOS="562" HPOS="1445"/>
							<String ID="string_81" HPOS="1466" VPOS="562" WIDTH="94" HEIGHT="29" WC="0.96" CONTENT="detta"/><SP WIDTH="21" VPOS="562" HPOS="1560"/>
							<String ID="string_82" HPOS="1581" VPOS="561" WIDTH="60" HEIGHT="29" WC="0.93" CONTENT="fall"/><SP WIDTH="22" VPOS="561" HPOS="1641"/>
							<String ID="string_83" HPOS="1663" VPOS="560" WIDTH="77" HEIGHT="30" WC="0.92" CONTENT="räk-"/>
						</TextLine>
						<TextLine ID="line_8" HPOS="263" VPOS="614" WIDTH="1478" HEIGHT="43">
							<String ID="string_84" HPOS="263" VPOS="630" WIDTH="62" HEIGHT="21" WC="0.96" CONTENT="nas"/><SP WIDTH="19" VPOS="630" HPOS="325"/>
							<String ID="string_85" HPOS="344" VPOS="620" WIDTH="249" HEIGHT="30" WC="0.95" CONTENT="motionstiden"/><SP WIDTH="19" VPOS="620" HPOS="593"/>
							<String ID="string_86" HPOS="612" VPOS="619" WIDTH="78" HEIGHT="30" WC="0.96" CONTENT="från"/><SP WIDTH="19" VPOS="619" HPOS="690"/>
							<String ID="string_87" HPOS="709" VPOS="619" WIDTH="67" HEIGHT="29" WC="0.96" CONTENT="den"/><SP WIDTH="20" VPOS="619" HPOS="776"/>
							<String ID="string_88" HPOS="796" VPOS="618" WIDTH="76" HEIGHT="39" WC="0.95" CONTENT="dag,"/><SP WIDTH="19" VPOS="618" HPOS="872"/>
							<String ID="string_89" HPOS="891" VPOS="618" WIDTH="43" HEIGHT="29" WC="0.96" CONTENT="då"/><SP WIDTH="18" VPOS="618" HPOS="934"/>
							<String ID="string_90" HPOS="952" VPOS="617" WIDTH="165" HEIGHT="31" WC="0.96" CONTENT="anmälan"/><SP WIDTH="20" VPOS="617" HPOS="1117"/>
							<String ID="string_91" HPOS="1137" VPOS="625" WIDTH="56" HEIGHT="21" WC="0.93" CONTENT="om"/><SP WIDTH="20" VPOS="625" HPOS="1193"/>
							<String ID="string_92" HPOS="1213" VPOS="615" WIDTH="324" HEIGHT="39" WC="0.91" CONTENT="framställningens"/><SP WIDTH="21" VPOS="615" HPOS="1537"/>
							<String ID="string_93" HPOS="1558" VPOS="614" WIDTH="183" HEIGHT="39" WC="0.92" CONTENT="ingivande"/>
						</TextLine>
						<TextLine ID="line_9" HPOS="263" VPOS="668" WIDTH="1477" HEIGHT="46">
							<String ID="string_94" HPOS="263" VPOS="674" WIDTH="114" HEIGHT="40" WC="0.96" CONTENT="delges"/><SP WIDTH="19" VPOS="674" HPOS="377"/>
							<String ID="string_95" HPOS="396" VPOS="674" WIDTH="214" HEIGHT="29" WC="0.96" CONTENT="kammaren."/><SP WIDTH="19" VPOS="674" HPOS="610"/>
							<String ID="string_96" HPOS="629" VPOS="673" WIDTH="70" HEIGHT="29" WC="0.96" CONTENT="Har"/><SP WIDTH="19" VPOS="673" HPOS="699"/>
							<String ID="string_97" HPOS="718" VPOS="672" WIDTH="255" HEIGHT="38" WC="0.96" CONTENT="behandlingen"/><SP WIDTH="18" VPOS="672" HPOS="973"/>
							<String ID="string_98" HPOS="991" VPOS="680" WIDTH="42" HEIGHT="20" WC="0.96" CONTENT="av"/><SP WIDTH="18" VPOS="680" HPOS="1033"/>
							<String ID="string_99" HPOS="1051" VPOS="670" WIDTH="215" HEIGHT="40" WC="0.96" CONTENT="proposition"/><SP WIDTH="21" VPOS="670" HPOS="1266"/>
							<String ID="string_100" HPOS="1287" VPOS="669" WIDTH="82" HEIGHT="30" WC="0.95" CONTENT="eller"/><SP WIDTH="19" VPOS="669" HPOS="1369"/>
							<String ID="string_101" HPOS="1388" VPOS="668" WIDTH="260" HEIGHT="39" WC="0.96" CONTENT="framställning"/><SP WIDTH="19" VPOS="668" HPOS="1648"/>
							<String ID="string_102" HPOS="1667" VPOS="676" WIDTH="73" HEIGHT="20" WC="0.96" CONTENT="som"/>
						</TextLine>
						<TextLine ID="line_10" HPOS="263" VPOS="721" WIDTH="1479" HEIGHT="45">
							<String ID="string_103" HPOS="263" VPOS="736" WIDTH="82" HEIGHT="30" WC="0.96" CONTENT="nyss"/><SP WIDTH="41" VPOS="736" HPOS="345"/>
							<String ID="string_104" HPOS="386" VPOS="728" WIDTH="92" HEIGHT="38" WC="0.93" CONTENT="sagts"/><SP WIDTH="39" VPOS="728" HPOS="478"/>
							<String ID="string_105" HPOS="517" VPOS="726" WIDTH="218" HEIGHT="40" WC="0.91" CONTENT="uppskjutits"/><SP WIDTH="41" VPOS="726" HPOS="735"/>
							<String ID="string_106" HPOS="776" VPOS="725" WIDTH="52" HEIGHT="30" WC="0.93" CONTENT="till"/><SP WIDTH="28" VPOS="725" HPOS="828"/>
							<String ID="string_107" HPOS="856" VPOS="724" WIDTH="271" HEIGHT="33" WC="0.91" CONTENT="höstsessionen,"/><SP WIDTH="40" VPOS="724" HPOS="1127"/>
							<String ID="string_108" HPOS="1167" VPOS="723" WIDTH="57" HEIGHT="29" WC="0.94" CONTENT="må"/><SP WIDTH="41" VPOS="723" HPOS="1224"/>
							<String ID="string_109" HPOS="1265" VPOS="722" WIDTH="144" HEIGHT="34" WC="0.94" CONTENT="motion,"/><SP WIDTH="41" VPOS="722" HPOS="1409"/>
							<String ID="string_110" HPOS="1450" VPOS="730" WIDTH="76" HEIGHT="21" WC="0.96" CONTENT="som"/><SP WIDTH="40" VPOS="730" HPOS="1526"/>
							<String ID="string_111" HPOS="1566" VPOS="721" WIDTH="176" HEIGHT="29" WC="0.92" CONTENT="föranleds"/>
						</TextLine>
						<TextLine ID="line_11" HPOS="263" VPOS="774" WIDTH="1480" HEIGHT="46">
							<String ID="string_112" HPOS="263" VPOS="790" WIDTH="42" HEIGHT="20" WC="0.96" CONTENT="av"/><SP WIDTH="35" VPOS="790" HPOS="305"/>
							<String ID="string_113" HPOS="340" VPOS="780" WIDTH="262" HEIGHT="40" WC="0.96" CONTENT="propositionen"/><SP WIDTH="35" VPOS="780" HPOS="602"/>
							<String ID="string_114" HPOS="637" VPOS="779" WIDTH="82" HEIGHT="30" WC="0.94" CONTENT="eller"/><SP WIDTH="38" VPOS="779" HPOS="719"/>
							<String ID="string_115" HPOS="757" VPOS="777" WIDTH="315" HEIGHT="40" WC="0.96" CONTENT="framställningen,"/><SP WIDTH="37" VPOS="777" HPOS="1072"/>
							<String ID="string_116" HPOS="1109" VPOS="776" WIDTH="127" HEIGHT="30" WC="0.96" CONTENT="väckas"/><SP WIDTH="40" VPOS="776" HPOS="1236"/>
							<String ID="string_117" HPOS="1276" VPOS="776" WIDTH="63" HEIGHT="29" WC="0.96" CONTENT="sist"/><SP WIDTH="39" VPOS="776" HPOS="1339"/>
							<String ID="string_118" HPOS="1378" VPOS="775" WIDTH="109" HEIGHT="39" WC="0.96" CONTENT="dagen"/><SP WIDTH="39" VPOS="775" HPOS="1487"/>
							<String ID="string_119" HPOS="1526" VPOS="774" WIDTH="86" HEIGHT="30" WC="0.93" CONTENT="efter"/><SP WIDTH="38" VPOS="774" HPOS="1612"/>
							<String ID="string_120" HPOS="1650" VPOS="775" WIDTH="93" HEIGHT="28" WC="0.92" CONTENT="höst-"/>
						</TextLine>
						<TextLine ID="line_12" HPOS="264" VPOS="827" WIDTH="1479" HEIGHT="46">
							<String ID="string_121" HPOS="264" VPOS="834" WIDTH="198" HEIGHT="30" WC="0.92" CONTENT="sessionens"/><SP WIDTH="28" VPOS="834" HPOS="462"/>
							<String ID="string_122" HPOS="490" VPOS="833" WIDTH="135" HEIGHT="40" WC="0.96" CONTENT="början."/><SP WIDTH="29" VPOS="833" HPOS="625"/>
							<String ID="string_123" HPOS="654" VPOS="832" WIDTH="12" HEIGHT="29" WC="0.96" CONTENT="I"/><SP WIDTH="31" VPOS="832" HPOS="666"/>
							<String ID="string_124" HPOS="697" VPOS="831" WIDTH="128" HEIGHT="40" WC="0.96" CONTENT="frågor,"/><SP WIDTH="30" VPOS="831" HPOS="825"/>
							<String ID="string_125" HPOS="855" VPOS="840" WIDTH="74" HEIGHT="20" WC="0.96" CONTENT="som"/><SP WIDTH="29" VPOS="840" HPOS="929"/>
							<String ID="string_126" HPOS="958" VPOS="831" WIDTH="57" HEIGHT="29" WC="0.96" CONTENT="rör"/><SP WIDTH="30" VPOS="831" HPOS="1015"/>
							<String ID="string_127" HPOS="1045" VPOS="829" WIDTH="198" HEIGHT="40" WC="0.96" CONTENT="någondera"/><SP WIDTH="31" VPOS="829" HPOS="1243"/>
							<String ID="string_128" HPOS="1274" VPOS="829" WIDTH="206" HEIGHT="30" WC="0.95" CONTENT="kammaren"/><SP WIDTH="31" VPOS="829" HPOS="1480"/>
							<String ID="string_129" HPOS="1511" VPOS="828" WIDTH="138" HEIGHT="33" WC="0.95" CONTENT="enskilt,"/><SP WIDTH="30" VPOS="828" HPOS="1649"/>
							<String ID="string_130" HPOS="1679" VPOS="827" WIDTH="64" HEIGHT="30" WC="0.96" CONTENT="och"/>
						</TextLine>
						<TextLine ID="line_13" HPOS="264" VPOS="882" WIDTH="1479" HEIGHT="44">
							<String ID="string_131" HPOS="264" VPOS="888" WIDTH="10" HEIGHT="28" WC="0.96" CONTENT="i"/><SP WIDTH="18" VPOS="888" HPOS="274"/>
							<String ID="string_132" HPOS="292" VPOS="886" WIDTH="129" HEIGHT="40" WC="0.96" CONTENT="frågor,"/><SP WIDTH="16" VPOS="886" HPOS="421"/>
							<String ID="string_133" HPOS="437" VPOS="895" WIDTH="75" HEIGHT="21" WC="0.96" CONTENT="som"/><SP WIDTH="18" VPOS="895" HPOS="512"/>
							<String ID="string_134" HPOS="530" VPOS="895" WIDTH="42" HEIGHT="21" WC="0.96" CONTENT="av"/><SP WIDTH="16" VPOS="895" HPOS="572"/>
							<String ID="string_135" HPOS="588" VPOS="886" WIDTH="109" HEIGHT="30" WC="0.96" CONTENT="redan"/><SP WIDTH="15" VPOS="886" HPOS="697"/>
							<String ID="string_136" HPOS="712" VPOS="886" WIDTH="97" HEIGHT="29" WC="0.96" CONTENT="inom"/><SP WIDTH="18" VPOS="886" HPOS="809"/>
							<String ID="string_137" HPOS="827" VPOS="884" WIDTH="198" HEIGHT="40" WC="0.96" CONTENT="någondera"/><SP WIDTH="19" VPOS="884" HPOS="1025"/>
							<String ID="string_138" HPOS="1044" VPOS="884" WIDTH="205" HEIGHT="29" WC="0.96" CONTENT="kammaren"/><SP WIDTH="20" VPOS="884" HPOS="1249"/>
							<String ID="string_139" HPOS="1269" VPOS="882" WIDTH="105" HEIGHT="30" WC="0.96" CONTENT="fattat"/><SP WIDTH="19" VPOS="882" HPOS="1374"/>
							<String ID="string_140" HPOS="1393" VPOS="882" WIDTH="113" HEIGHT="29" WC="0.96" CONTENT="beslut"/><SP WIDTH="19" VPOS="882" HPOS="1506"/>
							<String ID="string_141" HPOS="1525" VPOS="882" WIDTH="82" HEIGHT="29" WC="0.96" CONTENT="eller"/><SP WIDTH="20" VPOS="882" HPOS="1607"/>
							<String ID="string_142" HPOS="1627" VPOS="890" WIDTH="116" HEIGHT="21" WC="0.96" CONTENT="annan"/>
						</TextLine>
						<TextLine ID="line_14" HPOS="264" VPOS="934" WIDTH="1480" HEIGHT="45">
							<String ID="string_143" HPOS="264" VPOS="941" WIDTH="112" HEIGHT="29" WC="0.96" CONTENT="under"/><SP WIDTH="22" VPOS="941" HPOS="376"/>
							<String ID="string_144" HPOS="398" VPOS="940" WIDTH="189" HEIGHT="39" WC="0.96" CONTENT="riksdagen"/><SP WIDTH="22" VPOS="940" HPOS="587"/>
							<String ID="string_145" HPOS="609" VPOS="939" WIDTH="172" HEIGHT="30" WC="0.96" CONTENT="inträffad"/><SP WIDTH="25" VPOS="939" HPOS="781"/>
							<String ID="string_146" HPOS="806" VPOS="938" WIDTH="164" HEIGHT="30" WC="0.93" CONTENT="händelse"/><SP WIDTH="26" VPOS="938" HPOS="970"/>
							<String ID="string_147" HPOS="996" VPOS="936" WIDTH="292" HEIGHT="39" WC="0.92" CONTENT="omedelbarligen"/><SP WIDTH="27" VPOS="936" HPOS="1288"/>
							<String ID="string_148" HPOS="1315" VPOS="935" WIDTH="189" HEIGHT="36" WC="0.96" CONTENT="föranleds,"/><SP WIDTH="26" VPOS="935" HPOS="1504"/>
							<String ID="string_149" HPOS="1530" VPOS="934" WIDTH="57" HEIGHT="30" WC="0.96" CONTENT="må"/><SP WIDTH="26" VPOS="934" HPOS="1587"/>
							<String ID="string_150" HPOS="1613" VPOS="935" WIDTH="131" HEIGHT="29" WC="0.96" CONTENT="motion"/>
						</TextLine>
						<TextLine ID="line_15" HPOS="265" VPOS="991" WIDTH="602" HEIGHT="41">
							<String ID="string_151" HPOS="265" VPOS="994" WIDTH="139" HEIGHT="34" WC="0.96" CONTENT="väckas,"/><SP WIDTH="19" VPOS="994" HPOS="404"/>
							<String ID="string_152" HPOS="423" VPOS="993" WIDTH="39" HEIGHT="31" WC="0.96" CONTENT="så"/><SP WIDTH="17" VPOS="993" HPOS="462"/>
							<String ID="string_153" HPOS="479" VPOS="993" WIDTH="100" HEIGHT="39" WC="0.96" CONTENT="länge"/><SP WIDTH="18" VPOS="993" HPOS="579"/>
							<String ID="string_154" HPOS="597" VPOS="993" WIDTH="134" HEIGHT="30" WC="0.96" CONTENT="session"/><SP WIDTH="19" VPOS="993" HPOS="731"/>
							<String ID="string_155" HPOS="750" VPOS="991" WIDTH="117" HEIGHT="40" WC="0.96" CONTENT="pågår."/>
						</TextLine>
					</TextBlock>
				</ComposedBlock>
				<ComposedBlock ID="cblock_2" HPOS="266" VPOS="1094" WIDTH="1490" HEIGHT="1428">
					<TextBlock ID="block_2" HPOS="266" VPOS="1094" WIDTH="1489" HEIGHT="1110">
						<TextLine ID="line_16" HPOS="309" VPOS="1094" WIDTH="1438" HEIGHT="44">
							<String ID="string_156" HPOS="309" VPOS="1100" WIDTH="166" HEIGHT="30" WC="0.95" CONTENT="Historik."/><SP WIDTH="19" VPOS="1100" HPOS="475"/>
							<String ID="string_157" HPOS="494" VPOS="1100" WIDTH="75" HEIGHT="29" WC="0.96" CONTENT="Den"/><SP WIDTH="20" VPOS="1100" HPOS="569"/>
							<String ID="string_158" HPOS="589" VPOS="1099" WIDTH="87" HEIGHT="30" WC="0.96" CONTENT="enda"/><SP WIDTH="20" VPOS="1099" HPOS="676"/>
							<String ID="string_159" HPOS="696" VPOS="1098" WIDTH="233" HEIGHT="40" WC="0.96" CONTENT="begränsning"/><SP WIDTH="19" VPOS="1098" HPOS="929"/>
							<String ID="string_160" HPOS="948" VPOS="1107" WIDTH="42" HEIGHT="20" WC="0.96" CONTENT="av"/><SP WIDTH="20" VPOS="1107" HPOS="990"/>
							<String ID="string_161" HPOS="1010" VPOS="1096" WIDTH="260" HEIGHT="35" WC="0.96" CONTENT="motionstiden,"/><SP WIDTH="21" VPOS="1096" HPOS="1270"/>
							<String ID="string_162" HPOS="1291" VPOS="1104" WIDTH="76" HEIGHT="21" WC="0.96" CONTENT="som"/><SP WIDTH="23" VPOS="1104" HPOS="1367"/>
							<String ID="string_163" HPOS="1390" VPOS="1095" WIDTH="83" HEIGHT="30" WC="0.96" CONTENT="1866"/><SP WIDTH="21" VPOS="1095" HPOS="1473"/>
							<String ID="string_164" HPOS="1494" VPOS="1095" WIDTH="57" HEIGHT="30" WC="0.93" CONTENT="års"/><SP WIDTH="21" VPOS="1095" HPOS="1551"/>
							<String ID="string_165" HPOS="1572" VPOS="1094" WIDTH="175" HEIGHT="39" WC="0.91" CONTENT="riksdags-"/>
						</TextLine>
						<TextLine ID="line_17" HPOS="266" VPOS="1148" WIDTH="1481" HEIGHT="45">
							<String ID="string_166" HPOS="266" VPOS="1153" WIDTH="149" HEIGHT="40" WC="0.96" CONTENT="ordning"/><SP WIDTH="24" VPOS="1153" HPOS="415"/>
							<String ID="string_167" HPOS="439" VPOS="1152" WIDTH="268" HEIGHT="40" WC="0.96" CONTENT="ursprungligen"/><SP WIDTH="25" VPOS="1152" HPOS="707"/>
							<String ID="string_168" HPOS="732" VPOS="1153" WIDTH="142" HEIGHT="38" WC="0.96" CONTENT="upptog,"/><SP WIDTH="24" VPOS="1153" HPOS="874"/>
							<String ID="string_169" HPOS="898" VPOS="1160" WIDTH="59" HEIGHT="21" WC="0.96" CONTENT="var"/><SP WIDTH="24" VPOS="1160" HPOS="957"/>
							<String ID="string_170" HPOS="981" VPOS="1152" WIDTH="51" HEIGHT="29" WC="0.96" CONTENT="att"/><SP WIDTH="26" VPOS="1152" HPOS="1032"/>
							<String ID="string_171" HPOS="1058" VPOS="1151" WIDTH="143" HEIGHT="32" WC="0.95" CONTENT="motion,"/><SP WIDTH="25" VPOS="1151" HPOS="1201"/>
							<String ID="string_172" HPOS="1226" VPOS="1158" WIDTH="75" HEIGHT="21" WC="0.96" CONTENT="som"/><SP WIDTH="27" VPOS="1158" HPOS="1301"/>
							<String ID="string_173" HPOS="1328" VPOS="1148" WIDTH="162" HEIGHT="30" WC="0.96" CONTENT="tillhörde"/><SP WIDTH="27" VPOS="1148" HPOS="1490"/>
							<String ID="string_174" HPOS="1517" VPOS="1148" WIDTH="152" HEIGHT="39" WC="0.93" CONTENT="ständigt"/><SP WIDTH="26" VPOS="1148" HPOS="1669"/>
							<String ID="string_175" HPOS="1695" VPOS="1149" WIDTH="52" HEIGHT="28" WC="0.93" CONTENT="ut-"/>
						</TextLine>
						<TextLine ID="line_18" HPOS="267" VPOS="1201" WIDTH="1480" HEIGHT="44">
							<String ID="string_176" HPOS="267" VPOS="1207" WIDTH="112" HEIGHT="29" WC="0.90" CONTENT="skotts"/><SP WIDTH="19" VPOS="1207" HPOS="379"/>
							<String ID="string_177" HPOS="398" VPOS="1206" WIDTH="222" HEIGHT="39" WC="0.96" CONTENT="behandling,"/><SP WIDTH="19" VPOS="1206" HPOS="620"/>
							<String ID="string_178" HPOS="639" VPOS="1205" WIDTH="110" HEIGHT="30" WC="0.96" CONTENT="måste"/><SP WIDTH="19" VPOS="1205" HPOS="749"/>
							<String ID="string_179" HPOS="768" VPOS="1205" WIDTH="128" HEIGHT="30" WC="0.96" CONTENT="väckas"/><SP WIDTH="19" VPOS="1205" HPOS="896"/>
							<String ID="string_180" HPOS="915" VPOS="1205" WIDTH="95" HEIGHT="29" WC="0.96" CONTENT="inom"/><SP WIDTH="20" VPOS="1205" HPOS="1010"/>
							<String ID="string_181" HPOS="1030" VPOS="1204" WIDTH="48" HEIGHT="30" WC="0.96" CONTENT="tio"/><SP WIDTH="20" VPOS="1204" HPOS="1078"/>
							<String ID="string_182" HPOS="1098" VPOS="1204" WIDTH="105" HEIGHT="38" WC="0.96" CONTENT="dagar"/><SP WIDTH="22" VPOS="1204" HPOS="1203"/>
							<String ID="string_183" HPOS="1225" VPOS="1202" WIDTH="80" HEIGHT="30" WC="0.96" CONTENT="från"/><SP WIDTH="20" VPOS="1202" HPOS="1305"/>
							<String ID="string_184" HPOS="1325" VPOS="1202" WIDTH="205" HEIGHT="39" WC="0.96" CONTENT="riksdagens"/><SP WIDTH="22" VPOS="1202" HPOS="1530"/>
							<String ID="string_185" HPOS="1552" VPOS="1201" WIDTH="195" HEIGHT="40" WC="0.96" CONTENT="öppnande,"/>
						</TextLine>
						<TextLine ID="line_19" HPOS="267" VPOS="1254" WIDTH="1481" HEIGHT="44">
							<String ID="string_186" HPOS="267" VPOS="1260" WIDTH="104" HEIGHT="30" WC="0.96" CONTENT="såvitt"/><SP WIDTH="19" VPOS="1260" HPOS="371"/>
							<String ID="string_187" HPOS="390" VPOS="1260" WIDTH="76" HEIGHT="30" WC="0.95" CONTENT="icke"/><SP WIDTH="20" VPOS="1260" HPOS="466"/>
							<String ID="string_188" HPOS="486" VPOS="1260" WIDTH="176" HEIGHT="29" WC="0.96" CONTENT="motionen"/><SP WIDTH="21" VPOS="1260" HPOS="662"/>
							<String ID="string_189" HPOS="683" VPOS="1258" WIDTH="217" HEIGHT="31" WC="0.93" CONTENT="innefattade"/><SP WIDTH="19" VPOS="1258" HPOS="900"/>
							<String ID="string_190" HPOS="919" VPOS="1257" WIDTH="323" HEIGHT="41" WC="0.92" CONTENT="grundlagsförslag"/><SP WIDTH="21" VPOS="1257" HPOS="1242"/>
							<String ID="string_191" HPOS="1263" VPOS="1256" WIDTH="82" HEIGHT="30" WC="0.93" CONTENT="eller"/><SP WIDTH="21" VPOS="1256" HPOS="1345"/>
							<String ID="string_192" HPOS="1366" VPOS="1255" WIDTH="291" HEIGHT="39" WC="0.92" CONTENT="omedelbarligen"/><SP WIDTH="23" VPOS="1255" HPOS="1657"/>
							<String ID="string_193" HPOS="1680" VPOS="1254" WIDTH="68" HEIGHT="30" WC="0.92" CONTENT="för-"/>
						</TextLine>
						<TextLine ID="line_20" HPOS="267" VPOS="1308" WIDTH="1481" HEIGHT="44">
							<String ID="string_194" HPOS="267" VPOS="1314" WIDTH="165" HEIGHT="30" WC="0.91" CONTENT="anleddes"/><SP WIDTH="20" VPOS="1314" HPOS="432"/>
							<String ID="string_195" HPOS="452" VPOS="1322" WIDTH="42" HEIGHT="21" WC="0.96" CONTENT="av"/><SP WIDTH="18" VPOS="1322" HPOS="494"/>
							<String ID="string_196" HPOS="512" VPOS="1313" WIDTH="97" HEIGHT="30" WC="0.96" CONTENT="inom"/><SP WIDTH="18" VPOS="1313" HPOS="609"/>
							<String ID="string_197" HPOS="627" VPOS="1312" WIDTH="201" HEIGHT="40" WC="0.96" CONTENT="någondera"/><SP WIDTH="19" VPOS="1312" HPOS="828"/>
							<String ID="string_198" HPOS="847" VPOS="1311" WIDTH="205" HEIGHT="30" WC="0.96" CONTENT="kammaren"/><SP WIDTH="21" VPOS="1311" HPOS="1052"/>
							<String ID="string_199" HPOS="1073" VPOS="1310" WIDTH="104" HEIGHT="30" WC="0.96" CONTENT="fattat"/><SP WIDTH="20" VPOS="1310" HPOS="1177"/>
							<String ID="string_200" HPOS="1197" VPOS="1310" WIDTH="115" HEIGHT="29" WC="0.96" CONTENT="beslut"/><SP WIDTH="19" VPOS="1310" HPOS="1312"/>
							<String ID="string_201" HPOS="1331" VPOS="1309" WIDTH="82" HEIGHT="30" WC="0.96" CONTENT="eller"/><SP WIDTH="21" VPOS="1309" HPOS="1413"/>
							<String ID="string_202" HPOS="1434" VPOS="1310" WIDTH="166" HEIGHT="38" WC="0.96" CONTENT="upptaget"/><SP WIDTH="21" VPOS="1310" HPOS="1600"/>
							<String ID="string_203" HPOS="1621" VPOS="1308" WIDTH="127" HEIGHT="30" WC="0.96" CONTENT="ärende"/>
						</TextLine>
						<TextLine ID="line_21" HPOS="273" VPOS="1360" WIDTH="1477" HEIGHT="44">
							<String ID="string_204" HPOS="273" VPOS="1366" WIDTH="39" HEIGHT="32" WC="0.90" CONTENT="(t."/><SP WIDTH="22" VPOS="1366" HPOS="312"/>
							<String ID="string_205" HPOS="334" VPOS="1375" WIDTH="52" HEIGHT="21" WC="0.96" CONTENT="ex."/><SP WIDTH="22" VPOS="1375" HPOS="386"/>
							<String ID="string_206" HPOS="408" VPOS="1365" WIDTH="232" HEIGHT="39" WC="0.96" CONTENT="proposition)"/><SP WIDTH="27" VPOS="1365" HPOS="640"/>
							<String ID="string_207" HPOS="667" VPOS="1365" WIDTH="82" HEIGHT="29" WC="0.96" CONTENT="eller"/><SP WIDTH="23" VPOS="1365" HPOS="749"/>
							<String ID="string_208" HPOS="772" VPOS="1373" WIDTH="119" HEIGHT="20" WC="0.96" CONTENT="annan"/><SP WIDTH="19" VPOS="1373" HPOS="891"/>
							<String ID="string_209" HPOS="910" VPOS="1363" WIDTH="113" HEIGHT="30" WC="0.96" CONTENT="under"/><SP WIDTH="19" VPOS="1363" HPOS="1023"/>
							<String ID="string_210" HPOS="1042" VPOS="1363" WIDTH="189" HEIGHT="38" WC="0.96" CONTENT="riksdagen"/><SP WIDTH="20" VPOS="1363" HPOS="1231"/>
							<String ID="string_211" HPOS="1251" VPOS="1361" WIDTH="174" HEIGHT="30" WC="0.96" CONTENT="inträffad"/><SP WIDTH="20" VPOS="1361" HPOS="1425"/>
							<String ID="string_212" HPOS="1445" VPOS="1361" WIDTH="176" HEIGHT="30" WC="0.96" CONTENT="händelse."/><SP WIDTH="24" VPOS="1361" HPOS="1621"/>
							<String ID="string_213" HPOS="1645" VPOS="1360" WIDTH="12" HEIGHT="29" WC="0.92" CONTENT="I"/><SP WIDTH="22" VPOS="1360" HPOS="1657"/>
							<String ID="string_214" HPOS="1679" VPOS="1361" WIDTH="71" HEIGHT="28" WC="0.92" CONTENT="äm-"/>
						</TextLine>
						<TextLine ID="line_22" HPOS="268" VPOS="1415" WIDTH="1479" HEIGHT="45">
							<String ID="string_215" HPOS="268" VPOS="1430" WIDTH="43" HEIGHT="20" WC="0.95" CONTENT="ne"/><SP WIDTH="19" VPOS="1430" HPOS="311"/>
							<String ID="string_216" HPOS="330" VPOS="1429" WIDTH="75" HEIGHT="21" WC="0.96" CONTENT="som"/><SP WIDTH="19" VPOS="1429" HPOS="405"/>
							<String ID="string_217" HPOS="424" VPOS="1420" WIDTH="30" HEIGHT="40" WC="0.96" CONTENT="ej"/><SP WIDTH="22" VPOS="1420" HPOS="454"/>
							<String ID="string_218" HPOS="476" VPOS="1419" WIDTH="162" HEIGHT="31" WC="0.96" CONTENT="tillhörde"/><SP WIDTH="20" VPOS="1419" HPOS="638"/>
							<String ID="string_219" HPOS="658" VPOS="1419" WIDTH="153" HEIGHT="39" WC="0.96" CONTENT="ständigt"/><SP WIDTH="21" VPOS="1419" HPOS="811"/>
							<String ID="string_220" HPOS="832" VPOS="1418" WIDTH="134" HEIGHT="30" WC="0.96" CONTENT="utskott"/><SP WIDTH="18" VPOS="1418" HPOS="966"/>
							<String ID="string_221" HPOS="984" VPOS="1417" WIDTH="120" HEIGHT="30" WC="0.96" CONTENT="kunde"/><SP WIDTH="20" VPOS="1417" HPOS="1104"/>
							<String ID="string_222" HPOS="1124" VPOS="1417" WIDTH="132" HEIGHT="30" WC="0.96" CONTENT="motion"/><SP WIDTH="20" VPOS="1417" HPOS="1256"/>
							<String ID="string_223" HPOS="1276" VPOS="1416" WIDTH="128" HEIGHT="30" WC="0.96" CONTENT="väckas"/><SP WIDTH="20" VPOS="1416" HPOS="1404"/>
							<String ID="string_224" HPOS="1424" VPOS="1416" WIDTH="110" HEIGHT="29" WC="0.96" CONTENT="under"/><SP WIDTH="21" VPOS="1416" HPOS="1534"/>
							<String ID="string_225" HPOS="1555" VPOS="1416" WIDTH="78" HEIGHT="29" WC="0.96" CONTENT="hela"/><SP WIDTH="22" VPOS="1416" HPOS="1633"/>
							<String ID="string_226" HPOS="1655" VPOS="1415" WIDTH="92" HEIGHT="29" WC="0.96" CONTENT="tiden"/>
						</TextLine>
						<TextLine ID="line_23" HPOS="268" VPOS="1468" WIDTH="1482" HEIGHT="45">
							<String ID="string_227" HPOS="268" VPOS="1474" WIDTH="188" HEIGHT="39" WC="0.96" CONTENT="riksdagen"/><SP WIDTH="15" VPOS="1474" HPOS="456"/>
							<String ID="string_228" HPOS="471" VPOS="1482" WIDTH="60" HEIGHT="21" WC="0.96" CONTENT="var"/><SP WIDTH="16" VPOS="1482" HPOS="531"/>
							<String ID="string_229" HPOS="547" VPOS="1473" WIDTH="144" HEIGHT="30" WC="0.96" CONTENT="samlad."/><SP WIDTH="17" VPOS="1473" HPOS="691"/>
							<String ID="string_230" HPOS="708" VPOS="1472" WIDTH="98" HEIGHT="30" WC="0.96" CONTENT="Efter"/><SP WIDTH="16" VPOS="1472" HPOS="806"/>
							<String ID="string_231" HPOS="822" VPOS="1472" WIDTH="94" HEIGHT="29" WC="0.96" CONTENT="hand"/><SP WIDTH="15" VPOS="1472" HPOS="916"/>
							<String ID="string_232" HPOS="931" VPOS="1471" WIDTH="136" HEIGHT="30" WC="0.95" CONTENT="tillkom"/><SP WIDTH="16" VPOS="1471" HPOS="1067"/>
							<String ID="string_233" HPOS="1083" VPOS="1470" WIDTH="199" HEIGHT="40" WC="0.96" CONTENT="ytterligare"/><SP WIDTH="18" VPOS="1470" HPOS="1282"/>
							<String ID="string_234" HPOS="1300" VPOS="1469" WIDTH="284" HEIGHT="40" WC="0.96" CONTENT="begränsningar."/><SP WIDTH="18" VPOS="1469" HPOS="1584"/>
							<String ID="string_235" HPOS="1602" VPOS="1468" WIDTH="45" HEIGHT="29" WC="0.96" CONTENT="År"/><SP WIDTH="20" VPOS="1468" HPOS="1647"/>
							<String ID="string_236" HPOS="1667" VPOS="1468" WIDTH="83" HEIGHT="29" WC="0.96" CONTENT="1909"/>
						</TextLine>
						<TextLine ID="line_24" HPOS="270" VPOS="1522" WIDTH="1480" HEIGHT="41">
							<String ID="string_237" HPOS="270" VPOS="1527" WIDTH="225" HEIGHT="34" WC="0.95" CONTENT="fastställdes,"/><SP WIDTH="28" VPOS="1527" HPOS="495"/>
							<String ID="string_238" HPOS="523" VPOS="1528" WIDTH="49" HEIGHT="28" WC="0.96" CONTENT="att"/><SP WIDTH="28" VPOS="1528" HPOS="572"/>
							<String ID="string_239" HPOS="600" VPOS="1526" WIDTH="132" HEIGHT="29" WC="0.94" CONTENT="motion"/><SP WIDTH="28" VPOS="1526" HPOS="732"/>
							<String ID="string_240" HPOS="760" VPOS="1525" WIDTH="208" HEIGHT="30" WC="0.94" CONTENT="tillhörande"/><SP WIDTH="29" VPOS="1525" HPOS="968"/>
							<String ID="string_241" HPOS="997" VPOS="1524" WIDTH="168" HEIGHT="39" WC="0.94" CONTENT="tillfälligt"/><SP WIDTH="30" VPOS="1524" HPOS="1165"/>
							<String ID="string_242" HPOS="1195" VPOS="1523" WIDTH="135" HEIGHT="30" WC="0.96" CONTENT="utskott"/><SP WIDTH="30" VPOS="1523" HPOS="1330"/>
							<String ID="string_243" HPOS="1360" VPOS="1523" WIDTH="112" HEIGHT="29" WC="0.96" CONTENT="skulle"/><SP WIDTH="29" VPOS="1523" HPOS="1472"/>
							<String ID="string_244" HPOS="1501" VPOS="1522" WIDTH="126" HEIGHT="30" WC="0.96" CONTENT="väckas"/><SP WIDTH="29" VPOS="1522" HPOS="1627"/>
							<String ID="string_245" HPOS="1656" VPOS="1522" WIDTH="94" HEIGHT="29" WC="0.96" CONTENT="inom"/>
						</TextLine>
						<TextLine ID="line_25" HPOS="270" VPOS="1575" WIDTH="1480" HEIGHT="45">
							<String ID="string_246" HPOS="270" VPOS="1581" WIDTH="101" HEIGHT="39" WC="0.92" CONTENT="tjugu"/><SP WIDTH="21" VPOS="1581" HPOS="371"/>
							<String ID="string_247" HPOS="392" VPOS="1580" WIDTH="106" HEIGHT="39" WC="0.96" CONTENT="dagar"/><SP WIDTH="22" VPOS="1580" HPOS="498"/>
							<String ID="string_248" HPOS="520" VPOS="1579" WIDTH="79" HEIGHT="30" WC="0.96" CONTENT="från"/><SP WIDTH="20" VPOS="1579" HPOS="599"/>
							<String ID="string_249" HPOS="619" VPOS="1579" WIDTH="207" HEIGHT="39" WC="0.96" CONTENT="riksdagens"/><SP WIDTH="22" VPOS="1579" HPOS="826"/>
							<String ID="string_250" HPOS="848" VPOS="1578" WIDTH="194" HEIGHT="40" WC="0.96" CONTENT="öppnande,"/><SP WIDTH="22" VPOS="1578" HPOS="1042"/>
							<String ID="string_251" HPOS="1064" VPOS="1576" WIDTH="259" HEIGHT="31" WC="0.96" CONTENT="vederbörande"/><SP WIDTH="21" VPOS="1576" HPOS="1323"/>
							<String ID="string_252" HPOS="1344" VPOS="1576" WIDTH="180" HEIGHT="30" WC="0.96" CONTENT="kammare"/><SP WIDTH="22" VPOS="1576" HPOS="1524"/>
							<String ID="string_253" HPOS="1546" VPOS="1575" WIDTH="105" HEIGHT="30" WC="0.92" CONTENT="likväl"/><SP WIDTH="23" VPOS="1575" HPOS="1651"/>
							<String ID="string_254" HPOS="1674" VPOS="1575" WIDTH="76" HEIGHT="30" WC="0.92" CONTENT="obe-"/>
						</TextLine>
						<TextLine ID="line_26" HPOS="271" VPOS="1628" WIDTH="1480" HEIGHT="45">
							<String ID="string_255" HPOS="271" VPOS="1635" WIDTH="91" HEIGHT="38" WC="0.96" CONTENT="taget"/><SP WIDTH="23" VPOS="1635" HPOS="362"/>
							<String ID="string_256" HPOS="385" VPOS="1635" WIDTH="50" HEIGHT="28" WC="0.96" CONTENT="att"/><SP WIDTH="22" VPOS="1635" HPOS="435"/>
							<String ID="string_257" HPOS="457" VPOS="1633" WIDTH="54" HEIGHT="30" WC="0.96" CONTENT="för"/><SP WIDTH="24" VPOS="1633" HPOS="511"/>
							<String ID="string_258" HPOS="535" VPOS="1632" WIDTH="140" HEIGHT="31" WC="0.96" CONTENT="särskilt"/><SP WIDTH="24" VPOS="1632" HPOS="675"/>
							<String ID="string_259" HPOS="699" VPOS="1632" WIDTH="61" HEIGHT="30" WC="0.93" CONTENT="fall"/><SP WIDTH="25" VPOS="1632" HPOS="760"/>
							<String ID="string_260" HPOS="785" VPOS="1631" WIDTH="157" HEIGHT="40" WC="0.92" CONTENT="medgiva"/><SP WIDTH="24" VPOS="1631" HPOS="942"/>
							<String ID="string_261" HPOS="966" VPOS="1633" WIDTH="50" HEIGHT="28" WC="0.96" CONTENT="att"/><SP WIDTH="23" VPOS="1633" HPOS="1016"/>
							<String ID="string_262" HPOS="1039" VPOS="1631" WIDTH="132" HEIGHT="29" WC="0.96" CONTENT="motion"/><SP WIDTH="24" VPOS="1631" HPOS="1171"/>
							<String ID="string_263" HPOS="1195" VPOS="1630" WIDTH="141" HEIGHT="29" WC="0.96" CONTENT="väcktes"/><SP WIDTH="25" VPOS="1630" HPOS="1336"/>
							<String ID="string_264" HPOS="1361" VPOS="1630" WIDTH="87" HEIGHT="29" WC="0.95" CONTENT="även"/><SP WIDTH="23" VPOS="1630" HPOS="1448"/>
							<String ID="string_265" HPOS="1471" VPOS="1638" WIDTH="130" HEIGHT="21" WC="0.93" CONTENT="senare."/><SP WIDTH="27" VPOS="1638" HPOS="1601"/>
							<String ID="string_266" HPOS="1628" VPOS="1628" WIDTH="123" HEIGHT="30" WC="0.90" CONTENT="Samti-"/>
						</TextLine>
						<TextLine ID="line_27" HPOS="270" VPOS="1682" WIDTH="1480" HEIGHT="45">
							<String ID="string_267" HPOS="270" VPOS="1687" WIDTH="73" HEIGHT="40" WC="0.96" CONTENT="digt"/><SP WIDTH="19" VPOS="1687" HPOS="343"/>
							<String ID="string_268" HPOS="362" VPOS="1686" WIDTH="208" HEIGHT="34" WC="0.96" CONTENT="bestämdes,"/><SP WIDTH="21" VPOS="1686" HPOS="570"/>
							<String ID="string_269" HPOS="591" VPOS="1688" WIDTH="49" HEIGHT="28" WC="0.93" CONTENT="att"/><SP WIDTH="21" VPOS="1688" HPOS="640"/>
							<String ID="string_270" HPOS="661" VPOS="1685" WIDTH="226" HEIGHT="40" WC="0.90" CONTENT="följdmotion"/><SP WIDTH="20" VPOS="1685" HPOS="887"/>
							<String ID="string_271" HPOS="907" VPOS="1685" WIDTH="52" HEIGHT="29" WC="0.96" CONTENT="till"/><SP WIDTH="20" VPOS="1685" HPOS="959"/>
							<String ID="string_272" HPOS="979" VPOS="1684" WIDTH="218" HEIGHT="40" WC="0.96" CONTENT="proposition"/><SP WIDTH="21" VPOS="1684" HPOS="1197"/>
							<String ID="string_273" HPOS="1218" VPOS="1683" WIDTH="113" HEIGHT="30" WC="0.96" CONTENT="skulle"/><SP WIDTH="21" VPOS="1683" HPOS="1331"/>
							<String ID="string_274" HPOS="1352" VPOS="1683" WIDTH="128" HEIGHT="29" WC="0.96" CONTENT="väckas"/><SP WIDTH="22" VPOS="1683" HPOS="1480"/>
							<String ID="string_275" HPOS="1502" VPOS="1682" WIDTH="94" HEIGHT="30" WC="0.96" CONTENT="inom"/><SP WIDTH="22" VPOS="1682" HPOS="1596"/>
							<String ID="string_276" HPOS="1618" VPOS="1682" WIDTH="132" HEIGHT="29" WC="0.96" CONTENT="femton"/>
						</TextLine>
						<TextLine ID="line_28" HPOS="271" VPOS="1735" WIDTH="1481" HEIGHT="45">
							<String ID="string_277" HPOS="271" VPOS="1741" WIDTH="107" HEIGHT="39" WC="0.96" CONTENT="dagar"/><SP WIDTH="21" VPOS="1741" HPOS="378"/>
							<String ID="string_278" HPOS="399" VPOS="1740" WIDTH="79" HEIGHT="30" WC="0.93" CONTENT="från"/><SP WIDTH="20" VPOS="1740" HPOS="478"/>
							<String ID="string_279" HPOS="498" VPOS="1739" WIDTH="279" HEIGHT="40" WC="0.92" CONTENT="propositionens"/><SP WIDTH="22" VPOS="1739" HPOS="777"/>
							<String ID="string_280" HPOS="799" VPOS="1738" WIDTH="240" HEIGHT="30" WC="0.90" CONTENT="avlämnande."/><SP WIDTH="21" VPOS="1738" HPOS="1039"/>
							<String ID="string_281" HPOS="1060" VPOS="1737" WIDTH="46" HEIGHT="30" WC="0.96" CONTENT="År"/><SP WIDTH="22" VPOS="1737" HPOS="1106"/>
							<String ID="string_282" HPOS="1128" VPOS="1737" WIDTH="83" HEIGHT="29" WC="0.96" CONTENT="1918"/><SP WIDTH="22" VPOS="1737" HPOS="1211"/>
							<String ID="string_283" HPOS="1233" VPOS="1736" WIDTH="233" HEIGHT="40" WC="0.96" CONTENT="begränsades"/><SP WIDTH="22" VPOS="1736" HPOS="1466"/>
							<String ID="string_284" HPOS="1488" VPOS="1736" WIDTH="94" HEIGHT="29" WC="0.96" CONTENT="tiden"/><SP WIDTH="23" VPOS="1736" HPOS="1582"/>
							<String ID="string_285" HPOS="1605" VPOS="1735" WIDTH="53" HEIGHT="30" WC="0.93" CONTENT="för"/><SP WIDTH="23" VPOS="1735" HPOS="1658"/>
							<String ID="string_286" HPOS="1681" VPOS="1744" WIDTH="71" HEIGHT="20" WC="0.93" CONTENT="mo-"/>
						</TextLine>
						<TextLine ID="line_29" HPOS="271" VPOS="1789" WIDTH="1481" HEIGHT="44">
							<String ID="string_287" HPOS="271" VPOS="1794" WIDTH="74" HEIGHT="29" WC="0.96" CONTENT="tion"/><SP WIDTH="22" VPOS="1794" HPOS="345"/>
							<String ID="string_288" HPOS="367" VPOS="1793" WIDTH="10" HEIGHT="30" WC="0.92" CONTENT="i"/><SP WIDTH="23" VPOS="1793" HPOS="377"/>
							<String ID="string_289" HPOS="400" VPOS="1793" WIDTH="319" HEIGHT="40" WC="0.90" CONTENT="grundlagsärende"/><SP WIDTH="23" VPOS="1793" HPOS="719"/>
							<String ID="string_290" HPOS="742" VPOS="1792" WIDTH="52" HEIGHT="30" WC="0.95" CONTENT="till"/><SP WIDTH="24" VPOS="1792" HPOS="794"/>
							<String ID="string_291" HPOS="818" VPOS="1791" WIDTH="105" HEIGHT="40" WC="0.96" CONTENT="fyrtio"/><SP WIDTH="22" VPOS="1791" HPOS="923"/>
							<String ID="string_292" HPOS="945" VPOS="1791" WIDTH="119" HEIGHT="40" WC="0.96" CONTENT="dagar,"/><SP WIDTH="23" VPOS="1791" HPOS="1064"/>
							<String ID="string_293" HPOS="1087" VPOS="1790" WIDTH="125" HEIGHT="30" WC="0.96" CONTENT="medan"/><SP WIDTH="25" VPOS="1790" HPOS="1212"/>
							<String ID="string_294" HPOS="1237" VPOS="1790" WIDTH="250" HEIGHT="30" WC="0.96" CONTENT="motionstiden"/><SP WIDTH="24" VPOS="1790" HPOS="1487"/>
							<String ID="string_295" HPOS="1511" VPOS="1789" WIDTH="54" HEIGHT="30" WC="0.93" CONTENT="för"/><SP WIDTH="24" VPOS="1789" HPOS="1565"/>
							<String ID="string_296" HPOS="1589" VPOS="1789" WIDTH="163" HEIGHT="40" WC="0.92" CONTENT="följdmo-"/>
						</TextLine>
						<TextLine ID="line_30" HPOS="272" VPOS="1843" WIDTH="1480" HEIGHT="42">
							<String ID="string_297" HPOS="272" VPOS="1847" WIDTH="74" HEIGHT="30" WC="0.96" CONTENT="tion"/><SP WIDTH="20" VPOS="1847" HPOS="346"/>
							<String ID="string_298" HPOS="366" VPOS="1846" WIDTH="196" HEIGHT="30" WC="0.96" CONTENT="bestämdes"/><SP WIDTH="23" VPOS="1846" HPOS="562"/>
							<String ID="string_299" HPOS="585" VPOS="1847" WIDTH="97" HEIGHT="29" WC="0.96" CONTENT="skola"/><SP WIDTH="22" VPOS="1847" HPOS="682"/>
							<String ID="string_300" HPOS="704" VPOS="1845" WIDTH="83" HEIGHT="40" WC="0.96" CONTENT="utgå"/><SP WIDTH="21" VPOS="1845" HPOS="787"/>
							<String ID="string_301" HPOS="808" VPOS="1845" WIDTH="58" HEIGHT="30" WC="0.96" CONTENT="vid"/><SP WIDTH="21" VPOS="1845" HPOS="866"/>
							<String ID="string_302" HPOS="887" VPOS="1845" WIDTH="56" HEIGHT="30" WC="0.96" CONTENT="det"/><SP WIDTH="22" VPOS="1845" HPOS="943"/>
							<String ID="string_303" HPOS="965" VPOS="1844" WIDTH="155" HEIGHT="40" WC="0.96" CONTENT="plenum,"/><SP WIDTH="23" VPOS="1844" HPOS="1120"/>
							<String ID="string_304" HPOS="1143" VPOS="1852" WIDTH="75" HEIGHT="21" WC="0.96" CONTENT="som"/><SP WIDTH="22" VPOS="1852" HPOS="1218"/>
							<String ID="string_305" HPOS="1240" VPOS="1843" WIDTH="102" HEIGHT="30" WC="0.96" CONTENT="inföll"/><SP WIDTH="23" VPOS="1843" HPOS="1342"/>
							<String ID="string_306" HPOS="1365" VPOS="1843" WIDTH="79" HEIGHT="30" WC="0.96" CONTENT="näst"/><SP WIDTH="21" VPOS="1843" HPOS="1444"/>
							<String ID="string_307" HPOS="1465" VPOS="1843" WIDTH="87" HEIGHT="29" WC="0.96" CONTENT="efter"/><SP WIDTH="24" VPOS="1843" HPOS="1552"/>
							<String ID="string_308" HPOS="1576" VPOS="1843" WIDTH="47" HEIGHT="29" WC="0.96" CONTENT="tio"/><SP WIDTH="24" VPOS="1843" HPOS="1623"/>
							<String ID="string_309" HPOS="1647" VPOS="1843" WIDTH="105" HEIGHT="38" WC="0.96" CONTENT="dagar"/>
						</TextLine>
						<TextLine ID="line_31" HPOS="272" VPOS="1896" WIDTH="1481" HEIGHT="44">
							<String ID="string_310" HPOS="272" VPOS="1900" WIDTH="80" HEIGHT="30" WC="0.93" CONTENT="från"/><SP WIDTH="21" VPOS="1900" HPOS="352"/>
							<String ID="string_311" HPOS="373" VPOS="1900" WIDTH="279" HEIGHT="40" WC="0.89" CONTENT="propositionens"/><SP WIDTH="23" VPOS="1900" HPOS="652"/>
							<String ID="string_312" HPOS="675" VPOS="1898" WIDTH="232" HEIGHT="31" WC="0.92" CONTENT="avlämnande"/><SP WIDTH="20" VPOS="1898" HPOS="907"/>
							<String ID="string_313" HPOS="927" VPOS="1898" WIDTH="11" HEIGHT="30" WC="0.96" CONTENT="i"/><SP WIDTH="21" VPOS="1898" HPOS="938"/>
							<String ID="string_314" HPOS="959" VPOS="1898" WIDTH="217" HEIGHT="33" WC="0.95" CONTENT="kammaren,"/><SP WIDTH="22" VPOS="1898" HPOS="1176"/>
							<String ID="string_315" HPOS="1198" VPOS="1897" WIDTH="79" HEIGHT="30" WC="0.96" CONTENT="med"/><SP WIDTH="22" VPOS="1897" HPOS="1277"/>
							<String ID="string_316" HPOS="1299" VPOS="1897" WIDTH="69" HEIGHT="29" WC="0.96" CONTENT="rätt"/><SP WIDTH="23" VPOS="1897" HPOS="1368"/>
							<String ID="string_317" HPOS="1391" VPOS="1896" WIDTH="106" HEIGHT="30" WC="0.96" CONTENT="likväl"/><SP WIDTH="23" VPOS="1896" HPOS="1497"/>
							<String ID="string_318" HPOS="1520" VPOS="1896" WIDTH="55" HEIGHT="29" WC="0.93" CONTENT="för"/><SP WIDTH="22" VPOS="1896" HPOS="1575"/>
							<String ID="string_319" HPOS="1597" VPOS="1896" WIDTH="156" HEIGHT="29" WC="0.91" CONTENT="kamma-"/>
						</TextLine>
						<TextLine ID="line_32" HPOS="272" VPOS="1950" WIDTH="1480" HEIGHT="39">
							<String ID="string_320" HPOS="272" VPOS="1963" WIDTH="61" HEIGHT="20" WC="0.96" CONTENT="ren"/><SP WIDTH="26" VPOS="1963" HPOS="333"/>
							<String ID="string_321" HPOS="359" VPOS="1955" WIDTH="51" HEIGHT="29" WC="0.96" CONTENT="att"/><SP WIDTH="24" VPOS="1955" HPOS="410"/>
							<String ID="string_322" HPOS="434" VPOS="1953" WIDTH="11" HEIGHT="30" WC="0.96" CONTENT="i"/><SP WIDTH="26" VPOS="1953" HPOS="445"/>
							<String ID="string_323" HPOS="471" VPOS="1953" WIDTH="172" HEIGHT="30" WC="0.96" CONTENT="särskilda"/><SP WIDTH="27" VPOS="1953" HPOS="643"/>
							<String ID="string_324" HPOS="670" VPOS="1952" WIDTH="61" HEIGHT="31" WC="0.96" CONTENT="fall"/><SP WIDTH="27" VPOS="1952" HPOS="731"/>
							<String ID="string_325" HPOS="758" VPOS="1951" WIDTH="179" HEIGHT="31" WC="0.96" CONTENT="utsträcka"/><SP WIDTH="26" VPOS="1951" HPOS="937"/>
							<String ID="string_326" HPOS="963" VPOS="1952" WIDTH="114" HEIGHT="29" WC="0.93" CONTENT="denna"/><SP WIDTH="25" VPOS="1952" HPOS="1077"/>
							<String ID="string_327" HPOS="1102" VPOS="1950" WIDTH="205" HEIGHT="30" WC="0.92" CONTENT="motionstid"/><SP WIDTH="27" VPOS="1950" HPOS="1307"/>
							<String ID="string_328" HPOS="1334" VPOS="1950" WIDTH="51" HEIGHT="29" WC="0.96" CONTENT="till"/><SP WIDTH="29" VPOS="1950" HPOS="1385"/>
							<String ID="string_329" HPOS="1414" VPOS="1950" WIDTH="57" HEIGHT="29" WC="0.96" CONTENT="det"/><SP WIDTH="26" VPOS="1950" HPOS="1471"/>
							<String ID="string_330" HPOS="1497" VPOS="1950" WIDTH="152" HEIGHT="39" WC="0.96" CONTENT="plenum,"/><SP WIDTH="29" VPOS="1950" HPOS="1649"/>
							<String ID="string_331" HPOS="1678" VPOS="1958" WIDTH="74" HEIGHT="20" WC="0.96" CONTENT="som"/>
						</TextLine>
						<TextLine ID="line_33" HPOS="272" VPOS="2003" WIDTH="1480" HEIGHT="42">
							<String ID="string_332" HPOS="272" VPOS="2007" WIDTH="101" HEIGHT="30" WC="0.96" CONTENT="inföll"/><SP WIDTH="22" VPOS="2007" HPOS="373"/>
							<String ID="string_333" HPOS="395" VPOS="2007" WIDTH="78" HEIGHT="30" WC="0.96" CONTENT="näst"/><SP WIDTH="20" VPOS="2007" HPOS="473"/>
							<String ID="string_334" HPOS="493" VPOS="2006" WIDTH="88" HEIGHT="30" WC="0.93" CONTENT="efter"/><SP WIDTH="20" VPOS="2006" HPOS="581"/>
							<String ID="string_335" HPOS="601" VPOS="2006" WIDTH="100" HEIGHT="39" WC="0.92" CONTENT="tjugu"/><SP WIDTH="21" VPOS="2006" HPOS="701"/>
							<String ID="string_336" HPOS="722" VPOS="2006" WIDTH="107" HEIGHT="39" WC="0.96" CONTENT="dagar"/><SP WIDTH="22" VPOS="2006" HPOS="829"/>
							<String ID="string_337" HPOS="851" VPOS="2004" WIDTH="78" HEIGHT="30" WC="0.93" CONTENT="från"/><SP WIDTH="20" VPOS="2004" HPOS="929"/>
							<String ID="string_338" HPOS="949" VPOS="2004" WIDTH="281" HEIGHT="40" WC="0.92" CONTENT="propositionens"/><SP WIDTH="22" VPOS="2004" HPOS="1230"/>
							<String ID="string_339" HPOS="1252" VPOS="2003" WIDTH="231" HEIGHT="30" WC="0.91" CONTENT="avlämnande"/><SP WIDTH="23" VPOS="2003" HPOS="1483"/>
							<String ID="string_340" HPOS="1506" VPOS="2003" WIDTH="10" HEIGHT="29" WC="0.96" CONTENT="i"/><SP WIDTH="22" VPOS="2003" HPOS="1516"/>
							<String ID="string_341" HPOS="1538" VPOS="2003" WIDTH="214" HEIGHT="29" WC="0.96" CONTENT="kammaren."/>
						</TextLine>
						<TextLine ID="line_34" HPOS="272" VPOS="2056" WIDTH="1483" HEIGHT="40">
							<String ID="string_342" HPOS="272" VPOS="2059" WIDTH="47" HEIGHT="30" WC="0.96" CONTENT="År"/><SP WIDTH="22" VPOS="2059" HPOS="319"/>
							<String ID="string_343" HPOS="341" VPOS="2060" WIDTH="83" HEIGHT="29" WC="0.96" CONTENT="1933"/><SP WIDTH="22" VPOS="2060" HPOS="424"/>
							<String ID="string_344" HPOS="446" VPOS="2060" WIDTH="213" HEIGHT="30" WC="0.96" CONTENT="fastställdes"/><SP WIDTH="22" VPOS="2060" HPOS="659"/>
							<String ID="string_345" HPOS="681" VPOS="2060" WIDTH="66" HEIGHT="29" WC="0.96" CONTENT="den"/><SP WIDTH="23" VPOS="2060" HPOS="747"/>
							<String ID="string_346" HPOS="770" VPOS="2059" WIDTH="177" HEIGHT="30" WC="0.95" CONTENT="allmänna"/><SP WIDTH="22" VPOS="2059" HPOS="947"/>
							<String ID="string_347" HPOS="969" VPOS="2057" WIDTH="248" HEIGHT="30" WC="0.96" CONTENT="motionstiden"/><SP WIDTH="24" VPOS="2057" HPOS="1217"/>
							<String ID="string_348" HPOS="1241" VPOS="2057" WIDTH="52" HEIGHT="29" WC="0.96" CONTENT="till"/><SP WIDTH="24" VPOS="2057" HPOS="1293"/>
							<String ID="string_349" HPOS="1317" VPOS="2057" WIDTH="69" HEIGHT="29" WC="0.96" CONTENT="tolv"/><SP WIDTH="23" VPOS="2057" HPOS="1386"/>
							<String ID="string_350" HPOS="1409" VPOS="2057" WIDTH="116" HEIGHT="39" WC="0.95" CONTENT="dagar,"/><SP WIDTH="24" VPOS="2057" HPOS="1525"/>
							<String ID="string_351" HPOS="1549" VPOS="2056" WIDTH="64" HEIGHT="29" WC="0.93" CONTENT="och"/><SP WIDTH="23" VPOS="2056" HPOS="1613"/>
							<String ID="string_352" HPOS="1636" VPOS="2056" WIDTH="119" HEIGHT="29" WC="0.92" CONTENT="samti-"/>
						</TextLine>
						<TextLine ID="line_35" HPOS="273" VPOS="2109" WIDTH="1480" HEIGHT="44">
							<String ID="string_353" HPOS="273" VPOS="2114" WIDTH="72" HEIGHT="39" WC="0.92" CONTENT="digt"/><SP WIDTH="20" VPOS="2114" HPOS="345"/>
							<String ID="string_354" HPOS="365" VPOS="2113" WIDTH="154" HEIGHT="40" WC="0.92" CONTENT="borttogs"/><SP WIDTH="21" VPOS="2113" HPOS="519"/>
							<String ID="string_355" HPOS="540" VPOS="2113" WIDTH="66" HEIGHT="30" WC="0.96" CONTENT="den"/><SP WIDTH="20" VPOS="2113" HPOS="606"/>
							<String ID="string_356" HPOS="626" VPOS="2112" WIDTH="174" HEIGHT="30" WC="0.96" CONTENT="särskilda"/><SP WIDTH="20" VPOS="2112" HPOS="800"/>
							<String ID="string_357" HPOS="820" VPOS="2111" WIDTH="249" HEIGHT="30" WC="0.96" CONTENT="motionstiden"/><SP WIDTH="20" VPOS="2111" HPOS="1069"/>
							<String ID="string_358" HPOS="1089" VPOS="2111" WIDTH="54" HEIGHT="29" WC="0.96" CONTENT="för"/><SP WIDTH="21" VPOS="2111" HPOS="1143"/>
							<String ID="string_359" HPOS="1164" VPOS="2111" WIDTH="134" HEIGHT="29" WC="0.96" CONTENT="motion"/><SP WIDTH="20" VPOS="2111" HPOS="1298"/>
							<String ID="string_360" HPOS="1318" VPOS="2110" WIDTH="11" HEIGHT="29" WC="0.93" CONTENT="i"/><SP WIDTH="21" VPOS="2110" HPOS="1329"/>
							<String ID="string_361" HPOS="1350" VPOS="2109" WIDTH="318" HEIGHT="40" WC="0.92" CONTENT="grundlagsärende"/><SP WIDTH="22" VPOS="2109" HPOS="1668"/>
							<String ID="string_362" HPOS="1690" VPOS="2109" WIDTH="63" HEIGHT="29" WC="0.96" CONTENT="och"/>
						</TextLine>
						<TextLine ID="line_36" HPOS="275" VPOS="2165" WIDTH="831" HEIGHT="39">
							<String ID="string_363" HPOS="275" VPOS="2167" WIDTH="53" HEIGHT="30" WC="0.96" CONTENT="för"/><SP WIDTH="19" VPOS="2167" HPOS="328"/>
							<String ID="string_364" HPOS="347" VPOS="2167" WIDTH="133" HEIGHT="29" WC="0.96" CONTENT="motion"/><SP WIDTH="19" VPOS="2167" HPOS="480"/>
							<String ID="string_365" HPOS="499" VPOS="2175" WIDTH="77" HEIGHT="21" WC="0.84" CONTENT="som"/><SP WIDTH="17" VPOS="2175" HPOS="576"/>
							<String ID="string_366" HPOS="593" VPOS="2166" WIDTH="162" HEIGHT="30" WC="0.84" CONTENT="tillhörde"/><SP WIDTH="20" VPOS="2166" HPOS="755"/>
							<String ID="string_367" HPOS="775" VPOS="2165" WIDTH="167" HEIGHT="39" WC="0.94" CONTENT="tillfälligt"/><SP WIDTH="19" VPOS="2165" HPOS="942"/>
							<String ID="string_368" HPOS="961" VPOS="2165" WIDTH="145" HEIGHT="29" WC="0.96" CONTENT="utskott."/>
						</TextLine>
					</TextBlock>
					<TextBlock ID="block_3" HPOS="274" VPOS="2216" WIDTH="1482" HEIGHT="306">
						<TextLine ID="line_37" HPOS="319" VPOS="2216" WIDTH="1434" HEIGHT="42">
							<String ID="string_369" HPOS="319" VPOS="2220" WIDTH="60" HEIGHT="30" WC="0.96" CONTENT="Sin"/><SP WIDTH="22" VPOS="2220" HPOS="379"/>
							<String ID="string_370" HPOS="401" VPOS="2220" WIDTH="201" HEIGHT="30" WC="0.93" CONTENT="nuvarande"/><SP WIDTH="23" VPOS="2220" HPOS="602"/>
							<String ID="string_371" HPOS="625" VPOS="2219" WIDTH="198" HEIGHT="39" WC="0.92" CONTENT="avfattning"/><SP WIDTH="21" VPOS="2219" HPOS="823"/>
							<String ID="string_372" HPOS="844" VPOS="2218" WIDTH="108" HEIGHT="30" WC="0.96" CONTENT="erhöll"/><SP WIDTH="23" VPOS="2218" HPOS="952"/>
							<String ID="string_373" HPOS="975" VPOS="2218" WIDTH="117" HEIGHT="39" WC="0.96" CONTENT="regeln"/><SP WIDTH="24" VPOS="2218" HPOS="1092"/>
							<String ID="string_374" HPOS="1116" VPOS="2226" WIDTH="56" HEIGHT="20" WC="0.96" CONTENT="om"/><SP WIDTH="23" VPOS="2226" HPOS="1172"/>
							<String ID="string_375" HPOS="1195" VPOS="2217" WIDTH="66" HEIGHT="29" WC="0.96" CONTENT="den"/><SP WIDTH="25" VPOS="2217" HPOS="1261"/>
							<String ID="string_376" HPOS="1286" VPOS="2217" WIDTH="178" HEIGHT="29" WC="0.93" CONTENT="allmänna"/><SP WIDTH="24" VPOS="2217" HPOS="1464"/>
							<String ID="string_377" HPOS="1488" VPOS="2216" WIDTH="265" HEIGHT="30" WC="0.91" CONTENT="motionsrätten"/>
						</TextLine>
						<TextLine ID="line_38" HPOS="274" VPOS="2269" WIDTH="1481" HEIGHT="40">
							<String ID="string_378" HPOS="274" VPOS="2274" WIDTH="10" HEIGHT="29" WC="0.96" CONTENT="i"/><SP WIDTH="26" VPOS="2274" HPOS="284"/>
							<String ID="string_379" HPOS="310" VPOS="2273" WIDTH="170" HEIGHT="31" WC="0.96" CONTENT="samband"/><SP WIDTH="22" VPOS="2273" HPOS="480"/>
							<String ID="string_380" HPOS="502" VPOS="2273" WIDTH="79" HEIGHT="30" WC="0.96" CONTENT="med"/><SP WIDTH="26" VPOS="2273" HPOS="581"/>
							<String ID="string_381" HPOS="607" VPOS="2273" WIDTH="83" HEIGHT="29" WC="0.96" CONTENT="1949"/><SP WIDTH="24" VPOS="2273" HPOS="690"/>
							<String ID="string_382" HPOS="714" VPOS="2272" WIDTH="58" HEIGHT="30" WC="0.96" CONTENT="års"/><SP WIDTH="25" VPOS="2272" HPOS="772"/>
							<String ID="string_383" HPOS="797" VPOS="2271" WIDTH="149" HEIGHT="30" WC="0.96" CONTENT="revision"/><SP WIDTH="25" VPOS="2271" HPOS="946"/>
							<String ID="string_384" HPOS="971" VPOS="2280" WIDTH="43" HEIGHT="21" WC="0.96" CONTENT="av"/><SP WIDTH="23" VPOS="2280" HPOS="1014"/>
							<String ID="string_385" HPOS="1037" VPOS="2270" WIDTH="206" HEIGHT="39" WC="0.96" CONTENT="riksdagens"/><SP WIDTH="27" VPOS="2270" HPOS="1243"/>
							<String ID="string_386" HPOS="1270" VPOS="2269" WIDTH="259" HEIGHT="40" WC="0.96" CONTENT="arbetsformer."/><SP WIDTH="27" VPOS="2269" HPOS="1529"/>
							<String ID="string_387" HPOS="1556" VPOS="2269" WIDTH="12" HEIGHT="29" WC="0.95" CONTENT="I"/><SP WIDTH="28" VPOS="2269" HPOS="1568"/>
							<String ID="string_388" HPOS="1596" VPOS="2270" WIDTH="55" HEIGHT="29" WC="0.93" CONTENT="det"/><SP WIDTH="27" VPOS="2270" HPOS="1651"/>
							<String ID="string_389" HPOS="1678" VPOS="2269" WIDTH="77" HEIGHT="30" WC="0.92" CONTENT="sak-"/>
						</TextLine>
						<TextLine ID="line_39" HPOS="275" VPOS="2321" WIDTH="1481" HEIGHT="43">
							<String ID="string_390" HPOS="275" VPOS="2325" WIDTH="367" HEIGHT="39" WC="0.92" CONTENT="kunnigbetänkande,"/><SP WIDTH="18" VPOS="2325" HPOS="642"/>
							<String ID="string_391" HPOS="660" VPOS="2334" WIDTH="74" HEIGHT="21" WC="0.96" CONTENT="som"/><SP WIDTH="18" VPOS="2334" HPOS="734"/>
							<String ID="string_392" HPOS="752" VPOS="2325" WIDTH="55" HEIGHT="37" WC="0.96" CONTENT="låg"/><SP WIDTH="17" VPOS="2325" HPOS="807"/>
							<String ID="string_393" HPOS="824" VPOS="2324" WIDTH="52" HEIGHT="30" WC="0.96" CONTENT="till"/><SP WIDTH="18" VPOS="2324" HPOS="876"/>
							<String ID="string_394" HPOS="894" VPOS="2324" WIDTH="110" HEIGHT="37" WC="0.96" CONTENT="grund"/><SP WIDTH="18" VPOS="2324" HPOS="1004"/>
							<String ID="string_395" HPOS="1022" VPOS="2324" WIDTH="55" HEIGHT="29" WC="0.96" CONTENT="för"/><SP WIDTH="18" VPOS="2324" HPOS="1077"/>
							<String ID="string_396" HPOS="1095" VPOS="2323" WIDTH="214" HEIGHT="29" WC="0.96" CONTENT="reformerna"/><SP WIDTH="22" VPOS="2323" HPOS="1309"/>
							<String ID="string_397" HPOS="1331" VPOS="2322" WIDTH="101" HEIGHT="33" WC="0.94" CONTENT="(SOU"/><SP WIDTH="22" VPOS="2322" HPOS="1432"/>
							<String ID="string_398" HPOS="1454" VPOS="2322" WIDTH="98" HEIGHT="30" WC="0.66" CONTENT="1947:"/><SP WIDTH="17" VPOS="2322" HPOS="1552"/>
							<String ID="string_399" HPOS="1569" VPOS="2322" WIDTH="49" HEIGHT="34" WC="0.66" CONTENT="79,"/><SP WIDTH="20" VPOS="2322" HPOS="1618"/>
							<String ID="string_400" HPOS="1638" VPOS="2331" WIDTH="26" HEIGHT="20" WC="0.93" CONTENT="s."/><SP WIDTH="20" VPOS="2331" HPOS="1664"/>
							<String ID="string_401" HPOS="1684" VPOS="2321" WIDTH="72" HEIGHT="32" WC="0.94" CONTENT="36),"/>
						</TextLine>
						<TextLine ID="line_40" HPOS="275" VPOS="2376" WIDTH="1481" HEIGHT="41">
							<String ID="string_402" HPOS="275" VPOS="2380" WIDTH="177" HEIGHT="34" WC="0.96" CONTENT="anfördes,"/><SP WIDTH="16" VPOS="2380" HPOS="452"/>
							<String ID="string_403" HPOS="468" VPOS="2381" WIDTH="50" HEIGHT="29" WC="0.96" CONTENT="att"/><SP WIDTH="16" VPOS="2381" HPOS="518"/>
							<String ID="string_404" HPOS="534" VPOS="2379" WIDTH="244" HEIGHT="31" WC="0.96" CONTENT="erfarenheten"/><SP WIDTH="17" VPOS="2379" HPOS="778"/>
							<String ID="string_405" HPOS="795" VPOS="2380" WIDTH="70" HEIGHT="37" WC="0.96" CONTENT="gett"/><SP WIDTH="16" VPOS="2380" HPOS="865"/>
							<String ID="string_406" HPOS="881" VPOS="2378" WIDTH="56" HEIGHT="30" WC="0.96" CONTENT="vid"/><SP WIDTH="15" VPOS="2378" HPOS="937"/>
							<String ID="string_407" HPOS="952" VPOS="2378" WIDTH="151" HEIGHT="34" WC="0.95" CONTENT="handen,"/><SP WIDTH="17" VPOS="2378" HPOS="1103"/>
							<String ID="string_408" HPOS="1120" VPOS="2379" WIDTH="50" HEIGHT="28" WC="0.96" CONTENT="att"/><SP WIDTH="18" VPOS="2379" HPOS="1170"/>
							<String ID="string_409" HPOS="1188" VPOS="2377" WIDTH="65" HEIGHT="29" WC="0.96" CONTENT="den"/><SP WIDTH="20" VPOS="2377" HPOS="1253"/>
							<String ID="string_410" HPOS="1273" VPOS="2376" WIDTH="198" HEIGHT="30" WC="0.96" CONTENT="dåvarande"/><SP WIDTH="18" VPOS="2376" HPOS="1471"/>
							<String ID="string_411" HPOS="1489" VPOS="2376" WIDTH="177" HEIGHT="30" WC="0.93" CONTENT="allmänna"/><SP WIDTH="20" VPOS="2376" HPOS="1666"/>
							<String ID="string_412" HPOS="1686" VPOS="2383" WIDTH="70" HEIGHT="21" WC="0.92" CONTENT="mo-"/>
						</TextLine>
						<TextLine ID="line_41" HPOS="276" VPOS="2428" WIDTH="1480" HEIGHT="42">
							<String ID="string_413" HPOS="276" VPOS="2433" WIDTH="190" HEIGHT="30" WC="0.92" CONTENT="tionstiden"/><SP WIDTH="21" VPOS="2433" HPOS="466"/>
							<String ID="string_414" HPOS="487" VPOS="2442" WIDTH="60" HEIGHT="21" WC="0.96" CONTENT="var"/><SP WIDTH="22" VPOS="2442" HPOS="547"/>
							<String ID="string_415" HPOS="569" VPOS="2433" WIDTH="53" HEIGHT="30" WC="0.96" CONTENT="väl"/><SP WIDTH="22" VPOS="2433" HPOS="622"/>
							<String ID="string_416" HPOS="644" VPOS="2432" WIDTH="78" HEIGHT="29" WC="0.96" CONTENT="kort"/><SP WIDTH="22" VPOS="2432" HPOS="722"/>
							<String ID="string_417" HPOS="744" VPOS="2431" WIDTH="79" HEIGHT="30" WC="0.96" CONTENT="med"/><SP WIDTH="22" VPOS="2431" HPOS="823"/>
							<String ID="string_418" HPOS="845" VPOS="2431" WIDTH="136" HEIGHT="39" WC="0.95" CONTENT="hänsyn"/><SP WIDTH="23" VPOS="2431" HPOS="981"/>
							<String ID="string_419" HPOS="1004" VPOS="2431" WIDTH="73" HEIGHT="30" WC="0.96" CONTENT="dels"/><SP WIDTH="22" VPOS="2431" HPOS="1077"/>
							<String ID="string_420" HPOS="1099" VPOS="2430" WIDTH="52" HEIGHT="30" WC="0.96" CONTENT="till"/><SP WIDTH="22" VPOS="2430" HPOS="1151"/>
							<String ID="string_421" HPOS="1173" VPOS="2432" WIDTH="51" HEIGHT="28" WC="0.96" CONTENT="att"/><SP WIDTH="22" VPOS="2432" HPOS="1224"/>
							<String ID="string_422" HPOS="1246" VPOS="2429" WIDTH="127" HEIGHT="40" WC="0.95" CONTENT="många"/><SP WIDTH="23" VPOS="2429" HPOS="1373"/>
							<String ID="string_423" HPOS="1396" VPOS="2430" WIDTH="169" HEIGHT="29" WC="0.96" CONTENT="motioner"/><SP WIDTH="24" VPOS="2430" HPOS="1565"/>
							<String ID="string_424" HPOS="1589" VPOS="2429" WIDTH="75" HEIGHT="29" WC="0.96" CONTENT="icke"/><SP WIDTH="23" VPOS="2429" HPOS="1664"/>
							<String ID="string_425" HPOS="1687" VPOS="2428" WIDTH="69" HEIGHT="30" WC="0.96" CONTENT="kan"/>
						</TextLine>
						<TextLine ID="line_42" HPOS="275" VPOS="2482" WIDTH="1481" HEIGHT="40">
							<String ID="string_426" HPOS="275" VPOS="2486" WIDTH="152" HEIGHT="30" WC="0.91" CONTENT="avfattas"/><SP WIDTH="24" VPOS="2486" HPOS="427"/>
							<String ID="string_427" HPOS="451" VPOS="2486" WIDTH="119" HEIGHT="30" WC="0.96" CONTENT="förrän"/><SP WIDTH="24" VPOS="2486" HPOS="570"/>
							<String ID="string_428" HPOS="594" VPOS="2486" WIDTH="87" HEIGHT="30" WC="0.95" CONTENT="efter"/><SP WIDTH="23" VPOS="2486" HPOS="681"/>
							<String ID="string_429" HPOS="704" VPOS="2487" WIDTH="48" HEIGHT="28" WC="0.96" CONTENT="ett"/><SP WIDTH="25" VPOS="2487" HPOS="752"/>
							<String ID="string_430" HPOS="777" VPOS="2485" WIDTH="156" HEIGHT="29" WC="0.96" CONTENT="studium"/><SP WIDTH="25" VPOS="2485" HPOS="933"/>
							<String ID="string_431" HPOS="958" VPOS="2494" WIDTH="41" HEIGHT="20" WC="0.92" CONTENT="av"/><SP WIDTH="24" VPOS="2494" HPOS="999"/>
							<String ID="string_432" HPOS="1023" VPOS="2484" WIDTH="164" HEIGHT="30" WC="0.91" CONTENT="trontalet"/><SP WIDTH="25" VPOS="2484" HPOS="1187"/>
							<String ID="string_433" HPOS="1212" VPOS="2483" WIDTH="65" HEIGHT="29" WC="0.93" CONTENT="och"/><SP WIDTH="25" VPOS="2483" HPOS="1277"/>
							<String ID="string_434" HPOS="1302" VPOS="2482" WIDTH="454" HEIGHT="40" WC="0.89" CONTENT="statsverkspropositionen"/>
						</TextLine>
					</TextBlock>
				</ComposedBlock>
			</PrintSpace>
		</Page>
	</Layout>
</alto>
