1888 2786
547 163 286 30 Statsutskottets
856 163 180 30 utlåtande
1057 173 43 20 nr
1124 165 49 28 11.
1547 163 58 29 111

115 243 115 40 uppgå
246 243 52 30 till
318 243 50 34 16,
385 244 64 29 och
465 243 198 30 kostnaden
678 253 61 31 per
755 243 87 30 kurs
859 244 209 39 uppskattas
1085 244 52 29 till
1155 244 16 29 7
1187 243 62 31 800
1267 244 141 29 kronor.
1427 244 179 29 Samman-

115 295 72 40 lagt
206 295 175 31 beräknas
403 296 278 30 medelsbehovet
704 296 56 30 för
783 296 67 30 den
875 296 171 40 muntliga
1071 296 297 39 undervisningen
1391 296 53 30 till
1471 296 59 29 125
1545 295 62 30 000

115 349 141 35 kronor,
277 349 109 30 vilket
407 349 146 30 innebär
572 359 43 21 en
637 350 132 39 ökning
790 350 79 30 med
891 350 41 29 50
947 350 63 30 000
1033 350 141 29 kronor.

160 403 13 29 I
212 403 205 40 anslutning
454 403 51 30 till
546 403 381 40 anslagsberäkningen
964 403 65 30 har
1066 402 387 41 departementschefen
1491 402 117 30 anfört

116 456 167 39 följande.

159 518 270 40 Ifrågavarande
457 520 456 40 upplysningsverksamhet
938 520 65 29 har
1030 519 292 40 huvudsakligast
1349 519 91 30 varit
1467 519 142 29 motive-

117 564 63 29 rad
213 573 43 20 av
288 564 562 39 kommunindelningsreformen.
885 564 406 39 Kommunindelningen
1326 565 39 28 är
1397 564 128 29 avsedd
1561 564 50 28 att

115 608 101 30 träda
236 609 11 29 i
267 609 97 30 kraft
383 609 67 30 den
474 610 13 28 1
511 609 142 39 januari
676 609 94 30 1952.
792 609 78 29 Med
891 609 139 40 hänsyn
1051 609 119 29 härtill
1192 618 103 20 anser
1315 608 60 40 jag
1397 608 70 39 mig
1487 608 121 29 kunna

116 653 112 30 räkna
244 654 79 29 med
341 655 50 28 att
409 654 268 29 verksamheten
696 653 88 30 skall
802 653 46 30 nå
866 653 54 30 sin
938 653 146 30 kulmen
1102 653 110 30 under
1231 653 206 38 budgetåret
1458 652 150 37 1950/51.

116 698 65 39 Jag
199 698 59 29 vill
279 698 193 30 emellertid
492 698 199 34 framhålla,
712 700 50 27 att
783 698 57 29 det
862 698 111 29 under
993 698 96 29 tiden
1110 699 157 28 närmast
1288 697 154 30 därefter
1463 697 78 29 med
1563 695 45 30 all

117 742 162 30 säkerhet
299 743 160 29 kommer
478 744 50 28 att
548 742 119 30 finnas
687 744 49 28 ett
756 742 260 39 kvardröjande
1038 742 112 30 behov
1169 751 42 20 av
1233 742 110 29 sådan
1363 741 246 40 upplysnings-

116 787 234 34 verksamhet,
373 796 75 21 som
469 787 65 30 har
556 789 49 28 ett
626 787 115 30 direkt
764 787 170 29 samband
958 787 79 29 med
1060 787 218 29 tillkomsten
1301 796 43 20 av
1366 787 42 29 de
1431 795 69 31 nya
1524 787 85 28 stor-

116 831 259 30 kommunerna
403 832 64 29 och
496 841 75 20 som
598 831 62 30 bör
688 831 202 40 tillgodoses
919 839 124 31 genom
1071 831 67 30 den
1167 840 42 20 av
1235 831 180 30 nämnden
1443 830 166 30 bedrivna

116 876 280 30 verksamheten.
413 876 137 39 Frågan
568 885 57 21 om
641 876 175 30 huruvida
831 876 154 29 därefter
1002 876 113 29 medel
1133 876 84 29 böra
1234 875 141 30 anvisas
1393 875 55 30 för
1465 884 43 20 en
1525 874 85 30 fort-

116 920 149 40 löpande
289 920 457 41 upplysningsverksamhet
769 929 42 21 av
833 921 95 29 detta
953 920 74 40 slag
1049 920 11 29 i
1081 929 43 21 en
1149 920 82 29 eller
1254 929 118 20 annan
1396 920 93 29 form
1512 919 97 30 torde

118 965 196 30 sedermera
333 965 37 30 få
389 965 48 30 bli
456 965 147 30 föremål
622 965 56 29 för
696 965 182 39 prövning.

163 1062 175 30 Utskottet
357 1063 71 30 kan
447 1063 78 29 med
544 1063 139 40 hänsyn
703 1063 51 29 till
775 1063 57 29 det
852 1062 111 30 behov
983 1072 42 20 av
1044 1061 468 41 upplysningsverksamhet,
1536 1069 73 21 som

117 1106 186 40 föreligger
337 1106 95 31 inför
469 1107 68 29 den
575 1106 220 30 förestående
834 1106 563 39 kommunindelningsreformen,
1436 1104 175 41 tillstyrka

118 1160 126 39 Kungl.
264 1160 126 39 Maj:ts
410 1160 131 39 förslag
560 1160 221 30 beträffande
802 1159 365 40 medelsanvisningen
1187 1159 111 30 under
1318 1157 293 31 nästkommande

116 1214 179 40 budgetår.
319 1215 177 29 Utskottet
519 1214 101 39 utgår
642 1213 193 30 emellertid
858 1213 81 30 från
962 1215 50 28 att
1034 1213 268 39 ifrågavarande
1324 1213 224 29 verksamhet
1571 1211 38 31 så

120 1267 221 39 småningom
369 1267 89 30 skall
485 1267 123 30 kunna
636 1266 183 31 avvecklas
847 1266 89 30 efter
961 1266 96 30 hand
1087 1275 75 20 som
1189 1266 41 29 de
1259 1275 43 20 av
1330 1263 282 32 kommunindel-

118 1320 282 40 ningsreformen
424 1320 207 30 föranledda
653 1319 225 41 uppgifterna
903 1319 176 30 bortfalla.
1116 1319 118 30 Under
1258 1318 221 40 åberopande
1504 1318 108 29 härav

118 1374 203 30 hemställer
344 1374 181 33 utskottet,

472 1428 51 28 att
546 1427 187 38 riksdagen
758 1426 58 29 må
840 1426 52 29 till
916 1425 216 30 Kommunal
1156 1424 456 41 upplysningsverksamhet

429 1480 55 29 för
504 1479 204 40 budgetåret
733 1479 139 36 1950/51
896 1478 121 30 anvisa
1039 1480 49 28 ett
1111 1477 274 40 förslagsanslag
1408 1487 42 20 av
1472 1477 61 29 227
1549 1476 62 30 000

429 1534 140 29 kronor.

166 1641 114 34 187:0)
307 1639 285 36 Resestipendier.
611 1640 125 39 Kungl.
754 1639 107 40 Maj:t
878 1639 65 30 har
966 1639 131 39 (punkt
1115 1638 73 34 221,
1208 1648 26 19 s.
1253 1638 61 30 337
1335 1638 65 29 och
1419 1637 80 34 338)
1523 1637 89 30 före-

121 1693 101 40 siagit
249 1693 188 39 riksdagen
465 1694 50 28 att
542 1693 52 29 till
621 1692 280 39 Resestipendier
929 1691 55 30 för
1012 1691 205 39 budgetåret
1248 1690 138 37 1950/51
1417 1690 120 30 anvisa
1565 1690 48 29 ett

119 1746 358 39 reservationsanslag
499 1755 42 21 av
565 1746 38 29 10
618 1746 63 29 000
703 1746 142 29 kronor.

164 1844 121 39 Någon
300 1844 115 29 direkt
433 1843 250 39 motsvarighet
699 1843 52 29 till
769 1843 95 29 detta
882 1842 121 39 anslag
1021 1842 117 29 finnes
1156 1842 75 29 icke
1249 1842 12 29 i
1278 1841 161 39 gällande
1457 1841 156 29 riksstat.

120 1897 165 29 Däremot
307 1897 65 29 har
396 1897 55 29 för
475 1896 235 30 innevarande
735 1895 170 39 budgetår
927 1895 156 30 anvisats
1107 1896 49 28 ett
1179 1894 358 38 reservationsanslag
1561 1892 51 30 till

121 1949 280 40 Resestipendier
425 1949 52 30 till
503 1949 173 39 åklagare,
700 1948 108 30 vilket
833 1947 163 40 uppförts
1021 1948 79 29 med
1129 1947 115 30 10000
1270 1947 141 29 kronor.
1449 1946 164 39 Anslaget

121 2004 39 29 är
180 2005 111 28 avsett
312 2003 56 29 för
390 2003 132 29 studier
542 2003 12 29 i
573 2002 169 30 utlandet.

166 2056 13 29 I
199 2056 202 30 nuvarande
420 2056 74 39 läge
513 2055 45 40 på
576 2055 355 39 sinnessjukvårdens
951 2054 142 30 område
1114 2054 167 30 framstår
1301 2054 56 30 det
1377 2063 75 20 som
1473 2062 142 32 synner-

121 2109 92 39 ligen
231 2110 178 33 önskvärt,
429 2111 50 28 att
497 2116 117 32 yngre,
632 2109 55 29 väl
706 2107 248 30 kvalificerade
974 2107 215 40 psykiatrici,
1210 2117 75 19 som
1302 2107 108 30 verka
1429 2107 95 29 inom
1543 2107 72 29 lan-

121 2163 77 29 dets
217 2162 301 39 sinnessjukvård,
536 2162 122 29 kunna
676 2161 145 29 beredas
841 2160 183 39 möjlighet
1043 2162 51 28 att
1113 2160 141 30 bedriva
1275 2160 133 29 studier
1426 2160 11 29 i
1457 2160 158 29 utlandet

122 2216 11 28 i
157 2215 128 39 frågor,
311 2224 75 20 som
409 2215 123 29 beröra
556 2215 101 28 deras
680 2213 424 30 verksamhetsområden.
1140 2213 77 29 Med
1241 2213 139 39 hänsyn
1404 2212 118 30 härtill
1546 2212 69 29 för-

123 2268 113 33 ordas,
259 2270 51 27 att
333 2267 111 29 medel
468 2267 51 28 till
543 2267 189 39 stipendier
755 2266 55 29 för
833 2266 147 29 berörda
1004 2265 132 30 studier
1161 2265 139 29 anvisas
1323 2265 44 29 fr.
1391 2275 30 19 o.
1445 2274 45 20 m.
1515 2266 99 28 nästa

122 2320 179 39 budgetår.

167 2373 198 38 Utgifterna
388 2373 54 29 för
465 2372 188 39 stipendier
676 2372 34 29 åt
732 2371 163 39 åklagare
918 2371 64 29 och
1006 2370 205 40 psykiatrici
1234 2370 148 30 föreslås
1406 2370 97 30 skola
1527 2379 89 20 sam-

123 2426 181 30 manföras
328 2426 111 29 under
463 2427 48 28 ett
536 2426 214 37 gemensamt
775 2424 131 38 anslag.
942 2424 92 29 Från
1059 2424 94 29 detta
1178 2423 207 29 förutsättes
1410 2423 36 29 få
1470 2423 145 39 beviljas

123 2479 268 37 resestipendier
412 2479 86 29 även
521 2478 54 29 för
595 2478 109 30 andra
728 2477 290 30 studieändamål.
1051 2476 165 36 Anslaget
1239 2476 148 30 föreslås
1411 2476 96 29 skola
1531 2484 85 31 upp-
