1880 2778
282 158 40 30 32
713 164 283 34 Statsutskottets
1019 168 179 33 utlåtande
1220 180 42 21 nr
1286 173 49 30 11.

325 239 243 33 Kostnaderna
596 243 55 30 för
677 244 349 44 byggnadsföretaget
1053 249 217 32 beräknades
1298 253 107 40 enligt
1433 255 56 30 det
1517 256 55 30 för
1602 257 83 30 1946
1712 258 57 29 års

280 291 144 41 riksdag
450 285 195 50 framlagda
671 297 165 41 förslaget
861 300 53 30 till
943 301 15 30 2
973 302 62 30 280
1051 303 62 30 000
1140 304 140 36 kronor,
1306 315 107 22 varav
1441 308 92 30 1065
1549 309 63 30 000
1639 310 131 31 kronor

280 345 156 31 anvisats
460 356 42 21 av
525 348 198 41 riksdagen.
747 352 48 30 På
820 354 112 38 grund
957 363 41 22 av
1021 355 74 31 dels
1119 357 71 30 viss
1215 358 205 42 utvidgning
1445 370 41 22 av
1510 362 259 41 byggnadspro-

280 402 182 35 srammet,
485 401 73 30 dels
580 403 65 30 ock
668 404 67 30 den
756 405 238 42 prisstegring,
1018 418 75 21 som
1116 409 172 37 inträffat,
1313 413 108 30 sedan
1443 414 40 30 de
1506 415 147 40 tidigare
1675 417 94 30 kost-

280 452 371 42 nadsberäkningarna
681 459 236 39 upprättades,
945 461 65 30 har
1037 463 193 31 emellertid
1259 474 47 21 nu
1335 466 188 32 beräknats
1553 469 215 39 uppkomma

280 514 43 20 en
344 506 226 32 merkostnad
592 509 56 30 för
669 511 162 31 arbetena
851 522 42 21 av
916 514 92 31 1020
1024 515 63 30 000
1109 516 140 31 kronor.
1272 519 213 31 Statsverket
1507 530 102 22 anses
1630 523 31 39 ej
1685 523 82 30 böra

281 558 228 42 undandraga
534 561 51 40 sig
609 565 51 28 att
684 563 136 41 deltaga
842 566 131 39 jämväl
998 568 10 30 i
1032 569 238 32 kostnaderna
1296 572 54 30 för
1374 573 58 30 det
1456 575 186 38 utvidgade
1667 576 102 39 bygg-

280 612 337 41 nadsprogrammet.
637 616 51 31 Då
707 618 188 41 anledning
913 620 30 40 ej
965 621 109 31 heller
1092 632 102 21 anses
1214 624 167 41 föreligga
1400 628 50 29 att
1470 627 124 40 frångå
1614 629 41 29 de
1674 630 94 39 prin-

279 664 95 40 ciper
399 666 54 30 för
476 668 436 40 byggnadskostnadernas
938 673 198 43 fördelning
1161 677 129 30 mellan
1315 681 114 28 staten
1455 681 62 29 och
1544 681 223 41 landstinget,

280 727 76 21 som
383 719 145 41 tidigare
555 722 192 41 tillämpats
772 725 58 30 vid
856 726 197 41 beviljande
1079 738 42 21 av
1147 730 120 40 anslag
1294 732 52 29 till
1372 732 267 41 ifrågavarande
1666 735 103 40 bygg-

280 772 235 42 nadsföretag,
543 776 135 39 uppgår
704 777 57 31 det
788 787 48 22 nu
862 779 227 42 erforderliga
1118 784 246 40 statsanslaget
1391 786 52 30 till
1470 786 63 30 476
1547 787 63 30 447
1638 788 130 30 kronor

278 824 40 30 37
340 826 58 30 öre
418 827 82 30 eller
520 829 173 31 avrundat
713 830 51 31 till
784 831 64 31 476
861 833 63 30 500
944 834 141 31 kronor.

324 932 176 32 Utskottet
520 935 54 30 får
594 936 80 31 med
695 937 244 41 tillstyrkande
960 950 41 21 av
1021 942 127 40 Kungl.
1168 944 124 39 Maj:ts
1313 944 131 41 förslag
1464 947 196 35 hemställa,

632 992 51 28 att
707 991 187 41 riksdagen
917 994 58 30 må
998 995 53 30 till
1075 995 129 41 Bidrag
1229 997 52 30 till
1306 998 219 40 uppförande
1550 1010 42 20 av
1615 1001 152 39 nybygg-

586 1043 72 30 nad
677 1044 57 39 för
755 1045 276 40 barnsjukhuset
1054 1049 57 30 vid
1132 1049 199 32 Malmöhus
1353 1052 77 30 läns
1452 1053 316 39 sjukvårdsinrätt-

587 1097 127 39 ningar
736 1098 12 30 i
767 1098 104 31 Lund
892 1109 46 21 m.
961 1110 46 21 m.
1030 1101 56 31 för
1107 1103 205 40 budgetåret
1337 1105 138 34 1950/51
1501 1107 121 30 anvisa
1646 1110 48 28 ett
1717 1117 50 21 re-

588 1151 317 42 servationsanslag
926 1162 42 23 av
988 1155 65 30 476
1067 1155 63 31 500
1152 1156 140 32 kronor.

321 1253 98 35 51:0)
445 1253 173 39 Avlöning
641 1266 42 20 av
708 1257 91 31 vissa
825 1259 263 33 underordnade
1112 1262 117 31 läkare
1252 1264 58 30 vid
1336 1264 247 37 Sabbatsbergs
1608 1266 159 35 sjukhus.

278 1305 12 29 I
310 1306 153 40 enlighet
481 1308 79 30 med
579 1309 126 40 Kungl.
725 1311 124 40 Maj:ts
868 1312 130 42 förslag
1022 1315 131 39 (punkt
1171 1316 52 35 56,
1244 1326 25 21 s.
1290 1317 73 35 86),
1384 1318 106 31 vilket
1509 1319 147 31 innebär
1674 1321 92 30 oför-

277 1359 135 31 ändrad
434 1361 328 43 medelsanvisning,
784 1365 202 32 hemställer
1007 1368 181 36 utskottet,

630 1419 52 28 att
711 1418 187 41 riksdagen
928 1420 57 31 må
1016 1421 52 30 till
1099 1422 173 41 Avlöning
1302 1433 41 21 av
1376 1426 90 29 vissa
1499 1426 267 32 underordnade

586 1470 119 31 läkare
739 1471 57 31 vid
826 1472 250 42 Sabbatsbergs
1109 1476 153 39 sjukhus
1296 1477 55 30 för
1384 1478 205 40 budgetåret
1625 1481 138 30 1950/51

586 1524 122 30 anvisa
724 1527 49 28 ett
790 1525 273 43 förslagsanslag
1080 1537 43 22 av
1142 1530 61 30 129
1217 1530 62 30 300
1297 1531 141 31 kronor.

317 1627 98 35 32:0)
441 1627 125 38 Bidrag
583 1630 53 30 till
655 1630 92 32 vissa
766 1631 273 34 driftkostnader
1057 1636 58 30 vid
1135 1635 248 38 Sabbatsbergs
1402 1638 160 36 sjukhus.
1581 1640 13 29 I
1615 1640 152 39 enlighet

275 1680 80 31 med
374 1681 125 40 Kungl.
517 1682 126 41 Maj:ts
662 1684 130 41 förslag
815 1686 130 40 (punkt
963 1688 52 35 57,
1035 1698 26 21 s.
1080 1689 42 30 86
1140 1690 65 30 och
1223 1690 74 35 87),
1316 1691 237 32 innebärande
1572 1693 194 30 medelsan-

274 1733 140 41 visning
434 1735 54 30 för
506 1736 123 41 bidrag
648 1738 52 30 till
719 1738 41 31 de
780 1739 20 30 å
819 1739 293 33 kvinnokliniken
1131 1743 192 40 belöpande
1343 1745 336 37 driftkostnaderna,
1700 1748 62 29 och

275 1787 112 30 under
405 1788 151 36 erinran,
575 1793 50 28 att
643 1791 156 40 anslaget
816 1792 11 30 i
845 1793 159 40 gällande
1021 1795 147 32 riksstat
1186 1797 163 40 uppförts
1367 1799 79 30 med
1467 1799 59 30 100
1542 1799 63 31 000
1623 1800 140 34 kronor,

275 1841 170 31 avseende
466 1842 122 41 bidrag
611 1844 55 30 för
687 1847 49 28 ett
756 1846 97 31 halvt
874 1846 49 36 år,
944 1848 204 31 hemställer
1170 1850 181 35 utskottet,

629 1899 51 29 att
702 1898 187 41 riksdagen
911 1901 58 30 må
990 1901 53 31 till
1064 1902 130 41 Bidrag
1217 1904 53 29 till
1291 1904 92 31 vissa
1406 1905 279 40 driftkostnader
1708 1908 56 30 vid

582 1951 251 41 Sabbatsbergs
852 1954 152 40 sjukhus
1024 1955 56 30 för
1099 1956 203 40 budgetåret
1326 1958 134 31 1950/51
1487 1959 119 31 anvisa
1628 1963 46 27 ett
1696 1961 68 29 för-

585 2004 215 42 slagsanslag
818 2015 42 22 av
879 2007 62 31 230
955 2008 63 31 000
1037 2008 141 32 kronor.

317 2109 98 34 53:0)
443 2109 99 31 Vissa
566 2110 121 38 bidrag
709 2112 52 30 till
785 2112 139 32 lasarett
946 2124 44 21 m.
1013 2125 45 21 m.
1082 2116 12 29 I
1118 2117 153 38 enlighet
1293 2118 80 30 med
1396 2119 125 39 Kungl.
1546 2120 125 39 Maj:ts
1696 2120 68 30 för-

274 2161 73 40 slag
379 2162 129 40 (punkt
534 2164 52 35 59,
614 2174 26 21 s.
667 2165 73 35 88),
767 2166 107 32 vilket
899 2167 146 32 innebär
1071 2169 213 31 oförändrad
1311 2171 329 42 medelsanvisning,
1668 2174 95 29 hem-

273 2215 119 30 ställer
417 2216 179 35 utskottet,

627 2274 52 29 att
700 2273 187 40 riksdagen
909 2275 57 30 må
988 2276 52 30 till
1065 2276 99 31 Vissa
1188 2277 120 40 bidrag
1332 2279 52 29 till
1406 2279 142 30 lasarett
1571 2290 44 20 m.
1641 2290 43 20 m.
1709 2281 52 29 för

582 2325 205 40 budgetåret
808 2327 138 34 1950/51
967 2329 122 31 anvisa
1108 2332 48 29 ett
1176 2330 120 40 anslag
1316 2340 42 21 av
1380 2333 37 28 15
1432 2332 63 30 800
1514 2333 141 30 kronor.

315 2430 99 34 54:0)
440 2430 125 37 Bidrag
583 2432 53 30 till
655 2432 217 36 uppförande
889 2435 83 30 eller
990 2435 197 31 inrättande
1204 2445 42 21 av
1267 2437 312 37 barnavdelningar
1598 2439 57 30 vid
1676 2439 86 29 lasa-

272 2483 65 28 rett
360 2492 43 20 m.
427 2492 43 21 m.
494 2484 12 30 I
530 2485 152 39 enlighet
705 2485 79 31 med
808 2486 124 41 Kungl.
956 2488 126 40 Maj:ts
1105 2489 130 39 förslag
1263 2489 130 41 (punkt
1418 2491 51 35 60,
1494 2501 24 20 s.
1545 2492 41 30 88
1611 2493 63 30 och
1700 2492 57 34 89)
