1878 2782
294 186 38 29 18
721 183 284 32 Statsutskottets
1028 182 180 30 utlåtande
1230 191 41 20 nr
1295 182 49 28 11.

334 265 96 34 23:0)
457 264 121 31 Förste
600 263 311 37 provinsialläkare
932 264 63 29 och
1019 261 310 37 provinsialläkare
1351 270 43 20 m.
1418 260 52 29 fl.:
1496 259 125 35 Bidrag
1644 258 56 29 för
1721 265 58 20 an-

292 318 185 29 skaffande
502 326 43 21 av
572 317 161 30 bostäder
759 317 35 30 åt
822 315 310 37 provinsialläkare
1159 315 20 30 å
1206 313 246 35 landsbygden.
1481 313 12 29 I
1522 312 151 39 enlighet
1703 311 78 29 med

293 371 125 39 Kungl.
442 371 124 39 Maj:ts
591 370 130 39 förslag
750 370 131 39 (punkt
905 369 50 34 23,
981 379 25 20 s.
1030 368 59 33 44)
1120 371 89 27 samt
1235 367 110 30 under
1368 367 151 32 erinran,
1545 368 50 27 att
1620 367 116 28 senast
1761 364 18 29 å

294 425 189 30 riksstaten
506 424 53 30 för
583 424 203 38 budgetåret
814 422 140 37 1947/48
977 423 54 29 för
1055 422 198 30 ändamålet
1279 420 161 40 uppförts
1463 421 48 28 ett
1536 418 246 30 reservations-

295 478 119 39 anslag
438 488 40 19 av
501 477 63 30 600
579 477 64 30 000
665 478 130 28 kronor
819 477 163 29 ävensom
1005 478 50 27 att
1080 485 45 20 nu
1150 474 227 30 förevarande
1400 473 120 38 anslag
1544 472 78 29 med
1645 472 136 37 hänsyn

295 531 51 29 till
370 531 158 38 befintlig
552 530 213 31 reservation
789 531 132 28 ansetts
943 529 120 30 kunna
1087 530 170 37 upplagas
1281 527 76 29 med
1383 526 144 29 allenast
1553 524 151 30 formellt
1730 524 54 29 be-

298 586 88 38 lopp,
409 584 201 29 hemställer
632 584 180 32 utskottet,

650 639 50 27 att
722 637 187 38 riksdagen
931 636 57 29 må
1010 635 52 30 till
1084 635 121 29 Förste
1226 632 311 41 provinsialläkare
1560 631 63 30 och
1647 630 137 40 provin-

607 689 184 30 sialläkare
809 699 45 20 m.
872 688 56 40 fl.:
946 688 127 40 Bidrag
1090 688 57 38 för
1164 685 234 41 anskaffande
1416 694 41 21 av
1477 684 162 30 bostäder
1657 684 35 29 åt
1708 691 77 32 pro-

608 742 245 31 vinsialläkare
879 742 19 30 å
925 741 236 40 landsbygden
1189 740 54 30 för
1268 739 203 39 budgetåret
1500 737 137 31 1950/51
1667 736 117 30 anvisa

608 799 47 28 ett
679 794 354 40 reservationsanslag
1054 803 42 21 av
1121 794 60 29 100
1203 794 140 29 kronor.

343 904 94 33 24:0)
464 903 125 36 Bidrag
611 903 53 29 till
686 905 93 27 extra
801 900 328 37 provinsialläkares
1151 899 193 29 avlönande
1366 908 43 20 m.
1431 907 43 20 m.
1499 898 11 29 I
1534 897 152 38 enlighet
1710 895 76 30 med

303 956 124 39 Kungl.
450 956 124 39 Maj:ts
596 956 130 39 förslag
753 955 131 40 (punkt
906 954 51 34 24,
980 964 25 20 s.
1029 953 42 30 44
1092 954 63 29 och
1182 952 72 34 45),
1276 952 107 29 vilket
1405 950 146 31 innebär
1576 948 212 31 oförändrad

302 1009 328 40 medelsanvisning,
653 1008 202 31 hemställer
878 1008 179 33 utskottet,

656 1064 49 28 att
731 1061 187 39 riksdagen
944 1060 56 30 må
1027 1060 49 30 till
1104 1059 128 39 Bidrag
1261 1058 51 30 till
1339 1060 95 28 extra
1459 1055 330 42 provinsialläkares

612 1114 193 32 avlönande
826 1124 46 20 m.
891 1124 46 20 m.
959 1114 54 31 för
1031 1112 206 39 budgetåret
1259 1111 137 32 1950/51
1419 1110 120 31 anvisa
1559 1111 47 28 ett
1628 1108 163 38 förslags-

611 1168 119 39 anslag
750 1178 41 20 av
811 1168 38 29 75
866 1167 62 30 000
947 1167 140 29 kronor.

346 1277 95 33 25:0)
468 1276 135 29 Statens
643 1274 284 35 sinnessjukhus:
971 1271 243 37 Övervakning
1253 1281 41 20 av
1336 1271 92 29 vissa
1469 1268 322 31 försöksutskrivna

304 1328 176 35 patienter.
508 1330 12 28 I
547 1329 152 39 enlighet
725 1328 78 30 med
831 1327 125 39 Kungl.
983 1326 125 39 Maj:ts
1135 1325 131 39 förslag
1297 1324 130 40 (punkt
1454 1324 51 33 27,
1533 1332 26 20 s.
1586 1322 73 33 46),
1687 1321 105 30 vilket

305 1382 145 30 innebär
471 1381 215 30 oförändrad
709 1380 329 39 medelsanvisning,
1063 1377 202 31 hemställer
1290 1377 180 33 utskottet,

661 1436 50 28 att
730 1433 188 39 riksdagen
936 1432 57 31 må
1012 1432 51 30 till
1082 1432 140 29 Statens
1242 1429 290 40 sinnessjukhus:
1554 1428 242 38 Övervakning

614 1497 43 21 av
683 1488 89 29 vissa
796 1485 327 41 försöksutskrivna
1148 1485 173 40 patienter
1344 1483 55 30 för
1423 1482 204 39 budgetåret
1654 1481 137 31 1950/51

617 1541 120 29 anvisa
756 1542 49 27 ett
824 1538 273 40 förslagsanslag
1117 1547 42 20 av
1181 1537 37 30 16
1233 1537 63 30 000
1314 1537 140 29 kronor.

351 1649 96 33 26:0)
474 1648 79 29 Om-
582 1649 65 28 och
674 1646 213 36 tillbyggnad
914 1654 42 21 av
983 1644 235 36 psykiatriska
1246 1643 156 32 kliniken
1429 1644 11 28 i
1467 1642 109 30 Lund.
1606 1642 11 29 I
1646 1641 151 39 enlighet

309 1702 79 29 med
407 1701 124 39 Kungl.
550 1701 125 39 Maj:ts
693 1700 130 39 förslag
848 1699 130 41 (punkt
996 1699 50 33 29,
1067 1708 25 20 s.
1111 1698 74 34 47),
1203 1697 107 30 vilket
1328 1697 146 30 innebär
1492 1695 142 30 fortsatt
1652 1694 146 30 medels-

310 1755 184 39 anvisning
520 1754 55 30 för
601 1763 42 21 av
671 1753 83 30 1948
781 1753 58 30 års
865 1752 141 39 riksdag
1030 1751 180 30 beslutade
1235 1759 71 21 om-
1331 1749 63 30 och
1421 1747 376 41 tillbyggnadsarbeten

312 1808 53 29 för
390 1808 145 39 tillhopa
564 1807 12 29 1
596 1807 61 30 700
672 1807 62 29 000
760 1807 141 32 kronor,
927 1805 202 30 hemställer
1156 1803 179 34 utskottet,

666 1862 50 27 att
733 1859 188 39 riksdagen
939 1858 57 30 må
1014 1858 51 30 till
1089 1859 80 28 Om-
1187 1857 63 30 och
1270 1855 213 40 tillbyggnad
1502 1864 42 21 av
1562 1853 237 43 psykiatriska

621 1912 157 30 kliniken
802 1913 11 29 i
834 1911 102 30 Lund
959 1911 54 30 för
1036 1910 204 40 budgetåret
1268 1909 135 33 1950/51
1433 1908 120 30 anvisa
1577 1909 48 29 ett
1649 1915 152 22 reserva-

621 1965 216 39 tionsanslag
857 1974 42 21 av
920 1964 61 30 600
995 1963 62 31 000
1078 1964 142 29 kronor.

357 2075 95 32 27:0)
479 2071 453 36 Driftkostnadsersättning
949 2072 55 29 för
1022 2070 234 36 psykiatriska
1272 2068 196 31 klinikerna
1486 2069 11 29 i
1514 2067 98 30 Lund
1630 2067 63 30 och
1712 2066 89 35 Upp-

312 2126 84 31 sala.
420 2127 125 39 Kungl.
571 2126 107 39 Maj:t
702 2126 63 30 har
795 2125 131 40 (punkt
951 2124 51 34 30,
1029 2134 26 20 s.
1081 2123 147 33 48—50)
1258 2122 179 39 föreslagit
1462 2121 187 39 riksdagen
1674 2122 51 28 att
1750 2119 51 30 till

314 2178 462 39 Driftkostnadsersättning
795 2178 54 30 för
867 2176 237 42 psykiatriska
1123 2176 199 29 klinikerna
1340 2175 12 30 i
1369 2174 101 30 Lund
1491 2174 65 30 och
1575 2173 153 41 Uppsala
1749 2173 54 29 för

314 2232 203 40 budgetåret
538 2232 139 33 1950/51
698 2231 120 30 anvisa
837 2232 48 28 ett
905 2229 273 40 förslagsanslag
1196 2238 41 20 av
1257 2228 93 30 1700
1364 2228 63 30 000
1447 2228 141 29 kronor.

360 2340 164 39 Anslaget
545 2340 38 30 är
602 2339 11 30 i
633 2339 191 30 riksstaten
845 2337 55 31 för
920 2336 236 31 innevarande
1175 2335 168 40 budgetår
1364 2334 144 41 uppfört
1530 2334 79 30 med
1632 2334 19 30 2
1665 2333 63 31 000
1741 2332 63 31 000

317 2394 139 31 kronor.

360 2445 307 42 Uppskattningen
690 2454 41 21 av
753 2443 279 32 medelsbehovet
1055 2444 55 29 för
1134 2441 238 42 psykiatriska
1396 2440 200 31 klinikerna
1620 2440 12 30 i
1653 2438 153 42 Uppsala

316 2500 65 30 och
399 2499 101 31 Lund
520 2499 113 31 under
651 2496 237 33 innevarande
905 2495 170 41 budgetår
1092 2496 65 30 har
1174 2494 151 40 grundat
1343 2494 51 39 sig
1411 2493 45 41 på
1473 2493 42 30 de
1534 2491 273 32 driftkostnads-
