2177 2519
735 166 247 32 Statsutskottets
1012 164 170 33 Utlåtande
1205 165 67 31 N:o
1296 166 51 30 30.
1752 164 66 36 51.

245 247 176 52 kontoret
452 260 89 23 voro
570 249 126 34 såsom
726 245 225 37 biträdande
980 245 232 48 tjenstemän
1241 243 173 38 anstälde
1444 256 45 24 en
1520 242 213 37 kontrollör
1761 242 71 36 och

244 301 65 33 två
338 298 370 50 postexpedititörer,
737 297 316 37 kontorschefens
1083 296 196 50 provision
1297 296 163 48 nedgick
1478 295 56 37 till
1553 296 111 46 1,160
1681 294 152 46 kronor,

246 350 156 36 oaktadt
442 350 224 49 uppbörden
708 357 87 41 steg
835 350 55 35 till
933 349 12 36 i
987 349 114 36 rundt
1128 348 53 37 tal
1212 350 137 43 66,100
1378 348 153 46 kronor,
1561 352 98 31 samt
1688 351 55 31 att
1769 345 65 37 vid

245 403 265 47 postkontoret
538 402 11 35 i
580 402 192 44 Qvistrum
804 401 72 36 den
906 400 295 37 kontorschefen
1231 399 287 36 tillkommande
1553 397 195 50 provision
1778 403 58 31 ut-

244 454 134 48 gjorde
422 458 39 32 år
498 456 93 33 1877
637 453 140 36 kronor
807 455 83 34 896:
914 463 54 36 17,
1001 465 83 23 men
1113 455 40 32 år
1186 453 95 34 1892
1313 450 161 36 allenast
1499 451 141 34 kronor
1670 452 85 33 739:
1777 459 58 35 96,

244 506 156 35 oaktadt
445 504 225 49 uppbörden
713 504 60 36 vid
817 504 176 35 kontoret
1035 503 151 48 belöpte
1216 502 63 47 sig
1307 501 10 36 1
1347 502 121 35 runda
1496 501 53 36 tal
1578 503 40 33 år
1651 502 95 34 1877
1776 500 60 36 till

246 558 136 43 23,300
411 557 150 45 kronor,
594 569 85 22 men
709 558 39 33 år
780 556 94 35 1892
905 554 57 36 till
990 557 138 44 42,300
1159 554 159 44 kronor;
1349 553 186 36 beroende
1552 553 123 35 denna
1692 551 144 36 minsk-

244 608 96 48 ning
367 608 12 35 i
408 607 317 36 kontorschefens
755 605 193 50 provision
974 606 129 48 derpå,
1132 611 56 30 att
1217 603 63 38 vid
1310 604 177 36 kontoret
1515 603 161 36 anstälts
1705 615 47 23 en
1782 602 53 36 bi-

245 659 183 37 trädande
457 659 243 48 tjensteman,
731 657 300 49 postexpeditör,
1062 656 156 36 hvilken
1249 655 119 49 enligt
1398 655 113 36 ofvan
1541 653 155 50 angifna
1719 650 115 52 grun-

244 712 67 36 der
332 711 69 35 fått
430 710 84 36 med
544 709 294 37 kontorschefen
868 709 85 36 dela
982 708 259 49 provisionen.

371 762 75 36 För
475 767 54 31 att
559 762 81 36 visa
670 761 70 36 den
772 760 193 50 betydliga
987 760 199 36 tillväxten
1204 759 11 36 i
1232 759 73 36 den
1327 757 407 50 uppbördsprovision,
1753 770 79 23 som

243 814 230 36 tillkommer
501 813 335 48 postanstalterna,
867 812 96 36 hade
992 812 240 36 revisorerna
1262 810 135 45 anfört,
1427 811 193 44 hurusom,
1650 808 122 49 enligt
1787 821 46 23 en

245 865 61 36 vid
348 864 463 49 generalpoststyrelsens
840 863 201 36 skrifvelse
1076 863 71 36 den
1180 864 46 34 29
1258 861 206 37 november
1496 862 109 45 1876,
1635 860 198 48 angående

243 916 266 47 fördelningen
541 916 40 35 af
605 915 256 49 provisionen,
892 915 114 47 fogad
1037 914 113 46 tablå,
1181 914 72 35 den
1273 913 57 35 för
1358 912 102 37 tiden
1496 915 15 33 1
1538 911 71 48 juli
1633 913 199 34 1875—30

239 968 85 52 juni
356 970 95 34 1876
481 967 212 48 belöpande
722 965 395 50 uppbördsprovision
1148 965 203 36 beräknats
1380 964 55 35 till
1459 965 137 46 96,316
1619 963 152 47 kronor,
1787 962 46 36 då

244 1020 181 46 deremot,
469 1019 124 47 enligt
630 1019 98 35 hvad
762 1020 94 34 1892
888 1021 59 32 års
978 1017 262 48 räkenskaper
1268 1015 186 45 utvisade,
1485 1016 124 35 denna
1638 1013 194 50 provision

244 1071 236 35 sistnämnda
511 1074 39 32 år
579 1072 163 47 uppgått
770 1069 56 36 till
856 1071 163 45 320,344
1050 1070 139 34 kronor
1219 1070 45 34 99
1296 1072 74 31 öre.
1429 1066 222 50 Uppbörds-
1680 1065 71 37 och
1772 1065 60 36 fri-

243 1122 396 49 märkesprovisionen
666 1121 55 36 till
751 1122 307 47 tjenstemännen
1089 1120 64 36 vid
1179 1119 326 49 postanstalterna
1521 1117 98 37 hade
1648 1117 109 46 dock,
1775 1127 57 26 en-

243 1173 72 49 ligt
361 1174 99 35 hvad
503 1173 280 49 poststyrelsen
829 1172 127 36 vidare
986 1172 136 47 anfört,
1157 1170 207 48 ingalunda
1399 1171 111 36 ökats
1540 1173 41 33 så
1610 1168 221 49 väsentligt,

243 1238 79 23 som
366 1225 41 36 af
430 1226 123 35 denna
582 1225 85 35 utaf
692 1224 237 36 revisorerna
958 1224 134 47 gjorda
1121 1221 364 49 sammanställning
1510 1227 133 43 syntes
1673 1220 156 48 framgå.

243 1277 16 35 I
288 1276 70 36 den
403 1275 366 38 ofvanomförmälda
813 1275 139 46 tablån,
999 1288 79 22 som
1122 1275 99 35 varit
1262 1273 132 36 afsedd
1428 1280 56 29 att
1514 1273 80 36 visa
1626 1272 140 35 verkan
1795 1272 39 35 af

242 1328 217 48 föreslagna
488 1326 289 38 bestämmelser
796 1327 161 36 rörande
987 1326 269 49 provisionens
1278 1324 219 48 fördelning
1517 1324 138 36 mellan
1672 1324 159 46 tjenste-

243 1384 162 31 männen
448 1379 61 36 vid
552 1380 143 36 sådana
736 1378 285 49 postanstalter,
1058 1378 65 35 der
1165 1377 223 36 biträdande
1418 1377 230 47 tjenstemän
1678 1377 48 46 på
1755 1380 75 30 stat

243 1444 88 22 vore
360 1431 184 47 anstälde,
575 1436 192 43 upptoges
796 1429 207 47 nemligen,
1033 1431 123 34 såsom
1179 1428 184 48 naturligt
1384 1428 97 36 varit
1501 1427 70 37 och
1593 1429 124 33 såsom
1734 1427 96 46 jem-

241 1483 60 35 väl
331 1482 10 35 i
370 1482 182 36 rubriken
582 1482 57 36 till
669 1481 127 36 tablån
826 1480 197 48 angifvits,
1053 1479 526 50 provisionsberäkningarna
1596 1478 162 36 allenast
1774 1477 56 36 för

240 1534 46 36 de
328 1536 46 34 42
422 1533 246 48 fullständiga
711 1533 98 35 fasta
838 1532 270 49 postanstalter
1137 1532 70 36 och
1238 1534 20 34 3
1287 1530 366 50 postinspektioner,
1683 1529 66 36 der
1777 1528 53 37 bi-

240 1585 184 36 trädande
466 1586 229 47 tjenstemän
739 1587 46 46 på
814 1589 76 31 stat
919 1585 137 35 funnes
1086 1583 186 46 anstälde,
1303 1582 69 37 och
1407 1582 252 36 slutsumman
1690 1580 41 36 af
1756 1580 72 36 den

242 1637 214 36 beräknade
483 1636 243 49 provisionen
761 1635 57 36 för
860 1635 45 36 de
941 1635 62 37 vid
1047 1635 112 36 dessa
1184 1637 47 34 42
1275 1633 272 50 postanstalter
1576 1632 70 37 och
1675 1634 21 33 3
1726 1637 102 43 post-

241 1688 262 48 inspektioner
530 1687 173 37 anstälde
732 1687 230 47 tjenstemän
993 1689 47 46 på
1056 1692 74 30 stat
1146 1686 168 48 uppgick
1333 1685 241 48 visserligen,
1591 1687 124 33 såsom
1733 1683 96 35 revi-

240 1752 155 23 sorerna
436 1739 226 46 omförmält,
710 1739 55 35 till
809 1740 136 43 96,316
982 1739 140 35 kronor
1151 1738 56 35 för
1237 1737 103 36 tiden
1372 1740 16 33 1
1414 1737 72 46 juli
1521 1736 200 38 1875—30
1745 1734 82 48 juni

243 1793 107 34 1876.
406 1791 89 36 Men
537 1791 46 36 de
626 1789 249 48 fullständiga
909 1790 98 36 fasta
1044 1788 322 50 postanstalterna
1410 1789 313 48 (postkontorens
1757 1786 70 36 och

239 1842 436 49 postexpeditionernas)
718 1841 101 36 antal
850 1841 178 48 utgjorde
1059 1840 62 37 vid
1152 1841 71 36 den
1253 1840 116 46 tiden,
1399 1840 46 36 då
1473 1840 128 36 tablån
1632 1842 196 44 upprätta-

238 1894 79 47 des,
351 1897 80 44 197,
462 1894 71 36 och
563 1892 529 50 provisionsberäkningarna
1121 1892 57 36 för
1207 1892 83 36 icke
1320 1891 147 36 mindre
1497 1896 45 31 än
1568 1893 70 34 155
1656 1889 172 36 fullstän-

237 1945 89 49 diga
355 1946 97 36 fasta
481 1944 286 50 postanstalter,
798 1944 67 37 der
893 1945 89 47 inga
1014 1943 226 36 biträdande
1270 1944 228 48 tjenstemän
1531 1945 46 47 på
1594 1947 77 31 stat
1691 1941 136 35 funnes

237 1997 171 36 anstälde
438 1997 70 36 och
538 1997 65 35 der
631 1996 147 36 således
814 1996 115 47 ingen
961 1995 219 48 fördelning
1209 1995 126 36 kunde
1365 1994 151 36 komma
1545 1994 11 36 i
1586 1994 119 47 fråga,
1736 1997 90 30 utan

237 2048 320 49 postförvaltaren
604 2061 129 23 ensam
777 2047 126 36 behöll
946 2046 260 49 provisionen,
1237 2059 90 23 vore
1355 2046 240 48 följaktligen
1626 2059 44 21 ur
1699 2043 127 37 tablån

237 2100 228 42 utlemnade.
522 2100 75 36 Det
633 2099 88 36 ville
765 2099 126 35 derför
928 2111 128 36 synas,
1086 2111 80 22 som
1198 2111 57 23 om
1289 2112 46 21 en
1365 2097 184 48 rigtigare
1579 2094 249 51 uppfattning

237 2152 42 36 af
302 2151 263 49 provisionens
596 2151 175 48 stegring
801 2150 165 43 vunnits,
996 2150 139 47 derest,
1164 2149 12 36 i
1205 2149 128 36 stället
1361 2148 57 36 för
1439 2149 70 36 den
1532 2149 42 36 af
1587 2147 239 38 revisorerna

236 2203 135 49 gjorda
414 2202 420 49 sammanställningen,
872 2201 177 50 jemförts
1075 2200 397 50 provisionsbeloppet
1502 2200 122 49 enligt
1653 2204 172 44 postver-
