2212 2664
415 174 120 32 Första
560 175 218 32 Kammarens
805 175 184 42 Tillfälliga
1022 177 140 31 Utskotts
1186 177 80 40 (N:o
1293 180 31 34 2)
1359 177 173 33 Utlåtande
1555 178 63 32 N:o
1645 182 28 28 9.
1801 180 38 31 17

347 266 53 32 att
428 264 93 35 efter
548 265 236 36 utfärdandet
812 266 40 35 af
877 267 152 35 berörda
1053 268 126 45 kungl.
1203 267 216 47 kungörelse
1438 267 13 36 i
1471 268 127 47 frågan
1617 268 81 36 icke
1718 269 124 36 blifvit

240 316 187 35 meddelad
455 320 118 44 någon
601 318 124 36 vidare
754 320 189 35 föreskrift
972 321 86 34 eller
1086 320 173 47 vidtagen
1278 324 119 43 någon
1424 333 120 23 annan
1565 323 137 45 åtgärd,
1725 328 44 29 än
1790 326 53 32 att

239 369 137 46 Kungl.
408 370 107 48 Maj:t
542 371 14 35 i
585 372 125 48 hvarje
752 373 175 35 särskildt
968 374 187 35 utfärdadt
1183 374 276 47 privilegiebref
1485 375 55 35 för
1568 375 193 46 apotekare
1789 376 54 35 in-

239 422 108 46 ryckt
389 435 44 23 en
476 424 190 36 föreskrift
703 438 55 22 om
802 426 216 47 skyldighet
1060 430 53 32 att
1141 431 74 31 mot
1243 427 155 46 pension
1430 427 63 36 vid
1521 428 74 35 viss
1624 429 98 35 ålder
1750 429 93 35 afstå

240 475 256 47 privilegierna
538 478 186 35 äfvensom
768 482 54 32 att
859 480 145 45 erlägga
1033 481 72 33 den
1134 480 115 46 årliga
1277 481 292 46 pensionsafgift,
1600 493 74 24 som
1704 483 136 46 Kungl.

240 528 107 48 Maj:t
375 530 124 35 kunde
528 531 145 35 komma
702 535 52 32 att
783 532 191 35 framdeles
1003 533 209 35 bestämma.

347 637 250 35 Förevarande
639 637 137 35 motion
818 639 161 45 grundar
1021 638 56 47 sig
1118 638 226 48 väsentligen
1373 641 46 44 på
1448 640 70 34 den
1545 639 295 48 uppfattningen,

240 692 53 33 att
321 690 326 46 apoteksväsendet
674 692 117 34 under
819 693 317 45 statsmonopolets
1165 692 92 35 form
1286 692 118 36 skulle
1432 692 82 36 bäst
1537 693 188 47 tillgodose
1745 695 98 35 såväl

240 744 264 35 allmänhetens
547 756 74 23 som
660 745 323 46 yrkesutöfvarnas
1026 745 226 47 berättigade
1294 746 95 35 kraf.
1452 747 74 34 Det
1566 747 141 36 utskott
1743 747 99 36 inom

239 796 129 36 Andra
395 798 231 44 Kammaren,
658 798 141 36 hvilket
828 799 80 35 haft
936 799 185 36 motionen
1149 799 56 35 till
1233 800 263 35 förberedande
1522 800 234 47 behandling,
1778 802 66 34 har

239 851 60 35 väl
339 850 93 44 icke,
479 851 116 46 enligt
637 852 96 35 hvad
767 853 246 43 motiveringen
1050 853 120 46 gifver
1208 853 62 35 vid
1298 854 157 43 handen,
1486 857 120 32 ansett
1633 853 56 47 sig
1717 854 126 35 kunna

240 903 215 47 obetingadt
495 904 144 35 biträda
680 905 244 35 motionärens
967 906 153 35 berörda
1156 906 250 46 uppfattning,
1438 918 83 23 men
1549 906 93 36 dock
1671 907 170 44 förordat,

239 957 97 35 hvad
377 956 129 36 Andra
547 958 221 35 Kammaren
806 958 55 35 för
890 958 58 35 sin
977 959 58 34 del
1062 959 175 46 godkänt,
1269 959 146 47 frågans
1444 959 199 47 utredning
1671 960 173 36 särskildt

239 1010 83 35 med
349 1011 144 47 hänsyn
521 1010 56 36 till
605 1014 136 32 statens
770 1011 259 47 öfvertagande
1058 1012 58 35 för
1144 1024 91 35 egen
1263 1012 159 47 räkning
1450 1013 41 35 af
1502 1013 338 46 apoteksväsendet.

239 1064 79 35 Mot
338 1064 70 35 den
428 1064 151 35 sålunda
598 1064 215 36 framhållna
831 1065 252 47 reformvägen
1102 1066 182 46 uppställa
1304 1065 56 48 sig
1375 1066 198 36 emellertid
1588 1066 115 48 enligt
1717 1068 126 35 Första

238 1117 240 36 Kammarens
497 1118 161 36 utskotts
679 1118 97 36 åsikt
794 1118 98 37 vissa
906 1119 297 47 betänkligheter
1219 1120 98 35 såväl
1331 1132 45 23 ur
1391 1119 131 36 allmän
1537 1121 306 36 statsekonomisk

239 1183 75 23 som
342 1184 44 22 ur
414 1172 360 48 kontrollsynpunkt.
834 1172 182 36 WSärskildt
1043 1173 143 35 komme
1214 1173 216 45 kontrollen,
1462 1186 56 23 om
1548 1175 70 34 den
1647 1174 116 36 skulle
1783 1176 58 35 väl

239 1225 90 47 fylla
370 1224 65 37 sitt
476 1226 178 44 ändamål,
698 1229 53 32 att
779 1226 130 35 kräfva
938 1239 46 22 en
1012 1227 166 47 betydlig
1206 1226 303 48 tjänstepersonal
1537 1228 66 35 och
1632 1228 207 47 därigenom

239 1272 115 54 dryga
381 1279 214 45 kostnader;
626 1280 66 35 och
722 1280 98 35 detta
853 1279 225 36 förhållande
1107 1280 118 35 skulle
1253 1281 180 35 måhända
1461 1280 81 36 icke
1571 1283 38 33 så
1637 1282 204 47 obetydligt

239 1332 198 44 motverka,
468 1333 96 35 hvad
593 1344 73 24 som
696 1333 111 35 borde
834 1345 87 24 vara
949 1333 259 48 hufvudsyftet
1235 1335 82 34 med
1345 1346 46 23 en
1416 1334 102 47 dylik
1538 1334 213 48 anordning,
1773 1335 68 36 till-

239 1385 290 36 handahållande
558 1388 37 33 åt
623 1386 242 35 allmänheten
894 1386 41 35 af
959 1386 203 48 prisbilliga
1190 1387 212 35 läkemedel.

346 1437 129 37 Ehuru
503 1439 179 36 utskottet
711 1440 151 35 sålunda
887 1452 117 33 anser,
1027 1443 54 33 att
1099 1440 214 47 Riksdagen
1332 1440 84 36 icke
1436 1440 196 48 lämpligen
1651 1441 65 36 bör
1735 1442 106 35 fram-

238 1493 98 34 hålla
364 1495 116 33 såsom
510 1492 172 37 särskildt
710 1493 268 36 beaktansvärd
1007 1506 45 24 en
1080 1494 198 47 omdaning
1305 1494 41 36 af
1371 1494 327 47 apoteksväsendet
1725 1496 116 35 under

238 1547 315 46 statsmonopolets
596 1547 102 45 form,
743 1547 114 35 håller
894 1547 93 36 dock
1023 1548 181 36 utskottet
1242 1548 86 45 före,
1364 1551 54 33 att
1446 1560 46 23 en
1519 1554 164 30 närmare
1711 1550 129 35 under-

238 1599 158 48 sökning
424 1601 41 35 af
490 1602 100 34 detta
618 1601 174 46 spörsmål
819 1600 174 48 gifvetvis
1021 1602 65 35 bör
1113 1601 88 48 ingå
1228 1601 14 36 i
1262 1603 70 34 den
1350 1601 214 48 ifrågasatta
1582 1602 255 48 utredningen,

238 1665 55 24 om
324 1655 67 34 och
419 1660 67 29 när
514 1655 70 35 den
612 1654 163 36 kommer
802 1655 57 35 till
887 1656 119 35 stånd.
1382 1690 2 2 .

345 1708 57 34 De
445 1708 240 47 synpunkter,
720 1720 75 24 som
824 1708 63 36 vid
915 1721 45 22 en
989 1710 113 34 sådan
1130 1708 198 47 utredning
1357 1709 255 36 företrädesvis
1641 1710 87 35 böra
1755 1715 86 42 göra

238 1760 57 47 sig
335 1761 178 47 gällande,
558 1767 59 30 äro
653 1762 77 35 dels
758 1761 262 37 allmänhetens
1049 1762 158 47 anspråk
1235 1765 46 44 på
1308 1762 128 47 billiga
1464 1763 68 35 och
1559 1763 162 47 fullgoda
1747 1764 95 35 läke-

238 1815 118 35 medel
385 1818 93 33 samt
505 1815 156 37 bekväm
689 1815 155 47 tillgång
872 1818 45 44 på
947 1816 92 45 dem,
1070 1816 76 35 dels
1176 1816 68 35 ock
1272 1816 322 48 yrkesutöfvarnas
1622 1816 86 36 kraf
1724 1820 46 43 på
1789 1821 53 32 ett

237 1869 60 34 väl
325 1869 156 36 ordnadt
509 1868 367 48 befordringssystem
905 1869 13 35 i
947 1869 168 48 förening
1144 1871 81 34 med
1246 1870 120 46 skälig
1384 1870 173 35 utkomst.
1606 1871 233 35 Beträffande

237 1921 250 37 förstnämnda
515 1923 185 35 önskemål
728 1928 39 30 är
795 1923 61 35 det
883 1923 193 47 tydligtvis
1104 1923 169 36 förenadt
1299 1924 83 35 med
1410 1927 96 32 stora
1534 1924 226 47 svårigheter
1788 1928 53 33 att

236 1979 92 32 utan
370 1976 211 48 sakkunnig
620 1976 199 47 utredning
860 1976 150 48 angifva
1046 1978 61 34 det
1140 1977 227 47 lämpligaste
1397 1980 109 33 sättet
1534 1977 57 36 för
1622 1979 218 46 uppnående

238 2029 40 35 af
308 2030 210 36 detsamma.
575 2030 179 36 Jämsides
790 2031 150 34 härmed
974 2030 217 36 framträder
1224 2030 235 48 synnerligen
1488 2031 154 47 kraftigt
1670 2032 171 36 behofvet

238 2086 53 33 att
327 2083 56 36 fill
411 2085 263 35 allmänhetens
703 2084 274 47 bekvämlighet
1003 2084 137 36 inrätta
1168 2088 52 32 ett
1248 2085 116 35 flertal
1391 2097 73 35 nya
1493 2085 143 46 apotek,
1667 2085 173 37 särskildt

238 2139 20 32 å
285 2138 264 47 landsbygden,
594 2138 64 35 där
699 2140 47 44 på
787 2140 131 45 många
960 2140 98 33 orter
1098 2141 83 32 rent
1222 2138 40 35 af
1300 2138 150 48 olidliga
1491 2138 251 36 förhållanden
1778 2145 60 30 äro

237 2191 160 35 rådande
425 2191 13 35 i
467 2192 169 35 afseende
661 2194 20 33 å
700 2191 235 49 möjligheten
963 2194 54 33 att
1048 2191 63 36 vid
1149 2191 253 49 sjukdomsfall
1431 2192 216 48 skyndsamt
1674 2193 165 36 anskaffa

238 2245 235 47 erforderliga
513 2245 211 36 läkemedel.
781 2245 121 36 Också
943 2257 108 36 synes
1094 2246 61 35 det
1182 2245 179 36 utskottet
1390 2258 75 23 som
1495 2258 56 23 om
1579 2246 260 48 utvecklingen

237 2299 111 36 borde
395 2301 47 45 gå
483 2299 148 45 därhän,
676 2303 53 32 att
771 2299 132 47 apotek
949 2299 154 36 inrättas
1152 2302 46 44 på
1240 2300 69 35 alla
1350 2312 99 24 mera
1491 2301 158 35 centrala
1691 2301 144 47 platser,

282 2359 78 33 Bih.
377 2360 50 32 till
439 2359 115 33 Riksd.
570 2360 87 33 Prot.
672 2363 97 30 1907.
801 2362 16 30 8
830 2359 101 34 Saml.
963 2361 19 31 2
993 2360 80 39 Afd.
1106 2363 13 29 1
1132 2360 111 33 Band.
1271 2364 19 29 9
1302 2360 98 42 Häft.
1773 2361 21 32 3
