2220 2630
464 139 116 31 Andra
603 139 200 31 kammarens
825 137 108 42 fjärde
956 137 160 42 tillfälliga
1138 137 134 31 utskotts
1294 136 162 32 utlåtande
1478 136 53 32 Nr
1553 138 30 30 9.
1739 136 37 31 17

225 216 181 49 offringar
434 217 71 36 och
533 216 123 49 dryga
685 215 282 48 omkostnader,
1007 228 81 24 som
1116 216 81 36 ofta
1223 221 91 30 utan
1342 215 268 36 motsvarande
1634 215 104 36 vinst
1757 220 63 31 äro

225 268 178 38 förenade
430 269 84 36 med
544 268 230 47 densamma,
805 270 119 34 måste
953 267 63 37 det
1043 267 130 37 därför
1201 267 146 37 fordras
1375 280 47 24 en
1441 267 104 36 stark
1563 272 257 45 uppmuntran

226 321 58 36 för
327 320 71 37 den
439 320 180 48 enskilde,
662 320 58 36 för
761 324 55 32 att
856 319 75 37 han
965 319 96 37 skall
1090 319 125 37 drifva
1242 319 72 37 den
1342 319 70 37 och
1439 321 57 34 stå
1523 319 128 37 risken
1681 318 139 37 därför.

225 366 125 43 Äfven
392 376 120 33 måste
554 372 63 37 det
658 384 91 24 vara
790 384 48 24 en
878 372 154 48 uppgift
1063 371 61 37 för
1151 371 292 49 lagstiftningen
1471 371 198 49 angående
1697 370 125 37 denna

225 425 255 48 näringsgren
521 429 55 31 att
617 424 102 48 sörja
754 424 60 36 för
842 428 54 32 att
924 424 46 36 de
999 423 170 37 metaller
1197 423 70 37 och
1295 422 223 48 mineralier,
1548 428 55 31 ett
1630 421 88 38 land
1747 422 73 36 kan

226 481 164 44 gömma,
420 477 33 47 ej
484 476 178 36 förblifva
691 475 224 49 förborgade
942 476 154 47 skatter,
1116 480 92 31 utan
1229 480 54 31 att
1302 474 266 49 näringslifvet
1588 474 70 37 och
1676 473 145 37 befolk-

227 528 141 48 ningen
397 528 70 36 och
495 527 154 37 därmed
678 527 200 37 sambhället
899 527 11 36 i
931 527 86 36 dess
1046 527 128 36 helhet
1202 527 38 35 få
1266 526 269 48 tillgodonjuta
1555 526 46 36 de
1620 526 202 48 förmåner,

227 579 215 37 åtkomsten
471 579 40 37 af
535 579 110 37 dessa
671 579 208 49 tillgångar
898 579 75 36 kan
991 578 180 37 medföra.
1219 579 17 36 TI
1255 578 95 37 båda
1370 591 51 23 nu
1441 577 157 49 angifna
1618 577 204 37 afseenden

226 631 156 37 innebär
421 632 62 36 det
511 631 121 49 enligt
658 631 207 37 utskottets
894 630 158 49 mening
1080 643 47 24 en
1155 630 80 36 fara
1263 636 55 30 att
1346 633 41 33 så
1414 629 228 50 kringskära
1668 629 154 37 bearbe-

226 688 125 32 tarens
384 684 89 36 eller
501 683 274 49 upptäckarens
804 687 86 42 rätt,
922 695 80 24 som
1031 683 277 36 motionärerna
1336 682 86 37 herr
1449 681 227 49 Lindhagen
1704 695 46 23 m.
1783 681 37 36 4.

228 748 113 36 synas
370 735 129 37 önska.
548 734 87 37 Stor
664 734 245 49 försiktighet
933 734 227 37 härutinnan
1181 747 112 36 synes
1313 734 184 36 utskottet
1515 746 93 23 vara
1628 733 41 36 af
1684 733 136 37 nöden.

227 788 67 35 Att
320 787 156 49 grufve-
505 787 72 36 och
604 786 420 49 bergverksindustrien
1052 786 69 36 hos
1144 799 62 23 oss
1225 788 81 34 nått
1325 786 72 36 den
1416 785 97 48 grad
1533 785 42 36 af
1589 784 233 49 utveckling,

228 852 80 23 som
336 838 113 48 skett,
479 839 126 36 därför
633 838 113 36 hafva
774 838 38 35 vi
841 838 121 48 enligt
990 838 205 36 utskottets
1225 838 158 47 mening
1401 838 12 35 i
1432 837 192 48 väsentlig
1652 836 95 49 grad
1767 842 56 31 att

228 890 108 36 tacka
363 890 73 36 den
464 890 147 49 princip
640 903 61 23 om
730 889 280 49 upptäckarens
1038 894 75 31 rätt
1142 890 71 36 och
1242 903 60 23 om
1332 889 46 36 fri
1406 889 240 36 konkurrens
1673 888 12 36 i
1712 888 110 49 fråga

229 955 59 23 om
318 942 124 36 denna
469 947 86 41 rätt,
585 955 82 23 som
696 942 68 36 hos
793 954 61 24 oss
885 941 134 36 vunnit
1046 941 102 38 häfd.

356 994 99 36 Från
484 993 233 48 sakkunnigt
744 993 76 36 håll
844 994 68 35 har
931 993 115 36 också
1065 992 38 37 in
1123 993 13 36 i
1156 999 149 30 senaste
1325 992 55 36 tid
1399 993 424 48 inmutningssystemet

229 1045 135 36 vunnit
392 1046 252 36 erkännande.
700 1045 17 36 I
745 1045 62 36 det
834 1045 252 47 betänkande,
1115 1058 81 23 som
1225 1045 72 36 den
1329 1047 18 33 7
1364 1044 178 40 februari
1572 1046 95 35 1907
1699 1044 124 48 afgafs

229 1097 42 36 af
307 1097 46 37 de
389 1098 42 36 af
460 1098 231 48 regeringen
719 1097 205 36 tillkallade
952 1096 241 49 sakkunniga
1221 1097 59 36 för
1307 1096 206 48 utredning
1540 1095 161 37 rörande
1728 1096 95 49 möj-

228 1149 121 48 lighet
390 1155 54 30 att
484 1149 63 36 vid
588 1149 268 50 upphäfvande
897 1148 41 36 af
961 1148 363 49 inmutningsrätten
1352 1148 101 36 inom
1481 1147 252 37 Norrbottens
1760 1148 64 36 län

230 1200 128 37 kunna
397 1206 232 44 uppmuntra
670 1201 72 36 den
783 1200 172 37 enskilda
995 1200 349 49 företagsamheten
1385 1200 57 36 till
1482 1199 266 50 upptäckande
1786 1200 42 36 af

230 1252 371 49 malmfyndigheter,
645 1251 192 37 framhölls
879 1252 168 47 sålunda,
1089 1257 55 31 att
1185 1252 363 48 inmutningsrätten
1591 1251 233 38 fortfarande

229 1317 89 23 vore
351 1304 41 36 af
416 1304 72 37 den
516 1309 139 31 största
682 1304 193 48 betydelse
904 1304 58 35 för
990 1303 72 36 den
1087 1303 164 37 svenska
1270 1303 395 48 bergshandteringen
1684 1316 139 35 genom

230 1355 71 36 den
342 1356 144 36 lättnad
524 1356 72 36 den
623 1355 158 37 bereder
808 1355 125 36 denna
960 1355 230 49 handtering
1219 1359 54 32 att
1301 1354 140 37 erhålla
1469 1354 157 36 malmer
1653 1355 70 35 och
1751 1355 72 36 den

231 1420 127 36 sporre
385 1407 56 37 till
470 1407 224 50 uppletande
724 1407 40 36 af
789 1407 128 46 sådan,
948 1407 72 36 den
1046 1406 170 37 innebär.
1264 1405 151 38 Samma
1438 1407 157 47 mening
1614 1406 69 36 har
1702 1406 122 37 seder-

230 1472 103 23 mera
360 1459 199 37 förfäktats
589 1459 105 37 såväl
723 1459 40 36 af
788 1458 239 49 fullmäktige
1045 1458 12 36 i
1072 1459 267 48 järnkontoret
1357 1458 12 36 i
1390 1458 107 36 deras
1521 1458 177 49 yttrande
1718 1458 106 37 öfver

231 1511 119 48 sagda
378 1511 155 49 förslag,
563 1524 81 23 som
673 1511 41 36 af
739 1511 115 36 andra
881 1510 12 36 i
921 1515 128 32 ämnet
1077 1510 247 49 sakkunnige.

359 1562 73 38 Vid
473 1577 51 22 nu
566 1562 158 37 anförda
765 1562 233 37 förhållande
1040 1575 112 36 synes
1196 1562 63 37 det
1291 1562 185 36 utskottet
1503 1561 83 37 icke
1615 1561 208 49 tillrådligt,

232 1619 54 31 att
314 1615 178 48 åtgärder
519 1615 177 47 vidtagas
724 1614 59 36 för
810 1614 198 37 införande
1036 1614 59 36 för
1122 1614 86 36 hela
1235 1613 126 37 landet
1388 1613 42 36 af
1446 1618 54 31 ett
1519 1613 134 36 sådant
1672 1613 152 37 alldeles

230 1671 85 43 nytt
355 1672 145 43 system
527 1666 13 36 i
568 1666 63 36 det
672 1666 191 46 afseende,
904 1666 157 35 hvarom
1094 1671 41 31 är
1162 1665 121 49 fråga,
1313 1677 79 24 som
1421 1665 12 35 i
1462 1665 88 36 herr
1577 1664 247 49 Lindhagens

231 1731 48 22 m.
317 1717 37 36 ff.
384 1717 288 49 ifrågavarande
702 1717 142 36 motion
872 1717 174 48 påyrkas.
1102 1717 66 36 Ett
1196 1717 134 35 sådant
1358 1722 85 42 steg
1471 1716 121 36 skulle
1621 1716 119 49 enligt
1766 1722 58 30 ut-

232 1769 161 36 skottets
436 1770 156 47 mening
633 1768 83 37 icke
750 1768 96 36 blott
872 1768 113 36 lända
1012 1768 58 35 till
1097 1768 119 36 skada
1243 1768 59 35 för
1329 1767 398 49 bergshandteringen
1755 1768 70 36 och

232 1820 85 36 dess
344 1820 235 49 utveckling,
608 1826 91 30 utan
728 1820 124 45 äfven,
881 1822 49 46 på
957 1823 75 33 sätt
1050 1819 116 37 ofvan
1185 1819 236 48 framhållits,
1441 1819 100 36 hvad
1561 1819 73 36 den
1654 1819 172 36 enskilda

227 1872 135 49 jorden
391 1875 130 45 angår,
551 1875 56 33 stå
636 1872 11 35 i
677 1871 93 37 strid
798 1877 79 31 mot
905 1871 72 36 den
1005 1871 83 36 från
1116 1872 165 47 gammal
1309 1871 53 36 tid
1391 1871 60 48 sig
1477 1870 227 37 härledande
1728 1884 96 36 upp-

233 1924 213 47 fattningen
476 1923 195 48 angående
695 1923 224 49 jordägares
946 1928 74 31 rätt
1040 1922 12 36 i
1071 1922 289 49 ifrågavarande
1391 1923 188 47 afseende,
1609 1923 115 36 hvarå
1752 1923 72 36 den

233 1975 217 36 nuvarande
478 1975 383 49 gruflagstiftningen
889 1974 11 36 i
931 1977 81 33 vårt
1039 1974 87 36 land
1155 1974 157 36 hvilar».

362 2026 133 36 Ställer
522 2040 86 22 man
638 2027 46 36 de
714 2026 149 46 åsikter,
892 2039 80 23 som
1001 2026 41 35 af
1066 2026 193 36 utskotten
1279 2025 157 36 sålunda
1454 2026 167 46 uttalats,
1643 2031 78 31 mot
1741 2026 82 36 dem

233 2090 80 23 som
338 2078 197 35 framföras
555 2079 11 34 i
587 2078 87 36 herr
694 2077 244 48 Lindhagens
962 2091 48 22 m.
1031 2077 37 37 fl.
1089 2077 142 36 motion
1251 2090 44 22 nr
1315 2079 73 33 244
1408 2076 63 36 vid
1491 2076 255 37 innevarande
1766 2080 59 33 års

233 2128 157 48 riksdag
410 2129 70 36 och
501 2129 124 48 öfriga
645 2129 78 35 däri
745 2128 207 49 åberopade
973 2128 236 48 aktstycken,
1230 2128 167 48 framgår
1417 2127 63 37 det
1499 2127 250 49 oförtydbart,
1770 2132 56 31 att

234 2180 134 35 medan
410 2180 45 36 de
487 2180 262 36 förstnämnda
777 2179 82 37 icke
888 2179 91 48 vilja
1006 2179 115 36 inlåta
1149 2179 59 47 sig
1236 2182 48 46 på
1312 2184 54 30 att
1395 2178 157 37 medelst
1580 2178 12 35 i
1621 2178 205 37 allmänhet

234 2231 160 48 stadgad
423 2231 344 48 koncessionsplikt
787 2231 101 35 inom
909 2230 224 37 hithörande
1153 2230 176 36 områden
1349 2230 197 36 förhindra
1565 2229 72 37 den
1658 2230 168 36 enskilda

279 2290 127 42 Bihang
422 2291 48 32 till
486 2291 110 31 Biksd.
611 2295 84 37 prot.
719 2291 88 31 1911.
855 2291 20 31 9
892 2291 96 31 Saml.
1024 2291 20 30 2
1067 2290 80 41 Afd.
1182 2291 21 30 2
1221 2290 103 32 Band.
1355 2291 20 31 4
1392 2290 66 32 Ser.
1496 2291 21 30 8
1533 2290 94 40 Häft.
1762 2290 19 30 3
