1912 2806
607 171 248 28 Statsutskottets
874 172 159 27 utlåtande
1051 180 37 18 nr
1111 172 64 26 169.
1596 169 41 30 43

194 248 183 41 Utvidgning
396 248 59 33 och
472 248 193 40 förbättring
679 256 39 24 av
730 245 330 43 korthållsskjutbana
1071 247 48 33 vid
1133 247 272 40 Livregementets
1419 246 219 42 grenadjärer.

149 308 12 29 I
190 307 150 39 enlighet
365 308 78 29 med
473 307 129 39 förslag
630 317 43 21 av
702 306 354 39 arméförvaltningen
1082 306 65 30 har
1175 305 379 39 departementschefen
1583 305 56 30 för

148 360 265 40 ifrågavarande
442 360 161 31 ändamål
632 361 168 30 beräknat
829 360 41 30 30
884 360 64 29 000
983 359 116 40 (enligt
1127 359 163 39 prisläget
1318 360 67 29 den
1416 359 13 29 1
1460 358 61 39 juli
1553 358 81 31 1941

146 415 42 29 28
202 414 75 39 000)
304 415 137 30 kronor.

194 516 301 41 lordningställande
531 525 39 24 av
601 516 195 40 övningsfält
827 516 52 33 för
914 515 215 41 Bergslagens
1154 514 331 42 artilleriregemente.
1511 516 125 39 Kungl.

148 576 100 39 Maj:t
264 577 64 30 har
344 585 122 30 genom
483 577 81 30 brev
582 577 67 29 den
666 577 19 29 5
702 586 92 20 mars
816 577 82 29 1943
917 576 106 30 bland
1041 578 106 28 annat
1165 575 151 39 godkänt
1335 577 45 27 ett
1397 575 128 29 mellan
1541 573 95 31 forti-

148 630 342 39 fikationsstyrelsen,
511 629 20 31 å
551 630 123 39 Kungl.
696 629 117 39 Maj:ts
833 630 64 30 och
918 630 153 30 kronans
1092 630 139 38 vägnar,
1252 627 20 32 å
1292 637 73 26 ena,
1387 631 89 27 samt
1496 627 140 31 drätsel-

146 683 204 30 kammaren
376 684 10 29 i
413 683 269 36 Kristinehamn,
710 682 21 32 å
757 683 277 30 Kristinehamns
1058 683 93 30 stads
1178 683 138 38 vägnar,
1345 680 20 32 å
1391 682 107 30 andra
1527 681 109 34 sidan,

147 737 177 38 upprättat
346 738 91 29 avtal
461 737 54 30 för
537 737 169 39 reglering
729 747 41 20 av
793 737 90 30 vissa
907 737 78 29 med
1008 737 56 29 det
1086 745 69 29 nya
1178 735 367 39 artilleriregementets
1568 734 68 30 för-

146 790 163 40 läggning
327 791 343 38 sammanhängande
689 789 125 40 frågor,
833 790 106 30 vilket
957 790 90 30 avtal
1064 790 106 29 bland
1189 791 106 28 annat
1312 788 213 31 innefattade
1542 790 94 28 över-

147 843 117 31 låtelse
285 843 79 31 från
384 845 119 29 staden
523 844 50 30 till
594 844 136 30 kronan
748 853 42 21 av
809 844 91 30 vissa
922 844 10 29 i
955 844 137 30 stadens
1113 844 64 38 ägo
1197 843 151 30 varande
1368 841 270 31 markområden

147 901 89 27 samt
260 897 209 31 förbindelse
494 897 79 31 från
599 898 120 29 staden
745 900 48 28 att
818 897 162 30 förvärva
1005 897 65 30 och
1096 897 48 29 till
1174 896 134 30 kronan
1332 896 199 30 överlämna
1557 896 82 30 eller

147 951 64 30 ock
230 951 143 30 bekosta
393 951 256 38 expropriation
669 951 56 30 för
743 951 153 30 kronans
917 951 148 38 räkning
1085 960 42 20 av
1148 953 46 27 ett
1213 950 156 30 enskilda
1389 957 163 31 personer
1572 949 64 30 till-

146 1004 113 40 hörigt
281 1004 150 31 område.

189 1057 126 31 Vidare
337 1059 64 30 har
424 1057 419 39 fortifikationsstyrelsen
865 1056 160 40 påbörjat
1049 1057 265 39 förhandlingar
1336 1057 79 29 med
1439 1057 197 37 domänsty-

147 1112 111 30 relsen
276 1122 57 20 om
352 1112 67 30 rätt
438 1112 55 30 för
512 1114 207 36 regementet
738 1114 49 28 att
806 1111 184 38 disponera
1010 1113 46 28 ett
1076 1109 142 31 område
1237 1121 42 20 av
1299 1109 194 40 Vassgårda
1512 1110 124 29 krono-

146 1165 96 38 park,
270 1164 105 31 vilket
400 1164 140 31 område
566 1164 130 38 jämväl
725 1164 217 31 erfordrades
968 1164 55 30 för
1049 1167 49 27 att
1124 1166 224 36 regementets
1372 1164 112 29 behov
1510 1173 42 21 av
1580 1164 56 29 öÖöv-

146 1219 240 39 ningsterräng
409 1219 109 30 skulle
539 1219 93 30 bliva
654 1219 218 39 tillgodosett.

191 1272 13 29 I
230 1272 162 31 skrivelse
416 1270 65 32 den
505 1273 40 28 22
571 1272 152 30 februari
751 1272 81 29 1943
856 1272 65 30 har
945 1271 419 39 fortifikationsstyrelsen
1388 1271 174 39 förebragt
1586 1272 50 28 ut-

144 1326 186 39 utredning
356 1326 148 30 rörande
529 1326 91 30 vissa
646 1325 180 39 röjnings-,
853 1325 211 39 planerings-
1092 1325 65 30 och
1183 1325 217 39 vägarbeten,
1428 1334 73 21 som
1528 1324 109 30 måste

145 1379 133 31 utföras
298 1379 20 31 å
338 1378 185 31 områdena
544 1379 55 30 för
619 1382 48 27 att
688 1379 95 30 dessa
807 1379 111 30 skulle
936 1379 119 29 kunna
1075 1378 171 39 nöjaktigt
1266 1377 169 39 utnyttjas
1456 1378 53 29 för
1528 1380 110 28 avsett

145 1432 172 31 ändamål.
344 1433 106 30 Dessa
474 1433 140 29 arbeten
637 1432 46 30 ha
706 1432 355 30 kostnadsberäknats
1085 1431 49 30 till
1159 1432 63 29 350
1236 1432 63 29 000
1322 1432 138 29 kronor.

188 1485 398 40 Departementschefen,
612 1495 73 20 som
710 1485 114 31 funnit
849 1486 41 29 de
916 1485 195 38 föreslagna
1135 1484 204 39 åtgärderna
1363 1494 82 20 vara
1469 1484 166 30 erforder-

145 1540 68 39 liga
235 1540 65 29 och
321 1539 84 30 intet
426 1539 76 30 haft
524 1542 49 27 att
595 1539 113 30 erinra
728 1542 72 26 mot
821 1537 448 39 kostnadsberäkningarna
1292 1537 9 30 i
1325 1538 64 29 och
1414 1537 53 30 för
1490 1537 59 38 sig,
1573 1537 64 29 har

146 1594 54 30 för
218 1592 197 31 ändamålet
433 1593 168 30 beräknat
619 1595 47 28 ett
683 1593 124 38 belopp
826 1601 42 21 av
887 1592 64 29 350
965 1592 64 29 000
1053 1590 98 39 (efter
1168 1591 160 39 prisläget
1348 1591 66 29 den
1436 1591 13 29 1
1470 1590 61 39 juli
1554 1590 79 30 1941

145 1648 62 29 325
222 1647 75 38 000)
325 1647 138 29 kronor.

575 1749 110 40 Vissa
713 1748 115 40 andra
857 1748 353 50 byggnadsarbeten,

193 1847 69 33 Om-
284 1848 59 32 och
361 1847 190 41 tillbyggnad
569 1856 40 23 av
627 1846 339 41 garnisonssjukhuset
985 1846 6 31 i
1011 1845 114 34 Boden.
1146 1847 13 29 I
1185 1845 265 41 propositionen
1469 1855 41 20 nr
1528 1845 42 30 64
1588 1844 51 31 till

146 1906 233 30 innevarande
398 1905 55 31 års
474 1905 140 39 riksdag
633 1905 64 30 har
717 1905 122 38 Kungl.
860 1904 100 38 Maj:t
981 1903 175 39 föreslagit
1176 1903 194 38 riksdagen,
1392 1903 106 29 bland
1520 1904 116 27 annat,

146 1964 48 26 att
221 1959 71 30 dels
319 1960 142 35 besluta,
491 1962 47 26 att
567 1958 366 39 garnisonssjukhuset
961 1957 8 29 i
997 1957 117 29 Boden
1143 1956 88 30 skall
1256 1957 169 37 utbyggas
1452 1956 8 28 i
1487 1955 150 38 enlighet

146 2014 78 29 med
250 2013 90 30 vissa
367 2013 8 29 i
403 2012 258 39 propositionen
688 2011 148 39 angivna
864 2010 170 39 riktlinjer
1062 2010 95 29 inom
1185 2019 118 20 ramen
1330 2009 54 30 för
1410 2018 41 20 en
1478 2008 157 30 kostnad,

148 2065 100 31 såvitt
270 2065 108 39 angår
398 2066 211 34 statsverket,
631 2074 42 20 av
697 2065 92 30 1585
804 2065 64 29 000
888 2065 138 33 kronor,
1048 2063 71 29 dels
1141 2063 64 29 ock
1226 2062 166 38 medgiva,
1415 2064 47 27 att
1485 2061 150 30 nämnda

146 2120 148 29 kostnad
316 2119 56 30 må
394 2119 167 30 bestridas
584 2118 79 30 från
685 2118 227 30 förevarande
933 2118 127 36 anslag.

191 2172 386 40 Departementschefen
602 2172 64 29 har
691 2171 200 34 framhållit,
919 2174 47 26 att
992 2180 41 20 av
1060 2170 55 29 det
1142 2170 52 30 för
1220 2168 196 31 ändamålet
1440 2168 197 30 beräknade

146 2227 159 38 beloppet
329 2226 93 29 1465
437 2226 62 29 000
523 2226 128 28 kronor
675 2227 127 28 ansetts
825 2225 84 29 böra
933 2224 129 29 belasta
1088 2222 274 38 femårsplanens
1384 2221 253 30 kostnadsram.

193 2327 150 33 Centrala
366 2328 100 32 tvätt-
493 2327 59 31 och
579 2324 378 41 reparationsanstalter.
989 2326 6 29 I
1023 2324 264 40 propositionen
1316 2334 40 19 nr
1383 2324 63 30 179
1472 2323 50 30 till
1540 2323 97 30 inne-

149 2386 151 30 varande
321 2385 54 30 års
398 2385 138 37 riksdag
558 2385 65 29 har
644 2384 123 37 Kungl.
790 2383 97 38 Maj:t
912 2381 174 38 föreslagit
1109 2381 193 38 riksdagen,
1324 2380 105 29 bland
1452 2383 115 32 annat,
1591 2382 45 27 att

147 2440 167 37 medgiva,
335 2442 49 26 att
404 2438 231 30 kostnaderna
659 2438 53 29 för
733 2437 217 38 uppförande
970 2446 41 19 av
1033 2435 149 30 centrala
1208 2435 96 29 tvätt-
1325 2434 63 30 och
1410 2433 225 39 reparations-

146 2494 164 30 anstalter
330 2493 6 29 i
359 2492 196 30 Stockholm
577 2491 64 30 och
661 2491 115 29 Boden
799 2493 88 26 samt
907 2489 41 38 på
970 2489 145 29 Gotland
1138 2487 54 31 må
1214 2487 166 30 bestridas
1402 2487 74 29 med
1498 2488 63 27 390
1574 2487 65 28 000
