2212 2628
448 209 109 30 Andra
579 208 195 30 kammarens
791 206 110 38 fjärde
924 204 165 39 tillfälliga
1112 204 132 30 utskotts
1267 203 158 30 utlåtande
1448 202 47 30 Nr
1516 203 29 28 2.
1761 197 39 31 19

200 288 172 36 Beslutet
412 288 13 35 i
464 288 131 35 Första
636 286 218 36 kammaren
887 296 111 37 synes
1028 284 96 36 dock
1159 285 56 34 stå
1243 282 13 36 i
1283 282 77 36 viss
1389 280 244 46 motsättning
1661 278 57 37 till
1747 281 54 33 ett

202 343 39 34 af
280 354 139 24 samma
465 342 188 35 kammare
698 342 79 33 året
817 339 100 36 förut
952 338 124 48 gjordt
1111 337 205 43 uttalande,
1360 335 107 36 hvari
1509 335 63 35 det
1599 335 116 42 heter,
1747 336 54 32 att

202 408 86 23 man
321 396 144 35 »såvidt
493 394 145 49 möjligt
664 393 68 36 bör
761 392 90 37 söka
871 404 133 35 genom
1026 390 292 48 planmässigare
1338 388 242 36 bedrifvande
1603 388 41 35 af
1660 389 140 34 statens

201 449 70 37 och
300 449 287 36 kommunernas
617 447 153 36 arbeten
798 446 145 47 reglera
972 444 333 47 arbetstillgången
1331 443 14 35 i
1368 442 134 36 riket».

309 503 76 35 Vid
418 503 122 35 denna
568 501 155 46 riksdag
751 500 201 46 föreligger
976 498 182 36 motioner
1188 498 13 34 i
1230 497 130 35 Andra
1388 497 216 34 kammaren
1634 494 79 35 dels
1743 506 57 23 om

201 557 175 46 åtgärder
403 556 56 36 för
488 559 54 32 att
568 555 116 36 vinna
713 566 47 23 en
788 553 234 47 fortlöpande
1052 551 180 37 öfversikt
1261 551 40 35 af
1327 551 72 34 den
1428 548 244 37 ekonomiska
1692 547 109 36 situa-

202 610 130 36 tionen
372 609 56 36 för
468 609 232 36 bedömande
730 608 40 35 af
794 607 260 45 förändringar
1081 606 13 34 i
1123 606 73 34 den
1225 605 188 35 allmänna
1442 601 243 37 ekonomiska
1714 601 88 35 kon-

198 664 210 48 junkturen
436 664 70 35 och
536 662 78 36 dels
648 663 12 34 i
691 674 47 23 en
768 673 124 23 annan
927 659 138 36 motion
1095 671 57 24 om
1182 661 75 33 rätt
1283 658 57 35 för
1367 658 269 34 kommunerna
1666 658 54 32 att
1747 654 57 35 för

202 717 99 36 vissa
331 717 170 35 ändamål
530 716 155 36 fondera
713 715 133 35 medel.
903 714 66 36 Ett
996 713 105 35 bifall
1130 713 57 35 till
1216 713 108 34 dessa
1353 711 181 35 motioner
1553 709 122 36 skulle
1694 708 13 35 i
1728 708 74 36 viss

203 773 86 33 mån
313 771 212 35 underlätta
553 769 286 48 möjligheterna
867 768 57 35 för
951 768 270 34 kommunerna
1251 768 54 32 att
1328 764 201 48 planlägga
1549 763 81 36 sina
1651 762 152 36 arbeten

203 824 95 36 efter
339 824 333 48 konjunkturerna.
729 823 141 34 Vidare
912 822 107 46 pågå,
1059 832 78 24 som
1180 819 38 36 vi
1246 819 111 36 ofvan
1389 818 136 44 berört,
1556 817 98 36 vissa
1683 816 121 35 utred-

203 878 136 47 ningar
381 878 193 46 angående
618 876 314 36 arbetslöshetens
974 873 236 46 omfattning.
1267 873 103 34 Enär
1411 871 37 36 vi
1489 882 87 24 anse
1619 870 65 35 det
1716 881 88 24 vara

203 931 244 47 nödvändigt,
483 934 54 32 att
565 929 193 47 samtidigt
790 929 153 35 härmed
973 928 109 35 äfven
1111 926 205 46 utredning
1344 924 273 37 åstadkommes
1647 923 156 35 rörande

204 988 47 44 på
291 985 99 36 hvad
433 988 74 32 sätt
549 985 62 34 det
654 984 206 35 allmännas
895 981 152 36 arbeten
1075 981 130 35 kunna
1233 979 221 48 planläggas
1483 978 69 36 och
1585 978 136 35 ordnas
1749 977 56 34 för

204 1042 54 33 att
302 1041 39 33 så
374 1039 105 46 långt
519 1037 145 49 möjligt
700 1042 40 30 är
768 1036 205 48 förebygga
1003 1034 205 48 oförskylld
1238 1033 255 43 arbetslöshet,
1519 1031 37 35 få
1586 1031 37 36 vi
1650 1030 154 36 härmed

204 1092 196 36 hemställa
418 1106 109 22 ....>

313 1200 123 35 Såsom
473 1199 40 35 af
544 1197 192 37 motionen
763 1198 164 45 framgår
954 1198 111 44 utgör
1093 1196 215 34 densamma
1337 1196 54 33 ett
1418 1192 322 47 återupptagande
1770 1191 39 34 af

204 1254 75 34 den
307 1251 275 47 framställning
609 1252 45 34 hr
682 1252 114 34 Ernst
824 1249 200 46 Blomberg
1052 1249 14 35 i
1094 1248 140 35 motion
1262 1260 46 22 nr
1339 1249 72 33 1953
1441 1246 149 35 förlidet
1618 1248 40 32 år
1677 1244 128 48 gjorde

203 1308 101 34 inom
346 1306 132 35 Andra
519 1305 217 35 kammaren
778 1304 68 35 och
874 1302 156 36 hvilken
1058 1301 223 48 tillstyrktes
1316 1300 40 35 af
1379 1300 183 35 utskottet
1591 1301 96 33 samt
1714 1300 92 33 utan

203 1359 140 49 synbar
372 1358 436 48 meningsskiljaktighet
835 1369 101 24 vann
961 1355 131 35 Andra
1120 1355 236 35 kammarens
1384 1353 116 43 bifall,
1522 1352 136 35 medan
1677 1352 129 35 Första

208 1414 218 35 kammaren
453 1415 48 45 på
531 1412 64 35 sitt
623 1411 164 36 utskotts
816 1410 224 35 hemställan
1069 1409 120 46 afslog
1218 1408 200 35 motionen.

311 1467 57 35 De
399 1466 92 45 skäl,
523 1478 77 23 som
630 1466 40 34 af
694 1466 132 34 Första
854 1464 237 35 kammarens
1120 1461 145 36 utskott
1299 1461 171 35 anfördes
1500 1462 75 33 mot
1604 1458 201 44 motionen,

203 1521 76 35 kan
307 1520 185 36 utskottet
519 1520 57 34 för
605 1519 57 35 sin
694 1519 60 34 del
782 1518 85 36 icke
896 1529 90 23 anse
1014 1515 221 47 tillräckligt
1264 1515 169 46 vägande
1464 1513 56 36 för
1539 1516 54 33 att
1611 1512 197 36 underlåta

204 1575 194 46 åtgärders
426 1573 227 46 vidtagande
682 1572 57 36 uti
768 1572 63 35 det
858 1570 287 48 betydelsefulla
1175 1569 108 48 syfte,
1315 1568 189 36 motionen
1532 1567 108 35 afser.
1676 1567 131 35 Första

204 1628 237 35 kammarens
470 1627 145 35 utskott
643 1626 148 48 yttrade
816 1625 49 35 bl.
897 1637 50 22 a.:

319 1681 91 35 »Att
452 1692 86 23 man
580 1682 47 44 på
669 1679 159 35 förhand
868 1677 121 36 skulle
1019 1677 130 34 kunna
1176 1675 167 36 beräkna
1372 1674 163 46 längden
1563 1674 41 34 af
1629 1675 47 45 på
1704 1673 107 35 hvar-

206 1734 118 35 andra
365 1733 165 47 följande
572 1733 88 46 hög-
689 1733 70 34 och
787 1730 350 47 lågkonjunkturer,
1168 1729 68 34 har
1264 1728 40 35 af
1329 1727 131 35 Andra
1492 1727 236 35 kammarens
1758 1731 54 29 ut-

206 1788 103 35 skott
338 1787 32 48 ej
398 1799 66 23 ens
492 1786 225 46 ifrågasatts,
750 1785 69 35 och
847 1784 106 36 torde
972 1783 13 35 i
1006 1782 267 48 omöjligheten
1292 1780 81 36 häri
1391 1780 102 47 ligga
1513 1782 135 33 största
1663 1779 151 35 hindret

205 1842 58 34 för
306 1843 55 33 att
404 1842 88 33 ernå
535 1840 62 34 det
640 1839 170 47 åsyftade
841 1838 123 35 målet.
1020 1836 19 35 I
1068 1836 134 35 sådant
1231 1835 174 35 afseende
1435 1833 66 36 vill
1528 1833 184 35 utskottet
1742 1837 72 30 sär-

206 1894 118 36 skildt
362 1893 195 36 framhålla
587 1892 241 47 svårigheten
858 1894 54 33 att
942 1894 167 43 uppgöra
1139 1901 47 23 en
1214 1888 234 47 någorlunda
1476 1887 222 45 fullständig
1727 1886 88 46 plan

203 1949 60 34 för
308 1948 45 34 de
384 1947 186 35 allmänna
600 1946 176 35 arbetena
807 1948 92 32 utan
928 1947 55 32 att
1017 1948 170 30 närmare
1217 1942 137 42 känna,
1384 1947 69 29 när
1482 1941 107 34 dessa
1620 1939 105 36 skola
1755 1941 61 45 på-

204 2000 129 48 börjas
375 2000 91 35 eller
493 2001 120 34 under
641 1999 157 35 hvilken
826 1998 57 35 tid
912 1998 45 34 de
986 1996 89 36 böra
1107 1996 151 35 utföras.
1316 1987 125 43 Äfven
1469 1994 66 35 bör
1564 1993 153 43 erinras,
1749 1995 65 40 att,

207 2055 87 34 med
338 2056 66 33 vår
444 2053 74 35 tids
562 2053 175 35 oerhördt
767 2051 141 36 snabba
941 2049 177 36 tekniska
1144 2048 191 46 framsteg,
1364 2046 209 48 uppgjorda
1602 2046 132 46 planer
1762 2046 57 35 för

207 2110 55 32 ett
293 2106 126 35 arbete
449 2108 103 33 snart
580 2105 130 35 kunna
739 2104 116 36 blifva
883 2103 220 35 föråldrade.
1157 2102 130 34 Under
1314 2100 352 47 högkonjunkturer
1683 2099 135 45 ifråga-

205 2162 120 33 sättes
369 2161 134 45 många
547 2159 189 34 allmänna
778 2157 155 46 företag,
971 2155 128 35 hvilka
1129 2160 62 30 äro
1221 2154 40 35 af
1287 2154 71 34 den
1386 2152 204 48 betydelse,
1622 2154 54 33 att
1706 2153 45 33 de
1782 2152 41 34 af

204 2212 263 44 ekonomiska,
493 2211 137 36 sociala
662 2211 84 35 med
775 2211 91 34 flera
895 2209 81 36 skäl
1005 2208 169 35 hvarken
1202 2207 130 35 kunna
1361 2206 90 35 eller
1478 2205 89 36 böra
1589 2204 230 47 uppskjutas

204 2268 48 45 på
295 2266 192 35 obestämd
532 2265 66 36 tid.
658 2264 132 35 WUnder
825 2263 90 35 kris-
945 2262 69 37 och
1048 2259 334 49 depressionstider
1412 2262 78 32 åter
1517 2258 131 35 kunna
1678 2258 45 35 de
1754 2257 66 35 all-

1862 1189 146 28 Utskottets

1862 1225 137 34 yttrande.
