1870 2778
282 139 17 29 2
563 140 408 40 Bevillningsutskottets
995 143 218 30 betänkande
1235 153 43 20 nr
1299 145 42 29 25
1362 145 39 31 år
1426 146 82 29 1957

327 223 147 30 Jämlikt
492 224 18 29 2
530 224 15 36 $
564 224 158 31 inträder
740 225 296 41 skattskyldighet

328 273 55 30 för
402 274 257 41 skattepliktigt
678 276 253 37 motorfordon,
952 286 75 21 som
1046 278 180 30 tillverkas
1245 279 96 29 inom
1360 280 100 35 riket,
1481 282 63 28 när
1565 281 164 31 fordonet
1747 292 42 20 av

283 323 225 31 tillverkaren
526 325 172 30 levereras
719 326 52 30 till
791 327 130 39 köpare
942 328 82 29 eller
1045 330 93 28 uttas
1161 329 80 30 från
1261 330 128 30 rörelse
1410 332 85 28 utan
1516 332 172 31 samband
1709 334 79 29 med

282 374 226 41 försäljning;

328 425 55 29 för
404 425 257 41 skattepliktigt
682 428 253 35 motorfordon,
958 438 75 20 som
1054 429 133 30 införes
1209 430 52 30 till
1282 430 90 31 riket
1393 441 42 20 av
1456 432 115 39 någon
1593 442 76 20 som
1690 434 98 29 blivit

281 475 210 39 registrerad
509 476 63 30 hos
591 476 329 41 kontrollstyrelsen
940 480 116 29 såsom
1074 480 182 40 importör,
1276 482 63 29 när
1360 482 161 30 fordonet
1542 483 171 31 levereras
1735 485 50 29 till

282 525 129 40 köpare
430 526 82 30 eller
530 529 94 27 uttas
644 527 80 31 från
741 529 129 29 rörelse
889 531 87 28 utan
994 530 170 31 samband
1184 532 79 29 med
1282 532 225 40 försäljning;
1530 538 92 27 samt

325 576 55 30 för
405 580 108 27 annat
533 578 257 40 skattepliktigt
810 580 254 35 motorfordon,
1085 582 64 29 när
1169 583 58 29 det
1247 582 131 31 införes
1399 584 52 29 till
1471 584 101 29 riket.

327 627 237 40 Skattskyldig
585 629 39 28 är
645 628 235 37 tillverkaren,
902 630 216 40 importören
1138 632 84 29 eller
1243 633 67 30 den
1331 634 54 29 för
1405 643 79 21 vars
1506 635 151 40 räkning
1678 636 109 30 inför-

282 677 73 29 seln
378 678 90 29 sker.

326 727 162 30 Skattens
510 729 131 29 storlek
662 730 149 39 regleras
833 731 11 29 i
865 731 20 29 4
909 731 28 37 8.
959 732 386 40 Omsättningsskatten
1367 735 101 39 utgår
1490 736 54 29 för
1566 733 220 47 personbilar

280 777 64 29 och
363 778 157 30 lastbilar
537 780 79 29 med
634 781 57 29 det
709 781 94 29 antal
821 781 141 36 kronor,
982 792 74 20 som
1075 786 195 27 motsvarar
1290 785 40 29 90
1348 789 144 36 procent
1510 796 42 20 av
1571 787 57 30 det
1647 788 57 33 tal,
1723 788 62 29 vil-

280 827 58 30 ket
360 828 141 39 angiver
523 829 181 31 fordonets
727 831 208 39 tjänstevikt
957 834 156 39 uttryckt
1136 834 9 29 i
1170 834 181 40 kilogram.
1376 836 66 30 För
1464 837 88 30 bilar
1576 839 79 29 med
1678 838 106 40 högre

280 878 206 39 tjänstevikt
505 880 45 29 än
569 881 14 28 1
601 881 63 29 600
683 882 45 39 kg
747 882 89 30 skall
855 883 174 39 därjämte
1049 884 119 40 tillägg
1186 886 101 38 göras
1306 887 78 29 med
1406 887 60 29 120
1485 888 131 29 kronor
1635 889 55 30 för
1709 898 75 21 var-

278 928 34 39 je
335 928 173 31 femtiotal
530 930 184 40 kilogram,
738 934 142 29 varmed
904 934 252 39 tjänstevikten
1180 937 221 38 överskjuter
1427 938 93 29 1600
1544 939 55 38 kg.
1624 939 160 30 Avrund-

280 979 84 40 ning
382 980 79 29 sker
479 980 10 29 i
507 980 289 32 förekommande
814 983 63 29 fall
895 984 53 30 till
966 986 157 29 närmast
1142 986 93 39 lägre
1254 987 78 29 hela
1353 988 95 29 tiotal
1466 988 141 30 kronor.
1627 990 67 29 För
1714 999 71 20 mo-

279 1030 175 38 torcyklar
471 1032 100 38 utgör
589 1032 140 29 skatten
748 1033 59 30 180
824 1034 143 34 kronor,
984 1044 57 21 om
1058 1036 253 39 tjänstevikten
1328 1038 30 39 ej
1380 1039 188 39 överstiger
1588 1040 38 29 75
1645 1041 55 38 kg,
1720 1040 62 30 240

278 1079 130 30 kronor
428 1089 57 20 om
506 1081 253 39 tjänstevikten
780 1085 38 28 är
839 1085 106 39 högre
967 1095 79 20 men
1067 1088 30 39 ej
1122 1088 189 39 överstiger
1335 1088 60 30 160
1417 1090 44 38 kg
1484 1092 91 27 samt
1596 1091 102 38 eljest
1720 1091 62 30 360

277 1129 140 32 kronor.
440 1131 280 32 Skattesatserna
742 1134 63 29 har
826 1137 143 38 avvägts
991 1137 47 33 så,
1060 1139 50 27 att
1132 1138 41 29 de
1196 1139 275 40 genomsnittligt
1494 1141 89 29 skall
1607 1144 173 27 motsvara

277 1189 39 20 ca
340 1181 39 29 12
400 1184 143 37 procent
564 1193 43 19 av
628 1184 180 30 fordonets
831 1186 344 41 detaljhandelspris.

321 1231 72 29 Har
412 1232 113 39 någon
545 1233 423 43 tjänsteviktsberäkning
986 1238 108 39 enligt
1111 1240 430 41 vägtrafikförordningen
1562 1242 72 30 inte
1654 1243 128 29 hunnit

277 1282 216 35 verkställas,
518 1285 63 28 när
605 1285 140 29 skatten
768 1286 89 30 skall
880 1287 204 36 fastställas,
1108 1289 130 39 åligger
1261 1291 56 29 det
1341 1291 326 40 kontrollstyrelsen
1691 1303 89 30 resp.

277 1332 185 30 tullverket
484 1335 50 28 att
555 1335 80 29 med
658 1335 140 40 ledning
819 1346 43 20 av
883 1337 216 41 tillgängliga
1120 1339 255 41 viktuppgifter
1397 1351 44 20 m.
1466 1352 44 20 m.
1534 1343 71 29 låta
1625 1344 156 30 beräkna

276 1382 261 39 tjänstevikten.
557 1385 78 29 Kan
656 1386 108 29 sådan
783 1387 196 41 beräkning
998 1389 30 39 ej
1053 1390 59 29 ske
1133 1390 108 40 enligt
1260 1392 139 39 vanliga
1419 1402 139 21 normer
1579 1394 64 29 har
1662 1396 119 28 veder-

275 1432 152 31 börande
450 1435 204 39 myndighet
674 1436 208 40 befogenhet
905 1441 50 27 att
978 1440 316 41 schablonmässigt
1315 1443 189 39 uppskatta
1528 1444 253 39 tjänstevikten

276 1484 78 29 med
378 1484 141 39 ledning
540 1494 42 21 av
603 1487 68 29 vad
695 1496 75 20 som
793 1488 70 29 kan
887 1491 101 28 antas
1011 1499 82 21 vara
1117 1493 137 28 normal
1279 1493 108 30 sådan
1412 1494 73 30 vikt
1509 1495 55 30 för
1587 1495 127 31 fordon
1738 1505 42 21 av

275 1533 266 40 ifrågavarande
561 1536 73 39 slag
653 1537 10 28 i
682 1537 272 40 färdigutrustat
973 1540 109 30 skick.

319 1584 366 42 Kontrollmyndighet
712 1589 37 28 är
775 1589 326 40 kontrollstyrelsen
1128 1595 92 27 samt
1246 1593 57 30 vid
1329 1594 144 30 införsel
1501 1593 279 48 generaltullsty-

274 1635 123 29 relsen.

320 1685 11 28 I
352 1687 146 29 motsats
518 1687 52 29 till
589 1688 67 29 den
677 1689 172 30 särskilda
869 1690 390 42 investeringsavgiften
1279 1694 147 31 tillföres
1448 1697 331 40 omsättningsskat-

274 1736 57 28 ten
351 1736 20 29 å
390 1737 242 30 motorfordon
651 1740 68 28 den
738 1740 179 31 allmänna
935 1741 173 40 budgeten
1128 1743 65 29 och
1213 1744 167 31 inräknas
1401 1747 132 30 således
1554 1748 76 29 icke
1650 1749 11 28 i
1681 1751 97 28 auto-

274 1786 374 32 mobilskattemedlen.

317 1861 137 30 Sådana
472 1862 136 37 fordon,
628 1873 76 21 som
722 1874 42 21 en
781 1865 236 39 jordbrukare
1035 1869 82 29 eller
1137 1871 251 30 rörelseidkare
1408 1873 180 30 förvärvar
1607 1874 11 29 i
1637 1875 65 29 och
1722 1875 54 30 för

272 1910 54 30 sin
348 1912 379 39 näringsverksamhet,
751 1917 37 28 är
810 1917 260 31 underkastade
1093 1920 220 40 avgiftsplikt
1336 1923 105 39 enligt
1464 1924 312 31 bestämmelserna

272 1961 10 29 i
302 1961 250 41 förordningen
572 1965 68 29 den
660 1966 40 29 23
721 1967 187 30 november
930 1968 83 30 1956
1038 1970 58 32 (nr
1116 1970 81 34 554)
1223 1981 57 20 om
1299 1972 342 42 investeringsavgift
1662 1976 55 30 för
1738 1977 38 29 år

274 2012 93 29 1957.
391 2013 117 39 Enligt
531 2016 18 29 5
576 2014 15 37 8
617 2017 155 29 nämnda
796 2017 208 42 förordning
1028 2020 89 30 skall
1142 2021 118 30 såsom
1284 2023 253 42 avgiftspliktig
1563 2026 212 41 investering

270 2063 193 31 emellertid
483 2064 70 31 inte
573 2075 103 20 anses
696 2067 140 30 förvärv
854 2078 42 20 av
916 2070 252 36 motorfordon,
1191 2081 75 21 som
1286 2074 39 29 är
1343 2075 259 31 underkastade
1622 2077 154 30 beskatt-

271 2112 83 40 ning
377 2114 106 39 enligt
506 2115 252 41 förordningen
781 2119 179 39 angående
984 2121 331 41 omsättningsskatt
1339 2125 19 30 å
1382 2126 242 30 motorfordon
1647 2128 12 28 i
1681 2128 93 30 vissa

272 2163 72 34 fall,
366 2164 83 30 eller
470 2165 213 42 investering
705 2168 10 29 i
737 2168 134 35 bussar,
895 2179 76 20 som
993 2173 176 29 användes
1192 2173 11 29 i
1225 2174 235 41 yrkesmässig
1483 2177 118 29 trafik.
1626 2178 150 30 Investe-

270 2213 207 41 ringsavgift
502 2217 100 38 utgår
628 2219 80 29 med
736 2219 38 29 12
799 2222 146 37 procent
970 2231 42 20 av
1038 2224 264 39 sammanlagda
1328 2225 196 31 kostnaden
1551 2227 55 30 för
1631 2229 143 39 avgifts-

270 2263 146 41 pliktiga
443 2265 264 42 investeringar,
736 2270 105 29 sedan
870 2271 160 31 därifrån
1057 2273 132 39 dragits
1217 2277 48 27 ett
1293 2276 205 39 avgiftsfritt
1527 2278 247 41 bottenbelopp

270 2314 19 29 å
308 2314 41 30 30
365 2314 62 30 000
446 2316 52 29 kr.

314 2364 51 29 Av
386 2365 189 32 innehållet
596 2368 10 29 i
628 2369 41 29 de
689 2370 230 38 förevarande
941 2372 220 32 motionerna
1184 2376 57 30 må
1261 2376 64 30 här
1346 2378 171 39 återgivas
1539 2379 168 40 följande.

312 2415 67 30 Till
403 2417 77 29 stöd
503 2417 54 30 för
578 2419 206 38 yrkandena
808 2421 9 29 i
841 2422 42 29 de
907 2422 223 40 likalydande
1168 2426 315 32 motionerna
1519 2430 131 30 1:374
1685 2431 87 30 och

268 2465 150 30 I1:454
443 2467 102 30 anför
561 2469 261 32 motionärerna
836 2472 45 29 bl.
898 2482 30 20 a.
