2218 2644
732 153 231 42 Lagutskottets
993 152 169 31 Utlåtande
1186 151 63 31 N:o
1272 152 50 30 67.
1771 149 18 30 5

224 244 272 50 myndigheter,
538 243 71 35 den
650 241 154 37 sålunda
844 241 129 35 väckta
1008 239 130 48 frågan
1168 238 188 48 angående
1383 237 262 48 omarbetning
1672 236 39 36 af
1738 237 96 35 1884

224 300 56 31 års
308 296 59 46 lag
394 295 96 35 lärer
517 295 147 34 komma
691 297 56 31 att
773 294 13 32 i
814 304 45 23 en
887 304 84 22 snar
998 290 153 36 framtid
1171 294 180 43 upptagas
1370 289 58 35 till
1447 289 130 46 slutlig
1595 287 238 47 behandling,

224 346 77 35 dels
329 346 66 35 ock
423 350 54 30 att
505 343 155 37 utsedda
687 341 282 37 kommitterade
993 341 151 47 jämlikt
1171 340 130 46 nådigt
1329 339 168 47 uppdrag
1524 338 40 35 af
1589 338 68 35 den
1688 340 43 33 21
1749 337 85 46 juni

228 398 93 34 1907
360 404 62 27 äro
450 395 213 48 sysselsatta
690 392 84 36 med
803 393 142 34 arbetet
972 395 21 32 å
1020 404 45 23 en
1093 392 136 34 allmän
1256 390 161 35 revision
1445 388 39 35 af
1508 386 327 48 konkurslagstift-

225 449 148 46 ningen.
428 445 84 36 Med
552 445 143 46 hänsyn
737 443 124 35 härtill
900 442 104 35 torde
1032 441 59 35 för
1123 441 61 34 det
1211 440 180 35 särskilda
1418 438 107 49 syfte,
1555 451 79 22 som
1661 451 52 22 nu
1741 438 95 34 skall

225 496 225 48 tillgodoses,
492 495 98 34 blott
629 494 45 34 de
715 497 95 31 mest
850 493 205 46 angelägna
1095 491 201 47 ändringar
1335 490 90 34 böra
1465 489 57 34 uti
1553 487 283 48 ifrågavarande

225 549 103 46 lagar
354 545 228 36 verkställas.

360 596 70 35 För
470 593 226 37 närvarande
736 592 106 35 torde
869 592 31 47 ej
932 592 116 34 sällan
1076 589 151 36 inträffa
1254 594 54 30 att
1335 589 71 35 den
1434 588 217 48 omyndiges
1678 587 159 35 hemvist

224 648 80 35 icke
345 653 40 28 är
424 644 114 37 kändt
579 643 58 36 för
677 643 71 35 den
788 647 85 38 rätt,
903 641 117 36 under
1047 641 107 35 hvars
1181 639 164 36 vårdnad
1372 638 349 48 förmynderskapet
1748 640 87 32 står.

226 697 177 47 Kunskap
435 696 128 35 därom
591 702 41 28 är
659 694 93 35 dock
778 692 175 49 gifvetvis
980 690 220 48 erforderlig
1227 689 58 36 för
1312 694 53 31 att
1392 694 121 30 rätten
1542 689 91 34 eller
1660 688 177 35 domaren

225 751 61 32 må
313 752 93 39 veta,
435 747 55 35 till
518 745 147 36 hvilken
693 743 427 48 röstlängdsupprättare
1147 740 242 36 meddelande
1417 753 59 22 om
1491 738 347 49 förmynderskapet

226 799 67 35 bör
332 797 142 41 sändas,
516 796 69 35 och
616 794 59 36 för
705 799 53 31 att
785 794 119 35 denne
932 797 59 31 må
1017 793 128 34 kunna
1171 797 89 29 utan
1288 791 158 47 oskäligt
1474 789 129 36 besvär
1629 789 210 35 identifiera

227 849 71 35 den
339 847 197 49 omyndige
578 845 111 35 bland
730 845 44 35 de
800 846 14 33 i
841 843 160 48 längden
1029 848 199 42 upptagna.
1282 841 70 35 Val
1380 847 40 28 är
1447 841 11 34 i
1489 842 19 34 6
1538 838 22 45 $
1589 838 39 36 af
1655 840 97 34 1884
1779 841 59 32 års

226 901 61 46 lag
314 896 233 37 föreskrifvet
575 901 54 30 att
655 895 71 35 den
754 895 116 46 årliga
896 893 426 48 förmyndarräkningen
1349 891 60 34 till
1436 890 94 47 gode
1559 897 158 27 männen
1745 889 93 35 skall

227 949 186 36 innehålla
453 946 221 47 fullständig
701 944 148 49 uppgift
877 947 45 45 på
949 943 71 36 den
1048 942 220 48 omyndiges
1296 941 157 35 hemvist
1480 944 106 39 samt,
1615 939 47 36 då
1688 939 151 48 ombyte

228 998 107 37 däraf
375 999 97 35 skett
512 997 112 36 sedan
660 997 90 34 sista
789 995 208 47 räkningen
1025 992 132 48 afgafs,
1185 990 355 49 tillkännagifvande
1567 990 138 35 därom.
1760 988 80 38 Och

229 1050 62 35 det
317 1049 107 36 torde
451 1047 39 37 få
517 1059 106 24 anses
650 1059 89 23 vara
766 1046 127 46 lagens
916 1044 162 47 mening,
1095 1048 57 30 att
1179 1042 126 49 dylika
1332 1042 274 48 upplysningar
1629 1041 102 35 skola
1748 1040 92 35 läm-

228 1113 65 23 nas
334 1099 109 36 äfven
482 1098 63 36 vid
587 1097 113 36 sådan
731 1097 172 34 anmälan
940 1100 53 31 att
1020 1095 202 47 tillgångar
1249 1093 142 43 saknas,
1419 1092 149 35 hvilken
1595 1091 72 35 kan
1694 1090 107 35 träda
1827 1090 14 35 i

229 1151 123 36 stället
378 1149 57 36 för
465 1150 168 47 räkning.
680 1148 84 35 Men
792 1147 67 35 har
886 1146 113 36 sådan
1027 1145 170 35 anmälan
1225 1157 45 22 en
1296 1146 100 46 gång
1421 1141 126 37 blifvit
1565 1141 121 49 gjord,
1707 1148 41 28 är
1766 1139 75 37 för-

230 1200 202 51 myndaren
456 1199 145 36 befriad
629 1198 82 36 från
739 1197 214 49 skyldighet
980 1201 54 30 att
1054 1194 141 49 afgifva
1217 1195 169 46 räkning,
1406 1194 99 34 intill
1525 1192 83 36 dess
1627 1192 158 47 tillgång
1803 1189 41 37 af

229 1250 254 38 beskaffenhet
510 1255 54 30 att
591 1249 239 47 redovisning
856 1246 126 37 därför
1009 1247 68 35 bör
1096 1244 157 49 afgifvas
1273 1244 158 36 tillfallit
1450 1244 73 35 den
1542 1242 212 49 omyndige,
1774 1241 67 36 och

229 1304 72 34 han
342 1309 40 28 är
422 1302 31 46 ej
497 1301 117 35 heller
654 1300 134 47 pliktig
827 1303 53 30 att
920 1296 132 49 förnya
1084 1297 59 34 sin
1171 1296 180 35 anmälan.
1405 1294 71 35 Det
1503 1294 71 34 kan
1603 1292 155 36 sålunda
1784 1293 57 34 in-

229 1352 118 43 träffa,
389 1358 54 29 att
482 1351 94 49 gode
617 1357 160 28 männen
817 1348 150 36 alldeles
1008 1348 79 35 icke
1128 1347 90 34 eller
1246 1345 93 36 först
1366 1344 95 36 efter
1492 1345 90 34 flera
1608 1346 57 32 års
1694 1342 147 48 förlopp

230 1403 136 36 erhålla
406 1402 269 35 underrättelse
715 1412 72 30 om,
828 1404 53 30 att
922 1398 70 35 den
1031 1396 202 50 omyndige
1273 1396 83 48 bytt
1394 1395 217 35 vistelseort.
1665 1391 77 38 Och
1780 1392 61 36 det

230 1462 40 28 är
309 1465 134 37 genom
471 1451 235 47 förteckning
732 1451 90 34 eller
848 1449 102 35 bevis
977 1447 83 37 från
1088 1447 95 48 gode
1211 1453 169 36 männen,
1409 1458 77 23 som
1515 1444 106 49 dylik
1647 1443 195 36 underrät-

229 1506 92 34 telse
349 1504 90 35 skall
467 1505 47 33 nå
540 1501 97 37 fram
664 1502 60 35 till
751 1500 219 36 domstolen.

364 1553 53 37 Af
441 1554 61 35 det
529 1566 52 22 nu
610 1552 112 48 sagda
747 1551 105 35 torde
880 1550 228 36 omedelbart
1136 1547 153 49 framgå,
1318 1547 125 35 hvilka
1469 1545 201 48 ändringar
1696 1544 147 48 lämpli-

230 1619 71 35 gen
341 1605 90 35 böra
461 1605 13 35 i
500 1605 110 46 lagen
637 1602 166 48 vidtagas
830 1600 58 37 för
916 1600 182 36 ernående
1126 1598 41 36 af
1190 1598 62 36 det
1278 1596 281 48 ifrågavarande
1586 1594 125 51 syftet.
1767 1598 76 32 An-

231 1657 121 35 mälan
379 1661 53 30 att
460 1655 160 48 tillgång
648 1654 130 35 saknas
806 1652 77 44 bör,
913 1651 120 36 såvidt
1060 1653 115 45 angår
1203 1648 241 49 uppgifterna
1462 1660 59 23 om
1537 1647 72 35 den
1624 1645 219 49 omyndiges

231 1707 169 43 hemvist,
444 1705 250 49 uttryckligen
730 1703 176 35 likställas
947 1701 85 36 med
1072 1700 390 48 förmyndarräkning,
1490 1698 67 35 och
1588 1704 65 28 när
1678 1696 165 48 förmyn-

231 1757 86 36 dare
344 1756 59 37 för
430 1757 81 43 den,
541 1768 79 23 som
648 1761 39 28 är
714 1753 178 49 omyndig
911 1751 198 44 förklarad,
1130 1751 80 35 icke
1229 1758 40 27 är
1287 1750 136 48 pliktig
1441 1754 52 30 att
1512 1747 143 49 afgifva
1673 1747 169 46 räkning,

232 1808 92 36 skall
364 1807 83 43 han,
489 1819 60 23 om
590 1805 244 48 myndlingen
874 1804 84 48 bytt
997 1803 169 42 hemvist,
1200 1814 84 22 vara
1312 1799 149 50 skyldig
1487 1804 54 30 att
1568 1804 90 42 göra
1685 1796 159 37 särskild

232 1859 170 35 anmälan
430 1858 127 34 härom
585 1856 58 35 till
671 1855 92 48 gode
792 1861 171 28 männen.
1018 1852 327 49 Upplysningarna
1372 1863 59 23 om
1460 1849 195 35 hemvistet
1682 1847 102 36 skola
1807 1846 40 36 af

232 1910 93 47 gode
354 1915 159 29 männen
540 1906 141 37 införas
709 1907 12 34 i
749 1905 71 36 den
848 1904 244 47 förteckning,
1121 1915 79 24 som
1227 1902 62 35 det
1312 1901 152 48 jämlikt
1491 1902 20 33 7
1541 1898 23 45 $
1591 1900 142 47 åligger
1759 1898 85 35 dem

232 1965 54 30 att
311 1959 141 48 ingifva
479 1960 59 34 till
565 1963 121 30 rätten
713 1957 90 35 eller
822 1955 187 43 domaren,
1030 1955 101 43 eller,
1152 1953 65 35 där
1236 1951 348 49 förmynderskapet
1601 1949 107 49 lyder
1728 1948 118 36 under

232 2009 150 45 hofrätt,
424 2011 12 34 i
476 2009 62 36 det
580 2008 112 43 bevis,
734 2019 79 23 som
855 2005 262 49 förmyndaren
1159 2004 66 35 har
1265 2008 54 30 att
1353 2000 176 38 förskaffa
1556 2001 57 47 sig
1640 2000 83 35 från
1750 1998 95 49 gode

233 2068 169 28 männen.
468 2059 186 48 Slutligen
699 2057 106 36 torde
846 2056 88 36 böra
974 2055 252 49 uttryckligen
1266 2052 146 49 stadgas
1464 2057 57 30 att
1561 2049 284 50 förmyndarens

232 2112 274 35 uraktlåtenhet
546 2115 54 30 att
640 2116 90 41 göra
762 2108 171 35 anmälan
965 2106 210 36 föranleder
1202 2117 138 23 samma
1366 2102 239 36 inskridande
1632 2101 81 36 från
1741 2099 103 36 dom-

234 2163 136 35 stolens
406 2161 90 44 sida,
525 2174 78 23 som
632 2173 49 22 nu
711 2161 11 34 i
751 2160 21 34 8
809 2157 23 45 &
868 2156 239 37 föreskrifves
1144 2155 57 36 för
1237 2155 62 35 det
1334 2153 74 45 fall,
1446 2158 53 30 att
1535 2153 158 45 räkning
1728 2151 32 47 ej
1792 2149 54 37 af-

232 2214 168 35 lämnats.

368 2276 74 31 Bih.
467 2275 50 31 till
540 2275 111 31 Riksd.
674 2274 88 31 Prot.
787 2273 98 31 1909.
934 2274 17 29 7
974 2271 100 32 Saml.
1124 2271 44 30 65
1191 2269 97 43 Häft.
1333 2268 78 39 (N:o
1438 2268 68 37 67).
1786 2266 17 30 2
