<?xml version="1.0" encoding="UTF-8"?>
<alto xmlns="http://www.loc.gov/standards/alto/ns-v3#" xmlns:xlink="http://www.w3.org/1999/xlink" xmlns:xsi="http://www.w3.org/2001/XMLSchema-instance" xsi:schemaLocation="http://www.loc.gov/standards/alto/ns-v3# http://www.loc.gov/alto/v3/alto-3-0.xsd">
	<Description>
		<MeasurementUnit>pixel</MeasurementUnit>
		<sourceImageInformation>
			<fileName>/tmp/tess_hizsz6n6_input.PNG</fileName>
		</sourceImageInformation>
		<OCRProcessing ID="OCR_0">
			<ocrProcessingStep>
				<processingSoftware>
					<softwareName>tesseract 5.3.0</softwareName>
				</processingSoftware>
			</ocrProcessingStep>
		</OCRProcessing>
	</Description>
	<Layout>
		<Page WIDTH="1873" HEIGHT="2833" PHYSICAL_IMG_NR="0" ID="page_0">
			<PrintSpace HPOS="0" VPOS="0" WIDTH="1873" HEIGHT="2833">
				<ComposedBlock ID="cblock_0" HPOS="238" VPOS="176" WIDTH="1196" HEIGHT="39">
					<TextBlock ID="block_0" HPOS="238" VPOS="176" WIDTH="1196" HEIGHT="39">
						<TextLine ID="line_0" HPOS="238" VPOS="176" WIDTH="1196" HEIGHT="39">
							<String ID="string_0" HPOS="238" VPOS="176" WIDTH="40" HEIGHT="30" WC="0.96" CONTENT="20"/><SP WIDTH="247" VPOS="176" HPOS="278"/>
							<String ID="string_1" HPOS="525" VPOS="176" WIDTH="119" HEIGHT="30" WC="0.92" CONTENT="Andra"/><SP WIDTH="28" VPOS="176" HPOS="644"/>
							<String ID="string_2" HPOS="672" VPOS="176" WIDTH="245" HEIGHT="39" WC="0.91" CONTENT="lagutskottets"/><SP WIDTH="27" VPOS="176" HPOS="917"/>
							<String ID="string_3" HPOS="944" VPOS="176" WIDTH="179" HEIGHT="30" WC="0.96" CONTENT="utlåtande"/><SP WIDTH="26" VPOS="176" HPOS="1123"/>
							<String ID="string_4" HPOS="1149" VPOS="186" WIDTH="42" HEIGHT="20" WC="0.96" CONTENT="nr"/><SP WIDTH="26" VPOS="186" HPOS="1191"/>
							<String ID="string_5" HPOS="1217" VPOS="177" WIDTH="38" HEIGHT="30" WC="0.82" CONTENT="31"/><SP WIDTH="29" VPOS="177" HPOS="1255"/>
							<String ID="string_6" HPOS="1284" VPOS="177" WIDTH="39" HEIGHT="30" WC="0.96" CONTENT="år"/><SP WIDTH="28" VPOS="177" HPOS="1323"/>
							<String ID="string_7" HPOS="1351" VPOS="177" WIDTH="83" HEIGHT="30" WC="0.96" CONTENT="1969"/>
						</TextLine>
					</TextBlock>
				</ComposedBlock>
				<ComposedBlock ID="cblock_1" HPOS="230" VPOS="258" WIDTH="1492" HEIGHT="2092">
					<TextBlock ID="block_1" HPOS="233" VPOS="258" WIDTH="1489" HEIGHT="357">
						<TextLine ID="line_1" HPOS="234" VPOS="258" WIDTH="1487" HEIGHT="41">
							<String ID="string_8" HPOS="234" VPOS="259" WIDTH="151" HEIGHT="30" WC="0.92" CONTENT="varande"/><SP WIDTH="23" VPOS="259" HPOS="385"/>
							<String ID="string_9" HPOS="408" VPOS="258" WIDTH="469" HEIGHT="40" WC="0.90" CONTENT="inskrivningsnämnderna,"/><SP WIDTH="26" VPOS="258" HPOS="877"/>
							<String ID="string_10" HPOS="903" VPOS="267" WIDTH="73" HEIGHT="21" WC="0.96" CONTENT="som"/><SP WIDTH="23" VPOS="267" HPOS="976"/>
							<String ID="string_11" HPOS="999" VPOS="258" WIDTH="154" HEIGHT="30" WC="0.96" CONTENT="beslutar"/><SP WIDTH="24" VPOS="258" HPOS="1153"/>
							<String ID="string_12" HPOS="1177" VPOS="268" WIDTH="56" HEIGHT="20" WC="0.96" CONTENT="om"/><SP WIDTH="24" VPOS="268" HPOS="1233"/>
							<String ID="string_13" HPOS="1257" VPOS="258" WIDTH="42" HEIGHT="30" WC="0.92" CONTENT="de"/><SP WIDTH="22" VPOS="258" HPOS="1299"/>
							<String ID="string_14" HPOS="1321" VPOS="259" WIDTH="254" HEIGHT="40" WC="0.91" CONTENT="värnpliktigas"/><SP WIDTH="23" VPOS="259" HPOS="1575"/>
							<String ID="string_15" HPOS="1598" VPOS="259" WIDTH="123" HEIGHT="29" WC="0.91" CONTENT="tilldel-"/>
						</TextLine>
						<TextLine ID="line_2" HPOS="236" VPOS="313" WIDTH="1486" HEIGHT="42">
							<String ID="string_16" HPOS="236" VPOS="314" WIDTH="83" HEIGHT="41" WC="0.96" CONTENT="ning"/><SP WIDTH="22" VPOS="314" HPOS="319"/>
							<String ID="string_17" HPOS="341" VPOS="315" WIDTH="65" HEIGHT="29" WC="0.96" CONTENT="och"/><SP WIDTH="23" VPOS="315" HPOS="406"/>
							<String ID="string_18" HPOS="429" VPOS="313" WIDTH="206" HEIGHT="40" WC="0.96" CONTENT="utbildning,"/><SP WIDTH="25" VPOS="313" HPOS="635"/>
							<String ID="string_19" HPOS="660" VPOS="313" WIDTH="90" HEIGHT="29" WC="0.96" CONTENT="skall"/><SP WIDTH="21" VPOS="313" HPOS="750"/>
							<String ID="string_20" HPOS="771" VPOS="313" WIDTH="108" HEIGHT="30" WC="0.95" CONTENT="bestå."/><SP WIDTH="24" VPOS="313" HPOS="879"/>
							<String ID="string_21" HPOS="903" VPOS="313" WIDTH="201" HEIGHT="31" WC="0.96" CONTENT="Nämndens"/><SP WIDTH="24" VPOS="313" HPOS="1104"/>
							<String ID="string_22" HPOS="1128" VPOS="314" WIDTH="186" HEIGHT="29" WC="0.95" CONTENT="arbetssätt"/><SP WIDTH="23" VPOS="314" HPOS="1314"/>
							<String ID="string_23" HPOS="1337" VPOS="323" WIDTH="170" HEIGHT="31" WC="0.96" CONTENT="anpassas"/><SP WIDTH="23" VPOS="323" HPOS="1507"/>
							<String ID="string_24" HPOS="1530" VPOS="314" WIDTH="192" HEIGHT="30" WC="0.96" CONTENT="emellertid"/>
						</TextLine>
						<TextLine ID="line_3" HPOS="235" VPOS="368" WIDTH="1486" HEIGHT="40">
							<String ID="string_25" HPOS="235" VPOS="369" WIDTH="51" HEIGHT="30" WC="0.95" CONTENT="till"/><SP WIDTH="21" VPOS="369" HPOS="286"/>
							<String ID="string_26" HPOS="307" VPOS="369" WIDTH="57" HEIGHT="29" WC="0.96" CONTENT="det"/><SP WIDTH="20" VPOS="369" HPOS="364"/>
							<String ID="string_27" HPOS="384" VPOS="378" WIDTH="69" HEIGHT="30" WC="0.96" CONTENT="nya"/><SP WIDTH="21" VPOS="378" HPOS="453"/>
							<String ID="string_28" HPOS="474" VPOS="370" WIDTH="164" HEIGHT="38" WC="0.95" CONTENT="systemet"/><SP WIDTH="22" VPOS="370" HPOS="638"/>
							<String ID="string_29" HPOS="660" VPOS="369" WIDTH="39" HEIGHT="29" WC="0.96" CONTENT="så"/><SP WIDTH="19" VPOS="369" HPOS="699"/>
							<String ID="string_30" HPOS="718" VPOS="370" WIDTH="49" HEIGHT="28" WC="0.96" CONTENT="att"/><SP WIDTH="23" VPOS="370" HPOS="767"/>
							<String ID="string_31" HPOS="790" VPOS="368" WIDTH="285" HEIGHT="30" WC="0.95" CONTENT="sammanträden"/><SP WIDTH="20" VPOS="368" HPOS="1075"/>
							<String ID="string_32" HPOS="1095" VPOS="369" WIDTH="79" HEIGHT="29" WC="0.96" CONTENT="med"/><SP WIDTH="20" VPOS="369" HPOS="1174"/>
							<String ID="string_33" HPOS="1194" VPOS="368" WIDTH="179" HEIGHT="31" WC="0.96" CONTENT="nämnden"/><SP WIDTH="19" VPOS="368" HPOS="1373"/>
							<String ID="string_34" HPOS="1392" VPOS="369" WIDTH="92" HEIGHT="30" WC="0.96" CONTENT="hålls"/><SP WIDTH="21" VPOS="369" HPOS="1484"/>
							<String ID="string_35" HPOS="1505" VPOS="369" WIDTH="88" HEIGHT="30" WC="0.96" CONTENT="först"/><SP WIDTH="23" VPOS="369" HPOS="1593"/>
							<String ID="string_36" HPOS="1616" VPOS="369" WIDTH="105" HEIGHT="30" WC="0.96" CONTENT="sedan"/>
						</TextLine>
						<TextLine ID="line_4" HPOS="234" VPOS="422" WIDTH="1487" HEIGHT="41">
							<String ID="string_37" HPOS="234" VPOS="424" WIDTH="217" HEIGHT="39" WC="0.96" CONTENT="prövningen"/><SP WIDTH="23" VPOS="424" HPOS="451"/>
							<String ID="string_38" HPOS="474" VPOS="432" WIDTH="42" HEIGHT="21" WC="0.96" CONTENT="av"/><SP WIDTH="24" VPOS="432" HPOS="516"/>
							<String ID="string_39" HPOS="540" VPOS="422" WIDTH="161" HEIGHT="40" WC="0.93" CONTENT="samtliga"/><SP WIDTH="22" VPOS="422" HPOS="701"/>
							<String ID="string_40" HPOS="723" VPOS="422" WIDTH="402" HEIGHT="40" WC="0.91" CONTENT="inskrivningsskyldiga"/><SP WIDTH="22" VPOS="422" HPOS="1125"/>
							<String ID="string_41" HPOS="1147" VPOS="423" WIDTH="12" HEIGHT="29" WC="0.93" CONTENT="i"/><SP WIDTH="23" VPOS="423" HPOS="1159"/>
							<String ID="string_42" HPOS="1182" VPOS="423" WIDTH="257" HEIGHT="30" WC="0.91" CONTENT="åldersklassen"/><SP WIDTH="24" VPOS="423" HPOS="1439"/>
							<String ID="string_43" HPOS="1463" VPOS="423" WIDTH="170" HEIGHT="30" WC="0.96" CONTENT="avslutats"/><SP WIDTH="24" VPOS="423" HPOS="1633"/>
							<String ID="string_44" HPOS="1657" VPOS="423" WIDTH="64" HEIGHT="30" WC="0.96" CONTENT="och"/>
						</TextLine>
						<TextLine ID="line_5" HPOS="235" VPOS="476" WIDTH="1486" HEIGHT="40">
							<String ID="string_45" HPOS="235" VPOS="477" WIDTH="193" HEIGHT="30" WC="0.95" CONTENT="resultaten"/><SP WIDTH="21" VPOS="477" HPOS="428"/>
							<String ID="string_46" HPOS="449" VPOS="477" WIDTH="196" HEIGHT="30" WC="0.95" CONTENT="bearbetats"/><SP WIDTH="21" VPOS="477" HPOS="645"/>
							<String ID="string_47" HPOS="666" VPOS="476" WIDTH="54" HEIGHT="31" WC="0.96" CONTENT="till"/><SP WIDTH="22" VPOS="476" HPOS="720"/>
							<String ID="string_48" HPOS="742" VPOS="476" WIDTH="169" HEIGHT="40" WC="0.96" CONTENT="underlag"/><SP WIDTH="22" VPOS="476" HPOS="911"/>
							<String ID="string_49" HPOS="933" VPOS="476" WIDTH="55" HEIGHT="30" WC="0.96" CONTENT="för"/><SP WIDTH="21" VPOS="476" HPOS="988"/>
							<String ID="string_50" HPOS="1009" VPOS="476" WIDTH="124" HEIGHT="30" WC="0.94" CONTENT="beslut."/><SP WIDTH="24" VPOS="476" HPOS="1133"/>
							<String ID="string_51" HPOS="1157" VPOS="476" WIDTH="105" HEIGHT="40" WC="0.95" CONTENT="Varje"/><SP WIDTH="23" VPOS="476" HPOS="1262"/>
							<String ID="string_52" HPOS="1285" VPOS="477" WIDTH="133" HEIGHT="29" WC="0.95" CONTENT="nämnd"/><SP WIDTH="21" VPOS="477" HPOS="1418"/>
							<String ID="string_53" HPOS="1439" VPOS="477" WIDTH="63" HEIGHT="30" WC="0.95" CONTENT="har"/><SP WIDTH="23" VPOS="477" HPOS="1502"/>
							<String ID="string_54" HPOS="1525" VPOS="485" WIDTH="43" HEIGHT="21" WC="0.96" CONTENT="en"/><SP WIDTH="23" VPOS="485" HPOS="1568"/>
							<String ID="string_55" HPOS="1591" VPOS="477" WIDTH="130" HEIGHT="30" WC="0.95" CONTENT="militär"/>
						</TextLine>
						<TextLine ID="line_6" HPOS="234" VPOS="530" WIDTH="1487" HEIGHT="41">
							<String ID="string_56" HPOS="234" VPOS="531" WIDTH="345" HEIGHT="39" WC="0.92" CONTENT="befattningshavare"/><SP WIDTH="22" VPOS="531" HPOS="579"/>
							<String ID="string_57" HPOS="601" VPOS="540" WIDTH="74" HEIGHT="21" WC="0.96" CONTENT="som"/><SP WIDTH="21" VPOS="540" HPOS="675"/>
							<String ID="string_58" HPOS="696" VPOS="530" WIDTH="211" HEIGHT="30" WC="0.96" CONTENT="ordförande"/><SP WIDTH="20" VPOS="530" HPOS="907"/>
							<String ID="string_59" HPOS="927" VPOS="531" WIDTH="65" HEIGHT="29" WC="0.96" CONTENT="och"/><SP WIDTH="20" VPOS="531" HPOS="992"/>
							<String ID="string_60" HPOS="1012" VPOS="531" WIDTH="116" HEIGHT="30" WC="0.96" CONTENT="består"/><SP WIDTH="20" VPOS="531" HPOS="1128"/>
							<String ID="string_61" HPOS="1148" VPOS="531" WIDTH="12" HEIGHT="30" WC="0.96" CONTENT="i"/><SP WIDTH="21" VPOS="531" HPOS="1160"/>
							<String ID="string_62" HPOS="1181" VPOS="531" WIDTH="110" HEIGHT="40" WC="0.96" CONTENT="övrigt"/><SP WIDTH="21" VPOS="531" HPOS="1291"/>
							<String ID="string_63" HPOS="1312" VPOS="540" WIDTH="42" HEIGHT="22" WC="0.96" CONTENT="av"/><SP WIDTH="20" VPOS="540" HPOS="1354"/>
							<String ID="string_64" HPOS="1374" VPOS="531" WIDTH="110" HEIGHT="36" WC="0.93" CONTENT="civila,"/><SP WIDTH="23" VPOS="531" HPOS="1484"/>
							<String ID="string_65" HPOS="1507" VPOS="531" WIDTH="214" HEIGHT="30" WC="0.90" CONTENT="förtroende-"/>
						</TextLine>
						<TextLine ID="line_7" HPOS="233" VPOS="585" WIDTH="321" HEIGHT="30">
							<String ID="string_66" HPOS="233" VPOS="585" WIDTH="102" HEIGHT="30" WC="0.96" CONTENT="valda"/><SP WIDTH="18" VPOS="585" HPOS="335"/>
							<String ID="string_67" HPOS="353" VPOS="585" WIDTH="201" HEIGHT="30" WC="0.96" CONTENT="ledamöter."/>
						</TextLine>
					</TextBlock>
					<TextBlock ID="block_2" HPOS="234" VPOS="639" WIDTH="1486" HEIGHT="95">
						<TextLine ID="line_8" HPOS="280" VPOS="639" WIDTH="1440" HEIGHT="42">
							<String ID="string_68" HPOS="280" VPOS="640" WIDTH="176" HEIGHT="29" WC="0.96" CONTENT="Utskottet"/><SP WIDTH="19" VPOS="640" HPOS="456"/>
							<String ID="string_69" HPOS="475" VPOS="640" WIDTH="65" HEIGHT="29" WC="0.96" CONTENT="har"/><SP WIDTH="20" VPOS="640" HPOS="540"/>
							<String ID="string_70" HPOS="560" VPOS="639" WIDTH="71" HEIGHT="30" WC="0.96" CONTENT="inte"/><SP WIDTH="21" VPOS="639" HPOS="631"/>
							<String ID="string_71" HPOS="652" VPOS="639" WIDTH="118" HEIGHT="30" WC="0.96" CONTENT="funnit"/><SP WIDTH="21" VPOS="639" HPOS="770"/>
							<String ID="string_72" HPOS="791" VPOS="639" WIDTH="188" HEIGHT="40" WC="0.95" CONTENT="anledning"/><SP WIDTH="20" VPOS="639" HPOS="979"/>
							<String ID="string_73" HPOS="999" VPOS="639" WIDTH="53" HEIGHT="30" WC="0.96" CONTENT="till"/><SP WIDTH="21" VPOS="639" HPOS="1052"/>
							<String ID="string_74" HPOS="1073" VPOS="639" WIDTH="141" HEIGHT="31" WC="0.96" CONTENT="erinran"/><SP WIDTH="20" VPOS="639" HPOS="1214"/>
							<String ID="string_75" HPOS="1234" VPOS="641" WIDTH="73" HEIGHT="29" WC="0.96" CONTENT="mot"/><SP WIDTH="22" VPOS="641" HPOS="1307"/>
							<String ID="string_76" HPOS="1329" VPOS="639" WIDTH="165" HEIGHT="40" WC="0.95" CONTENT="förslaget"/><SP WIDTH="20" VPOS="639" HPOS="1494"/>
							<String ID="string_77" HPOS="1514" VPOS="639" WIDTH="53" HEIGHT="31" WC="0.96" CONTENT="till"/><SP WIDTH="21" VPOS="639" HPOS="1567"/>
							<String ID="string_78" HPOS="1588" VPOS="640" WIDTH="54" HEIGHT="41" WC="0.96" CONTENT="lag"/><SP WIDTH="21" VPOS="640" HPOS="1642"/>
							<String ID="string_79" HPOS="1663" VPOS="649" WIDTH="57" HEIGHT="21" WC="0.96" CONTENT="om"/>
						</TextLine>
						<TextLine ID="line_9" HPOS="234" VPOS="693" WIDTH="500" HEIGHT="41">
							<String ID="string_80" HPOS="234" VPOS="693" WIDTH="148" HEIGHT="41" WC="0.96" CONTENT="ändring"/><SP WIDTH="16" VPOS="693" HPOS="382"/>
							<String ID="string_81" HPOS="398" VPOS="694" WIDTH="11" HEIGHT="29" WC="0.93" CONTENT="i"/><SP WIDTH="17" VPOS="694" HPOS="409"/>
							<String ID="string_82" HPOS="426" VPOS="694" WIDTH="308" HEIGHT="39" WC="0.91" CONTENT="värnpliktslagen."/>
						</TextLine>
					</TextBlock>
					<TextBlock ID="block_3" HPOS="232" VPOS="747" WIDTH="1489" HEIGHT="525">
						<TextLine ID="line_10" HPOS="279" VPOS="747" WIDTH="1440" HEIGHT="42">
							<String ID="string_83" HPOS="279" VPOS="749" WIDTH="13" HEIGHT="29" WC="0.96" CONTENT="I"/><SP WIDTH="21" VPOS="749" HPOS="292"/>
							<String ID="string_84" HPOS="313" VPOS="748" WIDTH="178" HEIGHT="29" WC="0.96" CONTENT="motionen"/><SP WIDTH="21" VPOS="748" HPOS="491"/>
							<String ID="string_85" HPOS="512" VPOS="748" WIDTH="45" HEIGHT="30" WC="0.95" CONTENT="II:"/><SP WIDTH="18" VPOS="748" HPOS="557"/>
							<String ID="string_86" HPOS="575" VPOS="747" WIDTH="92" HEIGHT="35" WC="0.95" CONTENT="1173,"/><SP WIDTH="24" VPOS="747" HPOS="667"/>
							<String ID="string_87" HPOS="691" VPOS="758" WIDTH="75" HEIGHT="20" WC="0.96" CONTENT="som"/><SP WIDTH="20" VPOS="758" HPOS="766"/>
							<String ID="string_88" HPOS="786" VPOS="749" WIDTH="121" HEIGHT="29" WC="0.96" CONTENT="väckts"/><SP WIDTH="21" VPOS="749" HPOS="907"/>
							<String ID="string_89" HPOS="928" VPOS="749" WIDTH="11" HEIGHT="29" WC="0.96" CONTENT="i"/><SP WIDTH="21" VPOS="749" HPOS="939"/>
							<String ID="string_90" HPOS="960" VPOS="748" WIDTH="188" HEIGHT="41" WC="0.96" CONTENT="anledning"/><SP WIDTH="21" VPOS="748" HPOS="1148"/>
							<String ID="string_91" HPOS="1169" VPOS="758" WIDTH="42" HEIGHT="21" WC="0.95" CONTENT="av"/><SP WIDTH="20" VPOS="758" HPOS="1211"/>
							<String ID="string_92" HPOS="1231" VPOS="748" WIDTH="270" HEIGHT="41" WC="0.96" CONTENT="propositionen,"/><SP WIDTH="24" VPOS="748" HPOS="1501"/>
							<String ID="string_93" HPOS="1525" VPOS="749" WIDTH="194" HEIGHT="34" WC="0.96" CONTENT="framhålls,"/>
						</TextLine>
						<TextLine ID="line_11" HPOS="234" VPOS="802" WIDTH="1486" HEIGHT="41">
							<String ID="string_94" HPOS="234" VPOS="804" WIDTH="50" HEIGHT="28" WC="0.96" CONTENT="att"/><SP WIDTH="19" VPOS="804" HPOS="284"/>
							<String ID="string_95" HPOS="303" VPOS="802" WIDTH="57" HEIGHT="29" WC="0.96" CONTENT="det"/><SP WIDTH="19" VPOS="802" HPOS="360"/>
							<String ID="string_96" HPOS="379" VPOS="803" WIDTH="37" HEIGHT="29" WC="0.96" CONTENT="är"/><SP WIDTH="19" VPOS="803" HPOS="416"/>
							<String ID="string_97" HPOS="435" VPOS="811" WIDTH="43" HEIGHT="20" WC="0.96" CONTENT="en"/><SP WIDTH="17" VPOS="811" HPOS="478"/>
							<String ID="string_98" HPOS="495" VPOS="802" WIDTH="170" HEIGHT="41" WC="0.96" CONTENT="väsentlig"/><SP WIDTH="18" VPOS="802" HPOS="665"/>
							<String ID="string_99" HPOS="683" VPOS="802" WIDTH="96" HEIGHT="35" WC="0.96" CONTENT="brist,"/><SP WIDTH="21" VPOS="802" HPOS="779"/>
							<String ID="string_100" HPOS="800" VPOS="804" WIDTH="51" HEIGHT="28" WC="0.92" CONTENT="att"/><SP WIDTH="18" VPOS="804" HPOS="851"/>
							<String ID="string_101" HPOS="869" VPOS="802" WIDTH="436" HEIGHT="40" WC="0.91" CONTENT="inskrivningsnämndens"/><SP WIDTH="19" VPOS="802" HPOS="1305"/>
							<String ID="string_102" HPOS="1324" VPOS="803" WIDTH="191" HEIGHT="30" WC="0.96" CONTENT="ledamöter"/><SP WIDTH="19" VPOS="803" HPOS="1515"/>
							<String ID="string_103" HPOS="1534" VPOS="804" WIDTH="70" HEIGHT="29" WC="0.93" CONTENT="inte"/><SP WIDTH="20" VPOS="804" HPOS="1604"/>
							<String ID="string_104" HPOS="1624" VPOS="804" WIDTH="96" HEIGHT="29" WC="0.92" CONTENT="kom-"/>
						</TextLine>
						<TextLine ID="line_12" HPOS="233" VPOS="856" WIDTH="1488" HEIGHT="40">
							<String ID="string_105" HPOS="233" VPOS="865" WIDTH="74" HEIGHT="20" WC="0.96" CONTENT="mer"/><SP WIDTH="18" VPOS="865" HPOS="307"/>
							<String ID="string_106" HPOS="325" VPOS="858" WIDTH="49" HEIGHT="27" WC="0.95" CONTENT="att"/><SP WIDTH="18" VPOS="858" HPOS="374"/>
							<String ID="string_107" HPOS="392" VPOS="857" WIDTH="119" HEIGHT="28" WC="0.93" CONTENT="finnas"/><SP WIDTH="16" VPOS="857" HPOS="511"/>
							<String ID="string_108" HPOS="527" VPOS="856" WIDTH="172" HEIGHT="30" WC="0.92" CONTENT="tillstädes"/><SP WIDTH="18" VPOS="856" HPOS="699"/>
							<String ID="string_109" HPOS="717" VPOS="856" WIDTH="111" HEIGHT="30" WC="0.96" CONTENT="under"/><SP WIDTH="19" VPOS="856" HPOS="828"/>
							<String ID="string_110" HPOS="847" VPOS="857" WIDTH="111" HEIGHT="38" WC="0.93" CONTENT="själva"/><SP WIDTH="16" VPOS="857" HPOS="958"/>
							<String ID="string_111" HPOS="974" VPOS="856" WIDTH="470" HEIGHT="40" WC="0.91" CONTENT="prövningsverksamheten."/><SP WIDTH="18" VPOS="856" HPOS="1444"/>
							<String ID="string_112" HPOS="1462" VPOS="858" WIDTH="259" HEIGHT="29" WC="0.96" CONTENT="Motionärerna"/>
						</TextLine>
						<TextLine ID="line_13" HPOS="234" VPOS="909" WIDTH="1486" HEIGHT="41">
							<String ID="string_113" HPOS="234" VPOS="918" WIDTH="121" HEIGHT="20" WC="0.96" CONTENT="menar"/><SP WIDTH="18" VPOS="918" HPOS="355"/>
							<String ID="string_114" HPOS="373" VPOS="910" WIDTH="50" HEIGHT="28" WC="0.96" CONTENT="att"/><SP WIDTH="18" VPOS="910" HPOS="423"/>
							<String ID="string_115" HPOS="441" VPOS="909" WIDTH="55" HEIGHT="29" WC="0.95" CONTENT="det"/><SP WIDTH="20" VPOS="909" HPOS="496"/>
							<String ID="string_116" HPOS="516" VPOS="909" WIDTH="112" HEIGHT="30" WC="0.96" CONTENT="skulle"/><SP WIDTH="17" VPOS="909" HPOS="628"/>
							<String ID="string_117" HPOS="645" VPOS="909" WIDTH="46" HEIGHT="30" WC="0.96" CONTENT="ha"/><SP WIDTH="17" VPOS="909" HPOS="691"/>
							<String ID="string_118" HPOS="708" VPOS="909" WIDTH="89" HEIGHT="30" WC="0.96" CONTENT="varit"/><SP WIDTH="18" VPOS="909" HPOS="797"/>
							<String ID="string_119" HPOS="815" VPOS="917" WIDTH="43" HEIGHT="21" WC="0.96" CONTENT="en"/><SP WIDTH="19" VPOS="917" HPOS="858"/>
							<String ID="string_120" HPOS="877" VPOS="909" WIDTH="110" HEIGHT="30" WC="0.96" CONTENT="fördel"/><SP WIDTH="19" VPOS="909" HPOS="987"/>
							<String ID="string_121" HPOS="1006" VPOS="919" WIDTH="56" HEIGHT="20" WC="0.96" CONTENT="om"/><SP WIDTH="19" VPOS="919" HPOS="1062"/>
							<String ID="string_122" HPOS="1081" VPOS="910" WIDTH="41" HEIGHT="29" WC="0.96" CONTENT="de"/><SP WIDTH="17" VPOS="910" HPOS="1122"/>
							<String ID="string_123" HPOS="1139" VPOS="909" WIDTH="236" HEIGHT="41" WC="0.96" CONTENT="värnpliktiga"/><SP WIDTH="17" VPOS="909" HPOS="1375"/>
							<String ID="string_124" HPOS="1392" VPOS="909" WIDTH="57" HEIGHT="31" WC="0.92" CONTENT="vid"/><SP WIDTH="18" VPOS="909" HPOS="1449"/>
							<String ID="string_125" HPOS="1467" VPOS="910" WIDTH="253" HEIGHT="40" WC="0.91" CONTENT="inskrivnings-"/>
						</TextLine>
						<TextLine ID="line_14" HPOS="236" VPOS="963" WIDTH="1485" HEIGHT="40">
							<String ID="string_126" HPOS="236" VPOS="963" WIDTH="257" HEIGHT="39" WC="0.96" CONTENT="förrättningen"/><SP WIDTH="25" VPOS="963" HPOS="493"/>
							<String ID="string_127" HPOS="518" VPOS="964" WIDTH="136" HEIGHT="29" WC="0.96" CONTENT="kunnat"/><SP WIDTH="24" VPOS="964" HPOS="654"/>
							<String ID="string_128" HPOS="678" VPOS="963" WIDTH="149" HEIGHT="40" WC="0.96" CONTENT="rådgöra"/><SP WIDTH="23" VPOS="963" HPOS="827"/>
							<String ID="string_129" HPOS="850" VPOS="964" WIDTH="79" HEIGHT="29" WC="0.96" CONTENT="med"/><SP WIDTH="25" VPOS="964" HPOS="929"/>
							<String ID="string_130" HPOS="954" VPOS="963" WIDTH="102" HEIGHT="31" WC="0.96" CONTENT="civila"/><SP WIDTH="24" VPOS="963" HPOS="1056"/>
							<String ID="string_131" HPOS="1080" VPOS="964" WIDTH="141" HEIGHT="30" WC="0.96" CONTENT="lekmän"/><SP WIDTH="25" VPOS="964" HPOS="1221"/>
							<String ID="string_132" HPOS="1246" VPOS="965" WIDTH="10" HEIGHT="29" WC="0.96" CONTENT="i"/><SP WIDTH="26" VPOS="965" HPOS="1256"/>
							<String ID="string_133" HPOS="1282" VPOS="964" WIDTH="116" HEIGHT="39" WC="0.96" CONTENT="frågor"/><SP WIDTH="25" VPOS="964" HPOS="1398"/>
							<String ID="string_134" HPOS="1423" VPOS="974" WIDTH="43" HEIGHT="20" WC="0.96" CONTENT="av"/><SP WIDTH="24" VPOS="974" HPOS="1466"/>
							<String ID="string_135" HPOS="1490" VPOS="973" WIDTH="74" HEIGHT="20" WC="0.96" CONTENT="mer"/><SP WIDTH="25" VPOS="973" HPOS="1564"/>
							<String ID="string_136" HPOS="1589" VPOS="964" WIDTH="132" HEIGHT="30" WC="0.96" CONTENT="allmän"/>
						</TextLine>
						<TextLine ID="line_15" HPOS="234" VPOS="1017" WIDTH="1486" HEIGHT="31">
							<String ID="string_137" HPOS="234" VPOS="1018" WIDTH="114" HEIGHT="28" WC="0.96" CONTENT="natur."/><SP WIDTH="20" VPOS="1018" HPOS="348"/>
							<String ID="string_138" HPOS="368" VPOS="1017" WIDTH="49" HEIGHT="30" WC="0.96" CONTENT="De"/><SP WIDTH="19" VPOS="1017" HPOS="417"/>
							<String ID="string_139" HPOS="436" VPOS="1023" WIDTH="121" HEIGHT="23" WC="0.96" CONTENT="menar"/><SP WIDTH="19" VPOS="1023" HPOS="557"/>
							<String ID="string_140" HPOS="576" VPOS="1017" WIDTH="117" HEIGHT="30" WC="0.96" CONTENT="vidare"/><SP WIDTH="20" VPOS="1017" HPOS="693"/>
							<String ID="string_141" HPOS="713" VPOS="1020" WIDTH="49" HEIGHT="27" WC="0.95" CONTENT="att"/><SP WIDTH="21" VPOS="1020" HPOS="762"/>
							<String ID="string_142" HPOS="783" VPOS="1018" WIDTH="54" HEIGHT="29" WC="0.93" CONTENT="för"/><SP WIDTH="19" VPOS="1018" HPOS="837"/>
							<String ID="string_143" HPOS="856" VPOS="1017" WIDTH="373" HEIGHT="30" WC="0.91" CONTENT="nämndledamöterna"/><SP WIDTH="18" VPOS="1017" HPOS="1229"/>
							<String ID="string_144" HPOS="1247" VPOS="1019" WIDTH="63" HEIGHT="29" WC="0.96" CONTENT="bör"/><SP WIDTH="18" VPOS="1019" HPOS="1310"/>
							<String ID="string_145" HPOS="1328" VPOS="1019" WIDTH="148" HEIGHT="29" WC="0.96" CONTENT="närvaro"/><SP WIDTH="20" VPOS="1019" HPOS="1476"/>
							<String ID="string_146" HPOS="1496" VPOS="1019" WIDTH="57" HEIGHT="29" WC="0.93" CONTENT="vid"/><SP WIDTH="20" VPOS="1019" HPOS="1553"/>
							<String ID="string_147" HPOS="1573" VPOS="1018" WIDTH="147" HEIGHT="30" WC="0.92" CONTENT="inskriv-"/>
						</TextLine>
						<TextLine ID="line_16" HPOS="233" VPOS="1071" WIDTH="1488" HEIGHT="40">
							<String ID="string_148" HPOS="233" VPOS="1071" WIDTH="173" HEIGHT="39" WC="0.96" CONTENT="ningarna"/><SP WIDTH="21" VPOS="1071" HPOS="406"/>
							<String ID="string_149" HPOS="427" VPOS="1079" WIDTH="38" HEIGHT="31" WC="0.96" CONTENT="ge"/><SP WIDTH="23" VPOS="1079" HPOS="465"/>
							<String ID="string_150" HPOS="488" VPOS="1080" WIDTH="43" HEIGHT="21" WC="0.96" CONTENT="en"/><SP WIDTH="21" VPOS="1080" HPOS="531"/>
							<String ID="string_151" HPOS="552" VPOS="1071" WIDTH="66" HEIGHT="40" WC="0.96" CONTENT="god"/><SP WIDTH="22" VPOS="1071" HPOS="618"/>
							<String ID="string_152" HPOS="640" VPOS="1071" WIDTH="131" HEIGHT="30" WC="0.96" CONTENT="inblick"/><SP WIDTH="21" VPOS="1071" HPOS="771"/>
							<String ID="string_153" HPOS="792" VPOS="1072" WIDTH="11" HEIGHT="29" WC="0.97" CONTENT="i"/><SP WIDTH="23" VPOS="1072" HPOS="803"/>
							<String ID="string_154" HPOS="826" VPOS="1071" WIDTH="227" HEIGHT="36" WC="0.95" CONTENT="förfarandet,"/><SP WIDTH="24" VPOS="1071" HPOS="1053"/>
							<String ID="string_155" HPOS="1077" VPOS="1072" WIDTH="107" HEIGHT="30" WC="0.96" CONTENT="vilket"/><SP WIDTH="22" VPOS="1072" HPOS="1184"/>
							<String ID="string_156" HPOS="1206" VPOS="1073" WIDTH="71" HEIGHT="29" WC="0.96" CONTENT="kan"/><SP WIDTH="21" VPOS="1073" HPOS="1277"/>
							<String ID="string_157" HPOS="1298" VPOS="1072" WIDTH="201" HEIGHT="31" WC="0.93" CONTENT="underlätta"/><SP WIDTH="21" VPOS="1072" HPOS="1499"/>
							<String ID="string_158" HPOS="1520" VPOS="1073" WIDTH="201" HEIGHT="30" WC="0.92" CONTENT="beslutsfat-"/>
						</TextLine>
						<TextLine ID="line_17" HPOS="233" VPOS="1125" WIDTH="1487" HEIGHT="42">
							<String ID="string_159" HPOS="233" VPOS="1125" WIDTH="130" HEIGHT="29" WC="0.92" CONTENT="tandet."/><SP WIDTH="21" VPOS="1125" HPOS="363"/>
							<String ID="string_160" HPOS="384" VPOS="1125" WIDTH="13" HEIGHT="29" WC="0.96" CONTENT="I"/><SP WIDTH="21" VPOS="1125" HPOS="397"/>
							<String ID="string_161" HPOS="418" VPOS="1125" WIDTH="178" HEIGHT="29" WC="0.93" CONTENT="motionen"/><SP WIDTH="19" VPOS="1125" HPOS="596"/>
							<String ID="string_162" HPOS="615" VPOS="1126" WIDTH="115" HEIGHT="39" WC="0.92" CONTENT="yrkas,"/><SP WIDTH="23" VPOS="1126" HPOS="730"/>
							<String ID="string_163" HPOS="753" VPOS="1128" WIDTH="50" HEIGHT="27" WC="0.96" CONTENT="att"/><SP WIDTH="20" VPOS="1128" HPOS="803"/>
							<String ID="string_164" HPOS="823" VPOS="1126" WIDTH="187" HEIGHT="39" WC="0.96" CONTENT="riksdagen"/><SP WIDTH="22" VPOS="1126" HPOS="1010"/>
							<String ID="string_165" HPOS="1032" VPOS="1136" WIDTH="74" HEIGHT="20" WC="0.96" CONTENT="som"/><SP WIDTH="21" VPOS="1136" HPOS="1106"/>
							<String ID="string_166" HPOS="1127" VPOS="1126" WIDTH="54" HEIGHT="29" WC="0.96" CONTENT="sin"/><SP WIDTH="20" VPOS="1126" HPOS="1181"/>
							<String ID="string_167" HPOS="1201" VPOS="1126" WIDTH="142" HEIGHT="41" WC="0.96" CONTENT="mening"/><SP WIDTH="20" VPOS="1126" HPOS="1343"/>
							<String ID="string_168" HPOS="1363" VPOS="1127" WIDTH="138" HEIGHT="35" WC="0.96" CONTENT="uttalar,"/><SP WIDTH="23" VPOS="1127" HPOS="1501"/>
							<String ID="string_169" HPOS="1524" VPOS="1128" WIDTH="50" HEIGHT="28" WC="0.96" CONTENT="att"/><SP WIDTH="20" VPOS="1128" HPOS="1574"/>
							<String ID="string_170" HPOS="1594" VPOS="1127" WIDTH="126" HEIGHT="39" WC="0.96" CONTENT="Kungl."/>
						</TextLine>
						<TextLine ID="line_18" HPOS="232" VPOS="1178" WIDTH="1488" HEIGHT="43">
							<String ID="string_171" HPOS="232" VPOS="1178" WIDTH="106" HEIGHT="39" WC="0.96" CONTENT="Maj:t"/><SP WIDTH="21" VPOS="1178" HPOS="338"/>
							<String ID="string_172" HPOS="359" VPOS="1179" WIDTH="107" HEIGHT="29" WC="0.96" CONTENT="måtte"/><SP WIDTH="19" VPOS="1179" HPOS="466"/>
							<String ID="string_173" HPOS="485" VPOS="1179" WIDTH="127" HEIGHT="29" WC="0.96" CONTENT="bereda"/><SP WIDTH="20" VPOS="1179" HPOS="612"/>
							<String ID="string_174" HPOS="632" VPOS="1179" WIDTH="191" HEIGHT="30" WC="0.96" CONTENT="ledamöter"/><SP WIDTH="20" VPOS="1179" HPOS="823"/>
							<String ID="string_175" HPOS="843" VPOS="1181" WIDTH="11" HEIGHT="28" WC="0.93" CONTENT="i"/><SP WIDTH="21" VPOS="1181" HPOS="854"/>
							<String ID="string_176" HPOS="875" VPOS="1179" WIDTH="373" HEIGHT="40" WC="0.91" CONTENT="inskrivningsnämnd"/><SP WIDTH="20" VPOS="1179" HPOS="1248"/>
							<String ID="string_177" HPOS="1268" VPOS="1180" WIDTH="138" HEIGHT="30" WC="0.96" CONTENT="tillfälle"/><SP WIDTH="21" VPOS="1180" HPOS="1406"/>
							<String ID="string_178" HPOS="1427" VPOS="1182" WIDTH="50" HEIGHT="28" WC="0.96" CONTENT="att"/><SP WIDTH="20" VPOS="1182" HPOS="1477"/>
							<String ID="string_179" HPOS="1497" VPOS="1181" WIDTH="46" HEIGHT="39" WC="0.96" CONTENT="på"/><SP WIDTH="19" VPOS="1181" HPOS="1543"/>
							<String ID="string_180" HPOS="1562" VPOS="1181" WIDTH="158" HEIGHT="40" WC="0.96" CONTENT="lämpligt"/>
						</TextLine>
						<TextLine ID="line_19" HPOS="233" VPOS="1232" WIDTH="511" HEIGHT="40">
							<String ID="string_181" HPOS="233" VPOS="1233" WIDTH="67" HEIGHT="28" WC="0.96" CONTENT="sätt"/><SP WIDTH="20" VPOS="1233" HPOS="300"/>
							<String ID="string_182" HPOS="320" VPOS="1232" WIDTH="88" HEIGHT="39" WC="0.93" CONTENT="följa"/><SP WIDTH="18" VPOS="1232" HPOS="408"/>
							<String ID="string_183" HPOS="426" VPOS="1233" WIDTH="318" HEIGHT="39" WC="0.91" CONTENT="inskrivningarna."/>
						</TextLine>
					</TextBlock>
					<TextBlock ID="block_4" HPOS="230" VPOS="1286" WIDTH="1490" HEIGHT="794">
						<TextLine ID="line_20" HPOS="279" VPOS="1286" WIDTH="1441" HEIGHT="42">
							<String ID="string_184" HPOS="279" VPOS="1286" WIDTH="121" HEIGHT="30" WC="0.96" CONTENT="Såsom"/><SP WIDTH="23" VPOS="1286" HPOS="400"/>
							<String ID="string_185" HPOS="423" VPOS="1287" WIDTH="112" HEIGHT="29" WC="0.96" CONTENT="starkt"/><SP WIDTH="21" VPOS="1287" HPOS="535"/>
							<String ID="string_186" HPOS="556" VPOS="1287" WIDTH="231" HEIGHT="39" WC="0.96" CONTENT="understryks"/><SP WIDTH="22" VPOS="1287" HPOS="787"/>
							<String ID="string_187" HPOS="809" VPOS="1288" WIDTH="10" HEIGHT="29" WC="0.96" CONTENT="i"/><SP WIDTH="21" VPOS="1288" HPOS="819"/>
							<String ID="string_188" HPOS="840" VPOS="1287" WIDTH="262" HEIGHT="40" WC="0.96" CONTENT="propositionen"/><SP WIDTH="21" VPOS="1287" HPOS="1102"/>
							<String ID="string_189" HPOS="1123" VPOS="1298" WIDTH="43" HEIGHT="20" WC="0.93" CONTENT="av"/><SP WIDTH="21" VPOS="1298" HPOS="1166"/>
							<String ID="string_190" HPOS="1187" VPOS="1288" WIDTH="385" HEIGHT="40" WC="0.91" CONTENT="departementschefen"/><SP WIDTH="23" VPOS="1288" HPOS="1572"/>
							<String ID="string_191" HPOS="1595" VPOS="1289" WIDTH="54" HEIGHT="29" WC="0.93" CONTENT="får"/><SP WIDTH="21" VPOS="1289" HPOS="1649"/>
							<String ID="string_192" HPOS="1670" VPOS="1289" WIDTH="50" HEIGHT="29" WC="0.92" CONTENT="in-"/>
						</TextLine>
						<TextLine ID="line_21" HPOS="235" VPOS="1340" WIDTH="1484" HEIGHT="42">
							<String ID="string_193" HPOS="235" VPOS="1340" WIDTH="380" HEIGHT="39" WC="0.91" CONTENT="skrivningsnämnden"/><SP WIDTH="24" VPOS="1340" HPOS="615"/>
							<String ID="string_194" HPOS="639" VPOS="1342" WIDTH="11" HEIGHT="28" WC="0.96" CONTENT="i"/><SP WIDTH="23" VPOS="1342" HPOS="650"/>
							<String ID="string_195" HPOS="673" VPOS="1341" WIDTH="57" HEIGHT="29" WC="0.96" CONTENT="det"/><SP WIDTH="24" VPOS="1341" HPOS="730"/>
							<String ID="string_196" HPOS="754" VPOS="1351" WIDTH="69" HEIGHT="29" WC="0.96" CONTENT="nya"/><SP WIDTH="24" VPOS="1351" HPOS="823"/>
							<String ID="string_197" HPOS="847" VPOS="1344" WIDTH="165" HEIGHT="36" WC="0.96" CONTENT="systemet"/><SP WIDTH="25" VPOS="1344" HPOS="1012"/>
							<String ID="string_198" HPOS="1037" VPOS="1352" WIDTH="42" HEIGHT="19" WC="0.96" CONTENT="en"/><SP WIDTH="25" VPOS="1352" HPOS="1079"/>
							<String ID="string_199" HPOS="1104" VPOS="1351" WIDTH="73" HEIGHT="20" WC="0.96" CONTENT="mer"/><SP WIDTH="24" VPOS="1351" HPOS="1177"/>
							<String ID="string_200" HPOS="1201" VPOS="1342" WIDTH="228" HEIGHT="30" WC="0.96" CONTENT="kvalificerad"/><SP WIDTH="25" VPOS="1342" HPOS="1429"/>
							<String ID="string_201" HPOS="1454" VPOS="1342" WIDTH="166" HEIGHT="40" WC="0.96" CONTENT="ställning"/><SP WIDTH="25" VPOS="1342" HPOS="1620"/>
							<String ID="string_202" HPOS="1645" VPOS="1352" WIDTH="74" HEIGHT="20" WC="0.96" CONTENT="som"/>
						</TextLine>
						<TextLine ID="line_22" HPOS="231" VPOS="1393" WIDTH="1488" HEIGHT="42">
							<String ID="string_203" HPOS="231" VPOS="1393" WIDTH="205" HEIGHT="31" WC="0.96" CONTENT="beslutande"/><SP WIDTH="25" VPOS="1393" HPOS="436"/>
							<String ID="string_204" HPOS="461" VPOS="1402" WIDTH="107" HEIGHT="31" WC="0.96" CONTENT="organ"/><SP WIDTH="26" VPOS="1402" HPOS="568"/>
							<String ID="string_205" HPOS="594" VPOS="1395" WIDTH="10" HEIGHT="29" WC="0.93" CONTENT="i"/><SP WIDTH="25" VPOS="1395" HPOS="604"/>
							<String ID="string_206" HPOS="629" VPOS="1394" WIDTH="369" HEIGHT="40" WC="0.91" CONTENT="inskrivningsfrågor."/><SP WIDTH="26" VPOS="1394" HPOS="998"/>
							<String ID="string_207" HPOS="1024" VPOS="1395" WIDTH="131" HEIGHT="30" WC="0.96" CONTENT="Genom"/><SP WIDTH="25" VPOS="1395" HPOS="1155"/>
							<String ID="string_208" HPOS="1180" VPOS="1395" WIDTH="197" HEIGHT="31" WC="0.96" CONTENT="nämndens"/><SP WIDTH="26" VPOS="1395" HPOS="1377"/>
							<String ID="string_209" HPOS="1403" VPOS="1396" WIDTH="316" HEIGHT="39" WC="0.95" CONTENT="sammansättning"/>
						</TextLine>
						<TextLine ID="line_23" HPOS="232" VPOS="1447" WIDTH="1488" HEIGHT="43">
							<String ID="string_210" HPOS="232" VPOS="1447" WIDTH="64" HEIGHT="29" WC="0.96" CONTENT="har"/><SP WIDTH="16" VPOS="1447" HPOS="296"/>
							<String ID="string_211" HPOS="312" VPOS="1448" WIDTH="42" HEIGHT="29" WC="0.95" CONTENT="de"/><SP WIDTH="16" VPOS="1448" HPOS="354"/>
							<String ID="string_212" HPOS="370" VPOS="1448" WIDTH="102" HEIGHT="29" WC="0.96" CONTENT="civila"/><SP WIDTH="16" VPOS="1448" HPOS="472"/>
							<String ID="string_213" HPOS="488" VPOS="1448" WIDTH="238" HEIGHT="31" WC="0.91" CONTENT="ledamöterna"/><SP WIDTH="17" VPOS="1448" HPOS="726"/>
							<String ID="string_214" HPOS="743" VPOS="1449" WIDTH="250" HEIGHT="30" WC="0.91" CONTENT="tillförsäkrats"/><SP WIDTH="20" VPOS="1449" HPOS="993"/>
							<String ID="string_215" HPOS="1013" VPOS="1451" WIDTH="86" HEIGHT="28" WC="0.96" CONTENT="stort"/><SP WIDTH="17" VPOS="1451" HPOS="1099"/>
							<String ID="string_216" HPOS="1116" VPOS="1449" WIDTH="196" HEIGHT="40" WC="0.96" CONTENT="inflytande"/><SP WIDTH="18" VPOS="1449" HPOS="1312"/>
							<String ID="string_217" HPOS="1330" VPOS="1451" WIDTH="11" HEIGHT="29" WC="0.96" CONTENT="i"/><SP WIDTH="17" VPOS="1451" HPOS="1341"/>
							<String ID="string_218" HPOS="1358" VPOS="1450" WIDTH="227" HEIGHT="30" WC="0.96" CONTENT="nämnderna."/><SP WIDTH="19" VPOS="1450" HPOS="1585"/>
							<String ID="string_219" HPOS="1604" VPOS="1449" WIDTH="116" HEIGHT="41" WC="0.96" CONTENT="Enligt"/>
						</TextLine>
						<TextLine ID="line_24" HPOS="234" VPOS="1502" WIDTH="1485" HEIGHT="41">
							<String ID="string_220" HPOS="234" VPOS="1502" WIDTH="188" HEIGHT="29" WC="0.96" CONTENT="utskottets"/><SP WIDTH="19" VPOS="1502" HPOS="422"/>
							<String ID="string_221" HPOS="441" VPOS="1502" WIDTH="142" HEIGHT="40" WC="0.96" CONTENT="mening"/><SP WIDTH="20" VPOS="1502" HPOS="583"/>
							<String ID="string_222" HPOS="603" VPOS="1503" WIDTH="36" HEIGHT="29" WC="0.96" CONTENT="är"/><SP WIDTH="21" VPOS="1503" HPOS="639"/>
							<String ID="string_223" HPOS="660" VPOS="1503" WIDTH="56" HEIGHT="29" WC="0.96" CONTENT="det"/><SP WIDTH="22" VPOS="1503" HPOS="716"/>
							<String ID="string_224" HPOS="738" VPOS="1503" WIDTH="188" HEIGHT="39" WC="0.96" CONTENT="självfallet"/><SP WIDTH="20" VPOS="1503" HPOS="926"/>
							<String ID="string_225" HPOS="946" VPOS="1513" WIDTH="42" HEIGHT="20" WC="0.96" CONTENT="av"/><SP WIDTH="19" VPOS="1513" HPOS="988"/>
							<String ID="string_226" HPOS="1007" VPOS="1504" WIDTH="104" HEIGHT="30" WC="0.96" CONTENT="värde"/><SP WIDTH="21" VPOS="1504" HPOS="1111"/>
							<String ID="string_227" HPOS="1132" VPOS="1504" WIDTH="54" HEIGHT="30" WC="0.93" CONTENT="för"/><SP WIDTH="21" VPOS="1504" HPOS="1186"/>
							<String ID="string_228" HPOS="1207" VPOS="1504" WIDTH="234" HEIGHT="39" WC="0.90" CONTENT="fullgörandet"/><SP WIDTH="21" VPOS="1504" HPOS="1441"/>
							<String ID="string_229" HPOS="1462" VPOS="1513" WIDTH="43" HEIGHT="21" WC="0.96" CONTENT="av"/><SP WIDTH="18" VPOS="1513" HPOS="1505"/>
							<String ID="string_230" HPOS="1523" VPOS="1504" WIDTH="196" HEIGHT="30" WC="0.95" CONTENT="nämndens"/>
						</TextLine>
						<TextLine ID="line_25" HPOS="233" VPOS="1555" WIDTH="1485" HEIGHT="43">
							<String ID="string_231" HPOS="233" VPOS="1555" WIDTH="176" HEIGHT="40" WC="0.96" CONTENT="uppgifter"/><SP WIDTH="18" VPOS="1555" HPOS="409"/>
							<String ID="string_232" HPOS="427" VPOS="1558" WIDTH="49" HEIGHT="27" WC="0.96" CONTENT="att"/><SP WIDTH="18" VPOS="1558" HPOS="476"/>
							<String ID="string_233" HPOS="494" VPOS="1556" WIDTH="79" HEIGHT="30" WC="0.96" CONTENT="dess"/><SP WIDTH="16" VPOS="1556" HPOS="573"/>
							<String ID="string_234" HPOS="589" VPOS="1556" WIDTH="191" HEIGHT="30" WC="0.96" CONTENT="ledamöter"/><SP WIDTH="18" VPOS="1556" HPOS="780"/>
							<String ID="string_235" HPOS="798" VPOS="1557" WIDTH="108" HEIGHT="29" WC="0.95" CONTENT="innan"/><SP WIDTH="18" VPOS="1557" HPOS="906"/>
							<String ID="string_236" HPOS="924" VPOS="1558" WIDTH="41" HEIGHT="29" WC="0.96" CONTENT="de"/><SP WIDTH="17" VPOS="1558" HPOS="965"/>
							<String ID="string_237" HPOS="982" VPOS="1558" WIDTH="117" HEIGHT="29" WC="0.96" CONTENT="träder"/><SP WIDTH="18" VPOS="1558" HPOS="1099"/>
							<String ID="string_238" HPOS="1117" VPOS="1559" WIDTH="11" HEIGHT="29" WC="0.97" CONTENT="i"/><SP WIDTH="17" VPOS="1559" HPOS="1128"/>
							<String ID="string_239" HPOS="1145" VPOS="1558" WIDTH="166" HEIGHT="30" WC="0.96" CONTENT="funktion"/><SP WIDTH="17" VPOS="1558" HPOS="1311"/>
							<String ID="string_240" HPOS="1328" VPOS="1558" WIDTH="122" HEIGHT="30" WC="0.96" CONTENT="bereds"/><SP WIDTH="19" VPOS="1558" HPOS="1450"/>
							<String ID="string_241" HPOS="1469" VPOS="1558" WIDTH="182" HEIGHT="40" WC="0.96" CONTENT="möjlighet"/><SP WIDTH="17" VPOS="1558" HPOS="1651"/>
							<String ID="string_242" HPOS="1668" VPOS="1560" WIDTH="50" HEIGHT="28" WC="0.96" CONTENT="att"/>
						</TextLine>
						<TextLine ID="line_26" HPOS="232" VPOS="1609" WIDTH="1487" HEIGHT="43">
							<String ID="string_243" HPOS="232" VPOS="1609" WIDTH="88" HEIGHT="39" WC="0.93" CONTENT="följa"/><SP WIDTH="20" VPOS="1609" HPOS="320"/>
							<String ID="string_244" HPOS="340" VPOS="1609" WIDTH="411" HEIGHT="40" WC="0.92" CONTENT="prövningsförfarandet"/><SP WIDTH="22" VPOS="1609" HPOS="751"/>
							<String ID="string_245" HPOS="773" VPOS="1611" WIDTH="54" HEIGHT="30" WC="0.96" CONTENT="för"/><SP WIDTH="22" VPOS="1611" HPOS="827"/>
							<String ID="string_246" HPOS="849" VPOS="1621" WIDTH="42" HEIGHT="20" WC="0.96" CONTENT="en"/><SP WIDTH="21" VPOS="1621" HPOS="891"/>
							<String ID="string_247" HPOS="912" VPOS="1619" WIDTH="112" HEIGHT="32" WC="0.96" CONTENT="grupp"/><SP WIDTH="21" VPOS="1619" HPOS="1024"/>
							<String ID="string_248" HPOS="1045" VPOS="1612" WIDTH="236" HEIGHT="40" WC="0.96" CONTENT="värnpliktiga"/><SP WIDTH="20" VPOS="1612" HPOS="1281"/>
							<String ID="string_249" HPOS="1301" VPOS="1613" WIDTH="65" HEIGHT="29" WC="0.96" CONTENT="och"/><SP WIDTH="22" VPOS="1613" HPOS="1366"/>
							<String ID="string_250" HPOS="1388" VPOS="1612" WIDTH="122" HEIGHT="30" WC="0.96" CONTENT="därvid"/><SP WIDTH="22" VPOS="1612" HPOS="1510"/>
							<String ID="string_251" HPOS="1532" VPOS="1613" WIDTH="35" HEIGHT="29" WC="0.96" CONTENT="få"/><SP WIDTH="22" VPOS="1613" HPOS="1567"/>
							<String ID="string_252" HPOS="1589" VPOS="1613" WIDTH="130" HEIGHT="29" WC="0.96" CONTENT="inblick"/>
						</TextLine>
						<TextLine ID="line_27" HPOS="231" VPOS="1663" WIDTH="1487" HEIGHT="43">
							<String ID="string_253" HPOS="231" VPOS="1663" WIDTH="11" HEIGHT="29" WC="0.97" CONTENT="i"/><SP WIDTH="26" VPOS="1663" HPOS="242"/>
							<String ID="string_254" HPOS="268" VPOS="1663" WIDTH="65" HEIGHT="30" WC="0.96" CONTENT="den"/><SP WIDTH="25" VPOS="1663" HPOS="333"/>
							<String ID="string_255" HPOS="358" VPOS="1664" WIDTH="184" HEIGHT="39" WC="0.96" CONTENT="praktiska"/><SP WIDTH="25" VPOS="1664" HPOS="542"/>
							<String ID="string_256" HPOS="567" VPOS="1664" WIDTH="263" HEIGHT="40" WC="0.96" CONTENT="utformningen"/><SP WIDTH="26" VPOS="1664" HPOS="830"/>
							<String ID="string_257" HPOS="856" VPOS="1674" WIDTH="42" HEIGHT="20" WC="0.96" CONTENT="av"/><SP WIDTH="25" VPOS="1674" HPOS="898"/>
							<String ID="string_258" HPOS="923" VPOS="1665" WIDTH="114" HEIGHT="31" WC="0.96" CONTENT="denna"/><SP WIDTH="25" VPOS="1665" HPOS="1037"/>
							<String ID="string_259" HPOS="1062" VPOS="1665" WIDTH="54" HEIGHT="29" WC="0.96" CONTENT="del"/><SP WIDTH="27" VPOS="1665" HPOS="1116"/>
							<String ID="string_260" HPOS="1143" VPOS="1676" WIDTH="42" HEIGHT="20" WC="0.93" CONTENT="av"/><SP WIDTH="24" VPOS="1676" HPOS="1185"/>
							<String ID="string_261" HPOS="1209" VPOS="1665" WIDTH="509" HEIGHT="41" WC="0.92" CONTENT="inskrivningsförrättningen."/>
						</TextLine>
						<TextLine ID="line_28" HPOS="232" VPOS="1716" WIDTH="1488" HEIGHT="44">
							<String ID="string_262" HPOS="232" VPOS="1716" WIDTH="176" HEIGHT="31" WC="0.96" CONTENT="Eftersom"/><SP WIDTH="22" VPOS="1716" HPOS="408"/>
							<String ID="string_263" HPOS="430" VPOS="1717" WIDTH="239" HEIGHT="30" WC="0.96" CONTENT="ledamöterna"/><SP WIDTH="23" VPOS="1717" HPOS="669"/>
							<String ID="string_264" HPOS="692" VPOS="1719" WIDTH="196" HEIGHT="29" WC="0.96" CONTENT="sedermera"/><SP WIDTH="23" VPOS="1719" HPOS="888"/>
							<String ID="string_265" HPOS="911" VPOS="1719" WIDTH="88" HEIGHT="30" WC="0.96" CONTENT="skall"/><SP WIDTH="23" VPOS="1719" HPOS="999"/>
							<String ID="string_266" HPOS="1022" VPOS="1719" WIDTH="170" HEIGHT="39" WC="0.95" CONTENT="objektivt"/><SP WIDTH="22" VPOS="1719" HPOS="1192"/>
							<String ID="string_267" HPOS="1214" VPOS="1721" WIDTH="108" HEIGHT="38" WC="0.96" CONTENT="pröva"/><SP WIDTH="23" VPOS="1721" HPOS="1322"/>
							<String ID="string_268" HPOS="1345" VPOS="1720" WIDTH="123" HEIGHT="40" WC="0.96" CONTENT="frågan"/><SP WIDTH="23" VPOS="1720" HPOS="1468"/>
							<String ID="string_269" HPOS="1491" VPOS="1730" WIDTH="57" HEIGHT="20" WC="0.93" CONTENT="om"/><SP WIDTH="22" VPOS="1730" HPOS="1548"/>
							<String ID="string_270" HPOS="1570" VPOS="1720" WIDTH="150" HEIGHT="30" WC="0.92" CONTENT="inskriv-"/>
						</TextLine>
						<TextLine ID="line_29" HPOS="232" VPOS="1771" WIDTH="1486" HEIGHT="42">
							<String ID="string_271" HPOS="232" VPOS="1771" WIDTH="84" HEIGHT="39" WC="0.96" CONTENT="ning"/><SP WIDTH="22" VPOS="1771" HPOS="316"/>
							<String ID="string_272" HPOS="338" VPOS="1771" WIDTH="64" HEIGHT="29" WC="0.96" CONTENT="och"/><SP WIDTH="22" VPOS="1771" HPOS="402"/>
							<String ID="string_273" HPOS="424" VPOS="1771" WIDTH="185" HEIGHT="41" WC="0.95" CONTENT="uttagning"/><SP WIDTH="22" VPOS="1771" HPOS="609"/>
							<String ID="string_274" HPOS="631" VPOS="1781" WIDTH="41" HEIGHT="21" WC="0.96" CONTENT="av"/><SP WIDTH="22" VPOS="1781" HPOS="672"/>
							<String ID="string_275" HPOS="694" VPOS="1772" WIDTH="79" HEIGHT="31" WC="0.93" CONTENT="hela"/><SP WIDTH="21" VPOS="1772" HPOS="773"/>
							<String ID="string_276" HPOS="794" VPOS="1773" WIDTH="357" HEIGHT="40" WC="0.92" CONTENT="värnpliktsgruppen"/><SP WIDTH="22" VPOS="1773" HPOS="1151"/>
							<String ID="string_277" HPOS="1173" VPOS="1774" WIDTH="63" HEIGHT="30" WC="0.96" CONTENT="bör"/><SP WIDTH="22" VPOS="1774" HPOS="1236"/>
							<String ID="string_278" HPOS="1258" VPOS="1773" WIDTH="41" HEIGHT="30" WC="0.96" CONTENT="de"/><SP WIDTH="24" VPOS="1773" HPOS="1299"/>
							<String ID="string_279" HPOS="1323" VPOS="1774" WIDTH="88" HEIGHT="30" WC="0.96" CONTENT="dock"/><SP WIDTH="23" VPOS="1774" HPOS="1411"/>
							<String ID="string_280" HPOS="1434" VPOS="1774" WIDTH="71" HEIGHT="30" WC="0.96" CONTENT="inte"/><SP WIDTH="23" VPOS="1774" HPOS="1505"/>
							<String ID="string_281" HPOS="1528" VPOS="1774" WIDTH="74" HEIGHT="30" WC="0.93" CONTENT="inta"/><SP WIDTH="23" VPOS="1774" HPOS="1602"/>
							<String ID="string_282" HPOS="1625" VPOS="1774" WIDTH="93" HEIGHT="30" WC="0.92" CONTENT="ställ-"/>
						</TextLine>
						<TextLine ID="line_30" HPOS="231" VPOS="1825" WIDTH="1487" HEIGHT="42">
							<String ID="string_283" HPOS="231" VPOS="1825" WIDTH="128" HEIGHT="38" WC="0.96" CONTENT="ningen"/><SP WIDTH="18" VPOS="1825" HPOS="359"/>
							<String ID="string_284" HPOS="377" VPOS="1834" WIDTH="42" HEIGHT="21" WC="0.96" CONTENT="av"/><SP WIDTH="17" VPOS="1834" HPOS="419"/>
							<String ID="string_285" HPOS="436" VPOS="1825" WIDTH="104" HEIGHT="39" WC="0.96" CONTENT="något"/><SP WIDTH="19" VPOS="1825" HPOS="540"/>
							<String ID="string_286" HPOS="559" VPOS="1825" WIDTH="90" HEIGHT="40" WC="0.96" CONTENT="slags"/><SP WIDTH="17" VPOS="1825" HPOS="649"/>
							<String ID="string_287" HPOS="666" VPOS="1826" WIDTH="181" HEIGHT="39" WC="0.96" CONTENT="rådgivare"/><SP WIDTH="19" VPOS="1826" HPOS="847"/>
							<String ID="string_288" HPOS="866" VPOS="1828" WIDTH="34" HEIGHT="29" WC="0.96" CONTENT="åt"/><SP WIDTH="19" VPOS="1828" HPOS="900"/>
							<String ID="string_289" HPOS="919" VPOS="1827" WIDTH="160" HEIGHT="30" WC="0.96" CONTENT="enskilda"/><SP WIDTH="16" VPOS="1827" HPOS="1079"/>
							<String ID="string_290" HPOS="1095" VPOS="1827" WIDTH="245" HEIGHT="40" WC="0.96" CONTENT="värnpliktiga."/><SP WIDTH="18" VPOS="1827" HPOS="1340"/>
							<String ID="string_291" HPOS="1358" VPOS="1828" WIDTH="176" HEIGHT="30" WC="0.93" CONTENT="Utskottet"/><SP WIDTH="19" VPOS="1828" HPOS="1534"/>
							<String ID="string_292" HPOS="1553" VPOS="1829" WIDTH="165" HEIGHT="29" WC="0.92" CONTENT="förutsät-"/>
						</TextLine>
						<TextLine ID="line_31" HPOS="230" VPOS="1879" WIDTH="1489" HEIGHT="41">
							<String ID="string_293" HPOS="230" VPOS="1879" WIDTH="52" HEIGHT="28" WC="0.96" CONTENT="ter"/><SP WIDTH="18" VPOS="1879" HPOS="282"/>
							<String ID="string_294" HPOS="300" VPOS="1880" WIDTH="50" HEIGHT="28" WC="0.93" CONTENT="att"/><SP WIDTH="17" VPOS="1880" HPOS="350"/>
							<String ID="string_295" HPOS="367" VPOS="1879" WIDTH="318" HEIGHT="39" WC="0.91" CONTENT="värnpliktsverket"/><SP WIDTH="18" VPOS="1879" HPOS="685"/>
							<String ID="string_296" HPOS="703" VPOS="1880" WIDTH="114" HEIGHT="30" WC="0.96" CONTENT="vidtar"/><SP WIDTH="15" VPOS="1880" HPOS="817"/>
							<String ID="string_297" HPOS="832" VPOS="1880" WIDTH="164" HEIGHT="40" WC="0.96" CONTENT="åtgärder"/><SP WIDTH="19" VPOS="1880" HPOS="996"/>
							<String ID="string_298" HPOS="1015" VPOS="1881" WIDTH="38" HEIGHT="30" WC="0.96" CONTENT="så"/><SP WIDTH="17" VPOS="1881" HPOS="1053"/>
							<String ID="string_299" HPOS="1070" VPOS="1882" WIDTH="49" HEIGHT="29" WC="0.96" CONTENT="att"/><SP WIDTH="19" VPOS="1882" HPOS="1119"/>
							<String ID="string_300" HPOS="1138" VPOS="1882" WIDTH="42" HEIGHT="29" WC="0.96" CONTENT="de"/><SP WIDTH="18" VPOS="1882" HPOS="1180"/>
							<String ID="string_301" HPOS="1198" VPOS="1881" WIDTH="101" HEIGHT="30" WC="0.93" CONTENT="civila"/><SP WIDTH="18" VPOS="1881" HPOS="1299"/>
							<String ID="string_302" HPOS="1317" VPOS="1881" WIDTH="373" HEIGHT="31" WC="0.91" CONTENT="nämndledamöterna"/><SP WIDTH="18" VPOS="1881" HPOS="1690"/>
							<String ID="string_303" HPOS="1708" VPOS="1882" WIDTH="11" HEIGHT="29" WC="0.97" CONTENT="i"/>
						</TextLine>
						<TextLine ID="line_32" HPOS="231" VPOS="1931" WIDTH="1487" HEIGHT="44">
							<String ID="string_304" HPOS="231" VPOS="1931" WIDTH="151" HEIGHT="40" WC="0.96" CONTENT="enlighet"/><SP WIDTH="22" VPOS="1931" HPOS="382"/>
							<String ID="string_305" HPOS="404" VPOS="1933" WIDTH="79" HEIGHT="29" WC="0.96" CONTENT="med"/><SP WIDTH="22" VPOS="1933" HPOS="483"/>
							<String ID="string_306" HPOS="505" VPOS="1932" WIDTH="56" HEIGHT="30" WC="0.96" CONTENT="det"/><SP WIDTH="23" VPOS="1932" HPOS="561"/>
							<String ID="string_307" HPOS="584" VPOS="1933" WIDTH="106" HEIGHT="40" WC="0.96" CONTENT="sagda"/><SP WIDTH="23" VPOS="1933" HPOS="690"/>
							<String ID="string_308" HPOS="713" VPOS="1934" WIDTH="54" HEIGHT="30" WC="0.96" CONTENT="får"/><SP WIDTH="22" VPOS="1934" HPOS="767"/>
							<String ID="string_309" HPOS="789" VPOS="1934" WIDTH="183" HEIGHT="40" WC="0.96" CONTENT="möjlighet"/><SP WIDTH="22" VPOS="1934" HPOS="972"/>
							<String ID="string_310" HPOS="994" VPOS="1934" WIDTH="88" HEIGHT="41" WC="0.93" CONTENT="följa"/><SP WIDTH="21" VPOS="1934" HPOS="1082"/>
							<String ID="string_311" HPOS="1103" VPOS="1935" WIDTH="460" HEIGHT="40" WC="0.92" CONTENT="prövningsverksamheten"/><SP WIDTH="21" VPOS="1935" HPOS="1563"/>
							<String ID="string_312" HPOS="1584" VPOS="1936" WIDTH="58" HEIGHT="30" WC="0.92" CONTENT="vid"/><SP WIDTH="22" VPOS="1936" HPOS="1642"/>
							<String ID="string_313" HPOS="1664" VPOS="1945" WIDTH="54" HEIGHT="21" WC="0.90" CONTENT="ve-"/>
						</TextLine>
						<TextLine ID="line_33" HPOS="231" VPOS="1985" WIDTH="1487" HEIGHT="45">
							<String ID="string_314" HPOS="231" VPOS="1985" WIDTH="215" HEIGHT="31" WC="0.91" CONTENT="derbörande"/><SP WIDTH="27" VPOS="1985" HPOS="446"/>
							<String ID="string_315" HPOS="473" VPOS="1986" WIDTH="382" HEIGHT="40" WC="0.91" CONTENT="inskrivningscentral."/><SP WIDTH="27" VPOS="1986" HPOS="855"/>
							<String ID="string_316" HPOS="882" VPOS="1988" WIDTH="109" HEIGHT="39" WC="0.96" CONTENT="Något"/><SP WIDTH="26" VPOS="1988" HPOS="991"/>
							<String ID="string_317" HPOS="1017" VPOS="1988" WIDTH="207" HEIGHT="40" WC="0.96" CONTENT="riksdagens"/><SP WIDTH="25" VPOS="1988" HPOS="1224"/>
							<String ID="string_318" HPOS="1249" VPOS="1989" WIDTH="151" HEIGHT="29" WC="0.95" CONTENT="initiativ"/><SP WIDTH="26" VPOS="1989" HPOS="1400"/>
							<String ID="string_319" HPOS="1426" VPOS="1989" WIDTH="11" HEIGHT="29" WC="0.96" CONTENT="i"/><SP WIDTH="26" VPOS="1989" HPOS="1437"/>
							<String ID="string_320" HPOS="1463" VPOS="1990" WIDTH="188" HEIGHT="40" WC="0.96" CONTENT="anledning"/><SP WIDTH="26" VPOS="1990" HPOS="1651"/>
							<String ID="string_321" HPOS="1677" VPOS="1999" WIDTH="41" HEIGHT="20" WC="0.96" CONTENT="av"/>
						</TextLine>
						<TextLine ID="line_34" HPOS="230" VPOS="2039" WIDTH="498" HEIGHT="41">
							<String ID="string_322" HPOS="230" VPOS="2039" WIDTH="177" HEIGHT="30" WC="0.96" CONTENT="motionen"/><SP WIDTH="16" VPOS="2039" HPOS="407"/>
							<String ID="string_323" HPOS="423" VPOS="2041" WIDTH="38" HEIGHT="29" WC="0.96" CONTENT="är"/><SP WIDTH="15" VPOS="2041" HPOS="461"/>
							<String ID="string_324" HPOS="476" VPOS="2041" WIDTH="70" HEIGHT="29" WC="0.96" CONTENT="inte"/><SP WIDTH="16" VPOS="2041" HPOS="546"/>
							<String ID="string_325" HPOS="562" VPOS="2041" WIDTH="166" HEIGHT="39" WC="0.96" CONTENT="påkallat."/>
						</TextLine>
					</TextBlock>
					<TextBlock ID="block_5" HPOS="274" VPOS="2093" WIDTH="404" HEIGHT="35">
						<TextLine ID="line_35" HPOS="274" VPOS="2093" WIDTH="404" HEIGHT="35">
							<String ID="string_326" HPOS="274" VPOS="2093" WIDTH="175" HEIGHT="29" WC="0.96" CONTENT="Utskottet"/><SP WIDTH="18" VPOS="2093" HPOS="449"/>
							<String ID="string_327" HPOS="467" VPOS="2093" WIDTH="211" HEIGHT="35" WC="0.95" CONTENT="hemställer,"/>
						</TextLine>
					</TextBlock>
					<TextBlock ID="block_6" HPOS="539" VPOS="2148" WIDTH="1177" HEIGHT="148">
						<TextLine ID="line_36" HPOS="584" VPOS="2148" WIDTH="868" HEIGHT="42">
							<String ID="string_328" HPOS="584" VPOS="2148" WIDTH="38" HEIGHT="29" WC="0.87" CONTENT="A."/><SP WIDTH="27" VPOS="2148" HPOS="622"/>
							<String ID="string_329" HPOS="649" VPOS="2151" WIDTH="49" HEIGHT="28" WC="0.96" CONTENT="att"/><SP WIDTH="13" VPOS="2151" HPOS="698"/>
							<String ID="string_330" HPOS="711" VPOS="2150" WIDTH="188" HEIGHT="39" WC="0.96" CONTENT="riksdagen"/><SP WIDTH="14" VPOS="2150" HPOS="899"/>
							<String ID="string_331" HPOS="913" VPOS="2150" WIDTH="138" HEIGHT="30" WC="0.96" CONTENT="bifaller"/><SP WIDTH="13" VPOS="2150" HPOS="1051"/>
							<String ID="string_332" HPOS="1064" VPOS="2151" WIDTH="264" HEIGHT="39" WC="0.95" CONTENT="propositionen"/><SP WIDTH="12" VPOS="2151" HPOS="1328"/>
							<String ID="string_333" HPOS="1340" VPOS="2161" WIDTH="42" HEIGHT="20" WC="0.96" CONTENT="nr"/><SP WIDTH="14" VPOS="2161" HPOS="1382"/>
							<String ID="string_334" HPOS="1396" VPOS="2151" WIDTH="56" HEIGHT="35" WC="0.96" CONTENT="82;"/>
						</TextLine>
						<TextLine ID="line_37" HPOS="584" VPOS="2202" WIDTH="1132" HEIGHT="43">
							<String ID="string_335" HPOS="584" VPOS="2202" WIDTH="36" HEIGHT="29" WC="0.91" CONTENT="B."/><SP WIDTH="26" VPOS="2202" HPOS="620"/>
							<String ID="string_336" HPOS="646" VPOS="2204" WIDTH="50" HEIGHT="28" WC="0.96" CONTENT="att"/><SP WIDTH="18" VPOS="2204" HPOS="696"/>
							<String ID="string_337" HPOS="714" VPOS="2203" WIDTH="178" HEIGHT="30" WC="0.96" CONTENT="motionen"/><SP WIDTH="18" VPOS="2203" HPOS="892"/>
							<String ID="string_338" HPOS="910" VPOS="2204" WIDTH="45" HEIGHT="29" WC="0.95" CONTENT="II:"/><SP WIDTH="19" VPOS="2204" HPOS="955"/>
							<String ID="string_339" HPOS="974" VPOS="2203" WIDTH="81" HEIGHT="30" WC="0.95" CONTENT="1173"/><SP WIDTH="19" VPOS="2203" HPOS="1055"/>
							<String ID="string_340" HPOS="1074" VPOS="2205" WIDTH="72" HEIGHT="29" WC="0.96" CONTENT="inte"/><SP WIDTH="18" VPOS="2205" HPOS="1146"/>
							<String ID="string_341" HPOS="1164" VPOS="2205" WIDTH="198" HEIGHT="30" WC="0.96" CONTENT="föranleder"/><SP WIDTH="18" VPOS="2205" HPOS="1362"/>
							<String ID="string_342" HPOS="1380" VPOS="2205" WIDTH="114" HEIGHT="40" WC="0.96" CONTENT="någon"/><SP WIDTH="17" VPOS="2205" HPOS="1494"/>
							<String ID="string_343" HPOS="1511" VPOS="2205" WIDTH="205" HEIGHT="40" WC="0.96" CONTENT="riksdagens"/>
						</TextLine>
						<TextLine ID="line_38" HPOS="539" VPOS="2257" WIDTH="131" HEIGHT="39">
							<String ID="string_344" HPOS="539" VPOS="2257" WIDTH="131" HEIGHT="39" WC="0.96" CONTENT="åtgärd."/>
						</TextLine>
					</TextBlock>
					<TextBlock ID="block_7" HPOS="274" VPOS="2309" WIDTH="516" HEIGHT="41">
						<TextLine ID="line_39" HPOS="274" VPOS="2309" WIDTH="516" HEIGHT="41">
							<String ID="string_345" HPOS="274" VPOS="2309" WIDTH="200" HEIGHT="30" WC="0.96" CONTENT="Stockholm"/><SP WIDTH="19" VPOS="2309" HPOS="474"/>
							<String ID="string_346" HPOS="493" VPOS="2310" WIDTH="66" HEIGHT="29" WC="0.96" CONTENT="den"/><SP WIDTH="18" VPOS="2310" HPOS="559"/>
							<String ID="string_347" HPOS="577" VPOS="2311" WIDTH="18" HEIGHT="29" WC="0.96" CONTENT="6"/><SP WIDTH="20" VPOS="2311" HPOS="595"/>
							<String ID="string_348" HPOS="615" VPOS="2311" WIDTH="69" HEIGHT="39" WC="0.96" CONTENT="maj"/><SP WIDTH="24" VPOS="2311" HPOS="684"/>
							<String ID="string_349" HPOS="708" VPOS="2311" WIDTH="82" HEIGHT="29" WC="0.96" CONTENT="1969"/>
						</TextLine>
					</TextBlock>
				</ComposedBlock>
				<ComposedBlock ID="cblock_2" HPOS="660" VPOS="2419" WIDTH="623" HEIGHT="41">
					<TextBlock ID="block_8" HPOS="660" VPOS="2419" WIDTH="623" HEIGHT="41">
						<TextLine ID="line_40" HPOS="660" VPOS="2419" WIDTH="623" HEIGHT="41">
							<String ID="string_350" HPOS="660" VPOS="2419" WIDTH="49" HEIGHT="30" WC="0.96" CONTENT="På"/><SP WIDTH="25" VPOS="2419" HPOS="709"/>
							<String ID="string_351" HPOS="734" VPOS="2419" WIDTH="110" HEIGHT="30" WC="0.93" CONTENT="andra"/><SP WIDTH="24" VPOS="2419" HPOS="844"/>
							<String ID="string_352" HPOS="868" VPOS="2420" WIDTH="245" HEIGHT="40" WC="0.91" CONTENT="lagutskottets"/><SP WIDTH="25" VPOS="2420" HPOS="1113"/>
							<String ID="string_353" HPOS="1138" VPOS="2421" WIDTH="145" HEIGHT="39" WC="0.96" CONTENT="vägnar:"/>
						</TextLine>
					</TextBlock>
				</ComposedBlock>
				<ComposedBlock ID="cblock_3" HPOS="812" VPOS="2491" WIDTH="318" HEIGHT="31">
					<TextBlock ID="block_9" HPOS="812" VPOS="2491" WIDTH="318" HEIGHT="31">
						<TextLine ID="line_41" HPOS="812" VPOS="2491" WIDTH="318" HEIGHT="31">
							<String ID="string_354" HPOS="812" VPOS="2491" WIDTH="118" HEIGHT="30" WC="0.95" CONTENT="AXEL"/><SP WIDTH="26" VPOS="2491" HPOS="930"/>
							<String ID="string_355" HPOS="956" VPOS="2492" WIDTH="174" HEIGHT="30" WC="0.95" CONTENT="STRAND"/>
						</TextLine>
					</TextBlock>
				</ComposedBlock>
			</PrintSpace>
		</Page>
	</Layout>
</alto>
