1860 2792
410 163 391 30 Jordbruksutskottets
821 161 178 30 utlåtande
1018 170 44 20 nr
1083 161 39 29 12
1140 161 40 29 år
1201 161 82 29 1959
1583 159 18 30 9

98 247 166 39 åtgärden
286 245 168 31 framstår
476 255 76 20 som
575 245 223 30 ekonomiskt
820 244 185 39 försvarlig
1027 243 80 30 med
1128 244 139 38 hänsyn
1288 242 52 30 till
1362 242 66 30 den
1452 242 146 30 förbätt-

98 297 76 40 ring
200 307 41 20 av
267 296 366 39 brukningsenhetens
661 295 269 30 driftsekonomi
956 294 65 30 och
1047 293 196 30 brukarens
1270 292 328 40 försörjningsmöj-

98 348 146 39 ligheter
263 356 76 21 som
358 347 167 40 åtgärden
545 347 72 29 kan
637 345 182 30 förväntas
839 344 169 31 medföra.

141 398 216 40 Statsbidrag
386 398 107 39 enligt
522 395 539 41 rationaliseringskungörelsen
1090 394 57 30 må
1177 394 54 30 för
1260 393 146 31 berörda
1437 392 165 31 ändamål

98 449 82 40 utgå
204 450 147 29 allenast
376 448 52 30 till
453 447 140 31 enskild
617 456 128 31 person
771 455 75 22 som
872 447 79 39 äger
976 446 84 30 eller
1084 445 132 30 brukar
1240 442 363 42 jordbruksfastighet

96 502 65 29 och
179 500 111 29 under
308 498 255 40 förutsättning
582 500 50 28 att
650 498 196 29 brukarens
865 496 231 31 ekonomiska
1115 495 166 39 ställning
1300 495 30 39 ej
1353 495 38 29 är
1410 494 38 31 så
1467 494 66 40 god
1553 496 50 28 att

96 551 70 29 han
186 550 155 40 tydligen
361 550 29 39 ej
415 550 37 29 är
472 549 11 30 i
503 549 112 30 behov
635 558 42 20 av
695 548 123 39 bidrag
838 547 55 30 för
913 549 50 28 att
983 546 119 30 utföra
1122 545 178 41 åtgärden.
1321 546 59 30 Ett
1401 546 108 29 annat
1528 544 76 30 vill-

95 602 65 29 kor
183 602 37 29 är
242 603 50 27 att
313 599 349 40 brukningsenheten
683 598 30 40 ej
738 598 196 30 innehåller
955 607 75 20 mer
1053 598 44 29 än
1119 597 41 30 20
1183 596 125 30 hektar
1330 596 84 30 åker
1437 598 91 28 samt
1550 595 51 30 till

96 652 83 30 åker
199 651 194 30 omräknad
414 651 101 39 ängs-
534 650 66 29 och
619 649 200 30 betesmark
839 649 93 34 eller,
952 648 117 29 därest
1089 646 347 40 brukningsenheten
1458 647 38 28 är
1517 646 85 29 stör-

96 712 47 24 re,
167 704 49 28 att
240 702 206 29 densamma
468 701 45 39 på
537 700 114 39 grund
675 709 41 20 av
740 699 136 30 mindre
900 698 144 40 lämplig
1069 698 91 29 form
1185 698 81 29 eller
1291 696 247 31 beskaffenhet
1562 705 41 20 ur

96 751 399 40 lönsamhetssynpunkt
516 751 30 39 ej
572 752 38 28 är
630 750 112 30 bättre
764 751 44 28 än
830 759 42 20 en
894 748 261 40 genomsnittlig
1177 747 195 40 bärkraftig
1393 746 211 40 bruknings-

96 803 103 30 enhet
218 803 111 29 under
349 802 154 30 nämnda
524 801 211 39 arealgräns.
757 799 251 39 Statsbidraget
1030 799 90 30 skall
1141 808 74 21 som
1235 798 91 40 regel
1346 798 84 39 utgå
1450 797 78 30 med
1549 797 54 30 be-

96 854 82 39 lopp
199 852 246 31 motsvarande
467 852 40 30 25
529 853 145 38 procent
696 861 42 20 av
759 851 68 29 den
848 850 186 40 godkända
1056 849 197 30 kostnaden
1274 858 71 30 upp
1367 848 53 30 till
1443 850 48 28 ett
1514 857 90 20 sam-

96 904 156 39 manlagt
277 902 298 40 kostnadsbelopp
601 911 42 21 av
669 902 39 29 15
723 901 63 30 000
812 901 129 29 kronor
967 901 65 29 och
1059 900 39 29 15
1122 901 145 38 procent
1293 909 42 20 av
1359 898 245 40 överskjutan-

101 954 42 30 de
157 954 160 30 kostnad.
334 954 65 29 Det
415 953 266 39 sammanlagda
696 951 304 40 bidragsbeloppet
1016 950 55 30 för
1085 950 229 30 anordnande
1330 959 43 20 av
1388 949 213 39 förvarings-

97 1007 200 37 utrymmen
319 1004 55 30 för
393 1004 130 39 potatis
544 1003 59 30 må
622 1003 110 39 jämte
754 1002 195 30 eventuella
969 1001 122 39 bidrag
1113 1001 52 29 till
1188 1000 220 40 uppförande
1430 1000 83 30 eller
1535 999 70 30 för-

98 1054 154 40 bättring
271 1064 42 20 av
332 1053 365 40 ekonomibyggnader
717 1053 64 29 och
802 1052 112 30 andra
932 1051 92 30 fasta
1045 1051 253 40 anläggningar
1318 1050 55 30 för
1390 1049 209 40 jordbruks-

97 1105 131 30 driften
246 1105 54 30 för
316 1114 44 21 en
377 1104 65 30 och
460 1113 136 21 samma
612 1103 303 39 brukningsenhet
932 1102 152 30 normalt
1102 1102 30 39 ej
1154 1101 116 40 uppgå
1286 1101 53 29 till
1357 1110 73 20 mer
1449 1101 43 28 än
1509 1100 15 29 7
1541 1099 62 30 000

98 1157 139 28 kronor.
260 1155 169 39 Vanligen
452 1154 102 40 utgår
577 1153 246 40 statsbidraget
847 1153 115 30 såsom
986 1151 305 40 avskrivningslån
1314 1160 41 20 ur
1376 1150 228 40 jordbrukets

98 1205 423 40 avskrivningslånefond.

141 1257 52 29 En
213 1266 117 20 annan
350 1256 92 30 form
462 1265 42 20 av
524 1255 78 30 stöd
622 1255 80 30 från
722 1255 57 30 det
800 1254 197 30 allmännas
1018 1253 76 30 sida
1113 1253 35 30 åt
1169 1252 246 40 utbyggnaden
1436 1261 41 20 av
1499 1253 106 28 sorte-

97 1308 110 39 rings-
225 1307 67 30 och
311 1306 378 40 lagringskapaciteten
709 1306 102 38 utgör
832 1305 41 29 de
894 1304 140 40 statliga
1054 1303 314 40 lånegarantierna.

142 1358 116 39 Enligt
281 1356 539 39 rationaliseringskungörelsen
843 1356 70 29 kan
938 1355 98 39 dylik
1060 1354 137 40 garanti
1220 1353 146 40 beviljas
1391 1353 54 30 för
1469 1352 58 30 lån
1552 1353 52 29 till

97 1408 221 40 uppförande
340 1408 81 29 eller
443 1407 212 39 förbättring
676 1416 42 20 av
738 1408 201 37 utrymmen
961 1406 55 29 för
1039 1405 177 38 förvaring
1238 1414 42 19 av
1300 1403 139 40 potatis.
1461 1403 144 30 Liksom

99 1460 64 28 när
189 1458 56 30 det
272 1459 107 38 gäller
407 1457 213 39 statsbidrag
646 1456 58 30 må
730 1455 218 40 lånegaranti
976 1456 136 29 lämnas
1140 1455 124 29 endast
1291 1454 111 30 under
1431 1453 174 30 särskilda

98 1508 304 39 förutsättningar,
428 1507 185 30 däribland
638 1507 66 29 den
729 1509 50 28 att
803 1506 168 40 åtgärden
996 1505 168 30 framstår
1189 1514 73 20 som
1288 1504 223 30 ekonomiskt
1537 1503 69 30 för-

99 1559 137 36 svarlig.
255 1558 144 31 Garanti
418 1558 58 30 må
494 1557 148 39 beviljas
662 1566 106 21 envar
788 1558 101 38 ägare
909 1557 83 29 eller
1011 1556 152 30 brukare
1184 1565 41 20 av
1244 1554 362 40 jordbruksfastighet

99 1610 52 29 till
181 1611 48 28 ett
258 1610 125 38 högsta
411 1609 136 39 belopp,
578 1607 246 31 motsvarande
855 1607 67 29 den
952 1616 42 20 av
1024 1605 365 31 lantbruksnämnden
1420 1604 186 41 godkända

98 1660 207 30 kostnaden.
326 1659 163 39 Åtnjutes
511 1658 211 39 statsbidrag
744 1658 55 30 för
820 1657 178 40 åtgärden,
1021 1657 88 30 skall
1132 1657 56 29 det
1208 1656 124 40 belopp
1354 1655 55 30 för
1429 1656 108 30 vilket
1559 1655 46 30 lå-

99 1710 182 39 negaranti
302 1710 136 29 lämnas
458 1709 160 30 minskas
639 1709 79 29 med
738 1708 314 39 bidragsbeloppet.

144 1761 101 29 Vissa
267 1760 111 30 andra
400 1760 265 29 bestämmelser
688 1768 56 20 om
770 1759 139 38 statliga
931 1758 258 39 lånegarantier
1212 1757 51 30 till
1288 1758 64 29 här
1375 1757 146 30 berörda
1548 1757 58 29 än-

103 1810 116 30 damål
246 1810 193 30 återfinnes
468 1810 10 29 i
507 1809 235 40 kungörelsen
772 1809 67 29 den
868 1810 16 29 7
914 1808 70 39 maj
1020 1808 83 30 1954
1137 1808 58 33 (nr
1225 1808 95 34 311),
1349 1808 107 38 enligt
1484 1807 118 29 vilken

102 1861 226 38 statsgaranti
352 1860 136 30 lämnas
512 1860 54 29 för
590 1860 59 29 lån
671 1868 76 21 som
769 1861 95 37 tages
886 1859 11 29 i
920 1859 138 28 enskild
1082 1857 311 39 kreditinrättning
1417 1857 54 30 för
1495 1856 106 30 bland

99 1914 107 27 annat
228 1911 230 39 uppförande,
479 1910 119 39 inköp,
620 1909 219 40 ombyggnad
861 1910 82 28 eller
963 1909 200 29 inrättande
1185 1917 41 20 av
1247 1907 257 39 uppsamlings-
1524 1907 82 29 eller

99 1961 298 39 centrallagerhus
416 1962 89 28 samt
524 1960 289 39 lagringskällare
832 1959 54 29 för
903 1959 141 40 potalis,
1063 1959 54 28 för
1137 1958 160 38 samtliga
1316 1958 73 38 slag
1408 1967 40 20 av
1468 1957 139 38 anlägg-

99 2011 125 39 ningar
241 2011 131 39 jämväl
393 2011 54 29 för
467 2010 118 30 därtill
605 2010 155 30 hörande
780 2009 185 30 maskinell
986 2009 214 38 utrustning.
1220 2008 232 39 Lånegaranti
1472 2008 59 29 må
1549 2017 58 19 en-

99 2062 78 29 dast
200 2061 151 30 erhållas
375 2071 41 19 av
440 2060 320 39 sammanslutning
784 2061 128 28 mellan
933 2059 120 30 odlare
1079 2059 110 29 under
1213 2058 263 39 förutsättning,
1500 2058 105 29 bland

101 2114 117 33 annat,
248 2114 50 27 att
327 2111 279 30 medlemmarna
633 2111 10 29 i
674 2110 365 39 sammanslutningen
1069 2109 110 29 bildat
1209 2108 206 30 ckonomisk
1446 2108 161 38 förening

99 2163 93 33 eller,
215 2171 56 20 om
294 2162 130 29 antalet
447 2161 220 39 understiger
690 2161 29 33 5,
741 2160 260 38 handelsbolag.
1026 2160 65 29 Om
1116 2159 174 30 särskilda
1313 2159 74 29 skäl
1412 2158 194 39 föreligger,

100 2212 57 29 må
179 2212 136 39 garanti
336 2211 45 40 på
401 2211 93 30 vissa
515 2211 128 29 villkor
664 2211 122 29 kunna
808 2210 146 39 beviljas
977 2211 86 28 även
1086 2219 117 20 annan
1226 2209 236 38 samfällighet
1486 2218 41 19 av
1549 2208 58 29 od-

101 2263 80 28 lare.
206 2261 257 39 Lånegarantin
489 2261 54 29 får
567 2261 31 38 ej
626 2270 78 20 avse
729 2260 106 38 högre
859 2260 124 38 belopp
1009 2261 43 27 än
1078 2268 75 20 som
1178 2261 195 27 motsvarar
1397 2259 41 28 85
1463 2261 141 36 procent

100 2321 41 20 av
162 2312 64 29 den
247 2311 198 29 beräknade
466 2311 64 29 och
551 2310 186 39 godkända
757 2310 196 29 kostnaden
975 2310 54 28 för
1050 2309 78 29 med
1150 2309 92 29 lånet
1263 2308 148 30 avsedda
1435 2308 171 38 åtgärder,

100 2361 104 39 utgift
223 2362 55 28 för
297 2362 86 28 tomt
401 2360 30 39 ej
452 2360 186 29 inräknad.
656 2360 161 29 Nämnda
836 2359 270 39 maximibelopp
1126 2359 88 29 skall
1235 2358 156 30 minskas
1410 2358 79 29 med
1508 2367 99 20 cven-

100 2411 100 29 tuellt
222 2410 211 39 statsbidrag
454 2410 50 30 till
528 2419 136 20 samma
684 2410 133 39 åtgärd.
839 2409 143 30 Garanti
1005 2409 53 29 får
1079 2409 30 39 ej
1134 2409 146 38 beviljas
1303 2409 53 28 för
1379 2408 56 29 lån
1458 2417 74 20 som
1556 2409 51 28 sö-

101 2461 137 30 kanden
266 2461 67 30 kan
360 2460 131 30 erhålla
518 2460 115 30 såsom
658 2460 190 29 bottenlån.
874 2461 64 28 Det
964 2459 141 38 stadgas
1129 2459 119 29 vidare
1274 2462 49 27 att
1349 2458 255 39 amorteringen
