1864 2796
424 171 389 30 Jordbruksutskottets
833 170 179 30 utlåtande
1032 180 43 19 nr
1095 171 39 29 12
1153 170 39 30 år
1214 170 83 30 1959
1595 169 19 30 5

109 256 81 29 dare
214 255 62 30 bör
300 255 179 39 undantag
503 255 140 39 stadgas
666 254 224 30 beträffande
913 254 129 39 potatis
1067 263 74 20 som
1167 254 89 29 skall
1282 253 179 30 användas
1484 252 57 31 vid
1565 252 51 30 fa-

109 305 231 40 briksmässig
366 306 82 29 eller
475 306 144 29 därmed
645 304 182 40 jämförlig
853 303 477 39 livsmedelsframställning.
1359 303 168 40 Slutligen
1554 303 62 29 bör

109 356 79 30 från
210 356 163 30 förbudet
394 356 221 39 undantagas
635 355 140 40 potatis,
798 364 74 21 som
895 354 189 31 saluhålles
1105 355 83 30 eller
1210 354 164 40 försäljes
1395 354 11 30 i
1427 354 85 30 kokt
1534 354 82 29 eller

109 407 209 30 annorledes
337 406 110 31 berett
469 407 110 33 skick,
600 407 176 33 ävensom,
797 406 11 29 i
828 406 98 39 varje
948 405 62 30 fall
1031 405 71 30 tills
1122 405 130 35 vidare,
1275 404 240 41 färskpotatis.
1537 404 80 30 Lik-

111 466 75 21 som
213 457 234 40 utredningen
475 466 102 21 anser
603 457 60 40 jag
690 457 58 29 det
775 456 86 30 böra
888 456 190 30 ankomma
1104 456 46 39 på
1177 455 360 40 lantbruksstyrelsen
1567 456 49 29 att

109 508 158 31 meddela
287 507 222 31 föreskrifter
529 517 56 21 om
605 508 67 29 vad
693 516 76 21 som
789 508 39 29 är
848 509 50 28 att
917 507 152 30 hänföra
1088 506 53 30 till
1162 506 241 40 färskpotatis.

153 559 76 30 Den
253 558 200 40 föreslagna
477 558 138 30 formen
640 558 54 30 för
719 557 346 40 marknadsskyddet
1090 557 35 30 åt
1150 557 68 30 den
1242 556 224 40 högklassiga
1491 556 126 40 potati-

111 618 60 21 sen
198 609 160 30 kommer
387 609 190 40 självfallet
605 608 30 40 ej
667 610 50 29 att
744 608 130 30 hindra
902 607 152 31 särskild
1081 607 289 40 klassangivning
1398 607 55 30 för
1482 607 135 31 SMAK-

109 660 116 29 märkt
244 669 95 20 vara.
360 659 210 40 Därigenom
590 659 62 30 bör
673 659 123 29 kunna
815 658 202 40 tillgodoses
1037 658 219 30 önskemålet
1277 660 50 28 att
1349 658 109 39 skapa
1478 660 48 27 ett
1547 657 70 30 fast

110 710 168 40 underlag
300 710 55 30 för
377 710 181 30 bestämda
580 709 253 30 kvalitetskrav
855 709 79 30 från
957 708 284 40 detaljhandelns
1264 709 65 29 och
1351 709 266 29 konsumenter-

111 770 63 20 nas
194 760 76 31 sida
288 760 59 30 vid
366 761 108 39 inköp
494 770 44 20 av
557 759 214 41 matpotatis.
792 759 176 30 Måhända
986 759 71 29 kan
1077 768 82 21 man
1179 758 158 40 påräkna
1358 760 50 28 att
1428 760 66 29 den
1514 759 9 29 i
1546 759 63 29 och

112 810 54 30 för
192 811 51 40 sig
269 810 362 31 eftersträvansvärda
657 810 245 39 utvecklingen
928 811 73 28 mot
1028 809 91 30 ökad
1146 809 194 30 förekomst
1368 818 42 20 av
1434 809 176 29 rationellt

109 861 124 30 drivna
258 861 506 40 förpackningsanläggningar
790 861 159 29 kommer
974 862 50 28 att
1051 860 200 30 stimuleras
1277 859 117 30 därav.

154 913 13 29 I
187 912 94 30 detta
302 912 255 39 sammanhang
576 912 58 29 vill
652 912 60 39 jag
731 911 127 30 betona
877 914 50 27 att
945 911 60 40 jag
1025 911 77 29 med
1123 911 66 29 den
1210 910 200 39 föreslagna
1428 910 189 30 konstruk-

111 963 116 29 tionen
251 972 41 20 av
316 962 343 40 marknadsskyddet
683 962 35 30 åt
742 963 201 38 garanterat
965 961 203 39 högklassig
1190 960 205 40 matpotatis
1419 960 75 30 icke
1519 969 97 21 avser

110 1015 49 27 att
181 1013 161 30 försvåra
364 1014 82 28 eller
468 1013 144 39 fördyra
633 1012 288 40 potatisinköpen
943 1012 54 29 för
1021 1013 40 29 de
1084 1012 253 29 konsumenter
1361 1020 74 21 som
1457 1010 160 30 efterfrå-

109 1072 61 31 gar
189 1063 205 40 matpotatis
414 1073 41 20 av
474 1063 155 34 kvalitet,
650 1072 74 21 som
745 1063 77 30 icke
842 1063 37 29 är
899 1062 45 40 på
964 1062 95 30 detta
1080 1063 67 29 sätt
1168 1062 219 39 garanterad.

153 1114 49 29 De
221 1113 505 40 författningsbestämmelser,
746 1122 74 21 som
840 1112 198 30 föranledes
1057 1122 42 21 av
1116 1112 67 30 vad
1200 1112 60 40 jag
1278 1121 48 20 nu
1346 1112 189 39 föreslagit,
1549 1113 68 28 tor-

109 1165 41 29 de
171 1164 85 30 böra
278 1164 174 30 utformas
473 1164 11 29 i
506 1165 86 29 nära
614 1163 204 40 anslutning
840 1163 52 30 till
914 1163 353 39 livsmedelsstadgan
1287 1172 80 20 men
1390 1162 194 40 inrymmas
1605 1162 11 29 i

108 1225 44 20 en
174 1215 152 30 särskild
347 1215 218 39 kungörelse.
588 1214 112 31 Sedan
722 1214 189 39 tillräcklig
932 1213 200 31 erfarenhet
1153 1213 144 30 vunnits
1319 1223 57 20 om
1398 1213 218 30 bestämmel-

110 1275 120 21 sernas
250 1265 222 40 verkningar,
493 1266 71 29 kan
584 1265 194 29 emellertid
798 1267 99 37 tagas
917 1264 113 30 under
1050 1264 239 39 övervägande
1311 1266 50 29 att
1382 1264 159 30 överföra
1561 1264 54 29 be-

111 1315 268 31 stämmelserna
401 1316 54 29 till
478 1314 360 40 livsmedelsstadgan.
864 1314 259 31 Överträdelser
1148 1324 42 20 av
1213 1314 311 30 bestämmelserna
1549 1314 62 29 bör

110 1375 83 21 vara
213 1365 147 40 belagda
380 1366 79 29 med
480 1375 135 21 samma
634 1365 177 41 påföljder
832 1374 76 20 som
928 1365 212 29 föreskrives
1159 1365 11 29 i
1193 1365 61 30 108
1278 1364 15 37 $
1317 1364 293 30 livsmedelsstad-

110 1424 76 31 gan.
213 1417 65 29 Det
303 1417 99 30 torde
425 1416 35 30 få
485 1416 190 29 ankomma
699 1415 45 40 på
769 1416 126 38 Kungl.
922 1415 106 39 Maj:t
1054 1417 49 28 att
1129 1415 144 29 utfärda
1298 1415 208 38 kungörelse
1531 1414 79 29 med

111 1467 158 39 giltighet
289 1467 79 29 från
388 1467 63 29 och
471 1466 79 30 med
569 1466 67 29 den
657 1467 14 29 1
692 1466 146 29 oktober
860 1466 93 30 1959.

154 1569 47 29 Ur
225 1568 89 30 flera
338 1568 219 39 synpunkter
581 1567 113 30 skulle
718 1567 57 29 det
799 1576 84 21 vara
907 1567 168 30 önskvärt
1100 1568 60 33 att,
1186 1566 116 30 såsom
1327 1565 147 30 föreslås
1499 1574 41 21 av
1564 1567 51 27 ut-

109 1618 203 40 redningen,
338 1618 222 39 underhaltig
583 1627 84 20 vara
690 1617 119 30 kunde
833 1617 72 31 helt
931 1617 186 39 avstängas
1142 1616 80 30 från
1247 1616 369 40 matpotatismarkna-

110 1670 67 29 den
199 1669 80 29 med
303 1669 77 30 stöd
404 1678 42 20 av
469 1668 174 30 särskilda
665 1667 507 40 författningsbestämmelser.
1196 1668 59 30 Ett
1279 1666 273 40 genomförande
1576 1675 40 20 av

110 1720 252 39 utredningens
382 1719 130 39 förslag
531 1719 11 29 i
562 1719 114 29 denna
696 1718 54 30 del
771 1719 113 29 skulle
904 1718 168 29 innebära
1091 1727 43 20 en
1155 1727 41 20 av
1217 1717 274 30 statsmakterna
1511 1716 105 30 fram-

113 1769 142 39 tvingad
279 1769 200 39 utbyggnad
503 1779 42 20 av
567 1768 235 40 inspektions-
825 1768 65 29 och
912 1768 426 29 kontrollverksamheten
1362 1777 43 20 av
1427 1767 108 30 sådan
1560 1768 53 28 art

111 1823 49 26 att
177 1820 60 39 jag
257 1820 54 29 för
330 1820 217 29 närvarande
566 1820 75 29 icke
660 1828 102 21 anser
782 1819 70 39 mig
871 1819 122 29 kunna
1012 1818 143 30 förorda
1173 1818 167 39 förslaget
1359 1818 11 29 i
1389 1817 108 39 fråga.
1518 1817 98 31 Skul-

111 1871 29 29 le
163 1870 114 39 någon
300 1870 148 39 egentlig
470 1869 210 39 förbättring
703 1879 42 19 av
766 1869 67 29 den
857 1868 180 30 saluförda
1060 1868 268 39 matpotatisens
1350 1868 144 29 kvalitet
1517 1867 30 39 ej
1572 1867 45 29 ha

111 1920 149 30 kommit
287 1920 52 29 till
367 1920 104 29 stånd
496 1920 88 29 efter
611 1929 41 20 en
680 1919 116 38 rimlig
823 1918 314 39 övergångsperiod
1164 1918 63 29 bör
1253 1918 107 29 likväl
1388 1927 43 20 en
1458 1918 159 38 ompröv-

111 1970 82 39 ning
217 1971 60 29 ske
301 1979 42 20 av
366 1969 351 40 ställningstagandet
741 1969 51 29 till
816 1968 243 40 nyssnämnda
1081 1968 351 39 utredningsförslag.
1457 1970 12 29 I
1493 1977 42 20 en
1558 1967 59 40 dy-

113 2020 48 29 lik
182 2020 170 30 situation
372 2020 109 29 måste
503 2020 41 29 de
564 2020 107 29 redan
692 2028 47 20 nu
761 2029 42 20 av
824 2018 233 39 utredningen
1077 2019 65 28 och
1163 2018 127 39 många
1310 2018 301 29 remissinstanser

112 2070 198 39 förebragta
335 2070 152 29 motiven
509 2070 54 29 för
585 2071 48 28 ett
655 2070 147 29 allmänt
825 2068 362 40 försäljningsförbud
1211 2069 65 29 och
1298 2068 108 30 därav
1429 2067 182 30 föranledd

112 2120 131 30 allmän
263 2120 320 30 kvalitetskontroll
601 2120 45 30 ha
665 2119 66 30 fått
752 2121 44 28 än
816 2120 111 29 större
946 2119 118 39 tyngd.

154 2230 65 28 Det
242 2229 167 29 framstår
433 2229 114 29 såsom
572 2229 137 38 mycket
732 2228 260 39 betydelsefullt
1016 2229 49 27 att
1089 2228 40 28 de
1154 2227 198 38 föreslagna
1376 2225 241 39 författnings-

111 2278 144 39 mässigt
280 2279 179 37 grundade
483 2278 209 39 åtgärderna
715 2278 251 38 kompletteras
990 2277 79 29 med
1093 2286 42 20 en
1162 2275 454 40 upplysningsverksamhet

111 2329 8 28 i
143 2328 89 39 syfte
254 2330 50 27 att
325 2328 183 39 påskynda
529 2327 244 39 utvecklingen
794 2329 73 27 mot
889 2336 42 20 en
952 2326 259 40 genomgående
1233 2326 65 39 god
1319 2325 298 39 matpotatisstan-

112 2378 84 29 dard
218 2378 9 29 i
248 2378 77 29 vårt
346 2378 91 29 land.
459 2377 438 40 Matpotatisutredningen
917 2377 65 29 har
1000 2394 12 3 -—
1065 2376 88 29 dock
1174 2378 85 27 utan
1281 2378 49 27 att
1351 2376 10 28 i
1383 2375 235 39 föreliggande

112 2428 279 30 delbetänkande
414 2428 42 38 gå
479 2429 161 28 närmare
663 2427 35 29 in
722 2427 44 40 på
790 2427 95 29 detta
909 2426 171 40 spörsmål
1172 2427 85 28 även
1282 2425 195 30 framhållit
1500 2425 116 29 vikten
