1879 2798
476 168 111 36 Tredje
611 169 218 35 lagutskottets
853 171 161 28 utlåtande
1036 180 40 19 nr
1097 172 37 27 34
1156 172 36 27 år
1215 173 74 27 1962
1586 176 40 30 27

146 245 130 38 ökning
302 248 90 28 samt
417 247 152 30 undvika
596 248 109 30 andra
731 248 160 37 åtgärder
917 258 73 21 som
1016 250 72 29 kan
1113 251 187 29 framkalla
1328 252 162 29 störande
1515 252 112 30 buller

149 298 94 30 torde
268 298 174 38 knappast
467 299 35 30 få
527 300 114 36 någon
667 301 229 37 självsländig
921 302 175 37 betydelse
1121 303 57 30 vid
1205 304 100 29 sidan
1331 313 41 21 av
1398 305 56 29 det
1481 305 145 36 tidigare

149 351 194 37 föreslagna
360 352 171 36 generella
548 353 162 29 förbudet
728 356 72 27 mot
817 354 141 37 onödigt
974 355 122 30 buller.
1114 356 182 29 Likaledes
1314 357 97 29 torde
1429 357 193 30 ändamålel

147 404 75 29 med
244 404 56 29 det
320 413 42 21 av
381 405 232 36 utredningen
634 405 196 37 föreslagna
854 407 160 30 förbudet
1035 410 73 27 mot
1129 408 126 37 onödig
1276 409 178 37 upprepad
1477 410 148 37 körning

149 459 19 27 t.
183 465 50 21 ex.
254 457 127 36 uppför
402 457 83 30 eller
506 458 123 29 nedför
650 460 98 35 gator
768 459 83 30 eller
872 462 81 27 runt
974 460 140 30 kvarter
1135 461 10 29 i
1166 461 63 30 allt
1249 462 185 37 väsentligt
1454 472 83 20 vara
1559 463 66 29 till-

146 509 155 37 godosett
317 517 122 29 genom
458 510 66 30 den
541 520 82 27 nyss
640 511 232 31 omförmälda
890 513 267 30 bestämmelsen
1175 523 56 20 om
1248 514 65 30 vad
1332 515 57 29 det
1407 515 9 29 i
1435 515 191 30 allmänhet

146 562 126 37 åligger
289 563 231 30 motorförare
536 566 51 27 att
602 564 155 37 iakttaga
773 565 55 29 vid
847 565 76 30 färd
941 566 144 29 nattelid
1106 567 93 28 inom
1217 567 141 30 område
1375 568 76 29 med
1470 568 155 29 bostads-

146 615 211 36 bebyggelse.
383 616 49 29 De
457 616 64 29 här
544 616 159 37 åsyftade
727 617 307 30 bestämmelserna
1061 619 61 29 bör
1148 619 132 29 således
1307 629 42 20 av
1374 620 249 30 redaktionella

145 667 73 29 skäl
241 667 75 30 icke
335 668 133 29 belasta
489 668 326 38 författningarna.»

140 809 155 25 Innehållet
313 810 10 24 i
341 811 172 24 motionerna
530 811 25 25 I:
566 811 51 25 710
636 812 52 24 och
706 812 38 25 II:
755 812 52 25 868

203 878 12 28 I
232 879 218 30 motionerna
468 880 132 29 erinras
617 889 56 21 om
691 881 40 29 de
749 888 122 30 genom
890 883 130 28 statens
1039 882 157 30 instituts
1214 883 54 29 för
1286 883 200 29 folkhälsan
1503 883 125 29 under-

148 930 148 37 sökning
318 941 118 20 vunna
460 933 189 29 resultaten
673 936 91 27 samt
786 943 56 20 om
866 934 41 30 de
931 935 10 29 i
965 935 261 37 propositionen
1250 936 141 36 intagna
1417 935 175 37 förslagen
1617 936 8 29 i

147 983 113 30 denna
285 984 65 29 del.
376 984 256 31 Motionärerna
656 986 135 37 återger
816 987 121 29 härvid
963 987 89 30 bl.a.
1078 988 40 29 de
1144 988 151 29 avsedda
1319 988 307 30 bestämmelserna

148 1037 49 28 att
213 1036 115 29 förare
343 1045 43 21 av
400 1038 241 29 motorfordon
656 1039 64 28 och
736 1039 124 36 moped
875 1039 57 30 vid
950 1040 77 29 färd
1043 1040 147 29 nattetid
1208 1041 94 29 inom
1319 1041 141 29 område
1476 1041 78 29 med
1571 1042 57 29 bo-

148 1088 301 37 stadsbebyggelse
469 1089 87 30 skall
575 1099 150 28 anpassa
746 1091 54 29 sin
820 1092 142 36 färdväg
981 1093 65 28 och
1064 1093 175 36 hastighet
1259 1095 90 27 samt
1370 1094 59 29 sitt
1450 1093 149 30 färdsätt
1619 1094 6 28 i

147 1140 111 37 övrigt
281 1141 36 29 så
341 1143 51 28 att
413 1142 41 29 de
478 1151 73 20 som
573 1143 62 29 bor
657 1143 83 29 eller
762 1144 108 29 vistas
893 1144 94 29 inom
1010 1145 159 29 området
1192 1145 70 30 inte
1285 1146 196 37 onödigtvis
1506 1146 119 30 störes.

149 1194 62 29 Det
231 1201 105 29 anges
357 1196 50 27 att
428 1195 106 36 enligt
554 1195 383 37 departementschefen
958 1197 100 30 dessa
1080 1197 220 31 föreskrifter
1321 1198 44 30 bl.
1379 1208 30 20 a.
1431 1199 62 29 bör
1514 1199 113 30 tolkas

146 1255 75 22 som
239 1249 49 28 ett
307 1247 127 30 förbud
453 1250 72 28 mot
544 1249 136 39 onödig,
700 1250 180 39 upprepad
899 1250 150 40 körning
1069 1253 23 27 t.
1106 1260 51 20 ex.
1178 1251 129 39 uppför
1327 1252 82 29 eller
1429 1252 124 30 nedför
1572 1260 56 32 ga-

149 1301 51 27 tor
221 1299 82 30 eller
323 1302 82 27 runt
425 1300 148 30 kvarter.

203 1352 12 28 I
236 1352 219 30 motionerna
475 1360 104 29 anges
599 1353 168 30 härefter:

202 1413 77 30 Alla
295 1414 97 29 torde
407 1423 81 21 vara
504 1415 98 37 eniga
617 1424 57 20 om
689 1416 145 30 behovet
849 1425 42 21 av
906 1417 110 36 skydd
1033 1419 73 28 mot
1121 1418 141 36 onödigt
1277 1419 227 29 motorbuller
1520 1419 109 30 under

151 1457 93 29 tiden
265 1457 151 31 klockan
438 1458 94 30 24.00
554 1459 65 29 och
641 1459 152 30 klockan
815 1460 93 30 06.00
932 1461 64 29 och
1019 1461 186 30 därutöver
1226 1462 111 29 under
1360 1462 41 30 de
1424 1463 141 29 timmar
1588 1472 41 21 av

148 1501 136 37 dygnet,
304 1501 43 30 då
366 1502 41 29 de
427 1502 100 30 flesta
546 1503 206 30 människor
770 1504 130 29 brukar
920 1513 90 21 sova.
1031 1505 249 37 Utvecklingen
1299 1506 43 37 på
1362 1506 267 31 trafikområdet

149 1545 63 29 har
231 1545 193 30 emellertid
444 1546 89 29 visat
553 1549 50 27 att
623 1547 199 37 ytterligare
843 1548 160 37 åtgärder
1024 1549 177 29 erfordras
1223 1550 54 29 för
1298 1552 51 27 att
1371 1550 113 36 stävja
1507 1550 122 30 sådant

149 1589 236 30 motorbuller.
418 1589 358 39 Okynneskörningar
807 1592 65 29 och
904 1592 106 30 därav
1042 1593 171 29 orsakade
1245 1593 221 37 olägenheter
1499 1594 43 37 på
1573 1595 57 29 vä-

149 1640 69 29 gar,
239 1635 99 35 gator
356 1634 66 29 och
442 1635 75 36 torg
536 1635 63 29 har
620 1635 86 29 även
726 1635 110 29 under
857 1636 66 29 den
944 1636 92 36 ljusa
1058 1636 99 30 delen
1178 1646 42 20 av
1241 1637 126 37 dygnet
1388 1638 10 29 i
1420 1638 126 37 många
1568 1638 60 30 fall

152 1677 82 37 tagit
251 1677 132 30 sådana
399 1679 249 36 proportioner,
666 1681 51 27 att
734 1679 57 29 det
806 1679 98 30 blivit
922 1680 93 30 svårt
1033 1680 53 30 för
1103 1681 209 37 exempelvis
1329 1682 206 30 människor
1551 1683 77 29 med

149 1721 194 29 nattarbete
368 1723 51 28 att
445 1722 109 29 under
580 1722 110 36 dagen
716 1725 34 27 ta
777 1725 38 27 ut
842 1723 203 37 erforderlig
1073 1725 99 29 sömn
1199 1726 64 28 och
1289 1726 235 36 arbetstagare
1551 1727 77 29 med

150 1765 245 29 intellektuellt
408 1766 257 36 ansträngande
680 1767 307 36 sysselsättningar
1001 1770 51 26 att
1067 1768 131 29 erhålla
1214 1768 196 37 nödvändig
1424 1770 205 29 koncentra-

151 1808 70 29 tion
242 1808 9 28 i
273 1808 142 29 arbetet.
437 1808 92 30 även
551 1809 53 29 för
624 1810 253 29 människorna
899 1811 9 28 i
930 1811 191 29 allmänhet
1143 1812 9 28 i
1175 1812 139 36 typiska
1336 1813 292 34 bostadskvarter,

150 1851 74 29 icke
245 1852 109 29 minst
374 1852 96 29 villa-
491 1853 65 28 och
578 1853 365 35 egnahemsområden,
966 1854 71 29 kan
1058 1855 309 37 okynneskörning
1389 1856 158 30 medföra
1570 1857 61 29 all-

149 1895 130 37 varliga
299 1896 208 36 störningar.
527 1896 58 29 Att
603 1897 120 29 kunna
743 1897 117 37 uppnå
880 1898 111 29 ideala
1011 1898 245 30 förhållanden
1276 1900 63 28 när
1358 1900 57 29 det
1433 1900 107 37 gäller
1560 1910 69 20 mo-

151 1939 181 30 torbullret
351 1940 38 29 är
407 1940 55 29 väl
482 1940 155 30 närmast
656 1941 197 30 otänkbart.
874 1942 77 29 Men
971 1942 57 29 det
1049 1951 102 28 synes
1171 1943 88 29 dock
1280 1943 137 38 möjligt
1436 1946 51 28 att
1507 1952 121 29 genom

150 1983 102 37 något
275 1984 179 36 strängare
474 1984 262 30 bestämmelser
758 1985 63 29 och
844 1993 122 29 genom
988 1988 51 27 att
1061 1993 39 30 ge
1121 1987 135 36 polisen
1278 1987 110 30 ökade
1409 1988 221 37 möjligheter

149 2029 49 28 att
215 2028 135 36 ingripa
368 2030 72 27 mot
458 2028 198 37 uppenbara
674 2029 332 30 missförhållanden
1022 2030 142 30 komma
1182 2031 52 29 till
1252 2031 90 29 rätta
1360 2032 76 29 med
1456 2032 40 30 de
1514 2033 114 29 värsta

149 2073 183 27 avarterna
350 2072 44 35 på
413 2071 166 30 området.
599 2072 39 29 Vi
660 2072 159 30 förordar
839 2073 118 29 därför
976 2075 50 27 att
1046 2074 40 29 de
1107 2074 197 37 föreslagna
1322 2076 306 30 bestämmelserna

152 2115 75 29 med
245 2115 126 29 förbud
388 2117 73 27 mot
476 2115 289 37 okynnesåkning
782 2117 146 29 nattetid
946 2117 196 30 utsträckes
1158 2120 51 27 att
1226 2119 90 36 gälla
1334 2119 85 29 även
1436 2120 111 29 under
1565 2121 66 29 den

148 2159 92 39 ljusa
260 2159 101 30 delen
381 2168 43 21 av
443 2160 136 39 dygnet.
600 2160 102 30 Detta
722 2160 71 30 kan
812 2161 61 29 ske
894 2169 123 31 genom
1037 2163 51 28 att
1109 2162 97 30 ordet
1229 2163 147 30 nattetid
1399 2164 136 39 strykes
1556 2165 11 29 i
1589 2165 42 30 de

152 2203 195 36 föreslagna
370 2203 396 37 författningstexterna.

204 2247 41 29 Vi
270 2247 60 28 vill
357 2247 142 29 särskilt
524 2247 233 37 understryka
782 2250 51 27 att
858 2257 43 20 en
926 2248 97 36 dylik
1048 2249 166 36 utvidgad
1241 2250 390 32 förbudsbestämmelse

150 2290 74 30 icke
244 2290 150 29 drabbar
413 2290 129 36 legitim
561 2291 233 29 motortrafik.
815 2291 129 29 Genom
965 2292 516 37 författningsbestämmelsens
1502 2295 129 37 lydelse

150 2334 38 29 är
206 2334 89 36 sörjt
314 2334 54 29 för
385 2336 51 27 att
453 2334 204 36 ingripande
674 2334 72 29 kan
764 2335 60 29 ske
842 2335 147 29 allenast
1008 2337 174 35 gentemot
1201 2337 118 35 trafik,
1340 2346 73 21 som
1433 2339 38 29 är
1490 2339 141 37 onödigt

150 2377 173 30 störande.
347 2378 52 29 En
421 2378 192 36 avvägning
635 2378 129 29 mellan
786 2379 172 29 trafikens
980 2379 111 30 behov
1112 2380 64 30 och
1200 2380 67 30 den
1291 2381 161 31 störande
1476 2383 155 31 effekten

149 2422 111 30 måste
276 2422 104 30 alltså
396 2422 98 30 alltid
512 2422 70 30 ske.
