2186 2736
422 262 17 31 6
544 262 115 31 Första
682 261 208 31 Kammarens
919 260 173 44 Tillfälliga
1123 261 136 31 Utskotts
1286 260 80 42 (N:o
1392 261 35 39 2)
1454 260 205 32 Betänkande
1686 259 63 33 N:o
1775 261 28 31 6.

379 346 165 45 derjemte
582 346 170 36 anseende
790 345 38 35 af
861 346 84 45 vigt,
994 348 53 33 att
1085 346 42 35 de
1160 346 38 35 af
1232 346 217 35 motionären
1498 345 204 35 omnämnda
1744 343 233 36 konflikterna

378 401 239 45 förekommes,
650 401 176 44 förslagit:
859 404 52 31 att
947 401 199 44 Riksdagen
1175 401 81 35 ville
1284 400 58 35 hos
1374 398 123 50 Kongl.
1535 399 102 48 Maj:t
1667 398 13 35 i
1707 396 273 50 underdånighet

377 453 150 48 anhälla,
560 455 57 36 det
645 455 250 35 ofvannämnda
924 456 18 45 $
974 456 19 34 6
1025 467 99 24 mom.
1161 457 18 33 5
1211 456 12 33 i
1251 455 316 44 folkskolestadgan
1608 454 108 35 måtte
1751 453 132 36 erhålla
1910 453 66 34 den

376 510 138 45 lydelse,
558 514 53 31 att
653 509 115 36 lärare
810 508 78 37 eller
930 509 183 36 lärarinna
1154 510 13 35 i
1206 508 171 37 småskola
1426 508 79 36 eller
1546 508 136 36 mindre
1709 506 174 46 folkskola,
1915 506 62 36 der

375 564 113 36 sådan
516 564 198 36 läroanstalt
743 564 42 49 af
808 564 203 35 kommunen
1039 564 155 36 inrättats
1221 564 58 36 och
1308 563 226 46 underhålles,
1566 569 139 42 antages
1731 562 43 49 af
1773 560 202 50 församlin-

372 632 66 36 gen
465 619 25 35 dä
514 619 251 48 kyrkostämma
795 618 54 50 på
884 618 128 50 förslag
1042 620 43 44 af
1117 618 209 49 kyrkorådet.

535 674 119 45 Enligt
682 674 124 35 Första
842 673 209 36 Kammaren
1080 674 322 35 tillhandakommet
1438 674 63 34 och
1529 673 54 35 till
1612 672 181 36 Utskottet
1817 671 158 43 remitte-

376 729 79 35 radt
501 729 322 44 protokollsutdrag
865 728 38 35 af
928 729 64 34 den
1023 729 48 35 27
1109 729 155 35 sistlidne
1293 728 169 35 Februari
1491 727 77 36 från
1597 727 120 35 Andra
1753 727 219 43 Kammaren,

376 783 64 32 har
486 793 129 22 samma
644 783 202 43 Kammare,
886 782 76 33 med
991 783 112 42 afslag
1131 783 20 32 å
1179 783 76 33 dess
1284 781 162 35 Utskotts
1476 792 80 33 nyss
1586 780 144 34 anförda
1757 779 216 44 hemställan,

376 835 127 36 bifallit
548 836 117 35 "Herr
709 834 132 47 Grapes
876 836 126 35 väckta
1030 836 141 45 motion,
1203 838 52 33 att
1283 835 148 35 berörda
1459 834 191 45 stadgande
1679 834 110 35 skulle
1818 833 156 36 erhålla"

376 890 103 35 ofvan
507 901 42 23 ur
578 891 172 34 motionen
779 890 144 35 anförda
955 890 186 45 "lydelse".

535 944 18 46 8
585 945 19 34 6
636 955 99 24 mom.
771 946 20 33 5
822 945 11 34 i
861 944 160 44 gällande
1050 944 295 44 folkskolestadga
1374 944 114 45 lyder:
1534 944 113 34 lärare
1676 944 85 35 eller
1801 944 176 36 lärarinna

375 1000 10 34 i
416 999 135 35 mindre
579 999 171 35 folkskola
779 1004 143 39 antages
951 999 37 34 af
1014 998 210 36 husfäderna
1253 1000 11 33 i
1294 1000 65 34 den
1397 999 54 35 del
1481 997 37 36 af
1543 998 257 45 församlingen,
1831 1010 72 24 som
1933 1010 42 24 en

375 1054 107 34 sådan
526 1054 98 34 skola
668 1054 155 43 inrättat,
864 1053 105 35 sedan
999 1064 168 33 personen
1197 1053 115 35 blifvit
1341 1053 164 44 godkänd
1534 1054 44 43 på
1606 1056 81 41 sätt,
1719 1064 71 24 som
1822 1054 11 34 i
1863 1054 111 35 denna

375 1108 47 46 8&s
459 1108 101 35 2:dra
589 1110 151 32 moment
769 1108 215 36 bestämmes.
1040 1106 63 36 Om
1133 1107 65 35 den
1227 1111 147 41 antagne
1389 1112 101 41 göres
1512 1108 459 45 anmälan
1680 1102 18 56 i
1718 1108 253 45 skolstyrelser.

536 1162 89 34 Lika
671 1163 77 33 med
790 1163 120 34 Andra
950 1162 209 34 Kammaren
1203 1172 100 24 anser
1344 1161 185 35 Utskottet
1558 1162 189 44 olämpligt,
1779 1165 52 31 att
1859 1162 115 36 lärare

374 1216 85 35 eller
487 1216 176 35 lärarinna
692 1227 82 24 vare
803 1217 52 44 sig
885 1216 56 34 vid
970 1216 182 44 småskola,
1198 1216 84 35 eller
1311 1216 58 34 vid
1399 1216 134 35 mindre
1562 1216 176 35 folkskola
1767 1220 143 40 antages
1939 1216 38 35 af

374 1271 93 34 vissa
508 1270 174 45 husfäder,
713 1269 14 35 i
764 1269 42 36 de
847 1268 65 41 fall
952 1269 62 35 der
1047 1269 115 36 sidan
1190 1269 210 36 läro-anstalt
1427 1269 157 36 inrättats
1612 1269 59 35 och
1689 1269 221 36 underhålles
1938 1270 43 48 af

374 1323 214 45 kommunen,
639 1325 123 34 liksom
798 1336 41 23 en
869 1324 218 44 tillämpning
1129 1325 11 33 i
1182 1323 138 36 sådana
1366 1324 61 35 fall
1469 1324 38 34 af
1548 1324 147 35 nämnda
1723 1325 136 44 lagrum
1888 1328 85 31 utan

374 1378 120 35 tvifvel
525 1379 109 34 måste
663 1379 179 34 betraktas
871 1379 111 34 såsom
1012 1379 101 43 högst
1142 1379 198 43 oegeuotligt.
1402 1378 82 35 Men
1514 1378 37 34 af
1577 1378 140 35 alldeles
1750 1390 129 24 samma
1900 1379 75 35 skäl

373 1443 102 33 synes
518 1432 179 35 Utskottet
726 1433 159 44 billighet
915 1433 62 34 och
1005 1433 148 34 rättvisa
1181 1432 129 43 fordra,
1340 1436 62 41 att,
1434 1431 62 35 der
1530 1430 171 37 småskola
1730 1432 80 36 eller
1837 1432 137 36 mindre

371 1485 165 45 folkskola
578 1485 156 46 bekostas,
780 1487 28 44 ej
854 1486 37 35 af
930 1487 216 43 kommunen,
1186 1490 84 40 utan
1299 1485 42 50 af
1368 1486 92 35 missa
1502 1485 153 36 enskilda
1699 1498 167 37 personer
1896 1486 79 36 eller

373 1538 161 49 familjer,
578 1541 98 34 dessa
719 1541 106 34 blifva
867 1541 197 34 bibehållna
1099 1541 58 33 vid
1192 1542 51 33 sin
1272 1545 73 31 rätt
1387 1544 62 41 att,
1481 1541 44 44 på
1553 1543 71 32 sätt
1653 1553 45 23 nu
1728 1547 38 29 är
1795 1541 174 45 stadgadt,

374 1602 128 36 antaga
538 1595 93 34 lärar
682 1595 85 34 eller
795 1595 184 34 lärarinna.
1036 1594 50 35 Af
1111 1595 58 34 det
1198 1595 63 34 sist
1290 1595 143 35 anförda
1462 1594 109 45 följer,
1605 1598 52 32 att
1679 1595 179 36 Utskottet
1884 1596 88 43 icke,

373 1649 112 33 såsom
528 1650 215 33 motionären
785 1649 63 34 och
876 1649 121 34 Andra
1026 1648 227 35 Kammarens
1284 1648 144 36 Utskott
1456 1651 114 32 ansett
1602 1649 170 46 lämpligt,
1804 1650 69 34 kan
1901 1649 72 35 till-

372 1703 131 43 styrka,
546 1706 52 31 att
640 1702 334 45 folkskolestadgans
1016 1703 18 45 $
1083 1704 19 33 6
1152 1714 98 23 mom.
1295 1705 19 32 5
1335 1702 208 50 förändras,
1574 1714 77 24 men
1680 1705 66 44 väl,
1778 1704 12 34 i
1820 1704 154 44 enlighet

372 1757 78 34 med
479 1757 90 34 hvad
599 1757 101 34 ofvan
729 1757 115 35 blifvit
873 1757 110 45 sagdt,
1012 1760 74 31 tror
1115 1758 54 43 sig
1197 1757 86 34 böra
1311 1757 137 44 föreslå,
1481 1760 52 32 att
1563 1761 49 31 ett
1631 1757 117 49 tillägg
1768 1758 54 35 till
1837 1755 138 52 samma

373 1814 151 31 moment
552 1811 107 34 måtte
689 1815 112 40 göras,
833 1811 242 34 innehållande
1111 1811 180 35 föreskrift
1321 1811 213 35 beträffande
1575 1813 194 44 antagande
1799 1812 38 35 af
1861 1812 114 35 lärare

373 1864 84 34 eller
499 1865 176 34 lärarinna
703 1866 11 33 i
742 1866 129 34 sådana
900 1865 186 34 småskolor
1119 1865 84 35 eller
1231 1866 134 34 mindre
1395 1865 200 45 folkskolor,
1641 1877 73 24 som
1742 1867 166 34 bekostas
1937 1865 39 35 af

374 1919 217 34 kommunen.
651 1919 103 34 Klart
801 1924 39 29 är
869 1919 52 34 för
950 1919 115 45 öfrigt,
1097 1923 52 31 att
1177 1930 123 33 genom
1329 1923 51 31 ett
1408 1919 124 36 sådant
1560 1920 123 45 tillägg
1712 1921 46 34 all
1787 1920 187 44 anledning

372 1973 53 34 till
468 1973 66 34 den
577 1973 37 34 af
646 1974 212 33 motionären
901 1974 63 34 och
993 1974 119 34 Andra
1140 1974 226 35 Kammarens
1395 1973 145 36 Utskott
1568 1975 186 35 omordade
1782 1974 191 35 konflikten

373 2027 69 34 blir
484 2026 202 44 förebyggd.
732 2048 50 4 —
825 2027 17 34 I
871 2027 99 44 fråga
1013 2028 75 34 åter
1124 2039 52 23 om
1207 2029 109 44 hvem,
1349 2039 72 24 som
1450 2028 112 36 skulle
1592 2033 127 41 antaga
1748 2030 114 35 lärare
1890 2029 85 35 eller

372 2081 178 34 lärarinna
591 2082 56 33 vid
692 2081 40 34 de
762 2081 116 34 skolor
908 2082 37 34 af
970 2081 266 45 ifrågavarande
1273 2082 86 45 slag,
1392 2094 71 23 som
1494 2083 169 35 bekostas
1692 2084 37 34 af
1755 2085 217 40 kommunen,

374 2135 113 43 gifver
516 2134 180 36 Utskottet
723 2136 243 41 motionärens,
997 2135 35 35 af
1059 2137 120 34 Andra
1208 2137 208 34 Kammaren
1445 2137 147 34 bifallna
1619 2138 163 44 yrkande,
1806 2141 53 32 att
1875 2140 98 32 anta-

374 2189 130 43 gandet
533 2189 90 34 skall
653 2190 60 34 ske
742 2189 37 35 af
805 2189 185 45 skolrådet,
1022 2191 173 34 bestämdt
1223 2190 175 35 företräde
1428 2190 149 36 framför
1605 2192 122 35 Andra
1748 2193 228 34 Kammarens

374 2242 190 45 Tillfälliga
594 2242 160 36 Utskotts
783 2243 141 44 förslag,
956 2247 53 31 att
1037 2244 247 45 församlingen
1312 2246 44 43 på
1385 2245 266 44 kyrkostämma
1680 2247 63 34 och
1772 2246 105 35 sedan
1906 2246 68 35 för-

373 2298 74 43 slag
476 2297 37 34 af
540 2297 178 35 skolrådet
746 2301 199 40 upprättats
975 2299 110 33 skulle
1115 2302 126 41 antaga
1269 2299 114 34 lärare
1413 2299 84 34 eller
1520 2301 186 34 lärarinna.
1766 2301 115 34 Såsom
1899 2301 75 33 skäl

372 2352 54 33 till
468 2352 63 34 sist
574 2351 145 35 anförda
765 2353 89 42 åsigt
883 2363 101 23 anser
1013 2352 178 36 Utskottet
1221 2353 207 43 tillräckligt
1457 2357 51 30 att
1536 2360 125 29 nämna
1690 2355 81 44 dels,
1805 2358 53 31 att
1895 2357 79 33 sist-
