2262 2628
435 182 38 31 14
632 185 109 30 Andra
766 186 204 29 Kammarens
998 187 175 37 Tillfälliga
1200 186 136 31 Utskotts
1361 187 74 35 (N:o
1458 189 33 33 5)
1520 188 163 31 Utlåtande
1707 189 58 30 N:o
1789 188 54 31 28.

433 264 118 35 Eders
592 264 140 47 Kungl.
776 264 129 48 Maj:ts
946 264 333 48 uppmärksamhet
1311 268 48 44 på
1388 266 283 37 förhållandena
1701 268 62 36 vid
1793 268 100 36 slakt
1922 268 118 47 enligt

428 317 131 48 judisk
587 318 105 44 ritus,
723 330 77 24 som
830 317 14 36 i
872 319 181 44 utlandet,
1086 318 167 48 speciellt
1278 318 6 36 i
1304 320 205 47 Tyskland,
1527 320 110 47 gifvit
1652 322 147 48 upphof
1810 323 57 35 till
1881 322 160 48 mycken

432 370 192 48 agitation.

540 425 123 36 Sådan
706 425 100 37 slakt
849 425 125 48 tillgår
1008 428 49 45 på
1090 427 63 35 det
1182 429 83 42 sätt,
1297 430 66 42 att,
1394 428 116 35 sedan
1539 427 226 49 slaktdjuret
1793 433 48 44 på
1869 433 53 33 ett
1950 431 92 35 eller

431 482 115 32 annat
589 482 73 33 sätt
704 479 145 36 kastats
892 480 142 35 omkull
1077 480 69 36 och
1185 480 184 47 fängslats
1398 480 13 36 i
1439 481 181 48 ryggläge
1650 483 84 34 med
1759 484 186 36 utsträckt
1972 496 68 24 nos

429 535 92 32 utan
563 536 55 32 att
651 532 123 49 djuret
803 533 92 36 först
922 533 207 45 bedöfvats,
1162 535 82 34 med
1271 546 47 24 en
1347 535 89 46 lång
1465 535 269 48 blankpolerad
1763 539 137 45 ytterst
1928 538 112 48 skarp

430 585 87 36 knif
555 589 54 33 ett
651 587 91 35 snitt
771 592 109 42 göres
908 587 13 35 i
949 587 131 36 halsen
1110 588 95 35 ända
1229 588 100 35 intill
1358 589 225 47 ryggraden,
1615 589 242 47 hvarigenom
1888 592 149 36 halsens

429 639 172 37 blodkärl
632 640 167 36 afskäras
830 641 69 36 och
929 641 123 48 djuret
1080 641 237 48 fullständigt
1345 642 197 36 förblöder.
1602 643 143 36 Genom
1772 644 266 48 afskärningen

429 694 41 35 af
497 694 329 47 halspulsådrorna
856 697 154 45 uppstår
1039 695 135 36 snabbt
1201 695 185 37 blodbrist
1414 696 12 35 i
1455 695 159 50 hjärnan
1643 697 68 36 och
1741 697 110 36 däraf
1875 698 164 48 följande

429 748 300 36 medvetslöshet.

537 802 189 36 Ortodoxa
771 815 179 35 personer
992 802 40 36 af
1071 804 185 35 mosaiska
1298 803 335 37 trosbekännelsen
1673 805 77 35 lära
1785 817 90 23 anse
1904 805 57 47 sig
1990 808 47 45 på

428 856 123 45 grund
594 856 39 35 af
672 856 57 36 sin
758 856 160 47 religion
947 856 211 36 förbundna
1187 860 54 33 att
1269 857 32 48 ej
1334 857 136 36 förtära
1500 858 83 35 kött
1611 857 94 37 efter
1733 859 118 35 andra
1876 858 84 49 djur
1989 865 46 30 än

428 909 149 41 sådana,
608 921 77 24 som
716 909 41 36 af
777 910 126 35 därtill
931 910 180 36 särskildt
1138 911 134 35 utsedd
1294 911 163 36 slaktare
1478 911 158 36 slaktats
1652 912 93 35 efter
1758 912 278 37 ofvannämnda

428 963 134 36 metod.
621 964 74 35 Det
736 963 77 36 kan
849 964 157 36 sålunda
1044 964 249 48 ifrågasättas,
1324 965 187 36 huruvida
1541 965 32 48 ej
1606 968 54 34 ett
1687 966 188 47 offentligt
1903 966 134 36 förbud

427 1017 167 36 däremot
623 1018 121 35 skulle
770 1018 129 35 kunna
929 1030 108 24 anses
1067 1021 119 34 såsom
1215 1018 161 48 ingrepp
1406 1019 12 35 i
1444 1019 161 48 judarna
1634 1019 215 47 medgifven
1877 1023 74 33 rätt
1978 1021 56 35 till

425 1070 47 35 fri
501 1070 363 48 religionsutöfning.

533 1124 247 47 Agitationen
825 1128 75 33 mot
941 1125 285 48 ifrågavarande
1269 1126 227 36 slaktmetod
1539 1129 116 33 sattes
1697 1127 93 36 först
1823 1127 13 35 i
1871 1130 99 44 gång
2000 1128 40 35 af

425 1178 100 36 vissa
555 1178 456 49 djurskyddsföreningar.
1071 1180 122 35 Sedan
1222 1180 68 35 har
1321 1180 153 45 striden,
1506 1180 179 36 särskildt
1712 1181 12 34 i
1749 1181 194 47 Tyskland
1964 1182 68 36 och

427 1224 202 53 Österrike,
674 1234 84 34 med
803 1236 76 32 stor
920 1233 95 36 ifver
1058 1233 191 47 upptagits
1293 1233 41 36 af
1365 1233 292 37 antisemiterna.
1715 1234 168 36 Oaktadt
1912 1236 123 35 denna

425 1285 182 47 agitation
635 1286 112 36 hafva
777 1287 97 35 dock
904 1288 132 34 endast
1070 1287 163 36 Schweiz
1265 1288 70 35 och
1371 1287 280 48 konungariket
1676 1288 165 36 Sachsen
1870 1289 164 36 utfärdat

424 1339 135 36 förbud
587 1344 77 32 mot
692 1341 116 35 sådan
839 1341 99 35 slakt
965 1343 92 34 utan
1087 1341 224 47 föregående
1336 1341 223 47 bedöfning;
1590 1342 12 34 i
1623 1354 45 23 en
1689 1342 60 35 del
1772 1343 116 34 andra
1904 1343 131 35 länder

424 1394 69 34 och
520 1393 112 48 tyska
661 1397 116 33 stater
805 1394 69 35 har
906 1407 85 22 man
1026 1395 206 35 emellertid
1262 1398 125 33 ansett
1422 1395 56 47 sig
1506 1395 90 35 böra
1625 1395 148 36 utfärda
1802 1395 232 37 föreskrifter

423 1447 58 35 till
510 1447 268 52 förhindrande
808 1448 41 35 af
875 1447 229 49 djurplågeri
1133 1448 63 36 vid
1225 1448 154 48 djurens
1408 1448 268 36 kullkastande
1706 1449 69 35 och
1795 1449 234 47 fängslande.

531 1501 126 36 Afven
685 1502 68 35 här
781 1502 12 34 i
822 1502 129 35 landet
978 1502 55 35 lär
1062 1501 99 36 slakt
1189 1502 119 47 enligt
1333 1502 131 48 judisk
1492 1502 94 36 ritus
1616 1508 70 41 äga
1714 1515 81 23 rum
1826 1503 64 36 vid
1915 1506 116 45 några

422 1554 12 35 i
478 1554 45 35 de
554 1557 116 33 större
700 1555 174 35 städerna
903 1555 161 46 belägna
1094 1555 310 45 slakterilokaler,
1436 1556 118 35 ehuru
1584 1556 190 36 sannolikt
1803 1556 32 49 ej
1863 1557 13 35 i
1904 1559 127 45 någon

423 1611 115 33 större
567 1608 273 47 utsträckning.

530 1662 128 35 Under
699 1662 269 46 förutsättning
1012 1664 54 33 att
1108 1662 117 36 Eders
1254 1663 144 46 Kungl.
1429 1662 109 49 Maj:t
1567 1663 121 35 finner
1716 1663 142 48 skäligt
1885 1664 148 36 utfärda

422 1715 184 36 särskilda
635 1715 281 36 bestämmelser
943 1716 160 35 rörande
1133 1717 115 34 sådan
1278 1716 111 44 slakt,
1420 1717 105 35 torde
1554 1717 205 46 lämpligen
1784 1717 130 36 kunna
1935 1719 96 35 med-

422 1768 133 47 gifvas,
587 1772 54 33 att
669 1769 216 48 yrkesslakt
920 1769 40 35 af
985 1769 159 48 husdjur
1172 1770 118 46 enligt
1315 1769 132 49 judisk
1476 1770 94 36 ritus
1600 1770 99 47 finge
1729 1776 71 41 äga
1829 1784 82 23 rum
1941 1775 90 32 utan

422 1823 225 46 föregående
688 1823 207 46 bedöfning
925 1823 40 35 af
995 1822 144 49 djuren,
1171 1823 95 36 dock
1295 1824 135 35 endast
1459 1824 39 35 af
1524 1823 124 36 däruti
1677 1824 163 47 skicklig
1870 1825 162 36 slaktare

421 1876 69 35 och
521 1877 83 34 med
633 1880 188 44 noggrant
849 1876 246 47 iakttagande
1127 1877 118 35 däraf:
1277 1881 52 32 att
1358 1877 151 48 djurens
1539 1877 267 37 kullkastande
1840 1879 59 35 till
1932 1879 99 36 slakt

422 1929 87 36 sker
552 1931 83 34 med
677 1931 140 35 sådana
847 1931 121 35 medel
1000 1931 70 35 och
1099 1931 119 35 under
1247 1931 141 35 sådana
1416 1931 364 47 försiktighetsmått,
1814 1935 55 33 att
1898 1932 133 48 djuren

420 1983 84 36 icke
548 1983 184 37 våldsamt
775 1987 96 33 stöta
915 1987 75 33 mot
1019 1984 143 47 golfvet
1195 1985 91 35 eller
1315 1987 48 44 på
1393 1988 113 33 annat
1536 1988 74 32 sätt
1638 1985 214 47 onödigtvis
1882 1986 149 47 plågas;

421 2041 51 32 att
499 2037 363 48 blodaftappningen
892 2038 86 35 sker
1008 2038 229 36 omedelbart
1267 2039 117 35 sedan
1415 2042 52 32 ett
1496 2038 85 49 djur
1609 2038 123 37 blifvit
1760 2039 183 47 nedlagdt
1962 2040 68 35 och

420 2090 200 47 fängsladt,
666 2092 190 36 äfvensom
901 2095 52 32 att
997 2092 64 34 det
1103 2092 122 35 därför
1258 2092 176 47 brukliga
1464 2092 131 36 snittet
1623 2092 139 36 utföres
1792 2092 141 47 hastigt
1962 2093 69 36 och

420 2144 140 45 säkert;
604 2150 91 31 samt
737 2149 51 32 att
826 2145 141 48 djurets
1000 2145 145 36 hufvud
1181 2146 126 35 säkert
1340 2146 205 44 fasthålles,
1585 2146 96 35 ända
1709 2146 58 35 till
1797 2146 86 36 dess
1908 2147 122 36 döden

419 2198 175 35 inträdt.
580 2194 18 53 »
