1908 2830
552 173 109 28 Andra
684 173 227 36 lagutskottets
934 174 168 28 utlåtande
1123 174 46 29 Nr
1195 174 51 29 48.
1623 173 21 31 5

136 256 41 20 av
210 245 80 32 dess
324 246 199 38 ledamöter,
548 257 72 21 som
655 248 127 30 utsetts
816 246 86 32 efter
929 247 128 40 förslag
1080 258 40 20 av
1143 247 497 44 arbetarsammanslutningar.

135 295 70 32 För
237 307 59 20 var
328 296 64 32 och
423 307 42 21 en
489 307 40 21 av
551 296 233 32 ledamöterna
807 298 96 30 utses
926 297 11 31 i
961 297 179 31 enahanda
1163 297 147 42 ordning
1333 299 107 32 minst
1462 301 57 29 två
1542 310 101 31 supp-

135 346 140 38 leanter,
299 358 40 20 av
372 347 91 31 vilka
491 358 41 20 en
560 347 63 31 bör
649 357 79 21 vara
750 347 174 42 förtrogen
949 347 78 32 med
1050 347 261 33 förhållandena
1333 349 94 31 inom
1450 350 192 41 trädgårds-

137 397 164 32 skötseln.

187 447 69 33 Vid
279 448 232 32 arbetsrådets
533 448 210 41 behandling
766 459 40 20 av
829 448 135 39 ärende,
990 459 74 21 som
1087 459 99 22 avses
1202 449 11 31 i
1230 449 112 32 denna
1356 450 65 42 lag,
1440 450 105 40 skola,
1563 451 78 32 med

134 498 220 42 iakttagande
387 510 40 20 av
461 498 65 32 vad
549 499 11 31 i
582 499 19 31 9
624 498 21 42 8
668 499 19 31 6
710 509 100 21 mom.
834 499 99 42 lagen
968 499 67 32 den
1071 500 38 31 16
1132 500 65 41 maj
1225 500 81 33 1930
1328 511 56 21 om
1408 501 233 33 arbetstidens

134 549 233 42 begränsning
397 549 148 42 stadgas,
569 551 140 29 närvara
733 549 89 32 båda
844 549 42 32 de
909 549 198 40 ledamöter,
1131 550 91 32 vilka
1245 553 127 30 utsetts
1395 552 11 31 i
1429 552 62 31 här
1513 552 127 32 nämnd

134 600 158 42 ordning,
316 600 84 31 eller
421 600 54 32 för
498 599 75 32 dem
598 600 148 31 utsedda
769 600 232 42 suppleanter.
1047 600 19 31 I
1089 601 110 41 övrigt
1222 601 98 32 skola
1335 602 305 33 bestämmelserna

134 650 12 31 i
168 650 150 32 nämnda
341 650 157 42 paragraf
519 651 12 30 i
554 651 204 41 tillämpliga
781 650 93 32 delar
897 653 63 39 äga
983 652 240 31 motsvarande
1246 652 171 42 giltighet.

843 745 39 31 10
904 744 30 42 8.

187 806 18 28 1
229 814 89 21 mom.
364 796 70 39 Äro
469 803 127 32 sådana
622 803 424 42 rikssammanslutningar
1069 815 40 20 av
1131 804 231 43 arbetsgivare
1386 806 64 31 och
1474 806 163 39 arbetare,

135 864 74 22 som
244 854 115 31 kunna
392 864 102 21 anses
527 854 172 31 företräda
731 854 147 32 flertalet
911 854 231 42 arbetsgivare
1170 855 63 32 och
1256 856 156 32 arbetare
1434 857 94 31 inom
1551 857 87 32 visst

133 904 388 39 verksamhetsområde,
546 915 72 21 som
642 905 11 31 i
677 905 113 31 denna
822 905 56 42 lag
910 916 109 27 avses,
1044 916 82 21 ense
1153 917 55 20 om
1232 906 70 32 viss
1326 906 151 43 eftergift
1499 907 12 31 i
1534 910 104 39 något

134 955 180 38 avseende,
337 966 117 21 varom
490 955 138 42 stadgas
654 955 12 31 i
689 955 20 32 5
731 954 21 43 8
775 955 84 32 eller
891 957 7 30 7
923 955 21 42 8
967 956 19 31 3
1010 967 110 24 mom.,
1145 958 55 29 må
1232 956 197 43 Konungen
1464 960 44 38 på
1541 958 95 31 fram-

134 1005 165 42 ställning
320 1016 40 21 av
384 1005 214 33 arbetsrådet
621 1006 82 31 eller
726 1006 86 31 efter
834 1006 81 32 dess
938 1006 153 32 hörande
1114 1007 171 39 förordna,
1303 1010 50 29 att
1374 1008 193 41 eftergiften
1585 1010 54 30 må

132 1056 95 32 inom
250 1056 391 32 verksamhetsområdet
663 1056 12 31 i
698 1057 93 41 fråga
813 1057 142 31 allmänt
978 1056 274 42 tillgodonjutas.

184 1108 24 30 2
229 1117 89 21 mom.
366 1106 119 32 Skulle
508 1106 261 42 tillämpningen
793 1118 39 20 av
856 1107 113 32 denna
991 1108 56 40 lag
1069 1108 153 31 medföra
1243 1108 168 32 särskilda
1427 1109 213 42 svårigheter

131 1157 94 32 inom
259 1157 71 32 viss
365 1157 56 32 del
454 1168 41 21 av
528 1157 87 32 riket
649 1157 83 32 eller
759 1157 63 32 ock
845 1158 129 32 sådana
998 1158 210 42 svårigheter
1230 1159 53 31 för
1305 1159 88 32 visst
1415 1159 118 32 arbete
1557 1160 81 31 eller

131 1207 140 42 företag,
296 1210 49 29 att
379 1208 81 32 dess
493 1208 159 32 fortsatta
685 1208 209 32 bedrivande
928 1208 198 42 därigenom
1150 1211 189 40 äventyras,
1364 1212 55 29 må
1440 1210 197 42 Konungen

131 1260 45 40 på
208 1258 254 42 framställning
495 1270 39 20 av
568 1259 214 31 arbetsrådet
816 1259 82 32 eller
932 1260 86 31 efter
1051 1259 80 32 dess
1155 1260 153 32 hörande
1333 1260 157 42 medgiva
1512 1272 40 21 av
1574 1261 65 32 för-

132 1309 205 32 hållandena
359 1309 151 42 påkallat
533 1309 174 42 undantag
728 1310 74 31 från
825 1310 119 41 lagens
968 1310 228 42 tillämpning.

842 1396 36 30 11
902 1394 29 42 8.

187 1452 132 42 Tillsyn
343 1454 19 30 å
385 1453 253 31 efterlevnaden
662 1464 41 20 av
725 1453 113 31 denna
863 1454 56 40 lag
945 1455 122 30 utövas
1094 1465 40 20 av
1159 1454 356 42 yrkesinspektionen.
1554 1455 81 32 Där-

133 1503 58 31 vid
226 1503 86 31 skall
334 1503 11 31 i
368 1503 203 42 tillämpliga
603 1503 95 32 delar
730 1504 102 31 lända
855 1504 53 31 till
931 1504 228 32 efterrättelse
1182 1505 64 31 vad
1269 1516 74 20 som
1366 1506 112 31 finnes
1502 1505 136 41 stadgat

133 1553 146 32 rörande
303 1553 119 42 tillsyn
446 1556 19 29 å
489 1554 252 31 efterlevnaden
765 1565 40 20 av
828 1555 98 41 lagen
951 1554 67 32 den
1042 1555 40 31 29
1103 1554 75 42 juni
1203 1556 80 31 1912
1307 1566 55 21 om
1379 1556 256 42 arbetarskydd.

841 1639 38 31 12
902 1638 30 42 8.

186 1697 183 32 Använder
392 1697 231 41 arbetsgivare
646 1698 154 32 arbetare
824 1698 53 31 till
900 1698 116 32 arbete
1040 1698 10 31 i
1075 1698 87 32 strid
1185 1701 72 30 mot
1279 1699 65 31 vad
1366 1699 11 31 i
1401 1700 114 31 denna
1530 1700 54 41 lag
1600 1702 36 29 är

133 1748 137 41 stadgat
293 1748 83 32 eller
398 1750 72 30 mot
493 1748 181 39 föreskrift,
700 1759 73 21 som
797 1749 192 31 meddelats
1012 1749 78 32 med
1114 1749 79 32 stöd
1216 1760 40 21 av
1278 1750 110 42 lagen,
1406 1751 135 31 straffes
1559 1750 78 32 med

133 1798 193 42 dagsböter.
372 1798 70 32 Var
475 1798 177 32 arbetaren
688 1799 108 31 under
831 1800 37 31 18
902 1801 46 36 år,
972 1810 79 21 vare
1079 1800 76 38 den,
1180 1811 74 21 som
1277 1800 62 31 har
1361 1801 196 32 vårdnaden
1582 1812 54 21 om

133 1849 189 39 arbetaren,
347 1848 61 32 där
441 1849 239 32 användandet
708 1849 91 32 skett
822 1850 78 31 med
923 1850 87 31 hans
1033 1850 143 42 vetskap
1200 1850 64 32 och
1288 1851 90 41 vilja,
1401 1851 159 32 förfallen
1583 1851 53 32 till

132 1899 100 32 böter
255 1899 73 32 från
352 1899 65 32 och
440 1899 78 32 med
540 1900 66 31 fem
630 1900 53 30 till
707 1900 64 31 och
793 1900 79 31 med
894 1900 120 31 femtio
1037 1900 135 32 kronor.

842 1984 39 31 13
902 1983 30 42 8.

186 2042 221 32 Försummar
423 2042 230 42 arbetsgivare
670 2045 50 29 att
736 2042 146 42 fullgöra
897 2043 423 42 anmälningsskyldighet,
1339 2055 74 21 som
1430 2044 204 32 föreskrives

133 2093 12 31 i
167 2092 64 42 68
256 2094 15 30 1
296 2104 112 27 mom,,
432 2093 84 31 eller
548 2095 50 29 att
630 2092 150 43 iakttaga
812 2093 65 31 vad
911 2093 109 42 enligt
1046 2094 18 31 8
1087 2093 21 42 &
1132 2093 114 39 andra,
1271 2095 109 41 tredje
1414 2094 82 32 eller
1529 2095 107 41 fjärde

133 2143 134 41 stycket
290 2143 128 42 åligger
441 2144 136 38 honom,
603 2144 135 31 straffes
762 2143 78 32 med
864 2143 196 42 dagsböter.

186 2193 75 32 Har
283 2193 230 42 arbetsgivare
537 2196 71 28 mot
630 2193 112 32 bättre
764 2194 147 31 vetande
933 2194 130 31 lämnat
1086 2194 124 41 oriktig
1232 2194 137 42 uppgift
1394 2195 8 31 i
1419 2195 214 42 anteckning,

134 2254 74 22 som
232 2254 99 21 avses
354 2244 11 31 i
389 2245 18 30 8
430 2243 21 42 &
474 2244 106 31 andra
603 2244 141 41 stycket,
769 2244 135 31 straffes
928 2244 78 31 med
1030 2244 185 41 dagsböter
1238 2245 29 40 ej
1292 2245 109 32 under
1423 2246 77 31 fem.

840 2329 39 29 14
901 2327 30 41 8.

185 2376 180 32 Förseelse
400 2379 72 29 mot
505 2377 112 31 denna
638 2377 56 40 lag
716 2377 107 31 åtalas
846 2377 57 31 vid
927 2377 254 41 polisdomstol,
1205 2378 61 31 där
1289 2378 106 32 sådan
1418 2380 36 29 är
1477 2378 159 39 inrättad,

134 2437 79 20 men
237 2427 99 41 eljest
358 2427 58 31 vid
439 2427 125 31 allmän
588 2427 160 31 domstol.

185 2477 116 38 Böter,
325 2488 74 20 som
424 2477 140 31 ådömas
587 2477 108 40 enligt
717 2477 112 31 denna
851 2477 65 41 lag,
940 2477 136 32 tillfalla
1098 2478 139 31 kronan.
