1884 2780
273 148 18 29 2
591 147 118 30 Andra
729 146 245 40 lagutskottets
995 148 179 31 utlåtande
1193 158 43 21 nr
1255 150 41 29 56
1314 149 40 30 år
1375 150 84 30 1963

276 230 61 34 ter,
356 239 75 21 som
447 230 69 30 inte
534 230 162 31 omfattas
714 241 42 20 av
774 232 288 37 undantagandet.
1080 233 262 30 Bestämmelser
1359 234 212 30 härutinnan
1589 234 96 31 finns
1703 236 11 29 i
1735 236 38 29 12

275 279 81 38 kap.
374 280 19 30 2
411 280 15 37 8
445 280 108 30 andra
570 280 134 39 stycket
720 281 100 40 lagen
838 290 57 21 om
912 282 129 29 allmän
1059 282 200 40 försäkring
1276 283 103 31 såvitt
1396 293 99 21 avser
1511 284 262 41 ålderspension

275 329 67 30 och
360 330 10 29 i
392 330 40 30 13
449 330 79 40 kap.
548 331 18 29 2
588 330 15 38 $
624 331 111 39 tredje
756 331 135 39 stycket
911 332 102 30 såvitt
1032 332 108 40 angår
1159 333 286 39 förtidspension.
1465 334 174 30 Eftersom
1660 335 114 30 famil-

274 378 183 39 jepension
481 379 174 32 beräknas
678 381 11 29 i
713 381 147 30 relation
886 382 50 29 till
961 382 66 30 den
1053 382 224 31 försäkrades
1304 383 141 31 förtids-
1469 385 83 29 eller
1576 385 197 40 ålderspen-

275 428 78 31 sion
372 430 83 30 eller
473 431 66 30 den
559 431 282 37 förtidspension,
861 433 113 29 vartill
994 432 70 30 han
1085 434 110 29 skulle
1215 434 45 30 ha
1279 435 90 29 varit
1389 435 199 38 berättigad,
1610 446 56 20 om
1685 436 89 31 hans

274 478 278 41 arbetsförmåga
571 480 58 30 vid
650 481 94 30 tiden
767 481 56 30 för
844 482 186 31 dödsfallet
1052 484 90 29 varit
1165 484 36 29 så
1223 484 139 30 nedsatt
1385 493 74 21 som
1482 485 124 31 kräves
1628 486 55 29 för
1704 487 69 29 rätt

274 528 54 31 till
357 529 109 31 sådan
493 530 157 39 pension,
678 530 172 40 påverkar
878 533 286 39 undantagandet
1192 534 106 30 också
1327 534 329 41 familjepensionen
1685 536 88 31 efter

274 579 67 29 den
358 579 215 32 försäkrade.
589 582 277 39 Undantagande
883 582 78 30 från
977 582 431 42 tilläggspensioneringen
1426 585 54 30 får
1496 586 174 39 betydelse
1686 587 86 30 även

273 629 57 30 för
353 629 339 41 sjukförsäkringen.
715 631 68 30 För
805 632 51 30 tid
880 632 43 30 då
946 633 285 40 undantagandet
1254 635 81 39 äger
1357 635 157 39 giltighet
1538 636 89 30 skall
1649 637 123 29 nämli-

273 685 65 31 gen
356 680 67 29 den
440 680 224 31 försäkrades
682 681 335 41 sjukpenningklass
1034 683 213 32 bestämmas
1266 686 79 29 med
1363 685 204 31 bortseende
1586 686 79 31 från
1683 688 89 29 hans

272 728 157 31 inkomst
455 739 42 20 av
522 733 108 28 annat
656 731 277 31 förvärvsarbete
959 733 44 29 än
1030 734 228 40 anställning;
1288 736 398 41 grundsjukpenningen
1713 738 60 39 på-

271 779 127 31 verkas
416 780 88 30 dock
522 781 45 39 ej.

317 829 173 31 Anmälan
509 840 57 20 om
585 831 271 39 undantagande
876 833 69 30 kan
964 833 189 32 återkallas
1172 844 42 21 av
1232 835 66 30 den
1319 835 205 32 försäkrade
1543 838 79 30 med
1641 838 130 30 verkan

273 878 80 31 från
371 880 101 30 nästa
488 880 176 36 årsskifte,
682 882 89 29 dock
789 883 141 39 tidigast
948 883 79 30 från
1045 885 57 29 det
1120 885 165 30 årsskifte
1305 895 75 21 som
1398 887 168 30 inträffar
1584 888 105 30 sedan
1709 898 63 20 un-

272 930 236 39 dantagandet
526 932 58 38 ägt
603 932 157 39 giltighet
780 933 11 29 i
812 933 72 30 fem
904 934 47 30 år.
973 935 73 29 Den
1068 944 76 21 som
1165 935 185 32 återkallat
1371 938 165 29 anmälan
1558 947 56 21 om
1636 939 135 30 undan-

271 979 150 39 tagande
445 980 55 30 får
522 980 154 31 därefter
698 982 70 30 inte
793 983 90 39 ånyo
907 984 82 40 göra
1013 984 98 39 dylik
1133 986 175 30 anmälan.

714 1125 263 60 Äktenskapets
997 1135 303 52 rättsverkningar

316 1230 123 31 Makar
460 1231 39 30 är
521 1231 158 41 skyldiga
701 1235 50 28 att
772 1233 146 41 bidraga
939 1234 52 30 till
1013 1236 192 31 varandras
1227 1237 66 30 och
1314 1237 53 30 till
1391 1237 182 41 familjens
1603 1249 57 20 un
1674 1240 21 29 de
1740 1250 31 20 r-

271 1280 115 29 häll.
417 1281 74 30 Den
511 1282 282 40 grundläggande
813 1284 268 31 bestämmelsen
1101 1286 123 30 härom
1243 1287 194 32 återfinnes
1457 1289 11 29 i
1488 1290 19 29 5
1527 1289 79 39 kap.
1628 1291 18 29 2
1669 1290 15 37 8
1706 1290 66 40 gif-

272 1330 281 32 termålsbalken.
575 1332 115 41 Enligt
711 1334 95 30 detta
826 1335 136 39 lagrum
982 1335 130 40 åligger
1132 1337 56 29 det
1208 1338 124 29 makar
1353 1340 61 33 att,
1435 1348 61 20 var
1517 1339 88 30 efter
1626 1340 53 30 sin
1701 1340 69 30 för-

270 1380 112 38 måga,
404 1388 122 31 genom
548 1382 149 31 tillskott
718 1393 42 20 av
780 1384 203 40 penningar,
1006 1387 223 30 verksamhet
1251 1388 10 29 i
1284 1388 154 30 hemmet
1460 1390 83 29 eller
1564 1391 205 30 annorledes

270 1429 143 38 bidraga
431 1433 51 29 till
501 1435 47 27 att
567 1434 124 30 bereda
711 1433 157 38 familjen
886 1436 55 30 det
960 1437 192 36 underhåll,
1171 1447 74 21 som
1264 1439 77 29 med
1361 1441 166 29 avseende
1547 1440 20 30 å
1584 1442 185 30 makarnas

269 1479 128 31 villkor
417 1481 69 30 kan
508 1491 102 21 anses
631 1483 190 41 tillbörligt.
844 1485 184 30 Härunder
1050 1487 98 39 ingår
1170 1488 64 29 vad
1259 1497 75 21 som
1356 1489 175 30 erfordras
1556 1490 53 29 för
1631 1492 139 28 makar-

269 1540 64 20 nas
360 1539 259 31 gemensamma
645 1534 228 40 hushållning
899 1537 64 29 och
990 1537 152 30 barnens
1171 1539 209 39 uppfostran
1410 1543 89 27 samt
1529 1540 54 30 för
1611 1542 157 39 tillgodo-

269 1581 125 29 seende
411 1591 41 20 av
468 1583 145 30 vardera
630 1584 145 30 makens
793 1585 173 31 särskilda
983 1587 121 30 behov.
1123 1588 114 39 Ägnar
1256 1589 153 30 hustrun
1428 1590 54 30 sin
1500 1591 214 30 arbetskraft
1733 1592 34 30 åt

267 1631 174 30 hemmets
462 1632 139 35 skötsel,
623 1634 128 30 räknas
772 1635 71 29 hon
865 1636 142 30 därmed
1028 1637 145 40 bidraga
1194 1638 51 30 till
1268 1639 230 31 underhållet.
1522 1641 13 28 I
1559 1641 123 31 sådant
1706 1642 61 30 fall

268 1680 131 40 åligger
422 1682 56 29 det
501 1683 11 28 i
535 1683 136 40 princip
696 1693 153 21 mannen
875 1687 50 28 att
949 1686 267 32 tillhandahålla
1240 1689 154 29 hustrun
1419 1691 267 39 penningmedel
1713 1692 54 30 för

268 1731 41 29 de
331 1731 143 39 utgifter
495 1733 114 30 denna
631 1734 64 30 har
716 1737 50 27 att
788 1735 198 40 ombesörja
1008 1736 55 30 för
1084 1737 273 40 hushållningen
1381 1740 65 29 och
1468 1740 54 30 för
1545 1741 221 31 bestridande

268 1790 43 19 av
330 1781 146 39 utgifter
493 1782 54 30 för
567 1783 170 31 hustruns
759 1786 173 30 särskilda
952 1786 112 30 behov
1089 1787 36 34 (5
1146 1788 78 39 kap.
1248 1788 18 30 3
1290 1788 49 37 8).

312 1829 170 40 Reglerna
501 1841 56 20 om
589 1834 516 41 egendomsordningen
1173 1838 11 29 i
1204 1839 190 38 äktenskap
1415 1840 186 32 återfinnes
1622 1843 11 29 i
1652 1843 18 29 6
1689 1839 78 48 kap.

266 1879 335 38 giftermålsbalken.
623 1883 153 30 Vardera
797 1885 129 30 maken
947 1886 80 39 äger
1048 1887 66 29 och
1136 1887 167 31 förvaltar
1326 1889 53 30 sin
1402 1891 177 38 egendom.
1604 1892 163 31 Emeller-

267 1929 50 30 tid
335 1931 65 29 har
416 1932 98 38 lagen
532 1934 154 29 utrustat
702 1934 147 30 vardera
865 1936 128 29 maken
1010 1937 79 29 med
1107 1946 42 20 en
1167 1938 69 30 viss
1254 1939 69 29 rätt
1341 1939 53 30 till
1412 1941 66 29 den
1496 1942 108 29 andre
1620 1943 146 30 makens

267 1979 179 37 egendom,
470 1981 167 38 giftorätt,
663 1983 115 30 vilken
803 1985 146 30 innebär
974 1986 150 30 framför
1147 1988 60 31 allt
1231 1998 42 20 en
1296 1990 70 30 rätt
1390 1990 53 30 till
1467 1992 71 29 lika
1562 1992 140 40 delning
1725 2003 43 20 av

265 2028 127 40 bägges
412 2032 166 38 egendom
598 2033 56 30 vid
674 2033 250 41 äktenskapets
944 2036 221 41 upplösning.
1186 2038 91 30 Från
1298 2039 159 40 giftorätt
1477 2041 217 41 undantages
1715 2044 51 30 så-

266 2079 69 29 dan
353 2081 176 38 egendom,
548 2091 75 21 som
639 2084 107 39 enligt
763 2085 174 31 särskilda
952 2087 111 39 regler
1079 2096 102 22 anses
1197 2098 83 21 vara
1295 2090 259 31 vederbörande
1571 2093 120 31 makes
1708 2104 58 20 en-

268 2129 124 31 skilda.
419 2130 66 30 Till
511 2132 113 39 skydd
651 2133 55 30 för
731 2135 122 30 makes
881 2136 158 39 giftorätt
1064 2138 65 29 har
1156 2139 164 40 stadgats,
1349 2143 50 27 att
1426 2141 56 31 det
1508 2142 129 40 åligger
1662 2145 103 30 make

265 2180 51 29 att
338 2180 37 30 så
395 2180 105 31 vårda
521 2181 59 31 sitt
601 2182 274 42 giftorättsgods,
897 2188 49 28 att
966 2187 56 30 det
1042 2188 71 30 inte
1135 2188 231 41 otillbörligen
1387 2191 158 31 minskas
1566 2195 107 29 andre
1693 2203 72 20 ma-

265 2229 68 30 ken
359 2230 52 30 till
436 2231 149 41 förfång.
610 2234 194 31 Därutöver
829 2235 65 30 har
918 2236 220 32 föreskrivits
1162 2241 50 28 att
1236 2241 122 29 makes
1384 2243 178 38 samtycke
1589 2244 175 31 erfordras

266 2278 51 31 till
340 2279 205 40 förfogande
567 2282 81 31 över
668 2283 93 31 vissa
783 2286 74 39 slag
878 2296 42 20 av
940 2286 273 42 giftorättsgods,
1237 2299 73 21 som
1333 2292 40 29 är
1395 2292 141 31 särskilt
1557 2294 131 39 viktiga
1711 2295 54 30 för

264 2328 155 32 hemmet
441 2332 64 29 och
527 2332 107 31 andre
656 2334 137 31 maken.
819 2335 153 32 Sålunda
995 2338 107 39 gäller
1123 2338 301 43 inskränkningar
1445 2343 10 29 i
1479 2343 121 31 makes
1623 2344 141 31 förvalt-

264 2378 86 40 ning
367 2390 41 20 av
426 2381 73 30 dels
516 2382 136 31 lösören
672 2393 74 21 som
763 2386 100 39 ingår
881 2386 10 30 i
909 2387 56 30 det
984 2388 54 29 för
1054 2389 191 31 makarnas
1263 2399 260 31 gemensamma
1541 2393 222 41 begagnande

263 2431 153 29 avsedda
431 2431 146 41 bohaget
592 2434 83 30 eller
691 2435 38 29 är
745 2436 152 30 avsedda
914 2437 55 30 för
983 2438 151 31 barnens
1152 2442 198 39 personliga
1366 2442 101 35 bruk,
1485 2444 72 29 dels
1576 2444 69 31 fast
1662 2454 100 31 egen-
