2222 2640
780 213 218 38 Lagutskotets
1027 213 153 30 Utlåtande
1203 214 61 30 N:o
1288 215 47 29 15.
1830 214 18 31 öd

250 291 69 36 och
347 291 126 36 »bod».
526 290 127 37 Såsom
681 291 80 36 skäl
789 291 57 37 för
874 292 120 36 denna
1021 291 217 52 förändring
1266 292 152 38 anförde
1448 294 181 36 utskottet
1656 294 12 35 i
1696 294 63 36 sitt
1787 307 64 23 un-

250 345 65 36 der
342 358 58 23 n:o
432 347 45 35 35
508 343 143 51 afgifna
680 346 240 43 betänkande,
949 351 55 31 att
1031 346 136 37 sådana
1194 346 380 50 försäljningsställen,
1598 360 77 24 som
1695 348 157 36 brödbo-

250 399 78 44 dar,
357 398 336 49 mjölkmagasiner,
721 397 294 52 sockerbagerier
1043 401 67 35 och
1140 401 113 36 andra
1281 401 130 49 dylika
1440 402 158 44 butiker,
1627 402 149 36 hvaruti
1804 414 47 24 en

251 453 136 36 handel
416 451 155 46 drefves,
602 465 78 24 som
709 453 60 36 till
797 454 178 36 rörelsens
1003 453 152 50 omfång
1174 455 68 35 och
1262 461 58 29 art
1339 455 200 48 ingalunda
1559 467 87 24 vore
1662 454 190 50 jemförlig

250 506 86 36 med
364 506 81 44 den,
473 519 78 23 som
580 506 154 53 idkades
761 507 12 34 i
801 508 185 48 egentliga
1014 507 222 45 kramlådor,
1267 508 116 36 hölles
1410 507 77 37 ofta
1515 515 123 42 öppna
1666 508 21 36 å
1711 509 141 44 sabbat,

251 566 91 30 utan
377 565 65 38 att,
459 559 38 36 så
515 559 81 36 vidt
627 560 181 36 utskottet
835 559 171 50 försport,
1026 560 122 50 någon
1176 560 200 50 förargelse
1404 561 212 49 derigenom
1645 561 206 37 åstadkom-

251 614 96 35 mits.
404 613 190 36 Utskottet
636 614 91 35 ville
768 627 52 23 nu
858 614 139 49 tydligt
1029 615 183 44 utmärka,
1239 621 56 29 att
1326 615 129 48 dylika
1482 616 369 48 försäljningsställen

250 668 80 35 icke
359 679 87 24 vore
470 666 116 37 under
614 666 63 37 det
704 668 12 35 i
745 668 85 36 sista
858 669 164 47 punkten
1053 667 42 37 af
1120 668 239 37 förevarande
1388 668 18 49 $
1435 669 174 49 stadgade
1636 668 135 37 förbud
1800 669 52 36 in-

251 722 190 48 begripna.
498 721 145 36 Tillika
679 720 176 37 framhöll
897 722 190 44 utskottet,
1128 727 55 30 att
1223 722 135 36 handel
1391 721 21 37 å
1445 723 132 35 sabbat
1608 723 12 35 i
1648 723 205 36 allmänhet

251 777 114 33 måste
394 787 102 23 anses
522 773 386 50 förargelseväckande
937 776 67 35 och
1032 774 60 37 för
1121 775 130 36 andras
1277 775 249 49 religionsfrid
1555 776 181 44 störande,
1757 782 96 30 samt

251 834 56 30 att
335 828 62 36 det
425 829 12 34 i
466 829 52 35 all
546 829 200 49 synnerhet
774 842 85 22 vore
888 827 41 37 af
953 829 78 48 vigt
1059 834 56 30 att
1143 829 139 49 skydda
1310 830 138 47 tjenare
1478 830 92 35 eller
1590 829 112 36 andra
1723 830 130 36 under-

253 882 162 49 lydande
457 888 78 29 mot
576 882 228 36 husbönders
833 882 153 49 möjliga
1015 883 229 48 benägenhet
1271 888 57 30 att
1354 882 206 49 onödigtvis
1589 882 151 37 beröfva
1768 883 82 36 dem

251 936 105 35 deras
384 935 267 49 söndagshvila.

358 1015 129 49 Enligt
528 1016 197 35 utskottets
766 1014 239 37 förmenande
1046 1016 127 36 kunna
1209 1016 125 44 tobak,
1368 1029 85 23 snus
1486 1016 68 36 och
1584 1016 161 49 cigarrer
1773 1017 79 35 icke

252 1082 103 24 anses
388 1082 88 23 vara
508 1068 404 49 nödvändighetsvaror
940 1068 40 37 af
1005 1069 70 36 den
1105 1068 262 47 beskaffenhet,
1396 1075 54 30 att
1478 1070 44 35 de
1550 1071 81 35 icke
1659 1075 88 30 utan
1777 1071 73 34 olaä-

251 1123 136 49 genhet
428 1123 127 35 kunna
596 1122 47 49 på
670 1121 157 37 förhand
861 1121 182 38 anskaffas
1077 1123 89 36 eller
1194 1123 134 36 sådana
1356 1136 118 32 varor,
1502 1136 78 23 som
1609 1124 242 48 lagutskottet

250 1177 63 36 vid
342 1176 270 37 ofvanberörda
639 1176 148 49 riksdag
815 1189 133 36 genom
977 1179 68 35 den
1076 1177 11 35 i
1117 1179 21 34 3
1168 1176 18 49 $
1216 1177 179 49 vidtagna
1422 1176 216 49 förändring
1664 1178 100 35 velat
1785 1190 65 22 un-

251 1230 162 49 dantaga
446 1229 80 36 från
557 1230 61 35 det
646 1230 12 34 i
687 1231 225 46 lagrummet
940 1230 175 48 stadgade
1143 1229 133 37 förbud
1308 1236 78 30 mot
1415 1230 210 35 kramlådas
1653 1229 198 49 öppenhål-

252 1283 111 36 lande
392 1283 116 39 under
535 1283 214 36 sabbatstid.

361 1337 130 35 Praxis
533 1337 11 34 i
589 1337 118 35 denna
748 1335 105 49 fråga
895 1336 66 35 har
994 1336 219 44 emellertid,
1242 1335 116 37 såsom
1393 1335 40 37 af
1459 1337 228 35 motionären
1711 1337 141 47 jemväl

253 1390 232 44 framhållits,
500 1390 95 36 visat
610 1390 55 46 sig
680 1403 88 22 vara
783 1390 138 47 ganska
937 1390 214 35 vacklande.
1183 1391 12 35 I
1213 1389 89 36 flera
1317 1388 67 37 fall
1400 1389 110 36 hafva
1526 1389 153 36 sålunda
1694 1389 157 36 domsto-

252 1445 103 34 larne
398 1443 80 36 haft
519 1456 44 23 en
597 1444 101 35 olika
733 1442 237 50 uppfattning
998 1456 61 23 om
1087 1443 217 49 tolkningen
1334 1442 41 36 af
1400 1442 282 50 ifrågavarande
1710 1443 141 48 lagbud

251 1498 68 35 och
354 1497 170 36 särskildt
552 1497 11 35 i
594 1497 62 36 det
683 1496 40 36 af
749 1497 226 35 motionären
1009 1496 206 49 åberopade
1243 1496 172 45 rättsfall,
1443 1510 78 23 som
1550 1496 42 36 af
1618 1495 92 37 båda
1739 1495 114 37 afdel-

252 1552 182 48 ningarna
461 1552 98 34 inom
590 1551 129 47 högsta
748 1551 206 35 domstolen
984 1549 176 37 samfäldt
1187 1549 201 46 afdömdes,
1416 1551 66 35 har
1505 1550 63 36 vid
1598 1549 129 37 målets
1755 1549 97 50 afgö-

250 1605 114 35 rande
392 1605 11 35 i
433 1605 164 48 plenum,
641 1603 114 36 såsom
790 1604 154 35 nämndt
973 1611 50 37 är,
1051 1608 118 45 yppat
1197 1604 54 48 sig
1280 1603 431 50 meningsskiljaktighet.
1767 1603 85 36 För-

250 1658 156 48 klarligt
434 1671 72 35 nog
535 1658 67 35 har
630 1657 120 36 denna
778 1658 135 35 tvekan
942 1657 155 36 rörande
1126 1657 197 48 lagbudets
1351 1657 268 49 tillämplighet
1644 1656 46 50 på
1710 1657 143 35 tobaks-

250 1710 161 36 handeln
441 1711 79 35 icke
549 1711 144 35 kunnat
722 1709 124 49 undgå
874 1715 55 31 att
955 1709 202 36 framkalla
1186 1711 191 35 osäkerhet
1396 1711 11 34 i
1427 1710 101 36 detta
1553 1708 168 39 afseende
1741 1709 110 37 äfven

250 1765 65 35 hos
345 1764 96 44 dem,
469 1776 77 23 som
576 1762 113 37 hafva
717 1764 53 48 sig
799 1763 124 48 ålagdt
952 1770 54 29 att
1034 1762 120 37 beifra
1182 1762 280 49 ifrågavarande
1490 1762 250 50 förbrytelser.

358 1817 56 35 Då
455 1817 62 36 det
553 1817 197 48 onekligen
784 1816 104 36 torde
916 1829 88 23 vara
1033 1816 42 36 af
1099 1817 82 47 vigt
1209 1822 54 29 att
1292 1816 230 48 undanrödja
1551 1816 69 35 den
1649 1816 204 36 vacklande

251 1871 347 48 lagtillämpningen
633 1869 46 49 på
712 1869 280 49 ifrågavarande
1026 1869 160 44 område,
1214 1870 68 35 har
1316 1870 179 35 utskottet
1523 1874 121 31 ansett
1671 1870 84 35 herr
1782 1869 71 36 Ek-

251 1935 105 25 mans
395 1924 272 48 framställning
708 1924 79 35 icke
831 1924 89 35 böra
958 1924 141 35 lemnas
1122 1923 194 36 obeaktad.
1375 1923 68 36 Att
1470 1923 207 36 emellertid
1705 1923 149 48 vidtaga

251 1991 45 22 en
339 1978 156 48 ändring
537 1977 12 34 i
592 1977 173 49 gällande
799 1977 62 48 Jag
894 1977 11 35 i
939 1977 68 35 den
1038 1978 39 34 af
1105 1977 228 35 motionären
1362 1975 151 50 angifna
1542 1976 176 49 rigtning,
1746 1988 107 37 synes

250 2031 181 35 utskottet
459 2043 85 23 vara
574 2043 45 23 en
648 2029 139 50 åtgärd,
816 2042 77 23 som
923 2030 204 48 ingalunda
1156 2036 39 29 är
1217 2029 171 48 behöflig,
1408 2035 87 30 utan
1516 2029 105 36 torde
1642 2028 211 49 syftemålet

251 2084 85 35 med
366 2084 185 34 motionen
581 2084 82 35 bäst
691 2083 129 35 vinnas
849 2083 152 35 medelst
1030 2095 44 23 en
1104 2081 281 49 lagförklaring.

357 2135 188 37 Utskottet
573 2134 153 37 föreslår
754 2129 251 54 följaktligen:

786 2217 53 34 1:o
895 2220 55 29 att
993 2214 85 36 herr
1126 2213 247 37 ”Thermenius
1416 2214 139 35 motion
1600 2214 79 35 icke
1713 2212 61 36 må
1816 2212 41 36 af

674 2267 209 49 Riksdagen
913 2266 164 45 bifallas;

293 2332 67 29 Bih.
388 2332 44 29 till
456 2331 101 29 Riksd.
584 2331 80 29 Prot.
692 2331 91 29 1893.
834 2332 15 28 7
875 2330 93 30 Saml.
1019 2332 15 27 T
1060 2331 87 37 Häft.
1787 2328 19 30 2
