2160 2646
450 227 36 28 16
921 224 242 39 Laqutskottets
1188 223 169 31 utlåtande
1380 221 52 33 Nr
1459 225 46 29 18.

406 304 151 47 göring,
594 312 22 27 I.
647 317 58 22 ex.
734 316 47 23 en
810 302 346 48 fälttjänstoövniug,
1186 301 70 37 och
1283 306 56 31 att
1366 301 47 36 de
1442 304 138 44 många
1607 299 405 50 sjukanmälningarna

407 359 64 31 äro
499 353 57 37 till
582 353 151 47 besvär,
762 352 154 49 obehag
944 352 72 37 och
1044 351 136 37 hinder
1209 351 58 37 för
1294 350 309 38 militärläkarna.
1658 350 184 38 WSiffrorna
1868 354 50 46 på
1945 349 66 50 dy-

406 404 78 37 lika
524 403 355 50 sjukanmälningar
921 408 63 32 äro
1016 403 68 36 här
1125 402 71 37 och
1237 415 67 23 var
1345 404 43 34 så
1416 402 114 46 höga,
1558 407 54 31 att
1643 402 45 37 de
1718 402 93 47 visa,
1842 407 55 31 att
1925 414 86 24 man

405 455 201 36 flerstädes
634 454 114 37 bland
778 454 47 37 de
853 453 259 50 värnpliktige
1140 452 306 49 uppenbarligen
1467 452 32 47 ej
1518 452 67 37 har
1604 465 45 23 en
1670 456 75 33 rätt
1763 451 249 51 uppfattning

408 519 46 23 av
487 506 115 36 dessa
644 505 278 48 anmälningar,
952 509 54 31 att
1043 517 84 23 man
1165 503 258 48 ådagalägger
1446 516 47 22 en
1518 502 255 37 klandervärd
1801 502 214 49 klemighet

408 556 71 38 och
515 555 130 38 ibland
679 560 84 32 rent
800 567 46 25 av
886 555 173 47 vidtager
1109 554 225 47 förkastliga
1378 553 132 37 försök
1538 558 55 32 att
1623 553 125 49 slippa
1775 554 128 36 undan
1931 552 82 38 sina

407 606 437 50 tjänstgöringsplikter.
901 606 86 36 Men
1016 605 113 36 dessa
1156 605 192 49 yttringar
1376 604 210 49 bekämpas
1614 603 122 49 enligt
1763 606 65 34 vår
1856 603 158 48 mening

408 658 84 36 icke
521 657 240 37 uteslutande
796 656 96 37 eller
919 656 134 36 främst
1081 669 140 35 genom
1249 660 54 31 att
1330 655 182 48 tillskapa
1540 659 55 32 ett
1622 659 85 44 nytt
1735 654 126 37 direkt
1889 654 126 37 straff-

408 708 77 37 hot.
541 706 290 39 Verksammare
872 706 126 37 medel
1037 711 65 32 äro
1144 705 221 48 säkerligen
1406 711 55 31 att
1493 705 223 37 överhuvud
1745 705 95 36 söka
1866 704 149 48 ingjuta

408 759 69 37 hos
501 758 46 37 de
575 758 259 48 värnpliktige
864 772 47 23 en
946 757 76 48 god
1063 756 99 37 anda
1190 756 71 37 och
1290 761 55 32 ett
1372 756 135 49 riktigt
1533 756 93 36 känt
1653 768 139 24 ansvar
1819 755 58 37 för
1904 755 110 37 deras

409 809 277 49 skyldigheter,
720 814 55 31 att
814 808 184 37 förehålla
1036 807 287 37 vederbörande
1351 807 65 36 det
1455 807 166 47 oriktiga
1660 806 11 36 i
1706 811 55 32 att
1787 810 94 44 göra
1909 806 105 49 sjuk-

409 859 266 48 anmälningar
706 865 91 31 utan
836 858 212 48 trängande
1077 858 126 36 behov
1232 858 72 36 och
1333 857 64 37 det
1420 857 244 48 nödvändiga
1695 857 12 36 i
1739 862 56 31 att
1824 861 109 32 träna
1956 856 61 49 sig

408 911 59 36 för
494 915 223 44 strapatser,
745 923 31 23 o.
802 923 29 23 8.
849 924 35 22 v.
939 909 139 37 Vidare
1106 908 240 48 tilläventyrg
1375 908 119 37 också
1521 921 142 35 genom
1691 907 118 37 andra
1838 906 178 49 åtgärder

408 961 84 37 från
520 960 306 37 militärbefälets
855 960 95 47 sida,
977 962 41 34 så
1046 965 54 31 att
1128 960 187 47 tjänstens
1343 959 191 36 intressen
1563 958 247 37 kombineras
1834 958 88 36 med
1942 957 74 37 den

408 1011 282 49 värnpliktiges
718 1024 109 35 egna.

539 1061 68 37 Att
647 1075 49 23 nu
738 1061 163 37 berörda
941 1060 177 48 åtgärder
1146 1060 101 36 visat
1269 1060 61 47 sig
1358 1059 243 37 verksamma
1628 1060 58 36 för
1715 1058 227 37 minskande
1970 1071 47 24 av

408 1112 404 50 sjukanmälningarna
852 1111 109 37 torde
993 1111 117 37 också
1136 1110 148 48 framgå
1312 1123 59 33 av,
1400 1115 55 32 att
1482 1110 142 37 antalet
1651 1110 129 48 dylika
1807 1108 210 38 anmälnin-

408 1177 69 35 gar
513 1163 64 37 vid
605 1176 48 23 en
681 1162 60 37 del
769 1167 253 43 regementen
1050 1167 41 31 är
1119 1162 148 47 ganska
1291 1161 94 46 litet,
1415 1161 137 36 medan
1580 1160 64 37 det
1672 1164 49 46 på
1748 1160 118 37 andra
1894 1159 123 49 sprin-

409 1228 70 34 ger
506 1227 77 36 upp
612 1213 57 37 till
697 1213 154 49 mycket
875 1213 102 48 höga
1004 1212 125 37 siffror
1156 1232 48 3 —
1232 1215 117 44 något
1377 1224 83 23 som
1490 1214 119 34 måste
1638 1210 194 46 innebära,
1856 1216 54 31 att
1930 1223 87 24 man

408 1265 117 37 redan
559 1278 50 23 nu
649 1264 107 36 sitter
793 1264 92 36 inne
921 1263 86 38 med
1045 1262 255 50 möjligheter,
1334 1262 100 36 blott
1461 1262 48 36 de
1536 1261 178 50 lämpligt
1735 1261 200 49 utnyttjas,
1963 1266 55 32 att

409 1315 136 49 bringa
571 1314 76 38 ned
674 1314 405 49 sjukanmälningarna
1106 1313 58 36 till
1192 1312 171 37 normala
1390 1312 278 50 proportioner.

539 1366 76 36 Det
654 1370 41 32 är
733 1379 45 23 av
818 1365 189 37 utskottet
1045 1363 227 48 framhållet,
1313 1368 55 31 att
1404 1363 245 49 möjligheter
1675 1363 108 37 torde
1812 1362 206 37 förefinnas

412 1422 55 32 att
499 1416 118 37 redan
658 1429 51 23 nu
752 1417 128 35 kunna
908 1415 180 37 bestraffa
1116 1414 219 37 simulation
1375 1427 46 23 av
1448 1427 51 23 nu
1528 1414 249 37 förevarande
1805 1412 98 48 slag,
1931 1425 88 24 men

413 1473 55 31 att
507 1467 150 37 straffet
696 1467 48 36 då
783 1467 124 36 skulle
948 1465 51 37 bli
1033 1465 129 37 alltför
1190 1465 104 47 högt.
1345 1463 47 38 Vi
1415 1467 99 45 våga
1540 1464 86 37 icke
1654 1464 118 37 uttala
1799 1467 128 45 någon
1953 1463 67 37 be-

412 1517 190 38 stämdare
642 1518 156 47 mening
837 1517 145 47 härom,
1011 1529 87 24 men
1127 1516 66 37 det
1221 1515 72 37 kan
1322 1514 259 49 ifrågasättas,
1609 1515 186 37 huruvida
1824 1514 65 36 det
1915 1515 11 35 i
1953 1513 68 37 allt

413 1568 66 37 fall
516 1569 86 37 icke
641 1573 40 31 är
719 1567 226 50 lämpligare
973 1572 53 32 att
1054 1567 128 36 kunna
1210 1566 87 36 med
1325 1571 55 31 ett
1408 1566 119 44 straff,
1566 1565 52 37 låt
1650 1578 92 24 vara
1769 1565 61 36 väl
1858 1569 162 43 strängt,

414 1619 145 37 drabba
585 1622 127 44 någon
741 1618 201 49 synnerlig
970 1631 95 35 grov
1089 1623 58 31 art
1174 1630 47 23 av
1249 1616 220 37 simulation
1502 1621 47 31 än
1581 1621 54 31 att
1670 1629 139 35 genom
1838 1628 75 35 nya
1939 1615 81 49 lag-

414 1670 289 37 bestämmelser
740 1670 36 35 få
812 1669 119 37 infört
967 1675 53 31 ett
1057 1667 167 48 särskilt,
1258 1681 61 23 om
1348 1667 72 37 ock
1449 1666 218 48 lindrigare,
1696 1666 112 37 straff
1826 1667 59 36 för
1912 1665 49 37 all
1990 1679 27 23 s.

415 1722 35 36 k.
480 1720 230 46 simulation,
739 1725 55 31 ett
822 1720 118 47 straff,
970 1733 78 23 som
1079 1719 80 36 ofta
1186 1718 107 37 torde
1323 1718 154 37 komma
1505 1723 54 31 att
1586 1717 210 49 påfordras,
1825 1730 87 24 men
1940 1730 79 23 som

415 1772 118 37 också
566 1772 75 36 kan
669 1770 200 48 ofrivilligt
896 1770 238 37 missbrukas
1163 1769 71 37 och
1264 1768 194 37 föranleda
1481 1769 117 47 högst
1624 1768 223 48 beklagliga
1869 1767 150 48 följder.

551 1821 18 37 I
596 1821 68 37 allt
690 1821 65 37 fall
779 1820 98 38 skall
905 1821 65 37 det
997 1833 90 24 vara
1115 1819 158 50 mycket
1300 1819 130 37 starka
1452 1819 96 48 skäl,
1568 1831 81 24 som
1670 1818 129 38 kunna
1824 1817 198 38 föranleda

417 1872 207 47 riksdagen
668 1877 54 31 att
760 1885 49 23 nu
845 1871 120 37 uttala
993 1871 61 47 sig
1076 1870 58 37 för
1161 1869 165 49 ändring
1352 1870 13 36 i
1393 1883 48 24 en
1469 1869 76 49 lag,
1574 1883 80 23 som
1685 1869 94 37 först
1802 1868 87 37 med
1917 1868 106 37 detta

419 1927 40 33 år
484 1928 93 32 trätt
602 1923 12 36 i
642 1922 256 49 tillämpning.
952 1913 244 45 Åtminstone
1234 1920 68 37 har
1342 1934 88 23 man
1468 1924 50 45 på
1555 1920 66 37 det
1657 1920 89 47 håll,
1775 1919 168 37 därifrån
1966 1924 57 31 ut-

418 1973 390 49 skottsmajoritetens
850 1972 130 37 beslut
1013 1972 201 46 dikterats,
1242 1971 135 37 hittills
1409 1971 107 36 alltid
1545 1971 89 46 hyst
1661 1970 173 48 motvilja
1862 1975 79 32 mot
1969 1974 54 32 att

419 2024 118 37 ändra
564 2024 119 48 lagar,
711 2037 81 23 som
821 2024 160 49 nyligen
1009 2021 233 38 tillkommit.
1283 2021 244 50 Näppeligen
1547 2022 67 36 bar
1633 2021 65 37 det
1715 2021 190 48 någonsin
1925 2020 97 37 före-

418 2075 171 48 kommit,
626 2080 53 31 att
713 2074 166 49 ändring
907 2088 46 23 av
980 2072 210 48 riksdagen
1214 2072 155 50 begärts
1393 2072 12 36 i
1432 2085 48 24 en
1507 2072 76 48 lag,
1608 2085 80 24 som
1718 2072 34 49 ej
1782 2071 100 38 varit
1908 2071 12 36 i
1947 2070 75 38 till-

418 2125 200 49 lämpning
641 2128 21 34 3
692 2125 191 37 månader.
950 2125 86 36 Men
1066 2123 12 36 i
1106 2123 108 48 fråga
1250 2137 59 23 om
1351 2122 405 49 krigslagstiftningen
1795 2135 117 37 synes
1948 2121 74 37 den

418 2175 256 49 nyssberörda
701 2176 200 48 motviljan
930 2180 78 32 mot
1034 2173 207 48 ändringar
1267 2174 84 37 icke
1381 2173 71 37 alls
1472 2173 206 38 förefinnas
1701 2174 71 36 hos
1792 2173 75 37 den
1886 2185 136 25 annars

419 2230 42 34 så
488 2226 291 38 betänksamma
806 2224 416 50 utskottemajoriteten
1245 2243 49 5 —
1321 2224 72 37 och
1422 2224 67 37 det
1515 2224 74 37 kan
1618 2237 90 24 vara
1734 2229 86 43 gott
1848 2229 56 31 att
1931 2223 92 36 kon-

418 2282 143 33 statera
589 2277 115 37 detta.
