2162 2656
650 224 243 42 Lagqutskottets
915 226 172 33 utlåtande
1110 227 53 32 Nr
1185 229 50 30 18.
1664 232 37 30 15

138 300 129 39 frielse
296 301 80 38 från
406 302 270 50 tjänstgöring.
741 304 90 37 Med
858 306 192 38 avseende
1078 306 91 38 härå
1198 306 67 37 har
1293 306 11 37 i
1332 308 190 37 utskottet
1550 310 190 49 upplyste,

136 357 55 32 att
228 352 391 39 militärläkarekåren
660 358 48 46 på
748 369 49 23 nu
838 356 249 38 förevarande
1120 357 155 38 område
1309 358 202 38 emellanåt
1535 364 42 32 är
1604 361 138 37 försatt

134 403 11 37 i
170 415 47 25 en
245 406 88 34 svår
360 403 73 38 och
465 404 81 37 ofta
578 405 209 50 obehaglig
825 406 190 38 situation.
1082 408 73 37 Vid
1195 408 243 39 förestående
1480 411 155 37 särskilt
1676 425 64 24 an-

134 453 234 50 strängande
409 454 258 50 fältövningar
705 457 92 37 eller
828 462 132 44 sträng
987 459 91 36 köld
1107 472 91 24 vore
1227 459 405 50 sjukanmälningarna
1660 463 80 37 ofta

135 505 155 48 mycket
308 505 150 38 talrika.
512 506 60 37 En
591 507 248 49 benägenhet
858 508 110 38 fanns
989 509 134 37 därvid
1143 511 69 36 hos
1242 514 139 46 många
1404 512 258 50 värnpliktiga
1685 519 55 31 att

134 555 163 37 förstora
324 556 445 51 sjukdomssymptomen
798 559 71 36 och
898 565 54 31 att
981 560 167 49 åberopa
1183 565 143 33 smärre
1365 562 140 37 skador
1539 563 58 37 för
1636 564 103 47 sjuk-

134 606 211 49 skrivning.
400 607 114 38 Detta
553 609 325 38 frekventerande
908 624 46 23 av
983 611 380 48 sjukvigsitationerna
1392 613 122 37 skulle
1542 627 91 24 vara
1660 620 79 32 sär-

134 657 91 37 skilt
264 657 146 38 utbrett
436 659 12 36 i
476 660 102 36 vissa
604 660 157 47 trakter,
790 660 156 38 framför
973 662 67 36 allt
1066 662 12 36 i
1107 663 129 36 städer
1263 663 71 37 och
1363 663 374 40 fabrikssamhällen.

132 708 74 37 För
246 708 297 39 militärläkarne
579 723 92 25 vore
712 712 66 36 det
816 725 45 23 en
892 718 78 31 stor
997 713 201 48 betydelse
1227 719 55 31 att
1309 714 128 38 kunna
1464 715 38 37 få
1529 716 94 37 bukt
1651 718 87 36 med

132 758 65 38 det
226 760 165 37 nämnda
419 760 187 48 oskicket,
636 775 81 23 som
746 766 49 45 på
827 763 167 48 oskäligt
1031 769 77 32 sätt
1149 764 218 48 betungade
1407 766 72 36 och
1516 766 221 39 försvårade

132 809 176 38 läkarens
349 811 245 37 verksamhet
635 813 71 36 och
747 813 80 37 ofta
855 814 183 37 hindrade
1068 815 141 37 honom
1238 820 55 32 att
1319 821 101 42 ägna
1447 816 60 49 sig
1531 820 38 34 åt
1596 818 47 36 de
1671 819 67 36 all-

133 860 188 48 varligare
360 861 126 38 fallen.
541 862 75 37 Det
656 863 99 38 enda
793 864 239 38 verksamma
1064 865 238 38 botemedlet
1341 872 80 31 mot
1448 867 129 49 dylika
1606 868 130 38 försök

131 916 55 32 att
214 911 123 51 slippa
365 912 97 37 ifrån
491 913 263 49 tjänstgöring
780 928 105 35 vore,
909 915 121 49 enligt
1048 916 74 37 vad
1143 930 80 24 som
1245 917 156 37 uttalats
1420 931 47 23 av
1486 919 74 36 den
1580 920 157 37 militär-

130 962 144 47 läkare,
315 976 82 24 som
425 963 12 36 i
464 964 163 37 ärendet
666 964 132 38 biträtt
829 966 201 48 utskottet,
1059 972 55 32 att
1141 968 111 36 straff
1275 968 11 36 i
1315 967 256 50 disciplinväg
1598 970 138 49 kunde,

131 1015 48 46 på
208 1014 174 36 anmälan
412 1027 47 24 av
486 1014 310 48 militärläkaren,
824 1017 235 37 omedelbart
1086 1017 155 38 ådömas
1269 1019 71 36 och
1368 1020 240 37 verkställas.

265 1063 56 38 Då
359 1064 213 38 emellertid
613 1066 191 38 utskottet
842 1068 147 47 uttalat,
1028 1074 55 31 att
1110 1069 110 49 fråga
1248 1082 60 24 om
1337 1071 112 36 straff
1472 1070 58 38 för
1556 1085 50 23 nu
1636 1072 99 37 före-

130 1114 169 38 varande
327 1115 220 38 simulation
577 1117 106 37 alltid
712 1118 69 37 bör
808 1118 225 49 hänskjutas
1061 1119 57 37 till
1148 1119 178 49 domstol,
1354 1121 110 37 torde
1492 1122 168 38 effekten
1689 1137 47 23 av

130 1178 50 24 en
207 1166 213 49 uttrycklig
450 1167 323 51 kriminalisering
800 1182 46 24 av
871 1169 105 49 dylik
1004 1170 220 38 simulation
1251 1171 86 37 icke
1367 1171 91 38 böra
1481 1174 252 37 överskattas.

129 1215 75 38 Det
244 1220 40 33 är
323 1217 306 49 uppenbarligen
670 1219 162 37 allenast
872 1221 64 36 det
965 1234 105 24 mera
1097 1222 254 37 summariska
1378 1222 233 39 förfarandet
1642 1232 93 42 gent

129 1272 103 31 emot
259 1267 289 49 simulanterna,
577 1282 82 24 som
688 1283 87 23 man
804 1270 68 37 har
899 1271 118 37 tilltro
1044 1272 59 36 till
1130 1275 49 46 på
1199 1272 362 39 militärläkarehåll.
1654 1289 80 24 Över-

128 1317 129 36 huvud
285 1321 122 34 måste
436 1318 65 37 det
527 1332 91 24 vara
645 1321 150 46 ganska
821 1321 197 49 vanskligt
1045 1322 178 48 bedöma,
1251 1336 61 23 om
1341 1324 149 48 verklig
1514 1325 220 38 simulation

128 1366 205 50 föreligger
374 1368 94 38 eller
509 1369 46 49 ej.
622 1369 70 38 Om
734 1384 48 24 en
822 1371 79 37 viss
942 1372 251 38 konstaterad
1234 1375 176 36 åkomma
1445 1375 65 37 bör
1538 1376 197 38 föranleda

127 1418 291 48 sjukskrivning
446 1419 95 38 eller
568 1434 113 24 anses
708 1422 84 37 icke
821 1422 136 37 hindra
986 1423 234 49 deltagande
1247 1424 11 36 i
1278 1425 251 48 övningarna,
1549 1427 184 38 bedömes

127 1469 220 48 säkerligen
376 1470 206 38 emellanåt
610 1472 102 37 olika
741 1486 46 24 av
807 1473 102 37 olika
928 1473 142 38 läkare.
1126 1474 82 37 Den
1229 1475 259 50 värnpliktige
1509 1477 146 38 känner
1672 1479 63 48 sig

127 1519 79 37 ofta
233 1520 117 47 oviss,
379 1534 61 23 om
469 1522 102 37 vissa
599 1523 403 38 smärtförnimmelser
1030 1525 94 37 eller
1152 1525 123 49 dylikt
1302 1526 130 38 kunna
1458 1540 91 25 vara
1568 1529 57 36 till
1645 1542 87 24 men

127 1569 58 38 för
224 1570 137 38 honom
390 1572 64 37 vid
483 1586 45 23 en
557 1574 156 37 särskilt
741 1575 285 49 ansträngande
1055 1576 156 48 övning.
1266 1577 58 36 En
1353 1578 264 47 sjukanmälan
1646 1580 88 37 sker

126 1621 117 37 också
283 1622 203 38 emellanåt
513 1623 11 36 i
551 1624 95 48 följd
688 1638 46 24 av
775 1630 55 32 att
864 1626 289 38 vederbörande
1181 1647 50 4 —
1257 1628 149 48 ganska
1430 1629 218 50 förklarligt
1674 1631 60 37 för

126 1678 128 30 resten
281 1691 50 6 —
358 1673 79 37 ofta
465 1674 67 36 har
560 1688 47 23 en
635 1675 247 49 benägenhet
909 1682 54 31 att
990 1677 101 36 inför
1118 1678 61 47 sig
1212 1678 97 49 själv
1342 1680 201 37 överdriva
1563 1694 49 24 en
1630 1686 102 44 yttre

126 1721 93 38 eller
258 1722 80 37 inre
380 1723 132 48 skada,
555 1738 83 23 som
679 1725 75 38 han
792 1726 76 36 kan
897 1727 49 36 ha
974 1727 152 49 ådragit
1153 1728 71 47 sig,
1253 1729 71 36 och
1352 1730 203 47 obehaget,
1584 1732 147 36 kanske

125 1771 120 46 faran,
273 1773 117 37 därav
418 1774 122 37 uoder
568 1788 48 24 en
644 1775 79 37 viss
751 1776 269 49 tjänstgöring.
1076 1778 88 37 Men
1192 1783 55 32 att
1271 1779 176 38 betrakta
1467 1781 123 48 dylikt
1605 1785 125 34 såsom

126 1823 183 37 straffbar
349 1824 218 38 simulation
607 1831 42 32 är
688 1826 210 49 ingalunda
937 1828 107 37 alltid
1085 1828 168 50 befogat.
1309 1829 219 39 Gränserna
1567 1837 65 32 äro
1664 1832 69 37 här

126 1874 79 36 ofta
245 1876 42 35 så
326 1874 184 50 flytande,
551 1881 55 32 att
645 1882 141 32 största
826 1878 219 38 varsamhet
1072 1883 41 32 är
1141 1892 48 24 av
1216 1880 140 38 nöden.
1416 1882 46 48 Ej
1488 1882 119 38 heller
1634 1883 98 37 hava

125 1924 321 39 militärläkarnas
473 1926 335 50 undersökningar
836 1929 106 36 alltid
970 1929 99 38 varit
1097 1930 208 38 förrättade
1324 1932 87 36 med
1429 1932 118 37 sådan
1564 1947 167 35 omsorg,

125 1980 56 31 att
221 1988 86 24 man
349 1976 75 36 kan
466 1990 50 35 ge
557 1978 86 37 dem
673 1983 55 31 ett
755 1979 202 49 obetingat
984 1980 157 38 vitsord.
1196 1981 269 50 Dagspressen
1494 1984 68 36 har
1588 1984 145 38 lämnat

125 2025 149 48 ganska
312 2027 245 48 upprörande
598 2029 178 49 exempel
813 2032 49 47 på
902 2030 231 49 bristfälliga
1173 2031 445 51 läkarundersökningar
1661 2035 71 37 och

124 2075 188 48 följderna
339 2077 127 37 därav.

260 2126 85 37 Med
374 2126 65 37 det
466 2140 51 23 nu
545 2128 159 37 anförda
732 2129 98 37 hava
852 2131 39 36 vi
911 2130 216 37 emellertid
1146 2131 86 37 icke
1249 2132 101 37 velat
1371 2133 179 45 bestrida,
1571 2140 55 31 att
1644 2135 86 37 icke

126 2175 263 49 värnpliktiga
431 2177 204 38 emellanåt
662 2179 94 36 söka
784 2179 88 37 med
899 2180 229 48 förkastliga
1155 2181 127 37 medel
1311 2182 94 38 eller
1432 2184 128 36 direkt
1587 2198 146 24 osanna

124 2226 197 49 uppgifter
358 2227 115 38 vinna
513 2228 180 37 befrielse
721 2230 82 36 från
831 2243 46 24 en
906 2230 244 38 förestående
1178 2245 81 24 mer
1286 2235 284 48 ansträngande
1598 2235 134 49 tjänst-
