2214 2638
750 223 213 38 Lagutskottets
990 222 151 30 Utlåtande
1164 222 59 30 N:o
1247 223 53 29 22.
1788 217 37 31 11

223 303 80 37 icke
344 304 13 34 i
398 302 113 38 målet
551 315 86 25 vore
678 301 209 38 förvunnen
920 307 55 31 att
1007 300 111 38 hafva
1144 300 105 37 idkat
1276 313 123 24 annan
1428 300 146 44 handel,
1601 303 45 33 än
1675 298 155 37 hvartill

224 357 74 36 han
330 359 47 47 på
408 356 125 50 grund
561 355 41 38 af
627 369 142 24 samma
798 356 171 37 anmälan
996 355 98 37 varit
1121 354 221 49 berättigad,
1372 354 65 36 har
1466 355 131 48 högsta
1624 353 206 36 domstolen

224 409 149 51 pröfvat
395 411 158 45 rättvist,
580 410 85 37 med
694 410 158 49 ändring
880 410 39 36 af
946 409 266 37 domstolarnas
1239 409 130 44 beslut,
1399 408 113 49 ogilla
1540 407 70 36 den
1638 411 79 31 mot
1735 405 96 49 Eng-

225 466 103 36 blom
355 466 13 34 i
395 464 114 37 målet
536 464 107 37 förda
669 464 135 36 talan».

332 517 53 37 På
426 518 121 49 grund
588 516 41 38 af
668 517 98 37 hvad
806 516 151 37 sålunda
996 515 141 37 anförts
1178 515 69 37 och
1275 515 85 36 med
1388 515 155 44 erinran,
1571 516 54 34 att
1652 513 181 36 utskottet

227 584 107 39 synes
373 570 115 39 hafva
514 570 180 46 förbisett,
722 575 55 32 att
804 571 290 36 motionärernas
1121 570 137 48 förslag
1286 567 99 52 syfta
1413 567 47 51 på
1489 568 80 36 icke
1598 567 99 37 blott
1724 566 108 36 reali-

227 626 118 37 sation
387 631 91 31 utan
515 624 108 39 äfven
666 623 308 51 gårdfarihandel,
1015 624 149 36 hvilken
1206 624 77 35 ofta
1326 621 73 38 står
1439 622 70 36 den
1549 620 97 38 förra
1682 620 151 50 mycket

224 684 100 41 nära,
351 679 222 46 hemställes,

759 791 56 31 att
843 785 207 49 Riksdagen
1078 785 12 35 i
1119 783 198 50 anledning
1337 782 41 37 af
1395 782 240 37 förevarande
1651 781 184 36 motioner

654 839 84 37 ville
770 840 13 35 i
810 837 190 39 skrifvelse
1028 838 61 36 till
1117 838 143 49 Kungl.
1288 837 104 48 Maj:t
1419 835 159 46 anhålla,
1606 835 62 36 det
1695 834 139 49 Kungl.

654 892 106 50 Maj:t
805 894 141 35 täcktes
986 892 151 49 vidtaga
1178 890 110 37 sådan
1330 890 154 49 ändring
1526 890 13 35 i
1571 889 263 48 förordningen

655 960 61 23 om
757 945 276 50 näringsfrihet,
1074 950 55 31 att
1171 957 134 38 genom
1338 944 128 49 vanlig
1494 943 172 36 anmälan
1694 955 60 23 om
1782 941 52 36 id-

654 1000 120 37 kande
803 999 40 37 af
868 999 291 37 handelsrörelse
1187 999 32 48 ej
1248 997 61 37 må
1336 995 203 40 förvärfvas
1566 995 174 49 rättighet
1767 1000 66 41 att,

655 1057 89 34 utan
772 1053 240 50 iakttagande
1040 1054 39 35 af
1107 1051 125 38 därför
1259 1051 176 50 stadgade
1454 1051 151 44 villkor,
1625 1050 85 36 idka
1724 1048 112 37 sådan

655 1108 147 45 handel,
844 1120 79 24 som
963 1108 13 35 i
1020 1108 48 37 10
1111 1106 18 50 $
1171 1104 42 38 af
1248 1106 114 49 sagda
1389 1104 215 49 förordning
1631 1103 118 37 under
1776 1103 59 36 be-

654 1163 264 48 nämningarna
946 1160 206 38 realisation
1181 1160 69 36 och
1269 1157 300 52 gårdfarihandel
1588 1157 248 37 omförmäles.
