2238 2644
452 145 20 32 2
914 149 238 43 Lagutskottets
1181 151 169 34 Utlåtande
1374 152 64 33 N:o
1462 156 50 30 65.

1171 284 18 34 1
1225 282 32 50 8.

539 362 73 38 Vid
654 364 287 50 ägostyckning
983 369 60 34 må
1083 367 238 38 hemmanets
1362 369 204 50 inägojord
1599 371 34 49 ej
1663 372 137 49 läggas
1828 372 59 37 till
1918 375 102 37 olika

405 414 115 37 lotter
548 418 49 46 på
625 416 136 36 sådant
789 421 88 44 sätt,
908 422 57 32 att
992 418 238 39 hemmanets
1254 421 190 49 jordbruk
1465 422 225 50 därigenom
1711 424 96 37 lider
1828 427 192 48 väsentlig

406 466 130 37 skada.

536 518 86 38 Med
651 519 204 50 inägojord
884 520 124 50 enligt
1036 523 125 37 denna
1187 524 67 49 lag
1282 525 138 37 förstås
1451 531 107 43 tomt,
1589 527 92 37 åker
1710 528 70 37 och
1809 533 89 45 äng.
1946 529 73 36 Till

406 574 80 45 äng
526 570 97 37 skall
651 571 98 37 dock
777 572 33 48 ej
841 573 141 37 räknas
1011 575 219 51 slåttermyr
1259 576 90 38 eller
1378 577 182 50 kärräng,
1590 592 82 24 som
1701 580 11 35 i
1743 580 190 37 anseende
1961 580 57 37 till

404 621 88 50 läge
521 623 93 37 eller
641 623 264 39 beskaffenhet
934 630 41 32 är
1004 626 40 37 af
1068 627 149 38 mindre
1246 629 127 37 värde.

1167 735 22 33 2
1211 709 42 78 8.

535 813 145 51 Hvarje
709 815 283 49 hemmanslott,
1023 831 82 23 som
1133 819 162 37 erhåller
1321 819 217 51 inägojord,
1568 821 97 38 skall
1693 822 223 38 därutöfver
1939 824 76 36 till-

403 865 139 50 läggas
570 867 323 50 husbehofsskog,
923 868 261 51 odlingsmark
1214 871 70 37 och
1312 873 168 37 mulbete
1509 876 48 47 på
1585 879 78 32 sätt
1690 874 12 37 i
1731 877 34 46 3,
1791 878 23 35 4
1835 875 73 38 och
1930 877 21 35 5
1971 875 45 51 $$

404 917 261 39 föreskrifves.

1163 1029 21 34 3
1208 1002 43 79 8.

534 1108 134 38 Såsom
697 1110 311 50 husbehofsskog
1036 1112 96 37 skall
1161 1113 174 38 afsättas:
1365 1118 100 35 inom
1493 1116 256 38 Norrbottens
1770 1118 69 37 och
1861 1118 153 39 Väster-

401 1160 154 38 bottens
596 1162 243 49 lappmarker
881 1163 118 37 ofvan
1028 1164 325 50 odlingsgränsen
1382 1173 101 31 samt
1510 1168 260 49 Frostvikens,
1799 1170 214 50 Hotagens,

402 1211 201 50 Offerdals,
647 1214 117 48 Kalls,
811 1206 90 57 Åre,
932 1215 274 49 Undersåkers,
1237 1217 159 51 Storsjö,
1426 1220 162 48 Tännäs,
1618 1221 120 49 Hede,
1768 1222 244 49 Vemdalens,

400 1264 164 49 Klöfsjö,
585 1265 165 38 Linsells
770 1267 71 37 och
861 1267 248 38 Lillherrdals
1128 1269 164 37 socknar
1311 1271 12 35 i
1343 1271 218 38 Jämtlands
1576 1273 63 36 län
1659 1273 116 37 minst
1796 1275 48 36 50
1860 1275 152 46 hektar;

400 1318 99 35 inom
528 1317 127 49 öfriga
684 1317 103 38 delar
816 1319 41 36 af
881 1319 258 38 Norrbottens
1168 1321 72 37 och
1268 1322 293 39 Västerbottens
1589 1325 76 47 län,
1696 1326 115 49 Tåsjö
1841 1327 173 37 socken
1992 1313 26 66 i

400 1367 344 40 Västernorrlands
785 1370 63 37 län
891 1377 99 31 samt
1017 1372 213 49 Alanäsets,
1261 1373 160 50 Ströms,
1455 1376 151 49 Laxsjö,
1639 1377 155 50 Gåxsjö,
1824 1378 188 50 Föllinge,

399 1419 155 50 Alsens,
596 1422 163 48 Mörsils,
802 1422 212 50 Mattmars,
1056 1424 171 49 Hallens,
1268 1426 148 50 Marby,
1462 1428 183 49 Ovikens,
1687 1430 158 49 Myssjö,
1876 1431 136 49 Bergs,

437 1485 143 36 sarnes,
624 1473 145 38 Rätans
811 1475 71 36 och
912 1475 125 49 Svegs
1070 1476 163 37 socknar
1261 1478 12 36 i
1299 1478 218 38 Jämtlands
1544 1481 64 36 län
1636 1481 118 37 minst
1781 1484 49 35 40
1860 1483 151 45 hektar;

399 1526 98 35 inom
539 1525 124 49 öfriga
705 1526 104 37 delar
838 1527 42 36 af
903 1527 342 39 Västernorrlands
1274 1531 70 36 och
1372 1531 219 38 Jämtlands
1619 1533 64 36 län
1712 1539 98 31 samt
1837 1535 76 37 Los
1942 1535 70 37 och

399 1575 156 50 Ramsjö
584 1577 163 38 socknar
774 1578 13 36 i
817 1578 231 50 Gäfleborgs
1076 1580 63 36 län
1168 1581 117 37 minst
1314 1585 46 34 27
1384 1583 148 48 hektar,
1554 1585 71 37 och
1645 1587 99 35 inom
1765 1586 124 49 öfriga
1909 1587 103 36 delar

400 1627 42 37 af
481 1627 230 52 Gäfleborgs
752 1631 64 36 län
857 1631 119 37 minst
1017 1634 48 35 20
1107 1632 137 37 hektar
1273 1635 202 49 medelgod
1503 1636 241 49 skogsmark,
1774 1638 238 37 oberäknadt

398 1679 105 37 inom
546 1680 110 38 dessa
696 1682 182 37 områden
919 1683 169 37 fallande
1128 1684 61 37 för
1217 1685 218 50 skogsbörd
1464 1688 161 50 oduglig
1652 1690 121 47 mark,
1804 1696 110 42 samt,
1945 1690 67 37 där

399 1731 281 50 skogsmarken
718 1738 42 32 är
788 1734 42 37 af
854 1739 126 33 sämre
1004 1735 275 50 beskaffenhet,
1309 1743 55 32 ett
1392 1739 12 37 i
1432 1740 237 37 förhållande
1699 1741 166 37 därefter
1894 1742 117 37 ökadt

399 1784 165 37 område.
621 1784 163 51 BStyckas
825 1786 257 50 inägojorden
1123 1788 59 37 till
1210 1789 100 37 olika
1338 1791 318 38 hemmanslotter
1698 1793 71 37 och
1797 1793 211 50 lämnar?ej

398 1835 241 39 hemmanets
668 1837 229 50 skogsmark
925 1839 168 49 tillgång
1119 1840 59 37 till
1206 1841 314 51 husbehofsskog
1551 1847 49 46 på
1628 1849 77 32 sätt
1733 1859 51 22 nu
1813 1850 41 31 är
1883 1846 125 48 sagdt,

399 1888 115 36 varde
543 1889 390 50 skogstilldelningen
962 1891 167 37 därefter
1152 1893 171 48 jämkad.

527 1934 57 43 Är
611 1941 302 38 virkesförrådet
942 1946 21 33 å
993 1944 115 36 afsatt
1137 1945 276 48 skogsområde
1443 1950 42 33 så
1513 1947 174 49 anlitadt,
1718 1953 55 31 att
1797 1962 44 23 ur
1861 1949 147 49 skogen

398 1991 32 48 ej
475 1998 139 43 genast
647 1993 76 37 kan
752 1993 149 51 årligen
929 2000 155 44 uttagas
1114 2001 55 32 ett
1196 1997 282 51 virkesbelopp,
1509 2000 266 37 motsvarande
1803 2000 102 37 hvad
1935 2002 73 36 den

398 2043 234 50 skogsareal,
674 2058 81 24 som
797 2046 89 37 bort
924 2048 117 36 minst
1080 2047 167 38 tilldelas
1289 2053 125 34 såsom
1456 2051 321 50 husbehofsskog,
1820 2052 188 38 beräknas

396 2095 132 37 kunna
555 2097 123 37 under
705 2097 182 50 uthålligt
906 2098 99 38 bruk
1025 2099 162 49 afkasta,
1209 2101 97 37 skall
1324 2102 322 38 hemmanslotten
1666 2104 184 49 tilläggas
1869 2105 139 49 rättig-

397 2147 66 37 het
491 2152 55 32 att
573 2149 123 37 under
733 2149 232 51 erforderlig
996 2151 55 37 tid
1080 2152 94 49 fylla
1202 2152 147 39 bristen
1378 2155 99 36 efter
1504 2156 188 48 utsyning
1720 2158 20 34 å
1768 2156 239 37 hemmanets

397 2198 127 51 öfriga
565 2201 112 49 skog,
720 2201 12 37 i
774 2201 73 38 den
890 2205 88 34 mån
1020 2204 221 37 densamma
1281 2207 87 36 med
1410 2206 247 49 iakttagande
1696 2208 41 36 af
1761 2208 100 37 hvad
1891 2209 116 37 ofvan

397 2251 177 49 stadgats
603 2252 128 38 därtill
758 2253 148 38 lämnar
933 2254 177 50 tillgång.
