2228 2663
708 219 252 42 Lagutskotltets
990 218 186 33 Ullåtande
1199 218 64 33 N:o
1286 219 52 31 59.
1800 218 21 32 3

223 310 378 51 bolagsordningen,
633 313 59 35 att
721 310 129 38 aktier
882 309 93 38 med
1003 308 306 48 företrädesrätt
1337 311 66 35 må
1430 308 196 46 utfärdas,
1657 320 95 26 vare
1782 308 35 49 ej

223 368 143 48 giltigt,
411 366 92 38 med
545 365 158 38 mindre
710 359 20 61 -
746 364 182 48 samtlige
971 364 254 48 aktieegarne
1267 364 160 37 förenat
1463 364 59 47 sig
1558 363 140 37 derom
1726 363 96 37 eller

224 421 175 38 beslutet
440 421 142 37 fattats
625 422 23 34 å
683 422 70 35 två
782 421 51 46 på
861 418 232 37 hvarandra
1120 417 183 48 följande
1332 417 344 48 bolagsstämmor,
1708 417 115 37 deraf

223 476 127 37 minst
379 487 50 25 en
458 474 213 45 ordinarie,
703 474 75 36 och
808 475 22 34 å
859 472 77 37 den
979 474 183 43 stämma,
1194 483 87 26 som
1310 471 72 37 sist
1410 470 137 46 hålles,
1579 471 172 37 biträdts
1781 471 42 37 af

224 530 126 37 minst
392 531 60 35 tre
494 527 245 50 fjerdedelar
782 527 42 37 af
866 526 47 37 de
949 525 190 38 röstande
1168 525 93 38 med
1289 528 57 35 ett
1374 525 297 48 sammanlagdt
1700 525 121 38 aktie-

224 584 147 47 belopp
402 584 42 36 af
472 583 125 36 minst
624 585 62 34 tre
715 580 243 49 fjerdedelar
988 580 42 37 af
1057 580 92 37 hela
1178 580 314 47 aktiekapitalet.

384 637 141 37 Beslut
554 648 67 25 om
651 648 135 25 annan
806 634 172 48 ändring
998 634 42 37 af
1058 633 365 48 bolagsordningen
1443 633 95 37 eller
1558 645 66 25 om
1643 633 179 48 bolagets

222 691 247 49 upplösning
497 691 43 36 af
568 702 135 25 annan
719 689 129 45 orsak,
871 691 52 34 än
942 689 14 36 i
977 689 92 47 54$
1089 690 100 46 sägs,
1211 699 95 25 vare
1326 688 36 47 ej
1385 687 140 48 giltigt,
1548 687 93 37 med
1660 686 160 38 mindre

225 745 183 48 samtlige
450 745 254 47 aktieegarne
746 744 161 36 förenat
948 742 60 48 'sig
1037 742 138 37 derom
1204 741 95 38 eller
1326 742 174 37 beslutet
1528 741 142 37 fattats
1700 743 23 35 å
1750 743 72 35 två

225 803 53 45 på
307 799 232 37 hvarandra
566 798 182 48 följande
776 797 344 48 bolagsstämmor,
1152 796 114 37 deraf
1294 796 125 36 minst
1439 807 49 25 en
1509 795 213 45 ordinarie,
1746 795 76 37 och

225 857 23 34 å
278 854 78 37 den
386 856 183 41 stämma,
601 864 87 25 som
716 852 73 37 sist
817 851 137 45 hålles,
984 850 173 37 biträdts
1187 850 42 36 af
1257 850 125 36 minst
1409 852 71 34 två
1506 848 245 48 tredjedelar
1781 848 41 37 af

226 908 49 37 de
304 907 200 37 röstande.
563 906 85 48 Lag
690 918 154 24 samma
885 916 95 25 vare
1010 916 66 24 om
1104 903 143 45 beslut,
1279 915 86 25 som
1394 903 13 36 i
1437 903 101 48 26-$
1568 903 117 45 afses,
1717 902 107 38 ändå

225 964 59 36 att
313 961 67 38 det
409 961 35 48 ej
475 961 222 37 innefattar
726 959 172 48 ändring
925 959 13 36 i
967 957 373 49 bolagsordningen.

389 1010 59 42 Är
489 1015 64 37 för
582 1014 183 49 giltighet
795 1013 42 37 af
864 1013 142 45 beslut,
1037 1012 170 37 hvarom
1235 1024 58 24 nu
1321 1015 44 34 är
1393 1011 125 49 sagdt,
1550 1013 122 46 något
1701 1013 120 46 ytter-

224 1071 124 47 ligare
363 1070 133 37 vilkor
511 1070 13 36 i
540 1068 363 49 bolagsordningen
919 1066 211 46 bestämdt,
1148 1066 118 37 lände
1283 1065 66 38 det
1369 1066 75 37 ock
1463 1065 63 37 till
1546 1064 275 38 efterrättelse.

968 1229 50 36 34
1052 1231 32 45 8.

337 1357 134 37 Jemte
514 1356 109 37 hvad
665 1356 12 36 i
721 1355 49 37 32
801 1355 76 37 och
906 1355 49 36 33
985 1357 46 45 $$
1061 1357 44 34 är
1134 1366 66 25 om
1229 1352 225 38 utöfvande
1484 1352 42 37 af
1553 1354 167 36 rösträtt
1750 1352 76 37 och

229 1411 186 38 fattande
445 1410 41 37 af
514 1410 133 37 beslut
676 1412 23 34 å
727 1409 313 48 bolagsstämma
1068 1407 196 48 stadgadt,
1287 1407 112 48 gälle,
1422 1407 70 36 der
1512 1406 35 48 ej
1571 1406 255 37 annorlunda

229 1466 131 36 finnes
389 1465 13 36 i
431 1463 363 49 bolagsordningen
821 1462 219 38 bestämdt:

392 1521 59 34 att
479 1518 142 48 hvarje
652 1517 106 37 aktie
787 1517 218 47 berättigar
1033 1515 62 38 till
1123 1528 50 25 en
1202 1517 101 44 röst;

393 1575 59 34 att
480 1571 272 37 frånvarande
774 1571 244 47 aktieegares
1038 1572 167 35 rösträtt
1224 1571 67 34 må
1310 1580 144 36 genom
1470 1568 152 37 ombud
1642 1568 182 46 utöfvas;

393 1628 58 34 att
481 1627 133 35 såsom
646 1625 179 48 bolagets
860 1624 133 37 beslut
1025 1623 123 49 gäller
1177 1623 78 37 den
1283 1623 174 47 mening,
1488 1622 65 37 för
1581 1621 168 37 hvilken
1779 1621 47 38 de

236 1680 115 37 festa
378 1681 185 36 rösterna
592 1679 191 48 afgifvas;
815 1678 76 37 och

395 1736 58 35 att
481 1733 71 38 vid
580 1733 83 37 lika
690 1732 168 38 röstetal
885 1732 68 37 val
981 1732 157 48 afgöres
1167 1743 143 36 genom
1339 1730 185 48 lottning,
1555 1741 93 25 men
1667 1730 14 36 i
1701 1729 126 37 andra

234 1788 136 48 frågor
413 1788 77 37 den
533 1787 165 48 mening
726 1786 133 49 gäller,
891 1798 86 25 som
1006 1785 177 38 biträdes
1213 1785 43 37 af
1283 1784 48 38 de
1360 1784 111 37 fleste
1500 1784 189 37 röstande
1719 1783 105 46 eller,

234 1854 66 25 om
328 1842 151 48 jemväl
508 1841 151 37 antalet
687 1840 188 38 röstande
905 1843 44 34 är
977 1840 92 45 lika,
1101 1840 42 36 af
1171 1841 222 35 stämmans
1422 1838 255 37 ordförande.

395 1985 73 38 Uti
512 1985 110 37 hvad
668 1984 172 37 sålunda
882 1984 129 37 finnes
1054 1983 186 48 stadgadt
1272 1983 253 47 ifrågasättes
1554 1993 144 36 genom
1726 1981 101 37 före-

235 2039 177 37 varande
441 2039 155 37 motion
625 2038 173 48 ändring
826 2039 14 36 i
858 2040 71 35 två
948 2037 198 38 särskilda
1164 2036 269 45 hänseenden,
1455 2036 14 36 i
1489 2035 67 37 det
1575 2036 254 36 motionären

235 2093 181 45 föreslår,
448 2093 84 37 dels
562 2095 58 35 att
648 2094 168 35 rösträtt
844 2092 69 36 vid
942 2091 313 48 bolagsstämma
1282 2090 87 37 icke
1398 2089 129 38 skulle
1555 2089 43 37 få
1627 2089 41 37 af
1696 2091 133 46 någon

235 2147 167 37 utöfvas
431 2147 65 37 för
524 2159 111 24 mera
664 2149 52 34 än
746 2158 49 25 en
824 2145 191 38 femtedel
1044 2146 41 36 af
1114 2145 67 37 det
1202 2144 141 38 dervid
1362 2143 326 48 representerade
1707 2146 121 34 röste-

234 2201 68 45 tal,
334 2200 84 38 dels
447 2203 58 35 att
533 2200 71 38 vid
632 2200 126 37 sådan
787 2203 172 34 stämma
987 2200 120 47 ingen
1136 2198 129 38 skulle
1294 2199 43 36 få
1355 2200 53 46 på
1427 2197 131 49 grund
1578 2197 42 37 af
1639 2197 191 37 fullmakt

236 2255 91 37 föra
353 2255 111 37 talan
494 2255 95 37 eller
617 2255 146 37 utöfva
790 2256 166 35 rösträtt
984 2253 65 37 för
1077 2265 111 25 mera
1216 2255 52 34 än
1297 2264 50 25 en
1375 2251 320 48 röstberättigad.

397 2308 80 37 Till
518 2308 91 38 stöd
650 2308 65 37 för
758 2308 114 37 dessa
913 2307 151 48 förslag
1105 2307 74 36 har
1221 2307 253 36 motionären
1509 2305 63 37 till
1607 2317 50 25 en
1685 2305 145 48 början

236 2363 147 45 anfört,
429 2365 58 35 att
521 2365 74 35 vår
629 2362 253 49 lagstiftning
917 2373 144 37 genom
1095 2361 89 37 dess
1212 2363 145 35 nästan
1385 2359 264 48 fullständiga
1677 2358 154 38 saknad
