1896 2798
503 195 112 27 Andra
637 194 234 36 lagutskottets
889 193 172 29 utlåtande
1080 203 39 18 nr
1139 194 16 27 5
1176 192 37 29 år
1235 194 75 27 1966
1629 192 16 27 5

203 301 116 28 Varsel
345 301 52 28 för
421 304 158 26 semester
605 302 84 27 skall
715 301 104 35 enligt
845 301 64 28 den
934 301 127 28 danska
1087 300 257 35 semesterlagen
1364 300 93 35 givas
1477 299 111 27 senast
1607 306 41 19 en

163 344 121 30 månad
306 346 71 29 före
399 348 197 27 semesterns
616 346 129 36 början,
770 346 131 28 ”därest
922 346 72 28 icke
1016 345 164 29 särskilda
1203 344 283 36 omständigheter
1508 343 139 28 hindrar

163 391 119 28 detta”.
300 391 49 28 En
366 391 90 35 regel
475 400 41 20 av
535 391 140 36 ungefär
693 391 234 28 motsvarande
946 388 148 31 innehåll
1113 390 89 28 finns
1221 391 10 27 i
1250 389 64 29 den
1333 389 120 28 norska
1472 389 174 27 semester-

164 435 105 36 lagen.
286 436 88 29 Intet
388 436 137 28 hindrar
542 436 213 35 naturligtvis
769 452 41 3 —
825 435 147 29 formellt
987 437 65 27 sett
1068 451 40 3 —
1124 437 49 26 att
1188 443 41 20 en
1246 434 91 35 regel
1354 442 41 20 av
1412 441 125 20 samma
1553 433 94 27 inne-

162 479 84 29 börd
263 481 162 35 upptages
443 481 11 28 i
473 479 64 29 den
553 480 142 29 svenska
713 480 268 35 semesterlagen.
1001 480 63 28 Det
1084 488 96 26 synes
1199 478 187 29 emellertid
1406 477 172 36 olämpligt
1597 478 50 26 att

164 525 108 28 införa
293 534 41 20 en
356 524 98 36 regel,
477 533 70 20 som
567 525 108 28 skulle
696 525 113 28 kunna
831 532 39 28 ge
892 524 135 36 upphov
1048 524 52 28 till
1123 525 79 27 tvist
1224 523 167 28 huruvida
1412 521 235 37 produktions-

164 570 164 28 intressen
350 570 81 28 eller
450 570 66 28 vad
539 570 249 35 arbetsgivaren
810 570 97 34 eljest
928 567 54 30 må
1005 567 143 36 åberopa
1170 576 72 20 som
1264 567 72 29 skäl
1359 567 53 29 för
1435 568 113 34 avsteg
1571 564 76 30 från

164 615 113 35 lagens
301 614 206 36 huvudregel
534 614 172 35 verkligen
731 615 183 27 motiverar
940 616 48 26 ett
1013 611 126 30 sådant.
1167 613 13 27 I
1208 611 221 29 betraktande
1454 611 105 28 härav
1586 610 61 28 har

164 659 198 28 kommittén
374 675 41 4 —
428 667 71 21 som
512 659 55 28 väl
583 667 96 20 anser
695 660 49 27 att
759 667 41 20 en
815 658 116 35 längre
946 657 158 29 varseltid
1121 658 42 27 än
1178 657 126 35 fjorton
1321 656 101 35 dagar
1439 658 10 27 i
1463 655 185 29 allmänhet

164 705 36 27 är
215 704 187 28 motiverad
421 712 76 20 men
512 703 171 35 samtidigt
701 703 111 28 finner
830 703 50 35 sig
896 702 81 28 böra
997 703 32 27 ta
1048 701 130 36 hänsyn
1195 701 51 28 till
1265 701 39 29 de
1323 700 155 36 speciella
1497 699 151 36 problem

164 757 70 20 som
252 757 42 20 en
313 749 90 35 regel
423 757 54 19 om
496 748 114 35 längre
630 747 160 29 varseltid
810 746 107 29 skulle
939 746 112 28 kunna
1073 744 134 30 åsamka
1228 745 204 35 exempelvis
1453 743 194 37 jordbruks-

163 793 163 36 näringen
341 809 41 4 —
396 794 136 27 stannat
549 792 52 29 för
619 794 48 27 att
685 790 123 30 föreslå
825 793 48 27 ett
891 790 182 36 stadgande
1091 799 39 20 av
1149 789 163 29 innebörd
1332 791 48 27 att
1398 789 249 35 arbetsgivaren

164 839 11 27 i
192 838 63 36 god
274 838 48 28 tid
340 837 71 29 före
428 839 183 27 semestern
627 837 85 28 skall
730 844 39 28 ge
789 836 251 35 arbetstagaren
1058 835 108 28 varsel
1186 843 54 20 om
1258 834 120 34 denna;
1396 832 103 30 såvitt
1517 833 131 35 möjligt

163 883 60 28 bör
239 882 268 29 underrättelsen
520 882 59 28 ske
592 884 112 26 senast
719 890 41 20 en
776 879 122 30 månad
914 879 231 29 dessförinnan
1159 897 40 3 —
1212 887 117 20 senare
1347 880 41 26 än
1407 879 34 27 14
1458 878 102 35 dagar
1576 877 72 28 före

164 929 182 26 semestern
361 925 52 30 får
430 927 63 28 den
509 926 73 29 icke
596 933 65 28 ges.
679 925 206 36 Stadgandet
900 925 61 28 har
978 922 139 30 sålunda
1133 923 230 28 konstruerats
1379 931 72 20 som
1466 931 41 19 en
1525 922 123 28 allmän

165 973 205 34 uppmaning
388 973 51 27 att
459 972 11 28 i
491 971 63 36 god
576 971 48 29 tid
646 970 187 35 ombesörja
855 969 109 29 varsel
987 970 10 27 i
1018 968 229 29 kombination
1268 967 76 28 med
1367 965 18 30 å
1408 975 61 21 ena
1491 967 94 28 sidan
1606 975 41 19 en

163 1016 310 28 rekommendation
492 1016 67 35 (om
576 1014 260 35 månadsvarsel)
857 1014 60 28 och
936 1012 18 29 å
973 1013 103 28 andra
1095 1012 94 29 sidan
1209 1013 47 28 ett
1275 1011 122 29 förbud
1417 1012 80 34 (mot
1514 1010 133 29 kortare

164 1061 159 29 varseltid
344 1062 42 27 än
407 1061 34 27 14
461 1060 122 36 dagar).

203 1141 252 35 Propositionen
470 1150 39 18 nr
526 1141 37 27 40
581 1140 50 29 till
649 1141 75 27 1963
742 1138 54 30 års
813 1139 134 35 riksdag
964 1139 75 28 med
1056 1139 124 35 förslag
1197 1139 51 28 till
1264 1148 44 26 ny
1326 1138 214 35 semesterlag
1555 1139 92 26 inne-

164 1194 68 28 höll
249 1195 63 27 den
328 1203 45 20 nu
389 1194 154 36 gällande
560 1203 40 19 av
619 1194 74 28 1960
710 1192 53 30 års
778 1192 334 29 semesterkommitté
1129 1192 177 28 förordade
1324 1192 113 35 regeln
1455 1200 52 19 om
1523 1191 125 28 varsel-

164 1248 199 36 skyldighet.
387 1249 12 27 I
422 1248 178 35 anledning
624 1256 40 20 av
687 1247 248 36 propositionen
958 1246 135 29 väcktes
1116 1247 163 27 motioner
1302 1246 75 28 med
1399 1245 173 36 yrkanden
1596 1253 52 19 om

164 1302 213 36 förlängning
399 1311 40 19 av
458 1301 211 29 varseltiden.
689 1302 14 27 I
722 1299 56 30 två
799 1301 204 35 motionspar
1023 1300 151 35 yrkades,
1196 1302 49 26 att
1266 1299 113 36 regeln
1399 1299 108 28 skulle
1529 1298 119 29 ändras

164 1354 41 37 på
225 1354 35 30 så
278 1357 67 27 sätt
366 1357 49 27 att
434 1354 243 29 underrättelse
699 1353 101 30 såvitt
819 1354 133 35 möjligt
972 1353 107 29 skulle
1101 1354 127 27 lämnas
1249 1351 56 30 två
1326 1351 158 30 månader
1505 1351 72 29 före
1599 1360 49 19 se-

165 1411 162 27 mesterns
348 1409 119 35 början
489 1409 60 27 och
569 1408 71 29 icke
663 1409 10 27 i
694 1406 100 37 något
815 1407 60 29 fall
898 1415 115 20 senare
1036 1408 41 27 än
1099 1415 41 20 en
1161 1405 121 29 månad
1305 1405 240 29 dessförinnan.
1568 1406 13 26 I
1602 1406 46 27 ett

165 1465 102 26 annat
284 1463 203 34 motionspar
503 1461 152 36 yrkades,
674 1463 48 27 att
737 1460 204 29 varseltiden
957 1460 107 28 skulle
1083 1459 181 29 fastställas
1282 1459 51 28 till
1352 1457 55 30 två
1425 1457 167 29 månader.

204 1552 114 27 Andra
335 1551 217 35 lagutskottet
567 1550 137 29 anförde
720 1551 11 27 i
746 1551 58 27 sitt
819 1559 41 19 av
875 1549 177 35 riksdagen
1068 1548 175 36 godkända
1258 1546 171 31 utlåtande
1445 1556 39 19 nr
1500 1547 37 27 40
1551 1546 44 28 bl.
1609 1554 38 20 a.:

205 1650 111 35 Enligt
338 1649 178 29 utskottets
537 1649 134 35 mening
693 1649 37 28 är
751 1648 56 29 det
829 1650 48 26 ett
897 1648 181 35 berättigat
1100 1645 170 31 önskemål
1295 1649 49 27 att
1365 1646 125 29 besked
1513 1655 53 20 om
1589 1647 60 27 när

166 1695 182 28 semestern
365 1694 86 28 skall
471 1692 80 37 utgå
570 1691 142 31 erhålles
731 1691 37 30 så
788 1691 94 37 långt
901 1693 11 27 i
933 1692 116 36 förväg
1071 1694 48 27 att
1140 1692 55 28 det
1214 1692 66 28 blir
1300 1692 130 35 möjligt
1450 1691 52 28 för
1523 1691 126 28 arbets-

166 1741 139 34 tagarna
328 1741 49 26 att
401 1739 136 35 planera
561 1738 52 28 för
637 1738 60 28 och
720 1736 44 37 på
787 1737 94 28 bästa
905 1738 66 27 sätt
994 1737 148 35 utnyttja
1165 1738 191 26 semestern.
1381 1736 269 35 Propositionens

165 1783 207 36 huvudregel
391 1792 53 19 om
461 1785 49 27 att
529 1782 243 29 underrättelse
793 1782 85 28 skall
894 1781 129 28 lämnas
1042 1783 10 26 i
1071 1781 63 35 god
1154 1781 48 28 tid
1222 1781 72 28 före
1313 1782 199 27 semesterns
1531 1779 119 36 början

165 1837 97 27 synes
285 1828 107 35 ägnad
412 1829 50 27 att
483 1827 172 36 tillgodose
678 1827 91 28 detta
791 1824 179 30 önskemål.
992 1826 72 28 Den
1085 1826 11 27 i
1115 1825 202 35 paragrafen
1339 1825 143 35 angivna
1505 1824 145 28 minimi-

166 1872 101 35 tiden,
294 1872 127 35 fjorton
447 1872 110 35 dagar,
586 1869 105 30 måste
718 1871 104 35 enligt
850 1870 178 28 utskottets
1056 1870 133 35 mening
1218 1877 95 20 anses
1342 1877 79 20 vara
1450 1877 42 19 en
1520 1868 131 29 absolut

165 1917 221 35 minimiregel
405 1925 69 20 som
494 1915 52 29 får
565 1916 164 35 utnyttjas
750 1915 116 28 endast
886 1916 10 26 i
915 1913 257 36 undantagsfall.
1192 1913 112 35 Enligt
1325 1913 64 28 vad
1409 1921 69 20 som
1499 1913 150 35 upplysts

166 1963 90 27 inom
280 1961 162 29 utskottet
466 1961 199 28 bestämmes
690 1959 254 29 semestertiden
969 1959 91 27 inom
1087 1958 39 28 de
1153 1958 99 28 flesta
1279 1957 129 36 företag
1436 1957 103 28 redan
1566 1957 83 28 flera

166 2005 160 29 månader
346 2007 11 27 i
377 2005 126 35 förväg.
524 2005 64 28 Det
609 2004 64 28 kan
695 2004 196 28 förutsättas
913 2005 48 26 att
982 2001 35 30 så
1038 2002 148 29 kommer
1207 2004 49 26 att
1277 2002 57 28 ske
1357 2003 85 27 även
1461 2001 188 29 framdeles.

166 2051 77 28 Med
259 2051 131 35 hänsyn
408 2050 50 28 till
477 2052 48 26 att
543 2049 55 29 det
615 2049 239 35 undantagsvis
871 2046 43 37 på
932 2047 107 36 grund
1060 2055 40 20 av
1119 2046 230 29 oförutsebara
1369 2046 282 35 omständigheter

167 2095 65 28 kan
248 2104 80 20 vara
346 2094 180 35 berättigat
543 2093 75 29 med
635 2092 35 29 så
687 2093 75 28 kort
780 2092 159 29 varseltid
957 2100 71 20 som
1045 2091 124 35 fjorton
1187 2091 102 36 dagar
1308 2099 96 20 anser
1422 2091 48 35 sig
1489 2091 162 28 utskottet

167 2139 185 29 emellertid
375 2138 71 29 icke
468 2138 112 28 kunna
603 2135 200 37 tillmötesgå
825 2137 264 27 motionärernas
1112 2134 170 29 önskemål
1305 2143 53 20 om
1380 2136 48 28 att
1451 2135 10 27 i
1483 2135 96 35 lagen
1601 2135 49 27 in-

165 2184 113 28 skriva
297 2183 130 29 absolut
446 2182 189 36 skyldighet
654 2183 49 27 att
720 2181 148 35 iakttaga
888 2181 115 34 längre
1021 2179 168 29 varseltid.

207 2272 62 28 Vid
292 2271 201 34 behandling
517 2279 40 19 av
581 2270 39 28 de
642 2269 55 28 vid
723 2269 75 27 1965
821 2267 53 29 års
896 2268 134 34 riksdag
1054 2268 119 28 väckta
1197 2269 207 27 motionerna
1427 2269 75 27 med
1526 2277 125 20 samma

168 2325 171 36 yrkanden
362 2333 69 19 som
454 2323 39 28 de
515 2332 45 19 nu
582 2321 220 29 förevarande
824 2321 181 28 hänvisade
1028 2321 103 27 andra
1153 2320 218 35 lagutskottet
1392 2322 10 26 i
1425 2322 56 27 sitt
1504 2330 40 19 av
1567 2322 84 27 riks-

168 2378 106 35 dagen
294 2376 175 37 godkända
496 2374 171 29 utlåtande
695 2383 39 18 nr
762 2375 36 27 19
826 2372 36 29 år
890 2374 75 27 1965
993 2373 212 28 beträffande
1232 2373 344 35 varselskyldigheten
1603 2374 51 27 till

168 2429 134 36 frågans
322 2429 202 35 behandling
545 2428 54 28 vid
622 2428 73 28 1963
717 2426 53 29 års
791 2427 142 34 riksdag.
955 2426 168 28 Utskottet
1143 2426 176 35 avstyrker
1339 2425 138 29 sålunda
1497 2428 157 27 motions-

168 2484 173 36 yrkandet.
