1892 2848
292 183 40 29 22
706 182 111 29 Första
838 183 214 34 lagutskottets
1073 183 158 28 utlåtande
1252 184 43 27 Nr
1317 184 47 27 28.

295 261 128 30 kanten
439 262 124 39 tydligt
579 261 88 31 åsatt
683 262 345 40 utförsäljningspris.
1059 263 225 30 Beträffande
1300 263 99 30 dessa
1416 263 191 39 kategorier
1624 273 42 20 av
1684 273 100 21 varor

294 306 243 39 undandrager
556 305 49 41 sig
624 307 285 39 rabattgivandet,
930 308 86 30 även
1035 308 11 29 i
1065 308 41 30 de
1125 307 71 37 fall,
1216 307 45 31 då
1279 308 506 30 branschöverenskommelser

294 351 147 36 träffats,
464 352 95 38 varje
580 352 160 30 kontroll.
775 352 52 30 En
849 352 330 36 affärsinnehavare,
1203 362 75 21 som
1299 362 43 21 av
1363 362 42 21 en
1427 353 81 29 eller
1528 362 117 21 annan
1666 354 117 29 anled-

294 395 92 39 ning,
410 399 21 27 t.
456 405 50 21 ex.
530 396 229 39 begynnande
782 396 204 36 illikviditet,
1011 398 100 29 söker
1134 397 182 30 tillskansa
1339 397 50 39 sig
1412 406 42 21 en
1477 398 92 29 ökad
1591 398 192 30 kundkrets

292 439 45 40 på
356 441 193 30 bekostnad
569 451 42 20 av
630 442 109 30 andra
760 441 122 31 firmor
901 442 10 29 i
930 442 206 35 branschen,
1157 442 97 30 torde
1274 442 76 30 icke
1369 442 143 30 hindras
1532 442 105 30 därav
1658 450 125 31 genom

293 486 45 29 än
377 485 36 31 så
450 486 176 30 bindande
653 487 352 30 överenskommelser
1032 496 58 21 om
1117 486 266 40 rabattgivning.
1424 487 359 30 Handelskammaren

293 530 115 30 ställer
423 530 50 39 sig
489 530 106 31 också
611 531 219 39 synnerligen
846 532 155 29 tveksam
1017 531 51 30 till
1084 530 123 40 frågan
1223 541 58 20 om
1297 531 45 39 på
1358 531 299 40 lagstiftningsväg
1673 531 109 31 effek-

293 574 68 31 tiva
381 574 158 40 åtgärder
558 579 71 27 mot
648 575 109 40 illojal
774 576 256 39 rabattgivning
1048 576 11 30 i
1078 576 92 30 detta
1189 576 63 30 fall
1270 577 120 29 kunna
1410 577 136 38 skapas.
1578 577 13 29 I
1611 577 67 29 alla
1698 577 84 30 hän-

291 619 110 31 delser
426 629 104 29 synas
555 620 275 31 motionärernas
855 620 129 39 förslag
1009 631 58 20 om
1092 621 127 30 förbud
1245 624 73 27 mot
1347 621 218 30 »lämnandet
1590 631 42 20 av
1657 622 124 34 rabatt,

293 673 74 22 som
391 665 73 30 icke
488 665 92 39 gives
604 666 68 29 lika
696 665 52 31 till
771 666 67 30 alla
862 666 152 30 kunder»
1042 666 172 39 knappast
1238 675 82 21 vara
1344 667 105 38 ägnat
1472 669 49 27 att
1545 665 42 40 gå
1610 666 51 30 till
1683 669 98 27 roten

292 710 79 29 med
396 709 350 31 missförhållandena
772 710 45 39 på
842 710 317 39 rabattgivningens
1185 710 152 31 område.

336 754 73 30 Vad
434 755 42 29 de
500 764 24 20 s.
550 755 32 29 k.
608 754 374 39 föreningsrabatterna
1006 754 117 40 angår,
1149 755 111 30 vilkas
1285 755 231 30 avskaffande
1540 758 95 36 synts
1660 755 122 31 motio-

293 799 145 30 närerna
465 799 138 30 särskilt
629 800 189 38 angeläget,
846 801 38 29 är
909 800 55 30 det
992 800 378 30 Handelskammarens
1398 800 232 39 uppfattning,
1657 803 50 27 att
1734 799 48 31 åt-

292 844 121 37 gärder
433 847 73 27 mot
527 844 227 39 medgivande
776 854 42 20 av
840 844 118 39 dylika
979 845 152 30 rabatter
1151 845 84 30 böra
1257 845 135 30 träffas.
1428 845 63 30 Det
1512 844 109 31 måste
1642 845 140 30 otvivel-

291 888 108 39 aktigt
418 897 100 22 anses
538 888 113 31 såsom
670 892 46 27 ett
735 892 103 28 osunt
856 890 65 29 och
940 890 161 30 störande
1120 893 155 27 moment
1293 890 95 30 inom
1407 889 191 31 affärslivet
1617 893 49 27 att
1684 890 98 30 kom-

291 931 118 32 binera
433 933 237 40 medlemskap
693 934 10 29 i
727 943 43 21 en
793 934 100 30 ideell
915 934 159 39 förening
1098 944 42 20 av
1164 935 66 29 den
1255 938 69 35 typ,
1349 944 74 21 som
1447 935 269 30 karakteriseras
1740 944 42 20 av

291 977 43 30 de
355 978 144 38 tidigare
521 979 237 38 uppräknade,
782 979 79 30 med
883 979 169 30 särskilda
1075 978 176 31 förmåner
1274 989 42 20 av
1339 980 132 37 antydd
1494 982 61 27 art.
1591 979 63 30 Det
1677 979 107 39 ligger

290 1023 10 28 i
327 1023 42 30 de
394 1023 122 30 ideella
542 1023 265 39 föreningarnas
834 1027 100 27 natur
960 1026 49 28 att
1037 1024 103 38 syftet
1166 1025 79 29 med
1272 1024 263 39 föreningarnas
1562 1024 220 30 verksamhet

290 1067 64 30 bör
375 1077 82 21 vara
480 1068 113 30 allena
616 1069 261 30 bestämmande
900 1069 54 30 för
976 1069 424 39 medlemsanslutningen.
1437 1069 100 30 Detta
1561 1069 88 38 syfte
1672 1070 39 28 är
1734 1068 48 30 åt-

290 1112 172 31 minstone
480 1112 76 31 icke
575 1113 10 30 i
604 1113 92 30 förut
714 1114 227 38 uppräknade
958 1113 63 30 fall
1038 1116 50 27 att
1106 1113 189 39 tillskynda
1314 1114 272 30 medlemmarna
1605 1112 177 32 förmåner

291 1156 58 31 vid
371 1157 107 39 inköp
502 1167 43 20 av
569 1167 109 26 varor,
703 1168 81 20 men
808 1159 69 29 kan
900 1158 145 30 faktiskt
1069 1158 145 30 framstå
1240 1157 115 31 såsom
1379 1157 123 31 sådant
1526 1158 11 30 i
1560 1159 56 29 det
1640 1158 71 34 fall,
1738 1157 44 31 då

290 1202 321 39 medlemsavgiften
631 1204 37 28 är
687 1202 56 39 låg
764 1203 66 30 och
850 1212 161 21 summan
1032 1212 42 21 av
1095 1203 41 30 de
1156 1203 160 36 rabatter,
1339 1212 74 22 som
1433 1203 111 30 under
1563 1206 46 27 ett
1629 1202 38 31 år
1688 1203 93 30 med-

290 1245 109 39 givits,
424 1246 170 40 överstiga
619 1247 122 30 denna.

335 1291 63 30 Det
418 1292 38 29 är
477 1291 361 31 Handelskammaren
858 1292 128 30 bekant
1006 1295 50 27 att
1076 1291 79 31 från
1176 1292 91 30 vissa
1287 1291 82 36 håll,
1391 1292 152 39 speciellt
1564 1292 218 31 Stockholms

291 1335 344 37 Handelskammare,
676 1337 199 38 upprepade
914 1336 118 31 försök
1073 1337 106 39 gjorts
1208 1340 50 27 att
1286 1336 114 31 förmå
1429 1337 257 30 vederbörande
1714 1336 68 31 för-

290 1380 142 40 eningar
456 1384 49 27 att
529 1381 154 39 frivilligt
708 1381 98 30 avstå
830 1381 78 30 från
932 1381 211 39 beviljandet
1166 1391 43 21 av
1233 1381 120 39 dylika
1377 1382 160 35 rabatter,
1563 1383 110 29 ehuru
1697 1385 85 27 utan

289 1426 151 30 resultat.
477 1426 42 39 Ej
543 1426 106 30 heller
672 1427 90 29 hava
787 1427 42 29 de
852 1426 128 36 försök,
1006 1436 75 21 som
1106 1426 78 30 från
1208 1427 573 38 branschsammanslutningarnas

289 1471 75 30 sida
388 1471 105 39 gjorts
517 1471 51 30 till
591 1470 312 31 åstadkommande
926 1481 42 20 av
992 1472 354 30 överenskommelser
1368 1472 127 29 mellan
1520 1472 74 30 sina
1617 1472 164 30 medlem-

288 1525 77 21 mar
381 1519 72 27 mot
469 1516 256 39 rabattgivning
743 1516 88 30 varit
848 1515 288 40 framgångsrika.
1167 1516 117 30 Under
1301 1516 99 30 dessa
1418 1515 243 32 förhållanden
1679 1526 101 29 synes

290 1561 57 30 det
372 1561 369 35 Handelskammaren,
769 1564 49 27 att
844 1561 344 39 lagstiftningsvägen
1215 1561 111 30 skulle
1352 1561 144 39 erbjuda
1523 1561 66 30 den
1614 1561 89 30 enda
1730 1564 51 27 ut-

290 1606 119 38 vägen.
445 1605 64 31 Det
532 1606 97 30 torde
651 1605 189 31 emellertid
863 1606 84 30 böra
970 1608 97 37 tagas
1091 1606 10 29 i
1124 1606 240 39 övervägande
1387 1616 57 20 om
1468 1606 56 30 det
1547 1615 42 21 av
1612 1606 169 30 motionä-

290 1659 100 22 rerna
416 1650 194 31 framförda
636 1651 164 38 förslaget
825 1660 58 21 om
908 1650 127 31 förbud
1061 1654 72 27 mot
1159 1651 202 30 lämnandet
1387 1660 42 20 av
1455 1651 123 35 rabatt,
1605 1660 74 21 som
1706 1650 76 30 icke

290 1694 92 39 gives
402 1695 71 30 lika
493 1695 52 30 till
566 1696 66 29 aila
653 1695 137 30 kunder
810 1705 41 20 ur
870 1695 94 39 varje
985 1696 178 38 synpunkt
1183 1696 39 29 är
1243 1696 56 29 det
1320 1695 226 39 lämpligaste.
1580 1695 130 31 Genom
1732 1698 49 28 att

289 1739 11 30 i
322 1740 98 39 lagen
442 1750 58 20 om
521 1740 109 39 illojal
651 1740 218 30 konkurrens
891 1739 113 31 införa
1027 1743 46 27 ett
1095 1740 191 39 stadgande
1308 1750 42 20 av
1372 1740 132 38 antydd
1526 1743 52 27 art
1599 1740 182 39 föreligger

290 1784 76 31 fara
387 1785 53 30 för
462 1788 50 27 att
533 1785 299 39 rabattbegreppet
854 1784 37 31 så
913 1788 48 27 att
984 1786 81 38 säga
1088 1784 169 36 fastlåses,
1279 1785 128 30 medan
1429 1785 175 39 samtidigt
1627 1786 153 29 strävan-

290 1830 67 30 den
372 1829 89 40 pågå
478 1833 49 27 att
543 1830 196 39 ytterligare
755 1831 168 38 begränsa
940 1830 80 30 eller
1037 1829 177 31 eliminera
1231 1830 301 39 rabattgivningen
1548 1830 95 31 inom
1660 1830 120 38 detalj-

290 1875 151 30 handeln
459 1875 10 30 i
487 1875 120 39 övrigt.

334 1918 358 31 Handelskammaren
712 1919 59 30 vill
791 1919 117 30 därför
927 1919 151 36 förorda,
1099 1922 49 27 att
1168 1918 124 40 frågan
1312 1929 58 21 om
1390 1929 24 21 s.
1435 1920 33 30 k.
1488 1918 291 40 föreningsrabat-

289 1966 51 28 ter
361 1964 74 30 icke
457 1964 58 30 må
537 1965 91 30 lösas
651 1968 136 35 separat
808 1967 84 27 utan
914 1964 10 30 i
947 1964 171 30 samband
1139 1965 80 29 med
1240 1964 79 30 hela
1342 1965 55 30 det
1419 1965 162 39 komplex
1604 1974 41 20 av
1668 1965 111 38 spörs-

289 2007 80 37 mål,
392 2018 75 21 som
488 2008 302 40 rabattgivningen
812 2009 94 30 inom
928 2008 260 39 detaljhandeln
1210 2010 110 38 utgör.

333 2071 94 31 Gefle
449 2072 67 30 den
542 2073 38 29 10
602 2081 91 20 mars
719 2072 93 30 1939.

771 2151 359 31 Handelskammaren
1154 2152 11 30 i
1189 2152 95 30 Gefle

871 2223 133 30 WILH.
1027 2223 157 30 EKMAN

1483 2277 102 30 Gösta
1609 2277 123 30 Jubell.
