2208 2622
742 198 252 33 Stalsutskottets
1016 199 168 32 utlåtande
1207 200 52 31 N>
1282 202 70 29 195.
1727 242 3 4 |
1808 203 10 29 1

923 652 67 39 Nr
1018 653 102 40 195.

716 767 123 28 Ankom
863 768 49 27 till
935 768 188 37 riksdagens
1147 768 106 28 kansli
1277 769 61 27 den
1362 768 38 28 30
1423 769 64 37 maj
1516 769 77 28 1919
1618 769 41 28 kl.
1686 770 17 27 2
1727 778 24 19 e.
1777 779 40 19 m,

542 858 195 37 Utlåtande
764 858 14 36 i
806 859 193 49 anledning
1028 873 45 23 av
1102 860 133 49 Kungl.
1258 860 131 49 Maj:ts
1402 861 228 48 proposition
1649 862 79 35 med
1740 862 81 49 för-

635 919 81 48 slag
744 919 57 36 till
821 919 220 49 förordning
1068 921 185 47 angående
1279 921 218 36 statsverkets
1516 921 305 49 kapitalöknings-

625 979 99 48 fond
752 992 45 22 m.
827 993 44 22 m.
1567 980 72 49 (4:e
1667 981 101 49 avd.)

325 1080 17 36 I
369 1094 47 23 en
444 1081 55 36 till
527 1081 205 50 riksdagen
761 1082 71 37 den
861 1085 45 34 21
937 1097 98 23 mars
1067 1085 96 36 1919
1193 1084 149 37 avlåten
1370 1084 236 50 proposition
1635 1084 58 49 (nr
1722 1085 98 49 344),

221 1132 68 37 har
317 1132 140 50 Kungl.
488 1133 118 50 Maj:t,
634 1134 119 37 under
783 1135 236 49 åberopande
1048 1149 46 24 av
1121 1137 282 49 propositionen
1437 1137 144 48 bifogat
1607 1137 140 49 utdrag
1774 1150 48 23 av

221 1185 410 49 statsrådsprotokollet
673 1192 89 31 över
803 1187 289 37 finansärenden
1134 1189 57 36 för
1218 1202 142 23 samma
1389 1188 87 49 dag,
1505 1189 195 49 föreslagit
1727 1189 94 37 riks-

221 1236 125 50 dagen
388 1242 54 31 att
484 1243 138 43 antaga
663 1239 283 49 propositionen
974 1240 147 49 bifogat
1149 1241 144 48 förslag
1320 1241 56 36 till
1405 1242 73 36 dels
1506 1241 225 48 förordning
1760 1255 59 23 om

221 1289 247 36 statsverkets
508 1290 414 49 kapitalökningsfond,
952 1293 74 35 dels
1067 1293 62 36 ock
1170 1293 224 49 förordning
1422 1306 59 23 om
1510 1293 141 36 ändrad
1678 1293 143 49 lydelse

222 1354 46 22 av
295 1342 48 34 42
372 1340 21 49 $
421 1341 11 35 i
461 1341 272 50 förordningen
774 1342 73 37 den
879 1345 44 35 19
953 1344 205 37 november
1189 1347 98 34 1914
1316 1358 60 23 om
1406 1345 190 37 arvsskatt
1625 1345 69 36 och
1723 1345 98 37 skatt

220 1392 59 36 för
307 1394 108 46 gåva.

323 1443 260 38 Förevarande
611 1445 234 50 proposition
872 1446 69 37 har
968 1447 11 36 i
1010 1447 71 37 vad
1110 1450 120 47 angår
1257 1448 143 49 förslag
1427 1448 55 36 till
1512 1448 225 49 förordning
1757 1462 63 23 an-

219 1495 146 48 gående
406 1497 246 37 statsverkets
688 1498 415 51 kapitalökningsfond,
1141 1500 194 37 hänvisats
1371 1500 56 37 till
1456 1500 279 38 statsutskottet
1764 1501 58 37 för

221 1548 271 37 förberedande
519 1548 242 51 behandling.

324 1599 242 38 Sistnämnda
594 1602 395 51 författningsförslag
1016 1609 41 31 är
1083 1618 47 22 av
1159 1604 165 50 följande
1352 1604 153 50 lydelse:

920 1757 201 42 »Förslag

991 1828 56 35 till

542 1902 215 41 förordning
779 1912 56 24 om
858 1904 234 33 statsverkets
1115 1904 389 41 kapitalökningsfond.

321 1997 232 50 Härigenom
582 1998 198 38 förordnas
809 2013 79 23 som
918 2000 123 50 följer:

975 2119 21 50 $
1015 2119 44 50 1.

320 2204 71 37 Till
439 2216 48 25 en
537 2204 160 38 särskild
739 2206 103 47 fond,
885 2206 189 37 benämnd
1115 2207 246 37 statsverkets
1401 2206 415 51 kapitalökningsfond,

217 2261 168 33 avsättas
431 2257 143 49 årligen
615 2258 140 37 sådana
796 2259 243 37 statsverkets
1070 2258 223 50 inkomster,
1322 2272 79 25 som
1429 2260 135 50 inflyta
1591 2273 46 24 av
1665 2260 102 37 skatt
1796 2267 21 29 ä

216 2309 153 50 kapital.

257 2371 118 38 Bihang
398 2371 45 30 till
464 2371 168 38 riksdagens
649 2373 149 37 protokoll
810 2373 91 30 1919.
928 2374 18 28 6
956 2374 82 29 saml.
1065 2373 39 30 92
1115 2373 73 37 häft.
1225 2374 62 35 (Nr
1299 2371 192 42 195-—197.)
1621 2382 92 20 197619
1760 2376 13 27 1
