<?xml version="1.0" encoding="UTF-8"?>
<alto xmlns="http://www.loc.gov/standards/alto/ns-v3#" xmlns:xlink="http://www.w3.org/1999/xlink" xmlns:xsi="http://www.w3.org/2001/XMLSchema-instance" xsi:schemaLocation="http://www.loc.gov/standards/alto/ns-v3# http://www.loc.gov/alto/v3/alto-3-0.xsd">
	<Description>
		<MeasurementUnit>pixel</MeasurementUnit>
		<sourceImageInformation>
			<fileName>/tmp/tess_5p3p414t_input.PNG</fileName>
		</sourceImageInformation>
		<OCRProcessing ID="OCR_0">
			<ocrProcessingStep>
				<processingSoftware>
					<softwareName>tesseract 5.3.0</softwareName>
				</processingSoftware>
			</ocrProcessingStep>
		</OCRProcessing>
	</Description>
	<Layout>
		<Page WIDTH="1900" HEIGHT="2842" PHYSICAL_IMG_NR="0" ID="page_0">
			<PrintSpace HPOS="0" VPOS="0" WIDTH="1900" HEIGHT="2842">
				<ComposedBlock ID="cblock_0" HPOS="96" VPOS="251" WIDTH="150" HEIGHT="28">
					<TextBlock ID="block_0" HPOS="96" VPOS="251" WIDTH="150" HEIGHT="28">
						<TextLine ID="line_0" HPOS="96" VPOS="251" WIDTH="150" HEIGHT="28">
							<String ID="string_0" HPOS="96" VPOS="251" WIDTH="150" HEIGHT="28" WC="0.95" CONTENT="Utskottet."/>
						</TextLine>
					</TextBlock>
				</ComposedBlock>
				<ComposedBlock ID="cblock_1" HPOS="96" VPOS="1415" WIDTH="150" HEIGHT="27">
					<TextBlock ID="block_1" HPOS="96" VPOS="1415" WIDTH="150" HEIGHT="27">
						<TextLine ID="line_1" HPOS="96" VPOS="1415" WIDTH="150" HEIGHT="27">
							<String ID="string_1" HPOS="96" VPOS="1415" WIDTH="150" HEIGHT="27" WC="0.95" CONTENT="Utskottet."/>
						</TextLine>
					</TextBlock>
				</ComposedBlock>
				<ComposedBlock ID="cblock_2" HPOS="95" VPOS="2163" WIDTH="150" HEIGHT="28">
					<TextBlock ID="block_2" HPOS="95" VPOS="2163" WIDTH="150" HEIGHT="28">
						<TextLine ID="line_2" HPOS="95" VPOS="2163" WIDTH="150" HEIGHT="28">
							<String ID="string_2" HPOS="95" VPOS="2163" WIDTH="150" HEIGHT="28" WC="0.96" CONTENT="Utskottet."/>
						</TextLine>
					</TextBlock>
				</ComposedBlock>
				<ComposedBlock ID="cblock_3" HPOS="274" VPOS="151" WIDTH="1039" HEIGHT="33">
					<TextBlock ID="block_3" HPOS="274" VPOS="151" WIDTH="1039" HEIGHT="33">
						<TextLine ID="line_3" HPOS="274" VPOS="151" WIDTH="1039" HEIGHT="33">
							<String ID="string_3" HPOS="274" VPOS="152" WIDTH="41" HEIGHT="30" WC="0.95" CONTENT="20"/><SP WIDTH="438" VPOS="152" HPOS="315"/>
							<String ID="string_4" HPOS="753" VPOS="151" WIDTH="260" HEIGHT="31" WC="0.92" CONTENT="Statsutskottets"/><SP WIDTH="17" VPOS="151" HPOS="1013"/>
							<String ID="string_5" HPOS="1030" VPOS="153" WIDTH="165" HEIGHT="29" WC="0.96" CONTENT="utlåtande"/><SP WIDTH="21" VPOS="153" HPOS="1195"/>
							<String ID="string_6" HPOS="1216" VPOS="153" WIDTH="48" HEIGHT="29" WC="0.96" CONTENT="Nr"/><SP WIDTH="22" VPOS="153" HPOS="1264"/>
							<String ID="string_7" HPOS="1286" VPOS="158" WIDTH="27" HEIGHT="26" WC="0.96" CONTENT="9."/>
						</TextLine>
					</TextBlock>
				</ComposedBlock>
				<ComposedBlock ID="cblock_4" HPOS="276" VPOS="237" WIDTH="1508" HEIGHT="243">
					<TextBlock ID="block_4" HPOS="276" VPOS="237" WIDTH="1508" HEIGHT="190">
						<TextLine ID="line_4" HPOS="321" VPOS="237" WIDTH="1462" HEIGHT="43">
							<String ID="string_8" HPOS="321" VPOS="237" WIDTH="173" HEIGHT="33" WC="0.95" CONTENT="Utskottet"/><SP WIDTH="19" VPOS="237" HPOS="494"/>
							<String ID="string_9" HPOS="513" VPOS="238" WIDTH="200" HEIGHT="39" WC="0.95" CONTENT="tillstyrker,"/><SP WIDTH="20" VPOS="238" HPOS="713"/>
							<String ID="string_10" HPOS="733" VPOS="241" WIDTH="61" HEIGHT="37" WC="0.96" CONTENT="att,"/><SP WIDTH="26" VPOS="241" HPOS="794"/>
							<String ID="string_11" HPOS="820" VPOS="239" WIDTH="7" HEIGHT="31" WC="0.96" CONTENT="i"/><SP WIDTH="16" VPOS="239" HPOS="827"/>
							<String ID="string_12" HPOS="843" VPOS="238" WIDTH="107" HEIGHT="33" WC="0.95" CONTENT="likhet"/><SP WIDTH="18" VPOS="238" HPOS="950"/>
							<String ID="string_13" HPOS="968" VPOS="239" WIDTH="75" HEIGHT="32" WC="0.96" CONTENT="med"/><SP WIDTH="18" VPOS="239" HPOS="1043"/>
							<String ID="string_14" HPOS="1061" VPOS="239" WIDTH="68" HEIGHT="32" WC="0.96" CONTENT="vad"/><SP WIDTH="18" VPOS="239" HPOS="1129"/>
							<String ID="string_15" HPOS="1147" VPOS="239" WIDTH="145" HEIGHT="39" WC="0.96" CONTENT="tidigare"/><SP WIDTH="20" VPOS="239" HPOS="1292"/>
							<String ID="string_16" HPOS="1312" VPOS="244" WIDTH="59" HEIGHT="34" WC="0.96" CONTENT="ägt"/><SP WIDTH="18" VPOS="244" HPOS="1371"/>
							<String ID="string_17" HPOS="1389" VPOS="252" WIDTH="83" HEIGHT="27" WC="0.96" CONTENT="rum,"/><SP WIDTH="20" VPOS="252" HPOS="1472"/>
							<String ID="string_18" HPOS="1492" VPOS="244" WIDTH="49" HEIGHT="29" WC="0.96" CONTENT="ett"/><SP WIDTH="18" VPOS="244" HPOS="1541"/>
							<String ID="string_19" HPOS="1559" VPOS="241" WIDTH="120" HEIGHT="39" WC="0.96" CONTENT="belopp"/><SP WIDTH="20" VPOS="241" HPOS="1679"/>
							<String ID="string_20" HPOS="1699" VPOS="253" WIDTH="43" HEIGHT="20" WC="0.96" CONTENT="av"/><SP WIDTH="21" VPOS="253" HPOS="1742"/>
							<String ID="string_21" HPOS="1763" VPOS="244" WIDTH="20" HEIGHT="30" WC="0.96" CONTENT="4"/>
						</TextLine>
						<TextLine ID="line_5" HPOS="276" VPOS="288" WIDTH="1507" HEIGHT="41">
							<String ID="string_22" HPOS="276" VPOS="288" WIDTH="151" HEIGHT="38" WC="0.96" CONTENT="miljoner"/><SP WIDTH="18" VPOS="288" HPOS="427"/>
							<String ID="string_23" HPOS="445" VPOS="288" WIDTH="124" HEIGHT="33" WC="0.95" CONTENT="kronor"/><SP WIDTH="19" VPOS="288" HPOS="569"/>
							<String ID="string_24" HPOS="588" VPOS="288" WIDTH="142" HEIGHT="39" WC="0.95" CONTENT="beviljas"/><SP WIDTH="20" VPOS="288" HPOS="730"/>
							<String ID="string_25" HPOS="750" VPOS="289" WIDTH="55" HEIGHT="32" WC="0.96" CONTENT="för"/><SP WIDTH="19" VPOS="289" HPOS="805"/>
							<String ID="string_26" HPOS="824" VPOS="289" WIDTH="264" HEIGHT="39" WC="0.96" CONTENT="fortsättningen"/><SP WIDTH="21" VPOS="289" HPOS="1088"/>
							<String ID="string_27" HPOS="1109" VPOS="302" WIDTH="42" HEIGHT="20" WC="0.93" CONTENT="av"/><SP WIDTH="18" VPOS="302" HPOS="1151"/>
							<String ID="string_28" HPOS="1169" VPOS="290" WIDTH="360" HEIGHT="39" WC="0.91" CONTENT="inlandsbanebygget."/><SP WIDTH="40" VPOS="290" HPOS="1529"/>
							<String ID="string_29" HPOS="1569" VPOS="291" WIDTH="127" HEIGHT="33" WC="0.89" CONTENT="Likaså"/><SP WIDTH="19" VPOS="291" HPOS="1696"/>
							<String ID="string_30" HPOS="1715" VPOS="291" WIDTH="68" HEIGHT="33" WC="0.92" CONTENT="till-"/>
						</TextLine>
						<TextLine ID="line_6" HPOS="278" VPOS="338" WIDTH="1506" HEIGHT="40">
							<String ID="string_31" HPOS="278" VPOS="338" WIDTH="134" HEIGHT="39" WC="0.96" CONTENT="styrker"/><SP WIDTH="22" VPOS="338" HPOS="412"/>
							<String ID="string_32" HPOS="434" VPOS="339" WIDTH="178" HEIGHT="38" WC="0.96" CONTENT="utskottet,"/><SP WIDTH="24" VPOS="339" HPOS="612"/>
							<String ID="string_33" HPOS="636" VPOS="343" WIDTH="51" HEIGHT="29" WC="0.96" CONTENT="att"/><SP WIDTH="22" VPOS="343" HPOS="687"/>
							<String ID="string_34" HPOS="709" VPOS="339" WIDTH="158" HEIGHT="39" WC="0.93" CONTENT="beloppet"/><SP WIDTH="21" VPOS="339" HPOS="867"/>
							<String ID="string_35" HPOS="888" VPOS="359" WIDTH="45" HEIGHT="4" WC="0.90" CONTENT="—"/><SP WIDTH="22" VPOS="359" HPOS="933"/>
							<String ID="string_36" HPOS="955" VPOS="340" WIDTH="128" HEIGHT="38" WC="0.96" CONTENT="jämväl"/><SP WIDTH="24" VPOS="340" HPOS="1083"/>
							<String ID="string_37" HPOS="1107" VPOS="341" WIDTH="45" HEIGHT="37" WC="0.96" CONTENT="på"/><SP WIDTH="25" VPOS="341" HPOS="1152"/>
							<String ID="string_38" HPOS="1177" VPOS="344" WIDTH="69" HEIGHT="29" WC="0.96" CONTENT="sätt"/><SP WIDTH="23" VPOS="344" HPOS="1246"/>
							<String ID="string_39" HPOS="1269" VPOS="341" WIDTH="93" HEIGHT="32" WC="0.96" CONTENT="förut"/><SP WIDTH="25" VPOS="341" HPOS="1362"/>
							<String ID="string_40" HPOS="1387" VPOS="341" WIDTH="90" HEIGHT="32" WC="0.93" CONTENT="skett"/><SP WIDTH="22" VPOS="341" HPOS="1477"/>
							<String ID="string_41" HPOS="1499" VPOS="361" WIDTH="45" HEIGHT="3" WC="0.92" CONTENT="—"/><SP WIDTH="26" VPOS="361" HPOS="1544"/>
							<String ID="string_42" HPOS="1570" VPOS="342" WIDTH="136" HEIGHT="32" WC="0.96" CONTENT="anvisas"/><SP WIDTH="26" VPOS="342" HPOS="1706"/>
							<String ID="string_43" HPOS="1732" VPOS="346" WIDTH="52" HEIGHT="29" WC="0.96" CONTENT="att"/>
						</TextLine>
						<TextLine ID="line_7" HPOS="276" VPOS="389" WIDTH="849" HEIGHT="38">
							<String ID="string_44" HPOS="276" VPOS="390" WIDTH="83" HEIGHT="37" WC="0.96" CONTENT="utgå"/><SP WIDTH="22" VPOS="390" HPOS="359"/>
							<String ID="string_45" HPOS="381" VPOS="401" WIDTH="42" HEIGHT="20" WC="0.96" CONTENT="av"/><SP WIDTH="21" VPOS="401" HPOS="423"/>
							<String ID="string_46" HPOS="444" VPOS="390" WIDTH="107" HEIGHT="32" WC="0.93" CONTENT="andra"/><SP WIDTH="23" VPOS="390" HPOS="551"/>
							<String ID="string_47" HPOS="574" VPOS="389" WIDTH="271" HEIGHT="33" WC="0.91" CONTENT="statsinkomster"/><SP WIDTH="22" VPOS="389" HPOS="845"/>
							<String ID="string_48" HPOS="867" VPOS="395" WIDTH="41" HEIGHT="27" WC="0.93" CONTENT="än"/><SP WIDTH="21" VPOS="395" HPOS="908"/>
							<String ID="string_49" HPOS="929" VPOS="390" WIDTH="196" HEIGHT="33" WC="0.91" CONTENT="lånemedel."/>
						</TextLine>
					</TextBlock>
					<TextBlock ID="block_5" HPOS="321" VPOS="439" WIDTH="397" HEIGHT="41">
						<TextLine ID="line_8" HPOS="321" VPOS="439" WIDTH="397" HEIGHT="41">
							<String ID="string_50" HPOS="321" VPOS="439" WIDTH="173" HEIGHT="33" WC="0.96" CONTENT="Utskottet"/><SP WIDTH="22" VPOS="439" HPOS="494"/>
							<String ID="string_51" HPOS="516" VPOS="440" WIDTH="202" HEIGHT="40" WC="0.96" CONTENT="hemställer,"/>
						</TextLine>
					</TextBlock>
				</ComposedBlock>
				<ComposedBlock ID="cblock_5" HPOS="587" VPOS="516" WIDTH="1196" HEIGHT="184">
					<TextBlock ID="block_6" HPOS="587" VPOS="516" WIDTH="1196" HEIGHT="184">
						<TextLine ID="line_9" HPOS="630" VPOS="516" WIDTH="1153" HEIGHT="41">
							<String ID="string_52" HPOS="630" VPOS="520" WIDTH="50" HEIGHT="28" WC="0.96" CONTENT="att"/><SP WIDTH="39" VPOS="520" HPOS="680"/>
							<String ID="string_53" HPOS="719" VPOS="516" WIDTH="183" HEIGHT="39" WC="0.95" CONTENT="riksdagen"/><SP WIDTH="38" VPOS="516" HPOS="902"/>
							<String ID="string_54" HPOS="940" VPOS="517" WIDTH="54" HEIGHT="32" WC="0.95" CONTENT="må"/><SP WIDTH="27" VPOS="517" HPOS="994"/>
							<String ID="string_55" HPOS="1021" VPOS="517" WIDTH="55" HEIGHT="32" WC="0.92" CONTENT="till"/><SP WIDTH="27" VPOS="517" HPOS="1076"/>
							<String ID="string_56" HPOS="1103" VPOS="516" WIDTH="247" HEIGHT="33" WC="0.91" CONTENT="inlandsbanan"/><SP WIDTH="29" VPOS="516" HPOS="1350"/>
							<String ID="string_57" HPOS="1379" VPOS="517" WIDTH="123" HEIGHT="32" WC="0.93" CONTENT="mellan"/><SP WIDTH="30" VPOS="517" HPOS="1502"/>
							<String ID="string_58" HPOS="1532" VPOS="518" WIDTH="163" HEIGHT="39" WC="0.92" CONTENT="Volgsjön"/><SP WIDTH="27" VPOS="518" HPOS="1695"/>
							<String ID="string_59" HPOS="1722" VPOS="518" WIDTH="61" HEIGHT="32" WC="0.96" CONTENT="och"/>
						</TextLine>
						<TextLine ID="line_10" HPOS="589" VPOS="564" WIDTH="1189" HEIGHT="43">
							<String ID="string_60" HPOS="589" VPOS="566" WIDTH="172" HEIGHT="33" WC="0.96" CONTENT="Gällivare"/><SP WIDTH="23" VPOS="566" HPOS="761"/>
							<String ID="string_61" HPOS="784" VPOS="567" WIDTH="54" HEIGHT="32" WC="0.96" CONTENT="för"/><SP WIDTH="21" VPOS="567" HPOS="838"/>
							<String ID="string_62" HPOS="859" VPOS="567" WIDTH="200" HEIGHT="38" WC="0.93" CONTENT="budgetåret"/><SP WIDTH="24" VPOS="567" HPOS="1059"/>
							<String ID="string_63" HPOS="1083" VPOS="564" WIDTH="184" HEIGHT="43" WC="0.87" CONTENT="1935/1936"/><SP WIDTH="23" VPOS="564" HPOS="1267"/>
							<String ID="string_64" HPOS="1290" VPOS="568" WIDTH="119" HEIGHT="32" WC="0.95" CONTENT="anvisa"/><SP WIDTH="22" VPOS="568" HPOS="1409"/>
							<String ID="string_65" HPOS="1431" VPOS="571" WIDTH="49" HEIGHT="29" WC="0.93" CONTENT="ett"/><SP WIDTH="22" VPOS="571" HPOS="1480"/>
							<String ID="string_66" HPOS="1502" VPOS="568" WIDTH="276" HEIGHT="32" WC="0.91" CONTENT="reservationsan-"/>
						</TextLine>
						<TextLine ID="line_11" HPOS="587" VPOS="617" WIDTH="1193" HEIGHT="40">
							<String ID="string_67" HPOS="587" VPOS="617" WIDTH="74" HEIGHT="39" WC="0.95" CONTENT="slag"/><SP WIDTH="19" VPOS="617" HPOS="661"/>
							<String ID="string_68" HPOS="680" VPOS="629" WIDTH="42" HEIGHT="20" WC="0.93" CONTENT="av"/><SP WIDTH="19" VPOS="629" HPOS="722"/>
							<String ID="string_69" HPOS="741" VPOS="618" WIDTH="174" HEIGHT="38" WC="0.92" CONTENT="4,000,000"/><SP WIDTH="19" VPOS="618" HPOS="915"/>
							<String ID="string_70" HPOS="934" VPOS="617" WIDTH="132" HEIGHT="40" WC="0.96" CONTENT="kronor,"/><SP WIDTH="20" VPOS="617" HPOS="1066"/>
							<String ID="string_71" HPOS="1086" VPOS="621" WIDTH="52" HEIGHT="29" WC="0.96" CONTENT="att"/><SP WIDTH="17" VPOS="621" HPOS="1138"/>
							<String ID="string_72" HPOS="1155" VPOS="618" WIDTH="83" HEIGHT="38" WC="0.96" CONTENT="utgå"/><SP WIDTH="21" VPOS="618" HPOS="1238"/>
							<String ID="string_73" HPOS="1259" VPOS="630" WIDTH="43" HEIGHT="20" WC="0.96" CONTENT="av"/><SP WIDTH="19" VPOS="630" HPOS="1302"/>
							<String ID="string_74" HPOS="1321" VPOS="618" WIDTH="106" HEIGHT="32" WC="0.93" CONTENT="andra"/><SP WIDTH="21" VPOS="618" HPOS="1427"/>
							<String ID="string_75" HPOS="1448" VPOS="618" WIDTH="270" HEIGHT="33" WC="0.92" CONTENT="statsinkomster"/><SP WIDTH="23" VPOS="618" HPOS="1718"/>
							<String ID="string_76" HPOS="1741" VPOS="624" WIDTH="39" HEIGHT="27" WC="0.96" CONTENT="än"/>
						</TextLine>
						<TextLine ID="line_12" HPOS="588" VPOS="668" WIDTH="193" HEIGHT="32">
							<String ID="string_77" HPOS="588" VPOS="668" WIDTH="193" HEIGHT="32" WC="0.90" CONTENT="lånemedel."/>
						</TextLine>
					</TextBlock>
				</ComposedBlock>
				<ComposedBlock ID="cblock_6" HPOS="278" VPOS="809" WIDTH="1505" HEIGHT="141">
					<TextBlock ID="block_7" HPOS="278" VPOS="809" WIDTH="1505" HEIGHT="141">
						<TextLine ID="line_13" HPOS="323" VPOS="809" WIDTH="1460" HEIGHT="42">
							<String ID="string_78" HPOS="323" VPOS="810" WIDTH="93" HEIGHT="40" WC="0.56" CONTENT="31:o)"/><SP WIDTH="43" VPOS="810" HPOS="416"/>
							<String ID="string_79" HPOS="459" VPOS="811" WIDTH="142" HEIGHT="32" WC="0.92" CONTENT="Person-"/><SP WIDTH="20" VPOS="811" HPOS="601"/>
							<String ID="string_80" HPOS="621" VPOS="811" WIDTH="60" HEIGHT="32" WC="0.91" CONTENT="och"/><SP WIDTH="20" VPOS="811" HPOS="681"/>
							<String ID="string_81" HPOS="701" VPOS="812" WIDTH="281" HEIGHT="36" WC="0.91" CONTENT="resgodsvagnar."/><SP WIDTH="39" VPOS="812" HPOS="982"/>
							<String ID="string_82" HPOS="1021" VPOS="811" WIDTH="131" HEIGHT="38" WC="0.95" CONTENT="Kungl."/><SP WIDTH="22" VPOS="811" HPOS="1152"/>
							<String ID="string_83" HPOS="1174" VPOS="811" WIDTH="102" HEIGHT="38" WC="0.96" CONTENT="Maj:t"/><SP WIDTH="22" VPOS="811" HPOS="1276"/>
							<String ID="string_84" HPOS="1298" VPOS="811" WIDTH="60" HEIGHT="32" WC="0.96" CONTENT="har"/><SP WIDTH="27" VPOS="811" HPOS="1358"/>
							<String ID="string_85" HPOS="1385" VPOS="809" WIDTH="127" HEIGHT="41" WC="0.96" CONTENT="(punkt"/><SP WIDTH="24" VPOS="809" HPOS="1512"/>
							<String ID="string_86" HPOS="1536" VPOS="812" WIDTH="52" HEIGHT="39" WC="0.96" CONTENT="31,"/><SP WIDTH="23" VPOS="812" HPOS="1588"/>
							<String ID="string_87" HPOS="1611" VPOS="811" WIDTH="63" HEIGHT="33" WC="0.92" CONTENT="sid."/><SP WIDTH="23" VPOS="811" HPOS="1674"/>
							<String ID="string_88" HPOS="1697" VPOS="814" WIDTH="86" HEIGHT="31" WC="0.90" CONTENT="77—"/>
						</TextLine>
						<TextLine ID="line_14" HPOS="278" VPOS="859" WIDTH="1504" HEIGHT="43">
							<String ID="string_89" HPOS="278" VPOS="859" WIDTH="55" HEIGHT="41" WC="0.95" CONTENT="79)"/><SP WIDTH="18" VPOS="859" HPOS="333"/>
							<String ID="string_90" HPOS="351" VPOS="862" WIDTH="181" HEIGHT="38" WC="0.96" CONTENT="föreslagit"/><SP WIDTH="17" VPOS="862" HPOS="532"/>
							<String ID="string_91" HPOS="549" VPOS="861" WIDTH="180" HEIGHT="38" WC="0.95" CONTENT="riksdagen"/><SP WIDTH="17" VPOS="861" HPOS="729"/>
							<String ID="string_92" HPOS="746" VPOS="864" WIDTH="52" HEIGHT="29" WC="0.95" CONTENT="att"/><SP WIDTH="16" VPOS="864" HPOS="798"/>
							<String ID="string_93" HPOS="814" VPOS="861" WIDTH="53" HEIGHT="32" WC="0.93" CONTENT="till"/><SP WIDTH="16" VPOS="861" HPOS="867"/>
							<String ID="string_94" HPOS="883" VPOS="873" WIDTH="132" HEIGHT="27" WC="0.91" CONTENT="person-"/><SP WIDTH="17" VPOS="873" HPOS="1015"/>
							<String ID="string_95" HPOS="1032" VPOS="861" WIDTH="61" HEIGHT="32" WC="0.91" CONTENT="och"/><SP WIDTH="17" VPOS="861" HPOS="1093"/>
							<String ID="string_96" HPOS="1110" VPOS="861" WIDTH="268" HEIGHT="39" WC="0.91" CONTENT="resgodsvagnar"/><SP WIDTH="18" VPOS="861" HPOS="1378"/>
							<String ID="string_97" HPOS="1396" VPOS="861" WIDTH="55" HEIGHT="32" WC="0.96" CONTENT="för"/><SP WIDTH="15" VPOS="861" HPOS="1451"/>
							<String ID="string_98" HPOS="1466" VPOS="861" WIDTH="201" HEIGHT="39" WC="0.93" CONTENT="budgetåret"/><SP WIDTH="20" VPOS="861" HPOS="1667"/>
							<String ID="string_99" HPOS="1687" VPOS="860" WIDTH="95" HEIGHT="42" WC="0.88" CONTENT="1935/"/>
						</TextLine>
						<TextLine ID="line_15" HPOS="279" VPOS="912" WIDTH="1041" HEIGHT="38">
							<String ID="string_100" HPOS="279" VPOS="913" WIDTH="84" HEIGHT="32" WC="0.96" CONTENT="1936"/><SP WIDTH="22" VPOS="913" HPOS="363"/>
							<String ID="string_101" HPOS="385" VPOS="912" WIDTH="118" HEIGHT="32" WC="0.96" CONTENT="anvisa"/><SP WIDTH="23" VPOS="912" HPOS="503"/>
							<String ID="string_102" HPOS="526" VPOS="915" WIDTH="49" HEIGHT="29" WC="0.93" CONTENT="ett"/><SP WIDTH="21" VPOS="915" HPOS="575"/>
							<String ID="string_103" HPOS="596" VPOS="912" WIDTH="343" HEIGHT="38" WC="0.91" CONTENT="reservationsanslag"/><SP WIDTH="22" VPOS="912" HPOS="939"/>
							<String ID="string_104" HPOS="961" VPOS="924" WIDTH="42" HEIGHT="20" WC="0.93" CONTENT="av"/><SP WIDTH="23" VPOS="924" HPOS="1003"/>
							<String ID="string_105" HPOS="1026" VPOS="913" WIDTH="140" HEIGHT="37" WC="0.91" CONTENT="750,000"/><SP WIDTH="23" VPOS="913" HPOS="1166"/>
							<String ID="string_106" HPOS="1189" VPOS="912" WIDTH="131" HEIGHT="33" WC="0.95" CONTENT="kronor."/>
						</TextLine>
					</TextBlock>
				</ComposedBlock>
				<ComposedBlock ID="cblock_7" HPOS="276" VPOS="1004" WIDTH="1507" HEIGHT="337">
					<TextBlock ID="block_8" HPOS="276" VPOS="1004" WIDTH="1507" HEIGHT="337">
						<TextLine ID="line_16" HPOS="321" VPOS="1004" WIDTH="1462" HEIGHT="39">
							<String ID="string_107" HPOS="321" VPOS="1005" WIDTH="54" HEIGHT="32" WC="0.96" CONTENT="En"/><SP WIDTH="23" VPOS="1005" HPOS="375"/>
							<String ID="string_108" HPOS="398" VPOS="1017" WIDTH="42" HEIGHT="20" WC="0.93" CONTENT="av"/><SP WIDTH="21" VPOS="1017" HPOS="440"/>
							<String ID="string_109" HPOS="461" VPOS="1004" WIDTH="331" HEIGHT="39" WC="0.92" CONTENT="järnvägsstyrelsen"/><SP WIDTH="23" VPOS="1004" HPOS="792"/>
							<String ID="string_110" HPOS="815" VPOS="1005" WIDTH="38" HEIGHT="32" WC="0.96" CONTENT="år"/><SP WIDTH="24" VPOS="1005" HPOS="853"/>
							<String ID="string_111" HPOS="877" VPOS="1005" WIDTH="83" HEIGHT="34" WC="0.96" CONTENT="1933"/><SP WIDTH="25" VPOS="1005" HPOS="960"/>
							<String ID="string_112" HPOS="985" VPOS="1004" WIDTH="173" HEIGHT="39" WC="0.91" CONTENT="framlagd"/><SP WIDTH="23" VPOS="1004" HPOS="1158"/>
							<String ID="string_113" HPOS="1181" VPOS="1004" WIDTH="207" HEIGHT="39" WC="0.91" CONTENT="femårsplan"/><SP WIDTH="25" VPOS="1004" HPOS="1388"/>
							<String ID="string_114" HPOS="1413" VPOS="1004" WIDTH="54" HEIGHT="32" WC="0.96" CONTENT="för"/><SP WIDTH="24" VPOS="1004" HPOS="1467"/>
							<String ID="string_115" HPOS="1491" VPOS="1004" WIDTH="226" HEIGHT="39" WC="0.95" CONTENT="anskaffning"/><SP WIDTH="24" VPOS="1004" HPOS="1717"/>
							<String ID="string_116" HPOS="1741" VPOS="1016" WIDTH="42" HEIGHT="21" WC="0.95" CONTENT="av"/>
						</TextLine>
						<TextLine ID="line_17" HPOS="276" VPOS="1054" WIDTH="1506" HEIGHT="40">
							<String ID="string_117" HPOS="276" VPOS="1067" WIDTH="132" HEIGHT="27" WC="0.92" CONTENT="person-"/><SP WIDTH="19" VPOS="1067" HPOS="408"/>
							<String ID="string_118" HPOS="427" VPOS="1056" WIDTH="61" HEIGHT="32" WC="0.93" CONTENT="och"/><SP WIDTH="18" VPOS="1056" HPOS="488"/>
							<String ID="string_119" HPOS="506" VPOS="1055" WIDTH="270" HEIGHT="39" WC="0.91" CONTENT="resgodsvagnar"/><SP WIDTH="18" VPOS="1055" HPOS="776"/>
							<String ID="string_120" HPOS="794" VPOS="1055" WIDTH="107" HEIGHT="33" WC="0.93" CONTENT="slutar"/><SP WIDTH="17" VPOS="1055" HPOS="901"/>
							<String ID="string_121" HPOS="918" VPOS="1056" WIDTH="20" HEIGHT="31" WC="0.92" CONTENT="å"/><SP WIDTH="17" VPOS="1056" HPOS="938"/>
							<String ID="string_122" HPOS="955" VPOS="1059" WIDTH="48" HEIGHT="28" WC="0.96" CONTENT="ett"/><SP WIDTH="17" VPOS="1059" HPOS="1003"/>
							<String ID="string_123" HPOS="1020" VPOS="1055" WIDTH="121" HEIGHT="38" WC="0.96" CONTENT="belopp"/><SP WIDTH="19" VPOS="1055" HPOS="1141"/>
							<String ID="string_124" HPOS="1160" VPOS="1067" WIDTH="42" HEIGHT="20" WC="0.91" CONTENT="av"/><SP WIDTH="22" VPOS="1067" HPOS="1202"/>
							<String ID="string_125" HPOS="1224" VPOS="1055" WIDTH="173" HEIGHT="38" WC="0.91" CONTENT="6,000,000"/><SP WIDTH="19" VPOS="1055" HPOS="1397"/>
							<String ID="string_126" HPOS="1416" VPOS="1055" WIDTH="132" HEIGHT="38" WC="0.95" CONTENT="kronor,"/><SP WIDTH="20" VPOS="1055" HPOS="1548"/>
							<String ID="string_127" HPOS="1568" VPOS="1067" WIDTH="105" HEIGHT="20" WC="0.93" CONTENT="varav"/><SP WIDTH="20" VPOS="1067" HPOS="1673"/>
							<String ID="string_128" HPOS="1693" VPOS="1054" WIDTH="89" HEIGHT="33" WC="0.92" CONTENT="hälf-"/>
						</TextLine>
						<TextLine ID="line_18" HPOS="277" VPOS="1105" WIDTH="1505" HEIGHT="39">
							<String ID="string_129" HPOS="277" VPOS="1110" WIDTH="56" HEIGHT="28" WC="0.96" CONTENT="ten"/><SP WIDTH="25" VPOS="1110" HPOS="333"/>
							<String ID="string_130" HPOS="358" VPOS="1106" WIDTH="108" HEIGHT="33" WC="0.96" CONTENT="skulle"/><SP WIDTH="24" VPOS="1106" HPOS="466"/>
							<String ID="string_131" HPOS="490" VPOS="1107" WIDTH="85" HEIGHT="37" WC="0.96" CONTENT="utgå"/><SP WIDTH="25" VPOS="1107" HPOS="575"/>
							<String ID="string_132" HPOS="600" VPOS="1118" WIDTH="42" HEIGHT="21" WC="0.93" CONTENT="av"/><SP WIDTH="25" VPOS="1118" HPOS="642"/>
							<String ID="string_133" HPOS="667" VPOS="1105" WIDTH="381" HEIGHT="39" WC="0.90" CONTENT="förnyelsefondsmedel"/><SP WIDTH="26" VPOS="1105" HPOS="1048"/>
							<String ID="string_134" HPOS="1074" VPOS="1106" WIDTH="61" HEIGHT="32" WC="0.96" CONTENT="och"/><SP WIDTH="24" VPOS="1106" HPOS="1135"/>
							<String ID="string_135" HPOS="1159" VPOS="1105" WIDTH="133" HEIGHT="32" WC="0.96" CONTENT="hälften"/><SP WIDTH="25" VPOS="1105" HPOS="1292"/>
							<String ID="string_136" HPOS="1317" VPOS="1117" WIDTH="42" HEIGHT="20" WC="0.92" CONTENT="av"/><SP WIDTH="25" VPOS="1117" HPOS="1359"/>
							<String ID="string_137" HPOS="1384" VPOS="1105" WIDTH="398" HEIGHT="38" WC="0.90" CONTENT="kapitalökningsmedel."/>
						</TextLine>
						<TextLine ID="line_19" HPOS="278" VPOS="1155" WIDTH="1505" HEIGHT="39">
							<String ID="string_138" HPOS="278" VPOS="1157" WIDTH="118" HEIGHT="32" WC="0.96" CONTENT="Härav"/><SP WIDTH="28" VPOS="1157" HPOS="396"/>
							<String ID="string_139" HPOS="424" VPOS="1157" WIDTH="62" HEIGHT="32" WC="0.96" CONTENT="har"/><SP WIDTH="30" VPOS="1157" HPOS="486"/>
							<String ID="string_140" HPOS="516" VPOS="1157" WIDTH="55" HEIGHT="32" WC="0.96" CONTENT="för"/><SP WIDTH="27" VPOS="1157" HPOS="571"/>
							<String ID="string_141" HPOS="598" VPOS="1156" WIDTH="226" HEIGHT="33" WC="0.96" CONTENT="innevarande"/><SP WIDTH="29" VPOS="1156" HPOS="824"/>
							<String ID="string_142" HPOS="853" VPOS="1156" WIDTH="165" HEIGHT="38" WC="0.92" CONTENT="budgetår"/><SP WIDTH="30" VPOS="1156" HPOS="1018"/>
							<String ID="string_143" HPOS="1048" VPOS="1156" WIDTH="150" HEIGHT="32" WC="0.91" CONTENT="anvisats"/><SP WIDTH="31" VPOS="1156" HPOS="1198"/>
							<String ID="string_144" HPOS="1229" VPOS="1159" WIDTH="49" HEIGHT="29" WC="0.92" CONTENT="ett"/><SP WIDTH="29" VPOS="1159" HPOS="1278"/>
							<String ID="string_145" HPOS="1307" VPOS="1155" WIDTH="400" HEIGHT="39" WC="0.90" CONTENT="kapitalökningsanslag"/><SP WIDTH="34" VPOS="1155" HPOS="1707"/>
							<String ID="string_146" HPOS="1741" VPOS="1167" WIDTH="42" HEIGHT="21" WC="0.94" CONTENT="av"/>
						</TextLine>
						<TextLine ID="line_20" HPOS="279" VPOS="1206" WIDTH="1504" HEIGHT="40">
							<String ID="string_147" HPOS="279" VPOS="1208" WIDTH="138" HEIGHT="38" WC="0.90" CONTENT="750,000"/><SP WIDTH="23" VPOS="1208" HPOS="417"/>
							<String ID="string_148" HPOS="440" VPOS="1207" WIDTH="133" HEIGHT="33" WC="0.95" CONTENT="kronor."/><SP WIDTH="45" VPOS="1207" HPOS="573"/>
							<String ID="string_149" HPOS="618" VPOS="1207" WIDTH="56" HEIGHT="32" WC="0.92" CONTENT="Nu"/><SP WIDTH="23" VPOS="1207" HPOS="674"/>
							<String ID="string_150" HPOS="697" VPOS="1207" WIDTH="101" HEIGHT="34" WC="0.92" CONTENT="äskas"/><SP WIDTH="23" VPOS="1207" HPOS="798"/>
							<String ID="string_151" HPOS="821" VPOS="1219" WIDTH="126" HEIGHT="20" WC="0.96" CONTENT="samma"/><SP WIDTH="20" VPOS="1219" HPOS="947"/>
							<String ID="string_152" HPOS="967" VPOS="1206" WIDTH="121" HEIGHT="39" WC="0.96" CONTENT="belopp"/><SP WIDTH="24" VPOS="1206" HPOS="1088"/>
							<String ID="string_153" HPOS="1112" VPOS="1206" WIDTH="53" HEIGHT="32" WC="0.96" CONTENT="för"/><SP WIDTH="21" VPOS="1206" HPOS="1165"/>
							<String ID="string_154" HPOS="1186" VPOS="1209" WIDTH="98" HEIGHT="29" WC="0.96" CONTENT="nästa"/><SP WIDTH="21" VPOS="1209" HPOS="1284"/>
							<String ID="string_155" HPOS="1305" VPOS="1206" WIDTH="175" HEIGHT="39" WC="0.96" CONTENT="budgetår,"/><SP WIDTH="24" VPOS="1206" HPOS="1480"/>
							<String ID="string_156" HPOS="1504" VPOS="1206" WIDTH="61" HEIGHT="32" WC="0.96" CONTENT="och"/><SP WIDTH="21" VPOS="1206" HPOS="1565"/>
							<String ID="string_157" HPOS="1586" VPOS="1206" WIDTH="62" HEIGHT="32" WC="0.95" CONTENT="har"/><SP WIDTH="22" VPOS="1206" HPOS="1648"/>
							<String ID="string_158" HPOS="1670" VPOS="1206" WIDTH="54" HEIGHT="32" WC="0.96" CONTENT="för"/><SP WIDTH="21" VPOS="1206" HPOS="1724"/>
							<String ID="string_159" HPOS="1745" VPOS="1207" WIDTH="38" HEIGHT="31" WC="0.90" CONTENT="år"/>
						</TextLine>
						<TextLine ID="line_21" HPOS="279" VPOS="1256" WIDTH="1503" HEIGHT="40">
							<String ID="string_160" HPOS="279" VPOS="1259" WIDTH="83" HEIGHT="32" WC="0.96" CONTENT="1935"/><SP WIDTH="22" VPOS="1259" HPOS="362"/>
							<String ID="string_161" HPOS="384" VPOS="1258" WIDTH="53" HEIGHT="32" WC="0.96" CONTENT="för"/><SP WIDTH="21" VPOS="1258" HPOS="437"/>
							<String ID="string_162" HPOS="458" VPOS="1270" WIDTH="128" HEIGHT="20" WC="0.96" CONTENT="samma"/><SP WIDTH="22" VPOS="1270" HPOS="586"/>
							<String ID="string_163" HPOS="608" VPOS="1258" WIDTH="156" HEIGHT="32" WC="0.96" CONTENT="ändamål"/><SP WIDTH="20" VPOS="1258" HPOS="764"/>
							<String ID="string_164" HPOS="784" VPOS="1261" WIDTH="49" HEIGHT="29" WC="0.96" CONTENT="ett"/><SP WIDTH="19" VPOS="1261" HPOS="833"/>
							<String ID="string_165" HPOS="852" VPOS="1257" WIDTH="118" HEIGHT="39" WC="0.96" CONTENT="belopp"/><SP WIDTH="22" VPOS="1257" HPOS="970"/>
							<String ID="string_166" HPOS="992" VPOS="1269" WIDTH="43" HEIGHT="20" WC="0.93" CONTENT="av"/><SP WIDTH="24" VPOS="1269" HPOS="1035"/>
							<String ID="string_167" HPOS="1059" VPOS="1258" WIDTH="140" HEIGHT="37" WC="0.90" CONTENT="750,000"/><SP WIDTH="20" VPOS="1258" HPOS="1199"/>
							<String ID="string_168" HPOS="1219" VPOS="1257" WIDTH="122" HEIGHT="32" WC="0.93" CONTENT="kronor"/><SP WIDTH="21" VPOS="1257" HPOS="1341"/>
							<String ID="string_169" HPOS="1362" VPOS="1257" WIDTH="151" HEIGHT="32" WC="0.91" CONTENT="anvisats"/><SP WIDTH="22" VPOS="1257" HPOS="1513"/>
							<String ID="string_170" HPOS="1535" VPOS="1268" WIDTH="43" HEIGHT="21" WC="0.93" CONTENT="av"/><SP WIDTH="21" VPOS="1268" HPOS="1578"/>
							<String ID="string_171" HPOS="1599" VPOS="1256" WIDTH="183" HEIGHT="39" WC="0.92" CONTENT="förnyelse-"/>
						</TextLine>
						<TextLine ID="line_22" HPOS="278" VPOS="1308" WIDTH="218" HEIGHT="33">
							<String ID="string_172" HPOS="278" VPOS="1308" WIDTH="218" HEIGHT="33" WC="0.90" CONTENT="fondsmedel."/>
						</TextLine>
					</TextBlock>
				</ComposedBlock>
				<ComposedBlock ID="cblock_8" HPOS="277" VPOS="1399" WIDTH="1504" HEIGHT="92">
					<TextBlock ID="block_9" HPOS="277" VPOS="1399" WIDTH="1504" HEIGHT="92">
						<TextLine ID="line_23" HPOS="322" VPOS="1399" WIDTH="1459" HEIGHT="41">
							<String ID="string_173" HPOS="322" VPOS="1401" WIDTH="181" HEIGHT="39" WC="0.96" CONTENT="Utskottet,"/><SP WIDTH="25" VPOS="1401" HPOS="503"/>
							<String ID="string_174" HPOS="528" VPOS="1413" WIDTH="70" HEIGHT="20" WC="0.96" CONTENT="som"/><SP WIDTH="23" VPOS="1413" HPOS="598"/>
							<String ID="string_175" HPOS="621" VPOS="1402" WIDTH="29" HEIGHT="38" WC="0.96" CONTENT="ej"/><SP WIDTH="24" VPOS="1402" HPOS="650"/>
							<String ID="string_176" HPOS="674" VPOS="1401" WIDTH="115" HEIGHT="32" WC="0.96" CONTENT="funnit"/><SP WIDTH="22" VPOS="1401" HPOS="789"/>
							<String ID="string_177" HPOS="811" VPOS="1401" WIDTH="181" HEIGHT="38" WC="0.96" CONTENT="anledning"/><SP WIDTH="21" VPOS="1401" HPOS="992"/>
							<String ID="string_178" HPOS="1013" VPOS="1400" WIDTH="55" HEIGHT="33" WC="0.96" CONTENT="till"/><SP WIDTH="23" VPOS="1400" HPOS="1068"/>
							<String ID="string_179" HPOS="1091" VPOS="1400" WIDTH="132" HEIGHT="33" WC="0.96" CONTENT="erinran"/><SP WIDTH="22" VPOS="1400" HPOS="1223"/>
							<String ID="string_180" HPOS="1245" VPOS="1403" WIDTH="87" HEIGHT="29" WC="0.96" CONTENT="emot"/><SP WIDTH="22" VPOS="1403" HPOS="1332"/>
							<String ID="string_181" HPOS="1354" VPOS="1400" WIDTH="128" HEIGHT="38" WC="0.95" CONTENT="Kungl."/><SP WIDTH="27" VPOS="1400" HPOS="1482"/>
							<String ID="string_182" HPOS="1509" VPOS="1399" WIDTH="120" HEIGHT="38" WC="0.93" CONTENT="Maj:ts"/><SP WIDTH="24" VPOS="1399" HPOS="1629"/>
							<String ID="string_183" HPOS="1653" VPOS="1399" WIDTH="128" HEIGHT="32" WC="0.92" CONTENT="föreva-"/>
						</TextLine>
						<TextLine ID="line_24" HPOS="277" VPOS="1452" WIDTH="490" HEIGHT="39">
							<String ID="string_184" HPOS="277" VPOS="1452" WIDTH="103" HEIGHT="32" WC="0.95" CONTENT="rande"/><SP WIDTH="21" VPOS="1452" HPOS="380"/>
							<String ID="string_185" HPOS="401" VPOS="1452" WIDTH="141" HEIGHT="39" WC="0.95" CONTENT="förslag,"/><SP WIDTH="23" VPOS="1452" HPOS="542"/>
							<String ID="string_186" HPOS="565" VPOS="1452" WIDTH="202" HEIGHT="38" WC="0.95" CONTENT="hemställer,"/>
						</TextLine>
					</TextBlock>
				</ComposedBlock>
				<ComposedBlock ID="cblock_9" HPOS="586" VPOS="1525" WIDTH="1195" HEIGHT="142">
					<TextBlock ID="block_10" HPOS="586" VPOS="1525" WIDTH="1195" HEIGHT="142">
						<TextLine ID="line_25" HPOS="632" VPOS="1525" WIDTH="1149" HEIGHT="41">
							<String ID="string_187" HPOS="632" VPOS="1531" WIDTH="51" HEIGHT="29" WC="0.96" CONTENT="att"/><SP WIDTH="18" VPOS="1531" HPOS="683"/>
							<String ID="string_188" HPOS="701" VPOS="1527" WIDTH="183" HEIGHT="39" WC="0.96" CONTENT="riksdagen"/><SP WIDTH="19" VPOS="1527" HPOS="884"/>
							<String ID="string_189" HPOS="903" VPOS="1528" WIDTH="53" HEIGHT="31" WC="0.96" CONTENT="må"/><SP WIDTH="19" VPOS="1528" HPOS="956"/>
							<String ID="string_190" HPOS="975" VPOS="1527" WIDTH="54" HEIGHT="32" WC="0.93" CONTENT="till"/><SP WIDTH="18" VPOS="1527" HPOS="1029"/>
							<String ID="string_191" HPOS="1047" VPOS="1538" WIDTH="133" HEIGHT="27" WC="0.91" CONTENT="person-"/><SP WIDTH="20" VPOS="1538" HPOS="1180"/>
							<String ID="string_192" HPOS="1200" VPOS="1527" WIDTH="61" HEIGHT="32" WC="0.93" CONTENT="och"/><SP WIDTH="21" VPOS="1527" HPOS="1261"/>
							<String ID="string_193" HPOS="1282" VPOS="1526" WIDTH="269" HEIGHT="38" WC="0.90" CONTENT="resgodsvagnar"/><SP WIDTH="20" VPOS="1526" HPOS="1551"/>
							<String ID="string_194" HPOS="1571" VPOS="1525" WIDTH="53" HEIGHT="32" WC="0.93" CONTENT="för"/><SP WIDTH="19" VPOS="1525" HPOS="1624"/>
							<String ID="string_195" HPOS="1643" VPOS="1525" WIDTH="138" HEIGHT="38" WC="0.92" CONTENT="budget-"/>
						</TextLine>
						<TextLine ID="line_26" HPOS="586" VPOS="1575" WIDTH="1195" HEIGHT="43">
							<String ID="string_196" HPOS="586" VPOS="1579" WIDTH="72" HEIGHT="31" WC="0.93" CONTENT="året"/><SP WIDTH="25" VPOS="1579" HPOS="658"/>
							<String ID="string_197" HPOS="683" VPOS="1575" WIDTH="185" HEIGHT="43" WC="0.89" CONTENT="1935/1936"/><SP WIDTH="25" VPOS="1575" HPOS="868"/>
							<String ID="string_198" HPOS="893" VPOS="1578" WIDTH="118" HEIGHT="32" WC="0.96" CONTENT="anvisa"/><SP WIDTH="23" VPOS="1578" HPOS="1011"/>
							<String ID="string_199" HPOS="1034" VPOS="1581" WIDTH="49" HEIGHT="29" WC="0.93" CONTENT="ett"/><SP WIDTH="24" VPOS="1581" HPOS="1083"/>
							<String ID="string_200" HPOS="1107" VPOS="1576" WIDTH="343" HEIGHT="39" WC="0.91" CONTENT="reservationsanslag"/><SP WIDTH="26" VPOS="1576" HPOS="1450"/>
							<String ID="string_201" HPOS="1476" VPOS="1588" WIDTH="42" HEIGHT="20" WC="0.93" CONTENT="av"/><SP WIDTH="25" VPOS="1588" HPOS="1518"/>
							<String ID="string_202" HPOS="1543" VPOS="1577" WIDTH="139" HEIGHT="37" WC="0.91" CONTENT="750,000"/><SP WIDTH="26" VPOS="1577" HPOS="1682"/>
							<String ID="string_203" HPOS="1708" VPOS="1575" WIDTH="73" HEIGHT="32" WC="0.90" CONTENT="kro-"/>
						</TextLine>
						<TextLine ID="line_27" HPOS="587" VPOS="1628" WIDTH="517" HEIGHT="39">
							<String ID="string_204" HPOS="587" VPOS="1641" WIDTH="68" HEIGHT="26" WC="0.95" CONTENT="nor,"/><SP WIDTH="22" VPOS="1641" HPOS="655"/>
							<String ID="string_205" HPOS="677" VPOS="1632" WIDTH="51" HEIGHT="29" WC="0.96" CONTENT="att"/><SP WIDTH="17" VPOS="1632" HPOS="728"/>
							<String ID="string_206" HPOS="745" VPOS="1629" WIDTH="85" HEIGHT="38" WC="0.96" CONTENT="utgå"/><SP WIDTH="20" VPOS="1629" HPOS="830"/>
							<String ID="string_207" HPOS="850" VPOS="1641" WIDTH="42" HEIGHT="20" WC="0.93" CONTENT="av"/><SP WIDTH="17" VPOS="1641" HPOS="892"/>
							<String ID="string_208" HPOS="909" VPOS="1628" WIDTH="195" HEIGHT="33" WC="0.91" CONTENT="lånemedel."/>
						</TextLine>
					</TextBlock>
				</ComposedBlock>
				<ComposedBlock ID="cblock_10" HPOS="277" VPOS="1760" WIDTH="1505" HEIGHT="143">
					<TextBlock ID="block_11" HPOS="277" VPOS="1760" WIDTH="1505" HEIGHT="143">
						<TextLine ID="line_28" HPOS="322" VPOS="1760" WIDTH="1460" HEIGHT="43">
							<String ID="string_209" HPOS="322" VPOS="1763" WIDTH="93" HEIGHT="40" WC="0.91" CONTENT="32:0)"/><SP WIDTH="40" VPOS="1763" HPOS="415"/>
							<String ID="string_210" HPOS="455" VPOS="1764" WIDTH="226" HEIGHT="37" WC="0.91" CONTENT="Postvagnar."/><SP WIDTH="42" VPOS="1764" HPOS="681"/>
							<String ID="string_211" HPOS="723" VPOS="1763" WIDTH="132" HEIGHT="38" WC="0.93" CONTENT="Kungl."/><SP WIDTH="20" VPOS="1763" HPOS="855"/>
							<String ID="string_212" HPOS="875" VPOS="1763" WIDTH="100" HEIGHT="38" WC="0.96" CONTENT="Maj:t"/><SP WIDTH="20" VPOS="1763" HPOS="975"/>
							<String ID="string_213" HPOS="995" VPOS="1762" WIDTH="62" HEIGHT="32" WC="0.96" CONTENT="har"/><SP WIDTH="23" VPOS="1762" HPOS="1057"/>
							<String ID="string_214" HPOS="1080" VPOS="1761" WIDTH="126" HEIGHT="40" WC="0.96" CONTENT="(punkt"/><SP WIDTH="19" VPOS="1761" HPOS="1206"/>
							<String ID="string_215" HPOS="1225" VPOS="1762" WIDTH="52" HEIGHT="39" WC="0.96" CONTENT="32,"/><SP WIDTH="21" VPOS="1762" HPOS="1277"/>
							<String ID="string_216" HPOS="1298" VPOS="1761" WIDTH="61" HEIGHT="33" WC="0.95" CONTENT="sid."/><SP WIDTH="21" VPOS="1761" HPOS="1359"/>
							<String ID="string_217" HPOS="1380" VPOS="1762" WIDTH="41" HEIGHT="33" WC="0.96" CONTENT="80"/><SP WIDTH="20" VPOS="1762" HPOS="1421"/>
							<String ID="string_218" HPOS="1441" VPOS="1761" WIDTH="61" HEIGHT="32" WC="0.96" CONTENT="och"/><SP WIDTH="19" VPOS="1761" HPOS="1502"/>
							<String ID="string_219" HPOS="1521" VPOS="1760" WIDTH="59" HEIGHT="40" WC="0.94" CONTENT="81)"/><SP WIDTH="25" VPOS="1760" HPOS="1580"/>
							<String ID="string_220" HPOS="1605" VPOS="1760" WIDTH="177" HEIGHT="38" WC="0.96" CONTENT="föreslagit"/>
						</TextLine>
						<TextLine ID="line_29" HPOS="277" VPOS="1809" WIDTH="1504" HEIGHT="44">
							<String ID="string_221" HPOS="277" VPOS="1814" WIDTH="180" HEIGHT="39" WC="0.96" CONTENT="riksdagen"/><SP WIDTH="20" VPOS="1814" HPOS="457"/>
							<String ID="string_222" HPOS="477" VPOS="1818" WIDTH="52" HEIGHT="29" WC="0.96" CONTENT="att"/><SP WIDTH="18" VPOS="1818" HPOS="529"/>
							<String ID="string_223" HPOS="547" VPOS="1814" WIDTH="54" HEIGHT="33" WC="0.93" CONTENT="till"/><SP WIDTH="19" VPOS="1814" HPOS="601"/>
							<String ID="string_224" HPOS="620" VPOS="1818" WIDTH="207" HEIGHT="35" WC="0.92" CONTENT="postvagnar"/><SP WIDTH="20" VPOS="1818" HPOS="827"/>
							<String ID="string_225" HPOS="847" VPOS="1814" WIDTH="52" HEIGHT="31" WC="0.96" CONTENT="för"/><SP WIDTH="18" VPOS="1814" HPOS="899"/>
							<String ID="string_226" HPOS="917" VPOS="1813" WIDTH="201" HEIGHT="38" WC="0.93" CONTENT="budgetåret"/><SP WIDTH="20" VPOS="1813" HPOS="1118"/>
							<String ID="string_227" HPOS="1138" VPOS="1809" WIDTH="183" HEIGHT="43" WC="0.92" CONTENT="1935/1936"/><SP WIDTH="21" VPOS="1809" HPOS="1321"/>
							<String ID="string_228" HPOS="1342" VPOS="1812" WIDTH="117" HEIGHT="32" WC="0.96" CONTENT="anvisa"/><SP WIDTH="19" VPOS="1812" HPOS="1459"/>
							<String ID="string_229" HPOS="1478" VPOS="1815" WIDTH="49" HEIGHT="28" WC="0.93" CONTENT="ett"/><SP WIDTH="19" VPOS="1815" HPOS="1527"/>
							<String ID="string_230" HPOS="1546" VPOS="1810" WIDTH="235" HEIGHT="33" WC="0.92" CONTENT="reservations-"/>
						</TextLine>
						<TextLine ID="line_30" HPOS="277" VPOS="1864" WIDTH="497" HEIGHT="39">
							<String ID="string_231" HPOS="277" VPOS="1865" WIDTH="119" HEIGHT="38" WC="0.96" CONTENT="anslag"/><SP WIDTH="22" VPOS="1865" HPOS="396"/>
							<String ID="string_232" HPOS="418" VPOS="1877" WIDTH="42" HEIGHT="20" WC="0.93" CONTENT="av"/><SP WIDTH="21" VPOS="1877" HPOS="460"/>
							<String ID="string_233" HPOS="481" VPOS="1866" WIDTH="142" HEIGHT="37" WC="0.91" CONTENT="600,000"/><SP WIDTH="20" VPOS="1866" HPOS="623"/>
							<String ID="string_234" HPOS="643" VPOS="1864" WIDTH="131" HEIGHT="33" WC="0.96" CONTENT="kronor."/>
						</TextLine>
					</TextBlock>
				</ComposedBlock>
				<ComposedBlock ID="cblock_11" HPOS="275" VPOS="1944" WIDTH="1507" HEIGHT="551">
					<TextBlock ID="block_12" HPOS="276" VPOS="1944" WIDTH="1506" HEIGHT="148">
						<TextLine ID="line_31" HPOS="321" VPOS="1944" WIDTH="1461" HEIGHT="43">
							<String ID="string_235" HPOS="321" VPOS="1949" WIDTH="234" HEIGHT="32" WC="0.92" CONTENT="Förevarande"/><SP WIDTH="25" VPOS="1949" HPOS="555"/>
							<String ID="string_236" HPOS="580" VPOS="1949" WIDTH="130" HEIGHT="38" WC="0.95" CONTENT="förslag"/><SP WIDTH="25" VPOS="1949" HPOS="710"/>
							<String ID="string_237" HPOS="735" VPOS="1960" WIDTH="98" HEIGHT="21" WC="0.93" CONTENT="avser"/><SP WIDTH="24" VPOS="1960" HPOS="833"/>
							<String ID="string_238" HPOS="857" VPOS="1948" WIDTH="229" HEIGHT="32" WC="0.91" CONTENT="anskaffande"/><SP WIDTH="26" VPOS="1948" HPOS="1086"/>
							<String ID="string_239" HPOS="1112" VPOS="1959" WIDTH="43" HEIGHT="20" WC="0.93" CONTENT="av"/><SP WIDTH="23" VPOS="1959" HPOS="1155"/>
							<String ID="string_240" HPOS="1178" VPOS="1950" WIDTH="206" HEIGHT="36" WC="0.91" CONTENT="postvagnar"/><SP WIDTH="25" VPOS="1950" HPOS="1384"/>
							<String ID="string_241" HPOS="1409" VPOS="1946" WIDTH="54" HEIGHT="32" WC="0.96" CONTENT="för"/><SP WIDTH="25" VPOS="1946" HPOS="1463"/>
							<String ID="string_242" HPOS="1488" VPOS="1958" WIDTH="40" HEIGHT="20" WC="0.96" CONTENT="en"/><SP WIDTH="24" VPOS="1958" HPOS="1528"/>
							<String ID="string_243" HPOS="1552" VPOS="1944" WIDTH="230" HEIGHT="34" WC="0.96" CONTENT="totalkostnad"/>
						</TextLine>
						<TextLine ID="line_32" HPOS="277" VPOS="1995" WIDTH="1504" HEIGHT="43">
							<String ID="string_244" HPOS="277" VPOS="2012" WIDTH="43" HEIGHT="20" WC="0.93" CONTENT="av"/><SP WIDTH="23" VPOS="2012" HPOS="320"/>
							<String ID="string_245" HPOS="343" VPOS="2001" WIDTH="139" HEIGHT="37" WC="0.92" CONTENT="700,000"/><SP WIDTH="25" VPOS="2001" HPOS="482"/>
							<String ID="string_246" HPOS="507" VPOS="1999" WIDTH="132" HEIGHT="39" WC="0.95" CONTENT="kronor,"/><SP WIDTH="23" VPOS="1999" HPOS="639"/>
							<String ID="string_247" HPOS="662" VPOS="2011" WIDTH="106" HEIGHT="20" WC="0.96" CONTENT="varav"/><SP WIDTH="23" VPOS="2011" HPOS="768"/>
							<String ID="string_248" HPOS="791" VPOS="2002" WIDTH="49" HEIGHT="29" WC="0.96" CONTENT="ett"/><SP WIDTH="22" VPOS="2002" HPOS="840"/>
							<String ID="string_249" HPOS="862" VPOS="1999" WIDTH="119" HEIGHT="38" WC="0.96" CONTENT="belopp"/><SP WIDTH="25" VPOS="1999" HPOS="981"/>
							<String ID="string_250" HPOS="1006" VPOS="2010" WIDTH="43" HEIGHT="21" WC="0.93" CONTENT="av"/><SP WIDTH="25" VPOS="2010" HPOS="1049"/>
							<String ID="string_251" HPOS="1074" VPOS="1999" WIDTH="139" HEIGHT="37" WC="0.91" CONTENT="100,000"/><SP WIDTH="24" VPOS="1999" HPOS="1213"/>
							<String ID="string_252" HPOS="1237" VPOS="1997" WIDTH="122" HEIGHT="32" WC="0.96" CONTENT="kronor"/><SP WIDTH="25" VPOS="1997" HPOS="1359"/>
							<String ID="string_253" HPOS="1384" VPOS="1996" WIDTH="108" HEIGHT="33" WC="0.96" CONTENT="skulle"/><SP WIDTH="24" VPOS="1996" HPOS="1492"/>
							<String ID="string_254" HPOS="1516" VPOS="1996" WIDTH="167" HEIGHT="32" WC="0.96" CONTENT="bestridas"/><SP WIDTH="25" VPOS="1996" HPOS="1683"/>
							<String ID="string_255" HPOS="1708" VPOS="1995" WIDTH="73" HEIGHT="33" WC="0.96" CONTENT="med"/>
						</TextLine>
						<TextLine ID="line_33" HPOS="276" VPOS="2045" WIDTH="1505" HEIGHT="47">
							<String ID="string_256" HPOS="276" VPOS="2050" WIDTH="381" HEIGHT="39" WC="0.90" CONTENT="förnyelsefondsmedel"/><SP WIDTH="19" VPOS="2050" HPOS="657"/>
							<String ID="string_257" HPOS="676" VPOS="2050" WIDTH="61" HEIGHT="32" WC="0.96" CONTENT="och"/><SP WIDTH="19" VPOS="2050" HPOS="737"/>
							<String ID="string_258" HPOS="756" VPOS="2049" WIDTH="198" HEIGHT="39" WC="0.93" CONTENT="återstoden,"/><SP WIDTH="24" VPOS="2049" HPOS="954"/>
							<String ID="string_259" HPOS="978" VPOS="2049" WIDTH="141" HEIGHT="43" WC="0.91" CONTENT="600,000"/><SP WIDTH="20" VPOS="2049" HPOS="1119"/>
							<String ID="string_260" HPOS="1139" VPOS="2048" WIDTH="130" HEIGHT="39" WC="0.96" CONTENT="kronor,"/><SP WIDTH="22" VPOS="2048" HPOS="1269"/>
							<String ID="string_261" HPOS="1291" VPOS="2048" WIDTH="75" HEIGHT="32" WC="0.93" CONTENT="med"/><SP WIDTH="18" VPOS="2048" HPOS="1366"/>
							<String ID="string_262" HPOS="1384" VPOS="2045" WIDTH="397" HEIGHT="41" WC="0.91" CONTENT="kapitalökningsmedel."/>
						</TextLine>
					</TextBlock>
					<TextBlock ID="block_13" HPOS="275" VPOS="2147" WIDTH="1507" HEIGHT="348">
						<TextLine ID="line_34" HPOS="320" VPOS="2147" WIDTH="1462" HEIGHT="43">
							<String ID="string_263" HPOS="320" VPOS="2151" WIDTH="120" HEIGHT="39" WC="0.96" CONTENT="Enligt"/><SP WIDTH="26" VPOS="2151" HPOS="440"/>
							<String ID="string_264" HPOS="466" VPOS="2151" WIDTH="160" HEIGHT="39" WC="0.96" CONTENT="gällande"/><SP WIDTH="21" VPOS="2151" HPOS="626"/>
							<String ID="string_265" HPOS="647" VPOS="2150" WIDTH="250" HEIGHT="33" WC="0.96" CONTENT="bestämmelser"/><SP WIDTH="24" VPOS="2150" HPOS="897"/>
							<String ID="string_266" HPOS="921" VPOS="2150" WIDTH="173" HEIGHT="38" WC="0.96" CONTENT="angående"/><SP WIDTH="25" VPOS="2150" HPOS="1094"/>
							<String ID="string_267" HPOS="1119" VPOS="2148" WIDTH="257" HEIGHT="40" WC="0.93" CONTENT="postbefordran"/><SP WIDTH="24" VPOS="2148" HPOS="1376"/>
							<String ID="string_268" HPOS="1400" VPOS="2149" WIDTH="20" HEIGHT="31" WC="0.89" CONTENT="å"/><SP WIDTH="27" VPOS="2149" HPOS="1420"/>
							<String ID="string_269" HPOS="1447" VPOS="2151" WIDTH="127" HEIGHT="29" WC="0.96" CONTENT="statens"/><SP WIDTH="25" VPOS="2151" HPOS="1574"/>
							<String ID="string_270" HPOS="1599" VPOS="2147" WIDTH="183" HEIGHT="38" WC="0.96" CONTENT="järnvägar"/>
						</TextLine>
						<TextLine ID="line_35" HPOS="276" VPOS="2197" WIDTH="1505" HEIGHT="44">
							<String ID="string_271" HPOS="276" VPOS="2202" WIDTH="62" HEIGHT="32" WC="0.93" CONTENT="har"/><SP WIDTH="18" VPOS="2202" HPOS="338"/>
							<String ID="string_272" HPOS="356" VPOS="2201" WIDTH="328" HEIGHT="40" WC="0.91" CONTENT="järnvägsstyrelsen"/><SP WIDTH="32" VPOS="2201" HPOS="684"/>
							<String ID="string_273" HPOS="716" VPOS="2205" WIDTH="52" HEIGHT="29" WC="0.92" CONTENT="att"/><SP WIDTH="18" VPOS="2205" HPOS="768"/>
							<String ID="string_274" HPOS="786" VPOS="2221" WIDTH="45" HEIGHT="3" WC="0.92" CONTENT="—"/><SP WIDTH="19" VPOS="2221" HPOS="831"/>
							<String ID="string_275" HPOS="850" VPOS="2201" WIDTH="73" HEIGHT="32" WC="0.95" CONTENT="med"/><SP WIDTH="20" VPOS="2201" HPOS="923"/>
							<String ID="string_276" HPOS="943" VPOS="2200" WIDTH="221" HEIGHT="32" WC="0.96" CONTENT="användande"/><SP WIDTH="20" VPOS="2200" HPOS="1164"/>
							<String ID="string_277" HPOS="1184" VPOS="2211" WIDTH="42" HEIGHT="20" WC="0.96" CONTENT="av"/><SP WIDTH="20" VPOS="2211" HPOS="1226"/>
							<String ID="string_278" HPOS="1246" VPOS="2199" WIDTH="54" HEIGHT="32" WC="0.96" CONTENT="för"/><SP WIDTH="20" VPOS="2199" HPOS="1300"/>
							<String ID="string_279" HPOS="1320" VPOS="2199" WIDTH="121" HEIGHT="32" WC="0.95" CONTENT="sådant"/><SP WIDTH="20" VPOS="2199" HPOS="1441"/>
							<String ID="string_280" HPOS="1461" VPOS="2197" WIDTH="156" HEIGHT="33" WC="0.95" CONTENT="ändamål"/><SP WIDTH="21" VPOS="2197" HPOS="1617"/>
							<String ID="string_281" HPOS="1638" VPOS="2197" WIDTH="54" HEIGHT="32" WC="0.93" CONTENT="till"/><SP WIDTH="20" VPOS="2197" HPOS="1692"/>
							<String ID="string_282" HPOS="1712" VPOS="2200" WIDTH="69" HEIGHT="35" WC="0.92" CONTENT="sty-"/>
						</TextLine>
						<TextLine ID="line_36" HPOS="276" VPOS="2247" WIDTH="1506" HEIGHT="44">
							<String ID="string_283" HPOS="276" VPOS="2253" WIDTH="124" HEIGHT="32" WC="0.92" CONTENT="relsens"/><SP WIDTH="29" VPOS="2253" HPOS="400"/>
							<String ID="string_284" HPOS="429" VPOS="2252" WIDTH="204" HEIGHT="39" WC="0.96" CONTENT="förfogande"/><SP WIDTH="29" VPOS="2252" HPOS="633"/>
							<String ID="string_285" HPOS="662" VPOS="2252" WIDTH="125" HEIGHT="32" WC="0.93" CONTENT="ställda"/><SP WIDTH="29" VPOS="2252" HPOS="787"/>
							<String ID="string_286" HPOS="816" VPOS="2251" WIDTH="256" HEIGHT="39" WC="0.90" CONTENT="penningmedel"/><SP WIDTH="28" VPOS="2251" HPOS="1072"/>
							<String ID="string_287" HPOS="1100" VPOS="2270" WIDTH="45" HEIGHT="4" WC="0.90" CONTENT="—"/><SP WIDTH="28" VPOS="2270" HPOS="1145"/>
							<String ID="string_288" HPOS="1173" VPOS="2249" WIDTH="260" HEIGHT="33" WC="0.91" CONTENT="tillhandahålla"/><SP WIDTH="31" VPOS="2249" HPOS="1433"/>
							<String ID="string_289" HPOS="1464" VPOS="2248" WIDTH="233" HEIGHT="39" WC="0.96" CONTENT="erforderliga,"/><SP WIDTH="31" VPOS="2248" HPOS="1697"/>
							<String ID="string_290" HPOS="1728" VPOS="2247" WIDTH="54" HEIGHT="32" WC="0.96" CONTENT="för"/>
						</TextLine>
						<TextLine ID="line_37" HPOS="275" VPOS="2298" WIDTH="1506" HEIGHT="45">
							<String ID="string_291" HPOS="275" VPOS="2307" WIDTH="134" HEIGHT="36" WC="0.96" CONTENT="postens"/><SP WIDTH="21" VPOS="2307" HPOS="409"/>
							<String ID="string_292" HPOS="430" VPOS="2302" WIDTH="233" HEIGHT="34" WC="0.96" CONTENT="framförande"/><SP WIDTH="20" VPOS="2302" HPOS="663"/>
							<String ID="string_293" HPOS="683" VPOS="2302" WIDTH="61" HEIGHT="33" WC="0.96" CONTENT="och"/><SP WIDTH="21" VPOS="2302" HPOS="744"/>
							<String ID="string_294" HPOS="765" VPOS="2302" WIDTH="204" HEIGHT="38" WC="0.96" CONTENT="behandling"/><SP WIDTH="21" VPOS="2302" HPOS="969"/>
							<String ID="string_295" HPOS="990" VPOS="2300" WIDTH="141" HEIGHT="33" WC="0.96" CONTENT="särskilt"/><SP WIDTH="19" VPOS="2300" HPOS="1131"/>
							<String ID="string_296" HPOS="1150" VPOS="2300" WIDTH="139" HEIGHT="32" WC="0.96" CONTENT="inredda"/><SP WIDTH="20" VPOS="2300" HPOS="1289"/>
							<String ID="string_297" HPOS="1309" VPOS="2300" WIDTH="293" HEIGHT="38" WC="0.95" CONTENT="järnvägsvagnar"/><SP WIDTH="20" VPOS="2300" HPOS="1602"/>
							<String ID="string_298" HPOS="1622" VPOS="2298" WIDTH="80" HEIGHT="32" WC="0.93" CONTENT="eller"/><SP WIDTH="24" VPOS="2298" HPOS="1702"/>
							<String ID="string_299" HPOS="1726" VPOS="2309" WIDTH="55" HEIGHT="21" WC="0.92" CONTENT="av-"/>
						</TextLine>
						<TextLine ID="line_38" HPOS="278" VPOS="2348" WIDTH="1503" HEIGHT="45">
							<String ID="string_300" HPOS="278" VPOS="2355" WIDTH="174" HEIGHT="38" WC="0.96" CONTENT="delningar"/><SP WIDTH="31" VPOS="2355" HPOS="452"/>
							<String ID="string_301" HPOS="483" VPOS="2367" WIDTH="43" HEIGHT="20" WC="0.96" CONTENT="av"/><SP WIDTH="27" VPOS="2367" HPOS="526"/>
							<String ID="string_302" HPOS="553" VPOS="2355" WIDTH="294" HEIGHT="38" WC="0.96" CONTENT="järnvägsvagnar"/><SP WIDTH="29" VPOS="2355" HPOS="847"/>
							<String ID="string_303" HPOS="876" VPOS="2355" WIDTH="86" HEIGHT="30" WC="0.96" CONTENT="samt"/><SP WIDTH="29" VPOS="2355" HPOS="962"/>
							<String ID="string_304" HPOS="991" VPOS="2351" WIDTH="143" HEIGHT="38" WC="0.96" CONTENT="vidtaga"/><SP WIDTH="29" VPOS="2351" HPOS="1134"/>
							<String ID="string_305" HPOS="1163" VPOS="2351" WIDTH="39" HEIGHT="32" WC="0.96" CONTENT="de"/><SP WIDTH="30" VPOS="2351" HPOS="1202"/>
							<String ID="string_306" HPOS="1232" VPOS="2350" WIDTH="183" HEIGHT="38" WC="0.96" CONTENT="ändringar"/><SP WIDTH="28" VPOS="2350" HPOS="1415"/>
							<String ID="string_307" HPOS="1443" VPOS="2350" WIDTH="60" HEIGHT="32" WC="0.96" CONTENT="och"/><SP WIDTH="32" VPOS="2350" HPOS="1503"/>
							<String ID="string_308" HPOS="1535" VPOS="2348" WIDTH="246" HEIGHT="38" WC="0.96" CONTENT="förbättringar"/>
						</TextLine>
						<TextLine ID="line_39" HPOS="277" VPOS="2398" WIDTH="1503" HEIGHT="46">
							<String ID="string_309" HPOS="277" VPOS="2418" WIDTH="42" HEIGHT="20" WC="0.96" CONTENT="av"/><SP WIDTH="23" VPOS="2418" HPOS="319"/>
							<String ID="string_310" HPOS="342" VPOS="2405" WIDTH="178" HEIGHT="39" WC="0.96" CONTENT="desamma,"/><SP WIDTH="25" VPOS="2405" HPOS="520"/>
							<String ID="string_311" HPOS="545" VPOS="2417" WIDTH="70" HEIGHT="20" WC="0.96" CONTENT="som"/><SP WIDTH="21" VPOS="2417" HPOS="615"/>
							<String ID="string_312" HPOS="636" VPOS="2403" WIDTH="156" HEIGHT="40" WC="0.96" CONTENT="påkallas"/><SP WIDTH="23" VPOS="2403" HPOS="792"/>
							<String ID="string_313" HPOS="815" VPOS="2415" WIDTH="43" HEIGHT="20" WC="0.92" CONTENT="av"/><SP WIDTH="21" VPOS="2415" HPOS="858"/>
							<String ID="string_314" HPOS="879" VPOS="2401" WIDTH="389" HEIGHT="40" WC="0.91" CONTENT="generalpoststyrelsen."/><SP WIDTH="24" VPOS="2401" HPOS="1268"/>
							<String ID="string_315" HPOS="1292" VPOS="2400" WIDTH="112" HEIGHT="33" WC="0.96" CONTENT="Under"/><SP WIDTH="21" VPOS="2400" HPOS="1404"/>
							<String ID="string_316" HPOS="1425" VPOS="2400" WIDTH="133" HEIGHT="32" WC="0.96" CONTENT="erinran"/><SP WIDTH="21" VPOS="2400" HPOS="1558"/>
							<String ID="string_317" HPOS="1579" VPOS="2400" WIDTH="114" HEIGHT="31" WC="0.87" CONTENT="härom"/><SP WIDTH="20" VPOS="2400" HPOS="1693"/>
							<String ID="string_318" HPOS="1713" VPOS="2398" WIDTH="67" HEIGHT="32" WC="0.87" CONTENT="till-"/>
						</TextLine>
						<TextLine ID="line_40" HPOS="278" VPOS="2451" WIDTH="999" HEIGHT="44">
							<String ID="string_319" HPOS="278" VPOS="2456" WIDTH="133" HEIGHT="39" WC="0.96" CONTENT="styrker"/><SP WIDTH="16" VPOS="2456" HPOS="411"/>
							<String ID="string_320" HPOS="427" VPOS="2455" WIDTH="168" HEIGHT="33" WC="0.96" CONTENT="utskottet"/><SP WIDTH="20" VPOS="2455" HPOS="595"/>
							<String ID="string_321" HPOS="615" VPOS="2454" WIDTH="126" HEIGHT="38" WC="0.96" CONTENT="Kungl."/><SP WIDTH="20" VPOS="2454" HPOS="741"/>
							<String ID="string_322" HPOS="761" VPOS="2454" WIDTH="120" HEIGHT="38" WC="0.96" CONTENT="Maj:ts"/><SP WIDTH="18" VPOS="2454" HPOS="881"/>
							<String ID="string_323" HPOS="899" VPOS="2452" WIDTH="221" HEIGHT="33" WC="0.95" CONTENT="förevarande"/><SP WIDTH="18" VPOS="2452" HPOS="1120"/>
							<String ID="string_324" HPOS="1138" VPOS="2451" WIDTH="139" HEIGHT="38" WC="0.95" CONTENT="förslag."/>
						</TextLine>
					</TextBlock>
				</ComposedBlock>
			</PrintSpace>
		</Page>
	</Layout>
</alto>
