1922 2850
312 156 39 30 16
742 157 255 33 Statsutskottets
1019 158 169 32 utlåtande
1211 159 54 31 Nr
1287 161 75 29 143.

309 235 132 41 hänsyn
465 235 114 32 härtill
603 236 61 32 har
687 237 163 32 utskottet
872 237 73 32 icke
969 241 111 29 ansett
1103 238 123 41 skäligt
1249 241 49 29 att
1322 249 47 20 nu
1393 238 138 42 påyrka,
1558 241 48 29 att
1630 239 55 32 det
1707 240 92 31 kom-

307 288 140 32 munala
479 290 191 40 gymnasiet
698 290 10 31 i
732 290 144 42 Lidingö
900 292 78 30 från
1003 291 63 32 och
1090 291 78 32 med
1191 291 199 42 budgetåret
1415 290 187 42 1930/1931
1629 293 170 32 överföres

308 341 51 32 till
393 342 55 32 det
482 343 166 32 särskilda
683 343 153 42 anslaget
864 344 49 32 till
937 344 222 32 kommunala
1182 345 205 41 gymnasier,
1412 356 79 21 men
1515 346 164 32 utskottet
1701 356 99 22 anser

308 396 172 39 önskvärt,
505 399 49 29 att
577 396 111 32 denna
712 398 98 40 fråga
833 408 43 21 av
899 398 128 41 Kungl.
1046 398 97 41 Maj:t
1160 399 320 41 uppmärksammas
1498 399 63 32 och
1578 399 221 32 underkastas

308 453 154 28 närmare
486 450 245 41 Övervägande,
757 452 37 30 så
817 454 48 28 att
890 452 81 31 1931
999 453 54 30 års
1070 451 137 41 riksdag
1223 462 55 21 om
1298 451 133 42 möjligt
1447 452 68 31 kan
1533 452 91 32 bliva
1640 452 11 32 i
1667 452 132 32 tillfälle

308 504 48 29 att
380 505 76 38 taga
480 502 153 33 definitiv
650 503 162 42 ställning
827 504 11 31 i
855 507 123 29 ämnet.
1016 505 129 32 Därvid
1160 504 61 33 bör
1236 505 130 41 jämväl
1382 505 149 38 beaktas,
1549 508 49 30 att
1615 505 64 32 den
1696 507 102 31 förut-

307 555 148 32 varande
479 556 221 32 kommunala
724 557 245 32 mellanskolan
992 558 12 31 i
1024 558 112 39 Eslöv,
1155 558 78 32 med
1249 558 114 33 vilken
1381 563 36 27 är
1432 559 135 32 förenat
1583 562 46 29 ett
1645 559 153 32 kommu-

307 608 71 33 nalt
412 610 229 40 gymnasium,
678 621 72 21 som
775 611 177 33 ävenledes
977 612 149 40 åtnjuter
1149 612 185 32 understöd
1358 613 75 31 från
1457 612 341 41 privatläroverksan-

307 662 114 42 slaget,
458 664 77 31 från
570 664 62 32 och
666 664 77 32 med
768 664 65 32 den
860 667 14 29 1
900 665 64 40 juli
990 666 82 31 1931
1099 665 70 33 helt
1192 668 142 40 övergår
1357 665 50 32 till
1430 669 48 29 att
1501 677 83 22 vara
1607 677 40 21 en
1672 669 126 30 statens

307 715 174 40 realskola,
505 717 115 32 varför
643 717 223 41 nyssberörda
889 718 166 41 spörsmål
1079 718 43 32 då
1144 718 65 33 blir
1231 719 143 32 aktuellt
1389 720 101 31 också
1506 720 111 41 ifråga
1633 731 56 21 om
1706 720 92 32 detta

306 769 229 40 gymnasium.
584 770 15 31 I
633 770 90 32 detta
747 772 251 41 sammanhang
1021 783 100 30 synes
1144 772 131 41 jämväl
1299 773 200 41 spörsmålet
1522 773 211 32 beträffande
1757 784 41 22 en

306 822 146 32 revision
485 833 43 22 av
563 823 330 42 bidragsgrunderna
915 826 54 31 för
993 826 118 40 övriga
1135 826 222 32 kommunala
1380 827 196 40 gymnasier
1598 826 81 33 böra
1702 830 95 38 tagas

307 875 108 32 under
438 877 238 41 omprövning.

351 929 16 31 I
400 929 149 42 enlighet
576 930 78 32 med
679 931 64 32 den
768 931 221 42 ståndpunkt,
1015 933 163 32 utskottet
1202 933 145 32 sålunda
1370 936 110 29 ansett
1503 934 53 41 sig
1578 933 82 32 böra
1682 934 115 41 intaga

307 982 50 31 till
381 983 120 41 frågan
526 994 56 21 om
607 984 184 33 understöd
815 986 33 30 åt
872 985 55 32 det
950 986 223 32 kommunala
1196 986 194 42 gymnasiet
1416 987 8 31 i
1440 987 138 36 Motala,
1595 987 61 32 bör
1672 987 65 32 den
1753 998 43 21 av

307 1036 127 41 Kungl.
471 1037 99 41 Maj:t
604 1038 53 31 för
691 1038 104 41 högre
829 1049 88 31 goss-
953 1039 63 32 och
1052 1039 188 32 samskolor
1274 1040 193 41 föreslagna
1497 1040 256 42 anslagsposten
1778 1042 19 30 å

307 1090 143 38 235,500
474 1090 134 39 kronor,
633 1091 142 32 rörande
798 1091 115 33 vilken
936 1093 164 31 utskottet
1123 1093 11 31 i
1159 1093 110 41 övrigt
1293 1093 74 32 icke
1390 1094 62 31 har
1475 1095 105 40 något
1603 1097 49 28 att
1674 1094 121 38 erinra,

306 1142 151 34 minskas
490 1144 78 31 med
593 1144 56 32 det
672 1146 53 30 för
748 1145 213 33 sistnämnda
984 1146 219 41 gymnasium
1227 1146 193 33 beräknade
1444 1147 228 38 understödet,
1698 1148 98 38 7,000

305 1195 134 33 kronor.
486 1197 148 32 Berörda
666 1198 223 41 anslagspost,
914 1210 73 21 som
1012 1200 53 31 för
1088 1199 199 42 budgetåret
1313 1199 189 37 1929/1930
1530 1204 100 38 utgör
1653 1201 143 38 230,100

305 1249 133 39 kronor,
463 1250 109 32 skulle
597 1251 96 32 alltså
717 1251 107 32 under
847 1252 199 41 budgetåret
1072 1252 186 34 1930/1931
1286 1254 139 31 komma
1448 1257 49 28 att
1515 1257 122 38 utgöra
1653 1255 142 38 228,500

305 1302 134 40 kronor,
463 1304 231 32 innebärande
717 1315 42 21 en
784 1305 199 42 minskning
1008 1306 80 32 med
1114 1307 95 38 1,600
1234 1307 134 32 kronor.

350 1356 49 31 På
421 1357 111 40 grund
557 1368 42 21 av
624 1357 63 32 den
712 1358 156 41 ändring,
892 1359 163 32 utskottet
1078 1359 11 31 i
1106 1359 96 42 fråga
1219 1370 56 21 om
1293 1360 56 32 det
1365 1360 224 32 kommunala
1605 1361 190 41 gymnasiet

305 1409 11 31 i
341 1409 125 33 Motala
489 1411 152 32 förordat
664 1411 10 31 i
698 1411 128 41 Kungl.
853 1412 113 40 Maj:ts
989 1412 137 41 förslag,
1151 1412 61 33 bör
1236 1413 70 32 dels
1331 1424 42 21 en
1389 1414 201 41 minskning
1606 1414 58 32 ske
1680 1425 42 22 av
1740 1414 55 32 det

305 1462 127 42 anslag,
469 1464 127 41 Kungl.
635 1464 97 41 Maj:t
767 1465 96 31 äskat
897 1465 50 31 till
970 1465 150 42 tillfällig
1142 1466 283 42 löneförbättring
1448 1469 35 30 åt
1506 1467 289 42 lärarpersonalen

303 1516 59 32 vid
395 1517 275 41 privatläroverk,
704 1518 71 32 dels
803 1518 61 32 ock
888 1529 42 21 en
954 1519 130 41 ökning
1107 1524 63 36 äga
1193 1531 76 20 rum
1295 1531 42 21 av
1361 1520 151 42 anslaget
1535 1521 51 32 till
1611 1521 183 32 understöd

304 1571 34 30 åt
362 1570 222 32 kommunala
607 1571 203 41 gymnasier.
846 1571 65 32 Till
935 1572 99 32 dessa
1057 1573 114 41 frågor
1187 1573 227 32 återkommer
1427 1574 163 32 utskottet
1606 1575 61 31 här
1683 1575 110 32 nedan

304 1623 109 32 under
435 1624 194 41 punkterna
653 1621 63 42 2:0)
740 1625 64 31 och
828 1623 72 42 3:0).

348 1676 72 33 Mot
451 1677 67 32 vad
552 1677 127 42 Kungl.
714 1678 104 41 Maj:t
845 1678 174 42 föreslagit
1051 1679 211 32 beträffande
1291 1679 256 43 anslagsposten
1573 1680 49 33 till
1645 1682 148 32 enskilda

302 1731 363 32 lärarinneseminarier
687 1732 63 31 har
773 1732 163 32 utskottet
958 1733 86 32 intet
1067 1736 48 28 att
1139 1733 118 32 erinra.

346 1784 17 31 I
395 1784 150 41 enlighet
577 1785 78 32 med
686 1785 65 32 vad
776 1785 161 32 utskottet
961 1796 90 22 ovan
1074 1787 113 32 anfört
1211 1786 109 33 skulle
1344 1787 376 43 reservationsanslaget
1743 1788 50 32 till

301 1837 278 40 privatläroverk,
603 1849 46 20 nu
667 1839 143 38 740,100
826 1839 133 38 kronor,
977 1840 153 31 minskas
1146 1840 78 32 med
1245 1841 119 38 12,000
1380 1840 124 33 kronor
1520 1839 133 42 (10,400
1670 1842 123 32 kronor

301 1891 20 30 å
353 1890 255 42 anslagsposten
642 1891 49 31 till
719 1891 103 42 högre
845 1892 193 32 flickskolor
1061 1893 63 32 och
1150 1894 97 38 1,600
1270 1893 125 33 kronor
1418 1895 20 30 å
1462 1894 256 42 anslagsposten
1742 1895 50 32 till

300 1943 106 41 högre
428 1955 89 30 goss-
541 1945 63 31 och
628 1942 198 43 samskolor)
850 1945 49 32 till
925 1947 143 38 728,100
1092 1946 132 32 kronor.

346 1997 172 32 Utskottet
540 1998 202 39 hemställer,
769 2001 48 29 att
840 1999 180 41 riksdagen
1047 2001 56 30 må

665 2050 29 41 a)
728 2051 139 40 besluta,
904 2055 48 29 att
987 2053 267 32 statsunderstöd
1290 2055 77 30 från
1403 2054 152 42 anslaget
1587 2055 49 32 till
1670 2056 120 41 privat-

620 2105 152 32 läroverk
806 2107 56 30 må
893 2106 50 31 till
975 2106 105 41 högre
1111 2107 184 39 flickskola,
1329 2118 73 21 som
1434 2108 152 33 befinner
1609 2109 52 41 sig
1683 2109 108 32 under

620 2158 211 42 avveckling,
863 2161 80 39 utgå
972 2165 87 27 även
1083 2171 55 21 om
1163 2160 118 32 skolan
1307 2162 160 31 omfattar
1490 2162 134 32 mindre
1648 2167 43 27 än
1714 2164 77 40 fyra

619 2212 182 32 årsklasser
824 2215 118 30 utöver
966 2213 66 32 den
1056 2213 168 42 egentliga
1247 2214 194 32 folkskolan
1465 2215 63 32 och
1545 2219 129 29 oavsett
1690 2216 99 32 huru-

618 2265 80 32 vida
722 2265 118 33 skolan
865 2267 77 31 med
968 2267 166 32 avseende
1158 2269 19 30 å
1200 2267 229 42 lärjungantal
1458 2268 108 33 under
1593 2269 41 32 de
1660 2273 130 29 senaste

618 2322 49 29 tre
690 2321 80 30 åren
794 2319 171 42 uppfyller
987 2320 11 31 i
1023 2320 121 32 sådant
1164 2321 192 32 hänseende
1373 2321 96 41 eljest
1484 2322 157 41 gällande
1657 2323 131 39 villkor,

618 2375 87 29 samt
728 2376 49 28 att
800 2363 274 42 statsunderstöd
1092 2374 50 31 till
1159 2374 93 41 dylik
1269 2374 104 40 skola,
1391 2386 73 21 som
1481 2376 162 32 omfattar
1657 2376 132 33 mindre

617 2430 43 27 än
684 2427 76 40 fyra
784 2426 181 32 årsklasser
989 2430 119 29 utöver
1132 2427 64 32 den
1220 2428 169 41 egentliga
1411 2428 205 40 folkskolan,
1633 2430 56 31 må
1708 2432 81 39 utgå

617 2479 77 32 med
719 2479 99 41 högst
844 2481 95 37 1,100
963 2480 126 32 kronor
1112 2481 52 32 för
1187 2482 95 40 varje
1306 2481 104 32 sådan
1436 2482 105 39 klass;
