1900 2786
514 159 287 31 Statsutskottets
825 160 180 30 utlåtande
1026 168 44 22 nr
1090 161 42 29 36
1152 161 42 29 år
1217 161 83 29 1963
1615 162 37 28 13

1457 246 112 34 Bilaga
1587 246 24 28 C

785 454 248 34 Domänverket

166 570 90 30 Herr
268 570 251 40 Byrådirektör
532 571 41 29 K.
589 570 38 30 Å.
644 571 37 30 G.
698 571 198 39 Gyllenram

163 632 218 40 Riksdagens
401 633 227 30 statsutskott

209 712 149 31 Jämlikt
374 713 176 31 anmodan
569 722 62 31 per
647 713 130 30 telefon
796 713 56 31 får
867 714 61 40 jag
944 714 120 31 lämna
1082 713 158 41 följande
1259 714 177 41 uppgifter
1452 724 59 21 om
1529 715 127 40 gårdar

166 766 46 21 m.
224 766 47 21 m.
288 757 147 40 belägna
451 758 97 30 inom
565 767 44 21 en
626 758 97 30 radie
739 767 44 21 av
800 757 19 31 5
838 758 62 30 km
917 758 81 31 från
1015 768 44 21 en
1077 759 102 30 tänkt
1196 759 211 40 anläggning
1423 759 21 30 å
1462 759 192 40 kronopar-

167 801 68 30 ken
256 802 219 30 Sävstaholm
495 802 11 29 i
526 802 40 30 V.
589 802 195 39 Vingåkers
805 802 129 30 socken
955 802 73 30 dels
1050 804 86 29 nära
1157 802 171 31 Tisnaren
1349 803 129 31 mellan
1498 803 154 31 Sandvik

167 847 66 29 och
249 846 222 35 Västerlund,
485 847 76 30 dels
579 847 67 30 ock
659 847 105 30 söder
780 847 194 39 Älingsjön.

211 891 282 40 Anläggningens
519 891 205 40 belägenhet
748 892 41 30 är
813 891 96 31 känd
935 900 124 32 genom
1084 902 45 20 en
1155 892 81 59 från
1261 892 202 31 Försvarets
1490 892 165 31 Fabriks-

162 935 145 40 styrelse
321 936 158 30 erhållen
495 935 284 42 situationsplan.

208 980 83 31 Som
314 979 241 31 kartmaterial
582 980 56 30 för
664 980 232 40 utredningen
920 980 67 31 har
1010 981 150 30 använts
1186 980 233 41 Topografisk
1444 981 102 31 karta
1571 982 83 30 över

166 1024 147 40 Sverige,
333 1024 81 31 blad
432 1024 20 30 9
470 1024 28 30 G
516 1024 243 31 Katrineholm
777 1024 71 35 NV,
867 1025 101 30 skala
989 1025 89 30 1:50
1092 1023 76 37 000,
1186 1025 278 40 rekognoscerad
1487 1025 83 31 1959
1589 1026 66 30 och

165 1068 116 40 tryckt
311 1068 117 35 7.7.60,
457 1069 108 30 vilket
593 1069 99 30 torde
720 1078 84 22 vara
833 1069 232 35 modernaste,
1094 1069 169 31 officiella
1292 1069 275 32 kartmaterielet
1597 1070 57 30 för

166 1113 141 38 trakten
322 1113 13 30 i
352 1113 110 40 fråga.
480 1114 78 29 Med
575 1113 226 40 användning
817 1123 45 20 av
878 1114 146 31 kartans
1042 1114 250 39 beteckningar
1310 1112 53 32 fås
1382 1114 158 40 följande
1558 1115 94 29 antal

165 1157 206 40 fastigheter
381 1167 44 21 av
436 1158 115 30 nedan
564 1157 140 41 angivet
716 1158 74 40 slag
802 1158 98 30 inom
912 1157 19 31 5
946 1157 97 31 km:s
1056 1158 112 30 radie:

396 1274 259 31 Jordbruksgårdar
670 1263 16 49 |
699 1267 179 27 Jordbruks-,
1381 1279 95 29 Ålder-

685 1302 128 24 bostads-
822 1302 66 23 eller
899 1298 13 38 |
917 1302 113 30 Kyrkor
1044 1298 15 38 |
1078 1302 95 24 Präst-
1236 1319 84 25 Skola
1382 1320 91 24 doms-
1534 1302 89 24 Vård-

387 1346 122 24 50-—2001
555 1347 89 24 3—50
665 1332 19 43 |
707 1338 161 24 verkstads-
888 1332 17 43 |
916 1344 35 18 av
971 1339 61 23 sten
1046 1332 15 43 |
1090 1336 68 31 gård
1392 1355 64 24 hem
1543 1338 65 26 hem

706 1372 161 31 lägenheter

430 1382 37 25 ha
581 1382 38 24 ha

190 1461 171 25 Sörml....-.

190 1492 170 35 Österg.....

208 1646 141 31 Antalet
366 1648 278 38 sommarstugor
661 1646 98 30 torde
776 1647 46 30 ha
840 1646 83 31 ökat
939 1646 120 30 varför
1076 1646 129 31 siffran
1224 1646 63 30 207
1306 1646 118 31 säkert
1440 1647 40 29 är
1497 1646 11 30 i
1527 1646 127 30 under-

166 1691 96 34 kant,
286 1691 124 31 endast
433 1691 19 30 3
476 1691 119 30 kända
617 1692 122 39 stugor
761 1691 123 30 utöver
907 1690 145 31 kartans
1076 1690 124 31 tecken
1224 1691 46 30 ha
1294 1691 145 39 tillagts;
1465 1691 66 30 här
1554 1690 101 40 ingår

165 1736 105 30 också
282 1735 123 31 enbart
417 1735 21 31 å
449 1735 248 40 kronoparken
710 1735 19 30 5
744 1735 167 31 moderna
923 1735 315 30 arbetarbostäder.

210 1780 52 30 En
281 1780 225 39 förflyttning
523 1780 125 30 enbart
665 1780 46 40 på
729 1779 63 30 200
812 1789 36 20 m
867 1781 72 29 mot
958 1779 94 30 öster
1070 1788 43 21 av
1131 1779 256 40 anläggningen
1405 1778 58 31 vid
1482 1779 172 30 Tisnaren

165 1824 113 30 skulle
299 1824 126 40 betyda
445 1826 51 28 att
516 1825 88 29 även
624 1823 239 31 Beckershovs
884 1823 168 40 herrgård
1073 1823 84 30 kom
1177 1824 98 29 inom
1296 1823 19 30 5
1337 1823 97 30 km:s
1456 1823 133 31 radien.

207 1868 55 30 Nu
280 1869 130 29 använt
428 1868 242 30 kartmaterial
689 1876 59 31 ger
765 1877 44 21 en
828 1868 138 39 mycket
985 1867 144 31 säkrare
1149 1867 114 40 grund
1282 1867 55 30 för
1356 1867 232 40 utredningen
1607 1868 46 29 än

164 1912 96 30 förut
278 1921 62 31 per
359 1912 130 30 telefon
508 1912 145 30 lämnad
672 1912 216 30 summarisk
908 1911 139 40 uppgift
1067 1911 145 30 hämtad
1232 1911 81 30 från
1334 1911 319 40 generalstabsblad

165 1957 12 29 i
195 1956 99 31 skala
315 1956 33 30 1:
366 1956 61 30 100
440 1956 74 35 000,
534 1956 164 40 uppmätt
719 1956 94 30 1924.
831 1955 186 40 Nyköping
1035 1955 68 30 den
1123 1955 164 30 22.11.62.

760 2056 32 24 G.
808 2051 260 29 SÄFWENBERG
