1884 2798
549 153 375 36 Bevillningsutskottets
941 155 199 29 betänkande
1157 165 38 18 nr
1211 156 49 28 24.
1616 153 38 31 19

152 225 129 42 hänsyn
300 226 55 31 till
372 228 80 29 våra
469 226 130 42 hastigt
616 227 154 32 uttömda
788 228 270 31 valutareserver
1076 228 62 31 och
1157 228 133 32 bristen
1309 230 44 40 på
1373 228 111 32 dollar
1502 228 152 32 utfärdat

150 277 163 42 generellt
332 278 125 31 förbud
476 281 70 29 mot
564 290 26 20 s.
610 278 30 31 k.
661 279 303 42 söndagskörning,
984 279 105 32 vilket
1108 280 124 31 förbud
1253 282 84 29 trätt
1357 280 11 30 i
1387 280 91 31 kraft
1497 280 40 31 fr.
1559 291 29 20 o.
1610 291 41 19 m.

152 329 63 32 den
235 330 18 31 8
272 330 183 31 november
477 330 89 38 1947,
587 341 79 21 vore
688 331 269 41 fordonsägarna
975 331 71 31 icke
1068 331 114 42 längre
1203 332 11 30 i
1235 332 100 32 stånd
1357 334 50 30 att
1428 332 150 41 utnyttja
1600 332 53 31 sin

151 384 67 30 rätt
234 383 107 41 enligt
358 382 410 43 automobilskattelagen.
801 383 81 32 Som
901 384 223 32 körförbudet
1141 384 77 31 med
1237 384 173 41 undantag
1429 384 53 31 för
1502 384 147 41 dispens-

151 434 60 31 fall
232 434 112 42 gällde
366 435 40 30 fr.
429 445 29 21 o.
481 445 41 21 m.
544 434 45 31 kl.
615 435 90 31 18.00
727 435 254 42 lördagsaftnar
1002 438 22 28 t.
1049 447 28 20 o.
1102 447 41 19 m.
1166 436 43 31 kl.
1234 436 72 31 5.00
1328 436 324 42 måndagsmorgnar

150 496 85 31 resp.
254 497 128 20 samma
398 486 51 31 tid
465 488 80 30 över
561 486 195 42 helgdagar,
774 487 110 31 kunde
901 498 77 21 man
996 487 317 42 uppskattningsvis
1331 488 149 31 beräkna
1498 488 65 31 den
1582 488 69 31 där-

151 537 132 42 igenom
307 538 175 32 minskade
506 539 135 31 tillåtna
664 539 156 31 körtiden
844 539 54 31 till
923 550 37 21 ca
985 539 38 31 75
1039 542 26 28 Z
1092 550 40 21 av
1156 542 47 30 ett
1227 540 71 32 helt
1321 542 54 29 års
1401 539 59 39 tid,
1485 540 168 32 varunder

151 590 143 32 sålunda
311 591 382 41 motorfordonsägarna
711 591 71 32 icke
800 592 114 31 kunde
934 592 151 31 använda
1105 593 73 31 sina
1198 593 131 30 fordon.
1360 593 54 30 En
1432 592 111 42 logisk
1563 593 87 41 följd

150 652 40 21 av
210 642 93 31 detta
321 641 106 32 borde
447 653 90 27 vara,
560 645 51 28 att
631 642 323 32 automobilskatten
974 643 191 32 minskades
1187 644 11 30 i
1219 644 239 31 motsvarande
1480 646 76 29 mån
1579 655 72 20 som

149 693 155 32 körtiden
322 694 215 32 inskränktes
555 695 67 31 Det
640 694 111 32 kunde
770 695 73 31 icke
862 706 80 20 vara
961 695 127 41 riktigt,
1108 698 49 29 att
1174 695 187 32 bilskatten
1379 696 212 31 fortfarande
1610 716 42 3 —

149 747 37 30 så
216 745 98 42 länge
346 745 56 32 det
431 746 196 31 nuvarande
658 746 472 42 söndagskörningsförbudet
1151 747 111 41 gällde
1281 767 43 3 —
1344 747 109 32 skulle
1474 750 81 39 utgå
1577 759 73 20 oav-

148 797 112 32 kortat
285 797 54 31 för
363 797 70 32 helt
459 799 44 30 år.
529 797 336 32 Automobilskatten
891 798 157 41 utgjorde
1075 799 189 41 ersättning
1288 798 55 32 till
1369 802 112 29 staten
1508 800 54 31 för
1587 800 63 31 för-

149 851 116 29 månen
282 851 50 29 att
348 849 155 41 begagna
521 851 155 40 vägarna,
696 849 62 31 och
776 849 11 31 i
804 860 130 21 samma
953 852 76 29 mån
1047 861 72 20 som
1138 850 109 32 denna
1265 851 133 31 förmån
1418 851 231 38 reducerades,

150 903 103 29 måste
275 901 101 31 också
398 902 230 41 ersättningen
651 902 52 30 för
726 902 174 31 förmånen
921 902 159 31 minskas.
1114 903 18 30 I
1155 906 103 28 annat
1280 903 62 31 fall
1365 903 108 32 skulle
1496 904 152 31 fordons-

148 954 124 39 ägarna
291 953 34 30 få
342 952 113 32 betala
474 953 52 30 för
546 963 39 21 en
603 953 141 37 förmån,
763 964 74 20 som
857 953 40 31 de
916 954 29 41 ej
965 953 111 32 kunde
1095 954 133 31 komma
1247 954 11 31 i
1278 955 199 41 åtnjutande
1497 966 50 21 av.

195 1057 165 28 Utskottet.
418 1055 68 31 Det
505 1055 10 30 i
536 1055 219 31 förenämnda
775 1055 89 31 båda
885 1055 165 32 motioner
1071 1056 213 32 framställda
1304 1057 165 41 yrkandet
1490 1068 54 20 om
1566 1060 82 29 åter-

147 1106 118 42 bäring
283 1117 40 20 av
342 1106 71 33 viss
432 1106 53 31 del
505 1117 41 20 av
565 1106 324 32 automobilskatten
908 1108 53 30 för
980 1109 77 29 åren
1077 1108 79 31 1947
1177 1109 62 30 och
1260 1109 81 30 1948
1360 1109 182 31 motiveras
1561 1110 85 37 med,

148 1160 50 28 att
224 1159 98 39 ägare
349 1168 41 20 av
417 1158 235 31 motorfordon
679 1160 42 39 på
748 1159 109 41 grund
885 1171 39 19 av
952 1159 160 32 förbudet
1139 1163 71 28 mot
1238 1171 25 20 s.
1293 1160 29 31 k.
1354 1161 293 41 söndagskörning

146 1229 41 3 —
205 1209 104 32 vilket
330 1209 125 32 förbud
475 1210 121 31 trädde
617 1211 8 30 i
649 1210 92 32 kraft
762 1211 62 31 den
846 1212 18 30 8
886 1211 178 32 november
1088 1212 79 31 1947
1189 1231 42 3 —
1253 1212 105 31 under
1379 1212 96 32 tiden
1498 1213 148 31 därefter

147 1261 70 32 icke
233 1262 89 31 varit
336 1262 11 30 i
363 1262 135 31 tillfälle
514 1265 51 29 att
578 1262 154 42 begagna
748 1263 74 31 sina
838 1263 123 31 fordon
976 1264 11 30 i
1005 1274 127 21 samma
1149 1264 235 42 utsträckning
1401 1276 72 19 som
1490 1265 153 41 tidigare.

198 1313 117 31 Denna
336 1314 201 41 motivering
558 1314 191 31 föranleder
771 1315 168 32 utskottet
960 1315 108 32 erinra
1091 1327 53 19 om
1167 1319 51 28 att
1239 1316 58 31 vid
1319 1316 146 41 tidigare
1487 1317 159 42 tillfällen

147 1365 215 31 förekommit
393 1366 281 41 inskränkningar
703 1367 10 29 i
745 1367 261 41 möjligheterna
1037 1370 50 28 att
1117 1368 150 41 utnyttja
1298 1368 235 31 motorfordon
1565 1371 81 28 utan

146 1420 50 28 att
219 1417 119 31 därvid
362 1418 175 31 framförts
562 1418 82 31 krav
668 1420 42 39 på
734 1418 247 42 återbetalning
1005 1429 40 21 av
1070 1418 70 32 viss
1166 1419 52 31 del
1244 1430 41 20 av
1310 1419 332 32 automobilskatten.

145 1468 179 32 Utskottet
343 1469 61 30 vill
423 1469 139 32 särskilt
581 1469 142 32 hänvisa
745 1469 54 32 till
820 1470 63 31 den
904 1472 43 39 på
966 1471 124 31 hösten
1112 1471 80 31 1939
1213 1471 135 31 införda
1369 1471 275 32 bensinransone-

142 1518 127 40 vingen,
296 1517 113 31 vilken
435 1519 10 29 i
471 1518 68 32 lika
565 1518 68 41 hög
658 1519 81 41 grad
765 1529 72 20 som
864 1519 478 41 söndagskörningsförbudet
1366 1521 97 30 torde
1489 1521 43 30 ha
1558 1522 83 29 med-

145 1572 76 37 fört,
244 1575 50 28 att
316 1572 266 41 fordonsägarna
604 1573 72 31 icke
696 1572 129 33 kunnat
847 1573 202 32 obehindrat
1071 1574 148 41 utnyttja
1243 1574 74 32 sina
1341 1574 132 31 fordon.

194 1622 125 31 Vidare
343 1623 59 30 vill
425 1623 168 32 utskottet
616 1623 176 32 framhålla
816 1624 65 31 den
905 1635 40 19 av
967 1624 249 32 motionärerna
1240 1625 107 41 själva
1370 1625 191 42 åberopade
1584 1626 63 31 för-

143 1673 439 41 fattningsbestämmelsen,
622 1676 50 29 att
710 1684 53 20 om
803 1674 240 41 fordonsägare
1071 1675 85 30 låter
1183 1675 225 40 avregistrera
1434 1677 60 29 sitt
1521 1677 123 30 fordon

144 1727 104 31 under
277 1727 145 41 löpande
449 1727 207 38 kalenderår,
685 1730 36 28 är
748 1728 68 32 han
845 1728 190 42 berättigad
1064 1730 106 30 återfå
1199 1730 63 31 den
1292 1730 53 31 del
1374 1740 41 21 av
1444 1728 198 33 automobil-

143 1777 132 31 skatten
296 1788 72 20 som
388 1778 139 41 belöper
546 1780 43 39 på
607 1778 95 31 tiden
722 1779 38 30 fr.
782 1790 27 20 o.
830 1790 41 19 m.
893 1779 164 31 månaden
1077 1780 87 31 efter
1183 1780 74 37 den,
1279 1780 42 31 då
1339 1781 306 42 avregistreringen

143 1829 132 32 skedde.
309 1830 68 30 För
408 1830 254 41 fordonsägare,
695 1842 73 20 som
801 1831 164 32 drabbats
998 1842 39 21 av
1071 1832 475 42 söndagskörningsförbudet
1580 1834 62 30 och

144 1892 40 20 av
203 1881 108 31 denna
331 1881 183 42 anledning
534 1881 112 32 funnit
666 1883 323 31 automobilskatten
1010 1883 156 41 felaktigt
1185 1884 139 41 avvägd,
1345 1885 61 30 har
1429 1885 63 30 den
1513 1885 129 41 möjlig-

143 1933 96 30 heten
259 1934 85 30 stått
364 1934 112 40 öppen
497 1936 50 28 att
567 1933 103 31 redan
691 1934 9 30 i
722 1934 182 31 november
925 1935 78 30 1947
1027 1934 221 42 avregistrera
1270 1935 62 32 sitt
1353 1936 130 30 fordon.
1517 1936 125 31 Därest

143 1995 39 20 en
207 1984 106 31 sådan
338 1984 118 42 åtgärd
482 1984 173 42 vidtagits,
682 1985 109 32 skulle
819 1986 234 41 skyldigheten
1079 1989 50 28 att
1154 1997 98 21 svara
1279 1987 53 30 för
1359 1987 284 32 automobilskatt

143 2036 148 40 upphört
311 2036 103 31 redan
435 2036 75 31 med
531 2039 166 39 utgången
718 2048 40 20 av
779 2038 211 31 sistnämnda
1011 2038 120 31 månad
1153 2038 62 31 och
1236 2038 135 32 skatten
1393 2039 53 30 för
1468 2039 173 32 december

144 2088 77 30 1947
252 2088 111 31 skulle
392 2088 44 31 ha
467 2088 220 32 restituerats.
731 2089 75 31 Har
836 2089 153 32 däremot
1019 2100 39 20 en
1089 2090 241 41 fordonsägare
1362 2093 86 28 trots
1482 2091 158 41 söndags-

143 2139 325 41 körningsförbudet
498 2140 184 31 underlåtit
713 2143 51 28 att
793 2141 57 30 vid
881 2141 104 40 sagda
1015 2141 51 31 tid
1098 2141 204 41 avregistera
1333 2141 62 32 sitt
1426 2142 131 37 fordon,
1590 2143 51 30 får

141 2191 66 30 han
232 2201 98 20 anses
354 2191 43 30 ha
421 2194 199 37 accepterat,
646 2194 50 28 att
720 2192 322 31 automobilskatten
1069 2195 82 29 även
1177 2193 145 31 därefter
1347 2193 87 31 skall
1459 2196 81 38 utgå
1566 2194 74 30 med

142 2252 127 21 samma
297 2242 126 40 belopp
452 2253 72 20 som
553 2242 153 41 tidigare.

193 2294 69 30 Det
285 2304 39 19 av
348 2293 124 39 Kungl.
497 2293 104 40 Maj:t
624 2293 178 31 utfärdade
827 2294 161 31 förbudet
1012 2298 71 27 mot
1105 2295 295 41 söndagskörning
1424 2295 61 31 har
1511 2307 128 28 genom-

142 2345 84 30 förts
256 2344 75 31 med
359 2345 78 30 stöd
465 2355 40 20 av
533 2345 167 31 allmänna
728 2345 309 41 förfogandelagen.
1078 2346 17 30 I
1124 2346 145 31 nämnda
1297 2346 56 41 lag
1381 2347 44 30 ha
1454 2347 185 31 meddelats

141 2398 149 28 närmare
317 2396 252 31 bestämmelser
596 2396 142 31 rörande
767 2396 404 42 ersättningsskyldighet
1198 2398 53 30 för
1279 2398 58 31 det
1364 2398 167 31 allmänna
1561 2399 6 29 i
1601 2399 39 30 de

144 2447 56 31 fall
226 2447 42 31 då
291 2447 96 41 lagen
412 2447 121 32 vunnit
555 2448 223 41 tillämpning.
815 2449 91 30 Enär
930 2448 402 42 ersättningsskyldighet
1357 2450 10 30 i
1392 2449 146 32 berörda
1563 2450 75 31 hin-
