2184 2622
424 145 118 30 Andra
566 145 219 30 kammarens
810 143 126 33 första
960 144 176 40 tillfälliga
1160 145 142 31 utskotts
1325 146 174 30 utlåtande
1522 146 51 29 Nr
1598 147 29 29 9.
1807 145 14 30 1

965 416 61 40 Nr
1054 417 34 38 9.

853 577 107 23 Ankom
982 576 46 25 till
1048 576 163 31 riksdagens
1232 576 91 25 kansli
1343 576 53 24 den
1417 575 34 26 14
1470 577 70 31 april
1562 576 69 26 1919
1651 578 37 24 kl.
1709 576 16 26 3
1745 585 24 17 e.
1788 585 35 18 m,

438 666 130 35 Andra
600 666 222 34 kammarens
839 664 139 43 första
1007 665 182 44 tillfälliga
1217 666 144 35 utskotts
1389 666 180 36 utlåtande
1596 678 46 23 nr
1672 668 23 33 9
1722 667 13 34 i
1764 678 58 24 an-

651 735 141 46 ledning
833 748 44 24 av
915 737 101 35 väckt
1048 737 126 36 motion
1202 749 53 24 om
1283 737 164 37 skrivelse
1474 737 54 37 till
1554 737 131 45 Kungl.
1715 737 109 44 Maj:t

652 807 179 43 angående
857 808 201 36 inrättande
1085 819 45 25 av
1162 819 42 25 en
1222 808 188 45 professur
1436 809 14 34 i
1463 808 249 45 mellanfolklig
1739 813 80 32 rätt.

332 965 19 35 I
394 977 47 23 en
482 964 98 36 inom
626 966 115 34 andra
783 965 216 36 kammaren
1041 976 46 24 av
1130 965 85 35 herr
1251 965 201 37 Johansson
1484 964 14 37 1
1526 965 156 36 Hässlås
1712 966 111 37 väckt

227 1018 151 44 motion,
395 1030 44 23 nr
465 1020 87 42 278,
568 1018 226 44 hemställes,
826 1020 53 32 att
906 1018 203 46 riksdagen
1134 1020 114 33 måtte
1276 1018 146 36 besluta
1452 1021 54 34 att
1533 1018 13 37 i
1566 1019 181 37 skrivelse
1765 1020 58 36 till

227 1073 139 45 Kungl.
404 1071 107 48 Maj:t
540 1072 148 35 anhålla
718 1084 56 24 om
801 1071 202 46 utredning
1032 1072 69 35 och
1131 1071 138 47 förslag
1297 1072 194 46 angående
1518 1072 231 38 inrättandet
1777 1086 46 23 av

227 1138 46 24 en
301 1125 276 48 professorsstol
603 1125 14 35 i
646 1124 272 47 mellanfolklig
945 1128 74 33 rätt
1048 1124 62 37 vid
1137 1127 126 44 någon
1292 1137 45 26 av
1361 1125 118 37 rikets
1507 1126 213 46 högskolor.

333 1180 89 35 Med
457 1179 185 36 avseende
679 1181 47 45 på
756 1178 271 47 motiveringen
1055 1178 55 37 får
1138 1178 185 38 utskottet
1351 1179 156 37 hänvisa
1534 1179 58 37 till
1621 1180 199 37 motionen.

332 1287 148 45 Frågan
508 1298 56 23 om
595 1286 211 36 inrättande
835 1298 45 24 av
909 1297 48 24 en
976 1285 151 37 lärostol
1143 1285 12 36 i
1171 1285 131 47 publik
1319 1286 68 36 och
1404 1286 122 47 privat
1544 1287 279 37 internationell

225 1343 75 32 rätt
323 1339 252 35 behandlades
604 1339 63 34 vid
700 1341 102 34 1914
831 1341 57 33 års
917 1351 130 24 senare
1075 1339 165 45 riksdag,
1273 1340 46 34 då
1347 1342 63 32 två
1429 1339 242 48 likalydande
1697 1341 127 36 motio-

226 1405 67 23 ner
322 1392 152 36 väcktes
502 1392 13 36 i
544 1395 135 41 ämnet,
701 1404 48 24 en
775 1391 14 36 i
809 1392 155 36 vardera
984 1393 229 42 kammaren,
1230 1392 13 35 i
1263 1392 102 37 vilka
1385 1393 251 44 hemställdes,
1661 1397 54 33 att
1733 1394 91 36 riks-

228 1447 123 45 dagen
378 1445 88 37 ville
495 1445 146 37 besluta
670 1448 55 33 att
751 1445 13 36 i
793 1445 181 36 skrivelse
1003 1445 56 36 till
1088 1445 141 47 Kungl.
1259 1445 111 49 Maj:t
1398 1446 159 44 anhålla,
1589 1447 63 36 det
1679 1447 145 37 täcktes

226 1500 141 46 Kungl.
398 1498 109 49 Maj:t
534 1500 76 34 låta
639 1499 202 35 verkställa
869 1499 202 46 utredning
1099 1500 158 36 rörande
1285 1500 213 36 inrättande
1527 1512 47 24 av
1602 1512 47 25 en
1673 1501 151 37 lärostol

226 1553 13 35 i
267 1553 133 47 publik
428 1553 69 35 och
526 1552 280 37 internationell
834 1555 73 33 rätt
935 1553 91 35 eller
1053 1552 228 47 vidtagande
1310 1565 45 24 av
1376 1565 124 25 annan
1519 1553 155 48 lämplig
1694 1555 132 46 åtgärd

226 1606 58 37 till
323 1606 254 48 befrämjande
620 1618 45 25 av
708 1606 261 47 vetenskaplig
1011 1606 196 45 forskning
1247 1607 69 36 och
1353 1606 272 48 undervisning
1652 1607 13 35 i
1693 1607 131 48 ifråga-

225 1660 164 36 varande
434 1665 134 30 ämnen
608 1664 95 31 samt
730 1660 57 34 för
813 1660 203 47 riksdagen
1045 1660 206 48 framlägga
1281 1661 63 36 det
1370 1660 150 47 förslag,
1550 1661 125 36 vartill
1705 1662 120 35 utred-

226 1714 142 46 ningen
396 1715 58 33 må
484 1713 127 35 kunna
640 1713 202 35 föranleda.

333 1767 19 35 I
385 1766 204 47 anledning
617 1779 46 23 av
693 1767 107 34 dessa
830 1766 180 36 motioner
1033 1766 120 36 beslöt
1180 1766 204 47 riksdagen
1414 1768 122 34 avlåta
1567 1779 47 23 en
1643 1767 182 37 skrivelse

226 1819 57 37 till
312 1820 140 47 Kungl.
483 1819 109 48 Maj:t
621 1820 83 35 med
734 1820 186 45 anhållan,
951 1821 63 36 det
1037 1820 144 36 täcktes
1211 1820 139 47 Kungl.
1381 1820 110 48 Maj:t
1517 1821 76 35 låta
1621 1821 204 36 verkställa

226 1873 203 46 utredning
469 1874 158 34 rörande
670 1873 226 47 vidtagande
926 1886 47 25 av
1001 1874 177 47 lämpliga
1208 1874 173 46 åtgärder
1408 1874 58 35 till
1494 1874 256 49 befrämjande
1779 1888 45 23 av

227 1926 262 48 vetenskaplig
517 1926 198 47 forskning
744 1927 68 35 och
840 1927 271 46 undervisning
1139 1927 12 35 1
1178 1927 287 47 ifrågavarande
1494 1933 135 30 ämnen
1658 1932 96 32 samt
1769 1929 56 35 för

226 1980 202 47 riksdagen
457 1980 206 47 framlägga
693 1981 63 35 det
782 1980 150 47 förslag,
963 1981 123 35 vartill
1114 1981 252 47 utredningen
1394 1984 60 32 må
1472 1980 129 36 kunna
1620 1981 201 37 föranleda.

333 2034 75 36 Det
436 2034 256 48 slutyrkande,
723 2046 77 24 som
831 2034 166 36 kommer
1024 2034 58 37 till
1109 2034 153 50 uttryck
1289 2035 14 35 i
1332 2035 122 36 denna
1482 2034 222 49 riksdagens
1733 2035 90 36 skri-

227 2088 113 44 velse,
371 2087 275 37 sammanfaller
673 2087 13 36 i
715 2088 63 35 det
805 2088 208 46 väsentliga
1042 2088 84 36 med
1142 2088 293 37 motionärernas
1455 2088 233 45 hemställan,
1706 2090 117 37 ehuru

226 2141 202 46 riksdagen
470 2140 205 36 underlåtit
708 2144 54 32 att
795 2162 50 4 —
873 2141 13 35 i
916 2144 153 33 motsats
1097 2141 58 36 till
1185 2141 273 36 motionärerna
1488 2163 46 6 —
1566 2142 80 35 däri
1674 2143 151 35 särskilt

227 2194 118 36 uttala
375 2195 56 46 sig
460 2194 56 36 för
544 2194 301 37 önskvärdheten
875 2207 45 25 av
947 2194 231 38 inrättandet
1205 2208 46 23 av
1279 2207 48 24 en
1345 2195 152 37 lärostol
1515 2195 13 38 i
1547 2199 135 33 ämnet.
1717 2196 106 36 Riks-

274 2266 137 39 Bihang
436 2266 51 30 till
510 2266 203 39 riksdagens
733 2266 167 39 protokoll
924 2267 97 30 1919.
1069 2268 43 29 13
1135 2266 97 31 saml.
1259 2269 17 28 1
1302 2268 73 29 avd.
1402 2268 20 29 9
1446 2268 82 37 häft.
1554 2266 65 38 (Nr
1644 2267 43 38 9)
1763 2267 15 29 1

1872 973 151 28 Motionen.

1878 1292 140 28 Historik.
