1890 2850
295 141 40 29 14
729 142 261 33 Statsutskottets
1013 146 168 31 utlåtande
1206 146 53 31 Nr
1283 149 52 29 89.

292 219 68 31 risk
394 219 140 32 fordran
570 220 53 32 för
655 221 173 32 vinnande
864 233 41 21 av
939 223 132 31 inträde
1103 224 58 31 vid
1196 224 497 45 lantmäteriundervisningen,
1722 229 63 31 och

292 266 48 28 att
364 263 127 32 således
516 264 58 32 vid
598 265 307 42 undervisningens
928 267 212 33 inordnande
1164 269 109 32 under
1296 270 156 32 tekniska
1476 271 188 41 högskolan
1686 284 99 21 ovan-

291 308 150 31 nämnda
473 309 11 30 i
518 307 21 41 $
569 311 38 29 71
635 321 100 21 mom.
763 308 31 42 b)
819 328 42 3 —
886 309 32 42 d)
941 312 11 31 i
976 312 206 41 högskolans
1207 314 138 41 stadgar
1368 315 141 41 intagna
1535 317 251 33 bestämmelser

290 353 74 31 icke
388 355 55 29 må
466 353 139 32 komma
630 354 10 31 i
665 354 219 42 tillämpning
906 357 109 41 ifråga
1040 368 54 21 om
1119 358 309 42 fackavdelningen
1453 361 53 31 för
1529 361 202 33 lantmäteri.

336 397 65 32 För
424 408 41 21 en
490 398 11 31 i
526 398 65 32 alla
614 400 189 31 avseenden
831 411 120 30 mogen
976 402 312 40 inträdessökande,
1314 414 73 21 som
1411 405 72 32 icke
1507 406 114 41 avlagt
1637 407 148 32 student-

291 452 151 28 examen,
467 442 97 32 torde
588 444 10 30 i
622 444 93 40 varje
739 444 62 32 fall
825 445 179 41 möjlighet
1027 446 50 32 till
1101 447 135 41 dispens
1261 448 74 32 icke
1359 460 81 21 vara
1465 452 176 30 utesluten.

335 487 370 41 Lantmäteristyrelsen
740 489 62 31 har
825 489 141 42 tidigare
990 491 173 39 beräknat,
1189 495 48 28 att
1260 494 124 31 antalet
1406 496 195 30 studerande
1624 496 56 31 vid
1704 497 80 31 lant-

289 531 392 42 mätervundervisningen
716 534 147 31 normalt
899 535 114 32 kunde
1048 536 57 32 vid
1141 537 93 40 varje
1270 538 136 31 årskurs
1430 542 103 28 sättas
1558 540 50 31 till
1634 541 39 31 18
1698 543 20 29 å
1743 542 41 30 20

290 576 148 40 stycken.
488 576 50 32 De
562 577 215 42 sakkunniga
801 580 70 30 åter
894 579 89 32 hava
1007 584 110 28 ansett
1141 581 50 41 sig
1215 581 82 32 böra
1313 582 106 32 räkna
1436 583 76 32 med
1530 584 10 31 i
1557 584 158 32 medeltal
1733 586 49 31 15.

335 620 52 31 Då
420 620 106 41 enligt
550 622 178 40 styrelsens
753 624 140 40 mening
916 624 502 44 lantmäteriundervisningens
1442 628 260 42 huvuduppgift
1725 630 60 31 allt

289 664 171 41 framgent
495 665 60 32 bör
591 666 89 32 bliva
715 670 49 28 att
799 667 130 33 utbilda
957 670 156 39 personal
1137 671 53 31 för
1213 671 209 41 anställning
1444 673 11 30 i
1479 673 304 32 lantmäteristaten

289 709 63 31 och
377 709 200 40 kartverket,
603 711 60 31 bör
685 711 132 33 inträde
841 713 57 30 vid
922 713 65 32 den
1013 714 157 32 blivande
1193 716 308 42 fackavdelningen
1522 718 53 31 för
1590 718 194 32 lantmäteri

288 753 122 32 liksom
441 754 119 32 hittills
585 756 126 40 årligen
737 756 141 41 beviljas
902 758 122 32 främst
1045 762 49 38 ett
1117 760 85 31 efter
1226 760 144 32 behovet
1394 762 53 31 för
1471 763 233 40 statstjänsten
1729 774 54 20 av-

288 802 122 37 passat,
448 799 179 41 begränsat
660 801 90 31 antal
775 801 212 33 studerande.
1036 804 97 31 Åven
1157 815 54 20 om
1238 816 41 20 en
1305 806 68 31 viss
1397 806 159 41 nedgång
1579 807 108 32 under
1711 813 71 26 när-

288 846 106 28 maste
418 843 92 32 tiden
536 844 67 32 kan
627 846 120 31 tänkas
772 848 123 39 uppstå
918 847 11 31 i
953 848 105 40 sagda
1082 848 119 38 behov,
1227 850 95 31 torde
1347 850 85 32 dock
1456 851 11 31 i
1491 851 59 31 allt
1573 851 61 32 fall
1658 852 65 31 den
1740 863 42 21 av

288 887 41 32 de
354 888 214 41 sakkunniga
592 890 150 40 angivna
765 891 119 31 siffran
908 892 97 31 ställa
1029 893 51 40 sig
1103 893 55 31 väl
1186 894 64 41 låg.
1288 894 68 32 Vid
1380 895 256 33 bestämmande
1661 907 42 22 av
1728 907 54 21 an-

288 932 80 31 talet
391 932 203 33 studerande
618 934 58 32 vid
699 935 260 41 ifrågavarande
984 937 264 42 fackavdelning
1272 939 94 32 torde
1389 940 129 39 jämväl
1543 941 133 40 hänsyn
1701 941 82 32 böra

287 980 95 38 tagas
417 977 121 38 därtill,
576 981 47 29 att
658 979 179 41 möjlighet
865 980 60 32 bör
948 982 183 31 förefinnas
1155 983 54 31 för
1233 984 213 38 studerande,
1472 996 71 20 som
1570 996 42 21 av
1637 996 41 21 en
1703 986 80 32 eller

287 1031 114 21 annan
436 1022 186 42 anledning
656 1024 102 38 finna,
795 1028 48 28 att
877 1025 40 31 de
940 1026 73 31 icke
1037 1026 114 41 lämpa
1175 1028 51 40 sig
1250 1029 54 31 för
1327 1028 454 34 lantmäteriverksamheten

287 1066 79 31 eller
400 1069 47 28 att
482 1067 41 31 de
547 1067 73 32 icke
644 1068 88 32 hava
756 1069 106 31 utsikt
886 1073 48 28 att
958 1070 91 32 bliva
1072 1076 148 36 antagna
1245 1072 58 32 vid
1327 1073 314 39 lantmäteristaten,
1666 1078 50 28 att
1739 1092 43 3 —

286 1111 85 31 efter
405 1111 199 42 erforderlig
638 1113 262 42 komplettering
932 1132 42 3 —
1003 1116 118 31 kunna
1144 1119 125 39 övergå
1293 1117 51 32 till
1367 1129 114 21 annan
1505 1119 275 41 fackavdelning,

286 1154 121 32 liksom
433 1155 48 32 till
507 1159 48 28 att
579 1157 68 32 viss
671 1160 135 39 avgång
829 1158 103 32 bland
957 1159 40 32 de
1022 1160 203 33 studerande
1250 1162 108 32 under
1382 1163 204 32 studietiden
1612 1164 170 41 knappast

286 1199 66 32 kan
377 1200 244 33 frånkommas.

331 1244 372 43 Lantmäteristyrelsen
738 1247 63 31 har
836 1247 184 32 emellertid
1056 1249 83 32 intet
1174 1253 48 28 att
1253 1251 111 31 erinra
1388 1255 71 28 mot
1482 1252 41 32 de
1548 1253 232 41 sakkunnigas

285 1288 127 41 förslag
435 1289 11 31 i
470 1290 98 41 fråga
591 1301 55 21 om
671 1294 65 28 sätt
761 1292 63 31 och
849 1292 145 41 ordning
1018 1294 52 31 för
1094 1294 257 33 bestämmande
1371 1296 62 32 och
1450 1298 189 40 antagning
1655 1308 43 21 av
1715 1301 65 28 stu-

286 1333 146 32 derande
467 1334 59 31 vid
560 1335 64 32 den
649 1335 198 40 ifrågasatta
869 1337 307 43 fackavdelningen
1200 1340 54 31 för
1278 1340 201 39 lantmäteri,
1505 1342 144 40 givetvis
1674 1342 108 32 under

286 1388 88 21 ovan
409 1379 146 40 angiven
591 1381 255 41 förutsättning,
881 1384 48 29 att
964 1383 126 31 antalet
1123 1384 204 32 studerande
1355 1396 159 31 avpassas
1539 1388 85 30 efter
1648 1387 55 31 det
1727 1388 54 31 för

285 1423 233 40 statstjänsten
543 1423 191 33 beräknade
759 1425 152 33 behovet.

331 1467 369 43 Lantmäteristyrelsen
724 1470 107 32 håller
855 1471 81 38 före,
961 1474 48 29 att
1033 1473 290 32 examensarbetet
1344 1473 60 33 bör
1419 1479 98 36 göras
1535 1475 244 41 obligatoriskt,

285 1511 62 32 och
381 1516 48 27 att
461 1513 98 31 alltså
591 1514 172 32 studierna
800 1514 56 32 vid
892 1516 305 42 fackavdelningen
1226 1519 53 30 för
1308 1518 192 32 lantmäteri
1524 1519 82 32 böra
1629 1521 150 31 avslutas

284 1556 79 32 med
397 1558 182 31 utförande
614 1569 42 21 av
691 1559 109 40 dylikt
833 1559 120 40 arbete,
991 1562 146 31 varefter
1165 1562 40 32 de
1229 1563 399 33 lantmäteristuderande
1653 1565 127 31 erhålla

284 1602 257 41 avgångsbetyg
565 1604 111 30 såsom
700 1604 281 41 civilingenjörer.
1632 1609 6 5 |

332 1682 162 32 Tekniska
529 1683 187 41 högskolans
750 1685 261 41 lärarkollegium
1047 1686 69 38 har,
1147 1687 77 31 med
1248 1688 252 33 instämmande
1525 1700 42 21 av
1590 1690 189 40 högskolans

283 1735 140 41 styrelse,
448 1737 114 31 anfört
587 1736 101 32 bland
713 1741 118 28 annat:

328 1797 156 32 Praktisk
520 1798 194 42 utbildning
742 1800 185 40 uppställes
951 1802 53 30 för
1027 1802 211 32 närvarande
1262 1803 74 32 icke
1361 1806 111 30 såsom
1489 1805 143 40 fordran
1648 1806 60 40 för
1730 1806 48 31 in-

285 1843 92 31 träde
411 1842 56 32 vid
498 1843 155 32 tekniska
677 1844 200 41 högskolan,
902 1845 62 32 och
988 1846 245 42 lärarkollegiet
1258 1859 98 20 anser
1379 1850 51 40 sig
1453 1850 118 31 kunna
1594 1850 185 32 instämma

282 1886 12 31 i
330 1886 40 32 de
405 1897 42 22 av
475 1887 42 32 de
541 1888 215 42 sakkunniga
780 1890 190 31 framförda
994 1891 116 32 skälen
1135 1895 48 28 att
1207 1892 29 41 ej
1263 1893 105 32 heller
1391 1894 53 31 för
1467 1895 311 41 fackavdelningen

283 1931 54 31 för
371 1930 192 34 lantmäteri
598 1933 170 41 uppställa
803 1934 104 32 sådan
938 1935 149 32 fordran.
1135 1937 162 32 Däremot
1323 1937 101 33 borde
1447 1939 58 31 vid
1529 1940 182 40 gradering
1735 1950 42 21 av

284 1975 41 31 de
349 1976 167 32 sökandes
541 1978 135 31 meriter
698 1978 135 41 hänsyn
858 1982 94 38 tagas
975 1980 51 31 till
1050 1981 152 40 praktisk
1226 1982 204 41 utbildning,
1455 1984 11 30 i
1490 1983 106 32 likhet
1615 1984 77 31 med
1711 1984 66 32 vad

283 2019 103 32 redan
421 2031 47 21 nu
505 2026 36 26 är
574 2022 93 31 fallet
691 2023 56 31 vid
772 2023 223 42 intagningen
1020 2035 42 21 av
1087 2025 204 33 studerande
1315 2027 58 31 vid
1397 2028 156 32 tekniska
1576 2029 199 40 högskolan.

330 2064 156 32 Rörande
511 2066 56 31 det
590 2077 42 21 av
657 2066 40 32 de
721 2068 216 41 sakkunniga
960 2069 215 33 framställda
1197 2071 163 41 förslaget
1384 2075 48 28 att
1456 2072 49 31 till
1540 2070 10 43 8
1569 2074 38 30 71
1626 2084 102 21 mom.
1747 2071 30 42 a)

284 2118 43 21 av
351 2109 155 32 tekniska
531 2110 205 42 högskolans
761 2112 136 41 stadgar
920 2118 81 36 göra
1025 2117 46 28 ett
1087 2114 126 42 tillägg,
1231 2115 231 34 innebärande
1478 2117 140 32 fordran
1634 2119 43 40 på
1694 2118 83 31 kun-

282 2153 122 41 skaper
426 2154 10 31 i
462 2154 135 42 biologi,
622 2157 238 31 motsvarande
884 2158 238 41 fordringarna
1145 2160 54 30 för
1215 2159 136 43 betyget
1367 2161 159 40 godkänd
1543 2162 57 32 vid
1617 2162 160 41 flyttning

281 2197 51 32 till
366 2199 208 40 gymnasiets
610 2201 189 40 respektive
834 2201 121 41 lyceets
986 2206 77 28 näst
1086 2203 120 42 högsta
1230 2205 77 41 ring
1330 2205 79 32 eller
1433 2207 100 37 krets,
1558 2218 97 20 anser
1678 2207 98 31 lärar-

281 2242 167 41 kollegiet,
473 2246 49 29 att
547 2255 41 20 en
612 2244 93 41 dylik
729 2245 139 32 fordran
895 2246 94 33 bleve
1013 2248 10 31 i
1048 2247 68 32 viss
1140 2251 78 29 mån
1239 2249 180 40 illusorisk,
1438 2251 62 31 och
1518 2254 48 29 att
1583 2251 55 32 det
1654 2252 9 30 i
1680 2251 95 40 varje

281 2287 61 31 fall
377 2288 71 31 icke
484 2288 69 32 kan
589 2300 79 21 vara
703 2290 118 41 riktigt
855 2293 48 30 att
926 2291 99 42 lägga
1049 2293 240 41 kunskaperna
1314 2296 42 40 på
1380 2295 55 32 det
1458 2296 90 41 lägre
1573 2295 202 42 gymnasial-

281 2332 122 32 stadiet
426 2332 50 32 till
500 2333 111 41 grund
635 2335 53 31 för
711 2335 239 41 fordringarna
974 2337 54 31 för
1051 2338 131 31 inträde
1206 2338 50 32 till
1272 2339 157 32 tekniska
1445 2340 197 41 högskolan.
1683 2340 91 31 Haän-

281 2386 63 30 syn
379 2377 49 31 till
464 2377 195 43 kunskaper
694 2378 8 32 i
738 2379 124 41 biologi
895 2380 10 31 i
938 2381 240 42 studentbetyg
1211 2383 79 32 eller
1316 2384 10 31 i
1352 2384 101 41 betyg
1476 2386 75 30 från
1578 2385 198 31 universitet

282 2420 79 32 eller
384 2422 164 41 högskola
571 2422 103 33 borde
698 2423 87 32 dock
809 2424 117 32 kunna
949 2428 95 39 tagas
1064 2426 56 32 vid
1138 2427 212 33 bedömande
1367 2440 42 21 av
1426 2429 64 32 den
1507 2429 158 32 inbördes
1682 2430 92 31 kom-

280 2467 161 39 petensen
466 2466 125 33 mellan
616 2467 41 32 de
680 2468 301 34 inträdessökande
1005 2470 49 32 till
1078 2471 261 41 ifrågavarande
1355 2474 274 41 fackavdelning,
1647 2474 43 32 då
1705 2474 70 32 des-
