1894 2854
549 170 257 32 Statsutskotlets
829 170 168 31 utlåtande
1021 170 53 30 Nr
1100 171 52 30 89.
1577 167 20 32 5

147 251 66 32 För
236 250 226 32 lantmäteriet
485 250 166 38 tarvades,
676 249 77 33 med
777 250 133 40 hänsyn
936 249 49 32 till
1001 249 278 32 verksamhetens
1296 250 137 39 egenart
1449 247 63 32 och
1529 258 68 21 om-

101 297 160 40 fattning,
287 306 41 21 en
354 295 140 32 särskild
520 296 54 31 för
598 294 193 32 ändamålet
815 294 168 41 avpassad
1008 293 204 41 utbildning.
1250 293 52 31 Då
1326 292 179 41 möjlighet
1523 292 74 31 icke

101 341 200 32 förefunnes
337 343 48 29 att
416 340 106 31 ordna
544 339 485 40 lantmäteriundervisningen
1054 340 44 39 på
1122 337 310 32 tillfredsställande
1457 339 65 29 sätt
1545 347 53 30 ge-

101 396 82 21 nom
208 385 172 32 anlitande
404 395 41 22 av
471 384 103 32 redan
598 384 205 41 förefintliga
826 383 242 37 läroanstalter,
1093 382 104 32 borde
1220 382 288 41 undervisningen
1526 381 72 32 ord-

102 441 61 21 nas
192 441 73 21 som
290 441 42 21 en
356 429 143 32 särskild
523 429 202 39 institution,
751 440 40 21 en
816 427 369 42 lantmäterihögskola.
1235 426 136 33 Antalet
1395 426 203 32 studerande

101 475 12 31 i
149 475 93 41 varje
277 474 145 32 årsklass
457 474 210 32 beräknades
701 473 147 33 normalt
871 473 50 32 till
947 474 39 30 18
1011 475 20 29 å
1056 473 51 31 20.
1156 471 298 41 Undervisningen
1479 470 118 39 skulle,

102 520 86 32 efter
211 523 46 29 ett
280 519 96 33 halvt
399 521 53 30 års
476 519 153 41 praktisk
654 518 132 38 elevtid,
812 519 144 31 omfatta
980 518 54 40 sju
1055 517 171 39 terminer,
1243 516 112 33 vartill
1372 516 136 32 komme
1524 515 75 32 fält-

103 565 167 41 övningar
293 564 109 32 under
425 567 48 29 tre
497 574 138 22 somrar.
684 563 136 32 Antalet
843 562 168 33 ordinarie
1034 562 232 40 lärartjänster
1286 561 163 41 föreslogs
1465 560 50 32 till
1532 561 66 40 sju,

103 609 104 33 därav
242 610 77 40 fyra
353 609 210 41 professurer
587 608 63 32 och
674 611 48 29 tre
746 608 152 32 lektorat.
945 607 240 32 Kostnaderna
1209 607 53 31 för
1284 605 315 33 lantmäteriunder-

102 654 198 41 visningens
336 653 174 32 ordnande
545 653 106 41 enligt
678 652 160 42 förslaget
862 652 208 33 beräknades
1094 651 51 32 till
1171 652 141 38 140,932
1337 651 125 32 kronor
1485 651 54 31 för
1563 651 37 30 år

102 699 105 40 jämte
244 698 182 33 kostnader
460 699 53 31 för
546 697 259 42 dyrtidstillägg.
854 697 229 41 Lokalfrågan
1112 696 109 32 skulle
1245 695 124 33 ordnas
1393 706 124 31 genom
1541 706 58 30 ny-

106 743 169 42 byggnad.

149 807 89 40 Över
260 813 377 42 lantmäteristyrelsens
661 813 128 41 förslag
812 815 148 39 avgåvos
984 812 182 42 yttranden
1192 822 42 22 av
1258 814 47 29 ett
1320 810 108 33 flertal
1444 810 156 42 myndig-

103 869 94 32 heter
231 869 63 32 och
327 867 359 42 sammanslutningar.
734 867 16 31 I
774 867 90 32 vissa
888 877 40 22 av
954 865 204 42 yttrandena
1181 866 223 40 ifrågasattes,
1428 864 173 32 huruvida

104 922 141 33 särskild
282 921 165 43 högskola
482 921 144 33 krävdes
654 922 54 31 för
731 920 496 40 lantmäteriundervisningen.
1276 918 151 33 Sålunda
1450 917 150 33 uttalade

103 976 163 42 styrelsen
290 977 53 31 för
366 975 157 32 tekniska
545 975 199 41 högskolan,
769 974 103 32 bland
897 977 114 36 annat,
1037 976 48 29 att
1108 973 194 41 ytterligare
1321 972 184 41 utredning
1520 982 80 22 vore

103 1030 208 41 erforderlig,
347 1029 135 32 särskilt
516 1028 210 32 beträffande
761 1029 131 40 frågan,
930 1038 55 21 om
1021 1026 485 41 lantmäteriundervisningen
1530 1024 71 33 helt

104 1083 79 32 eller
206 1083 107 33 delvis
337 1083 114 32 kunde
476 1083 169 40 anknytas
669 1082 50 31 till
744 1081 289 41 undervisningen
1058 1081 58 32 vid
1140 1080 200 42 högskolan.

149 1137 15 31 I
188 1137 187 41 anledning
398 1147 43 21 av
466 1136 39 32 de
529 1136 11 31 i
564 1135 203 42 yttrandena
791 1135 144 32 sålunda
958 1133 191 33 framförda
1166 1133 234 42 erinringarna
1415 1131 186 33 tillkallade

104 1191 120 31 chefen
249 1191 54 31 för
325 1189 451 42 jordbruksdepartementet
796 1189 65 31 den
879 1189 19 31 3
916 1188 139 32 oktober
1074 1188 95 38 1930,
1186 1187 137 41 jämlikt
1340 1186 126 41 Kungl.
1486 1186 115 40 Maj:ts

104 1255 132 22 samma
271 1244 66 41 dag
360 1244 103 41 givna
488 1243 285 41 bemyndigande,
799 1242 166 32 särskilda
988 1241 283 42 utredningsmän
1297 1243 48 29 att
1368 1241 93 31 inom
1486 1240 115 41 depar-

104 1301 162 29 tementet
289 1300 160 39 upprätta
472 1300 47 29 ett
543 1296 194 33 alternativt
760 1296 136 41 förslag,
922 1296 89 31 huru
1031 1306 134 21 samma
1182 1294 247 41 undervisning
1445 1304 72 21 som
1535 1293 66 32 den

104 1363 43 21 av
171 1351 358 41 lantmäteristyrelsen
552 1350 194 41 föreslagna
770 1349 109 33 skulle
903 1349 134 39 ordnas,
1056 1349 112 32 därest
1184 1348 290 41 undervisningen
1491 1347 111 41 ifråga

104 1406 134 31 tänktes
263 1405 134 41 förlagd
421 1404 49 32 till
494 1404 157 32 tekniska
675 1403 197 42 högskolan.

149 1468 97 32 Efter
270 1468 136 31 slutfört
430 1467 156 42 uppdrag
609 1466 203 32 avlämnade
836 1466 105 41 sagda
964 1465 271 41 utredningsmän
1258 1464 77 32 med
1359 1463 159 33 skrivelse
1536 1463 65 32 den

108 1524 14 30 1
156 1521 177 33 december
359 1522 85 31 1930
468 1521 65 31 den
557 1519 195 33 anbefallda
775 1519 237 41 utredningen,
1037 1518 115 33 vilken
1177 1518 98 32 alltså
1299 1518 161 31 omfattar
1484 1520 47 28 ett
1554 1519 48 28 ut-

105 1575 129 32 arbetat
266 1574 129 42 förslag
423 1574 49 32 till
496 1573 502 41 lantmäteriundervisningens
1023 1571 223 42 förläggande
1270 1571 51 32 till
1345 1571 155 32 tekniska
1524 1570 79 40 hög-

105 1629 129 32 skolan.
282 1615 361 54 Utredningsmännen
678 1626 182 32 framhöllo
896 1626 129 39 därvid,
1063 1628 48 29 att
1136 1625 40 32 de
1201 1625 78 32 med
1303 1625 134 40 hänsyn
1461 1623 49 32 till
1536 1634 68 21 om-

104 1682 196 41 fattningen
336 1692 42 22 av
408 1681 55 32 det
487 1682 34 30 åt
545 1680 79 32 dem
648 1680 158 32 lämnade
830 1679 191 42 uppdraget
1044 1679 74 32 icke
1142 1679 76 31 haft
1241 1681 49 29 att
1313 1678 145 32 bedöma
1481 1678 122 40 frågan

106 1746 56 21 om
187 1735 244 42 lämpligheten
455 1745 42 21 av
520 1734 502 40 lantmäteriundervisningens
1047 1732 222 42 förläggande
1286 1731 50 32 till
1352 1731 156 32 tekniska
1524 1731 79 41 hög-

106 1789 119 32 skolan
260 1789 11 31 i
306 1789 64 32 och
400 1789 54 31 för
477 1788 59 41 sig.
585 1788 16 31 I
625 1787 185 32 skrivelsen
834 1786 167 33 uttalades
1026 1786 63 32 och
1114 1786 165 41 föreslogs
1303 1785 10 32 i
1337 1784 183 33 huvudsak
1544 1783 59 32 föl-

104 1842 114 41 jande.

152 1905 120 31 Därest
302 1903 239 42 utbildningen
566 1914 42 21 av
632 1903 201 32 lantmätare
858 1902 147 32 förlades
1029 1902 51 31 till
1104 1901 157 32 tekniska
1284 1900 199 42 högskolan,
1509 1899 95 32 torde

107 1949 56 32 det
187 1949 92 41 ligga
302 1949 11 30 i
337 1949 121 31 sakens
483 1951 109 35 natur,
618 1951 48 28 att
690 1949 53 30 för
767 1947 223 31 meddelande
1014 1957 42 21 av
1073 1946 153 31 nämnda
1241 1945 247 40 undervisning
1499 1944 105 32 borde

106 1994 110 31 bildas
251 2004 41 20 en
317 2004 46 29 ny
387 1992 274 41 fackavdelning.
710 1991 297 40 Undervisningen
1033 1990 119 38 skulle,
1177 1991 143 30 frånsett
1344 1989 152 41 praktisk
1520 1988 84 32 elev-

107 2038 48 32 tid
248 2037 49 32 till
322 2037 114 32 vilken
461 2038 96 39 fråga
580 2036 350 39 utredningsmännen
953 2036 73 30 icke
1054 2036 101 30 fattat
1172 2034 212 41 ståndpunkt
1400 2051 42 3 —
1460 2034 145 31 omfatta

106 2083 77 40 fyra
208 2084 36 30 år
266 2083 107 39 jämte
397 2081 231 41 fältövningar
652 2081 107 31 under
783 2084 48 28 tre
856 2091 137 21 somrar.
1030 2080 75 31 Den
1130 2080 81 31 sista
1240 2079 166 32 terminen
1424 2089 41 21 av
1483 2077 121 32 studie-

107 2127 92 32 tiden
235 2127 109 31 skulle
380 2127 174 31 användas
590 2126 49 31 till
664 2125 180 32 utförande
868 2136 42 21 av
935 2136 23 20 s.
986 2125 30 31 k.
1043 2124 284 32 examensarbete.
1377 2124 117 31 Såsom
1520 2122 85 32 ordi-

107 2172 93 31 narie
234 2171 107 32 lärare
374 2171 107 31 skulle
505 2171 142 31 allenast
671 2170 158 31 anställas
855 2174 56 27 två
935 2170 219 40 professorer;
1181 2168 289 40 undervisningen
1496 2166 109 33 skulle

107 2217 8 30 i
153 2216 110 40 övrigt
299 2215 172 32 meddelas
507 2226 42 20 av
585 2214 241 41 speciallärare,
863 2213 167 32 anställda
1058 2215 53 29 för
1136 2213 68 32 viss
1228 2213 59 38 tid,
1313 2213 63 31 och
1401 2212 202 31 assistenter.

107 2260 239 32 Kostnaderna
382 2261 52 30 för
470 2259 307 40 undervisningens
808 2258 174 32 ordnande
1007 2257 104 41 enligt
1136 2257 161 41 förslaget
1322 2256 208 32 beräknades
1554 2255 51 31 till

110 2306 141 37 116,296
276 2305 124 30 kronor
423 2304 53 31 för
500 2306 36 29 år
559 2304 106 39 jämte
689 2303 181 31 kostnader
894 2304 53 30 för
969 2301 260 41 dyrtidstillägg.

153 2393 89 32 Över
272 2392 370 40 utredningsmännens
667 2391 127 40 förslag
818 2392 149 39 avgåvos
991 2390 182 40 yttranden
1198 2400 42 21 av
1265 2392 46 28 ett
1335 2388 90 32 antal
1451 2388 153 40 myndig-

109 2446 92 31 heter
236 2446 63 31 och
335 2445 358 40 sammanslutningar.
741 2444 108 31 Bland
887 2444 96 31 dessa
1016 2443 180 41 yttranden
1223 2442 132 31 märkes
1382 2441 132 32 särskilt
1539 2441 65 38 det,

109 2510 71 20 som
218 2499 146 40 avgivits
400 2509 42 21 av
477 2499 154 40 styrelsen
652 2497 59 40 för
736 2497 145 32 tekniska
906 2497 171 40 högskolan
1101 2496 63 32 och
1189 2507 73 20 som
1286 2495 176 41 grundade
1487 2495 51 40 sig
1562 2496 44 39 på
