1892 2854
547 157 257 31 Statsutskottets
826 158 170 31 utlåtande
1021 158 52 31 N>
1096 161 51 29 89.
1550 158 39 31 31

146 234 14 32 I
185 234 76 41 kap.
295 235 53 31 VI
373 234 71 41 (sid.
475 237 173 30 104—116
672 236 10 31 i
708 235 380 43 statsrådsprotokollot)
1113 238 60 31 har
1197 238 50 31 till
1272 243 155 26 närmare
1452 237 146 32 behand-

101 287 72 42 ling
197 288 173 41 upptagits
394 290 122 40 frågan
541 300 57 21 om
622 289 220 42 erforderliga
865 292 410 40 övergångsanordningar.

146 350 65 32 Det
234 361 43 23 av
300 351 41 32 de
365 351 158 32 tekniska
547 352 383 42 högskolesakkunniga
954 353 10 31 i
989 353 90 33 detta
1103 353 192 33 hänseende
1320 353 190 41 framlagda
1535 355 64 30 för-

101 404 106 41 slaget
229 404 142 32 innebär
395 404 273 43 huvudsakligen
697 405 167 41 följande:

146 466 47 32 På
228 466 110 41 grund
375 477 41 22 av
452 467 505 42 lantmäteriundervisningens
991 469 228 41 provisoriska
1255 470 229 40 organisation
1509 470 90 32 hava

102 511 41 32 de
167 511 57 32 vid
249 511 199 32 densamma
473 512 169 32 anställda
658 512 134 32 lärarna
808 514 88 31 varit
912 514 205 32 förordnade
1141 515 53 31 för
1218 514 120 32 endast
1361 517 46 29 ett
1431 516 37 30 år
1492 515 9 31 i
1527 519 72 27 sän-

101 556 68 32 der.
209 556 67 32 Vid
302 567 42 21 en
368 558 288 40 omorganisation
681 568 42 22 av
742 558 287 42 undervisningen
1051 559 105 41 gäller
1180 559 55 32 det
1259 562 48 29 att
1331 559 97 39 tillse,
1453 563 49 28 att
1525 560 74 31 icke

101 601 98 32 dessa
222 600 105 33 lärare
353 602 138 31 komma
515 602 11 31 i
550 613 41 21 en
616 602 115 32 alltför
754 613 191 31 ogynnsam
970 603 169 42 ställning.

146 646 52 31 Av
234 645 41 32 de
309 646 59 32 vid
403 646 485 43 lantmäteriundervisningen
924 648 168 32 anställda
1116 649 134 31 lärarna
1273 654 36 26 är
1334 649 55 31 det
1412 649 187 32 emellertid

101 690 120 32 endast
244 692 67 37 två,
329 701 74 21 som
424 691 118 32 kunna
565 702 97 22 anses
686 692 71 32 dels
777 692 89 33 hava
883 693 77 31 från
977 693 113 32 denna
1113 694 228 40 tjänstgöring
1363 694 76 31 haft
1463 694 52 31 sin
1539 694 59 31 hu-

102 735 202 41 vudsakliga
328 736 161 38 utkomst,
515 736 70 32 dels
602 737 61 31 ock
680 738 45 40 på
740 737 110 41 grund
869 748 41 21 av
927 737 188 42 långvarig,
1140 738 225 41 förtjänstfull
1382 739 218 32 verksamhet

101 780 59 31 vid
199 780 65 32 den
301 780 271 33 hittillsvarande
606 781 484 42 lantmäteriundervisningen
1131 783 117 31 kunna
1286 783 88 32 hava
1413 783 187 41 anledning

101 827 113 36 vänta,
240 828 48 28 att
311 825 166 32 särskilda
501 826 156 41 åtgärder
680 826 91 33 bliva
794 827 54 31 för
872 827 96 32 deras
984 827 267 32 vidkommande
1268 826 199 42 vidtagna.!)
1494 828 106 32 Dessa

101 871 58 31 två
175 869 105 32 lärare
296 874 57 27 äro
369 870 131 32 läraren
517 871 11 31 i
545 871 208 39 matematik,
771 871 138 32 filosofie
926 872 155 38 doktorn,
1107 872 278 41 civilingenjören
1412 873 35 31 F.
1466 873 39 31 R.
1524 873 74 32 Ber-

102 914 86 32 wald
212 914 63 32 och
298 914 129 33 läraren
449 915 10 31 i
477 915 145 41 geodesi,
640 917 204 40 professorn,
862 916 139 32 filosofie
1018 917 144 32 doktorn
1187 917 36 32 'T.
1250 917 123 32 Rubin.

147 959 215 32 Beträffande
387 959 121 32 doktor
533 960 150 32 Berwald
707 961 90 31 hava
820 961 41 32 de
885 962 216 40 sakkunniga
1125 962 142 41 tidigare
1290 958 104 45 yttrat
1419 962 51 41 sig
1486 962 10 32 i
1514 973 84 21 sam-

104 1003 89 32 band
229 1004 75 32 med
331 1004 259 42 framläggande
614 1016 42 21 av
680 1005 129 42 förslag
832 1006 142 32 rörande
999 1006 188 32 ordnandet
1211 1017 42 22 av
1277 1007 321 32 matematikunder-

102 1048 179 41 visningen
305 1049 58 32 vid
388 1049 158 32 tekniska
569 1050 198 41 högskolan.

147 1093 14 31 I
185 1094 97 40 fråga
306 1104 55 21 om
386 1095 171 40 professor
580 1094 115 32 Rubin
720 1095 89 32 hava
833 1095 41 32 de
898 1095 216 42 sakkunniga
1138 1095 139 32 anslutit
1302 1096 51 41 sig
1373 1096 50 32 till
1438 1096 159 41 förslaget

102 1149 56 20 om
182 1138 190 32 inrättande
396 1139 53 31 för
473 1139 127 32 honom
625 1150 42 21 av
692 1150 41 21 en
754 1140 170 41 personlig
940 1141 173 40 professur
1137 1140 9 31 i
1171 1140 134 41 geodesi
1329 1140 185 42 (geodetisk
1531 1152 66 20 ma-

100 1183 142 32 tematik
267 1183 62 32 och
353 1182 202 43 kartografi).

147 1227 66 32 För
236 1227 92 32 detta
351 1228 159 32 ändamål
534 1228 94 32 torde
653 1230 43 40 på
720 1229 192 41 sedvanligt
935 1232 66 29 sätt
1025 1229 79 32 böra
1129 1231 19 30 å
1171 1230 174 31 allmänna
1363 1230 234 41 indragnings-

102 1275 109 29 staten
246 1273 162 41 uppföras
444 1276 46 29 ett
525 1273 119 41 anslag
678 1274 53 31 för
766 1274 203 32 ändamålet.
1017 1274 218 32 Beträffande
1272 1274 40 32 de
1337 1280 154 27 närmare
1515 1276 83 31 före-

102 1317 144 39 skrifter,
281 1328 72 21 som
388 1318 131 32 behöva
543 1318 172 32 meddelas
739 1318 9 31 i
774 1319 95 40 fråga
893 1330 57 21 om
978 1319 112 32 denna
1118 1321 181 39 professur,
1324 1320 95 32 torde
1443 1320 156 32 tekniska

101 1362 206 41 högskolans
342 1363 138 40 styrelse
515 1362 82 33 böra
630 1363 123 41 avgiva
786 1363 127 41 förslag
941 1364 9 31 i
987 1364 249 41 sammanhang
1260 1364 77 32 med
1361 1364 56 32 det
1441 1365 158 40 yttrande

102 1406 151 32 nämnda
277 1407 138 40 styrelse
438 1407 87 32 lärer
549 1408 139 31 komma
711 1411 49 28 att
785 1408 123 41 avgiva
933 1413 79 27 över
1037 1409 222 31 förevarande
1284 1409 183 32 utlåtande.

148 1451 117 32 Under
289 1451 64 32 den
378 1452 58 36 tid,
462 1453 171 40 professor
656 1452 115 32 Rubin
796 1453 143 31 innehar
956 1453 66 31 den
1039 1453 143 32 sålunda
1198 1453 192 42 föreslagna
1405 1453 194 42 personliga

101 1497 227 40 professuren,
353 1496 95 32 skola
472 1497 41 31 de
537 1507 43 22 av
604 1497 40 31 de
669 1497 215 41 sakkunniga
899 1497 194 41 föreslagna
1109 1498 491 41 speciallärarbefattningarna

102 1541 11 30 1
148 1540 172 42 geodetisk
357 1541 198 31 matematik
588 1541 64 32 och
687 1541 10 31 i
734 1542 177 40 kartografi
949 1542 132 32 lämnas
1117 1542 160 32 obesatta.
1325 1543 73 31 Den
1424 1543 174 32 kostnads-

103 1585 137 41 ökning,
272 1596 73 20 som
369 1585 108 32 skulle
502 1586 213 41 uppkomma
738 1597 122 30 genom
885 1586 192 32 inrättande
1101 1598 42 20 av
1167 1587 66 32 den
1257 1587 192 41 personliga
1473 1589 122 39 profes-

103 1640 110 28 suren,
238 1629 63 32 blir
325 1630 114 32 därför
464 1630 133 32 relativt
620 1630 91 32 liten.
762 1631 216 41 Avlöningen
1002 1632 53 31 för
1080 1643 40 20 en
1145 1633 170 39 professor
1332 1632 165 32 beräknas
1514 1633 85 31 efter

103 1674 196 41 sedvanliga
331 1675 149 40 grunder
515 1675 50 32 till
603 1676 119 37 11,460
758 1675 131 32 kronor.
939 1676 66 32 För
1028 1676 41 32 de
1093 1676 88 32 båda
1205 1677 234 41 nyssnämnda
1463 1677 135 41 special-

102 1719 366 41 lärarbefattningarna
491 1720 90 31 hava
604 1719 41 32 de
669 1720 216 41 sakkunniga
901 1720 175 42 föreslagit
1092 1721 148 32 arvoden
1258 1723 19 30 å
1294 1722 188 41 respektive
1500 1723 99 37 7,200

103 1764 123 31 kronor
250 1764 62 31 och
337 1765 98 37 3,000
460 1765 133 38 kronor,
618 1765 111 32 vadan
756 1765 261 32 merkostnaden
1042 1767 53 30 för
1111 1766 65 32 den
1192 1766 198 41 ifrågasatta
1406 1766 189 42 personliga

104 1809 215 40 professuren
344 1808 97 32 alltså
465 1809 108 32 skulle
598 1811 115 39 uppgå
737 1809 50 31 till
812 1808 188 41 (11,460
970 1804 26 51 —
1015 1809 129 41 10,200)
1172 1812 95 36 1,260
1292 1811 131 32 kronor.

148 1853 64 31 Det
236 1853 102 41 långa
360 1854 240 40 provisorium,
625 1865 72 20 som
723 1855 65 31 rått
811 1854 110 41 ifråga
945 1866 56 20 om
1025 1855 495 41 lantmäteriundervisningen,
1538 1860 61 36 gör

104 1897 55 32 det
188 1897 214 42 synnerligen
429 1899 163 31 önskvärt
615 1902 49 28 att
688 1898 67 31 låta
779 1899 65 31 den
869 1910 65 30 nya
960 1900 271 40 organisationen
1256 1900 96 31 träda
1376 1901 9 30 i
1412 1900 90 31 kraft
1526 1911 72 20 sna-

104 1945 67 28 rast
194 1942 143 40 möjligt.
375 1942 49 32 De
448 1943 216 40 sakkunniga
687 1943 89 31 hava
797 1943 100 32 också
914 1961 43 2 —
979 1944 130 39 jämväl
1133 1944 77 32 med
1234 1945 132 39 hänsyn
1392 1944 49 31 till
1465 1944 66 32 den
1556 1955 42 21 av

103 1986 179 41 riksdagen
319 1990 126 28 utsatta
480 1987 203 40 tidpunkten
720 1988 53 30 för
808 1988 65 31 den
901 1998 68 30 nya
994 1988 223 41 utredningen
1243 2006 43 3 —
1309 1991 110 29 ansett
1443 1989 51 40 sig
1518 1989 81 31 böra

103 2032 82 39 utgå
209 2032 74 30 från
308 2034 49 28 att
381 2031 322 41 nyorganisationen
728 2032 83 31 skall
838 2032 93 31 träda
956 2032 7 31 i
991 2033 89 31 kraft
1106 2033 102 31 redan
1234 2034 75 30 från
1334 2033 63 32 och
1423 2033 77 31 med
1517 2033 81 32 bud-

102 2077 128 38 getåret
257 2075 196 40 1932/1933.

149 2120 175 40 Utgående
359 2121 75 31 från
473 2120 112 32 denna
620 2121 246 41 förutsättning
889 2121 124 32 föreslå
1037 2122 40 31 de
1102 2122 215 40 sakkunniga
1341 2122 152 41 följande
1517 2122 79 41 plan

103 2165 53 30 för
180 2166 212 39 övergången
417 2165 49 31 till
491 2165 65 32 den
582 2176 66 29 nya
672 2166 283 38 organisationen.

149 2208 113 30 »Från
279 2209 63 30 och
361 2209 77 30 med
457 2209 132 31 läsåret
608 2208 170 35 1932/1933
797 2209 143 36 intagas
957 2210 85 35 inga
1060 2220 73 25 nya
1148 2211 215 30 studerande
1380 2210 11 30 i
1409 2210 188 31 lantmätc-

105 2252 356 35 riundervisningens
484 2253 114 30 första
618 2253 156 36 årskurs,
796 2256 87 28 utan
904 2254 158 30 nämnda
1082 2254 259 36 undervisning
1362 2255 158 30 kommer
1542 2257 52 28 at:

106 2297 112 30 under
246 2297 97 30 detta
372 2297 175 34 budgetår
575 2296 125 32 endast
729 2298 153 30 omfatta
910 2298 114 30 andra
1053 2299 95 29 årets
1176 2298 85 30 kurs
1290 2299 55 29 för
1374 2298 222 32 lantmäteri-

149 2384 19 27 1
187 2386 40 24 De
256 2385 180 30 sakkunniga
466 2385 73 25 hava
568 2386 99 24 härvid
698 2386 62 25 icke
789 2388 95 23 ansett
907 2386 44 32 sig
969 2386 70 25 böra
1059 2389 63 27 taga
1143 2387 6 24 i
1171 2386 187 26 betraktande
1378 2395 35 17 en
1434 2395 35 17 av
1490 2388 108 25 huvud-

105 2420 120 30 lärarna,
255 2428 61 17 som
346 2424 30 21 ir
396 2420 66 25 född
484 2420 32 25 år
536 2421 69 24 1860
625 2421 52 25 och
699 2421 121 25 sålunda
839 2422 174 24 överskridit
1031 2422 77 24 såväl
1131 2422 237 31 pensionsåldern
1389 2423 44 24 för
1453 2423 146 31 professor

104 2464 61 16 som
194 2455 55 26 den
278 2456 190 31 åldersgräns,
497 2464 61 17 som
588 2456 48 26 vid
666 2457 132 25 tekniska
818 2457 159 31 högskolan
998 2457 105 25 brukar
1122 2458 144 31 tillämpas
1288 2458 45 25 vid
1354 2458 189 26 meddelande
1563 2467 35 16 av

104 2491 192 25 förordnande
316 2491 93 25 såsom
431 2492 210 31 speciallärare,
661 2492 26 25 d.
709 2500 24 17 v.
754 2501 21 16 Bs.
798 2492 32 25 70
850 2493 38 24 år.

1638 231 175 46 Övergångs-

1628 272 202 32 anordningar.
