2204 2602
703 172 259 32 Statsutskottets
991 172 180 33 Utlåtande
1196 175 64 31 N:o
1285 176 27 28 6.
1722 175 42 32 35

212 260 98 35 1904
338 258 209 49 föreslaget
575 258 104 37 antal
707 260 141 36 sådana
875 259 246 49 tjänstemän,
1150 260 81 37 dels
1261 260 71 36 ock
1360 261 41 36 af
1426 261 226 37 kommittén
1682 265 120 34 såsom

208 311 86 36 från
331 311 234 36 sistnämnda
594 314 41 33 år
663 311 184 49 behöfligt
875 312 136 36 ansedt
1039 312 102 37 antal
1170 313 230 48 tjänstemän
1424 313 120 48 jämte
1572 313 147 50 förslag
1747 315 57 36 till

210 362 111 37 dessa
348 363 252 48 tjänstemäns
634 363 195 49 placering
856 363 99 36 inom
985 364 509 37 marinintendenturkårens
1522 366 102 36 olika
1652 367 151 48 grader.

313 415 54 35 Af
404 414 124 37 denna
569 415 117 36 tabell
721 415 180 48 framgår,
930 420 56 31 att
1013 415 229 50 personalen
1270 416 63 36 vid
1361 417 155 36 flottans
1545 417 168 37 civilstat
1741 418 64 37 vid

209 466 105 36 tiden
343 466 59 36 för
429 466 267 49 uppgifternas
725 467 223 48 afgifvande
977 468 199 48 utgjordes
1205 468 40 36 af
1263 469 45 35 55
1330 469 187 36 ordinarie
1538 470 71 35 och
1629 472 47 34 26
1698 475 106 32 extra

210 517 188 37 ordinarie
426 517 233 49 tjänstemän
687 519 70 36 och
786 524 55 31 att
869 518 148 37 således
1046 519 85 37 hela
1160 519 143 37 antalet
1331 520 43 36 af
1399 520 63 36 vid
1491 526 123 31 staten
1641 521 163 37 anställd

209 569 177 49 personal
427 570 168 49 uppgick
636 570 57 36 till
736 572 59 45 81,
839 570 137 36 hvaraf
1011 573 48 34 35
1089 570 188 37 ordinarie
1306 572 69 35 och
1406 574 45 34 13
1480 577 107 31 extra
1616 573 187 36 ordinarie

209 621 92 37 eller
342 621 160 49 tillhopa
539 624 48 34 48
616 622 64 36 vid
710 622 233 36 Karlskrona
971 627 98 32 samt
1098 625 48 34 20
1175 623 189 36 ordinarie
1393 624 71 36 och
1495 626 45 34 13
1570 630 106 31 extra
1706 625 98 36 ordi-

208 673 103 36 narie
341 673 91 37 eller
460 673 157 49 tillhopa
647 676 47 34 33
723 674 63 36 vid
816 673 241 37 Stockholms
1087 675 151 36 station.
1285 675 54 36 Af
1356 675 447 38 stationsbefälhafvaren

208 725 12 35 i
261 725 233 36 Karlskrona
535 725 232 47 frambhålles,
805 731 55 31 att
888 728 40 34 år
958 727 98 35 1904
1086 740 46 23 en
1161 727 145 48 ökning
1333 727 42 36 af
1400 727 73 36 den
1502 728 189 37 ordinarie
1719 742 85 35 per-

209 776 159 36 sonalen
400 777 85 36 från
514 779 45 34 35
590 777 58 36 till
676 780 47 33 49
754 782 40 31 är
822 778 41 35 af
888 777 182 37 behofvet
1097 778 188 49 påkallad,
1316 779 71 36 och
1417 779 184 37 beräknar
1629 780 174 37 stations-

208 828 287 37 befälhafvaren
522 829 12 36 i
563 828 234 47 Stockholm,
833 833 56 31 att
917 829 195 48 ökningen
1140 830 62 36 vid
1232 843 143 24 samma
1402 830 54 36 tid
1484 831 69 36 bör
1580 831 60 36 för
1669 831 134 37 Stock-

208 879 123 36 bolms
374 880 138 36 station
555 886 136 43 utgöra
721 884 19 33 7
771 881 187 36 ordinarie
992 882 243 48 tjänstemän,
1265 882 247 48 hvarigenom
1543 883 130 36 dessas
1704 884 100 36 antal

209 931 120 37 skulle
371 932 109 47 höjas
522 932 85 37 från
649 934 48 35 20
738 932 59 36 till
839 935 58 33 27.
953 932 96 37 Hela
1085 933 144 36 antalet
1265 934 188 36 ordinarie
1481 933 231 49 tjänstemän
1740 935 63 36 vid

208 983 214 37 civilstaten
464 984 122 36 skulle
628 984 145 37 således
815 984 151 37 komma
1007 990 55 30 att
1103 989 136 44 utgöra
1282 987 45 34 76
1371 992 78 30 mot
1490 986 64 36 det
1585 987 218 36 nuvarande

208 1034 143 37 antalet
394 1036 58 35 55.
508 1036 205 37 Dessutom
754 1049 90 23 anse
887 1036 493 49 stationsmyndigheterna,
1419 1042 55 31 att
1502 1038 41 36 af
1568 1043 107 31 extra
1704 1038 99 36 ordi-

207 1087 105 36 narie
353 1087 232 48 tjänstemän
623 1088 68 37 bör
726 1088 122 36 finnas
876 1088 65 36 vid
968 1088 187 37 hvardera
1183 1089 189 36 stationen
1401 1095 55 30 ett
1484 1089 175 50 lämpligt
1687 1090 115 46 antal,

207 1138 160 37 hvarvid
397 1139 96 36 dock
523 1140 40 36 af
588 1139 452 37 stationsbefälhafvaren
1068 1140 12 36 i
1110 1140 236 37 Karlskrona
1374 1141 182 36 särskildt
1574 1142 228 36 framhållits

208 1190 71 36 den
323 1190 308 48 uppfattningen,
670 1196 54 31 att
753 1192 66 35 där
847 1196 55 31 ett
930 1191 242 47 obestridligt
1200 1192 71 36 och
1299 1192 293 49 stadigvarande
1622 1193 119 36 behof
1765 1194 41 36 af

209 1254 46 23 en
282 1241 229 48 tjänsteman
539 1243 134 46 finnes,
703 1242 66 36 där
797 1243 69 35 bör
893 1242 84 36 icke
1005 1243 60 35 för
1093 1243 286 48 befattningens
1404 1244 277 49 uppehållande
1701 1245 101 36 afses

209 1298 107 31 extra
345 1293 187 36 ordinarie
560 1294 187 49 personal.

311 1345 75 35 Det
423 1350 141 43 system
594 1346 85 36 med
708 1345 249 37 användande
985 1346 42 36 af
1053 1351 53 31 ett
1134 1346 151 36 relativt
1314 1351 95 32 stort
1437 1347 102 36 antal
1568 1352 107 31 extra
1703 1347 98 36 ordi-

207 1396 104 36 narie
340 1396 372 48 kammarskrifvare,
741 1397 146 36 hvilket
916 1397 73 36 den
1018 1397 167 37 rådande
1204 1398 143 36 bristen
1366 1401 48 46 på
1434 1399 187 36 ordinarie
1640 1399 161 48 tjänste-

207 1452 88 32 män
323 1448 64 36 vid
416 1448 214 37 civilstaten
658 1449 326 49 nödvändiggjort
1014 1450 72 35 och
1114 1449 147 36 hvilket
1289 1449 175 48 medfört,
1495 1456 55 30 att
1574 1456 106 31 extra
1700 1451 98 36 ordi-

207 1499 105 37 narie
350 1500 360 37 kammarskrifvare
748 1503 97 34 måst
872 1505 115 31 vänta
1019 1503 149 34 12—15
1198 1504 40 34 år
1266 1504 48 46 på
1343 1502 215 46 befordran,
1588 1502 66 36 allt
1682 1502 120 37 under

208 1551 64 36 det
313 1551 46 37 de
401 1557 78 31 mot
520 1566 48 22 en
610 1552 173 48 skäligen
826 1552 198 49 obetydlig
1065 1553 214 48 ersättning
1320 1553 187 37 användts
1548 1554 58 35 till
1643 1554 156 37 alldeles

208 1616 142 23 samma
378 1603 261 49 tjänstgöring
667 1617 79 23 som
775 1604 109 36 deras
912 1604 191 36 kamrater
1130 1607 48 46 på
1207 1604 187 37 ordinarie
1423 1610 85 41 stat,
1537 1606 206 36 betecknas
1763 1606 40 36 af

207 1654 454 37 stationsbefälhafvaren
689 1655 12 35 i
729 1655 237 36 Karlskrona
995 1659 126 32 såsom
1149 1656 232 48 förkastligt.
1438 1657 15 35 I
1482 1658 106 35 detta
1607 1657 192 37 uttalande

205 1705 222 36 instämmer
468 1706 225 36 kommittén
726 1706 57 36 till
812 1706 72 36 alla
913 1707 105 36 delar
1047 1707 72 36 och
1147 1720 122 34 anser,
1300 1714 54 29 att
1381 1708 64 36 vid
1474 1709 326 47 omorganisation

208 1757 39 35 af
273 1757 213 36 civilstaten
516 1758 142 36 antalet
678 1763 106 31 extra
803 1758 186 36 ordinarie
1011 1758 92 36 eller
1127 1759 85 35 med
1233 1758 129 49 dylika
1377 1759 246 48 jämnställda
1642 1760 157 48 tjänste-

206 1813 87 31 män
324 1808 265 50 ovillkorligen
618 1810 69 36 bör
714 1809 226 37 inskränkas
967 1809 57 36 till
1053 1810 64 36 det
1145 1810 137 36 minsta
1311 1810 166 49 möjliga.

309 1860 88 36 Med
438 1860 158 49 ledning
636 1862 41 35 af
715 1861 63 36 det
813 1861 84 36 utaf
928 1862 484 48 stationsmyndigheterna
1440 1862 229 45 beräknade,
1698 1862 102 36 förut

206 1912 228 36 omnämnda
462 1913 360 48 personalbehofvet
852 1913 70 35 och
949 1913 12 36 i
990 1913 398 36 öfverensstämmelse
1417 1914 85 36 med
1531 1914 114 36 ofvan
1665 1913 135 49 gjorda

205 1963 194 36 uttalande
441 1964 198 48 angående
681 1964 298 49 olämpligheten
1021 1964 42 36 af
1097 1969 55 31 att
1179 1965 60 35 för
1267 1965 187 36 ordinarie
1483 1965 116 36 behof
1626 1966 173 36 använda

206 2019 107 32 extra
355 2014 186 38 ordinarie
583 2016 228 47 tjänstemän
853 2016 68 35 har
962 2016 130 36 därför
1134 2016 225 36 kommittén
1398 2016 199 36 verkställt
1630 2030 47 23 en
1705 2030 93 34 nog-

205 2078 122 34 grann
369 2066 209 48 utredning
619 2067 159 35 rörande
820 2066 143 36 antalet
1000 2068 41 34 af
1075 2067 74 35 den
1188 2067 188 36 ordinarie
1405 2068 188 47 personal,
1623 2081 80 22 som
1730 2068 70 35 bör

204 2117 90 47 ingå
335 2117 11 35 i
388 2117 72 36 den
503 2118 40 35 af
582 2117 225 36 kommittén
852 2117 218 48 föreslagna
1104 2118 500 47 marinintendenturkåren,
1642 2118 157 36 hvilken

205 2167 121 49 enligt
355 2168 245 36 kommitténs
629 2169 97 36 åsikt
754 2169 68 35 bör
841 2174 141 31 ersätta
1003 2169 72 36 den
1096 2169 219 36 nuvarande
1335 2169 213 36 civilstaten
1568 2169 63 36 vid
1652 2169 145 36 flottan.

205 2219 73 36 Vid
306 2220 290 46 ifrågavarande
624 2220 206 47 utredning
859 2220 112 36 hafva
1000 2221 203 47 granskats
1223 2220 46 36 de
1290 2220 100 36 olika
1408 2221 390 47 tjänsteåligganden,

205 2270 130 37 hvilka
377 2271 81 36 dels
499 2271 152 37 tillhöra
688 2272 46 35 de
772 2271 102 37 olika
906 2285 221 35 grupperna
1156 2272 41 36 af
1222 2272 228 48 tjänstemän
1479 2272 62 36 vid
1572 2272 226 48 civilstaten,
