1874 2780
289 161 18 30 6
610 166 122 37 Tredje
746 167 246 36 lagutskottets
1011 170 178 33 utlåtande
1207 182 43 20 nr
1270 174 17 30 7
1305 174 40 30 år
1363 175 83 30 1963

289 260 391 35 trafiksäkerhetsrådet
709 265 190 38 föreslagit,
927 268 114 31 skulle
1070 270 131 31 erhålla
1229 271 134 39 verklig
1391 281 167 23 resonans
1587 275 10 29 i
1627 274 57 32 det
1712 275 60 30 all-

290 305 128 30 männa
444 307 342 34 rättsmedvetandet.
812 310 51 30 En
887 320 116 22 annan
1028 315 180 37 synpunkt
1231 325 75 21 som
1330 317 90 30 talar
1464 318 56 30 för
1543 320 51 29 att
1614 328 83 21 man
1721 329 47 21 nu

288 348 62 30 bör
376 350 154 30 undvika
553 361 95 23 mera
674 353 228 39 långtgående
925 356 160 40 åtgärder
1111 359 39 29 är
1176 360 50 29 att
1253 360 228 37 nyltobruket
1508 371 41 21 av
1576 364 193 36 sparkstöt-

289 393 117 38 tingen
425 395 64 29 och
507 395 147 31 sålunda
671 398 86 30 även
775 398 241 34 framförande
1034 411 42 21 av
1091 403 98 30 dessa
1207 404 44 37 på
1269 405 64 38 väg
1349 406 110 30 under
1476 407 140 31 mörker
1633 409 10 29 i
1662 409 106 29 fram-

290 437 93 31 tiden
406 439 97 31 torde
526 441 138 31 alltmer
685 443 141 31 komma
849 447 50 28 att
920 446 149 32 minska.
1091 448 266 38 Länsstyrelsen
1378 450 59 31 vill
1460 451 147 32 sålunda
1630 453 141 32 förorda

288 483 51 30 att
366 482 56 31 det
450 484 196 39 föreslagna
672 487 346 40 tilläggsstadgandet
1044 492 10 29 i
1080 493 428 40 vägtrafikförordningen
1534 497 173 32 utformas
1735 499 36 30 så

289 528 50 29 att
367 528 304 41 reflexanordning
697 533 125 31 endast
848 534 88 31 skall
962 544 83 22 vara
1072 537 227 37 obligatorisk
1325 539 55 30 för
1406 541 264 38 sparkstötting,
1696 551 74 22 som

288 571 110 31 under
413 573 140 31 mörker
569 575 185 32 framföres
769 578 20 30 å
804 579 74 37 väg.

331 616 423 36 Trafiksäkerhetsrådets
783 622 130 39 förslag
939 625 39 29 är
1004 625 111 31 under
1141 627 237 38 övervägande
1404 629 94 31 inom
1527 631 244 31 kommunika-

288 668 376 40 tionsdepartementet.

917 837 206 34 Motionerna

329 900 256 33 Motionärerna
610 902 114 30 finner
748 904 56 30 det
828 905 141 32 särskilt
991 906 260 38 betydelsefullt
1272 913 51 28 att
1345 913 214 36 sparkåkare
1581 916 153 37 skyddas
1757 918 10 30 i

287 953 162 36 trafiken,
471 955 85 30 enär
577 955 112 31 denna
710 964 112 31 grupp
844 958 52 30 till
919 960 72 29 stor
1011 960 53 31 del
1086 962 138 37 utgöres
1245 972 44 22 av
1307 964 88 32 barn
1414 967 65 29 och
1500 977 166 28 personer
1685 971 11 30 i
1717 980 50 21 re-

285 1007 98 31 lativt
405 1007 66 39 hög
493 1008 107 30 ålder.
623 1010 75 30 Med
721 1010 42 31 de
785 1012 202 31 nuvarande
1009 1014 268 39 trafikreglerna
1298 1018 40 30 är
1358 1019 119 32 risken
1498 1020 55 32 för
1574 1024 50 28 att
1646 1024 120 37 spark-

284 1059 105 31 åkare
408 1061 68 29 blir
494 1062 133 37 påkörd
648 1063 164 31 bakifrån
831 1065 161 39 påtaglig.
1012 1067 152 38 Olyckor
1182 1079 42 21 av
1243 1070 94 31 detta
1358 1072 72 39 slag
1449 1073 236 34 förekommer
1704 1078 62 30 tal-

285 1113 69 30 rikt
375 1115 63 29 och
460 1114 96 31 leder
576 1116 72 30 ofta
671 1117 51 30 till
746 1117 100 31 svåra
866 1121 267 38 personskador,
1154 1123 10 30 i
1185 1125 50 30 ett
1256 1124 116 32 flertal
1394 1126 62 31 fall
1475 1129 78 29 med
1576 1129 117 39 dödlig
1712 1134 53 28 ut-

282 1167 98 37 gång.
406 1167 118 38 Enligt
548 1170 278 31 motionärernas
851 1172 141 39 mening
1017 1183 100 28 synes
1142 1175 56 31 det
1222 1176 100 33 bästa
1347 1179 103 32 sättet
1474 1183 50 29 att
1548 1182 141 34 komma
1713 1185 52 29 till

282 1220 89 30 rätta
397 1221 76 29 med
501 1222 444 40 sparkstöttingolyckorna
971 1235 83 23 vara
1078 1229 50 30 att
1152 1230 243 36 sparkåkarna
1421 1235 111 29 under
1557 1238 204 29 nuvarande

282 1273 250 32 vänstertrafik
553 1275 118 32 färdas
690 1277 19 30 å
729 1277 128 38 vägens
877 1279 106 38 högra
1004 1281 85 31 sida.
1109 1282 126 32 Vidare
1254 1284 63 31 bör
1337 1287 252 40 sparkstötting
1608 1290 56 31 vid
1685 1291 77 31 färd

283 1327 10 29 i
309 1327 137 30 mörker
461 1328 148 31 framtill
627 1329 108 31 förses
751 1331 78 31 med
846 1332 114 38 lampa
975 1334 84 31 eller
1073 1336 130 38 kraftig
1219 1337 316 41 reflexanordning.

934 1533 167 33 Utskottet

322 1593 116 38 Enligt
459 1596 448 40 vägtrafikförordningens
928 1601 183 32 definition
1134 1605 38 29 är
1193 1606 254 39 sparkstötting
1467 1610 50 28 att
1534 1609 150 31 hänföra
1706 1610 53 30 till

277 1645 124 31 fordon
426 1648 65 30 och
517 1650 172 31 särskilda
714 1652 310 39 undantagsregler
1051 1656 55 30 för
1131 1657 108 31 trafik
1265 1660 78 30 med
1371 1661 254 40 sparkstötting
1650 1663 109 37 gäller

276 1699 85 31 icke.
387 1701 116 30 Härav
530 1702 105 38 följer
661 1706 49 29 att
737 1706 77 34 den,
842 1716 74 21 som
944 1707 149 33 framför
1120 1711 265 40 sparkstötting,
1411 1713 75 32 icke
1513 1715 56 30 får
1596 1716 160 31 använda

275 1753 182 38 gångbana
476 1755 84 30 eller
574 1757 191 37 cykelbana
783 1760 85 30 utan
884 1761 89 30 skall
989 1761 119 33 färdas
1127 1764 18 30 å
1164 1764 201 33 körbanans
1382 1767 143 31 vänstra
1547 1769 64 33 del.
1631 1769 126 38 Spark-

276 1807 143 37 stötting
441 1808 152 31 behöver
615 1810 74 31 icke
712 1820 83 22 vara
820 1812 140 32 försedd
983 1817 79 29 med
1085 1816 182 40 belysning
1291 1818 84 31 eller
1398 1820 358 41 reflexanordningar.

277 1859 11 29 I
309 1861 426 41 vägtrafikförordningen
752 1864 66 31 har
837 1867 190 31 emellertid
1050 1869 77 30 från
1147 1871 64 30 och
1231 1872 80 30 med
1330 1872 39 30 år
1391 1873 79 31 1961
1493 1874 128 32 införts
1640 1886 43 21 en
1706 1886 51 21 re-

277 1913 285 32 kommendation
588 1917 50 29 till
665 1918 75 35 den,
767 1927 74 22 som
866 1921 111 30 under
999 1922 140 31 mörker
1164 1923 65 31 kör
1252 1925 254 40 sparkstötting
1533 1928 45 38 på
1603 1930 66 38 väg
1695 1930 63 30 där

275 1966 326 34 tillfredsställande
626 1969 181 43 belysning
834 1973 139 38 saknas,
1001 1976 51 31 att
1077 1975 138 39 vidtaga
1241 1977 94 31 vissa
1362 1978 170 39 åtgärder,
1562 1982 115 31 såsom
1706 1985 50 28 att

272 2020 84 29 bära
379 2021 83 29 tänd
487 2021 96 37 lykta
606 2023 82 30 eller
711 2024 317 41 reflexanordning.

319 2073 258 33 Motionärerna
606 2085 101 23 anser
732 2079 51 29 att
808 2079 113 31 risker
949 2080 55 31 för
1031 2081 153 38 olyckor,
1213 2084 43 30 då
1286 2086 372 39 sparkstöttingförare
1688 2090 68 30 blir

273 2126 155 37 påkörda
454 2128 177 37 bakifrån,
658 2130 10 30 i
696 2131 57 30 det
780 2133 177 31 närmaste
985 2134 113 32 skulle
1125 2136 176 37 bortfalla,
1326 2148 56 21 om
1413 2140 341 41 sparkstöttingarna

273 2179 210 33 framfördes
509 2182 45 37 på
579 2183 125 38 vägens
730 2184 108 38 högra
863 2186 85 31 sida.
975 2187 126 32 Vidare
1128 2189 117 31 finner
1270 2191 260 34 motionärerna
1556 2197 51 31 att
1634 2197 121 37 spark-

273 2234 232 37 stöttingarna
523 2236 63 30 bör
603 2236 109 32 förses
732 2239 79 29 med
829 2239 182 39 belysning
1028 2242 82 30 eller
1129 2242 356 42 reflexanordningar.
1505 2248 13 29 I
1534 2249 219 31 motionerna

271 2286 200 32 hemställes
489 2289 119 30 därför
628 2299 54 21 om
705 2291 149 38 ändring
870 2292 10 30 i
899 2293 447 41 vägtrafikförordningens
1365 2298 263 35 bestämmelser
1648 2303 11 30 i
1680 2304 73 30 des-

271 2349 37 20 sa
336 2342 203 30 avseenden.

314 2393 115 38 Enligt
452 2395 190 31 utskottets
664 2397 141 39 mening
828 2399 39 29 är
890 2399 56 30 det
972 2400 178 39 angeläget
1174 2404 50 29 att
1249 2404 41 30 de
1313 2404 161 40 åtgärder
1496 2407 156 40 vidtages
1677 2420 74 20 som

269 2446 69 30 kan
360 2456 82 21 vara
462 2449 134 36 ägnade
620 2451 50 29 att
692 2450 187 39 förebygga
899 2452 142 37 olyckor
1061 2456 78 29 med
1162 2456 306 40 sparkstöttingar.
1491 2459 178 35 Utskottet
1690 2464 60 29 vill

270 2500 11 29 i
303 2500 92 31 detta
417 2502 255 40 sammanhang
692 2504 234 39 understryka
945 2507 119 30 vikten
1085 2518 41 20 av
1145 2511 52 30 att
1216 2510 87 31 både
1325 2511 114 32 förare
1459 2513 64 30 och
1544 2515 126 32 fordon
1690 2517 65 31 har
