2205 2727
727 228 253 40 Lag-Utskottets
1008 231 168 31 Utlåtande
1199 233 58 29 N:o
1280 235 50 28 38.
1760 237 35 27 15

368 309 116 31 Denna
517 309 175 40 bevillning
725 312 93 37 utgör
840 309 91 32 äfven
958 310 58 31 den
1042 311 112 39 grund,
1191 311 160 32 hvarefter
1378 312 396 42 kommunalutskylderna
1801 316 40 38 på

236 359 111 33 landet
383 362 84 39 utgå,
508 360 10 31 i
547 360 142 41 enlighet
727 361 72 32 med
831 361 37 32 de
902 364 147 29 närmare
1078 361 252 42 bestämmelser,
1359 374 68 21 som
1454 364 173 32 innefattas
1651 365 46 31 uti
1724 364 116 42 ifråga-

237 411 140 32 varande
400 414 29 38 $,
456 411 128 32 hvilken
611 415 36 28 är
673 412 33 31 af
727 412 139 42 följande
889 413 157 31 innehåll:

370 463 66 31 "De
459 463 10 31 i
492 466 74 29 näst
593 463 190 41 föregående
806 465 19 37 $
855 464 212 32 omförmälda
1095 464 112 41 bidärag
1234 465 100 40 skola,
1360 467 102 31 såsom
1479 466 361 43 kommunalutskylder,

236 517 130 37 utgöras
400 515 10 30 i
446 514 200 32 förhållande
669 515 49 31 till
741 515 167 39 särskilda,
934 516 38 31 de
997 515 230 42 skattskyldige
1251 517 81 31 efter
1356 518 240 31 nedanstående
1624 519 140 39 grunder
1787 521 56 39 på-

235 565 91 32 förda
349 565 127 41 fyrktal.

368 616 62 32 Till
466 616 298 42 beräkningsgrund
804 617 49 32 för
889 617 316 43 fyrktalssättningen
1233 619 103 42 tjenar
1365 619 60 32 den
1450 620 173 41 bevillning
1645 621 102 42 enligt
1770 622 67 32 Art.

234 669 31 30 I
300 668 10 31 i
344 667 350 42 Bevillningsstadgan,
729 680 67 21 som
830 669 38 32 de
896 669 242 42 skattskyldige,
1164 670 128 41 jemlikt
1318 674 126 28 senaste
1468 671 169 33 faststälda
1664 674 176 40 taxerings-

238 719 142 41 längder,
403 719 50 31 till
477 722 104 29 staten
606 720 138 40 erlägga,
769 720 136 33 sålunda
932 724 48 28 att

367 767 41 49 A)
443 770 49 31 för
520 770 338 42 jordbruksfastighet,
896 772 101 31 ehvad
1037 772 61 32 den
1137 775 36 29 är
1202 774 10 30 i
1240 774 120 31 mantal
1384 777 63 29 satt
1475 774 78 32 eller
1575 776 39 41 ej,
1647 776 127 41 påföres
1802 787 37 21 en

234 821 72 42 fyrk
329 820 50 32 för
406 820 176 42 bevillning
609 822 47 31 till
684 822 117 42 belopp
829 822 34 32 af
889 826 14 28 1
929 823 49 32 till
1001 823 59 32 och
1084 824 72 32 med
1180 827 17 29 5
1223 827 70 38 öre;
1321 826 53 31 två
1397 825 110 42 fyrkar
1533 826 49 31 för
1605 826 172 42 bevillning
1791 830 50 29 ut-

235 872 87 32 öfver
356 874 17 29 5
402 872 49 31 till
492 873 60 31 och
594 873 70 32 med
690 876 38 29 10
756 877 69 37 öre;
853 879 49 27 tre
926 874 110 42 fyrkar
1062 874 50 33 för
1138 875 173 41 bevillning
1333 876 126 32 utöfver
1489 879 36 29 10
1547 878 49 31 till
1624 879 59 31 och
1707 879 71 31 med
1805 882 35 28 15

236 927 53 28 öre
313 934 28 21 0.
371 934 24 20 S.
420 934 28 21 Vv.
474 927 82 28 samt

368 974 40 43 B)
438 974 51 32 för
511 985 104 21 annan
646 975 161 40 fastighet,
838 975 191 33 frälseränta
1053 977 60 32 och
1141 977 108 42 hvarje
1272 981 102 29 annat
1397 978 362 42 beskattningsföremål
1786 983 55 39 på-

235 1025 87 31 föres
346 1036 38 20 en
408 1026 70 41 fyrk
502 1026 51 31 för
580 1026 173 41 bevillning
779 1027 50 31 till
853 1027 115 41 belopp
996 1027 34 32 af
1053 1031 13 28 1
1093 1028 49 31 till
1165 1029 59 31 och
1249 1029 72 31 med
1350 1031 38 30 10
1411 1033 72 36 öre;
1506 1032 54 30 två
1586 1031 110 42 fyrkar
1718 1032 52 32 för
1788 1032 52 32 be-

237 1076 136 41 villning
395 1077 125 31 utöfver
545 1079 37 29 10
610 1077 48 31 till
682 1078 60 31 och
766 1078 71 31 med
860 1080 39 30 20
923 1081 68 37 öre;
1014 1081 48 29 tre
1085 1079 110 42 fyrkar
1219 1079 51 32 för
1293 1080 174 41 bevillning
1493 1082 125 32 utöfver
1644 1085 40 30 20
1706 1084 49 31 till
1780 1084 61 31 och

235 1127 72 32 med
335 1129 39 30 30
397 1130 53 30 öre
474 1139 29 21 0.
528 1139 24 20 8:
577 1139 29 23 V.

369 1179 64 31 För
455 1179 100 32 sådan
575 1179 340 42 jordbruksfastighet,
945 1180 49 32 för
1016 1181 129 32 hvilken
1175 1181 173 41 bevillning
1370 1183 27 41 ej
1426 1183 153 41 erlägges,
1608 1185 127 41 påföres
1757 1186 85 42 fyrk-

238 1230 43 31 tal
315 1230 81 31 efter
433 1230 54 32 det
521 1230 128 42 belopp,
692 1242 78 28 som,
806 1232 106 31 derest
940 1231 174 42 bevillning
1137 1233 52 31 för
1216 1233 185 32 densamma
1424 1234 99 41 enligt
1546 1236 66 31 Art.
1641 1237 30 31 II
1694 1238 10 30 i
1727 1237 114 32 Bevill-

236 1281 230 40 ningsstadgan
495 1283 76 39 utgå
598 1282 113 39 skulle,
736 1285 42 38 på
800 1283 102 40 grund
925 1284 31 30 af
978 1284 280 40 taxeringsvärdet
1286 1288 84 28 emot
1392 1285 97 32 sådan
1515 1286 172 42 bevillning
1717 1298 127 30 svarar;

238 1333 166 31 hvaremot
426 1333 140 31 inkomst
593 1334 35 31 af
647 1334 136 31 arrende
805 1334 35 32 af
860 1334 99 32 sådan
983 1335 153 40 fastighet
1159 1336 26 41 ej
1210 1336 81 31 skall
1315 1337 9 30 i
1348 1336 116 42 fyrktal
1488 1341 109 28 sättas.

370 1384 14 30 I
421 1384 88 40 fråga
546 1396 50 20 om
620 1385 178 40 löntagare,
827 1396 69 21 som
920 1386 103 31 tillika
1046 1386 137 32 innehar
1210 1387 147 39 boställe,
1383 1388 80 31 skall
1487 1388 213 42 bevillningen
1724 1391 50 31 för
1796 1392 47 30 in-

236 1434 106 32 komst
369 1434 71 32 från
468 1435 160 40 bostället,
655 1436 122 32 hvilket
800 1436 99 41 enligt
925 1437 92 31 ofvan
1042 1437 154 41 stadgade
1225 1439 141 39 grunder
1388 1439 152 32 särskildt
1567 1441 48 30 till
1639 1441 115 42 fyrktal
1779 1446 64 28 sät-

237 1489 49 28 tas
309 1485 68 39 bör,
401 1486 69 31 icke
494 1487 50 30 vid
568 1487 257 41 fyrksättningen
854 1488 50 31 för
931 1488 59 31 den
1020 1488 100 41 öfriga
1143 1489 95 31 lönen
1261 1490 11 30 i
1301 1490 174 40 beräkning
1501 1495 100 36 tagas.

372 1536 89 33 Inom
486 1537 38 31 de
550 1538 88 31 delar
664 1538 34 31 af
721 1538 94 32 Stora
837 1539 225 40 Kopparbergs
1090 1540 65 38 län,
1180 1539 56 32 der
1258 1540 355 43 kommunalutskylder
1640 1543 116 32 hittills
1772 1543 72 32 blif-

238 1588 45 31 vit
319 1587 81 32 efter
436 1588 94 32 andel
564 1589 10 31 i
610 1589 173 32 soldatrote
813 1590 182 32 debiterade
1030 1591 58 31 och
1117 1591 180 41 uppburne,
1326 1593 99 39 gäller
1449 1593 81 32 hvad
1559 1594 109 32 derom
1692 1595 152 32 särskildt

237 1638 158 41 stadgas".

370 1690 105 32 Häraf
507 1690 141 41 framgår
685 1694 57 36 att,
781 1691 102 32 under
918 1691 54 33 det
1004 1692 326 42 jordbruksfastighet
1356 1693 116 42 drager
1494 1705 39 21 en
1560 1695 87 41 lägre
1670 1695 175 43 bevilining

239 1740 49 32 till
324 1744 104 28 staten
462 1745 40 27 än
544 1752 104 21 annan
684 1742 162 41 fastighet,
875 1744 34 31 så
944 1745 118 30 åsättes
1102 1744 72 38 den,
1210 1745 10 31 i
1248 1745 90 40 fråga
1361 1756 51 21 om
1436 1745 112 41 bidrag
1573 1747 47 31 till
1644 1747 200 33 kommunal-

239 1791 175 41 utskylder,
439 1796 46 28 ett
507 1794 10 30 i
540 1793 201 31 förhållande
769 1794 47 31 till
839 1794 230 40 bevillningens
1095 1795 115 41 belopp
1235 1795 131 32 dubbelt
1381 1798 35 30 så
1429 1799 81 29 stort
1525 1797 117 41 fyrktal
1655 1809 66 21 som
1739 1799 106 42 hvarje

242 1847 99 27 annat
365 1842 367 42 beskattningsföremål.
779 1845 67 31 Och
875 1849 78 28 enär
979 1845 114 40 Kongl.
1119 1846 98 41 Maj:t,
1243 1847 49 31 för
1315 1850 46 28 att
1384 1848 200 42 undanrödja
1607 1849 79 32 först
1708 1850 138 32 berörda

241 1894 162 41 ojemnhet
424 1895 10 30 i
458 1895 248 41 beskattningen
730 1896 48 31 till
801 1899 115 36 staten,
941 1896 10 32 i
975 1897 229 41 sammanhang
1232 1897 70 32 med
1330 1898 187 41 ifrågasatta
1540 1900 176 40 lindringar
1739 1902 106 31 irust-

241 1946 107 39 nings-
384 1946 60 31 och
481 1946 304 40 roteringsbesväret
807 1951 82 28 samt
916 1947 190 41 afskrifning
1129 1948 70 31 utaf
1225 1959 37 21 en
1291 1949 51 31 del
1369 1950 34 31 af
1423 1950 230 41 grundräntan,
1680 1952 47 31 uti
1751 1953 95 40 nådig

241 1997 199 40 proposition
478 1998 163 40 föreslagit
674 1997 180 42 Riksdagen
884 2002 56 36 att,
968 1999 50 31 vid
1042 2000 156 39 åtagande
1223 2000 33 31 af
1281 2000 118 32 allmän
1422 2001 173 41 bevillning
1618 2003 48 31 för
1689 2004 35 30 år
1754 2006 90 36 1878,

242 2049 97 29 mätte
375 2048 141 40 stadgas,
541 2051 48 29 att
622 2048 51 32 för
712 2049 42 31 all
784 2050 85 32 inom
893 2049 83 32 riket
999 2050 130 40 belägen
1155 2050 62 32 fast
1244 2052 165 39 egendom,
1440 2053 70 31 med
1533 2054 81 30 vissa
1639 2054 207 41 uppräknade

242 2098 173 40 undantag,
451 2098 78 32 skall
573 2099 143 41 erläggas
751 2100 66 32 lika
840 2101 171 40 bevillning
1045 2101 80 32 efter
1161 2102 249 41 fastigheternas
1438 2104 212 41 uppskattade
1674 2106 114 46 värde
1778 2102 14 54 ;
1812 2108 34 30 så

242 2149 106 39 hafva,
373 2150 47 30 till
445 2150 285 32 åstadkommande
754 2152 34 31 af
808 2152 101 31 likhet
928 2152 91 32 äfven
1044 2152 198 33 beträffande
1267 2153 365 43 kommunalutskylders
1656 2157 188 39 utgörande,

244 2200 121 31 Herrar
400 2201 40 31 N.
483 2201 34 31 SS.
557 2213 59 20 von
639 2202 93 31 Koch
759 2203 10 30 i
803 2204 113 31 Första
944 2203 58 31 och
1031 2202 58 33 Ola
1113 2203 194 33 Andersson
1331 2205 10 31 i
1363 2206 107 31 Andra
1493 2207 192 31 Kammaren
1709 2209 47 30 uti
1780 2212 65 27 sär-

248 2251 114 38 skilda,
388 2252 48 30 till
464 2252 248 40 Lag-Utskottet
734 2254 203 32 remitterade
963 2255 157 31 motioner
1144 2256 79 42 (N:is
1251 2258 38 30 26
1313 2257 60 31 och
1404 2256 71 45 119)
1501 2257 163 32 hemstält:

378 2303 88 31 IHerr
503 2314 58 21 von
605 2304 112 31 Koch:
755 2309 65 27 "att
855 2305 180 40 Riksdagen
1058 2305 49 32 för
1135 2307 47 30 sin
1211 2307 49 30 del
1285 2306 151 40 beslutar,
1466 2311 48 29 att
1535 2309 230 40 förordningen
1794 2321 52 21 om
