1906 2844
567 157 253 32 Statsutskottets
842 157 169 32 utlåtande
1034 157 52 32 Nr
1110 161 74 28 114.
1600 157 20 32 5

127 247 74 21 som
226 242 155 26 närmare
405 236 110 33 anslöt
539 237 51 41 sig
613 237 50 32 till
687 237 128 41 Kungl.
841 238 115 40 Maj:ts
981 238 135 41 förslag,
1142 238 87 32 dock
1249 238 77 32 med
1343 238 219 41 upptagande
1579 249 43 21 av

127 290 92 32 vissa
242 301 42 21 av
308 290 41 32 de
373 290 188 41 erinringar
585 294 71 28 mot
680 291 170 41 förslaget,
876 302 71 21 som
974 291 364 40 utskottsmajoriteten
1361 291 192 32 framställt.

172 344 120 31 Första
326 344 202 32 kammaren
562 344 97 32 biföll
694 344 79 32 med
805 345 69 32 viss
905 344 147 42 ändring
1075 345 66 32 vad
1166 345 248 31 statsutskottet
1438 344 181 32 hemställt.

127 397 118 32 Andra
279 398 201 32 kammaren
515 398 117 42 avslog
667 398 94 33 såväl
797 399 179 31 utskottets
1011 398 201 32 hemställan
1247 409 72 21 som
1353 398 128 42 Kungl.
1507 399 115 40 Maj:ts

127 451 221 41 proposition.
385 451 53 32 Då
462 452 97 32 dessa
583 452 197 41 skiljaktiga
803 452 112 32 beslut
938 452 73 32 icke
1032 452 114 32 kunde
1163 452 293 41 sammanjämkas
1474 452 77 32 eller
1568 463 54 21 av-

126 509 100 37 göras
255 516 122 30 genom
401 516 199 30 gemensam
624 505 222 42 omröstning,
872 506 88 32 hade
984 505 97 32 alltså
1105 505 427 42 omorganisationsfrågan
1557 506 63 31 för-

126 558 88 32 fallit
237 560 54 31 för
316 560 84 31 1932
425 561 54 30 års
503 559 146 42 riksdag.

172 602 48 42 År
246 614 83 30 1933
354 615 219 39 återupptogs
597 614 123 40 frågan
744 613 70 32 dels
839 614 10 31 i
873 624 43 22 en
940 613 51 32 till
1015 613 126 42 Kungl.
1168 614 99 40 Maj:t
1286 613 139 42 ingiven
1443 613 179 32 framställ-

126 666 86 41 ning
243 667 76 31 från
353 666 196 33 karolinska
582 667 187 32 institutets
799 667 274 41 lärarkollegium
1102 678 55 20 om
1182 667 211 32 omedelbart
1416 667 206 41 vidtagande

126 731 43 21 av
194 720 156 41 åtgärder
372 721 55 31 för
451 720 189 33 ordnandet
663 731 43 21 av
730 720 491 42 sjukgymnastutbildningen,
1247 720 70 32 dels
1341 721 10 31 i
1369 731 42 21 en
1427 720 51 32 till
1494 720 126 41 Kungl.

127 773 99 41 Maj:t
260 774 139 41 ingiven
435 774 161 32 skrivelse
631 775 78 31 från
745 774 312 32 centralinstitutets
1089 774 169 32 direktion
1292 785 56 21 om
1382 774 155 42 åtgärder
1568 775 55 30 för

127 827 169 32 ernående
319 838 42 22 av
386 828 92 32 vissa
501 828 184 41 ändringar
708 828 10 31 i
742 828 185 32 institutets
952 828 127 41 stadga,
1104 828 168 32 avseende
1296 839 41 21 en
1354 839 94 21 mera
1464 827 159 42 tidsenlig

126 881 194 41 anordning
343 892 43 21 av
410 881 292 42 undervisningen
726 882 182 32 därstädes.

171 934 16 32 I
222 934 187 42 anledning
444 946 42 21 av
522 935 96 32 dessa
651 935 295 42 framställningar
978 935 192 33 anbefallde
1204 935 128 42 Kungl.
1367 935 99 41 Maj:t
1490 935 65 32 den
1579 936 40 31 27

126 988 142 32 oktober
293 989 84 31 1933
411 989 212 32 direktionen
657 993 80 28 över
765 989 236 41 gymnastiska
1029 989 294 32 centralinstitutet
1346 992 50 28 att
1418 989 51 31 till
1493 988 127 41 Kungl.

127 1042 98 40 Maj:t
248 1042 178 32 inkomma
450 1043 78 31 med
551 1042 129 42 förslag
702 1042 52 32 till
777 1043 288 41 omorganisation
1089 1053 42 22 av
1156 1043 66 32 den
1245 1042 297 42 gymnastiklärar-
1559 1043 63 31 och

126 1096 450 41 sjukgymnastutbildning,
602 1107 74 21 som
700 1097 54 31 för
777 1096 212 33 närvarande
1012 1096 162 33 bedreves
1198 1096 59 33 vid
1280 1096 179 32 institutet.
1507 1096 117 41 Enligt

126 1149 176 42 samtidigt
334 1149 201 33 meddelade
567 1150 146 32 direktiv
746 1150 102 32 borde
881 1150 93 32 detta
1005 1150 127 41 förslag
1165 1152 82 39 utgå
1275 1151 74 30 från
1377 1153 48 29 att
1450 1150 173 32 undervis-

125 1203 130 41 ningen
279 1203 57 33 vid
360 1203 168 33 institutet
552 1203 253 42 organiserades
829 1205 44 40 på
896 1205 59 31 två
977 1203 110 41 linjer,
1112 1215 42 20 en
1178 1205 54 30 för
1255 1203 197 42 utbildning
1473 1214 42 21 av
1532 1203 90 41 sjuk-

125 1260 207 38 gymnaster,
362 1257 134 41 förlagd
520 1257 51 32 till
594 1257 352 39 serafimerlasarettet,
972 1257 59 32 där
1054 1268 42 21 en
1120 1257 180 41 poliklinik
1324 1258 54 31 för
1402 1257 220 41 sjukgymna-

126 1310 68 32 stik
222 1310 103 32 borde
354 1311 180 39 anordnas,
560 1312 63 31 och
647 1322 42 21 en
713 1312 54 31 för
790 1311 196 41 utbildning
1009 1322 42 21 av
1074 1311 314 41 gymnastiklärare,
1414 1311 133 41 förlagd
1571 1310 52 32 till

125 1365 235 40 gymnastiska
393 1364 307 39 centralinstitutet,
735 1368 48 29 att
815 1364 307 42 utbildningstiden
1156 1366 19 30 å
1208 1364 141 33 vardera
1378 1365 108 40 linjen
1514 1364 108 32 skulle

125 1429 83 22 vara
231 1419 99 41 högst
353 1419 133 41 tvåårig
510 1422 88 29 samt
620 1422 49 29 att
693 1419 66 31 den
783 1419 248 41 undervisning
1053 1419 10 31 i
1088 1419 212 32 medicinska
1323 1424 136 33 ämnen,
1480 1429 72 22 som
1569 1419 54 31 för

125 1472 143 32 vardera
299 1472 107 40 linjen
436 1483 79 21 vore
544 1472 207 41 erforderlig,
777 1472 108 32 skulle
909 1483 43 22 av
976 1472 204 32 medicinskt
1203 1472 174 32 utbildade
1402 1472 106 32 lärare
1532 1472 90 31 med-

125 1525 94 32 delas
243 1525 57 32 vid
324 1525 197 32 karolinska
543 1526 169 31 institutet
728 1526 63 31 och
808 1526 57 32 vid
883 1525 351 32 serafimerlasarettet.
1275 1525 222 32 Direktionen
1514 1525 108 32 skulle

125 1579 59 32 vid
218 1579 111 31 denna
362 1579 185 41 utredning
579 1579 159 32 samråda
769 1579 78 32 med
875 1579 194 32 karolinska
1092 1579 185 32 institutets
1301 1577 284 43 lärarkollegium,
1611 1579 10 30 i

125 1632 65 33 vad
229 1634 123 40 avsåge
387 1632 248 42 undervisning
669 1633 11 31 i
716 1633 160 39 anatomi,
913 1633 169 41 fysiologi,
1112 1632 150 42 patologi
1286 1632 63 32 och
1372 1632 137 41 hygien,
1534 1635 88 29 samt

125 1686 80 32 med
229 1686 212 32 direktionen
465 1691 79 28 över
568 1686 351 39 serafimerlasarettet,
952 1686 3 31 i
979 1686 65 32 vad
1069 1688 123 39 avsåge
1216 1686 317 41 undervisningen
1521 1682 22 50 i
1555 1691 67 26 äm-

124 1751 91 20 nena
238 1740 278 41 sjukgymnastik
541 1740 62 32 och
628 1740 260 40 sjukdomslära.

171 1793 78 32 Med
275 1793 160 32 skrivelse
460 1793 65 32 den
551 1795 41 30 30
615 1793 186 32 november
826 1795 84 30 1933
937 1793 239 32 överlämnade
1201 1793 211 31 direktionen
1434 1798 79 27 över
1529 1804 92 30 gym-

125 1847 152 31 nastiska
301 1847 296 31 centralinstitutet
621 1847 214 32 betänkande
859 1847 64 32 och
947 1847 127 40 förslag
1097 1847 10 30 i
1132 1849 125 29 ämnet.

170 1953 14 31 I
222 1953 75 41 kap.
337 1955 15 29 1
389 1951 73 42 (sid.
496 1955 126 30 14—17
649 1953 10 31 i
685 1951 376 43 statsrådsprotokollet)
1085 1953 63 31 har
1172 1952 375 41 departementschefen
1573 1952 51 31 till

124 2017 41 21 en
203 2006 120 40 början
360 2007 172 40 redogjort
567 2007 53 31 för
653 2006 41 32 de
722 2007 166 31 allmänna
912 2007 206 40 synpunkter,
1145 2017 73 20 som
1246 2006 89 39 legat
1359 2005 49 31 till
1433 2005 110 41 grund
1568 2006 54 31 för

125 2059 231 32 direktionens
380 2059 139 41 förslag,
545 2063 87 28 samt
657 2060 147 31 därefter
826 2060 53 31 för
903 2070 82 30 egen
1011 2059 53 31 del
1088 2060 115 30 anfört
1231 2059 166 40 följande:

175 2113 136 31 »Såsom
337 2123 41 22 av
405 2113 55 31 det
485 2113 239 40 efterföljande
749 2113 92 32 torde
862 2114 143 39 framgå,
1023 2113 88 31 hava
1128 2113 141 32 flertalet
1286 2123 42 21 av
1346 2113 41 31 de
1404 2112 106 32 hörda
1528 2123 93 30 myn-

125 2166 198 41 digheterna
347 2167 72 30 icke
444 2167 75 30 haft
544 2168 104 39 några
672 2177 93 20 mera
789 2166 188 40 väsentliga
1001 2166 209 41 principiella
1235 2166 187 40 erinringar
1439 2169 47 28 att
1503 2167 119 30 anföra

124 2223 91 29 emot
248 2219 40 31 de
322 2219 174 32 allmänna
529 2219 167 40 riktlinjer
729 2220 52 30 för
814 2220 64 30 den
904 2219 178 41 planerade
1107 2219 331 41 omorganisationen
1463 2230 42 20 av
1529 2230 92 29 gym-

124 2273 151 30 nastiska
312 2273 304 37 centralinstitutet,
651 2283 74 20 som
759 2273 211 31 direktionen
999 2272 179 32 utvecklat.
1228 2265 94 39 Även
1347 2273 59 39 jag
1431 2283 96 20 anser
1551 2272 71 40 mig

124 2326 118 30 kunna
278 2325 7 30 i
323 2325 131 40 princip
492 2325 133 31 ansluta
658 2326 71 38 mig
760 2325 47 31 till
840 2325 97 31 dessa
961 2325 171 31 allmänna
1156 2325 158 39 grunder,
1340 2325 94 31 vilka
1458 2325 8 31 1
1492 2325 129 31 huvud-

123 2378 60 31 sak
220 2381 289 29 överensstämma
533 2379 77 30 med
636 2378 40 31 de
701 2379 154 36 direktiv,
881 2389 72 20 som
979 2378 85 31 varit
1088 2379 53 30 för
1165 2378 211 31 direktionen
1401 2378 218 40 vägledande.

123 2432 65 39 Jag
222 2430 57 32 vill
318 2431 192 37 framhålla,
545 2434 47 28 att
625 2430 160 42 förslaget
818 2431 7 30 i
862 2431 74 31 sina
968 2431 196 40 grunddrag
1197 2431 93 31 torde
1324 2433 50 29 stå
1408 2431 9 30 i
1447 2431 65 39 god
1537 2442 84 20 sam”

127 2484 106 40 klang
266 2484 76 31 med
377 2484 64 31 den
476 2484 231 41 uppfattning,
742 2485 52 30 för
828 2484 110 31 vilken
965 2484 177 40 riksdagen
1169 2485 90 40 gjort
1283 2484 51 40 sig
1358 2484 47 31 till
1433 2484 78 31 tolk.
1559 2485 64 40 Jag
