<?xml version="1.0" encoding="UTF-8"?>
<alto xmlns="http://www.loc.gov/standards/alto/ns-v3#" xmlns:xlink="http://www.w3.org/1999/xlink" xmlns:xsi="http://www.w3.org/2001/XMLSchema-instance" xsi:schemaLocation="http://www.loc.gov/standards/alto/ns-v3# http://www.loc.gov/alto/v3/alto-3-0.xsd">
	<Description>
		<MeasurementUnit>pixel</MeasurementUnit>
		<sourceImageInformation>
			<fileName>/tmp/tess_zvtjpnt1_input.PNG</fileName>
		</sourceImageInformation>
		<OCRProcessing ID="OCR_0">
			<ocrProcessingStep>
				<processingSoftware>
					<softwareName>tesseract 5.3.0</softwareName>
				</processingSoftware>
			</ocrProcessingStep>
		</OCRProcessing>
	</Description>
	<Layout>
		<Page WIDTH="1902" HEIGHT="2856" PHYSICAL_IMG_NR="0" ID="page_0">
			<PrintSpace HPOS="0" VPOS="0" WIDTH="1902" HEIGHT="2856">
				<ComposedBlock ID="cblock_0" HPOS="557" VPOS="159" WIDTH="1027" HEIGHT="41">
					<TextBlock ID="block_0" HPOS="557" VPOS="159" WIDTH="1027" HEIGHT="41">
						<TextLine ID="line_0" HPOS="557" VPOS="159" WIDTH="1027" HEIGHT="41">
							<String ID="string_0" HPOS="557" VPOS="170" WIDTH="264" HEIGHT="30" WC="0.91" CONTENT="Bankoutskottets"/><SP WIDTH="27" VPOS="170" HPOS="821"/>
							<String ID="string_1" HPOS="848" VPOS="167" WIDTH="156" HEIGHT="27" WC="0.95" CONTENT="utlåtande"/><SP WIDTH="25" VPOS="167" HPOS="1004"/>
							<String ID="string_2" HPOS="1029" VPOS="166" WIDTH="45" HEIGHT="26" WC="0.95" CONTENT="Nr"/><SP WIDTH="26" VPOS="166" HPOS="1074"/>
							<String ID="string_3" HPOS="1100" VPOS="165" WIDTH="42" HEIGHT="27" WC="0.96" CONTENT="14."/><SP WIDTH="405" VPOS="165" HPOS="1142"/>
							<String ID="string_4" HPOS="1547" VPOS="159" WIDTH="37" HEIGHT="29" WC="0.96" CONTENT="21"/>
						</TextLine>
					</TextBlock>
				</ComposedBlock>
				<ComposedBlock ID="cblock_1" HPOS="1372" VPOS="242" WIDTH="173" HEIGHT="35">
					<TextBlock ID="block_1" HPOS="1372" VPOS="242" WIDTH="173" HEIGHT="35">
						<TextLine ID="line_1" HPOS="1372" VPOS="242" WIDTH="173" HEIGHT="35">
							<String ID="string_5" HPOS="1372" VPOS="243" WIDTH="113" HEIGHT="34" WC="0.93" CONTENT="Bilaga"/><SP WIDTH="25" VPOS="243" HPOS="1485"/>
							<String ID="string_6" HPOS="1510" VPOS="242" WIDTH="35" HEIGHT="28" WC="0.92" CONTENT="E."/>
						</TextLine>
					</TextBlock>
				</ComposedBlock>
				<ComposedBlock ID="cblock_2" HPOS="101" VPOS="337" WIDTH="1488" HEIGHT="457">
					<TextBlock ID="block_2" HPOS="101" VPOS="337" WIDTH="1488" HEIGHT="457">
						<TextLine ID="line_2" HPOS="892" VPOS="337" WIDTH="696" HEIGHT="45">
							<String ID="string_7" HPOS="892" VPOS="344" WIDTH="125" HEIGHT="38" WC="0.96" CONTENT="Utdrag"/><SP WIDTH="25" VPOS="344" HPOS="1017"/>
							<String ID="string_8" HPOS="1042" VPOS="352" WIDTH="42" HEIGHT="20" WC="0.96" CONTENT="av"/><SP WIDTH="26" VPOS="352" HPOS="1084"/>
							<String ID="string_9" HPOS="1110" VPOS="340" WIDTH="169" HEIGHT="42" WC="0.95" CONTENT="protokoll"/><SP WIDTH="25" VPOS="340" HPOS="1279"/>
							<String ID="string_10" HPOS="1304" VPOS="339" WIDTH="56" HEIGHT="30" WC="0.95" CONTENT="vid"/><SP WIDTH="18" VPOS="339" HPOS="1360"/>
							<String ID="string_11" HPOS="1378" VPOS="339" WIDTH="118" HEIGHT="30" WC="0.93" CONTENT="herrar"/><SP WIDTH="17" VPOS="339" HPOS="1496"/>
							<String ID="string_12" HPOS="1513" VPOS="337" WIDTH="75" HEIGHT="31" WC="0.91" CONTENT="full-"/>
						</TextLine>
						<TextLine ID="line_3" HPOS="848" VPOS="385" WIDTH="741" HEIGHT="43">
							<String ID="string_13" HPOS="848" VPOS="388" WIDTH="165" HEIGHT="40" WC="0.89" CONTENT="mäktiges"/><SP WIDTH="26" VPOS="388" HPOS="1013"/>
							<String ID="string_14" HPOS="1039" VPOS="387" WIDTH="8" HEIGHT="30" WC="0.93" CONTENT="i"/><SP WIDTH="20" VPOS="387" HPOS="1047"/>
							<String ID="string_15" HPOS="1067" VPOS="385" WIDTH="332" HEIGHT="41" WC="0.92" CONTENT="riksgäldskontoret"/><SP WIDTH="17" VPOS="385" HPOS="1399"/>
							<String ID="string_16" HPOS="1416" VPOS="392" WIDTH="173" HEIGHT="22" WC="0.89" CONTENT="samman-"/>
						</TextLine>
						<TextLine ID="line_4" HPOS="846" VPOS="429" WIDTH="611" HEIGHT="42">
							<String ID="string_17" HPOS="846" VPOS="435" WIDTH="115" HEIGHT="30" WC="0.96" CONTENT="komst"/><SP WIDTH="26" VPOS="435" HPOS="961"/>
							<String ID="string_18" HPOS="987" VPOS="433" WIDTH="64" HEIGHT="30" WC="0.96" CONTENT="den"/><SP WIDTH="28" VPOS="433" HPOS="1051"/>
							<String ID="string_19" HPOS="1079" VPOS="433" WIDTH="40" HEIGHT="29" WC="0.96" CONTENT="25"/><SP WIDTH="26" VPOS="433" HPOS="1119"/>
							<String ID="string_20" HPOS="1145" VPOS="430" WIDTH="192" HEIGHT="41" WC="0.96" CONTENT="september"/><SP WIDTH="27" VPOS="430" HPOS="1337"/>
							<String ID="string_21" HPOS="1364" VPOS="429" WIDTH="93" HEIGHT="30" WC="0.95" CONTENT="1930."/>
						</TextLine>
						<TextLine ID="line_5" HPOS="101" VPOS="485" WIDTH="235" HEIGHT="32">
							<String ID="string_22" HPOS="101" VPOS="485" WIDTH="219" HEIGHT="32" WC="0.83" CONTENT="Närvarande"/><SP WIDTH="8" VPOS="485" HPOS="320"/>
							<String ID="string_23" HPOS="328" VPOS="495" WIDTH="8" HEIGHT="20" WC="0.83" CONTENT=":"/>
						</TextLine>
						<TextLine ID="line_6" HPOS="144" VPOS="535" WIDTH="595" HEIGHT="38">
							<String ID="string_24" HPOS="144" VPOS="539" WIDTH="242" HEIGHT="32" WC="0.96" CONTENT="Ordföranden"/><SP WIDTH="26" VPOS="539" HPOS="386"/>
							<String ID="string_25" HPOS="412" VPOS="538" WIDTH="78" HEIGHT="30" WC="0.96" CONTENT="herr"/><SP WIDTH="26" VPOS="538" HPOS="490"/>
							<String ID="string_26" HPOS="516" VPOS="535" WIDTH="223" HEIGHT="38" WC="0.96" CONTENT="Hildebrand,"/>
						</TextLine>
						<TextLine ID="line_7" HPOS="145" VPOS="580" WIDTH="567" HEIGHT="36">
							<String ID="string_27" HPOS="145" VPOS="585" WIDTH="71" HEIGHT="31" WC="0.96" CONTENT="vice"/><SP WIDTH="25" VPOS="585" HPOS="216"/>
							<String ID="string_28" HPOS="241" VPOS="584" WIDTH="233" HEIGHT="31" WC="0.96" CONTENT="ordföranden"/><SP WIDTH="27" VPOS="584" HPOS="474"/>
							<String ID="string_29" HPOS="501" VPOS="582" WIDTH="77" HEIGHT="31" WC="0.93" CONTENT="herr"/><SP WIDTH="26" VPOS="582" HPOS="578"/>
							<String ID="string_30" HPOS="604" VPOS="580" WIDTH="108" HEIGHT="34" WC="0.90" CONTENT="Kobb,"/>
						</TextLine>
						<TextLine ID="line_8" HPOS="146" VPOS="629" WIDTH="278" HEIGHT="33">
							<String ID="string_31" HPOS="146" VPOS="630" WIDTH="117" HEIGHT="31" WC="0.96" CONTENT="herrar"/><SP WIDTH="24" VPOS="630" HPOS="263"/>
							<String ID="string_32" HPOS="287" VPOS="629" WIDTH="137" HEIGHT="33" WC="0.96" CONTENT="Tamm,"/>
						</TextLine>
						<TextLine ID="line_9" HPOS="288" VPOS="673" WIDTH="253" HEIGHT="35">
							<String ID="string_33" HPOS="288" VPOS="675" WIDTH="35" HEIGHT="29" WC="0.88" CONTENT="A."/><SP WIDTH="26" VPOS="675" HPOS="323"/>
							<String ID="string_34" HPOS="349" VPOS="673" WIDTH="192" HEIGHT="35" WC="0.95" CONTENT="Anderson,"/>
						</TextLine>
						<TextLine ID="line_10" HPOS="291" VPOS="717" WIDTH="253" HEIGHT="32">
							<String ID="string_35" HPOS="291" VPOS="720" WIDTH="162" HEIGHT="29" WC="0.96" CONTENT="Hansson"/><SP WIDTH="26" VPOS="720" HPOS="453"/>
							<String ID="string_36" HPOS="479" VPOS="717" WIDTH="65" HEIGHT="31" WC="0.96" CONTENT="och"/>
						</TextLine>
						<TextLine ID="line_11" HPOS="288" VPOS="763" WIDTH="271" HEIGHT="31">
							<String ID="string_37" HPOS="288" VPOS="764" WIDTH="37" HEIGHT="30" WC="0.91" CONTENT="G."/><SP WIDTH="26" VPOS="764" HPOS="325"/>
							<String ID="string_38" HPOS="351" VPOS="763" WIDTH="208" HEIGHT="31" WC="0.96" CONTENT="Andersson."/>
						</TextLine>
					</TextBlock>
				</ComposedBlock>
				<ComposedBlock ID="cblock_3" HPOS="102" VPOS="813" WIDTH="1504" HEIGHT="1447">
					<TextBlock ID="block_3" HPOS="149" VPOS="813" WIDTH="1444" HEIGHT="49">
						<TextLine ID="line_12" HPOS="149" VPOS="813" WIDTH="1444" HEIGHT="49">
							<String ID="string_39" HPOS="149" VPOS="828" WIDTH="85" HEIGHT="30" WC="0.95" CONTENT="Herr"/><SP WIDTH="26" VPOS="828" HPOS="234"/>
							<String ID="string_40" HPOS="260" VPOS="826" WIDTH="116" HEIGHT="31" WC="0.96" CONTENT="Hallin"/><SP WIDTH="26" VPOS="826" HPOS="376"/>
							<String ID="string_41" HPOS="402" VPOS="825" WIDTH="89" HEIGHT="31" WC="0.96" CONTENT="hade"/><SP WIDTH="26" VPOS="825" HPOS="491"/>
							<String ID="string_42" HPOS="517" VPOS="824" WIDTH="141" HEIGHT="38" WC="0.96" CONTENT="anmält,"/><SP WIDTH="25" VPOS="824" HPOS="658"/>
							<String ID="string_43" HPOS="683" VPOS="826" WIDTH="47" HEIGHT="27" WC="0.96" CONTENT="att"/><SP WIDTH="25" VPOS="826" HPOS="730"/>
							<String ID="string_44" HPOS="755" VPOS="822" WIDTH="71" HEIGHT="30" WC="0.96" CONTENT="han"/><SP WIDTH="26" VPOS="822" HPOS="826"/>
							<String ID="string_45" HPOS="852" VPOS="821" WIDTH="44" HEIGHT="40" WC="0.96" CONTENT="på"/><SP WIDTH="24" VPOS="821" HPOS="896"/>
							<String ID="string_46" HPOS="920" VPOS="820" WIDTH="109" HEIGHT="40" WC="0.96" CONTENT="grund"/><SP WIDTH="24" VPOS="820" HPOS="1029"/>
							<String ID="string_47" HPOS="1053" VPOS="829" WIDTH="42" HEIGHT="20" WC="0.96" CONTENT="av"/><SP WIDTH="18" VPOS="829" HPOS="1095"/>
							<String ID="string_48" HPOS="1113" VPOS="817" WIDTH="162" HEIGHT="41" WC="0.96" CONTENT="sjukdom"/><SP WIDTH="19" VPOS="817" HPOS="1275"/>
							<String ID="string_49" HPOS="1294" VPOS="825" WIDTH="80" HEIGHT="21" WC="0.96" CONTENT="vore"/><SP WIDTH="17" VPOS="825" HPOS="1374"/>
							<String ID="string_50" HPOS="1391" VPOS="813" WIDTH="202" HEIGHT="32" WC="0.95" CONTENT="förhindrad"/>
						</TextLine>
					</TextBlock>
					<TextBlock ID="block_4" HPOS="103" VPOS="868" WIDTH="794" HEIGHT="118">
						<TextLine ID="line_13" HPOS="103" VPOS="868" WIDTH="681" HEIGHT="35">
							<String ID="string_51" HPOS="103" VPOS="875" WIDTH="145" HEIGHT="28" WC="0.96" CONTENT="närvara"/><SP WIDTH="26" VPOS="875" HPOS="248"/>
							<String ID="string_52" HPOS="274" VPOS="871" WIDTH="56" HEIGHT="31" WC="0.95" CONTENT="vid"/><SP WIDTH="26" VPOS="871" HPOS="330"/>
							<String ID="string_53" HPOS="356" VPOS="871" WIDTH="114" HEIGHT="30" WC="0.96" CONTENT="denna"/><SP WIDTH="26" VPOS="871" HPOS="470"/>
							<String ID="string_54" HPOS="496" VPOS="868" WIDTH="288" HEIGHT="32" WC="0.96" CONTENT="sammankomst."/>
						</TextLine>
						<TextLine ID="line_14" HPOS="802" VPOS="948" WIDTH="95" HEIGHT="38">
							<String ID="string_55" HPOS="802" VPOS="949" WIDTH="19" HEIGHT="37" WC="0.26" CONTENT="$"/><SP WIDTH="29" VPOS="949" HPOS="821"/>
							<String ID="string_56" HPOS="850" VPOS="948" WIDTH="47" HEIGHT="29" WC="0.95" CONTENT="13."/>
						</TextLine>
					</TextBlock>
					<TextBlock ID="block_5" HPOS="102" VPOS="1002" WIDTH="1496" HEIGHT="186">
						<TextLine ID="line_15" HPOS="148" VPOS="1002" WIDTH="1450" HEIGHT="46">
							<String ID="string_57" HPOS="148" VPOS="1016" WIDTH="61" HEIGHT="30" WC="0.96" CONTENT="Vid"/><SP WIDTH="28" VPOS="1016" HPOS="209"/>
							<String ID="string_58" HPOS="237" VPOS="1014" WIDTH="324" HEIGHT="31" WC="0.96" CONTENT="sammankomsten"/><SP WIDTH="25" VPOS="1014" HPOS="561"/>
							<String ID="string_59" HPOS="586" VPOS="1012" WIDTH="67" HEIGHT="30" WC="0.95" CONTENT="den"/><SP WIDTH="28" VPOS="1012" HPOS="653"/>
							<String ID="string_60" HPOS="681" VPOS="1012" WIDTH="33" HEIGHT="29" WC="0.91" CONTENT="11"/><SP WIDTH="32" VPOS="1012" HPOS="714"/>
							<String ID="string_61" HPOS="746" VPOS="1010" WIDTH="158" HEIGHT="31" WC="0.91" CONTENT="sistlidna"/><SP WIDTH="17" VPOS="1010" HPOS="904"/>
							<String ID="string_62" HPOS="921" VPOS="1008" WIDTH="75" HEIGHT="40" WC="0.96" CONTENT="juli,"/><SP WIDTH="18" VPOS="1008" HPOS="996"/>
							<String ID="string_63" HPOS="1014" VPOS="1009" WIDTH="19" HEIGHT="35" WC="0.86" CONTENT="8"/><SP WIDTH="22" VPOS="1009" HPOS="1033"/>
							<String ID="string_64" HPOS="1055" VPOS="1008" WIDTH="38" HEIGHT="29" WC="0.96" CONTENT="16"/><SP WIDTH="18" VPOS="1008" HPOS="1093"/>
							<String ID="string_65" HPOS="1111" VPOS="1006" WIDTH="10" HEIGHT="30" WC="0.96" CONTENT="i"/><SP WIDTH="17" VPOS="1006" HPOS="1121"/>
							<String ID="string_66" HPOS="1138" VPOS="1004" WIDTH="217" HEIGHT="42" WC="0.96" CONTENT="protokollet,"/><SP WIDTH="20" VPOS="1004" HPOS="1355"/>
							<String ID="string_67" HPOS="1375" VPOS="1003" WIDTH="88" HEIGHT="30" WC="0.96" CONTENT="hade"/><SP WIDTH="17" VPOS="1003" HPOS="1463"/>
							<String ID="string_68" HPOS="1480" VPOS="1002" WIDTH="118" HEIGHT="30" WC="0.96" CONTENT="herrar"/>
						</TextLine>
						<TextLine ID="line_16" HPOS="102" VPOS="1047" WIDTH="1495" HEIGHT="51">
							<String ID="string_69" HPOS="102" VPOS="1060" WIDTH="215" HEIGHT="38" WC="0.96" CONTENT="fullmäktige"/><SP WIDTH="30" VPOS="1060" HPOS="317"/>
							<String ID="string_70" HPOS="347" VPOS="1058" WIDTH="130" HEIGHT="39" WC="0.96" CONTENT="antagit"/><SP WIDTH="27" VPOS="1058" HPOS="477"/>
							<String ID="string_71" HPOS="504" VPOS="1056" WIDTH="198" HEIGHT="41" WC="0.93" CONTENT="ingenjören"/><SP WIDTH="27" VPOS="1056" HPOS="702"/>
							<String ID="string_72" HPOS="729" VPOS="1056" WIDTH="36" HEIGHT="30" WC="0.92" CONTENT="K."/><SP WIDTH="28" VPOS="1056" HPOS="765"/>
							<String ID="string_73" HPOS="793" VPOS="1055" WIDTH="24" HEIGHT="30" WC="0.96" CONTENT="I."/><SP WIDTH="27" VPOS="1055" HPOS="817"/>
							<String ID="string_74" HPOS="844" VPOS="1053" WIDTH="150" HEIGHT="31" WC="0.96" CONTENT="Edblom"/><SP WIDTH="24" VPOS="1053" HPOS="994"/>
							<String ID="string_75" HPOS="1018" VPOS="1052" WIDTH="51" HEIGHT="30" WC="0.96" CONTENT="till"/><SP WIDTH="26" VPOS="1052" HPOS="1069"/>
							<String ID="string_76" HPOS="1095" VPOS="1051" WIDTH="220" HEIGHT="39" WC="0.96" CONTENT="entreprenör"/><SP WIDTH="24" VPOS="1051" HPOS="1315"/>
							<String ID="string_77" HPOS="1339" VPOS="1048" WIDTH="53" HEIGHT="30" WC="0.96" CONTENT="för"/><SP WIDTH="25" VPOS="1048" HPOS="1392"/>
							<String ID="string_78" HPOS="1417" VPOS="1047" WIDTH="180" HEIGHT="31" WC="0.96" CONTENT="utförande"/>
						</TextLine>
						<TextLine ID="line_17" HPOS="103" VPOS="1091" WIDTH="1494" HEIGHT="53">
							<String ID="string_79" HPOS="103" VPOS="1116" WIDTH="44" HEIGHT="21" WC="0.96" CONTENT="av"/><SP WIDTH="24" VPOS="1116" HPOS="147"/>
							<String ID="string_80" HPOS="171" VPOS="1105" WIDTH="92" HEIGHT="31" WC="0.92" CONTENT="vissa"/><SP WIDTH="25" VPOS="1105" HPOS="263"/>
							<String ID="string_81" HPOS="288" VPOS="1102" WIDTH="358" HEIGHT="42" WC="0.92" CONTENT="reparationsarbeten"/><SP WIDTH="25" VPOS="1102" HPOS="646"/>
							<String ID="string_82" HPOS="671" VPOS="1111" WIDTH="43" HEIGHT="20" WC="0.91" CONTENT="m."/><SP WIDTH="27" VPOS="1111" HPOS="714"/>
							<String ID="string_83" HPOS="741" VPOS="1110" WIDTH="45" HEIGHT="20" WC="0.92" CONTENT="m."/><SP WIDTH="26" VPOS="1110" HPOS="786"/>
							<String ID="string_84" HPOS="812" VPOS="1100" WIDTH="11" HEIGHT="29" WC="0.96" CONTENT="i"/><SP WIDTH="25" VPOS="1100" HPOS="823"/>
							<String ID="string_85" HPOS="848" VPOS="1098" WIDTH="261" HEIGHT="39" WC="0.96" CONTENT="riksdagshuset"/><SP WIDTH="16" VPOS="1098" HPOS="1109"/>
							<String ID="string_86" HPOS="1125" VPOS="1096" WIDTH="11" HEIGHT="29" WC="0.96" CONTENT="i"/><SP WIDTH="18" VPOS="1096" HPOS="1136"/>
							<String ID="string_87" HPOS="1154" VPOS="1094" WIDTH="171" HEIGHT="31" WC="0.96" CONTENT="samband"/><SP WIDTH="18" VPOS="1094" HPOS="1325"/>
							<String ID="string_88" HPOS="1343" VPOS="1093" WIDTH="79" HEIGHT="30" WC="0.96" CONTENT="med"/><SP WIDTH="17" VPOS="1093" HPOS="1422"/>
							<String ID="string_89" HPOS="1439" VPOS="1091" WIDTH="158" HEIGHT="31" WC="0.96" CONTENT="beslutad"/>
						</TextLine>
						<TextLine ID="line_18" HPOS="102" VPOS="1145" WIDTH="812" HEIGHT="43">
							<String ID="string_90" HPOS="102" VPOS="1150" WIDTH="203" HEIGHT="38" WC="0.96" CONTENT="förändring"/><SP WIDTH="24" VPOS="1150" HPOS="305"/>
							<String ID="string_91" HPOS="329" VPOS="1159" WIDTH="43" HEIGHT="20" WC="0.93" CONTENT="av"/><SP WIDTH="24" VPOS="1159" HPOS="372"/>
							<String ID="string_92" HPOS="396" VPOS="1146" WIDTH="303" HEIGHT="39" WC="0.92" CONTENT="värmeledningen"/><SP WIDTH="27" VPOS="1146" HPOS="699"/>
							<String ID="string_93" HPOS="726" VPOS="1145" WIDTH="188" HEIGHT="30" WC="0.96" CONTENT="därstädes."/>
						</TextLine>
					</TextBlock>
					<TextBlock ID="block_6" HPOS="103" VPOS="1181" WIDTH="1501" HEIGHT="725">
						<TextLine ID="line_19" HPOS="150" VPOS="1181" WIDTH="1448" HEIGHT="47">
							<String ID="string_94" HPOS="150" VPOS="1195" WIDTH="85" HEIGHT="30" WC="0.96" CONTENT="Herr"/><SP WIDTH="36" VPOS="1195" HPOS="235"/>
							<String ID="string_95" HPOS="271" VPOS="1194" WIDTH="164" HEIGHT="30" WC="0.96" CONTENT="Hansson"/><SP WIDTH="37" VPOS="1194" HPOS="435"/>
							<String ID="string_96" HPOS="472" VPOS="1191" WIDTH="200" HEIGHT="31" WC="0.95" CONTENT="meddelade"/><SP WIDTH="36" VPOS="1191" HPOS="672"/>
							<String ID="string_97" HPOS="708" VPOS="1200" WIDTH="58" HEIGHT="28" WC="0.96" CONTENT="nu,"/><SP WIDTH="38" VPOS="1200" HPOS="766"/>
							<String ID="string_98" HPOS="804" VPOS="1192" WIDTH="48" HEIGHT="27" WC="0.93" CONTENT="att"/><SP WIDTH="35" VPOS="1192" HPOS="852"/>
							<String ID="string_99" HPOS="887" VPOS="1186" WIDTH="283" HEIGHT="42" WC="0.91" CONTENT="byrådirektören"/><SP WIDTH="30" VPOS="1186" HPOS="1170"/>
							<String ID="string_100" HPOS="1200" VPOS="1184" WIDTH="56" HEIGHT="30" WC="0.96" CONTENT="vid"/><SP WIDTH="32" VPOS="1184" HPOS="1256"/>
							<String ID="string_101" HPOS="1288" VPOS="1183" WIDTH="200" HEIGHT="38" WC="0.93" CONTENT="riksdagens"/><SP WIDTH="31" VPOS="1183" HPOS="1488"/>
							<String ID="string_102" HPOS="1519" VPOS="1181" WIDTH="79" HEIGHT="30" WC="0.91" CONTENT="eko-"/>
						</TextLine>
						<TextLine ID="line_20" HPOS="103" VPOS="1226" WIDTH="1495" HEIGHT="50">
							<String ID="string_103" HPOS="103" VPOS="1239" WIDTH="161" HEIGHT="32" WC="0.87" CONTENT="nomiska"/><SP WIDTH="36" VPOS="1239" HPOS="264"/>
							<String ID="string_104" HPOS="300" VPOS="1236" WIDTH="327" HEIGHT="40" WC="0.87" CONTENT="förvaltningsbyrå,"/><SP WIDTH="38" VPOS="1236" HPOS="627"/>
							<String ID="string_105" HPOS="665" VPOS="1235" WIDTH="36" HEIGHT="30" WC="0.86" CONTENT="E."/><SP WIDTH="39" VPOS="1235" HPOS="701"/>
							<String ID="string_106" HPOS="740" VPOS="1234" WIDTH="141" HEIGHT="39" WC="0.86" CONTENT="Risling,"/><SP WIDTH="39" VPOS="1234" HPOS="881"/>
							<String ID="string_107" HPOS="920" VPOS="1232" WIDTH="48" HEIGHT="31" WC="0.95" CONTENT="till"/><SP WIDTH="36" VPOS="1232" HPOS="968"/>
							<String ID="string_108" HPOS="1004" VPOS="1232" WIDTH="132" HEIGHT="29" WC="0.96" CONTENT="honom"/><SP WIDTH="32" VPOS="1232" HPOS="1136"/>
							<String ID="string_109" HPOS="1168" VPOS="1230" WIDTH="9" HEIGHT="29" WC="0.96" CONTENT="i"/><SP WIDTH="37" VPOS="1230" HPOS="1177"/>
							<String ID="string_110" HPOS="1214" VPOS="1228" WIDTH="173" HEIGHT="40" WC="0.96" CONTENT="egenskap"/><SP WIDTH="26" VPOS="1228" HPOS="1387"/>
							<String ID="string_111" HPOS="1413" VPOS="1237" WIDTH="42" HEIGHT="20" WC="0.93" CONTENT="av"/><SP WIDTH="23" VPOS="1237" HPOS="1455"/>
							<String ID="string_112" HPOS="1478" VPOS="1226" WIDTH="120" HEIGHT="40" WC="0.92" CONTENT="tjänst-"/>
						</TextLine>
						<TextLine ID="line_21" HPOS="104" VPOS="1271" WIDTH="1495" HEIGHT="54">
							<String ID="string_113" HPOS="104" VPOS="1285" WIDTH="150" HEIGHT="40" WC="0.92" CONTENT="görande"/><SP WIDTH="37" VPOS="1285" HPOS="254"/>
							<String ID="string_114" HPOS="291" VPOS="1284" WIDTH="104" HEIGHT="30" WC="0.96" CONTENT="förste"/><SP WIDTH="35" VPOS="1284" HPOS="395"/>
							<String ID="string_115" HPOS="430" VPOS="1282" WIDTH="186" HEIGHT="40" WC="0.96" CONTENT="deputerad"/><SP WIDTH="37" VPOS="1282" HPOS="616"/>
							<String ID="string_116" HPOS="653" VPOS="1281" WIDTH="65" HEIGHT="30" WC="0.96" CONTENT="den"/><SP WIDTH="38" VPOS="1281" HPOS="718"/>
							<String ID="string_117" HPOS="756" VPOS="1280" WIDTH="41" HEIGHT="30" WC="0.96" CONTENT="22"/><SP WIDTH="34" VPOS="1280" HPOS="797"/>
							<String ID="string_118" HPOS="831" VPOS="1276" WIDTH="236" HEIGHT="33" WC="0.95" CONTENT="innevarande"/><SP WIDTH="29" VPOS="1276" HPOS="1067"/>
							<String ID="string_119" HPOS="1096" VPOS="1274" WIDTH="129" HEIGHT="31" WC="0.96" CONTENT="månad"/><SP WIDTH="26" VPOS="1274" HPOS="1225"/>
							<String ID="string_120" HPOS="1251" VPOS="1273" WIDTH="143" HEIGHT="37" WC="0.96" CONTENT="anmält,"/><SP WIDTH="26" VPOS="1273" HPOS="1394"/>
							<String ID="string_121" HPOS="1420" VPOS="1274" WIDTH="47" HEIGHT="28" WC="0.96" CONTENT="att"/><SP WIDTH="24" VPOS="1274" HPOS="1467"/>
							<String ID="string_122" HPOS="1491" VPOS="1271" WIDTH="41" HEIGHT="30" WC="0.96" CONTENT="de"/><SP WIDTH="25" VPOS="1271" HPOS="1532"/>
							<String ID="string_123" HPOS="1557" VPOS="1280" WIDTH="42" HEIGHT="20" WC="0.96" CONTENT="av"/>
						</TextLine>
						<TextLine ID="line_22" HPOS="107" VPOS="1316" WIDTH="1488" HEIGHT="45">
							<String ID="string_124" HPOS="107" VPOS="1330" WIDTH="147" HEIGHT="31" WC="0.96" CONTENT="Edblom"/><SP WIDTH="28" VPOS="1330" HPOS="254"/>
							<String ID="string_125" HPOS="282" VPOS="1328" WIDTH="172" HEIGHT="31" WC="0.96" CONTENT="anställda"/><SP WIDTH="25" VPOS="1328" HPOS="454"/>
							<String ID="string_126" HPOS="479" VPOS="1326" WIDTH="181" HEIGHT="31" WC="0.96" CONTENT="arbetarna"/><SP WIDTH="25" VPOS="1326" HPOS="660"/>
							<String ID="string_127" HPOS="685" VPOS="1325" WIDTH="10" HEIGHT="30" WC="0.96" CONTENT="i"/><SP WIDTH="25" VPOS="1325" HPOS="695"/>
							<String ID="string_128" HPOS="720" VPOS="1322" WIDTH="254" HEIGHT="39" WC="0.96" CONTENT="framställning"/><SP WIDTH="24" VPOS="1322" HPOS="974"/>
							<String ID="string_129" HPOS="998" VPOS="1321" WIDTH="50" HEIGHT="31" WC="0.94" CONTENT="till"/><SP WIDTH="27" VPOS="1321" HPOS="1048"/>
							<String ID="string_130" HPOS="1075" VPOS="1320" WIDTH="148" HEIGHT="30" WC="0.96" CONTENT="Edblom"/><SP WIDTH="26" VPOS="1320" HPOS="1223"/>
							<String ID="string_131" HPOS="1249" VPOS="1317" WIDTH="147" HEIGHT="32" WC="0.96" CONTENT="anhållit"/><SP WIDTH="24" VPOS="1317" HPOS="1396"/>
							<String ID="string_132" HPOS="1420" VPOS="1326" WIDTH="57" HEIGHT="20" WC="0.95" CONTENT="om"/><SP WIDTH="26" VPOS="1326" HPOS="1477"/>
							<String ID="string_133" HPOS="1503" VPOS="1316" WIDTH="41" HEIGHT="29" WC="0.95" CONTENT="50"/><SP WIDTH="21" VPOS="1316" HPOS="1544"/>
							<String ID="string_134" HPOS="1565" VPOS="1317" WIDTH="30" HEIGHT="32" WC="0.79" CONTENT="2"/>
						</TextLine>
						<TextLine ID="line_23" HPOS="105" VPOS="1361" WIDTH="1497" HEIGHT="53">
							<String ID="string_135" HPOS="105" VPOS="1374" WIDTH="199" HEIGHT="40" WC="0.93" CONTENT="förhöjning"/><SP WIDTH="24" VPOS="1374" HPOS="304"/>
							<String ID="string_136" HPOS="328" VPOS="1373" WIDTH="19" HEIGHT="31" WC="0.93" CONTENT="å"/><SP WIDTH="26" VPOS="1373" HPOS="347"/>
							<String ID="string_137" HPOS="373" VPOS="1373" WIDTH="67" HEIGHT="30" WC="0.96" CONTENT="den"/><SP WIDTH="24" VPOS="1373" HPOS="440"/>
							<String ID="string_138" HPOS="464" VPOS="1372" WIDTH="51" HEIGHT="30" WC="0.96" CONTENT="till"/><SP WIDTH="24" VPOS="1372" HPOS="515"/>
							<String ID="string_139" HPOS="539" VPOS="1372" WIDTH="79" HEIGHT="30" WC="0.96" CONTENT="dem"/><SP WIDTH="25" VPOS="1372" HPOS="618"/>
							<String ID="string_140" HPOS="643" VPOS="1369" WIDTH="168" HEIGHT="40" WC="0.93" CONTENT="utgående"/><SP WIDTH="25" VPOS="1369" HPOS="811"/>
							<String ID="string_141" HPOS="836" VPOS="1366" WIDTH="270" HEIGHT="42" WC="0.91" CONTENT="timpenningen."/><SP WIDTH="51" VPOS="1366" HPOS="1106"/>
							<String ID="string_142" HPOS="1157" VPOS="1363" WIDTH="128" HEIGHT="32" WC="0.92" CONTENT="Dittills"/><SP WIDTH="25" VPOS="1363" HPOS="1285"/>
							<String ID="string_143" HPOS="1310" VPOS="1363" WIDTH="89" HEIGHT="30" WC="0.96" CONTENT="hade"/><SP WIDTH="26" VPOS="1363" HPOS="1399"/>
							<String ID="string_144" HPOS="1425" VPOS="1361" WIDTH="108" HEIGHT="39" WC="0.96" CONTENT="utgått"/><SP WIDTH="23" VPOS="1361" HPOS="1533"/>
							<String ID="string_145" HPOS="1556" VPOS="1363" WIDTH="46" HEIGHT="27" WC="0.96" CONTENT="ett"/>
						</TextLine>
						<TextLine ID="line_24" HPOS="103" VPOS="1405" WIDTH="1498" HEIGHT="54">
							<String ID="string_146" HPOS="103" VPOS="1420" WIDTH="117" HEIGHT="39" WC="0.96" CONTENT="tillägg"/><SP WIDTH="36" VPOS="1420" HPOS="220"/>
							<String ID="string_147" HPOS="256" VPOS="1420" WIDTH="121" HEIGHT="29" WC="0.92" CONTENT="utöver"/><SP WIDTH="36" VPOS="1420" HPOS="377"/>
							<String ID="string_148" HPOS="413" VPOS="1416" WIDTH="261" HEIGHT="41" WC="0.91" CONTENT="timpenningen"/><SP WIDTH="36" VPOS="1416" HPOS="674"/>
							<String ID="string_149" HPOS="710" VPOS="1414" WIDTH="78" HEIGHT="31" WC="0.96" CONTENT="med"/><SP WIDTH="29" VPOS="1414" HPOS="788"/>
							<String ID="string_150" HPOS="817" VPOS="1414" WIDTH="39" HEIGHT="29" WC="0.96" CONTENT="10"/><SP WIDTH="27" VPOS="1414" HPOS="856"/>
							<String ID="string_151" HPOS="883" VPOS="1413" WIDTH="129" HEIGHT="30" WC="0.96" CONTENT="kronor"/><SP WIDTH="24" VPOS="1413" HPOS="1012"/>
							<String ID="string_152" HPOS="1036" VPOS="1420" WIDTH="60" HEIGHT="30" WC="0.96" CONTENT="per"/><SP WIDTH="23" VPOS="1420" HPOS="1096"/>
							<String ID="string_153" HPOS="1119" VPOS="1409" WIDTH="117" HEIGHT="31" WC="0.95" CONTENT="vecka."/><SP WIDTH="50" VPOS="1409" HPOS="1236"/>
							<String ID="string_154" HPOS="1286" VPOS="1407" WIDTH="48" HEIGHT="31" WC="0.95" CONTENT="På"/><SP WIDTH="24" VPOS="1407" HPOS="1334"/>
							<String ID="string_155" HPOS="1358" VPOS="1406" WIDTH="111" HEIGHT="40" WC="0.96" CONTENT="grund"/><SP WIDTH="24" VPOS="1406" HPOS="1469"/>
							<String ID="string_156" HPOS="1493" VPOS="1415" WIDTH="42" HEIGHT="21" WC="0.96" CONTENT="av"/><SP WIDTH="26" VPOS="1415" HPOS="1535"/>
							<String ID="string_157" HPOS="1561" VPOS="1405" WIDTH="40" HEIGHT="30" WC="0.96" CONTENT="de"/>
						</TextLine>
						<TextLine ID="line_25" HPOS="106" VPOS="1450" WIDTH="1496" HEIGHT="51">
							<String ID="string_158" HPOS="106" VPOS="1465" WIDTH="52" HEIGHT="31" WC="0.96" CONTENT="för"/><SP WIDTH="26" VPOS="1465" HPOS="158"/>
							<String ID="string_159" HPOS="184" VPOS="1463" WIDTH="223" HEIGHT="32" WC="0.93" CONTENT="Stockholms"/><SP WIDTH="25" VPOS="1463" HPOS="407"/>
							<String ID="string_160" HPOS="432" VPOS="1458" WIDTH="411" HEIGHT="43" WC="0.91" CONTENT="Byggmästareförening,"/><SP WIDTH="26" VPOS="1458" HPOS="843"/>
							<String ID="string_161" HPOS="869" VPOS="1467" WIDTH="105" HEIGHT="20" WC="0.96" CONTENT="varav"/><SP WIDTH="25" VPOS="1467" HPOS="974"/>
							<String ID="string_162" HPOS="999" VPOS="1455" WIDTH="150" HEIGHT="31" WC="0.96" CONTENT="Edblom"/><SP WIDTH="20" VPOS="1455" HPOS="1149"/>
							<String ID="string_163" HPOS="1169" VPOS="1462" WIDTH="80" HEIGHT="22" WC="0.94" CONTENT="vore"/><SP WIDTH="18" VPOS="1462" HPOS="1249"/>
							<String ID="string_164" HPOS="1267" VPOS="1452" WIDTH="160" HEIGHT="37" WC="0.96" CONTENT="medlem,"/><SP WIDTH="18" VPOS="1452" HPOS="1427"/>
							<String ID="string_165" HPOS="1445" VPOS="1450" WIDTH="157" HEIGHT="40" WC="0.96" CONTENT="gällande"/>
						</TextLine>
						<TextLine ID="line_26" HPOS="107" VPOS="1494" WIDTH="1494" HEIGHT="46">
							<String ID="string_166" HPOS="107" VPOS="1508" WIDTH="308" HEIGHT="32" WC="0.96" CONTENT="bestämmelserna"/><SP WIDTH="38" VPOS="1508" HPOS="415"/>
							<String ID="string_167" HPOS="453" VPOS="1506" WIDTH="89" HEIGHT="30" WC="0.96" CONTENT="hade"/><SP WIDTH="37" VPOS="1506" HPOS="542"/>
							<String ID="string_168" HPOS="579" VPOS="1504" WIDTH="148" HEIGHT="31" WC="0.95" CONTENT="Edblom"/><SP WIDTH="25" VPOS="1504" HPOS="727"/>
							<String ID="string_169" HPOS="752" VPOS="1503" WIDTH="76" HEIGHT="31" WC="0.96" CONTENT="icke"/><SP WIDTH="25" VPOS="1503" HPOS="828"/>
							<String ID="string_170" HPOS="853" VPOS="1505" WIDTH="84" HEIGHT="27" WC="0.96" CONTENT="utan"/><SP WIDTH="25" VPOS="1505" HPOS="937"/>
							<String ID="string_171" HPOS="962" VPOS="1499" WIDTH="219" HEIGHT="39" WC="0.96" CONTENT="föreningens"/><SP WIDTH="24" VPOS="1499" HPOS="1181"/>
							<String ID="string_172" HPOS="1205" VPOS="1497" WIDTH="155" HEIGHT="31" WC="0.96" CONTENT="tillstånd"/><SP WIDTH="28" VPOS="1497" HPOS="1360"/>
							<String ID="string_173" HPOS="1388" VPOS="1497" WIDTH="133" HEIGHT="29" WC="0.93" CONTENT="kunnat"/><SP WIDTH="25" VPOS="1497" HPOS="1521"/>
							<String ID="string_174" HPOS="1546" VPOS="1494" WIDTH="55" HEIGHT="30" WC="0.92" CONTENT="be-"/>
						</TextLine>
						<TextLine ID="line_27" HPOS="107" VPOS="1540" WIDTH="1494" HEIGHT="54">
							<String ID="string_175" HPOS="107" VPOS="1554" WIDTH="81" HEIGHT="40" WC="0.96" CONTENT="vilja"/><SP WIDTH="36" VPOS="1554" HPOS="188"/>
							<String ID="string_176" HPOS="224" VPOS="1563" WIDTH="41" HEIGHT="20" WC="0.96" CONTENT="en"/><SP WIDTH="31" VPOS="1563" HPOS="265"/>
							<String ID="string_177" HPOS="296" VPOS="1551" WIDTH="97" HEIGHT="41" WC="0.96" CONTENT="dylik"/><SP WIDTH="26" VPOS="1551" HPOS="393"/>
							<String ID="string_178" HPOS="419" VPOS="1550" WIDTH="218" HEIGHT="31" WC="0.93" CONTENT="hemställan."/><SP WIDTH="50" VPOS="1550" HPOS="637"/>
							<String ID="string_179" HPOS="687" VPOS="1548" WIDTH="129" HEIGHT="31" WC="0.94" CONTENT="Sådant"/><SP WIDTH="25" VPOS="1548" HPOS="816"/>
							<String ID="string_180" HPOS="841" VPOS="1546" WIDTH="153" HEIGHT="32" WC="0.96" CONTENT="tillstånd"/><SP WIDTH="27" VPOS="1546" HPOS="994"/>
							<String ID="string_181" HPOS="1021" VPOS="1545" WIDTH="90" HEIGHT="29" WC="0.96" CONTENT="hade"/><SP WIDTH="26" VPOS="1545" HPOS="1111"/>
							<String ID="string_182" HPOS="1137" VPOS="1543" WIDTH="161" HEIGHT="36" WC="0.96" CONTENT="Edblom,"/><SP WIDTH="27" VPOS="1543" HPOS="1298"/>
							<String ID="string_183" HPOS="1325" VPOS="1551" WIDTH="76" HEIGHT="20" WC="0.96" CONTENT="som"/><SP WIDTH="25" VPOS="1551" HPOS="1401"/>
							<String ID="string_184" HPOS="1426" VPOS="1540" WIDTH="44" HEIGHT="40" WC="0.93" CONTENT="på"/><SP WIDTH="24" VPOS="1540" HPOS="1470"/>
							<String ID="string_185" HPOS="1494" VPOS="1542" WIDTH="107" HEIGHT="27" WC="0.91" CONTENT="entre-"/>
						</TextLine>
						<TextLine ID="line_28" HPOS="109" VPOS="1584" WIDTH="1495" HEIGHT="55">
							<String ID="string_186" HPOS="109" VPOS="1598" WIDTH="128" HEIGHT="41" WC="0.91" CONTENT="prenad"/><SP WIDTH="27" VPOS="1598" HPOS="237"/>
							<String ID="string_187" HPOS="264" VPOS="1597" WIDTH="134" HEIGHT="30" WC="0.96" CONTENT="utförde"/><SP WIDTH="26" VPOS="1597" HPOS="398"/>
							<String ID="string_188" HPOS="424" VPOS="1596" WIDTH="80" HEIGHT="30" WC="0.96" CONTENT="flera"/><SP WIDTH="27" VPOS="1596" HPOS="504"/>
							<String ID="string_189" HPOS="531" VPOS="1596" WIDTH="105" HEIGHT="29" WC="0.96" CONTENT="större"/><SP WIDTH="22" VPOS="1596" HPOS="636"/>
							<String ID="string_190" HPOS="658" VPOS="1594" WIDTH="138" HEIGHT="30" WC="0.96" CONTENT="arbeten"/><SP WIDTH="19" VPOS="1594" HPOS="796"/>
							<String ID="string_191" HPOS="815" VPOS="1592" WIDTH="53" HEIGHT="30" WC="0.96" CONTENT="för"/><SP WIDTH="17" VPOS="1592" HPOS="868"/>
							<String ID="string_192" HPOS="885" VPOS="1591" WIDTH="138" HEIGHT="30" WC="0.96" CONTENT="stadens"/><SP WIDTH="18" VPOS="1591" HPOS="1023"/>
							<String ID="string_193" HPOS="1041" VPOS="1588" WIDTH="157" HEIGHT="39" WC="0.96" CONTENT="räkning,"/><SP WIDTH="19" VPOS="1588" HPOS="1198"/>
							<String ID="string_194" HPOS="1217" VPOS="1585" WIDTH="187" HEIGHT="32" WC="0.96" CONTENT="emellertid"/><SP WIDTH="18" VPOS="1585" HPOS="1404"/>
							<String ID="string_195" HPOS="1422" VPOS="1584" WIDTH="75" HEIGHT="31" WC="0.96" CONTENT="icke"/><SP WIDTH="17" VPOS="1584" HPOS="1497"/>
							<String ID="string_196" HPOS="1514" VPOS="1584" WIDTH="90" HEIGHT="30" WC="0.96" CONTENT="velat"/>
						</TextLine>
						<TextLine ID="line_29" HPOS="109" VPOS="1628" WIDTH="1493" HEIGHT="53">
							<String ID="string_197" HPOS="109" VPOS="1643" WIDTH="154" HEIGHT="38" WC="0.96" CONTENT="utverka,"/><SP WIDTH="26" VPOS="1643" HPOS="263"/>
							<String ID="string_198" HPOS="289" VPOS="1643" WIDTH="83" HEIGHT="29" WC="0.97" CONTENT="enär"/><SP WIDTH="25" VPOS="1643" HPOS="372"/>
							<String ID="string_199" HPOS="397" VPOS="1640" WIDTH="264" HEIGHT="31" WC="0.95" CONTENT="konsekvensen"/><SP WIDTH="25" VPOS="1640" HPOS="661"/>
							<String ID="string_200" HPOS="686" VPOS="1639" WIDTH="106" HEIGHT="29" WC="0.96" CONTENT="därav"/><SP WIDTH="26" VPOS="1639" HPOS="792"/>
							<String ID="string_201" HPOS="818" VPOS="1636" WIDTH="111" HEIGHT="31" WC="0.96" CONTENT="skulle"/><SP WIDTH="25" VPOS="1636" HPOS="929"/>
							<String ID="string_202" HPOS="954" VPOS="1636" WIDTH="91" HEIGHT="29" WC="0.96" CONTENT="hava"/><SP WIDTH="25" VPOS="1636" HPOS="1045"/>
							<String ID="string_203" HPOS="1070" VPOS="1633" WIDTH="97" HEIGHT="30" WC="0.96" CONTENT="blivit"/><SP WIDTH="25" VPOS="1633" HPOS="1167"/>
							<String ID="string_204" HPOS="1192" VPOS="1635" WIDTH="49" HEIGHT="27" WC="0.96" CONTENT="att"/><SP WIDTH="20" VPOS="1635" HPOS="1241"/>
							<String ID="string_205" HPOS="1261" VPOS="1632" WIDTH="70" HEIGHT="29" WC="0.96" CONTENT="han"/><SP WIDTH="19" VPOS="1632" HPOS="1331"/>
							<String ID="string_206" HPOS="1350" VPOS="1630" WIDTH="98" HEIGHT="30" WC="0.96" CONTENT="blivit"/><SP WIDTH="16" VPOS="1630" HPOS="1448"/>
							<String ID="string_207" HPOS="1464" VPOS="1628" WIDTH="138" HEIGHT="40" WC="0.96" CONTENT="tvingad"/>
						</TextLine>
						<TextLine ID="line_30" HPOS="108" VPOS="1674" WIDTH="1495" HEIGHT="53">
							<String ID="string_208" HPOS="108" VPOS="1689" WIDTH="151" HEIGHT="38" WC="0.91" CONTENT="företaga"/><SP WIDTH="37" VPOS="1689" HPOS="259"/>
							<String ID="string_209" HPOS="296" VPOS="1696" WIDTH="42" HEIGHT="21" WC="0.96" CONTENT="en"/><SP WIDTH="26" VPOS="1696" HPOS="338"/>
							<String ID="string_210" HPOS="364" VPOS="1685" WIDTH="245" HEIGHT="31" WC="0.96" CONTENT="motsvarande"/><SP WIDTH="24" VPOS="1685" HPOS="609"/>
							<String ID="string_211" HPOS="633" VPOS="1682" WIDTH="199" HEIGHT="40" WC="0.96" CONTENT="förhöjning"/><SP WIDTH="25" VPOS="1682" HPOS="832"/>
							<String ID="string_212" HPOS="857" VPOS="1691" WIDTH="42" HEIGHT="20" WC="0.91" CONTENT="av"/><SP WIDTH="24" VPOS="1691" HPOS="899"/>
							<String ID="string_213" HPOS="923" VPOS="1678" WIDTH="261" HEIGHT="41" WC="0.91" CONTENT="timpenningen"/><SP WIDTH="24" VPOS="1678" HPOS="1184"/>
							<String ID="string_214" HPOS="1208" VPOS="1676" WIDTH="53" HEIGHT="31" WC="0.96" CONTENT="för"/><SP WIDTH="24" VPOS="1676" HPOS="1261"/>
							<String ID="string_215" HPOS="1285" VPOS="1676" WIDTH="41" HEIGHT="30" WC="0.96" CONTENT="de"/><SP WIDTH="25" VPOS="1676" HPOS="1326"/>
							<String ID="string_216" HPOS="1351" VPOS="1674" WIDTH="10" HEIGHT="31" WC="0.95" CONTENT="i"/><SP WIDTH="26" VPOS="1674" HPOS="1361"/>
							<String ID="string_217" HPOS="1387" VPOS="1674" WIDTH="216" HEIGHT="31" WC="0.95" CONTENT="sistnämnda"/>
						</TextLine>
						<TextLine ID="line_31" HPOS="111" VPOS="1719" WIDTH="1490" HEIGHT="44">
							<String ID="string_218" HPOS="111" VPOS="1733" WIDTH="138" HEIGHT="30" WC="0.95" CONTENT="arbeten"/><SP WIDTH="26" VPOS="1733" HPOS="249"/>
							<String ID="string_219" HPOS="275" VPOS="1731" WIDTH="173" HEIGHT="31" WC="0.95" CONTENT="anställda"/><SP WIDTH="25" VPOS="1731" HPOS="448"/>
							<String ID="string_220" HPOS="473" VPOS="1729" WIDTH="191" HEIGHT="31" WC="0.96" CONTENT="arbetarna."/><SP WIDTH="38" VPOS="1729" HPOS="664"/>
							<String ID="string_221" HPOS="702" VPOS="1728" WIDTH="51" HEIGHT="29" WC="0.96" CONTENT="En"/><SP WIDTH="27" VPOS="1728" HPOS="753"/>
							<String ID="string_222" HPOS="780" VPOS="1727" WIDTH="107" HEIGHT="30" WC="0.96" CONTENT="sådan"/><SP WIDTH="28" VPOS="1727" HPOS="887"/>
							<String ID="string_223" HPOS="915" VPOS="1725" WIDTH="129" HEIGHT="30" WC="0.95" CONTENT="allmän"/><SP WIDTH="26" VPOS="1725" HPOS="1044"/>
							<String ID="string_224" HPOS="1070" VPOS="1721" WIDTH="199" HEIGHT="41" WC="0.96" CONTENT="förhöjning"/><SP WIDTH="16" VPOS="1721" HPOS="1269"/>
							<String ID="string_225" HPOS="1285" VPOS="1731" WIDTH="42" HEIGHT="20" WC="0.93" CONTENT="av"/><SP WIDTH="18" VPOS="1731" HPOS="1327"/>
							<String ID="string_226" HPOS="1345" VPOS="1719" WIDTH="256" HEIGHT="31" WC="0.91" CONTENT="arbetslönerna"/>
						</TextLine>
						<TextLine ID="line_32" HPOS="111" VPOS="1763" WIDTH="1490" HEIGHT="46">
							<String ID="string_227" HPOS="111" VPOS="1778" WIDTH="111" HEIGHT="31" WC="0.96" CONTENT="skulle"/><SP WIDTH="26" VPOS="1778" HPOS="222"/>
							<String ID="string_228" HPOS="248" VPOS="1777" WIDTH="107" HEIGHT="30" WC="0.95" CONTENT="vållat"/><SP WIDTH="25" VPOS="1777" HPOS="355"/>
							<String ID="string_229" HPOS="380" VPOS="1775" WIDTH="149" HEIGHT="31" WC="0.96" CONTENT="Edblom"/><SP WIDTH="26" VPOS="1775" HPOS="529"/>
							<String ID="string_230" HPOS="555" VPOS="1773" WIDTH="113" HEIGHT="31" WC="0.96" CONTENT="alltför"/><SP WIDTH="24" VPOS="1773" HPOS="668"/>
							<String ID="string_231" HPOS="692" VPOS="1776" WIDTH="92" HEIGHT="27" WC="0.96" CONTENT="stora"/><SP WIDTH="25" VPOS="1776" HPOS="784"/>
							<String ID="string_232" HPOS="809" VPOS="1771" WIDTH="161" HEIGHT="31" WC="0.96" CONTENT="förluster"/><SP WIDTH="24" VPOS="1771" HPOS="970"/>
							<String ID="string_233" HPOS="994" VPOS="1769" WIDTH="65" HEIGHT="30" WC="0.96" CONTENT="och"/><SP WIDTH="26" VPOS="1769" HPOS="1059"/>
							<String ID="string_234" HPOS="1085" VPOS="1768" WIDTH="44" HEIGHT="40" WC="0.96" CONTENT="på"/><SP WIDTH="25" VPOS="1768" HPOS="1129"/>
							<String ID="string_235" HPOS="1154" VPOS="1767" WIDTH="109" HEIGHT="39" WC="0.96" CONTENT="grund"/><SP WIDTH="26" VPOS="1767" HPOS="1263"/>
							<String ID="string_236" HPOS="1289" VPOS="1766" WIDTH="106" HEIGHT="30" WC="0.96" CONTENT="därav"/><SP WIDTH="24" VPOS="1766" HPOS="1395"/>
							<String ID="string_237" HPOS="1419" VPOS="1764" WIDTH="89" HEIGHT="30" WC="0.96" CONTENT="hade"/><SP WIDTH="24" VPOS="1764" HPOS="1508"/>
							<String ID="string_238" HPOS="1532" VPOS="1763" WIDTH="69" HEIGHT="31" WC="0.96" CONTENT="han"/>
						</TextLine>
						<TextLine ID="line_33" HPOS="111" VPOS="1808" WIDTH="1492" HEIGHT="50">
							<String ID="string_239" HPOS="111" VPOS="1823" WIDTH="75" HEIGHT="30" WC="0.96" CONTENT="icke"/><SP WIDTH="36" VPOS="1823" HPOS="186"/>
							<String ID="string_240" HPOS="222" VPOS="1822" WIDTH="135" HEIGHT="30" WC="0.96" CONTENT="kunnat"/><SP WIDTH="35" VPOS="1822" HPOS="357"/>
							<String ID="string_241" HPOS="392" VPOS="1820" WIDTH="205" HEIGHT="38" WC="0.96" CONTENT="tillmötesgå"/><SP WIDTH="27" VPOS="1820" HPOS="597"/>
							<String ID="string_242" HPOS="624" VPOS="1818" WIDTH="200" HEIGHT="30" WC="0.96" CONTENT="arbetarnas"/><SP WIDTH="26" VPOS="1818" HPOS="824"/>
							<String ID="string_243" HPOS="850" VPOS="1814" WIDTH="219" HEIGHT="32" WC="0.96" CONTENT="hemställan."/><SP WIDTH="50" VPOS="1814" HPOS="1069"/>
							<String ID="string_244" HPOS="1119" VPOS="1813" WIDTH="10" HEIGHT="29" WC="0.94" CONTENT="I"/><SP WIDTH="28" VPOS="1813" HPOS="1129"/>
							<String ID="string_245" HPOS="1157" VPOS="1810" WIDTH="186" HEIGHT="38" WC="0.96" CONTENT="anledning"/><SP WIDTH="25" VPOS="1810" HPOS="1343"/>
							<String ID="string_246" HPOS="1368" VPOS="1819" WIDTH="41" HEIGHT="21" WC="0.96" CONTENT="av"/><SP WIDTH="27" VPOS="1819" HPOS="1409"/>
							<String ID="string_247" HPOS="1436" VPOS="1808" WIDTH="167" HEIGHT="31" WC="0.91" CONTENT="Edbloms"/>
						</TextLine>
						<TextLine ID="line_34" HPOS="112" VPOS="1859" WIDTH="981" HEIGHT="47">
							<String ID="string_248" HPOS="112" VPOS="1870" WIDTH="126" HEIGHT="36" WC="0.96" CONTENT="vägran"/><SP WIDTH="26" VPOS="1870" HPOS="238"/>
							<String ID="string_249" HPOS="264" VPOS="1867" WIDTH="90" HEIGHT="30" WC="0.96" CONTENT="hade"/><SP WIDTH="25" VPOS="1867" HPOS="354"/>
							<String ID="string_250" HPOS="379" VPOS="1865" WIDTH="182" HEIGHT="30" WC="0.96" CONTENT="arbetarna"/><SP WIDTH="25" VPOS="1865" HPOS="561"/>
							<String ID="string_251" HPOS="586" VPOS="1862" WIDTH="187" HEIGHT="32" WC="0.95" CONTENT="emellertid"/><SP WIDTH="25" VPOS="1862" HPOS="773"/>
							<String ID="string_252" HPOS="798" VPOS="1860" WIDTH="132" HEIGHT="31" WC="0.96" CONTENT="inställt"/><SP WIDTH="25" VPOS="1860" HPOS="930"/>
							<String ID="string_253" HPOS="955" VPOS="1859" WIDTH="138" HEIGHT="30" WC="0.96" CONTENT="arbetet."/>
						</TextLine>
					</TextBlock>
					<TextBlock ID="block_7" HPOS="112" VPOS="1898" WIDTH="1494" HEIGHT="317">
						<TextLine ID="line_35" HPOS="158" VPOS="1898" WIDTH="1447" HEIGHT="50">
							<String ID="string_254" HPOS="158" VPOS="1913" WIDTH="9" HEIGHT="29" WC="0.96" CONTENT="I"/><SP WIDTH="39" VPOS="1913" HPOS="167"/>
							<String ID="string_255" HPOS="206" VPOS="1912" WIDTH="65" HEIGHT="29" WC="0.96" CONTENT="den"/><SP WIDTH="37" VPOS="1912" HPOS="271"/>
							<String ID="string_256" HPOS="308" VPOS="1910" WIDTH="148" HEIGHT="31" WC="0.96" CONTENT="sålunda"/><SP WIDTH="36" VPOS="1910" HPOS="456"/>
							<String ID="string_257" HPOS="492" VPOS="1909" WIDTH="203" HEIGHT="39" WC="0.96" CONTENT="uppkomna"/><SP WIDTH="25" VPOS="1909" HPOS="695"/>
							<String ID="string_258" HPOS="720" VPOS="1906" WIDTH="209" HEIGHT="31" WC="0.96" CONTENT="situationen"/><SP WIDTH="25" VPOS="1906" HPOS="929"/>
							<String ID="string_259" HPOS="954" VPOS="1904" WIDTH="90" HEIGHT="29" WC="0.96" CONTENT="hade"/><SP WIDTH="25" VPOS="1904" HPOS="1044"/>
							<String ID="string_260" HPOS="1069" VPOS="1903" WIDTH="78" HEIGHT="29" WC="0.96" CONTENT="herr"/><SP WIDTH="27" VPOS="1903" HPOS="1147"/>
							<String ID="string_261" HPOS="1174" VPOS="1901" WIDTH="173" HEIGHT="36" WC="0.96" CONTENT="Hansson,"/><SP WIDTH="26" VPOS="1901" HPOS="1347"/>
							<String ID="string_262" HPOS="1373" VPOS="1899" WIDTH="81" HEIGHT="30" WC="0.95" CONTENT="efter"/><SP WIDTH="24" VPOS="1899" HPOS="1454"/>
							<String ID="string_263" HPOS="1478" VPOS="1898" WIDTH="127" HEIGHT="37" WC="0.96" CONTENT="förslag"/>
						</TextLine>
						<TextLine ID="line_36" HPOS="113" VPOS="1943" WIDTH="1483" HEIGHT="52">
							<String ID="string_264" HPOS="113" VPOS="1967" WIDTH="41" HEIGHT="19" WC="0.93" CONTENT="av"/><SP WIDTH="19" VPOS="1967" HPOS="154"/>
							<String ID="string_265" HPOS="173" VPOS="1955" WIDTH="240" HEIGHT="40" WC="0.91" CONTENT="byrådirektör"/><SP WIDTH="21" VPOS="1955" HPOS="413"/>
							<String ID="string_266" HPOS="434" VPOS="1953" WIDTH="140" HEIGHT="39" WC="0.90" CONTENT="Risling,"/><SP WIDTH="19" VPOS="1953" HPOS="574"/>
							<String ID="string_267" HPOS="593" VPOS="1952" WIDTH="19" HEIGHT="30" WC="0.91" CONTENT="å"/><SP WIDTH="17" VPOS="1952" HPOS="612"/>
							<String ID="string_268" HPOS="629" VPOS="1951" WIDTH="350" HEIGHT="39" WC="0.91" CONTENT="riksgäldskontorets"/><SP WIDTH="18" VPOS="1951" HPOS="979"/>
							<String ID="string_269" HPOS="997" VPOS="1949" WIDTH="129" HEIGHT="36" WC="0.96" CONTENT="vägnar"/><SP WIDTH="17" VPOS="1949" HPOS="1126"/>
							<String ID="string_270" HPOS="1143" VPOS="1945" WIDTH="147" HEIGHT="40" WC="0.96" CONTENT="erbjudit"/><SP WIDTH="18" VPOS="1945" HPOS="1290"/>
							<String ID="string_271" HPOS="1308" VPOS="1945" WIDTH="181" HEIGHT="29" WC="0.95" CONTENT="arbetarna"/><SP WIDTH="18" VPOS="1945" HPOS="1489"/>
							<String ID="string_272" HPOS="1507" VPOS="1943" WIDTH="42" HEIGHT="29" WC="0.0" CONTENT="30"/>
						</TextLine>
						<TextLine ID="line_37" HPOS="112" VPOS="1987" WIDTH="1491" HEIGHT="53">
							<String ID="string_273" HPOS="112" VPOS="2000" WIDTH="198" HEIGHT="40" WC="0.93" CONTENT="förhöjning"/><SP WIDTH="37" VPOS="2000" HPOS="310"/>
							<String ID="string_274" HPOS="347" VPOS="1999" WIDTH="19" HEIGHT="30" WC="0.89" CONTENT="å"/><SP WIDTH="35" VPOS="1999" HPOS="366"/>
							<String ID="string_275" HPOS="401" VPOS="1997" WIDTH="260" HEIGHT="41" WC="0.92" CONTENT="timpenningen"/><SP WIDTH="36" VPOS="1997" HPOS="661"/>
							<String ID="string_276" HPOS="697" VPOS="1996" WIDTH="38" HEIGHT="29" WC="0.93" CONTENT="fr."/><SP WIDTH="27" VPOS="1996" HPOS="735"/>
							<String ID="string_277" HPOS="762" VPOS="2005" WIDTH="30" HEIGHT="20" WC="0.87" CONTENT="o."/><SP WIDTH="27" VPOS="2005" HPOS="792"/>
							<String ID="string_278" HPOS="819" VPOS="2004" WIDTH="45" HEIGHT="20" WC="0.90" CONTENT="m."/><SP WIDTH="36" VPOS="2004" HPOS="864"/>
							<String ID="string_279" HPOS="900" VPOS="1994" WIDTH="66" HEIGHT="29" WC="0.96" CONTENT="den"/><SP WIDTH="29" VPOS="1994" HPOS="966"/>
							<String ID="string_280" HPOS="995" VPOS="1993" WIDTH="33" HEIGHT="28" WC="0.95" CONTENT="11"/><SP WIDTH="31" VPOS="1993" HPOS="1028"/>
							<String ID="string_281" HPOS="1059" VPOS="1990" WIDTH="234" HEIGHT="31" WC="0.95" CONTENT="innevarande"/><SP WIDTH="25" VPOS="1990" HPOS="1293"/>
							<String ID="string_282" HPOS="1318" VPOS="1988" WIDTH="139" HEIGHT="30" WC="0.96" CONTENT="månad."/><SP WIDTH="49" VPOS="1988" HPOS="1457"/>
							<String ID="string_283" HPOS="1506" VPOS="1987" WIDTH="97" HEIGHT="29" WC="0.95" CONTENT="Detta"/>
						</TextLine>
						<TextLine ID="line_38" HPOS="112" VPOS="2031" WIDTH="1491" HEIGHT="55">
							<String ID="string_284" HPOS="112" VPOS="2045" WIDTH="212" HEIGHT="41" WC="0.96" CONTENT="erbjudande"/><SP WIDTH="25" VPOS="2045" HPOS="324"/>
							<String ID="string_285" HPOS="349" VPOS="2044" WIDTH="90" HEIGHT="30" WC="0.96" CONTENT="hade"/><SP WIDTH="25" VPOS="2044" HPOS="439"/>
							<String ID="string_286" HPOS="464" VPOS="2042" WIDTH="146" HEIGHT="39" WC="0.96" CONTENT="antagits"/><SP WIDTH="26" VPOS="2042" HPOS="610"/>
							<String ID="string_287" HPOS="636" VPOS="2041" WIDTH="65" HEIGHT="30" WC="0.96" CONTENT="och"/><SP WIDTH="25" VPOS="2041" HPOS="701"/>
							<String ID="string_288" HPOS="726" VPOS="2040" WIDTH="90" HEIGHT="30" WC="0.96" CONTENT="hade"/><SP WIDTH="26" VPOS="2040" HPOS="816"/>
							<String ID="string_289" HPOS="842" VPOS="2038" WIDTH="129" HEIGHT="31" WC="0.96" CONTENT="arbetet"/><SP WIDTH="25" VPOS="2038" HPOS="971"/>
							<String ID="string_290" HPOS="996" VPOS="2035" WIDTH="214" HEIGHT="31" WC="0.95" CONTENT="omedelbart"/><SP WIDTH="23" VPOS="2035" HPOS="1210"/>
							<String ID="string_291" HPOS="1233" VPOS="2031" WIDTH="255" HEIGHT="41" WC="0.94" CONTENT="återupptagits."/><SP WIDTH="53" VPOS="2031" HPOS="1488"/>
							<String ID="string_292" HPOS="1541" VPOS="2031" WIDTH="62" HEIGHT="30" WC="0.84" CONTENT="Vid"/>
						</TextLine>
						<TextLine ID="line_39" HPOS="113" VPOS="2076" WIDTH="1493" HEIGHT="50">
							<String ID="string_293" HPOS="113" VPOS="2089" WIDTH="237" HEIGHT="32" WC="0.91" CONTENT="hänvändelse"/><SP WIDTH="41" VPOS="2089" HPOS="350"/>
							<String ID="string_294" HPOS="391" VPOS="2088" WIDTH="50" HEIGHT="31" WC="0.93" CONTENT="till"/><SP WIDTH="40" VPOS="2088" HPOS="441"/>
							<String ID="string_295" HPOS="481" VPOS="2082" WIDTH="533" HEIGHT="44" WC="0.91" CONTENT="grovarbetarefackföreningen,"/><SP WIDTH="41" VPOS="2082" HPOS="1014"/>
							<String ID="string_296" HPOS="1055" VPOS="2080" WIDTH="106" HEIGHT="30" WC="0.95" CONTENT="innan"/><SP WIDTH="43" VPOS="2080" HPOS="1161"/>
							<String ID="string_297" HPOS="1204" VPOS="2078" WIDTH="153" HEIGHT="31" WC="0.95" CONTENT="nämnda"/><SP WIDTH="38" VPOS="2078" HPOS="1357"/>
							<String ID="string_298" HPOS="1395" VPOS="2076" WIDTH="211" HEIGHT="40" WC="0.95" CONTENT="erbjudande"/>
						</TextLine>
						<TextLine ID="line_40" HPOS="114" VPOS="2121" WIDTH="1491" HEIGHT="55">
							<String ID="string_299" HPOS="114" VPOS="2135" WIDTH="114" HEIGHT="41" WC="0.96" CONTENT="gjorts,"/><SP WIDTH="36" VPOS="2135" HPOS="228"/>
							<String ID="string_300" HPOS="264" VPOS="2135" WIDTH="90" HEIGHT="30" WC="0.95" CONTENT="hade"/><SP WIDTH="26" VPOS="2135" HPOS="354"/>
							<String ID="string_301" HPOS="380" VPOS="2134" WIDTH="78" HEIGHT="29" WC="0.96" CONTENT="herr"/><SP WIDTH="27" VPOS="2134" HPOS="458"/>
							<String ID="string_302" HPOS="485" VPOS="2132" WIDTH="162" HEIGHT="30" WC="0.96" CONTENT="Hansson"/><SP WIDTH="25" VPOS="2132" HPOS="647"/>
							<String ID="string_303" HPOS="672" VPOS="2129" WIDTH="136" HEIGHT="31" WC="0.95" CONTENT="erhållit"/><SP WIDTH="24" VPOS="2129" HPOS="808"/>
							<String ID="string_304" HPOS="832" VPOS="2129" WIDTH="66" HEIGHT="29" WC="0.96" CONTENT="den"/><SP WIDTH="26" VPOS="2129" HPOS="898"/>
							<String ID="string_305" HPOS="924" VPOS="2125" WIDTH="265" HEIGHT="42" WC="0.96" CONTENT="upplysningen,"/><SP WIDTH="26" VPOS="2125" HPOS="1189"/>
							<String ID="string_306" HPOS="1215" VPOS="2127" WIDTH="49" HEIGHT="27" WC="0.96" CONTENT="att"/><SP WIDTH="24" VPOS="2127" HPOS="1264"/>
							<String ID="string_307" HPOS="1288" VPOS="2123" WIDTH="55" HEIGHT="30" WC="0.96" CONTENT="det"/><SP WIDTH="25" VPOS="2123" HPOS="1343"/>
							<String ID="string_308" HPOS="1368" VPOS="2131" WIDTH="79" HEIGHT="21" WC="0.96" CONTENT="vore"/><SP WIDTH="26" VPOS="2131" HPOS="1447"/>
							<String ID="string_309" HPOS="1473" VPOS="2121" WIDTH="132" HEIGHT="39" WC="0.96" CONTENT="kutym,"/>
						</TextLine>
						<TextLine ID="line_41" HPOS="114" VPOS="2168" WIDTH="1284" HEIGHT="47">
							<String ID="string_310" HPOS="114" VPOS="2183" WIDTH="47" HEIGHT="27" WC="0.95" CONTENT="att"/><SP WIDTH="26" VPOS="2183" HPOS="161"/>
							<String ID="string_311" HPOS="187" VPOS="2180" WIDTH="41" HEIGHT="29" WC="0.95" CONTENT="50"/><SP WIDTH="19" VPOS="2180" HPOS="228"/>
							<String ID="string_312" HPOS="247" VPOS="2180" WIDTH="33" HEIGHT="35" WC="0.40" CONTENT="Zz"/><SP WIDTH="29" VPOS="2180" HPOS="280"/>
							<String ID="string_313" HPOS="309" VPOS="2179" WIDTH="19" HEIGHT="29" WC="0.92" CONTENT="å"/><SP WIDTH="25" VPOS="2179" HPOS="328"/>
							<String ID="string_314" HPOS="353" VPOS="2177" WIDTH="168" HEIGHT="31" WC="0.95" CONTENT="timlönen"/><SP WIDTH="27" VPOS="2177" HPOS="521"/>
							<String ID="string_315" HPOS="548" VPOS="2175" WIDTH="174" HEIGHT="31" WC="0.96" CONTENT="betalades"/><SP WIDTH="25" VPOS="2175" HPOS="722"/>
							<String ID="string_316" HPOS="747" VPOS="2174" WIDTH="44" HEIGHT="30" WC="0.96" CONTENT="då"/><SP WIDTH="25" VPOS="2174" HPOS="791"/>
							<String ID="string_317" HPOS="816" VPOS="2172" WIDTH="128" HEIGHT="31" WC="0.96" CONTENT="ackord"/><SP WIDTH="26" VPOS="2172" HPOS="944"/>
							<String ID="string_318" HPOS="970" VPOS="2171" WIDTH="75" HEIGHT="30" WC="0.96" CONTENT="icke"/><SP WIDTH="26" VPOS="2171" HPOS="1045"/>
							<String ID="string_319" HPOS="1071" VPOS="2170" WIDTH="116" HEIGHT="30" WC="0.96" CONTENT="kunde"/><SP WIDTH="25" VPOS="2170" HPOS="1187"/>
							<String ID="string_320" HPOS="1212" VPOS="2168" WIDTH="186" HEIGHT="30" WC="0.93" CONTENT="anordnas."/>
						</TextLine>
					</TextBlock>
					<TextBlock ID="block_8" HPOS="163" VPOS="2213" WIDTH="1107" HEIGHT="47">
						<TextLine ID="line_42" HPOS="163" VPOS="2213" WIDTH="1107" HEIGHT="47">
							<String ID="string_321" HPOS="163" VPOS="2225" WIDTH="123" HEIGHT="29" WC="0.95" CONTENT="Herrar"/><SP WIDTH="24" VPOS="2225" HPOS="286"/>
							<String ID="string_322" HPOS="310" VPOS="2221" WIDTH="216" HEIGHT="39" WC="0.95" CONTENT="fullmäktige"/><SP WIDTH="25" VPOS="2221" HPOS="526"/>
							<String ID="string_323" HPOS="551" VPOS="2220" WIDTH="181" HEIGHT="39" WC="0.96" CONTENT="godkände"/><SP WIDTH="26" VPOS="2220" HPOS="732"/>
							<String ID="string_324" HPOS="758" VPOS="2228" WIDTH="47" HEIGHT="20" WC="0.96" CONTENT="nu"/><SP WIDTH="26" VPOS="2228" HPOS="805"/>
							<String ID="string_325" HPOS="831" VPOS="2218" WIDTH="78" HEIGHT="30" WC="0.96" CONTENT="herr"/><SP WIDTH="26" VPOS="2218" HPOS="909"/>
							<String ID="string_326" HPOS="935" VPOS="2216" WIDTH="182" HEIGHT="30" WC="0.96" CONTENT="Hanssons"/><SP WIDTH="26" VPOS="2216" HPOS="1117"/>
							<String ID="string_327" HPOS="1143" VPOS="2213" WIDTH="127" HEIGHT="39" WC="0.96" CONTENT="åtgärd."/>
						</TextLine>
					</TextBlock>
				</ComposedBlock>
				<ComposedBlock ID="cblock_4" HPOS="724" VPOS="2274" WIDTH="838" HEIGHT="186">
					<TextBlock ID="block_9" HPOS="724" VPOS="2274" WIDTH="838" HEIGHT="186">
						<TextLine ID="line_43" HPOS="1308" VPOS="2274" WIDTH="180" HEIGHT="30">
							<String ID="string_328" HPOS="1308" VPOS="2275" WIDTH="35" HEIGHT="28" WC="0.96" CONTENT="In"/><SP WIDTH="29" VPOS="2275" HPOS="1343"/>
							<String ID="string_329" HPOS="1372" VPOS="2274" WIDTH="116" HEIGHT="30" WC="0.96" CONTENT="fidem:"/>
						</TextLine>
						<TextLine ID="line_44" HPOS="1231" VPOS="2325" WIDTH="331" HEIGHT="40">
							<String ID="string_330" HPOS="1231" VPOS="2328" WIDTH="87" HEIGHT="29" WC="0.96" CONTENT="Arne"/><SP WIDTH="25" VPOS="2328" HPOS="1318"/>
							<String ID="string_331" HPOS="1343" VPOS="2325" WIDTH="219" HEIGHT="40" WC="0.94" CONTENT="Bergenholtz."/>
						</TextLine>
						<TextLine ID="line_45" HPOS="724" VPOS="2375" WIDTH="281" HEIGHT="42">
							<String ID="string_332" HPOS="724" VPOS="2377" WIDTH="50" HEIGHT="30" WC="0.90" CONTENT="Ex"/><SP WIDTH="26" VPOS="2377" HPOS="774"/>
							<String ID="string_333" HPOS="800" VPOS="2375" WIDTH="205" HEIGHT="42" WC="0.89" CONTENT="protocollo:"/>
						</TextLine>
						<TextLine ID="line_46" HPOS="758" VPOS="2422" WIDTH="213" HEIGHT="38">
							<String ID="string_334" HPOS="758" VPOS="2429" WIDTH="77" HEIGHT="31" WC="0.96" CONTENT="Eric"/><SP WIDTH="26" VPOS="2429" HPOS="835"/>
							<String ID="string_335" HPOS="861" VPOS="2422" WIDTH="110" HEIGHT="37" WC="0.96" CONTENT="Öhlin."/>
						</TextLine>
					</TextBlock>
				</ComposedBlock>
				<ComposedBlock ID="cblock_5" HPOS="563" VPOS="2522" WIDTH="598" HEIGHT="25">
					<TextBlock ID="block_10" HPOS="563" VPOS="2522" WIDTH="598" HEIGHT="25">
						<TextLine ID="line_47" HPOS="563" VPOS="2522" WIDTH="598" HEIGHT="25">
							<String ID="string_336" HPOS="563" VPOS="2526" WIDTH="313" HEIGHT="21" WC="0.91" CONTENT="CENTRALTRYCKERIET,"/><SP WIDTH="25" VPOS="2526" HPOS="876"/>
							<String ID="string_337" HPOS="901" VPOS="2523" WIDTH="169" HEIGHT="19" WC="0.96" CONTENT="STOCKHOLM"/><SP WIDTH="32" VPOS="2523" HPOS="1070"/>
							<String ID="string_338" HPOS="1102" VPOS="2522" WIDTH="59" HEIGHT="18" WC="0.94" CONTENT="1931"/>
						</TextLine>
					</TextBlock>
				</ComposedBlock>
			</PrintSpace>
		</Page>
	</Layout>
</alto>
