2236 2646
190 298 67 30 Ang.
278 298 89 30 anslag

174 333 39 22 till
240 333 138 30 byggnads-

195 368 103 23 arbeten
315 368 44 23 vid

174 403 102 31 Alnarp
297 410 31 16 m.
347 410 32 16 m.

175 439 62 45 [17
256 451 20 23 0
305 439 73 46 18.]

441 219 40 30 36
906 218 248 33 Statsutskottets
1182 219 171 34 Utlåtande
1377 220 61 31 N:o
1460 220 29 30 7.

526 298 97 50 23:0)
656 299 139 49 Kongl.
829 299 105 48 Maj:t
961 299 68 37 har
1057 299 205 49 föreslagit,
1291 304 55 31 att
1372 298 218 50 Riksdagen
1617 302 116 34 måtte
1761 299 75 36 dels
1863 299 41 36 af
1925 298 65 37 det

397 350 83 36 utaf
515 350 217 49 Riksdagen
774 354 39 34 år
857 353 94 35 1891
990 351 57 36 för
1086 351 240 36 bestridande
1359 351 41 36 af
1422 351 252 37 kostnaderna
1700 350 58 37 för
1787 351 202 48 byggnads-

399 404 141 34 arbeten
582 404 60 35 och
675 417 47 34 ny
755 404 270 47 värmeledning
1053 404 62 35 vid
1143 404 142 47 Alnarp
1315 417 44 23 m.
1390 417 45 22 m.
1464 403 184 48 beviljade
1677 402 144 48 anslag,
1851 403 138 47 67,425

397 454 148 47 kronor,
573 457 47 46 på
647 460 107 31 extra
782 461 74 30 stat
883 455 56 36 för
966 458 41 33 år
1037 456 97 35 1894
1163 455 131 36 anvisa
1317 455 232 36 återstående
1581 456 135 46 14,425
1745 455 148 44 kronor,
1915 455 75 35 dels

399 507 62 35 ock
502 506 202 49 medgifva,
747 512 55 31 att
836 506 71 37 den
935 506 213 49 besparing,
1173 520 80 23 som
1282 506 148 37 komme
1459 512 56 31 att
1541 510 135 46 uppstå
1704 509 19 34 å
1756 506 63 36 det
1846 506 56 36 för
1930 519 61 23 an-

398 557 189 37 ordnande
628 558 42 36 af
702 558 118 49 högre
848 558 272 49 undervisning
1147 558 12 36 i
1187 558 376 49 mejerihushållning
1590 558 62 36 vid
1679 558 162 49 Alnarps
1869 557 120 37 landt-

396 609 265 37 bruksinstitut
704 613 20 33 å
764 616 106 31 extra
897 616 75 31 stat
1000 610 58 37 för
1090 613 39 33 år
1164 612 97 35 1893
1293 610 176 37 anvisade
1499 610 143 49 anslag,
1674 612 137 45 10,000
1841 609 149 48 kronor,

397 661 101 48 finge
539 662 190 36 användas
770 662 58 37 för
866 662 293 49 genomförande
1191 662 42 36 af
1255 662 220 37 förändrade
1504 662 252 48 anordningar
1783 662 13 35 i
1819 661 72 37 den
1918 674 75 36 nya

397 713 360 49 mejeribyggnaden
791 714 62 36 vid
885 714 140 49 Alnarp
1054 719 97 31 samt
1179 714 56 37 för
1263 714 242 37 anskaffande
1533 714 41 36 af
1596 714 142 36 möbler
1766 713 69 37 och
1861 713 131 37 inven-

397 765 124 47 tarier,
550 765 65 36 allt
642 766 13 35 i
682 765 268 50 hufvudsaklig
977 766 391 37 öfverensstämmelse
1397 766 84 36 med
1506 766 204 49 styrelsens
1729 765 57 37 för
1805 765 188 36 institutet

397 817 12 35 i
437 817 403 49 statsrådsprotokollet
878 818 106 36 öfver
1016 818 251 37 civilärenden
1295 818 56 37 för
1378 818 72 37 den
1481 820 46 34 14
1550 817 150 49 januari
1732 819 95 35 1893
1853 817 139 36 omför-

398 868 123 37 mälda
548 869 153 49 förslag.

526 921 130 48 Enligt
697 921 100 37 hvad
838 921 408 49 statsrådsprotokollet
1287 921 155 47 utvisar,
1483 921 68 37 har
1582 920 412 50 departementschefen

400 972 60 36 vid
503 972 172 37 ärendets
708 973 269 49 föredragning
1008 973 97 37 inför
1132 973 138 49 Kongl.
1299 974 107 48 Maj:t
1433 972 315 49 hufvudsakligen
1776 972 133 47 anfört,
1939 977 56 31 att

399 1024 85 37 med
499 1024 63 37 det
579 1028 39 33 år
638 1027 94 34 1891
752 1025 176 37 anvisade
943 1025 376 49 byggnadsanslaget
1334 1025 144 47 afsetts,
1493 1025 112 37 bland
1621 1030 125 42 annat,
1763 1023 232 50 uppförande

399 1076 40 37 af
474 1089 47 24 en
561 1090 51 36 ny
652 1077 312 49 mejeribyggnad
1007 1083 97 31 samt
1136 1077 133 37 bostad
1302 1080 37 33 åt
1370 1077 116 36 förste
1513 1077 145 36 läraren
1685 1076 64 36 vid
1777 1076 71 36 den
1876 1076 119 48 högre

399 1128 263 49 mejeriskolan
703 1129 64 36 vid
808 1129 161 49 Alnarps
1002 1129 385 36 landtbruksinstitut.
1444 1128 122 37 Sedan
1593 1141 138 36 genom
1759 1128 127 48 kongl.
1915 1127 86 37 bref

399 1180 72 36 den
502 1183 44 33 12
564 1181 72 48 maj
662 1182 97 35 1892
781 1180 229 49 medgifvits,
1032 1186 55 31 att
1106 1180 361 50 mejeribyggnaden
1486 1180 100 48 finge
1605 1179 179 50 uppföras
1804 1179 12 36 i
1835 1179 160 36 hufvud-

399 1232 124 48 saklig
551 1232 387 37 öfverensstämmelse
966 1233 86 36 med
1080 1246 46 23 en
1145 1233 41 36 af
1198 1232 358 49 institutsstyrelsen
1574 1231 134 37 insänd
1726 1231 154 48 ritning,
1900 1230 97 37 hade

399 1284 208 36 emellertid
633 1298 50 22 nu
713 1285 195 49 styrelsen,
938 1284 86 37 med
1052 1284 228 49 hänvisning
1307 1284 57 37 till
1391 1284 63 36 det
1482 1283 41 37 af
1545 1283 184 50 styrelsen
1757 1283 144 48 afgifna
1919 1282 77 37 för-

400 1335 82 49 slag
522 1336 58 36 till
620 1336 190 37 ordnande
851 1337 41 36 af
927 1336 73 37 den
1044 1337 118 48 högre
1207 1336 452 49 mejeriundervisningen
1699 1335 64 36 vid
1798 1335 152 49 Alnarp,
1983 1335 13 36 i

400 1388 197 37 skrifvelse
629 1388 73 37 den
734 1391 15 34 1
782 1388 154 37 oktober
967 1390 97 35 1892
1094 1389 151 48 anmält,
1275 1394 55 31 att
1353 1388 174 36 bostäder
1553 1387 64 37 vid
1644 1387 190 37 institutet
1861 1387 136 37 sakna-

400 1439 66 36 des
508 1440 33 48 ej
583 1440 95 37 blott
721 1444 37 33 åt
790 1441 73 36 den
894 1440 179 37 assistent
1100 1441 69 36 och
1197 1440 73 37 den
1298 1440 351 49 mejeriinstruktör,
1678 1453 80 22 som
1787 1439 119 48 enligt
1933 1438 64 37 be-

400 1491 110 37 rörda
547 1492 140 49 förslag
727 1492 115 37 borde
882 1492 62 37 vid
974 1492 264 49 mejeriskolan
1266 1492 190 48 anställas,
1484 1497 90 31 utan
1601 1492 69 36 ock
1698 1491 58 36 för
1783 1491 63 36 det
1878 1490 120 37 ökade

400 1543 141 37 antalet
582 1544 122 37 elever
744 1544 205 48 derstädes,
983 1557 86 24 men
1104 1550 55 31 att
1186 1544 55 37 uti
1270 1544 72 36 den
1368 1557 75 36 nya
1470 1543 360 50 mejeribyggnaden
1859 1542 139 37 sådana

400 1595 261 49 förändringar
701 1596 12 36 i
755 1596 173 37 afseende
970 1599 21 34 å
1031 1596 249 49 inredningen
1314 1596 124 36 kunde
1470 1601 125 43 göras,
1629 1601 55 30 att
1710 1594 176 37 bostäder
1913 1594 84 37 der-

401 1647 125 37 städes
554 1648 125 37 kunde
706 1648 169 37 bemälde
902 1661 179 36 personer
1107 1648 168 48 beredas,
1304 1648 209 49 hvarjemte
1537 1647 184 49 styrelsen
1740 1646 177 37 hemstält
1936 1660 60 23 om

401 1699 203 37 anvisande
633 1700 40 36 af
696 1700 128 37 härför
850 1700 140 49 nödiga
1018 1700 132 48 medel,
1179 1700 222 49 uppgående
1428 1699 58 37 till
1507 1701 110 46 5,000
1637 1699 138 36 kronor
1794 1698 56 37 för
1865 1698 134 49 sjelfva

400 1751 245 38 bostädernas
678 1752 239 37 anordnande
949 1752 70 37 och
1050 1754 111 46 1,000
1188 1752 138 36 kronor
1353 1751 57 37 till
1438 1751 242 37 anskaffande
1709 1751 42 36 af
1773 1750 140 49 nödiga
1940 1750 57 35 in-

400 1804 187 36 ventarier
614 1804 135 37 dertill.
806 1803 128 38 Såsom
963 1817 47 23 en
1038 1804 171 49 tillgång,
1239 1817 80 23 som
1348 1803 125 37 härtill
1497 1803 117 36 skulle
1643 1803 127 36 kunna
1794 1801 203 48 användas,

396 1856 95 37 hade
520 1856 185 49 styrelsen
733 1856 174 37 hänvisat
934 1859 47 46 på
1009 1856 73 36 den
1108 1856 215 49 besparing,
1353 1869 79 23 som
1462 1858 20 33 å
1510 1854 62 37 det
1599 1854 59 37 för
1685 1853 252 38 innevarande
1958 1856 40 34 år

403 1908 177 37 anvisade
608 1908 184 49 anslaget,
824 1910 136 45 10,000
989 1908 147 48 kronor,
1165 1907 57 37 till
1250 1907 238 37 anordnande
1517 1906 41 37 af
1581 1907 117 48 högre
1726 1905 273 49 undervisning

401 1960 13 36 i
442 1960 374 50 mejerihushållning
843 1960 62 37 vid
932 1960 190 37 institutet
1145 1960 149 37 komme
1323 1965 55 31 att
1405 1962 135 46 uppstå
1566 1959 13 36 i
1605 1958 93 50 följd
1726 1958 114 47 deraf,
1861 1963 55 31 att
1935 1957 64 37 det

403 2012 119 37 ökade
563 2012 140 37 antalet
736 2012 122 37 elever
901 2012 63 37 vid
993 2012 264 50 mejeriskolan
1284 2011 82 37 icke
1393 2011 125 37 kunde
1545 2011 149 48 intagas
1723 2010 124 37 förrän
1874 2010 73 36 den
1979 2012 17 34 1

402 2064 203 37 november
631 2064 252 37 innevarande
911 2067 50 34 år.

533 2116 122 37 Sedan
694 2116 410 49 landtbruksstyrelsen
1144 2115 184 37 anbefalts
1369 2120 55 31 att
1455 2115 13 35 i
1496 2113 202 49 anledning
1726 2113 111 37 häraf
1855 2112 145 49 afgifva

402 2168 203 49 utlåtande,
633 2168 97 37 hade
750 2168 120 37 denna
891 2168 158 49 styrelse
1068 2168 81 37 från
1166 2166 358 49 institutsstyrelsen
1546 2166 132 48 begärt
1697 2165 203 47 utredning
1919 2163 80 36 dels

402 2221 13 36 i
443 2220 106 48 fråga
576 2234 60 23 om
664 2220 252 37 kostnaderna
943 2220 57 36 för
1028 2217 243 39 anskaffande
1299 2218 41 37 af
1361 2232 51 22 nu
1434 2217 284 49 ifrågavarande
1738 2216 173 38 bostäder
1930 2214 69 58 och

403 2272 238 49 inventarier,
684 2272 80 37 dels
801 2272 69 37 ock
900 2272 12 36 i
940 2272 100 36 hvad
1067 2275 85 33 mån
1179 2270 256 51 nyssnämnda
1463 2269 131 49 anslag
1621 2269 125 37 kunde
1773 2269 123 36 lemna
1923 2266 75 36 till-

403 2327 103 47 gång
547 2323 56 37 till
643 2324 239 37 bestridande
923 2324 41 37 af
991 2324 110 36 dessa
1132 2323 215 47 kostnader,
1375 2321 189 37 hvarefter
1590 2317 410 50 landtbruksstyrelsen
