2206 2618
639 186 402 32 Konstitutionsutskottets
1067 188 161 31 utlåtande
1255 188 49 30 Nr
1330 192 27 25 v.
1774 189 20 28 3

202 269 85 33 Men
317 268 177 35 utskottet
522 268 72 35 kan
623 267 80 36 icke
732 269 97 34 finna
858 268 202 47 ådagalagt,
1087 272 57 32 att
1173 270 132 34 sådana
1334 269 230 47 olägenheter
1592 269 13 34 i
1632 281 49 23 nu
1707 268 89 37 före-

201 322 157 34 varande
388 322 62 34 fall
480 321 117 35 skulle
627 334 83 23 vara
740 322 54 34 för
824 322 153 34 handen.

308 376 119 34 Såsom
459 374 75 34 skäl
567 375 53 34 för
649 374 62 35 sitt
740 374 163 47 yrkande
933 375 92 34 hava
1048 374 261 37 motionärerna
1329 375 151 35 ullenast
1501 375 130 43 anfört,
1655 379 53 32 att
1728 376 69 34 den

199 441 265 33 gemensamma
493 427 382 35 sammunträdestiden
905 428 116 35 skulle
1052 429 156 35 medföra
1239 428 127 35 hinder:
1399 429 56 35 för
1484 429 313 46 lamdshövdingen

200 481 12 34 i
241 481 96 35 länet
367 484 53 31 att
447 487 154 28 närvara
630 481 59 34 vid
718 481 92 34 båda
839 480 249 47 landstingens
1122 482 297 34 sammanträden.

308 533 164 35 Givetvis
516 534 125 33 kunna
669 533 12 34 i
710 534 99 34 detta
837 534 204 34 hänseende
1070 534 95 35 vissa
1194 534 229 46 olägenheter
1452 537 141 43 uppstå.
1652 535 18 33 I
1700 534 97 47 regel

200 587 101 34 torde
343 587 60 35 det
447 587 54 34 väl
545 586 90 34 dock
664 586 181 46 knappast
876 599 83 22 vara
987 587 141 34 förenat
1162 588 79 33 med
1274 587 267 46 oöverkomliga
1575 587 222 47 svårigheter

203 640 53 34 för
299 640 266 35 vederbörande
602 639 264 46 landshövding
908 643 54 31 att
1002 639 13 34 i
1058 640 71 35 viss
1165 639 251 48 utsträckning
1445 640 86 48 följa
1559 640 92 35 båda
1680 641 116 34 lands-

200 693 144 46 tingens
373 692 283 47 förhandlingar,
694 692 123 35 oaktat
846 693 43 34 de
918 692 158 47 försiggå
1105 693 194 47 samtidigt.
1359 693 76 35 Och
1465 693 12 34 i
1507 694 68 34 den
1605 696 81 32 mån
1717 700 77 29 när-

199 759 83 23 varo
325 759 44 22 av
412 759 41 22 en
484 746 276 47 länsstyrelsens
790 749 248 43 representant
1068 759 134 22 samma
1232 747 68 46 dag
1329 747 161 46 påkallas
1520 746 11 35 i
1559 747 92 35 båda
1680 747 116 36 lands-

198 800 137 45 tingen,
364 800 178 46 erbjuder,
579 802 113 32 såsom
724 800 176 34 utskottet
929 800 111 34 redan
1072 800 58 34 vid
1162 800 156 48 fjolårets
1348 800 148 46 riksdag
1527 800 177 42 framhöll,
1736 801 60 35 det

199 853 13 34 i
249 856 44 31 17
334 854 21 44 $
398 852 462 47 landstingsförordningen
888 852 148 47 intagna
1067 854 213 45 stadgandet
1309 866 53 22 om
1394 858 173 30 ersättare
1597 853 54 35 för
1677 855 120 34 lands-

200 906 205 46 hövdingen
447 905 13 35 i
488 906 64 34 allt
581 905 63 35 fall
671 918 46 22 en
750 906 142 46 lösning
920 918 44 22 av
994 906 281 46 svårigheterna.
1334 907 81 35 Vad
1445 906 263 36 motionärerna
1733 919 63 23 an-

199 959 71 35 fört
313 971 54 22 om
411 958 217 36 sistberörda
670 959 215 46 stadgandes
921 958 177 35 innebörd
1130 980 47 4 —
1203 963 56 32 att
1288 960 61 35 det
1376 959 183 47 nämligen
1587 959 210 36 tillkommit

201 1013 79 34 med
308 1013 176 34 avseende
512 1012 152 35 allenast
692 1014 20 32 å
740 1011 182 47 tillfälliga
950 1012 129 35 hinder
1108 1025 127 32 genom
1264 1013 166 46 sjukdom
1465 1025 29 23 o.
1531 1026 27 23 s.
1595 1027 45 30 v.,
1663 1015 30 47 ej
1715 1014 82 35 med

198 1065 121 36 avsikt
347 1069 53 32 att
428 1065 12 34 i
468 1065 97 47 regel
594 1078 44 22 en
667 1068 174 32 ersättare
870 1065 117 35 skulle
1017 1070 246 42 representera
1283 1066 257 47 länsstyrelsen
1563 1088 46 3 —
1631 1067 67 34 har
1717 1065 80 37 icke

199 1119 131 35 rubbat
360 1119 194 35 utskottets
583 1119 224 47 övertygelse
836 1131 55 22 om
921 1119 81 35 dess
1030 1119 256 48 tillämplighet
1313 1119 13 35 i
1345 1120 238 35 förevarande
1603 1120 73 35 fall.
1736 1121 60 35 Ut-

199 1173 136 35 skottet
364 1173 115 35 finner
507 1172 181 47 nämligen
719 1172 80 35 icke
828 1172 199 46 ådagalagt,
1060 1177 53 31 att
1141 1177 51 31 ett
1220 1173 122 46 avslag
1371 1176 19 32 å
1419 1173 182 36 motionen
1631 1174 165 35 ovillkor-

200 1226 96 47 ligen
326 1226 117 35 skulle
479 1225 195 44 föranleda,
706 1230 54 31 att
788 1225 257 48 länsstyrelsen
1079 1226 33 34 »i
1141 1226 118 47 regel»
1292 1226 117 36 skulle
1438 1227 144 35 komma
1610 1231 53 32 att
1691 1227 13 35 i
1733 1232 64 31 ett-

202 1280 85 35 dera
316 1292 43 22 av
386 1279 231 46 landstingen
646 1278 199 36 företrädas
874 1291 44 23 av
947 1291 120 23 annan
1097 1285 46 29 än
1171 1280 319 46 landshövdingen.

308 1332 125 47 Enligt
475 1333 68 34 vad
584 1332 177 35 utskottet
795 1332 64 34 har
888 1332 54 47 sig
970 1332 147 45 bekant,
1148 1333 74 35 lära
1252 1333 44 35 de
1325 1333 240 47 sakkunniga,
1597 1345 74 23 som
1700 1334 96 34 inom

202 1386 70 35 den
300 1389 180 31 närmaste
508 1385 193 35 framtiden
730 1385 101 35 torde
860 1385 142 35 komma
1031 1390 54 31 att
1113 1386 128 46 avgiva
1269 1387 186 35 utlåtande
1484 1399 55 22 om
1569 1386 154 36 revision
1753 1399 44 23 av

201 1438 474 47 landstingsförordningen,
725 1438 129 35 föreslå
901 1439 68 35 den
1018 1439 155 46 ändring
1222 1439 12 35 1
1280 1440 152 35 berörda
1480 1441 207 46 stadgande,
1745 1444 52 32 att

202 1493 60 35 vid
292 1492 116 36 förfall
430 1492 55 35 för
504 1492 311 46 landshövdingen
834 1492 257 47 länsstyrelsen
1110 1492 80 36 icke
1214 1493 252 47 ovillkorligen
1486 1494 93 35 skall
1599 1494 201 36 företrädas

201 1560 45 23 av
275 1547 80 35 dess
383 1546 13 35 i
424 1545 158 48 tjänsten
611 1546 113 35 äldste
751 1546 167 43 ledamot,
950 1549 85 32 utan
1067 1546 55 35 till
1151 1550 172 32 ersättare
1342 1550 57 32 må
1420 1547 123 35 kunna
1564 1550 97 33 utses
1680 1560 121 23 annan

201 1613 43 22 av
275 1600 80 35 dess
374 1599 205 36 ledamöter.
639 1599 66 36 Om
727 1611 44 23 en
792 1600 110 34 sådan
923 1599 155 47 ändring
1097 1601 235 45 genomföres,
1354 1601 66 34 och
1440 1600 187 48 möjlighet
1647 1602 152 35 sålunda

202 1659 136 41 öppnas
367 1657 53 31 att
448 1656 79 32 utse
555 1654 81 43 den,
667 1657 88 31 utan
784 1653 176 35 avseende
989 1656 20 32 å
1037 1654 269 46 tjänsteåldern,
1337 1654 227 48 lämpligaste
1596 1655 202 35 ledamoten

201 1720 44 23 av
273 1707 257 47 länsstyrelsen
559 1707 56 35 till
642 1705 329 48 landshövdingens
992 1710 184 41 ersättare,
1199 1707 160 35 minskas
1378 1711 197 43 yttermera
1594 1709 44 34 de
1658 1709 140 47 olägen-

201 1761 112 43 heter,
358 1772 73 23 som
476 1760 170 48 möjligen
688 1760 117 35 skulle
846 1760 126 35 kunna
1014 1772 105 24 anses
1147 1760 169 36 förenade
1345 1762 82 35 med
1455 1762 70 34 den
1553 1774 51 23 nu
1631 1762 167 47 gällande

202 1814 210 45 ordningen.

310 1867 71 35 Vid
410 1867 128 35 sådant
567 1866 222 36 förhållande
818 1866 72 36 kan
920 1866 114 47 enligt
1063 1868 194 35 utskottets
1286 1867 148 48 mening
1461 1868 81 36 icke
1561 1869 236 36 tillerkännas

201 1920 203 47 avgörande
432 1920 184 47 betydelse
644 1922 38 33 åt
710 1921 69 34 den
809 1920 324 48 omständigheten,
1164 1924 53 32 att
1246 1921 222 37 önskemålet
1496 1934 56 23 om
1574 1922 117 36 skilda
1711 1935 88 23 sam-

201 1973 310 44 manträdestider,
544 1973 113 36 vilket
685 1973 163 48 tidigare,
880 1976 44 44 på
953 1978 72 32 sätt
1053 1987 45 23 av
1126 1975 195 36 utskottets
1351 1975 188 36 utlåtande
1559 1976 59 35 vid
1639 1976 160 49 fjolårets

200 2027 150 47 riksdag
391 2027 169 46 framgår,
606 2028 114 34 under
761 2040 45 22 en
848 2027 84 46 lång
969 2028 89 48 följd
1101 2041 44 23 av
1174 2031 38 32 år
1255 2029 30 48 ej
1317 2028 193 46 framträtt,
1540 2042 150 23 numera
1720 2031 79 35 med

202 2081 126 47 styrka
356 2081 94 48 gjort
478 2080 54 48 sig
560 2081 165 46 gällande
754 2080 95 35 inom
879 2081 269 37 vederbörande
1177 2082 191 47 landsting.

308 2135 50 35 På
386 2135 118 46 grund
532 2147 45 22 av
605 2135 70 35 vad
704 2135 152 35 sålunda
884 2134 149 45 anförts,
1064 2135 55 35 får
1148 2136 175 35 utskottet
1352 2137 199 43 hemställa,
