2260 2592
472 164 40 30 12
939 161 255 32 Statsutskottets
1224 162 169 32 Utlåtande
1415 162 64 31 N:o
1507 162 30 30 2.

425 242 145 48 Kungl.
601 242 131 49 Maj:ts
762 239 242 50 disposition,
1035 239 72 36 och
1136 252 114 35 synes
1272 239 110 36 alltså
1397 238 147 49 jämväl
1564 237 266 37 förstnämnda
1850 237 89 36 slott
1956 238 94 37 böra

425 295 42 35 af
501 295 110 35 Hans
641 293 111 47 Maj:t
779 291 174 48 Konung
982 290 144 37 Gustaf
1149 291 35 37 V
1211 291 121 36 under
1362 291 95 36 hans
1485 289 123 36 lifstid
1637 289 221 49 disponeras
1886 291 49 46 på
1963 303 86 23 ena-

426 346 129 36 handa
595 344 152 46 villkor,
782 356 81 23 som
893 356 142 35 genom
1064 343 133 36 Rikets
1228 342 180 37 Ständers
1437 341 66 36 vid
1528 341 105 35 detta
1651 340 196 37 utlåtande
1866 340 13 36 1
1898 341 151 36 afskrift

423 397 184 47 bifogade
651 395 202 36 skrifvelse
895 395 74 36 den
1013 396 18 34 1
1072 395 197 36 december
1300 396 98 34 1809
1428 392 127 37 blifvit
1583 391 198 37 bestämda
1808 392 13 36 i
1849 392 111 48 fråga
1988 405 61 23 om

422 447 342 48 Drottningholms
793 461 48 22 m.
872 447 38 36 fl.
941 447 182 36 lustslott.
1168 446 60 36 En
1257 446 95 47 följd
1380 444 115 36 häraf
1521 444 121 36 skulle
1670 444 131 46 blifva,
1832 449 55 31 att
1914 443 135 37 räken-

426 500 191 48 skaperna
645 499 162 36 rörande
836 498 238 48 Roserbergs
1105 499 101 45 slott,
1235 497 13 35 i
1276 501 162 31 motsats
1467 495 57 36 till
1552 496 102 35 hvad
1674 495 60 36 för
1753 496 236 36 närvarande
2009 501 41 30 är

425 551 269 47 förhållandet,
724 550 300 37 underkastades
1055 549 244 48 granskning
1327 548 41 35 af
1392 548 300 35 kammarrätten
1717 547 71 36 och
1807 546 241 49 Riksdagens

423 603 202 36 revisorer.
683 602 242 37 Beträffande
968 601 62 36 det
1071 601 58 35 till
1159 600 129 36 slottet
1316 599 122 47 enligt
1466 598 179 48 gällande
1673 598 159 36 riksstat
1860 599 189 48 utgående

426 655 136 47 anslag
598 654 110 36 torde
743 654 60 35 för
830 652 240 37 närvarande
1099 655 131 45 någon
1258 650 229 48 förändring
1514 650 83 36 icke
1624 650 94 35 böra
1747 654 74 43 äga
1848 663 94 23 rum.

555 705 101 37 Herr
698 705 188 36 Larssons
927 703 280 37 ofvanberörda
1239 703 145 35 motion
1412 702 70 36 har
1509 701 188 36 utskottet
1725 706 126 31 ansett
1879 701 58 36 för
1965 707 85 31 när-

423 757 169 36 varande
621 757 84 36 icke
733 756 94 36 böra
857 755 199 37 föranleda
1084 755 57 35 till
1170 768 127 22 annan
1324 754 245 47 Riksdagens
1600 752 137 49 åtgärd
1761 758 49 30 än
1830 758 55 30 att
1904 754 12 35 i
1936 754 113 36 skrif-

422 809 104 36 velse
569 808 58 36 till
670 808 141 48 Kungl.
855 807 113 49 Maj:t
1008 806 204 36 framhålla
1244 805 309 44 önskvärdheten
1583 804 119 47 däraf,
1733 809 54 31 att
1817 804 46 36 de
1891 805 157 48 förslag,

426 860 133 36 hvilka
579 860 123 47 enligt
723 859 86 36 från
828 858 465 37 riksmarskalksämbetet
1306 857 154 35 lämnad
1476 855 158 49 uppgift
1649 856 132 48 hvarje
1798 858 41 33 år
1853 861 196 43 uppgöras

422 911 240 37 beträffande
696 911 46 37 de
771 911 168 47 arbeten,
969 923 83 24 som
1082 923 110 22 anses
1221 909 94 35 böra
1342 908 121 36 under
1490 907 309 49 nästpåföljande
1829 909 41 33 år
1898 907 152 36 komma

423 964 57 35 till
522 963 206 36 utförande
757 965 21 33 å
810 962 46 36 de
884 962 135 48 kungl.
1050 962 232 45 lustslotten,
1312 962 129 44 måtte,
1471 960 118 35 innan
1618 959 195 36 desamma
1840 958 209 37 fastställas

424 1015 60 36 till
514 1014 266 47 efterrättelse,
811 1014 256 36 öfverlämnas
1096 1013 58 36 till
1182 1012 245 48 granskning
1455 1012 71 35 och
1546 1011 196 35 utlåtande
1762 1010 41 36 af
1820 1010 230 36 öfverinten-

425 1066 295 46 dentsämbetet,
751 1078 81 23 som
863 1066 227 47 därigenom
1118 1064 73 36 blir
1220 1068 76 31 satt
1323 1064 12 35 i
1364 1063 148 35 tillfälle
1541 1067 57 31 att
1626 1063 148 47 årligen
1802 1062 92 48 ingå
1913 1062 12 35 1
1944 1062 106 48 pröf-

425 1119 99 48 ning
558 1117 42 36 af
624 1118 46 36 de
700 1117 191 48 åtgärder,
923 1130 82 22 som
1033 1116 179 47 vidtagas
1242 1115 60 36 för
1329 1115 46 36 de
1403 1115 134 46 kungl.
1567 1114 243 35 lustslottens
1839 1113 208 36 underhåll.

556 1169 114 36 Hvad
689 1168 183 36 beträffar
891 1169 140 46 frågan
1051 1180 63 23 om
1135 1167 373 48 dispositionsrätten
1527 1165 57 36 till
1602 1165 258 48 Djurgården,
1880 1164 169 48 gjordes,

424 1224 127 33 såsom
583 1221 117 35 ofvan
730 1220 207 46 anmärkts,
968 1222 41 33 så
1037 1219 160 48 nyligen
1227 1231 82 23 som
1336 1217 66 36 vid
1433 1219 98 34 1906
1562 1219 61 33 års
1652 1216 160 47 riksdag
1839 1216 41 35 af
1903 1216 147 35 enskild

423 1273 193 35 motionär
657 1272 105 36 inom
803 1272 132 35 Andra
975 1271 223 35 kammaren
1239 1268 287 48 framställning
1567 1268 143 46 därom,
1745 1272 56 31 att
1828 1267 222 48 Riksdagen

422 1324 90 36 ville
554 1324 12 35 i
609 1323 201 36 skrifvelse
852 1323 58 35 till
937 1322 145 48 Kungl.
1113 1322 110 48 Maj:t
1250 1320 177 49 uttrycka
1456 1320 72 36 den
1557 1319 159 47 önskan,
1747 1324 65 42 att,
1843 1332 61 23 om
1932 1324 119 43 ytter-

421 1376 122 48 ligare
579 1380 140 31 tomter
748 1375 56 35 till
832 1373 260 50 bebyggande
1121 1373 151 35 komme
1301 1377 55 31 att
1385 1374 20 33 å
1432 1371 264 49 Djurgårdens
1727 1370 113 36 södra
1868 1370 59 35 del
1954 1383 96 35 upp-

424 1427 112 47 låtas,
568 1427 106 36 detta
702 1426 84 36 icke
814 1428 120 33 måtte
963 1425 69 36 ske
1060 1425 13 35 i
1102 1424 118 36 sådan
1248 1423 281 47 utsträckning,
1561 1427 56 31 att
1644 1422 265 49 Djurgårdens
1935 1434 114 35 egen-

423 1480 96 47 skap
550 1479 43 35 af
618 1483 128 44 öppen
774 1478 95 48 park
899 1477 111 35 däraf
1035 1476 152 36 komme
1216 1480 55 31 att
1298 1475 87 36 lida.

556 1530 76 36 Det
661 1529 195 48 tillfälliga
884 1528 163 46 utskott,
1078 1527 57 36 till
1162 1527 115 36 hvars
1304 1526 239 48 behandling
1570 1525 163 36 berörda
1761 1525 146 35 motion
1926 1524 123 36 öfver-

424 1582 209 46 lämnades,
663 1581 153 49 yttrade
843 1581 12 35 i
885 1581 67 35 sitt
981 1580 107 36 öfver
1118 1579 223 36 densamma
1366 1578 150 48 afgifna
1534 1577 209 46 utlåtande,
1765 1575 94 37 efter
1880 1580 54 31 att
1954 1575 96 36 först

424 1633 118 36 hafva
575 1633 201 48 redogjort
803 1632 61 36 för
894 1632 73 35 den
997 1630 246 48 omfattning,
1273 1630 13 36 i
1313 1630 155 35 hvilken
1498 1629 129 48 dylika
1654 1627 233 49 upplåtelser
1916 1627 132 36 dittills

424 1689 69 44 ägt
521 1698 97 30 rum,
650 1684 118 36 bland
797 1688 131 31 annat:

556 1736 157 36 »Under
756 1736 110 35 dessa
908 1733 271 38 förhållanden
1221 1746 115 34 synes
1377 1732 192 48 knappast
1599 1734 130 45 någon
1757 1729 126 37 bättre
1913 1729 136 36 anord-

423 1787 98 48 ning
562 1792 49 30 än
654 1787 74 36 den
770 1786 223 37 nuvarande
1035 1785 132 36 kunna
1199 1784 131 36 träffas
1359 1784 12 35 i
1400 1784 101 48 syfte
1530 1788 57 30 att
1615 1783 141 35 bevara
1782 1781 267 49 Djurgårdens

424 1839 183 35 karaktär
637 1839 42 36 af
704 1851 48 23 en
781 1843 128 44 öppen
939 1838 71 35 och
1040 1836 208 49 obebyggd
1276 1836 108 48 park.
1436 1835 85 35 Den
1550 1839 42 31 är
1620 1834 186 49 upplåten
1835 1836 39 33 åt
1901 1833 148 35 landets

424 1899 141 39 regent
610 1890 59 35 till
715 1889 260 49 begagnande
1022 1901 82 23 som
1152 1888 107 47 park,
1307 1887 87 36 dess
1434 1885 234 48 nuvarande,
1712 1885 72 36 och
1826 1890 103 30 ännu
1970 1896 79 23 mer

424 1942 89 36 dess
555 1940 198 37 blifvande
795 1940 211 36 inkomster
1047 1938 116 37 räcka
1203 1951 82 23 mer
1327 1943 48 31 än
1413 1938 63 36 väl
1504 1959 48 5 —
1582 1943 93 30 utan
1704 1937 121 36 ökade
1853 1939 195 44 tomtupp-

424 1993 156 36 låtelser
610 2014 46 4 —
687 1992 60 35 till
789 1992 85 36 dess
916 1990 204 37 underhåll
1162 1990 71 36 och
1275 1989 236 48 utveckling,
1551 1989 72 37 och
1665 1989 48 35 då
1746 1988 193 36 desamma
1966 1986 83 36 icke

424 2045 39 36 få
506 2044 197 36 användas
745 2043 60 36 till
846 2045 122 46 något
1010 2046 130 43 annat,
1177 2042 197 36 bortfaller
1402 2042 133 48 hvarje
1566 2040 169 37 enskildt
1762 2040 175 44 intresse,
1967 2051 82 22 som

424 2096 130 36 kunde
597 2100 94 44 göra
736 2095 62 48 sig
825 2093 182 49 gällande
1038 2098 57 31 att
1123 2106 142 35 genom
1293 2107 77 36 nya
1396 2092 335 50 tomtupplåtelser
1759 2090 141 36 bereda
1927 2089 122 36 ökade

424 2148 225 37 inkomster.
707 2147 77 36 Det
825 2146 125 36 skulle
992 2150 140 31 nästan
1171 2158 154 23 snarare
1354 2145 131 36 kunna
1512 2144 139 36 tänkas
1680 2155 92 23 vara
1799 2141 164 49 möjligt,
1994 2145 55 31 att

430 2199 251 38 ekonomiska
723 2199 193 36 intressen
958 2210 144 36 genom
1143 2196 332 50 tomtupplåtelser
1502 2197 13 35 i
1544 2201 80 31 stor
1662 2193 108 38 skala
1798 2192 129 36 kunde
1956 2197 94 44 göra
