2218 2616
454 216 249 30 Sammansattu
730 215 97 29 stats-
856 212 55 32 och
941 212 224 40 lagutskoltets
1193 221 39 20 nr
1261 213 21 27 3
1309 209 168 32 memorial
1508 209 49 31 Nr
1584 211 29 28 4.
1813 208 19 29 3

337 295 33 48 u)
409 295 83 36 med
530 294 282 49 godkännande
850 306 44 22 av
924 306 97 23 ovan
1054 291 152 37 berörda
1235 289 143 48 förslag
1407 289 56 36 till
1492 293 74 32 stat
1597 288 56 36 för
1681 287 152 49 brigad-

235 348 127 35 chefer
399 346 85 37 med
513 346 127 36 staber
669 351 40 30 år
741 347 108 45 1918,
880 345 71 36 öka
980 343 188 37 ordinarie
1197 341 341 48 förslagsanslaget
1566 340 57 36 till
1652 339 182 48 avlöning

235 399 70 36 och
347 398 240 48 rekrytering
630 411 45 21 m.
707 411 46 21 m.
784 396 97 47 med,
924 401 136 31 utöver
1103 394 71 36 vad
1212 394 9 35 i
1251 397 99 32 årets
1379 390 455 50 statsverksproposition

236 450 139 37 äskats,
408 451 161 43 113,875
600 449 154 43 kronor;
1096 463 5 4 ;

339 500 36 48 b)
417 500 120 36 under
580 499 275 47 förutsättning
897 511 45 22 av
986 497 104 36 bifall
1130 496 137 43 härtill,
1302 495 83 35 med
1415 495 163 46 ändring
1607 507 45 22 av
1681 493 71 36 vad
1782 492 54 36 uti

236 556 100 33 årets
364 550 452 50 statsverksproposition
845 549 231 47 föreslagits,
1108 551 19 32 A
1156 552 123 31 staten
1308 547 57 35 för
1384 545 373 48 generalitetsstaten
1777 544 59 36 för

238 612 40 27 år
323 604 95 35 1918
460 603 163 48 uppföra
652 602 167 36 arvoden
848 614 57 22 om
939 602 72 33 500
1043 600 138 35 kronor
1210 601 36 33 åt
1275 598 132 36 endast
1436 610 65 22 sex
1532 598 120 34 såsom
1684 595 152 48 brigad-

238 655 130 36 chefer
395 654 229 36 förordnade
653 652 349 49 regementschefer
1030 650 63 36 vid
1122 649 221 37 infanteriet
1372 649 69 35 och
1470 648 11 35 i
1513 647 91 48 följd
1635 647 115 35 härav
1779 647 59 35 för

238 711 39 32 år
317 708 95 34 1918
451 711 169 44 upptaga
649 704 188 37 ordinarie
866 703 176 48 anslaget
1069 702 58 36 till
1154 701 374 49 generalitetsstaten
1558 699 84 36 med
1672 699 165 46 231,870

239 759 157 44 kronor;

342 810 32 47 c)
416 810 59 35 för
516 808 243 37 bestridande
802 821 46 22 av
890 807 133 47 övriga
1064 806 86 36 med
1192 803 531 49 brigadechefsinstitutionens
1761 814 77 23 om-

240 862 262 48 organisation
531 865 98 31 samt
657 858 472 49 inskrivningsväsendets
1158 856 251 49 omläggning
1428 854 182 37 förenade
1631 852 208 37 kostnader

240 916 20 32 å
298 918 107 31 extra
442 918 75 30 stat
554 912 59 36 för
641 914 40 33 år
713 912 97 35 1918
840 910 129 36 anvisa
997 914 55 31 ett
1079 907 305 49 förslagsanslag
1411 920 47 22 av
1490 906 161 45 117,350
1681 905 155 43 kronor;

240 970 97 31 samt

343 1016 37 47 d)
411 1016 57 35 för
496 1014 243 37 bestridande
767 1027 47 22 av
841 1012 256 37 kostnaderna
1126 1011 58 36 för
1211 1008 420 50 landstormsprövning
1661 1007 119 36 under
1800 1009 40 33 år

244 1070 92 34 1917
369 1072 96 31 samt
493 1066 244 37 anordnande
766 1065 119 36 under
914 1077 143 23 samma
1085 1066 41 33 år
1155 1076 45 22 av
1231 1062 131 36 kurser
1385 1061 60 36 för
1467 1060 136 36 befäls-
1624 1059 68 37 och
1713 1071 127 24 annan

241 1119 161 37 särskild
431 1118 217 48 utbildning
677 1118 59 35 vid
768 1117 257 36 landstormen
1054 1118 21 33 å
1104 1120 106 31 extra
1239 1119 74 31 stat
1340 1114 59 35 för
1428 1115 39 34 år
1498 1114 96 34 1918
1624 1111 133 37 anvisa
1786 1114 54 32 ett

240 1171 304 49 förslagsanslag
585 1183 47 23 av
676 1170 201 46 1,300,000
915 1168 153 46 kronor,
1099 1167 84 36 med
1212 1170 76 32 rätt
1316 1165 59 36 för
1404 1164 142 48 Kungl.
1577 1164 106 48 Maj:t
1710 1167 57 32 att
1795 1176 45 22 av

243 1222 381 38 omhänderhavande
666 1221 121 37 medel
824 1220 119 37 under
972 1223 39 33 år
1043 1221 94 34 1917
1170 1216 243 39 förskottsvis
1442 1216 212 36 utanordna
1682 1214 72 36 vad
1784 1215 58 35 för

242 1274 212 38 ändamålet
484 1274 254 44 erfordrades;

344 1327 117 36 under
488 1326 170 49 punkten
688 1325 47 48 3),
765 1330 55 30 att
849 1324 71 35 den
950 1336 46 23 av
1025 1323 86 35 herr
1136 1321 182 36 Runefors
1338 1320 135 36 väckta
1493 1319 191 36 motionen
1704 1331 44 22 nr
1768 1318 72 35 362

243 1379 80 37 icke
351 1381 115 33 måtte
499 1392 46 22 av
574 1376 205 49 riksdagen
809 1376 166 43 bifallas;
1005 1374 70 36 och

344 1430 118 36 under
501 1429 168 49 punkten
710 1428 50 47 4),
790 1433 55 30 att
872 1427 85 36 herr
986 1426 41 35 E.
1059 1426 42 35 A.
1131 1425 152 35 Nilsons
1311 1423 12 36 i
1351 1413 142 46 Örebro
1522 1422 145 35 motion
1695 1434 44 22 nr
1768 1421 74 35 380

244 1483 103 48 finge
376 1495 108 23 anses
513 1480 181 38 besvarad
724 1493 137 35 genom
889 1478 73 36 vad
989 1477 181 37 utskottet
1189 1476 117 36 under
1325 1488 111 23 mom.
1459 1476 20 34 2
1501 1472 122 50 a)—c)
1643 1471 199 38 hemställt.

347 1586 16 35 I
392 1598 45 23 en
466 1585 61 36 vid
556 1583 210 37 utlåtandet
794 1582 115 49 fogad
936 1581 231 37 reservation
1194 1579 96 37 hade
1317 1579 125 35 herrar
1460 1577 249 46 Kvarnzelius,
1730 1576 114 35 Lind-

245 1639 122 48 hagen,
396 1639 43 35 L.
474 1635 126 38 Olsson
629 1636 12 35 i
668 1635 86 36 Hov
783 1635 68 36 och
881 1634 190 36 Bernhard
1098 1633 171 35 Eriksson
1296 1631 12 35 i
1337 1629 272 49 Grängesberg
1636 1626 206 48 hemställt,

350 1689 34 49 1)
415 1694 54 30 att
497 1688 141 49 Kungl.
668 1687 126 48 Maj:ts
823 1685 232 50 proposition
1082 1698 45 22 nr
1155 1685 46 35 86
1230 1683 83 36 icke
1340 1684 114 34 måtte
1483 1694 47 23 av
1557 1680 205 48 riksdagen
1789 1678 55 36 bi-

245 1742 123 44 fallas;

350 1793 34 48 2)
429 1798 66 39 att,
536 1791 86 36 med
659 1790 105 37 bifall
793 1790 56 35 till
878 1789 70 36 den
978 1802 45 22 av
1051 1788 84 36 herr
1163 1787 268 36 Vennerström
1459 1799 49 21 m.
1538 1784 35 36 fl.
1604 1783 134 36 väckta
1765 1795 79 23 mo-

245 1845 128 36 tionen
413 1858 45 22 nr
499 1844 86 44 385,
627 1842 81 37 icke
750 1842 116 36 heller
908 1840 139 48 Kungl.
1077 1839 128 49 Maj:ts
1241 1837 236 50 proposition
1505 1850 45 22 nr
1579 1838 44 33 87
1654 1837 116 33 måtte
1798 1846 47 23 av

246 1896 201 48 riksdagen
476 1895 165 43 bifallas;
1770 1908 2 2 :

350 1947 36 50 3)
428 1953 55 30 att
524 1947 76 36 den
639 1959 46 23 av
722 1946 85 36 herr
833 1944 185 37 Runefors
1046 1943 137 36 väckta
1210 1941 192 36 motionen
1430 1953 43 23 nr
1502 1941 73 35 362
1604 1938 102 49 finge
1735 1949 110 24 anses

245 1999 182 38 besvarad
454 2012 138 36 genom
620 1998 73 36 vad
720 1997 119 37 under
866 2009 111 23 mom.
1010 1994 35 49 1)
1073 1992 224 48 hemställts;
1328 1998 95 31 samt

350 2052 36 47 4)
426 2056 54 31 att
516 2051 86 36 herr
633 2050 42 36 E.
705 2050 44 35 A.
779 2049 152 36 Nilsons
959 2048 11 35 i
999 2037 142 46 Örebro
1170 2045 143 37 motion
1341 2058 44 22 nr
1414 2045 70 35 381
1515 2043 103 48 finge
1647 2054 108 24 anses
1783 2040 64 36 be-

248 2104 133 37 svarad
409 2116 137 37 genom
575 2102 72 36 vad
676 2101 118 36 under
821 2113 111 23 mom.
963 2098 37 49 2)
1029 2098 220 37 hemställts.

352 2207 131 49 Enligt
511 2205 186 37 utskottet
715 2203 325 38 tillhandakomna
1058 2199 344 52 protokollsutdrag
1420 2199 68 36 har
1500 2199 122 49 första
1642 2197 206 36 kammaren

249 2260 136 37 bifallit
425 2258 73 37 vad
539 2257 184 37 utskottet
764 2257 11 35 i
816 2256 65 36 sitt
922 2253 265 38 ovannämnda
1223 2251 192 37 utlåtande
1443 2249 191 37 hemställt
1661 2248 85 36 med
1775 2247 72 37 den

250 2312 172 48 ändring,
452 2316 53 31 att
533 2310 134 49 början
695 2322 47 23 av
769 2307 169 50 punkten
967 2305 36 50 2)
1019 2306 120 37 skulle
1159 2305 162 36 avfattas
1341 2302 170 38 sålunda:
1535 2306 78 32 »att
1632 2299 216 49 riksdagen,
