2186 2616
380 186 41 31 36
752 186 369 42 Bevillningsutskottets
1143 186 197 32 betänkande
1364 186 52 31 Nr
1440 188 53 30 11.

976 472 345 38 Reservationer:

466 589 46 22 av
542 575 88 36 herr
658 575 158 36 friherre
845 576 181 44 Fleming,
1058 588 80 22 som
1168 575 139 35 anfört:

466 679 143 35 »Bland
646 679 45 35 de
719 679 12 35 i
760 678 104 35 detta
893 677 240 37 betänkande
1162 678 237 37 behandlade
1427 679 241 36 motionerna
1696 679 124 36 finnas
1850 680 104 46 tera,

338 744 80 23 som
462 731 123 48 enligt
622 730 78 36 min
729 729 101 37 åsikt
859 729 116 37 borde
1004 730 100 35 hava
1132 730 180 36 föranlett
1340 731 165 47 positiva
1534 731 148 47 förslag
1710 731 84 36 från
1822 731 132 37 bevill-

337 782 323 49 ningsutskottets
689 782 92 36 sida.
838 781 16 34 I
883 782 79 35 min
992 782 146 35 motion
1166 781 27 36 I:
1228 783 71 34 108
1330 782 69 35 har
1418 783 71 48 jag
1509 782 208 36 framhållit
1736 783 106 36 såväl
1862 783 93 35 nöd-

336 834 260 47 vändigheten
639 847 47 22 av
728 839 55 30 att
820 832 94 36 söka
941 833 263 36 åstadkomma
1232 839 55 30 ett
1315 834 267 36 återställande
1611 847 47 23 av
1686 834 270 36 förutvarande

338 885 238 36 förhållande
619 885 139 36 mellan
802 885 148 35 direkta
992 885 72 35 och
1106 885 187 36 indirekta
1327 885 147 36 skatter
1502 898 82 23 som
1614 885 71 36 ock
1713 885 165 37 behovet
1906 899 48 22 av

338 943 54 29 att
433 938 257 44 tullsatserna,
732 937 68 35 där
841 939 41 33 så
909 936 203 46 erfordras,
1142 937 252 48 provisoriskt
1421 937 111 49 höjas
1561 940 41 33 så
1630 937 166 48 mycket,
1826 943 55 30 att
1910 937 46 36 de

338 989 198 48 verkligen
580 994 191 30 motsvara
812 987 64 37 det
914 988 297 49 ursprungligen
1240 988 173 49 åsyftade
1441 989 175 49 skyddet.
1674 989 17 35 I
1719 988 98 37 båda
1847 989 109 36 dessa

338 1040 216 36 avseenden
582 1040 129 47 borde,
737 1040 122 47 enligt
880 1040 77 35 min
978 1039 112 46 åsikt,
1111 1041 187 35 utskottet
1319 1040 85 36 med
1424 1041 86 35 stöd
1531 1053 46 23 av
1598 1041 241 35 motionerna
1859 1041 97 35 hava

337 1092 149 36 kunnat
515 1093 138 35 föreslå
682 1091 190 50 åtgärder,
901 1105 82 23 som
1013 1092 120 36 skulle
1162 1092 109 35 blivit
1300 1092 57 35 till
1387 1097 176 31 avsevärt
1590 1105 117 36 gagn.

467 1144 79 48 Jag
584 1144 68 36 har
686 1143 132 36 därför
846 1143 83 37 icke
959 1144 150 35 kunnat
1136 1143 148 36 biträda
1312 1143 205 36 utskottets
1547 1143 368 50 avslagsyrkanden,
1945 1143 11 35 i

337 1196 73 35 vad
451 1195 45 37 de
540 1209 89 23 avse
672 1196 186 35 motioner
900 1196 85 35 med
1022 1208 100 23 ovan
1155 1195 160 36 berörda
1345 1195 139 49 syften,
1513 1201 94 30 utan
1637 1195 67 36 har
1732 1200 137 42 ansett,
1899 1200 56 31 att

338 1247 188 36 utskottet
564 1247 86 36 bort
677 1247 190 49 tillstyrka
895 1248 45 35 de
969 1247 200 47 motioner,
1200 1260 81 22 som
1312 1260 107 23 avses
1449 1248 12 35 i
1489 1247 218 48 punkterna
1738 1249 33 45 1,
1802 1248 34 46 3,
1869 1249 32 45 7,
1933 1249 20 34 9

338 1299 71 35 och
441 1301 45 34 10
506 1296 57 39 'av
592 1299 205 36 utskottets
826 1299 240 36 hemställan.

470 1456 62 34 vid
554 1456 123 44 punkt
705 1453 38 49 1)
772 1454 12 35 i
814 1454 85 36 dess
930 1453 146 37 helhet:

469 1572 45 21 av
543 1558 88 35 herr
660 1558 158 36 friherre
846 1560 169 43 Fleming
1051 1570 49 36 (se
1130 1571 126 30 ovan:;

469 1674 47 22 av
546 1661 87 36 herr
661 1663 153 42 Boman,
845 1661 236 36 beträffande
1110 1662 209 35 utskottets
1349 1662 247 47 motivering;

467 1818 62 34 vid
553 1818 122 44 punkt
704 1816 38 48 1)
763 1816 56 48 a):

469 1933 47 22 av
545 1920 134 36 herrar
715 1920 158 44 Wohlin,
901 1922 159 34 Jonsson
1091 1920 11 35 i
1132 1919 184 47 Hökhult,
1346 1920 126 36 Olsson
1491 1919 12 35 i
1524 1918 341 49 Kullenbergstorp
1887 1917 71 37 och

336 1972 210 44 Jesperson,
580 1971 100 36 vilka
707 1971 111 49 vrkat
848 1978 53 29 att
929 1971 190 36 utskottet
1147 1971 84 35 bort
1260 1971 212 41 hemställa,

876 2080 54 30 att
957 2074 208 48 riksdagen
1194 2077 118 33 måtte
1341 2075 11 35 i
1381 2074 182 36 skrivelse
1592 2074 55 36 till
1676 2074 140 47 Kungl.
1851 2074 107 48 Maj:t

745 2126 151 36 anhålla
936 2139 62 23 om
1036 2126 116 36 sådan
1182 2125 167 49 ändring
1376 2126 12 35 i
1415 2125 132 47 kungl.
1579 2125 275 49 förordningen
1882 2125 75 36 den

746 2180 46 33 21
824 2178 153 48 augusti
1010 2179 98 35 1919
1138 2178 199 48 angående
1360 2177 182 48 glidande
1562 2176 194 37 tullsatser
1776 2178 59 35 för
1854 2177 103 36 vissa

745 2231 85 46 slag
871 2243 46 22 av
958 2230 201 48 spannmål
1202 2243 48 22 m.
1287 2243 60 29 m.,
1388 2235 55 29 att
1471 2228 118 36 andra
1617 2229 150 48 stycket
1794 2229 13 35 i
1836 2228 121 48 sagda

745 2281 230 47 kungörelse
1005 2284 117 33 måtte
1151 2281 37 36 få
1217 2280 168 49 följande
1413 2280 161 49 lydelse:
