2184 2616
394 201 42 30 38
784 199 362 41 Bevillningsutskottets
1170 198 198 32 betänkande
1390 200 49 28 Nr
1463 199 52 30 11.

483 292 45 22 av
559 278 130 36 herrar
718 279 170 45 Heyman
917 278 72 35 och
1018 278 214 42 Zithander,
1266 276 100 36 vilka
1394 276 114 48 yrkat
1537 274 105 37 bifall
1663 274 55 36 till
1738 274 72 35 vad
1830 274 136 35 motio-

351 335 162 31 närerna
543 329 219 48 föreslagit;

483 488 62 33 vid
568 487 122 44 punkt
717 484 63 49 2):

488 602 46 23 av
564 589 130 36 herrar
725 590 161 43 Wohlin,
916 591 158 34 Jonsson
1102 589 12 35 i
1141 587 186 44 Hökhult,
1362 588 128 34 Olsson
1518 586 11 36 i
1559 586 156 35 Rameta
1743 585 70 36 och
1841 586 127 34 Olsson

352 641 12 35 i
392 640 363 49 Kullenbergstorp;

484 741 47 22 av
560 728 86 35 herr
678 729 153 45 Boman,
860 727 236 36 beträffande
1124 727 205 35 utskottets
1359 725 250 47 motivering;

483 885 63 33 vid
572 884 118 44 punkt
719 881 57 49 3):

485 1000 46 22 av
559 986 87 36 herr
674 986 158 36 friherre
860 987 169 45 Fleminy
1059 986 54 48 (se
1142 985 129 48 ovan);

487 1086 47 22 av
564 1073 130 35 herrar
722 1074 205 35 Lithander
955 1073 72 35 och
1056 1073 113 45 Kant,
1200 1071 105 35 vilka
1332 1071 111 48 yrkat
1471 1070 107 35 bifall
1607 1069 58 35 till
1693 1068 213 45 motionen;

484 1173 48 21 av
561 1160 87 35 herr
677 1161 154 45 Boman,
886 1157 233 38 beträffande
1147 1157 206 36 utskottets
1382 1155 252 47 motivering;

486 1258 48 23 av
562 1246 87 35 herr
681 1247 128 35 Olsson
837 1246 11 35 i
876 1245 357 48 Kullenbergstorp,
1265 1248 78 30 mot
1372 1243 203 35 utskottets
1604 1230 251 58 motivering;

490 1402 59 34 vid
571 1403 120 43 punkt
719 1399 59 50 4):

485 1500 48 22 av
561 1487 85 36 herr
676 1488 167 44 Lövgren
872 1487 10 35 i
912 1486 179 49 Nyborg;

490 1644 58 34 vid
571 1643 123 45 punkt
724 1640 39 49 5)
793 1640 48 49 a),
875 1640 34 48 b)
940 1642 64 35 och
1033 1640 51 49 c):

487 1742 47 22 av
562 1728 86 36 herr
676 1729 213 42 Lithander,
919 1740 81 23 som
1029 1727 111 48 yrkat
1170 1726 105 36 bifall
1304 1726 57 35 till
1389 1726 209 43 motionen;

486 1885 62 34 vid
571 1884 116 42 punkt
719 1880 57 50 6):

488 1983 46 22 av
562 1969 87 36 herr
677 1970 212 42 Lithander,
920 1981 81 23 som
1030 1968 113 48 vrkat
1170 1968 107 36 bifall
1306 1968 58 35 till
1393 1967 212 43 motionen;

486 2126 62 34 vid
570 2127 122 43 punkt
722 2124 58 49 7):

488 2223 46 23 av
563 2210 86 36 herr
677 2211 157 36 friherre
863 2211 168 44 Fleming
1060 2209 54 48 (8e
1142 2209 126 48 ovan),

487 2310 48 22 av
577 2296 129 36 herrar
747 2298 142 34 Boman
927 2297 71 36 och
1028 2297 210 42 Lithander,
1269 2296 103 35 vilka
1398 2294 113 49 yrkat
1539 2294 106 36 bifall
1673 2294 56 35 till
1758 2293 212 45 motionen;
