2180 2616
152 593 133 25 Moltonen

175 630 24 22 I:
208 629 58 23 109.

161 1567 133 25 Motionen

168 1603 49 23 II:
227 1602 59 25 114.

382 188 44 50 30
769 190 366 42 Bevillningsutskottets
1157 188 198 32 betänkande
1378 187 53 32 Nr
1462 189 44 30 11.

342 271 142 36 sådana
513 270 106 36 viner
647 269 123 36 skulle
798 268 160 36 sålunda
984 267 84 37 icke
1096 267 132 35 kunna
1256 265 285 37 åstadkommas
1569 270 93 30 utan
1692 262 194 48 rubbuing
1907 275 46 22 av

342 322 166 37 nämnda
544 320 381 37 överenskommelse.
983 319 193 48 Därjämte
1213 323 40 31 är
1281 323 54 31 att
1365 317 141 46 märka,
1536 321 56 31 att
1620 320 166 43 gränsen
1816 313 137 37 mellan

341 375 179 47 lyxvaror
551 373 69 36 och
656 372 421 48 nödvändighetsvaror
1106 375 42 31 är
1177 369 244 50 synnerligen
1451 367 168 50 flytande
1647 371 102 32 samt
1776 371 54 31 att
1857 365 97 48 pris-

342 426 225 47 bildningen
596 424 235 37 beträffande
861 424 100 35 vissa
988 422 421 48 nödvändighetsvaror
1448 420 72 36 kan
1548 419 187 48 påverkas
1763 431 47 22 av
1838 416 115 48 höjda

342 478 121 48 priser
490 479 48 45 på
566 477 102 35 vissa
696 476 188 48 lyxvaror.

474 580 57 35 Då
572 580 88 36 herr
702 578 139 37 Ölason
870 579 11 35 i
910 578 195 36 motionen
1138 590 45 22 nr
1215 577 69 34 109
1314 576 12 35 i
1354 575 119 36 första
1503 574 221 36 kammaren
1751 571 204 47 hemställt,

345 638 56 30 att
428 631 207 49 riksdagen
665 633 116 34 måtte
812 630 145 36 besluta
985 628 141 37 sådana
1154 627 211 50 åtgärder
1352 619 21 65 i
1391 626 108 48 fråga
1518 639 60 23 om
1598 625 118 36 rikets
1737 623 218 49 tullpolitik,

344 697 82 23 som
456 684 127 35 kunde
610 683 125 36 finnas
764 681 148 49 ägnade
940 687 54 30 att
1013 680 112 49 hejda
1145 679 200 49 importen,
1367 678 131 37 stärka
1517 677 267 48 näringslivet,
1806 677 151 34 hämma

344 736 74 36 den
446 735 200 36 utländska
676 734 284 36 konkurrensen
991 732 70 36 och
1086 732 74 36 öka
1179 730 147 37 landets
1347 730 174 47 förmåga
1542 742 46 22 av
1608 727 348 49 självförsörjniug,

344 790 42 34 så
417 787 68 36 har
512 786 237 37 motionären
777 785 172 49 tydligen
977 789 138 41 avsett,
1146 789 55 30 att
1230 780 421 50 bevillningsutskottet
1680 779 131 46 skulle,
1832 779 126 36 därest

344 839 188 36 utskottet
560 838 133 36 delade
723 837 256 36 motionärens
1007 834 250 50 uppfattning
1285 847 59 22 om
1375 832 277 49 lämpligheten
1676 844 48 23 av
1743 831 139 35 sådana
1902 832 56 33 åt-

345 890 139 50 gärder
525 902 82 24 som
651 890 46 35 de
724 889 12 36 i
765 888 278 47 motiveringen
1080 887 58 35 till
1177 886 189 48 yrkandet
1399 883 213 46 förordade,
1643 883 145 36 avfatta
1816 881 143 48 förslag

346 943 58 36 till
446 941 288 37 bestämmelser
760 940 13 36 i
802 939 123 49 dylikt
960 939 107 49 syfte.
1128 937 192 37 Utskottet
1349 937 68 35 har
1445 949 98 23 ovan
1570 934 63 37 vid
1663 932 296 38 omnämnandet

346 1008 48 21 av
422 993 125 37 denna
574 992 146 37 motion
749 992 12 35 i
789 991 151 36 korthet
967 989 290 38 sammanfattat
1284 988 86 36 dess
1398 986 243 48 motivering.
1699 984 187 49 Samtliga
1914 984 46 36 de

345 1045 177 49 uppslag,
543 1045 238 36 motionären
802 1043 80 36 däri
901 1043 109 48 givit,
1032 1042 99 35 hava
1150 1041 12 35 i
1182 1040 97 36 form
1299 1053 48 22 av
1361 1038 166 50 positiva
1544 1038 144 47 förslag
1702 1036 259 36 framkommit

346 1098 13 34 i
388 1097 118 36 andra
534 1109 47 23 av
609 1096 47 36 de
687 1095 262 48 föreliggande
977 1093 250 46 motionerna,
1256 1092 70 36 och
1354 1091 189 36 utskottet
1573 1090 67 35 har
1667 1101 159 23 numera
1843 1093 117 43 yttrat

348 1149 62 48 sig
453 1153 90 31 över
584 1147 110 37 dessa
736 1147 70 36 och
843 1146 148 48 angivit
1018 1145 46 36 de
1092 1144 95 47 skäl,
1217 1156 81 24 som
1329 1142 154 36 hindrat
1512 1140 185 37 utskottet
1727 1146 55 29 att
1810 1138 153 37 förorda

347 1200 109 36 bifall
497 1200 55 36 till
593 1199 75 36 vad
697 1199 12 35 i
737 1198 194 36 desamma
973 1196 231 48 föreslagits.
1263 1194 71 36 Vid
1376 1194 135 36 sådant
1544 1190 236 38 förhållande
1808 1191 70 35 har
1905 1196 56 30 ut-

348 1252 144 36 skottet
533 1251 127 36 funnit
702 1250 61 49 sig
802 1250 83 35 icke
927 1249 96 36 hava
1065 1247 210 48 anledning
1312 1251 55 31 att
1395 1246 92 48 ingå
1515 1244 11 36 i
1555 1244 154 36 särskilt
1737 1242 226 37 bemötande

349 1317 48 22 av
424 1303 73 36 vad
526 1303 85 36 herr
640 1302 139 37 Clason
808 1302 56 35 till
893 1301 85 36 stöd
1009 1300 56 36 för
1093 1300 59 35 sin
1183 1298 226 37 hemställan
1439 1296 140 44 anfört;
1618 1302 94 29 utan
1739 1294 225 36 inskränker

350 1355 63 49 sig
452 1354 187 37 utskottet
679 1353 57 37 till
776 1360 67 40 att,
886 1352 120 36 under
1042 1350 240 49 åberopande
1310 1363 47 22 av
1384 1349 74 36 vad
1484 1348 102 36 förut
1613 1348 12 35 i
1654 1347 106 35 detta
1786 1346 178 49 yttrande

349 1407 147 36 anförts
524 1406 12 36 i
564 1406 47 35 de
640 1411 149 40 ämnen,
819 1417 81 23 som
933 1405 150 35 beröras
1111 1403 13 35 i
1153 1403 74 35 den
1257 1400 267 50 föreliggande
1552 1398 207 46 motionen,
1784 1397 178 36 förklara.

350 1464 56 30 att
433 1458 189 36 utskottet
649 1457 84 36 icke
761 1462 127 30 ansett
916 1456 61 47 sig
1004 1454 91 37 böra
1125 1456 145 35 avfatta
1299 1453 147 47 förslag
1472 1452 12 35 i
1514 1451 216 36 motionens
1758 1449 112 48 syfte.

481 1561 241 37 Beträffande
750 1560 46 37 de
823 1561 13 35 i
864 1561 193 34 motionen
1086 1572 45 21 nr
1163 1558 72 35 114
1264 1556 11 36 i
1304 1556 119 36 andra
1450 1555 221 35 kammaren
1701 1565 47 23 av
1777 1552 86 36 herr
1885 1551 79 49 Ny-

349 1614 133 36 lander
510 1627 49 22 m.
589 1613 37 36 fl.
657 1611 135 50 gjorda
815 1611 224 50 yrkandena
1066 1623 62 23 om
1157 1607 198 38 införande
1383 1620 48 23 av
1460 1606 68 36 tull
1556 1608 21 33 å
1598 1604 251 49 fotografiska
1870 1608 94 31 torr-

349 1666 124 49 plåtar
515 1664 68 37 och
626 1664 230 48 kardbeslag
885 1668 99 31 samt
1011 1675 61 22 om
1100 1659 250 51 upptagande
1378 1672 48 22 av
1456 1655 286 38 termosflaskor
1769 1655 120 36 under
1918 1668 45 23 en

350 1731 128 22 annan
520 1716 205 36 tullrubrik
766 1720 47 31 än
855 1715 84 45 den,
983 1714 55 36 till
1079 1713 129 36 vilken
1250 1711 46 36 de
1324 1711 59 35 för
1412 1708 240 37 närvarande
1681 1720 111 23 anses
1821 1706 145 47 höra,
1946 1702 24 62 1

351 1769 102 49 syfte
495 1781 46 23 av
583 1767 309 48 tullförhöjning,
935 1767 69 35 har
1037 1766 186 35 utskottet
1252 1767 56 31 att
1336 1761 160 37 hänvisa
1525 1760 56 36 till
1610 1758 74 37 vad
1713 1759 12 36 i
1754 1758 135 49 början
1919 1771 46 23 av

351 1821 104 36 detta
482 1819 179 50 yttrande
690 1818 146 36 anförts
864 1831 62 23 om
955 1817 84 36 tull-
1067 1816 72 36 och
1168 1813 393 39 traktatkommitténs
1589 1811 177 49 uppdrag
1786 1815 98 31 samt
1904 1822 61 23 om

352 1872 46 36 de
431 1872 104 46 krav,
565 1884 83 23 som
677 1873 119 33 måste
825 1870 129 35 ställas
983 1871 48 46 på
1059 1881 51 22 nu
1140 1865 327 38 framkommande
1496 1863 148 47 förslag
1672 1862 57 36 till
1758 1861 209 47 ävdringar

351 1924 10 35 i
393 1924 196 35 tulltaxan.
647 1922 83 36 Den
772 1921 240 48 motivering,
1055 1933 82 23 som
1179 1919 88 36 herr
1308 1916 195 51 Nylander
1531 1929 49 22 m.
1610 1914 37 36 9.
1678 1914 140 45 anfört,
1859 1913 107 35 inne-

352 1975 119 36 håller
498 1975 12 35 i
539 1980 97 31 stort
664 1979 75 31 sett
767 1973 83 36 icke
879 1978 114 31 annat
1022 1976 48 31 än
1099 1971 80 36 dels
1208 1969 198 49 uppgifter
1434 1981 61 23 om
1525 1966 318 47 tillverkningens
1871 1977 96 36 upp-

351 2027 129 36 komst
506 2026 123 36 under
657 2038 132 24 senare
817 2028 41 32 år
886 2030 97 30 sumt
1011 2023 86 36 dess
1125 2021 220 37 nuvarande
1371 2019 233 48 omfattning
1623 2023 180 31 ävensom
1823 2016 143 36 därom.

353 2084 55 30 utt
437 2082 86 33 svår
551 2078 239 35 konkurrens
819 2076 87 36 med
928 2075 172 36 utlandet
1118 2086 91 24 vore
1229 2071 177 38 rådande.
1454 2070 282 36 Motionärerna
1755 2068 99 35 hava
1871 2081 97 35 upp-

353 2130 111 48 givit,
485 2135 54 31 att
558 2130 46 35 de
623 2129 218 48 föreslagna
861 2128 242 36 tullsatserna
1122 2124 165 38 beredde
1307 2122 198 38 enahanda
1520 2119 208 51 tullskydd,
1745 2132 81 23 som
1841 2119 128 48 gällde

354 2182 59 36 för
441 2186 171 31 närmast
631 2180 186 37 likartade
837 2192 123 33 varor,
981 2178 91 37 eller
1091 2176 240 37 motsvarade
1351 2175 64 36 det
1435 2172 135 50 skydd,
1592 2186 81 23 som
1694 2171 121 48 enligt
1835 2171 134 35 motio-

354 2238 182 31 närernas
578 2233 161 47 mening
775 2231 217 48 säkerligen
1019 2228 161 37 kommit
1208 2228 125 36 denna
1360 2225 164 37 industri
1553 2225 56 35 till
1638 2224 72 47 del,
1741 2223 127 36 därest
1895 2221 74 37 den

354 2285 194 46 existerat,
570 2284 47 36 då
637 2283 221 45 nuvarande
879 2280 445 38 tulltaxebestämmelser
1343 2277 179 37 infördes.
1571 2276 283 35 Motionärerna
1872 2273 99 36 hava
