1874 2808
286 169 18 29 2
722 170 274 31 Statsutskottets
1019 167 175 32 utlåtande
1216 177 42 21 nr
1285 169 70 29 150.

334 255 223 31 Beträffande
576 256 67 30 den
663 254 10 29 i
693 253 214 31 motionerna
928 253 193 36 åberopade
1140 251 247 38 motiveringen
1407 252 171 35 hänvisas,
1600 251 9 30 i
1631 252 66 30 den
1716 251 82 31 mån

291 307 205 30 densamma
522 307 30 36 ej
584 305 152 36 framgår
764 314 40 21 av
837 305 67 29 den
931 304 114 30 nedan
1072 304 160 30 lämnade
1264 303 249 37 redogörelsen,
1544 303 50 29 till
1622 301 177 31 motionen

291 357 45 30 II:
352 358 73 29 432.

337 450 13 29 I
372 450 81 30 1941
474 450 54 29 års
550 447 408 36 lärarlönesakkunnigas
978 446 360 37 utredningsuppdrag
1357 447 65 29 har
1440 445 107 36 ingått
1566 445 107 30 bland
1695 447 105 28 annat

291 504 49 26 att
364 500 118 31 utreda
506 499 123 37 frågan
657 508 55 21 om
735 497 428 31 Ööverlärarinstitutionens
1189 497 128 29 fastare
1340 496 216 30 inordnande
1581 496 10 29 i
1616 495 185 30 skoladmi-

292 550 236 30 nistrationen.

343 600 406 35 Lärarlönesakkunniga
776 600 46 30 ha
849 600 66 29 den
938 600 41 29 30
1003 598 186 31 november
1218 598 83 30 1944
1326 597 127 37 avgivit
1479 596 218 31 betänkande
1722 595 80 31 med

297 652 132 37 förslag
445 651 50 30 till
514 651 169 36 reglering
701 660 41 20 av
760 650 241 35 anställnings-
1021 649 64 30 och
1107 646 448 39 avlöningsförhållandena
1574 647 55 37 för
1648 646 154 37 folksko-

294 701 77 30 lans
391 700 191 30 överlärare
602 710 44 20 m.
667 710 43 20 m.
737 699 97 39 (SOU
860 699 97 29 1944:
977 697 68 40 64).
1070 698 66 29 Vid
1156 697 234 30 betänkandet
1412 696 114 30 finnes
1547 696 96 36 fogat
1664 696 138 30 särskilt

293 752 162 36 yttrande
474 761 41 21 av
535 754 274 33 representanter
831 750 55 30 för
909 749 150 37 Sveriges
1082 748 339 35 överlärarförbund,
1444 747 79 30 med
1545 747 94 30 vilka
1662 747 41 30 de
1725 747 76 30 sak-

294 803 155 36 kunniga
467 802 77 31 haft
564 801 293 37 överläggningar.

344 850 92 34 Över
455 853 233 31 betänkandet
707 854 45 29 ha
776 852 184 38 yttranden
981 852 142 36 avgivits
1144 861 42 21 av
1209 851 337 36 skolöverstyrelsen,
1571 849 88 30 efter
1678 849 125 30 höran-

300 905 42 30 de
380 914 42 21 av
462 906 127 28 statens
627 903 369 36 folkskolinspektörer
1020 902 65 30 och
1112 901 217 30 folkskolans
1359 899 376 37 lärarorganisationer,
1763 908 42 21 av

301 954 238 36 domkapitlen
561 954 12 29 i
595 953 158 36 samtliga
776 952 73 31 stift
873 952 65 30 och
959 952 283 36 länsstyrelserna
1263 951 11 29 i
1299 951 159 35 samtliga
1480 951 67 34 län,
1570 959 42 21 av
1635 950 169 30 statskon-

300 1008 98 32 toret,
436 1005 176 29 allmänna
649 1002 255 31 lönenämnden
942 1002 64 30 och
1036 1002 410 36 riksräkenskapsverket
1474 1002 88 28 samt
1589 1009 43 20 av
1659 1000 146 30 svenska

301 1054 292 36 stadsförbundet,
617 1054 147 30 svenska
783 1053 374 30 landskommunernas
1178 1051 153 30 förbund
1350 1051 66 30 och
1440 1050 178 31 städernas
1640 1049 165 31 folkskol-

301 1104 360 37 inspektörsförbund.
698 1102 177 31 Särskilda
899 1102 139 30 skrifter
1063 1102 11 29 i
1099 1101 140 31 ärendet
1263 1102 46 29 ha
1333 1102 65 29 ock
1423 1100 136 36 ingivits
1587 1110 42 20 av
1654 1099 153 36 Sveriges

302 1154 330 31 överlärarförbund
649 1154 65 30 och
734 1163 41 21 av
795 1153 298 36 centralstyrelsen
1112 1152 54 30 för
1186 1151 152 36 Sveriges
1358 1152 177 29 allmänna
1554 1150 166 36 organist-
1742 1150 64 30 och

301 1204 314 36 kantorsförening.
656 1203 112 30 Sedan
791 1203 220 30 överlärarna
1034 1202 92 30 John
1149 1201 135 35 Bohlin,
1310 1201 127 30 Hildur
1463 1201 137 36 Nygren
1623 1200 66 30 och
1714 1199 92 31 Gust.

304 1256 185 35 Engström
504 1255 11 29 i
534 1264 43 20 en
593 1255 67 29 den
681 1254 37 30 15
736 1253 75 37 juni
828 1253 84 30 1945
930 1252 215 37 dagtecknad
1162 1251 102 31 skrift
1283 1252 176 30 hemställt
1476 1260 57 20 om
1550 1249 259 37 hänskjutande

303 1305 52 30 till
378 1305 137 30 fortsatt
533 1304 184 36 utredning
738 1313 42 20 av
805 1303 83 30 1945
909 1302 56 31 års
987 1301 393 36 folkskolesakkunniga
1402 1310 43 21 av
1465 1300 123 37 frågan
1611 1310 56 20 om
1688 1299 120 37 tjänst-

302 1355 154 37 görings-
481 1355 64 30 och
568 1352 447 37 avlöningsförhållandena
1037 1352 55 31 för
1113 1352 193 30 överlärare
1331 1351 11 30 i
1364 1351 114 30 städer
1501 1350 78 30 med
1605 1350 205 30 kommunal

305 1405 341 35 folkskolinspektör,
667 1404 46 30 ha
736 1403 79 30 1941
838 1402 56 30 års
917 1401 392 36 lärarlönesakkunniga
1332 1402 65 29 den
1418 1401 41 30 30
1479 1400 75 38 juni
1577 1401 82 29 1945
1684 1400 126 36 avgivit

303 1455 174 31 infordrat
498 1454 178 31 utlåtande
696 1455 80 29 över
798 1454 114 29 denna
932 1452 265 36 framställning.

420 1601 241 43 Utvidgning
684 1611 48 22 av
759 1600 76 33 den
861 1598 262 34 kommunala
1146 1597 545 44 skolledarorganisationen.

301 1697 280 32 Nuvarande
612 1695 351 41 förhållanden.

348 1773 388 38 Departementschefen
751 1774 65 29 har
836 1770 245 38 inledningsvis
1097 1773 132 28 lämnat
1247 1780 42 21 en
1308 1771 215 37 redogörelse
1539 1770 55 31 för
1610 1770 203 31 nuvarande

302 1824 244 31 förhållanden
565 1825 10 30 i
597 1824 226 30 förevarande
843 1822 205 35 hänseende,
1069 1831 104 21 varav
1195 1821 174 30 inhämtas
1391 1822 106 30 bland
1519 1824 105 27 annat
1646 1821 165 36 följande.

347 1875 229 31 Kommunala
599 1875 192 30 skolledare
812 1874 58 30 vid
892 1873 198 30 folkskolan
1115 1874 61 29 äro
1198 1873 227 30 kommunala
1446 1871 367 37 folkskolinspektörer

302 1927 66 29 och
392 1925 202 31 överlärare.
616 1925 75 30 Den
713 1923 215 37 principiella
949 1923 194 30 skillnaden
1164 1923 128 30 mellan
1312 1923 101 29 dessa
1434 1923 70 36 slag
1524 1932 43 21 av
1587 1921 225 37 befattnings-

302 1977 129 29 havare
450 1977 47 35 är,
522 1979 47 27 att
590 1975 191 31 överlärare
801 1973 99 32 alltid
921 1973 108 31 tillika
1053 1974 87 30 skall
1162 1973 128 30 inneha
1311 1973 354 35 folkskollärartjänst
1686 1973 127 29 medan

303 2028 205 29 kommunal
537 2025 331 36 folkskolinspektör
895 2025 31 36 ej
954 2024 145 30 innehar
1125 2023 108 31 sådan
1259 2023 117 36 tjänst.
1408 2023 104 39 (Från
1538 2024 113 29 denna
1678 2023 134 30 huvud-

303 2079 89 34 regel
412 2076 112 31 finnes
546 2080 46 27 ett
612 2077 185 35 undantag.
818 2075 80 31 Med
918 2076 75 30 stöd
1012 2084 42 21 av
1074 2073 380 38 övergångsstadgande
1476 2074 50 31 till
1548 2075 20 29 8
1587 2073 18 37 38
1627 2073 186 31 folkskole-

303 2128 147 35 stadgan
473 2129 60 29 äro
554 2127 92 30 vissa
669 2126 225 31 kommunala
916 2124 369 37 folkskolinspektörer
1305 2142 45 4 —
1372 2123 250 32 höstterminen
1647 2125 82 29 1942
1753 2132 63 22 var

303 2179 101 29 deras
425 2180 93 29 antal
544 2179 38 29 12
608 2195 45 3 —
676 2177 109 30 tillika
810 2176 169 31 anställda
1004 2186 74 20 som
1103 2175 274 32 folkskollärare.
1403 2175 48 30 De
1477 2176 119 29 kunna
1621 2175 195 36 jämställas

303 2230 81 29 med
403 2227 214 40 överlärare.)

349 2278 225 37 Skolstyrelse
595 2279 81 35 äger
698 2278 64 30 ock
781 2295 45 4 —
846 2286 82 21 vare
950 2277 50 36 sig
1021 2277 11 29 i
1057 2276 248 31 skoldistriktet
1328 2276 113 30 finnes
1467 2284 118 21 annan
1606 2275 206 30 kommunal

305 2330 193 30 skolledare
518 2330 81 30 eller
620 2330 31 36 ej
673 2347 43 3 —
737 2332 74 27 utse
833 2328 149 31 särskild
1005 2328 314 36 tillsgningslärare.

355 2380 50 30 De
433 2379 241 37 skyldigheter,
704 2388 73 21 som
805 2377 91 32 åvila
923 2378 203 30 kommunal
1155 2377 333 37 folkskolinspektör
1514 2377 65 30 och
1610 2378 204 34 överlärare,

307 2430 144 37 angivas
475 2431 70 29 dels
568 2430 11 30 i
602 2429 319 36 folkskolestadgan
945 2429 64 30 och
1031 2429 72 30 dels
1127 2428 11 30 i
1161 2428 170 31 särskilda
1356 2438 42 21 av
1423 2428 283 36 skolstyrelserna
1731 2427 84 31 fast-
