1904 2794
527 167 107 27 Första
661 166 207 34 lagutskottets
894 164 156 28 utlåtande
1075 163 44 27 Nr
1144 163 44 27 11.
1598 158 18 29 3

123 256 54 30 års
216 255 148 37 riksdag.
415 254 12 30 I
462 253 149 38 enlighet
640 253 80 29 med
745 252 127 36 förslag
896 261 42 20 av
964 249 249 31 stalsutskottet
1242 248 10 30 i
1283 248 185 38 utlatande,
1498 257 40 20 nr
1563 249 52 37 39,

123 309 92 31 avlät
232 308 185 37 riksdagen
442 316 42 21 en
509 317 47 30 ny
581 306 164 30 skrivelse
770 305 10 30 i
810 306 117 29 ämnet
951 304 66 29 den
1040 305 13 28 1
1082 302 68 37 maj
1175 302 95 38 1901,
1295 311 41 20 nr
1365 301 51 30 64.
1467 301 10 29 I
1502 301 114 29 denna

124 362 165 31 skrivelse
318 361 206 30 hemställde
554 359 195 38 riksdagen,
779 361 48 27 att
857 357 122 37 Kungl.
1011 356 93 37 Maj:t
1129 355 129 31 täcktes
1283 358 76 33 taga
1389 354 109 29 under
1522 355 94 28 över-

124 416 166 38 vägande,
327 415 94 31 vilka
458 414 156 37 åtgärder
639 412 104 31 måtte
772 411 166 39 vidtagas,
964 410 43 40 på
1032 410 55 30 det
1111 412 48 27 att
1184 407 356 41 kapitaltillgångarna
1566 407 51 30 för

125 471 41 30 de
203 469 205 31 donationer
446 468 66 31 och
546 467 169 39 stiftelser,
749 465 177 38 angående
964 464 93 30 vilka
1091 462 171 41 uppgifter
1291 461 218 31 meddelades
1540 461 9 29 i
1575 461 41 30 de

126 525 290 29 kammarrättens
446 522 66 30 och
541 521 201 37 riksdagens
768 519 185 31 revisorers
983 517 211 38 granskning
1219 516 252 30 underkastade
1496 515 120 30 räken-

126 578 183 39 skaperna,
339 575 115 39 måtte,
480 576 62 29 där
566 574 37 30 så
628 574 60 30 ske
718 573 128 38 kunde,
872 573 142 29 komma
1036 574 47 27 att
1099 571 11 29 i
1128 579 134 21 samma
1282 569 234 39 räkenskaper
1533 578 82 29 upp-

126 635 103 34 tagas.
279 629 161 31 Nämnda
477 628 164 31 skrivelse
675 627 88 39 blev,
794 625 83 31 efter
911 626 55 29 det
995 624 244 30 statskontoret
1264 623 64 30 och
1347 622 268 30 kammarrätten

125 684 126 39 avgivit
277 686 214 36 gemensamt
515 681 175 31 utlåtande
716 682 81 30 över
827 680 213 38 densamma,
1059 677 222 32 överlämnad
1301 676 49 31 till
1368 675 247 39 ovanberörda,

127 740 67 30 den
219 740 42 29 29
282 737 190 31 november
498 737 80 30 1901
616 736 140 30 tillsatta
781 733 191 31 kommitté.

172 792 160 31 Nämnda
367 790 180 31 kommitté
581 797 109 29 avgav
720 789 65 29 den
812 789 37 29 21
879 786 181 31 december
1087 787 83 29 1903
1197 788 44 27 ett
1266 784 230 38 betänkande,
1522 783 93 30 inne-

125 846 174 37 hållande,
334 844 105 30 bland
480 846 116 35 annat,
632 842 128 37 förslag
795 841 50 30 till
884 841 54 36 lag
962 849 58 21 om
1045 838 196 37 offentligen
1268 838 153 30 erkända
1446 836 169 30 stiftelser.

125 900 99 30 Detta
258 898 138 39 förslag,
416 897 107 31 vilket
547 895 273 31 utremitterades
846 894 50 30 till
921 893 285 39 länsstyrelserna
1231 902 44 19 m.
1302 891 32 30 fl.
1361 890 250 40 myndigheter,

125 953 104 38 avsåg
254 952 27 38 ej
309 952 86 30 blott
419 954 48 27 att
491 949 231 39 åvägabringa
747 958 95 21 mera
866 947 222 37 fullständiga
1112 946 66 31 och
1204 944 179 38 tidsenliga
1397 939 218 46 bestämmel-

127 1017 53 21 ser
214 1017 57 21 om
304 1006 118 40 tillsyn
458 1005 20 30 å
514 1004 175 31 stiftelsers
725 1002 209 37 förvaltning
946 998 57 34 "än
1027 1002 41 29 de
1093 1000 118 31 dittills
1243 999 156 38 gällande
1424 1001 81 27 utan
1530 999 86 29 även

127 1062 66 30 och
217 1061 10 30 i
252 1060 143 30 främsta
420 1061 149 28 rummet
593 1061 47 27 att
664 1057 10 30 i
700 1057 178 30 allmänna
903 1054 263 41 privaträttsliga
1200 1053 211 37 stadganden
1436 1053 108 39 skapa
1570 1062 47 20 er-

126 1113 162 38 forderlig
321 1113 170 37 grundval
530 1111 53 31 för
608 1111 119 40 dylika
752 1109 269 31 bestämmelser.
1070 1108 176 36 Förslaget
1269 1106 209 30 innefattade
1504 1105 109 30 under

127 1167 166 31 rubriken
331 1166 195 30 >allmänna
551 1163 278 32 bestämmelser?
858 1162 212 37 stadganden
1095 1160 129 38 gående
1250 1163 37 27 ut
1312 1159 42 40 på
1379 1159 234 30 fastställande

127 1231 43 21 av
195 1220 328 38 stiftelsebegreppet
547 1220 166 28 ävensom
738 1216 194 37 angivande
957 1225 42 21 av
1024 1215 41 30 de
1085 1213 294 38 förutsättningar,
1396 1212 108 30 under
1522 1211 92 31 vilka

128 1274 159 31 stiftelser
320 1273 113 31 skulle
458 1272 120 30 kunna
602 1270 131 32 erhålla
758 1269 223 39 självständig
1005 1267 327 41 rättspersonlighet,
1357 1266 64 31 och
1447 1266 65 30 den
1542 1265 75 31 ord-

128 1328 93 38 ning,
254 1327 11 31 i
301 1327 118 30 vilken
459 1326 96 40 dylik
592 1324 232 41 personlighet
859 1323 53 31 för
942 1323 79 30 dem
1046 1322 111 30 skulle
1183 1321 50 31 stå
1258 1324 48 27 att
1330 1320 115 31 vinna.
1493 1319 123 31 Vidare

128 1382 190 38 reglerades
357 1381 67 30 den
464 1379 151 38 rättsliga
649 1378 173 38 ställning,
862 1386 75 22 som
972 1376 111 31 skulle
1107 1375 198 31 tillkomma
1330 1374 167 39 stiftelser,
1522 1373 91 30 vilka

129 1435 104 38 enligt
265 1435 161 37 förslaget
459 1433 169 31 erkändes
665 1441 75 22 som
766 1430 231 38 rättssubjekt.
1056 1426 117 34 Under
1202 1428 166 31 rubriken
1396 1435 75 23 >om
1501 1427 116 39 tillsyn

129 1492 82 29 över
245 1489 92 30 vissa
373 1487 176 31 stiftelser>
588 1486 104 38 gåvos
721 1484 212 32 föreskrifter
957 1494 56 20 om
1040 1483 96 40 dylik
1160 1482 129 40 tillsyn,
1313 1482 116 30 vilken
1454 1481 77 30 med
1557 1490 60 20 un-

130 1544 126 36 dantag
300 1542 53 31 för
392 1541 91 31 vissa
524 1540 169 39 stiftelser,
732 1548 76 21 som
848 1538 28 38 ej
918 1547 83 22 voro
1041 1536 255 31 underkastade
1335 1535 127 40 tillsyn,
1502 1534 115 31 ålades

131 1597 124 37 Kungl.
283 1595 112 38 Maj:ts
420 1593 380 39 befallningshavande,
825 1591 166 39 varjämte
1016 1593 159 29 närmare
1201 1590 107 38 regler
1324 1589 219 30 meddelades
1561 1598 56 20 om

130 1650 174 31 formerna
338 1649 53 30 för
427 1649 114 30 denna
577 1647 128 40 tillsyn.
755 1646 255 31 Förstnämnda
1046 1644 184 37 avdelning
1255 1653 42 21 av
1322 1642 214 38 lagförslaget
1561 1651 57 21 an-

130 1704 67 31 slöt
230 1703 49 38 sig
316 1703 9 30 i
351 1703 92 31 vissa
468 1700 280 40 grundläggande
773 1700 195 30 avseenden
992 1699 49 30 till
1067 1699 55 29 det
1147 1707 42 21 av
1215 1696 204 32 kommittén
1442 1695 10 31 i
1486 1705 132 21 samma

131 1757 220 31 betänkande
375 1756 192 37 framlagda
592 1754 160 37 förslaget
768 1753 50 30 till
836 1753 55 37 lag
906 1762 57 22 om
981 1752 222 38 registrerade
1220 1750 195 37 föreningar
1432 1749 52 31 för
1503 1758 115 21 annan

131 1813 44 28 än
216 1810 209 31 ekonomisk
460 1808 230 32 verksamhet.
740 1807 47 30 På
821 1807 110 37 grund
966 1816 41 20 av
1044 1805 60 31 sist
1140 1805 147 30 berörda
1322 1803 296 31 kommittébetän-

132 1865 113 30 kande
280 1863 202 31 utarbetade
515 1861 183 38 lagförslag
730 1861 148 30 rörande
903 1860 128 40 dylika,
1057 1869 25 21 s.
1108 1859 32 30 k.
1166 1858 123 31 ideella
1313 1857 206 37 föreningar,
1544 1866 74 21 som

132 1918 82 31 åren
255 1919 84 30 1910
378 1917 65 31 och
480 1917 81 30 1911
593 1915 159 38 förelagts
778 1914 195 38 riksdagen,
998 1914 89 29 hava
1110 1912 77 31 icke
1212 1911 125 32 vunnit
1360 1911 76 30 dess
1461 1910 157 38 gillande.

133 1971 122 32 Häruti
288 1972 98 30 torde
411 1980 82 21 man
519 1970 65 31 ock
608 1970 90 30 hava
724 1971 47 28 att
797 1968 85 31 söka
908 1978 41 20 en
970 1967 103 31 orsak
1097 1966 50 31 till
1173 1969 48 27 att
1246 1965 222 32 kommitténs
1493 1964 127 37 förslag

131 2026 49 30 till
224 2024 211 39 lagstiftning
474 2033 58 22 om
573 2023 156 31 stiftelser
767 2022 76 31 icke
878 2022 158 31 föranlett
1072 2020 112 38 någon
1218 2019 209 38 lagstiftning
1471 2028 43 29 pa
1551 2027 69 21 om-

131 2079 106 30 rådet.

177 2132 65 30 Vid
270 2133 84 29 1909
375 2131 55 30 års
455 2131 140 36 riksdag
619 2139 61 21 var
704 2129 261 37 ifrågavarande
990 2130 101 28 ämne
1116 2127 91 39 ånyo
1232 2125 142 32 föremål
1399 2125 53 30 för
1469 2125 151 30 behand-

132 2186 80 37 ling.
262 2186 12 29 I
300 2194 42 21 en
371 2184 97 31 inom
492 2184 109 30 andra
626 2183 205 30 kammaren
855 2182 103 31 väckt
982 2181 143 38 motion,
1150 2190 42 20 nr
1215 2181 52 37 89,
1285 2179 220 30 hemställdes
1526 2179 94 29 näm-

132 2239 100 38 ligen,
266 2241 48 28 att
348 2238 184 37 riksdagen
565 2237 105 30 måtte
695 2237 65 30 hos
786 2236 123 37 Kungl.
936 2234 93 38 Maj:t
1053 2234 139 31 anhålla
1222 2243 58 21 om
1306 2232 223 31 utarbetande
1554 2231 67 31 och

130 2292 259 39 framläggande
414 2301 41 21 av
481 2291 126 37 förslag
630 2290 51 31 till
706 2290 227 31 anordnande
957 2298 43 21 av
1025 2288 160 31 verksam
1211 2287 148 31 kontroll
1386 2288 80 29 över
1491 2285 127 31 vården

132 2347 65 31 och
232 2345 253 38 förvaltningen
525 2355 43 21 av
601 2344 205 31 donationer
831 2344 65 30 och
922 2343 167 39 stiftelser,
1115 2342 161 37 antingen
1298 2341 98 30 dessa
1420 2342 125 28 avsetts
1571 2339 48 30 till

135 2400 263 40 allmännyttiga
434 2398 163 31 ändamål
636 2398 82 30 eller
752 2397 51 31 till
837 2397 157 31 enskilda
1028 2405 182 32 personers
1235 2395 81 30 eller
1341 2395 144 36 företags
1515 2389 106 45 bästa.

133 2454 56 31 Uti
216 2454 56 30 sitt
296 2453 79 31 med
401 2452 188 38 anledning
605 2461 43 22 av
665 2451 178 31 motionen
864 2450 146 38 avgivna
1028 2450 187 38 utlåtande,
1233 2459 41 20 nr
1293 2449 30 38 8,
1342 2447 154 31 erinrade
1514 2447 106 30 andra

132 2509 224 32 kammarens
381 2506 169 39 tillfälliga
574 2506 142 40 utskott,
734 2516 41 20 nr
792 2506 30 39 2,
840 2515 57 22 om
916 2504 271 40 framläggandet
1208 2513 41 21 av
1268 2501 236 42 nyssnämnda
1523 2501 97 31 kom-

1666 783 67 23 1903
1753 790 45 16 ars

1659 818 152 23 kommitlé-

1642 853 178 24 betänkande.

1671 2133 67 22 1909
1758 2131 45 23 års

1677 2167 121 30 riksdag.
