1894 2780
490 188 276 32 Statsutskottets
785 187 173 32 utlåtande
977 198 39 20 nr
1035 189 59 33 146
1113 186 37 31 år
1168 188 80 29 1963
1574 190 37 28 17

125 270 88 32 föras
240 269 49 32 till
318 280 124 21 samma
470 268 186 40 avdelning,
683 267 163 41 nämligen
873 265 469 41 undervisningsavdelningen
1370 264 51 32 för
1446 264 166 32 allmänna

126 323 181 40 skolfrågor
329 322 103 32 under
455 322 109 31 vilken
589 322 97 31 också
709 320 361 40 undervisningsfrågor
1092 319 138 32 rörande
1254 317 151 41 samtliga
1427 317 187 32 fackskolor

125 377 61 32 bör
200 377 165 31 inordnas.
380 376 62 31 Till
458 375 218 40 avdelningen
691 374 51 32 för
757 373 361 40 undervisningsfrågor
1131 372 139 32 rörande
1286 370 327 41 yrkesutbildningen

127 430 59 32 bör
202 429 156 32 hänföras
375 427 360 41 undervisningsfrågor
751 427 170 40 angående
938 426 9 32 i
966 427 102 31 första
1085 425 90 32 hand
1192 424 187 40 utbildning
1395 424 51 32 för
1463 423 150 36 industri,

127 483 173 36 hantverk,
320 482 130 37 handel,
470 481 358 36 kontorsverksamhet,
848 480 122 40 husligt
989 479 114 32 arbete
1121 478 61 32 och
1202 477 272 32 vårdområdena.

168 590 77 32 Som
272 590 70 31 skäl
368 589 50 31 för
444 588 225 40 upprättande
694 599 42 20 av
763 588 59 30 två
849 584 465 42 undervisningsavdelningar
1338 584 56 31 vill
1420 584 56 39 jag
1501 583 113 32 vidare

126 643 174 32 framhålla
316 642 154 39 följande.
487 641 114 40 Enligt
617 641 256 32 statskontorets
889 640 120 40 förslag
1026 639 103 32 skulle
1144 637 470 40 undervisningsavdelningen

127 696 125 32 indelas
271 696 9 31 i
298 696 110 36 rotlar,
427 695 120 31 mellan
566 694 88 32 vilka
674 694 163 31 ärendena
857 694 103 31 skulle
978 693 142 32 fördelas
1138 692 83 31 efter
1240 691 166 32 skolform.
1426 690 129 32 Endast
1574 701 40 20 en

126 761 43 20 av
190 750 94 31 dessa
304 749 101 32 rotlar
425 749 103 31 skulle
549 748 101 40 enligt
669 748 257 31 statskontorets
947 746 82 32 skiss
1050 746 183 39 handlägga
1254 743 361 40 undervisningsfrågor

128 803 87 31 inom
237 801 463 41 yrkesutbildningsområdet.
721 801 81 31 Med
823 801 129 38 hänsyn
974 800 49 31 till
1044 800 63 31 den
1128 798 202 40 omfattning
1349 796 265 41 undervisnings-

126 857 153 40 frågorna
302 856 65 31 kan
390 858 119 29 väntas
531 855 33 31 få
586 858 84 28 även
692 854 83 31 efter
796 865 40 20 en
858 852 278 41 omorganisation
1159 863 42 21 av
1223 852 64 31 den
1309 851 145 31 centrala
1477 850 138 32 skolled-

127 909 119 40 ningen
265 912 36 28 är
318 909 56 31 det
391 908 76 40 föga
483 908 176 37 sannolikt,
677 912 52 27 att
746 918 40 21 en
803 906 219 41 omprövning
1039 917 42 20 av
1099 905 219 40 föreliggande
1336 904 279 40 arbetsuppgifter

128 963 64 31 kan
208 963 74 31 leda
296 962 48 31 till
360 973 39 20 en
414 962 35 31 så
465 961 92 32 stark
572 960 251 32 koncentration
838 971 42 21 av
895 960 95 32 detta
1005 960 85 39 slags
1104 959 143 31 ärenden
1262 963 53 27 att
1328 958 41 31 de
1384 957 104 32 skulle
1502 957 113 31 kunna

127 1016 202 39 handläggas
342 1015 87 31 inom
445 1026 39 20 en
500 1015 85 31 enda
598 1014 82 32 rotel
694 1014 50 31 för
757 1014 72 31 hela
844 1012 463 41 yrkesutbildningsområdet.
1322 1010 174 33 Sannolikt
1509 1010 107 32 måste

127 1070 58 31 det
207 1069 44 31 bli
274 1069 91 39 fråga
387 1079 53 20 om
463 1067 102 32 minst
587 1068 58 31 två
667 1067 256 32 arbetsenheter.
946 1066 249 32 Statskontoret
1216 1065 61 31 har
1299 1064 112 31 vidare
1433 1063 49 32 till
1504 1064 111 39 plane-

127 1121 306 42 ringsavdelningen
457 1121 136 31 hänfört
617 1120 87 32 vissa
728 1120 167 40 uppgifter
918 1119 140 32 rörande
1083 1117 336 41 yrkesutbildningen,
1445 1116 89 32 vilka
1559 1117 57 31 det

128 1176 101 40 enligt
249 1175 69 31 min
339 1174 216 40 uppfattning
576 1185 96 28 synes
693 1185 90 20 mera
804 1173 178 32 motiverat
1004 1177 53 27 att
1077 1172 137 31 hänföra
1236 1171 49 32 till
1307 1170 308 40 undervisningsav-

128 1228 183 40 delningen.
328 1228 69 31 Det
413 1227 88 32 finns
517 1227 124 32 således
659 1227 99 40 enligt
775 1227 68 31 min
860 1225 217 41 uppfattning
1093 1224 176 40 anledning
1286 1228 52 28 att
1354 1224 103 31 räkna
1474 1224 76 31 med
1566 1227 50 27 ett

128 1283 107 31 behov
254 1293 42 20 av
315 1281 59 32 två
393 1281 75 31 eller
486 1285 50 27 tre
555 1281 101 31 rotlar
674 1280 50 32 för
742 1279 362 41 undervisningsfrågor
1121 1278 138 32 rörande
1278 1276 337 41 yrkesutbildningen.

169 1341 82 31 Med
270 1341 128 37 hänsyn
418 1340 49 31 till
487 1339 64 31 den
571 1337 179 39 inriktning
769 1335 263 33 ämbetsverkets
1051 1334 114 32 arbete
1183 1334 60 31 bör
1261 1333 53 37 ha,
1333 1333 95 32 torde
1447 1332 169 32 undervis-

128 1393 248 41 ningsfrågorna
410 1392 124 31 således
568 1391 45 31 bli
647 1391 36 30 så
716 1389 219 38 omfattande,
969 1392 52 27 att
1055 1388 56 30 det
1146 1387 61 31 blir
1239 1386 51 31 för
1322 1385 212 40 betungande
1567 1385 51 31 för

128 1458 40 20 en
184 1444 267 41 avdelningschef
466 1448 54 28 att
536 1444 8 31 i
560 1444 94 31 detta
669 1442 163 32 avseende
847 1442 73 31 leda
937 1440 252 32 verksamheten
1206 1439 90 31 inom
1310 1439 72 31 hela
1399 1438 218 40 utbildnings-

128 1499 160 32 området.
310 1499 127 31 Genom
458 1508 40 21 en
519 1496 202 40 uppdelning
741 1495 42 39 på
803 1495 59 31 två
882 1494 214 39 avdelningar
1117 1493 113 31 vinnes
1251 1493 80 30 flera
1350 1491 183 40 väsentliga
1553 1491 64 32 för-

128 1553 98 31 delar.
250 1552 64 31 För
335 1552 56 30 det
413 1551 104 31 första
537 1549 131 40 uppnås
689 1560 40 20 en
751 1547 313 40 ändamålsenligare
1086 1545 334 41 arbetsorganisation
1442 1545 43 39 på
1506 1545 111 31 avdel-

129 1605 299 41 ningschefsplanet
447 1603 172 40 samtidigt
638 1613 70 21 som
729 1601 206 40 möjligheter
955 1601 120 39 skapas
1095 1604 52 27 att
1168 1599 88 32 inom
1277 1610 39 20 en
1336 1598 178 40 avdelning
1533 1609 84 21 sam-

129 1659 165 32 manhålla
313 1659 40 31 de
372 1658 153 36 ärenden,
545 1656 50 32 för
613 1656 105 31 vilkas
736 1654 245 41 handläggning
999 1665 77 20 man
1096 1653 88 31 inom
1203 1653 247 31 ämbetsverket
1469 1654 36 29 är
1524 1651 9 32 i
1552 1654 65 29 sär-

129 1713 77 31 skilt
223 1712 64 39 hög
305 1711 78 40 grad
401 1711 163 31 beroende
581 1721 42 20 av
641 1709 209 39 fortlöpande
867 1708 179 31 kontakter
1062 1707 76 31 med
1155 1706 223 40 näringslivet.
1395 1706 77 31 Den
1488 1705 129 40 rådgiv-

129 1766 77 39 ning
224 1765 60 31 och
302 1765 63 31 den
383 1775 89 20 mera
489 1763 209 32 omedelbara
716 1762 142 31 kontakt
875 1762 76 30 med
968 1760 247 32 ämbetsverket
1233 1759 10 32 i
1259 1759 117 40 övrigt,
1394 1770 69 20 som
1482 1758 136 32 företrä-

129 1820 101 30 darna
250 1818 50 31 för
317 1816 326 41 yrkesutbildningen
662 1816 88 31 inom
768 1815 173 31 skolväsen
959 1814 61 31 och
1038 1813 176 40 näringsliv
1233 1813 65 31 kan
1316 1823 80 21 vara
1414 1812 9 31 i
1440 1812 107 31 behov
1565 1823 52 25 av,

129 1873 94 30 torde
240 1871 163 39 nämligen
421 1870 48 31 till
488 1869 229 40 övervägande
735 1869 51 31 del
803 1868 169 31 föranleda
990 1867 222 31 hänvändelse
1230 1867 48 30 till
1296 1877 40 19 en
1353 1865 265 40 undervisnings-

129 1924 177 40 avdelning
327 1924 74 31 med
423 1934 42 20 av
487 1923 68 39 mig
576 1922 142 40 angivna
740 1921 177 40 uppgifter.
939 1921 52 31 En
1014 1920 103 31 sådan
1139 1919 176 39 avdelning
1337 1919 104 31 skulle
1463 1918 124 31 således
1609 1918 9 30 i

129 1979 94 31 detta
239 1977 184 32 hänseende
439 1977 134 31 komma
589 1980 52 27 att
655 1975 33 31 få
704 1986 125 20 samma
845 1974 169 38 betydelse
1029 1973 61 31 och
1107 1972 77 39 fylla
1201 1983 125 20 samma
1342 1971 191 32 funktioner
1549 1983 68 20 som

129 2032 41 31 de
189 2031 159 32 särskilda
367 2029 238 39 fackbyråerna
625 2028 87 32 inom
732 2027 338 40 yrkesöverstyrelsen
1090 2037 43 20 nu
1153 2026 68 31 har.

171 2088 119 30 Vidare
307 2086 127 31 medför
450 2097 39 20 en
506 2084 203 40 uppdelning
724 2089 53 27 att
793 2083 327 39 yrkesutbildningen
1138 2082 87 31 inom
1242 2083 56 30 det
1315 2082 145 31 centrala
1475 2082 143 31 ämbets-

130 2141 115 31 verket
266 2140 50 31 får
336 2150 38 20 en
396 2138 137 32 särskild
554 2138 201 31 företrädare
776 2138 42 38 på
838 2135 396 41 avdelningschefsnivån,
1256 2140 49 26 ett
1325 2135 203 31 förhållande
1549 2145 69 21 som

130 2194 55 39 jag
202 2194 156 30 tillmäter
375 2196 48 27 ett
440 2191 191 38 betydande
649 2191 100 30 värde
766 2191 74 30 med
859 2190 128 38 hänsyn
1005 2189 49 31 till
1071 2190 40 29 de
1129 2189 182 31 avsevärda
1328 2187 290 40 utvecklingsupp-

131 2247 96 39 gifter
242 2247 43 37 på
301 2244 344 39 yrkesutbildningens
661 2243 133 30 område
810 2253 68 20 som
895 2245 88 28 ännu
1000 2242 150 30 återstår.
1167 2240 177 40 Samtidigt
1360 2241 55 30 vill
1431 2240 56 39 jag
1502 2241 117 30 under-

130 2299 124 37 stryka,
275 2302 51 26 att
346 2298 94 30 detta
460 2296 178 39 självfallet
659 2296 66 30 inte
746 2295 50 31 får
816 2295 72 31 leda
908 2295 48 30 till
978 2298 52 27 att
1050 2293 336 39 uppmärksamheten
1408 2294 42 37 på
1470 2294 149 37 yrkesut-

132 2350 316 39 bildningsfrågorna
464 2349 147 30 minskas
628 2348 86 31 inom
732 2349 40 30 de
788 2348 111 39 övriga
917 2347 268 39 avdelningarna;
1203 2347 56 30 det
1277 2346 101 31 skulle
1394 2346 35 38 ju
1447 2346 49 30 för
1512 2346 107 39 övrigt

130 2404 104 31 strida
252 2407 71 27 mot
342 2403 62 30 den
423 2401 267 40 grundläggande
710 2400 395 40 integrationsprincipen.

172 2456 158 39 Slutligen
367 2455 64 31 kan
467 2454 277 40 förefintligheten
780 2465 42 20 av
859 2464 39 20 en
934 2452 138 32 särskild
1108 2451 429 40 undervisningsavdelning
1572 2451 50 32 för

132 2508 325 41 yrkesutbildningen
478 2519 41 20 av
540 2507 47 31 till
607 2518 39 20 en
666 2507 115 38 början
801 2506 147 40 måttligt
967 2506 135 39 omfång
1120 2510 96 26 antas
1235 2505 176 39 väsentligt
1431 2505 188 31 underlätta
