1894 2780
518 196 277 32 Statsutskottets
814 195 172 31 utlåtande
1006 205 39 19 nr
1063 196 59 33 146
1141 192 37 31 år
1196 194 81 29 1963
1603 195 37 28 13

154 279 71 32 från
247 277 256 42 organisatorisk
525 276 181 40 synpunkt.
728 275 52 32 De
803 274 222 40 sakkunnigas
1046 273 120 39 förslag
1186 276 53 28 att
1261 271 95 32 ställa
1379 273 84 29 även
1485 269 156 32 befälsut-

154 333 189 40 bildningen
371 332 105 31 under
501 331 113 38 tillsyn
640 341 42 20 av
709 329 64 32 den
801 328 145 32 centrala
974 325 308 41 skolmyndigheten
1309 325 60 31 har
1395 323 178 40 tillstyrkts
1600 333 42 21 av

154 385 295 41 sjöfartsstyrelsen
469 384 61 32 och
549 402 43 5 —
611 383 104 32 under
735 381 87 33 vissa
842 381 159 32 förbehåll
1021 379 209 33 beträffande
1249 377 246 40 utformningen
1516 387 43 21 av
1579 376 63 31 den

155 440 108 31 lokala
287 439 61 31 och
374 438 145 32 centrala
544 436 173 41 ledningen
742 447 42 20 av
811 435 151 32 skolorna
987 453 41 5 —
1052 445 42 20 av
1119 432 149 41 Sveriges
1293 430 273 40 redareförening.
1592 429 51 32 De

155 493 150 40 speciella
325 492 69 31 skäl
414 502 69 21 som
502 491 128 31 anförts
647 490 51 32 för
715 500 39 21 en
774 489 103 32 sådan
896 487 208 41 omläggning
1121 487 76 31 med
1215 485 163 33 avseende
1396 485 43 39 på
1458 484 69 32 dels
1544 483 98 32 beho-

155 551 57 27 vet
227 558 41 20 av
285 545 211 40 samordning
510 545 76 31 med
602 542 386 41 sjömansutbildningen,
1003 541 69 32 dels
1087 539 246 40 utbildningens
1348 538 104 32 likhet
1465 537 76 32 med
1557 537 86 31 vissa

155 600 90 32 delar
265 611 41 20 av
327 598 229 40 utbildningen
577 597 55 32 vid
652 596 153 33 tekniska
826 596 195 40 gymnasier,
1041 605 94 21 anser
1153 594 56 40 jag
1228 604 80 21 vara
1328 592 235 40 övertygande,
1583 591 60 31 och

155 654 56 40 jag
230 653 182 39 tillstyrker
431 653 40 31 de
492 651 221 40 sakkunnigas
733 650 121 40 förslag
874 650 42 39 på
936 650 107 31 denna
1064 648 117 39 punkt.

197 734 17 31 I
236 733 144 41 enlighet
400 732 75 32 med
497 732 50 32 sin
568 730 324 42 grunduppfattning
913 740 54 21 om
989 728 143 32 behovet
1153 739 42 20 av
1217 726 202 41 enhetlighet
1441 725 9 32 i
1471 725 172 40 ledningen

156 799 42 20 av
225 785 328 41 yrkesutbildningen
580 785 60 31 har
666 785 40 31 de
733 783 207 40 sakkunniga
966 781 175 41 föreslagit,
1169 785 53 27 att
1247 779 330 41 yrkesutbildningen
1602 777 43 41 på

156 840 214 40 jordbrukets
392 839 61 32 och
476 838 235 40 skogsbrukets
734 837 168 38 områden,
926 847 68 21 som
1019 835 9 31 i
1050 835 177 31 huvudsak
1250 834 69 31 står
1341 833 105 32 under
1468 833 112 38 tillsyn
1603 843 41 20 av

157 893 335 39 lantbruksstyrelsen
514 891 186 40 respektive
723 890 267 41 skogsstyrelsen,
1014 889 154 31 inordnas
1190 888 105 32 under
1316 887 63 32 den
1403 896 242 31 gemensamma

158 947 255 40 skolledningen.
433 946 52 31 De
505 945 204 40 sakkunniga
729 945 60 31 har
808 944 84 32 dock
912 943 189 37 framhållit,
1119 946 53 28 att
1191 941 86 32 vissa
1297 940 183 40 besvärliga
1498 939 147 40 problem

157 1001 117 32 därvid
298 1001 66 30 kan
386 999 204 40 uppkomma
613 999 42 39 på
678 998 105 40 grund
806 1008 42 21 av
870 996 246 40 utbildningens
1137 998 81 29 nära
1240 993 210 41 anknytning
1471 993 50 32 till
1543 993 102 31 andra

158 1053 311 40 samhällsåtgärder
489 1052 51 32 för
562 1052 75 32 stöd
659 1051 61 32 och
743 1050 191 40 utveckling
956 1050 36 31 åt
1013 1050 41 30 de
1075 1048 154 40 näringar
1250 1048 58 31 det
1329 1047 59 32 här
1410 1050 37 29 är
1468 1046 92 41 fråga
1582 1057 63 20 om.

159 1109 49 30 Bl.
221 1119 28 20 a.
267 1108 104 39 pekar
387 1107 41 31 de
445 1105 206 40 sakkunniga
667 1105 43 40 på
727 1104 193 39 betydande
937 1102 201 41 svårigheter
1154 1106 53 27 att
1224 1104 162 37 avgränsa
1404 1101 63 31 den
1485 1099 161 41 egentliga

161 1159 329 42 yrkesutbildningen
522 1159 73 31 från
627 1158 210 39 fortlöpande
868 1155 431 41 upplysningsverksamhet
1329 1154 62 32 och
1423 1152 222 33 information.

158 1214 261 32 Verksamheten
440 1213 43 39 på
504 1212 151 32 området
676 1214 36 29 är
733 1214 84 29 även
841 1210 239 32 sammanvävd
1102 1209 42 39 på
1166 1209 35 31 så
1223 1211 69 29 sätt
1313 1212 52 27 att
1385 1206 261 41 befattningsha-

158 1280 78 20 vare
260 1268 57 31 vid
341 1266 345 37 lantbruksnämnder,
710 1263 370 41 hushållningssällskap
1104 1263 61 32 och
1190 1262 353 40 skogsvårdsstyrelser
1565 1260 82 40 jäm-

159 1322 86 32 sides
261 1321 76 32 med
355 1321 103 31 andra
476 1319 167 41 uppgifter
660 1322 84 29 även
761 1318 197 31 medverkar
975 1317 9 32 i
1001 1315 337 41 yrkesutbildningen.

200 1375 106 31 Detta
330 1374 161 31 samband
513 1373 121 31 mellan
656 1370 489 41 rationaliseringsverksamhet
1168 1369 62 32 och
1252 1368 188 40 utbildning
1463 1368 60 32 har
1545 1371 103 36 ytter-

160 1429 99 39 ligare
285 1427 176 32 förstärkts
488 1437 116 29 genom
631 1424 259 40 riksdagsbeslut
916 1424 10 31 i
951 1422 190 41 anslutning
1166 1422 50 32 till
1242 1422 59 31 två
1327 1420 240 41 propositioner
1592 1420 55 32 vid

163 1485 78 28 1962
264 1481 52 31 års
337 1480 132 39 riksdag
492 1480 108 38 (prop.
623 1481 91 29 1962:
729 1481 69 34 103;
820 1477 74 32 JoU
916 1480 49 34 20;
987 1476 88 31 Rskr
1096 1479 71 33 307;
1189 1486 92 28 prop.
1306 1477 174 34 1962:115;
1503 1473 74 32 JoU
1600 1477 48 34 16;

160 1535 88 32 Rskr
267 1534 87 40 253).

202 1588 64 31 För
281 1598 80 29 egen
378 1587 51 31 del
445 1586 55 31 vill
516 1585 55 40 jag
586 1585 202 36 konstatera,
805 1588 51 27 att
872 1584 57 30 det
944 1582 142 40 angivna
1102 1582 198 31 sambandet
1316 1581 55 31 vid
1386 1592 40 20 en
1442 1580 207 40 omläggning

159 1641 102 39 enligt
280 1641 40 30 de
340 1639 222 40 sakkunnigas
580 1638 120 40 förslag
719 1637 103 31 skulle
841 1636 147 32 medföra
1006 1635 219 40 olägenheter.
1244 1635 106 30 Detta
1369 1634 203 31 förhållande
1591 1633 60 31 har

159 1693 100 32 också
278 1693 109 31 starkt
406 1691 244 32 understrukits
668 1702 42 20 av
729 1691 40 30 de
787 1688 344 40 remissmyndigheter
1150 1699 70 20 som
1238 1688 61 31 har
1317 1687 107 32 direkt
1441 1686 210 41 anknytning

162 1746 47 32 till
226 1747 40 30 de
283 1746 137 31 berörda
437 1745 207 39 näringarna.
659 1744 82 31 Med
758 1743 129 39 hänsyn
904 1742 109 31 härtill
1029 1742 60 31 har
1104 1741 54 40 jag
1174 1741 84 31 efter
1274 1741 159 39 ingående
1449 1731 201 49 övervägan-

161 1800 63 30 den
243 1798 121 37 funnit,
381 1802 52 27 att
450 1798 41 30 de
508 1797 223 39 sakkunnigas
748 1796 121 39 förslag
886 1795 207 31 beträffande
1111 1793 327 40 yrkesutbildningen
1457 1793 89 31 inom
1564 1793 86 39 jord-

163 1852 113 30 bruks-
295 1851 61 31 och
376 1849 379 40 skogsbruksområdena
774 1849 68 31 inte
861 1859 44 20 nu
925 1848 58 31 bör
1001 1847 216 40 genomföras.

203 1908 73 30 Alla
295 1906 206 40 möjligheter
519 1905 48 31 till
587 1904 195 32 samverkan
801 1904 119 31 mellan
939 1903 40 31 de
997 1902 299 36 fackämbetsverk,
1315 1902 103 30 under
1436 1901 89 31 vilka
1544 1900 106 31 denna

163 1959 286 40 yrkesutbildning
467 1959 81 31 skall
565 1958 86 39 lyda,
669 1957 61 32 och
748 1957 63 31 den
829 1957 144 31 centrala
991 1955 308 40 skolmyndigheten
1316 1954 59 31 bör
1392 1953 180 32 emellertid
1589 1953 62 31 till-

164 2018 143 27 varatas.
324 2013 52 31 En
393 2017 68 27 stor
475 2012 52 31 del
543 2023 42 20 av
602 2011 40 31 de
658 2011 150 37 fördelar,
826 2021 70 20 som
912 2010 40 30 de
969 2008 204 40 sakkunniga
1190 2012 112 27 avsett
1317 2012 52 27 att
1385 2007 101 31 vinna
1502 2006 75 32 med
1595 2006 57 31 sitt

164 2067 128 39 förslag,
320 2076 96 28 synes
441 2065 189 39 därigenom
656 2064 112 31 kunna
794 2063 139 39 uppnås.
958 2063 51 31 En
1036 2062 102 31 sådan
1164 2061 197 32 samverkan
1386 2061 59 30 bör
1470 2061 114 30 kunna
1608 2059 43 31 bli

164 2119 218 40 långtgående
400 2118 60 31 och
481 2117 130 31 särskilt
631 2116 163 31 innefatta
814 2116 108 39 frågor
940 2115 138 31 rörande
1097 2115 166 31 allmänna
1282 2113 162 38 riktlinjer
1463 2113 50 31 för
1532 2112 120 32 utbild-

164 2172 128 39 ningen,
320 2170 474 40 statsbidragsbestämmelser,
822 2169 143 39 stadgor,
990 2167 428 40 avlöningsbestämmelser,
1445 2166 207 38 kompetens-

165 2224 183 39 fordringar
367 2224 50 30 för
436 2224 112 37 lärare,
569 2223 144 30 lärarnas
733 2221 220 40 pedagogiska
973 2220 186 39 utbildning
1177 2219 61 31 och
1259 2218 215 40 fortbildning
1494 2223 86 26 samt
1600 2229 52 28 pe-

164 2277 174 40 dagogiskt
357 2276 244 31 reformarbete.

206 2354 93 32 Även
316 2355 42 30 då
375 2355 56 30 det
447 2354 98 39 gäller
560 2354 62 30 den
639 2353 286 39 yrkesutbildning
939 2352 51 38 för
1004 2351 218 39 sjukvårdens
1238 2350 117 35 behov,
1371 2350 118 31 främst
1505 2349 148 39 sjukskö-

168 2407 347 39 terskeutbildningen,
537 2417 69 21 som
628 2406 68 31 står
717 2406 104 30 under
841 2405 111 38 tillsyn
974 2415 41 20 av
1036 2403 344 39 medicinalstyrelsen,
1402 2403 103 31 skulle
1526 2413 39 20 en
1587 2413 66 20 om-

167 2461 151 39 läggning
339 2460 101 40 enligt
461 2460 39 31 de
522 2459 222 39 sakkunnigas
766 2458 120 39 förslag
906 2457 146 32 medföra
1075 2457 85 31 vissa
1181 2456 148 39 problem
1350 2456 42 39 på
1414 2456 105 40 grund
1540 2466 42 20 av
1604 2460 50 26 ut-

167 2514 205 39 bildningens
393 2516 75 28 nära
489 2512 208 40 anknytning
716 2512 48 31 till
782 2512 86 30 olika
888 2510 346 39 sjukvårdsanstalter.
1253 2509 120 31 Härtill
1394 2509 148 30 kommer
1560 2509 94 30 emcel-
