1888 2806
283 143 39 32 30
732 151 275 32 Statsutskottets
1033 152 175 32 utlåtande
1232 163 42 21 nr
1295 156 70 30 155.

330 231 87 40 10:0)
450 233 208 31 Kontrolien
685 235 82 30 över
792 235 461 33 barnavårdsnämndernas
1279 238 266 37 redovisningar
1575 249 42 21 av
1655 241 139 30 mödra-

284 282 244 36 hjälpsmedel.
553 284 118 30 Under
697 286 399 39 socialdepartementet,
1125 288 18 37 8
1173 289 49 35 10,
1248 289 47 30 ha
1321 289 221 31 revisorerna
1566 289 134 37 påtalat
1726 292 67 30 den

284 332 176 32 bristande
473 335 194 30 kontrollen
685 337 80 29 över
778 336 451 33 barnavårdsnämndernas
1246 339 220 37 redovisning
1483 350 42 21 av
1540 340 253 37 mödrahjälps-

285 385 136 29 medlen
447 382 77 39 (Del
548 387 23 35 I,
597 396 24 20 s.
648 385 155 39 78—383).

329 434 115 36 Enligt
460 435 249 37 förordningen
727 438 66 30 den
816 439 36 28 11
870 437 78 37 juni
970 438 93 38 1937,
1084 448 42 20 nr
1143 440 74 36 339,
1239 450 58 20 om
1318 440 222 38 mödrahjälp
1560 442 70 29 kan
1651 442 139 36 kvinna,

285 493 75 21 som
382 485 11 30 i
418 486 187 37 anledning
628 496 42 21 av
696 488 248 36 havandeskap
970 490 80 29 eller
1075 490 194 31 barnsbörd
1295 493 38 28 är
1358 490 11 30 i
1393 492 196 36 uppenbart
1615 493 112 30 behov
1750 502 43 21 av

282 536 199 36 understöd,
505 536 224 32 tillerkännas
751 538 222 38 mödrahjälp
996 549 42 21 av
1062 541 206 31 statsmedel.
1291 541 67 30 För
1380 542 212 38 behandling
1613 552 42 21 av
1675 543 117 36 frågor

283 587 147 29 rörande
448 588 221 36 mödrahjälp
690 589 113 30 finnes
821 589 10 30 i
852 590 96 35 varje
966 591 335 36 landstingsområde
1322 593 81 29 eller
1421 593 77 29 stad
1515 593 143 30 utanför
1675 594 113 30 lands-

282 635 71 37 ting
372 646 43 21 en
435 636 383 37 mödrahjälpsnämnd.
839 640 220 37 Utbetalning
1080 651 42 21 av
1141 641 233 37 mödrahjälp,
1394 652 75 21 som
1489 642 159 37 beviljats
1669 654 42 21 av
1731 646 58 36 dy-

283 686 47 31 lik
357 688 142 38 nämnd,
527 689 77 30 sker
627 697 126 28 genom
779 691 258 31 vederbörande
1063 692 357 37 barnavårdsnämnd,
1448 703 75 21 som
1549 694 131 37 jämväl
1704 696 87 30 skall

284 738 181 35 övervaka,
495 741 49 28 att
570 738 143 37 hjälpen
738 741 157 30 kommer
922 741 51 32 till
1002 743 222 37 användning
1251 743 11 30 i
1291 744 148 36 enlighet
1467 746 80 29 med
1572 745 102 36 givna
1702 746 88 30 före-

281 788 149 32 skrifter.

327 837 114 37 Enligt
467 840 306 32 bestämmelserna
799 842 11 30 i
834 843 230 36 kungörelsen
1091 845 66 31 den
1186 846 40 28 22
1253 845 143 30 oktober
1423 846 93 35 1937,
1543 855 42 21 nr
1610 847 74 38 848,
1710 848 79 29 med

280 888 455 38 tillämpningsföreskrifter
763 892 49 32 till
838 894 231 30 förenämnda
1094 895 204 38 förordning
1325 897 87 29 skall
1439 897 122 35 beslut,
1590 897 199 37 varigenom

281 940 221 36 mödrahjälp
531 942 169 38 beviljats,
727 952 42 22 av
796 943 419 38 mödrahjälpsnämnden
1244 946 249 37 ofördröjligen
1520 948 150 36 delgivas
1698 949 90 30 läns-

280 991 175 37 styrelsen,
474 1001 75 21 som
567 993 64 30 har
647 996 50 27 att
712 993 50 30 till
780 994 65 30 den
864 995 359 38 barnavårdsnämnd,
1243 996 46 37 på
1306 997 115 31 vilken
1441 999 56 29 det
1517 999 204 30 ankommer
1739 1003 49 26 att

279 1041 184 31 verkställa
484 1042 154 38 beslutet,
658 1044 196 31 utanordna
872 1046 57 29 det
948 1046 135 36 belopp,
1105 1047 114 30 vartill
1240 1048 234 30 kostnaderna
1493 1048 55 30 för
1569 1048 142 37 hjälpen
1729 1059 58 21 en-

279 1091 60 36 ligt
359 1092 146 30 beslutet
528 1094 99 35 högst
648 1094 59 31 må
729 1094 125 37 uppgå.

323 1141 63 32 Det
408 1142 128 36 åligger
554 1143 346 33 barnavårdsnämnd
923 1150 50 27 att
993 1147 129 36 årligen
1142 1147 76 31 före
1237 1150 66 29 den
1327 1150 14 29 1
1366 1149 88 36 april
1476 1151 66 29 och
1562 1151 66 29 den
1652 1152 14 29 1
1691 1152 95 30 okto-

278 1192 60 31 ber
362 1193 51 30 till
439 1194 245 36 länsstyrelsen
711 1195 146 31 insända
886 1198 126 35 utdrag
1037 1207 42 21 av
1108 1199 181 35 dagboken
1319 1201 81 28 över
1427 1199 132 32 sådana
1588 1202 160 35 ärenden,
1776 1202 10 29 i

278 1242 91 32 vilka
392 1242 364 37 hjälpverksamheten
780 1247 166 31 avslutats
970 1248 110 30 under
1102 1249 288 36 nästföregående
1414 1251 297 31 kalenderhalvår.
1737 1252 50 31 De

279 1292 49 31 till
353 1295 243 34 länsstyrelsen
622 1295 148 31 insända
798 1297 168 36 utdragen
996 1299 97 30 skola
1119 1298 141 37 åtföljas
1289 1310 43 20 av
1359 1301 236 37 vederbörliga
1624 1302 160 31 verifika-

277 1343 109 31 tioner
412 1344 11 30 i
451 1346 233 36 huvudskrift,
715 1347 121 38 tydligt
860 1348 183 31 utvisande
1071 1349 93 30 tiden
1193 1350 55 30 för
1274 1351 214 37 utbetalning
1514 1357 89 26 samt
1629 1353 50 30 till
1707 1363 77 21 vem

276 1395 65 29 och
361 1395 56 30 för
435 1395 105 31 vilket
561 1396 162 31 ändamål
743 1398 216 37 utbetalning
980 1400 96 30 skett.
1098 1400 123 31 Därest
1242 1402 41 29 de
1302 1402 50 29 till
1373 1402 411 32 barnavårdsnämndens

276 1444 207 37 förfogande
505 1446 55 30 för
580 1446 265 37 ifrågavarande
864 1450 152 30 ärenden
1040 1451 123 31 ställda
1184 1453 136 29 medlen
1340 1453 76 30 icke
1437 1453 11 29 i
1472 1453 52 31 sin
1548 1455 115 29 helhet
1684 1454 99 37 tagits

275 1494 9 29 i
305 1493 162 40 anspråk,
490 1496 96 31 skola
606 1497 175 37 samtidigt
800 1498 50 31 till
868 1500 244 35 länsstyrelsen
1132 1501 242 32 återlevereras
1394 1502 147 33 sålunda
1562 1500 220 44 odisponera-

275 1546 41 29 de
338 1547 136 36 belopp.

319 1596 64 31 Det
406 1596 127 37 åligger
558 1599 243 37 länsstyrelsen
827 1604 49 26 att
900 1602 150 35 granska
1076 1612 42 21 av
1142 1602 349 34 barnavårdsnämnd
1517 1606 143 36 avgiven
1685 1608 96 30 redo-

273 1646 136 37 visning
433 1652 89 27 samt
547 1652 57 32 att,
627 1659 57 20 om
709 1650 121 31 därvid
852 1651 159 31 befinnes
1032 1656 48 26 att
1103 1653 393 32 barnavårdsnämnden
1522 1657 166 31 utbetalat
1713 1667 69 21 me-

274 1697 54 31 del
351 1697 11 30 i
386 1698 85 31 strid
495 1702 73 27 mot
592 1699 437 37 mödrahjälpsnämndens
1052 1704 112 30 beslut
1187 1705 83 29 eller
1296 1705 101 36 givna
1422 1706 225 39 föreskrifter,
1675 1710 106 29 fram-

274 1748 98 30 ställa
397 1750 233 37 anmärkning
656 1755 73 26 mot
754 1752 275 37 redovisningen.
1055 1754 352 33 Barnavårdsnämnd
1435 1759 39 28 är
1503 1758 135 37 skyldig
1664 1763 48 27 att
1736 1760 45 37 på

272 1799 175 31 anmodan
467 1799 152 32 tillställa
640 1803 242 36 länsstyrelsen
903 1803 81 30 eller
1006 1803 417 38 mödrahjälpsnämnden
1446 1809 126 37 utdrag
1592 1819 42 21 av
1654 1811 126 35 dagbo-

272 1849 67 31 ken
363 1850 82 30 över
467 1850 506 38 mödrahjälpsverksamheten
996 1854 96 31 inom
1115 1857 215 30 kommunen
1352 1859 87 29 även
1462 1858 21 31 å
1506 1869 115 21 annan
1642 1861 49 30 tid
1715 1862 65 29 och

272 1899 11 30 i
306 1900 109 31 andra
438 1900 63 31 fall
522 1903 44 29 än
587 1911 81 29 nyss
692 1906 101 33 sagts.

315 1950 14 30 I
351 1950 52 31 sin
425 1952 172 37 egenskap
620 1962 42 21 av
683 1953 338 39 tillsynsmyndighet
1042 1957 81 29 över
1144 1957 507 37 mödrahjälpsverksamheten
1671 1962 11 30 i
1703 1963 76 30 dess

270 2001 116 31 helhet
403 2001 203 32 infordrade
623 2003 273 37 socialstyrelsen
917 2007 67 29 den
1005 2007 38 30 13
1064 2006 75 38 juni
1163 2008 84 30 1944
1267 2008 78 31 från
1365 2010 159 37 samtliga
1543 2013 236 38 länsstyrelser

270 2051 137 37 uppgift
427 2053 71 30 dels
518 2062 57 22 om
591 2055 66 29 och
677 2054 11 30 i
708 2056 66 29 vad
790 2055 81 31 mån
889 2054 81 32 från
989 2058 301 36 länsstyrelsernas
1310 2060 73 32 sida
1401 2061 196 32 framställd
1617 2064 160 29 anmärk-

268 2101 84 37 ning
373 2107 110 26 avsett
506 2112 94 22 mera
623 2105 254 36 betydelsefullt
899 2106 258 33 åsidosättande
1182 2119 43 21 av
1251 2110 390 37 mödrahjälpsnämnds
1667 2114 111 30 beslut

270 2153 80 29 eller
364 2162 42 22 av
421 2153 275 37 socialstyrelsen
711 2157 202 31 meddelade
926 2158 232 37 anvisningar,
1176 2160 71 31 dels
1263 2162 64 29 ock
1343 2161 11 30 i
1370 2163 67 30 vad
1452 2162 82 31 mån
1548 2164 228 32 barnavårds-

268 2203 218 32 nämnderna
508 2204 57 32 vid
588 2207 153 31 nämnda
762 2207 162 36 tidpunkt
945 2209 157 36 fullgjort
1125 2210 74 31 sina
1222 2211 262 38 redovisningar
1507 2223 42 21 av
1571 2216 205 30 omhänder-

269 2254 115 31 havda
403 2256 355 37 mödrahjälpsmedel
778 2258 11 30 i
812 2259 150 36 enlighet
983 2261 80 29 med
1082 2261 11 29 i
1115 2261 468 39 tillämpningskungörelsen
1600 2266 104 36 givna
1725 2266 50 31 fö-

268 2304 187 32 reskrifter.

312 2354 226 33 Revisorerna
560 2357 55 35 ha,
639 2357 87 31 efter
746 2361 49 28 att
816 2359 91 30 hava
927 2358 85 37 tagit
1031 2360 54 30 del
1105 2370 43 21 av
1169 2362 42 30 de
1231 2361 167 32 inkomna
1419 2372 132 31 svaren,
1573 2365 201 38 framhållit,

266 2409 50 27 att
339 2407 273 36 anmärkningar
634 2407 204 32 framställts
863 2418 43 22 av
932 2409 38 32 så
993 2413 72 33 gott
1086 2420 75 21 som
1186 2412 159 36 samtliga
1367 2414 247 37 länsstyrelser.
1639 2416 135 30 Reviso-

267 2465 110 28 rerna,
395 2465 75 22 som
485 2457 11 30 i
511 2458 91 30 detta
618 2459 252 37 sammanhang
885 2459 51 31 till
952 2461 212 37 granskning
1179 2463 158 37 upptagit
1351 2464 145 31 allenast
1511 2466 264 37 redovisningen
