1876 2770
446 142 123 30 Första
591 141 246 40 lagutskottets
860 140 180 31 utlåtande
1061 150 42 20 nr
1123 141 42 29 28
1185 141 40 30 år
1247 141 84 30 1964
1590 140 40 29 47

146 221 276 40 ringsplatserna
440 223 85 28 utan
543 221 97 30 inom
658 220 80 30 hela
755 221 57 29 det
830 220 153 34 område,
1002 221 98 29 inom
1117 220 108 30 vilket
1243 220 265 30 trafikrörelsen
1527 219 107 39 regle-

146 283 57 21 ras
225 282 123 32 genom
369 274 392 40 avgiftsbeläggningen.
782 274 138 38 Frågan
941 282 58 21 om
1019 273 340 39 parkeringsplatser
1380 273 89 30 skall
1491 272 143 39 avgifts-

146 328 162 39 beläggas
328 328 84 30 eller
430 327 71 30 inte
521 328 124 38 avgörs
665 327 72 30 helt
758 336 41 21 av
818 327 173 29 kommun
1008 326 144 39 jämlikt
1171 326 311 30 bestämmelserna
1501 326 11 29 i
1533 326 100 39 lagen

147 390 57 21 om
225 382 69 29 rätt
315 381 56 30 för
390 381 171 30 kommun
581 383 53 27 att
654 381 120 38 uttaga
794 380 110 39 avgift
926 379 55 30 för
1000 380 95 30 vissa
1115 379 214 40 upplåtelser
1349 379 20 30 å
1390 379 131 30 allmän
1542 379 92 39 plats

147 444 47 20 m.
213 444 45 20 m.
278 435 77 29 Med
375 434 138 40 hänsyn
531 434 119 29 härtill
671 433 116 30 finner
804 433 60 40 jag
883 433 11 30 i
913 433 111 30 likhet
1044 433 80 30 med
1142 432 236 40 beredningen
1397 433 65 29 och
1482 432 152 30 flertalet

147 487 311 35 remissinstanser,
474 489 50 28 att
539 487 218 30 kommunen
771 487 11 30 i
797 487 118 39 dylika
932 486 61 30 fall
1010 488 87 29 även
1111 486 63 30 bör
1188 487 84 29 bära
1287 496 43 20 en
1345 486 55 30 del
1415 495 42 21 av
1471 487 163 29 ansvaret

148 541 56 29 för
227 540 501 40 parkeringsövervakningen.
755 540 80 30 Skäl
863 540 54 30 för
942 549 44 20 en
1011 540 110 29 sådan
1146 539 149 40 ordning
1320 540 102 38 utgör
1446 539 106 30 också
1577 539 58 29 det

148 594 237 30 förhållandet
403 596 50 28 att
473 594 235 29 kommunens
728 593 195 30 inkomster
943 602 42 21 av
1004 593 206 39 avgifterna,
1231 601 77 21 som
1326 592 204 40 visserligen
1550 592 86 30 fast-

149 648 98 29 ställs
269 647 124 30 enbart
413 647 79 30 med
513 647 139 39 hänsyn
674 647 52 29 till
747 646 67 30 vad
837 655 76 21 som
934 646 178 30 erfordras
1135 646 56 29 för
1211 647 52 29 att
1284 645 245 31 åstadkomma
1551 645 85 30 nöd-

147 700 129 40 vändig
296 700 215 40 omsättning
531 709 43 21 av
594 700 127 29 fordon
741 700 45 40 på
807 699 397 40 parkeringsplatserna,
1226 699 90 29 dock
1336 699 11 29 i
1368 699 192 30 allmänhet
1582 707 53 30 sy-

149 763 61 20 nes
232 754 109 29 förslå
362 754 54 29 för
438 755 51 28 att
509 753 103 30 täcka
633 753 72 30 inte
726 753 84 30 bara
832 752 313 30 merkostnaderna
1168 752 55 30 för
1243 751 228 40 erforderliga
1493 751 144 40 avgifts-

149 807 237 39 anordningar
402 807 65 29 och
484 807 101 29 deras
603 806 131 30 skötsel
751 808 85 27 utan
854 807 89 29 även
959 805 238 30 kostnaderna
1214 805 55 30 för
1285 805 292 39 övervakningen.

193 864 60 30 Att
281 866 92 28 sätta
400 864 189 30 kommuns
619 863 199 40 skyldighet
845 865 52 28 att
925 863 200 39 ombesörja
1151 862 446 41 parkeringsövervakning
1625 862 12 30 i

149 917 116 31 direkt
290 917 169 30 samband
484 917 79 30 med
587 919 52 29 att
664 917 216 29 kommunen
904 916 152 30 beslutat
1081 918 36 28 ta
1142 919 38 27 ut
1205 916 149 39 avgifter
1379 915 56 30 för
1458 916 180 29 allmänna

149 970 339 40 parkeringsplatser
515 971 39 29 är
580 970 72 30 inte
680 969 325 40 invändningsfritt.
1034 969 94 30 även
1155 969 11 30 i
1194 969 111 30 andra
1332 969 207 30 situationer
1566 969 71 29 kan

149 1023 490 40 parkeringsövervakningen
663 1023 109 30 kräva
796 1025 95 28 stora
915 1022 325 40 personalinsatser.
1265 1022 26 30 Å
1317 1022 110 30 andra
1452 1022 100 30 sidan
1577 1031 62 21 an-

152 1086 56 21 ser
221 1077 59 39 jag
296 1079 51 28 att
362 1077 58 30 det
434 1076 72 30 inte
523 1077 38 29 är
577 1076 293 39 ändamålsenligt
887 1078 51 28 att
953 1076 117 30 införa
1086 1075 150 40 generell
1254 1075 198 40 skyldighet
1469 1075 55 30 för
1540 1075 98 30 kom-

151 1139 126 21 muner
298 1132 51 28 att
371 1139 101 21 svara
494 1130 55 29 för
570 1129 293 40 övervakningen.
886 1128 346 40 Avgiftsbeläggning
1253 1128 63 30 bör
1338 1128 143 30 komma
1502 1128 12 29 i
1537 1128 99 40 fråga

151 1184 65 29 när
237 1183 410 40 parkeringsproblemen
668 1182 99 31 blivit
790 1183 38 30 så
850 1182 194 39 besvärliga
1066 1184 50 28 att
1139 1182 97 40 dylik
1258 1182 172 40 reglering
1452 1191 42 21 av
1515 1182 124 39 parke-

150 1237 294 39 ringsplatsernas
468 1236 225 40 utnyttjande
718 1238 39 28 är
780 1235 246 40 oundgänglig.
1051 1235 229 40 Anknytning
1304 1245 42 20 av
1369 1235 270 39 övervaknings-

152 1290 198 39 skyldighet
369 1290 53 30 till
442 1289 337 41 avgiftsbeläggning
800 1299 103 30 synes
924 1290 73 29 mot
1017 1289 115 29 denna
1152 1289 185 39 bakgrund
1356 1288 114 40 ägnad
1490 1290 51 28 att
1561 1288 79 30 leda

151 1343 53 29 till
226 1352 43 20 en
291 1343 190 39 godtagbar
502 1343 236 39 avgränsning
760 1352 43 20 av
825 1342 255 39 skyldigheten.
1102 1342 65 39 Jag
1189 1342 105 39 hyser
1317 1341 55 30 för
1393 1341 74 30 min
1490 1341 54 30 del
1567 1341 72 30 inte

152 1396 166 39 farhågor
340 1396 55 29 för
416 1397 50 28 att
487 1396 182 34 kommun,
693 1405 75 20 som
790 1397 133 37 antytts
946 1395 11 29 i
979 1397 48 27 ett
1050 1395 299 39 remissyttrande,
1372 1395 56 29 för
1449 1396 51 28 att
1522 1394 118 40 undgå

152 1448 455 40 övervakningsskyldighet
627 1448 116 30 avstår
762 1448 80 30 från
860 1448 102 39 eljest
980 1448 149 39 befogad
1148 1447 347 40 avgiftsbeläggning.

197 1505 463 40 Övervakningsskyldighet
681 1506 62 30 bör
764 1506 71 29 inte
858 1505 114 39 åligga
992 1505 68 29 alla
1082 1505 211 29 kommuner
1314 1514 75 20 som
1411 1504 150 30 beslutat
1583 1513 56 21 av-

153 1558 228 40 giftsbelägga
401 1558 339 40 parkeringsplatser
759 1560 86 28 utan
865 1558 221 30 förekomma
1105 1557 123 31 endast
1248 1558 11 29 i
1278 1558 42 30 de
1340 1557 73 35 fall,
1434 1557 44 30 då
1497 1557 144 39 avgifts-

152 1612 207 39 beläggning
383 1612 92 30 skett
497 1612 11 29 i
530 1613 111 29 större
665 1611 213 40 omfattning
900 1612 67 29 och
989 1611 103 30 alltså
1115 1619 59 31 ger
1196 1620 43 20 en
1262 1610 186 40 anvisning
1470 1619 58 21 om
1551 1610 90 30 före-

152 1665 161 39 liggande
334 1665 375 39 parkeringsproblem.
733 1666 80 29 Som
833 1665 60 39 jag
915 1665 95 29 förut
1033 1664 195 30 framhållit
1249 1664 63 30 bör
1332 1664 193 30 emellertid
1548 1664 93 39 skyl-

153 1718 163 39 digheten
333 1720 50 28 att
400 1718 197 39 ombesörja
614 1717 456 41 parkeringsövervakning,
1088 1719 64 28 när
1169 1717 110 30 sådan
1296 1717 198 40 skyldighet
1511 1717 129 39 åläggs,

156 1771 150 30 omfatta
333 1771 236 39 övervakning
598 1781 43 20 av
670 1771 222 30 föreskrifter
922 1780 58 21 om
1009 1771 195 30 stannande
1234 1771 65 29 och
1329 1771 240 39 uppställning
1598 1779 42 21 av

154 1824 127 29 fordon
304 1824 96 30 inom
424 1824 56 30 det
504 1824 153 34 område,
682 1824 64 30 där
769 1824 383 39 avgiftsbeläggningen
1175 1824 70 29 kan
1270 1832 102 21 anses
1396 1823 153 39 påverka
1573 1825 69 28 tra-

155 1877 218 29 fikrörelsen.
403 1877 94 29 Även
524 1877 260 29 efterlevnaden
813 1886 43 20 av
884 1876 431 40 parkeringsföreskrifter
1344 1887 76 20 som
1448 1878 113 38 syftar
1588 1878 53 30 till

154 1932 51 27 att
235 1930 198 29 underlätta
462 1930 235 29 kommunens
727 1929 224 39 renhållning
979 1930 66 29 och
1074 1930 207 39 snöröjning
1310 1931 63 29 bör
1402 1931 168 29 omfattas
1600 1940 43 21 av

154 1982 291 39 övervakningen.
469 1983 128 29 Härför
619 1983 90 30 talar
730 1983 44 29 bl.
797 1992 29 20 a.
850 1982 184 40 praktiska
1056 1982 87 30 skäl.
1166 1983 249 39 Skyldigheten
1437 1984 62 28 bör
1520 1984 123 29 kunna

154 2036 188 38 begränsas
368 2036 52 29 till
446 2035 54 30 del
526 2045 43 20 av
594 2036 181 34 kommun,
801 2035 121 30 varvid
950 2035 115 30 såsom
1092 2036 235 38 beredningen
1353 2037 126 29 uttalat
1506 2037 136 29 mindre

156 2089 141 29 område
317 2089 45 28 än
383 2088 151 30 stadsdel
554 2089 84 29 eller
657 2089 166 29 liknande
843 2089 10 28 i
873 2089 192 29 allmänhet
1086 2089 71 29 inte
1177 2089 62 29 bör
1259 2089 142 29 komma
1420 2090 10 28 i
1452 2090 108 38 fråga.
1581 2091 62 28 Be-

156 2142 248 38 fogenheterna
432 2141 54 29 för
511 2141 66 29 den
604 2142 161 39 personal
792 2151 75 19 som
893 2141 157 30 används
1079 2142 54 28 för
1159 2143 280 38 övervakningen
1465 2143 62 29 bör
1554 2143 89 29 dock

155 2194 92 39 gälla
263 2194 78 30 hela
358 2194 226 29 kommunen.

201 2251 64 38 Jag
283 2251 147 29 föreslår
447 2251 102 29 alltså
567 2253 50 27 att
636 2251 198 38 skyldighet
852 2253 50 27 att
920 2251 107 38 enligt
1045 2251 57 29 det
1120 2251 149 29 anförda
1286 2252 199 38 ombesörja
1501 2252 142 29 enklare

157 2303 346 38 trafikövervakning
530 2303 88 29 skall
646 2303 89 29 efter
761 2303 275 39 polisväsendets
1064 2304 266 37 förstatligande
1357 2304 120 30 kunna
1504 2304 140 39 åläggas

157 2356 181 33 kommun,
365 2365 75 19 som
465 2358 53 27 tar
544 2358 38 27 ut
607 2356 148 38 avgifter
782 2357 52 27 för
861 2356 223 37 begagnande
1111 2366 41 19 av
1178 2357 130 28 allmän
1334 2357 310 38 parkeringsplats.

158 2409 121 28 Denna
305 2408 346 39 trafikövervakning
680 2410 100 37 utgör
805 2409 325 38 polisverksamhet.
1158 2410 281 29 Kommunernas
1466 2410 179 29 allmänna

158 2461 198 39 skyldighet
387 2463 51 28 att
468 2462 199 39 ombesörja
699 2462 315 39 polisverksamhet
1046 2462 137 39 upphör
1214 2470 124 30 genom
1370 2463 274 38 polisväsendets
