1876 2766
246 158 42 30 38
546 158 124 30 Första
692 158 245 40 lagutskottets
960 159 179 30 utlåtande
1159 168 43 21 nr
1222 160 42 29 28
1284 160 39 29 år
1345 160 84 29 1964

242 237 82 30 råde
348 247 102 20 svara
475 238 55 29 för
552 239 51 28 att
626 240 199 37 utrymmen
850 238 56 30 för
929 239 354 39 parkeringsbehovet
1307 239 95 29 finns
1427 239 224 40 tillgängliga,
1677 241 53 27 ut-

244 291 60 38 gör
330 291 107 39 enligt
463 291 253 39 beredningens
743 292 142 39 mening
911 292 72 30 inte
1011 292 203 40 tillräckligt
1241 293 74 29 skäl
1344 295 50 27 att
1422 292 121 40 ålägga
1570 293 160 28 kommu-

242 353 68 20 nen
329 346 51 28 att
398 344 131 39 jämväl
550 344 198 40 ombesörja
767 345 279 39 övervakningen
1067 355 42 20 av
1128 345 232 39 parkeringen
1381 345 44 39 på
1444 346 179 29 allmänna
1643 346 87 39 plat-

243 405 65 21 ser.
335 397 245 30 Motsvarande
608 397 167 30 situation
804 398 184 39 föreligger
1014 398 45 39 på
1086 398 109 30 andra
1223 399 177 33 områden,
1429 398 155 40 påpekar
1612 399 118 29 bered-

242 450 139 39 ningen,
400 452 87 28 utan
504 452 51 28 att
572 450 58 30 det
647 450 71 30 kan
736 460 102 20 anses
856 451 140 39 befogat
1013 453 51 27 att
1082 451 216 30 kommunen
1316 452 65 29 har
1398 454 163 27 ansvaret
1579 452 56 29 för
1653 452 77 29 ord-

241 503 148 39 ningens
409 503 317 39 upprätthållande.
747 505 12 28 I
781 504 99 39 fråga
900 513 58 21 om
979 504 488 40 parkeringsövervakningen
1488 514 103 20 anser
1611 505 119 29 bered-

241 556 129 39 ningen
390 556 194 30 emellertid
604 558 51 28 att
676 557 256 40 bedömningen
953 557 169 39 påverkas
1144 567 43 20 av
1207 557 57 30 det
1286 558 68 29 sätt
1375 558 45 39 på
1441 557 107 30 vilket
1570 558 159 29 kommu-

242 618 68 20 nen
331 609 71 30 kan
424 610 75 29 lösa
520 610 342 39 parkeringsfrågan.
885 611 117 39 Enligt
1025 611 18 29 2
1061 611 14 36 $
1099 611 100 39 lagen
1222 611 66 30 den
1311 611 39 29 31
1375 611 70 39 maj
1475 611 81 29 1957
1580 620 57 20 om
1660 613 69 28 rätt

242 662 56 30 för
322 662 172 30 kommun
518 665 50 28 att
593 665 120 38 uttaga
738 663 108 40 avgift
871 664 57 29 för
950 664 93 29 vissa
1068 664 212 39 upplåtelser
1305 664 20 29 å
1350 664 132 29 allmän
1507 664 91 39 plats
1624 674 44 19 m.
1683 674 45 19 m.

241 715 56 31 får
313 715 150 31 sålunda
480 716 180 34 kommun,
678 725 58 21 om
753 717 57 29 det
829 717 116 29 finnes
964 717 155 39 påkallat
1136 717 56 29 för
1209 717 174 30 trafikens
1400 717 190 34 ordnande,
1610 719 119 37 uttaga

244 768 109 39 avgift
375 768 56 31 för
453 770 70 29 rätt
545 771 51 28 att
618 769 111 30 under
750 769 195 39 begränsad
968 770 50 30 tid
1040 770 155 39 begagna
1216 779 43 21 av
1280 770 218 30 kommunen
1520 770 55 30 för
1597 771 131 29 allmän

240 821 189 40 parkering
452 822 167 39 upplåten
641 823 102 39 plats.
766 823 163 39 Avgiften
952 823 55 30 får
1029 823 212 30 bestämmas
1265 824 51 29 till
1341 824 57 29 det
1421 823 134 40 belopp,
1580 833 75 20 som
1678 833 51 20 er-

245 874 138 31 fordras
411 875 56 29 för
494 877 50 28 att
571 875 245 31 åstadkomma
843 876 199 40 nödvändig
1069 877 215 39 omsättning
1310 886 42 20 av
1380 877 127 29 fordon
1533 877 46 40 på
1604 878 124 39 parke-

241 928 287 40 ringsplatserna.
556 929 159 30 Grunder
742 930 54 29 för
823 930 238 39 beräkningen
1089 939 42 21 av
1159 930 194 39 avgifterna
1380 930 153 30 bestäms
1562 939 42 21 av
1632 931 97 29 kom-

240 990 150 21 munens
418 982 231 40 fullmäktige,
675 983 112 30 vilkas
815 983 114 30 beslut
956 983 89 30 skall
1073 983 233 30 underställas
1334 984 269 38 länsstyrelsens
1630 984 99 39 pröv-

241 1035 93 39 ning.
359 1035 52 30 Då
434 1035 166 40 förslaget
623 1036 52 29 till
699 1036 67 30 den
790 1036 241 39 nyssnämnda
1053 1037 101 39 lagen
1177 1036 96 30 lades
1297 1037 92 29 fram
1413 1036 137 40 yttrade
1575 1037 154 29 föredra-

240 1088 111 39 gande
373 1088 386 39 departementschefen
786 1089 114 40 (prop.
928 1089 194 34 1956:143)
1150 1091 51 28 att
1224 1090 160 30 avsikten
1408 1089 80 30 med
1509 1090 220 30 bestämmel-

241 1150 102 21 serna
364 1150 58 21 om
443 1143 70 29 rätt
536 1142 54 29 för
611 1142 170 30 kommun
804 1144 51 28 att
877 1144 121 38 uttaga
1019 1143 356 39 parkeringsavgifter
1396 1143 72 29 inte
1491 1152 61 21 var
1573 1145 50 28 att
1647 1144 82 38 göra

242 1194 114 40 någon
380 1194 259 41 inskränkning
662 1196 11 29 i
698 1196 243 39 skyldigheten
966 1196 54 29 för
1044 1196 171 29 kommun
1239 1198 50 28 att
1312 1196 270 30 tillhandahålla
1604 1197 124 39 parke-

238 1247 230 40 ringsplatser
490 1248 52 30 till
564 1248 148 31 allmänt
734 1249 234 39 begagnande.
991 1249 166 29 Tvärtom
1181 1249 229 29 underströks
1434 1249 294 39 angelägenheten

239 1310 43 21 av
303 1303 51 28 att
377 1301 69 30 alla
468 1301 221 40 möjligheter
711 1304 50 28 att
783 1303 45 38 på
849 1304 49 28 ett
920 1302 293 39 ändamålsenligt
1236 1302 68 29 sätt
1326 1302 160 30 anordna
1508 1302 220 40 parkerings-

242 1352 130 39 platser
391 1354 56 30 väl
468 1353 225 40 tillvaratogs.
714 1354 344 40 Avgiftsbeläggning
1079 1364 42 21 av
1140 1354 340 41 parkeringsplatser
1498 1355 156 35 innebär,
1675 1356 53 29 ut-

239 1407 90 30 talar
349 1407 245 40 beredningen,
616 1417 44 20 en
682 1408 139 30 svårare
843 1408 198 40 belastning
1062 1408 43 39 på
1128 1408 134 40 polisen
1284 1409 46 29 än
1353 1409 111 30 andra
1485 1409 179 39 lösningar
1687 1418 42 21 av

238 1460 343 40 parkeringsfrågan.
599 1460 288 41 Övervakningen
906 1461 44 40 på
969 1462 273 39 avgiftsbelagda
1260 1462 339 39 parkeringsplatser
1617 1462 110 30 måste

240 1514 187 39 nämligen,
453 1523 58 20 om
536 1514 66 30 den
629 1514 89 30 skall
743 1524 83 20 vara
851 1514 158 35 effektiv,
1036 1514 170 40 fullgöras
1231 1515 12 30 i
1269 1517 88 28 stort
1383 1517 67 28 sett
1477 1515 251 40 kontinuerligt

240 1567 65 29 och
333 1567 40 29 är
402 1567 121 30 därför
551 1568 351 39 personalkrävande.
933 1568 93 29 Även
1056 1568 489 40 parkeringsövervakningen
1574 1569 12 29 i
1616 1569 112 39 övrigt

238 1620 67 29 blir
327 1629 74 21 mer
423 1620 231 40 betungande,
678 1630 57 20 om
757 1621 261 39 omsättningen
1041 1621 45 39 på
1108 1623 50 28 ett
1180 1621 184 40 begränsat
1387 1622 96 30 antal
1507 1622 220 39 parkerings-

238 1673 131 39 platser
386 1673 97 35 ökas,
503 1674 45 29 än
565 1682 58 21 om
642 1673 65 31 fler
725 1674 409 39 parkeringsutrymmen
1154 1674 98 30 ställs
1271 1675 51 30 till
1344 1675 216 39 förfogande.

286 1730 13 30 I
326 1730 99 40 fråga
452 1740 57 21 om
534 1731 242 30 inkomsterna
801 1741 43 20 av
870 1731 336 40 avgiftsbeläggning
1233 1741 41 21 av
1300 1732 341 40 parkeringsplatser
1667 1742 59 21 an-

239 1784 55 29 för
309 1783 245 41 beredningen,
571 1786 51 28 att
638 1785 177 39 uppgifter
832 1785 80 30 från
929 1785 41 30 de
987 1785 126 34 städer,
1130 1785 11 30 i
1158 1785 94 30 vilka
1268 1785 459 40 parkeringsövervakning-

237 1846 43 20 en
298 1837 195 40 ombesörjs
511 1847 42 21 av
571 1838 173 30 särskilda
762 1838 331 34 trafikövervakare,
1112 1838 93 30 visar
1223 1840 50 28 att
1291 1838 242 31 inkomsterna
1551 1839 12 29 i
1581 1839 146 30 allmän-

240 1889 59 30 het
321 1889 128 31 förslår
471 1893 50 28 att
542 1891 102 29 täcka
666 1891 94 29 såväl
782 1891 190 29 kostnader
995 1891 54 30 för
1071 1891 229 39 anskaffning
1321 1901 42 20 av
1384 1892 341 39 parkeringsmätare

238 1945 91 28 samt
350 1944 250 30 omkostnader
621 1944 56 30 för
699 1944 128 30 skötsel
850 1945 66 29 och
938 1945 183 29 underhåll
1144 1955 43 20 av
1208 1946 160 30 mätarna
1391 1955 77 21 som
1489 1947 237 29 kostnaderna

239 1996 56 30 för
319 1996 165 40 avlöning
509 1997 65 29 och
599 1997 111 30 andra
736 1997 178 30 förmåner
940 1998 36 29 åt
1002 1998 349 31 trafikövervakarna
1375 1999 111 39 jämte
1513 2000 132 29 lokaler
1672 2000 54 29 för

238 2049 101 30 deras
363 2050 234 30 verksamhet.
623 2050 187 30 Dessutom
836 2050 130 30 erhålls
992 2051 187 34 överskott,
1207 2060 74 21 som
1307 2052 11 29 i
1346 2052 202 30 Stockholm
1574 2053 152 39 uppgick

243 2102 50 30 till
314 2102 62 30 600
391 2102 63 30 000
475 2103 131 29 kronor
628 2103 81 30 1961
731 2104 65 29 och
816 2103 10 29 i
847 2103 171 40 Göteborg
1037 2103 189 31 beräknats
1246 2104 47 30 bli
1313 2104 64 31 448
1392 2105 63 30 000
1477 2105 131 30 kronor
1631 2106 93 29 1962.

281 2161 72 29 Mot
374 2161 185 39 bakgrund
580 2170 43 21 av
644 2161 58 30 det
724 2161 106 40 sagda
852 2162 169 29 framstår
1042 2162 57 29 det
1122 2162 55 30 för
1199 2162 233 40 beredningen
1456 2164 72 29 inte
1551 2172 76 21 som
1649 2164 77 29 obe-

237 2214 105 39 fogat,
360 2216 51 28 att
428 2214 258 30 kommunerna
702 2215 116 39 åläggs
837 2217 51 28 att
905 2214 84 31 bära
1007 2215 56 29 det
1080 2215 156 39 primära
1253 2218 162 28 ansvaret
1433 2216 55 29 för
1505 2217 220 39 parkerings-

236 2267 292 40 övervakningen.
550 2267 240 40 Beredningen
813 2268 117 29 finner
952 2268 57 29 det
1032 2268 86 29 även
1142 2268 80 29 från
1244 2269 109 30 andra
1377 2269 219 39 synpunkter
1619 2271 107 29 ända-

237 2320 208 40 målsenligt,
470 2322 51 28 att
546 2320 122 39 frågan
693 2329 58 21 om
775 2321 104 29 sättet
904 2321 56 29 för
984 2321 427 39 parkeringsproblemens
1438 2322 139 40 lösning
1602 2324 87 29 sätts
1713 2324 12 29 i

237 2373 115 30 direkt
379 2373 171 30 samband
577 2373 79 29 med
684 2374 123 39 frågan
834 2383 58 20 om
920 2374 227 30 anordnande
1175 2384 43 20 av
1245 2375 147 29 effektiv
1419 2376 236 40 övervakning
1683 2386 42 20 av

236 2426 537 40 parkeringsbestämmelsernas
786 2427 227 29 efterlevnad.
1031 2427 153 30 Sålunda
1200 2428 70 29 kan
1287 2428 56 30 det
1360 2428 79 29 från
1456 2429 269 40 övervaknings-

237 2480 181 39 synpunkt
434 2479 176 31 måhända
626 2481 34 28 te
677 2479 52 40 sig
745 2482 88 28 mest
849 2479 292 40 ändamålsenligt
1159 2482 51 28 att
1227 2481 181 39 tillgodose
1426 2481 145 31 behovet
1588 2492 44 20 av
1647 2492 78 30 par-
