1872 2768
238 153 42 30 54
536 154 123 31 Första
680 155 246 39 lagutskottets
949 156 178 31 utlåtande
1148 167 43 20 nr
1211 158 41 29 28
1272 158 40 30 år
1332 158 85 30 1964

811 235 329 42 Remissyttrandena

279 295 164 40 Samtliga
469 296 233 40 remissorgan
728 298 121 39 godtar
874 301 51 27 att
951 301 113 28 staten
1090 309 121 20 ensam
1236 301 105 38 avgör
1364 300 95 30 vilka
1485 301 132 29 lokaler
1643 310 76 21 som

232 348 127 30 behövs
382 349 66 29 och
470 350 40 29 är
531 350 297 40 ändamålsenliga
851 351 55 30 för
929 352 140 30 fortsatt
1093 353 224 39 användning
1341 353 97 30 inom
1461 353 67 30 den
1552 354 166 30 förstatli-

233 401 84 39 gade
337 402 277 30 verksamheten.
635 403 51 30 Av
705 403 79 30 dem
804 413 76 21 som
900 405 127 29 uttalat
1049 405 51 40 sig
1120 406 143 29 särskilt
1282 406 44 39 på
1347 406 114 30 denna
1482 407 113 39 punkt
1616 407 103 30 anför

232 454 249 39 länsstyrelsen
508 456 11 29 i
541 456 219 40 Kronobergs
787 457 68 36 län,
881 459 50 29 att
957 458 250 39 länsstyrelsen
1232 458 96 31 delar
1352 459 253 40 beredningens
1632 469 86 31 upp-

233 507 152 40 fattning
402 510 51 28 att
470 510 113 28 staten
600 509 71 30 inte
688 509 71 30 kan
775 519 83 21 vara
875 510 138 40 skyldig
1030 513 50 28 att
1097 512 119 30 överta
1232 512 186 40 olämpliga
1435 513 133 29 lokaler
1585 514 64 29 och
1667 515 51 28 att

232 560 378 32 bestämmanderätten
635 562 109 30 måste
768 563 90 40 ligga
880 564 65 29 hos
969 566 123 28 staten.
1119 565 118 29 Staten
1262 565 109 30 måste
1395 566 88 29 även
1506 566 45 30 ha
1575 567 68 29 rätt
1667 569 50 27 att

231 623 121 20 ensam
372 614 148 31 bedöma
539 624 56 20 om
616 615 179 31 lokalerna
815 617 38 29 är
873 617 166 39 lämpliga
1060 617 83 30 eller
1162 618 82 29 inte.
1267 618 139 30 Samma
1427 619 206 39 inställning
1653 620 65 29 har

230 667 363 40 fastighetsnämnden
614 669 11 29 i
641 669 213 30 Stockholm.
874 670 75 30 Inte
968 671 108 29 heller
1094 670 42 30 de
1157 671 87 30 båda
1263 671 371 40 kommunförbunden
1653 673 65 29 har

232 720 113 39 någon
361 721 141 30 erinran
518 721 43 39 på
577 721 114 31 denna
706 722 123 39 punkt.

276 773 13 29 I
310 775 48 28 ett
378 774 169 30 avseende
568 784 103 20 anser
692 775 89 30 dock
801 776 170 39 styrelsen
992 776 57 40 för
1069 777 149 30 svenska
1240 778 288 39 stadsförbundet
1549 781 50 27 att
1621 779 97 29 kom-

232 835 171 21 munerna
419 826 65 30 bör
500 827 36 30 få
552 827 93 31 vissa
663 828 175 39 garantier
854 838 43 21 av
915 831 124 32 staten,
1057 830 176 40 nämligen
1252 830 221 31 beträffande
1491 831 133 30 lokaler
1642 841 75 20 som

232 879 256 31 kommunerna
502 880 109 30 håller
622 881 44 39 på
679 883 51 28 att
743 882 160 39 uppföra.

277 932 137 31 Statens
436 933 180 31 exklusiva
639 935 69 29 rätt
731 937 50 28 att
803 936 127 39 avgöra
953 945 58 20 om
1034 936 181 40 befintliga
1238 937 133 30 lokaler
1394 937 89 30 skall
1507 938 104 39 hyras
1635 938 83 30 eller

231 985 71 30 inte
328 986 62 29 bör
415 986 202 31 modifieras
644 988 10 29 i
679 987 93 31 vissa
798 988 217 35 situationer,
1043 990 204 29 framhåller
1273 990 163 40 Höganäs
1461 991 256 39 polisförbund.

232 1038 154 31 Sålunda
409 1039 64 30 bör
496 1040 174 39 garantier
694 1041 127 39 skapas
846 1044 73 28 mot
943 1042 121 30 alltför
1087 1043 104 30 strikt
1216 1043 224 40 tillämpning
1462 1044 12 29 i
1499 1044 131 30 sådana
1655 1044 62 30 fall

231 1091 44 30 då
296 1092 182 30 resultatet
500 1093 111 30 skulle
633 1096 33 28 te
689 1094 51 39 sig
761 1094 133 40 obilligt
915 1096 67 29 och
1004 1096 170 29 stötande.
1199 1096 117 30 Staten
1339 1096 89 30 skall
1452 1097 160 40 rimligen
1634 1106 85 22 vara

232 1145 136 40 skyldig
389 1147 51 29 att
460 1146 87 40 hyra
569 1147 68 30 alla
657 1147 225 39 polislokaler
902 1148 45 40 på
968 1158 42 20 en
1032 1151 63 32 ort,
1118 1149 87 29 även
1227 1158 57 21 om
1306 1149 105 40 något
1432 1150 156 30 minskat
1610 1150 108 31 lokal-

231 1200 174 37 utrymme
427 1199 177 30 erfordras
627 1200 88 30 efter
738 1201 291 40 förstatligandet,
1054 1201 119 31 såvida
1196 1202 174 30 friställda
1394 1203 133 29 lokaler
1550 1213 42 20 av
1615 1203 103 40 bygg-

231 1251 254 31 nadstekniska
500 1253 83 29 eller
597 1253 167 30 liknande
780 1254 75 29 skäl
872 1255 73 29 inte
961 1254 71 30 kan
1048 1255 83 29 eller
1146 1255 62 29 bör
1224 1256 174 39 utnyttjas
1415 1256 56 29 för
1487 1258 108 28 annat
1611 1256 107 31 ända-

230 1304 80 30 mål.
332 1305 51 29 Av
404 1305 102 31 dessa
527 1306 75 29 skäl
624 1306 133 30 hävdar
780 1307 151 40 Vellinge
952 1307 247 40 polisförbund
1219 1310 51 28 att
1291 1308 69 31 alla
1381 1308 65 30 där
1466 1309 181 40 befintliga
1668 1310 50 29 1o-

231 1357 97 30 kaler
340 1358 55 29 för
406 1358 135 40 polisen
554 1359 89 30 skall
656 1360 179 30 förvärvas
849 1360 83 30 eller
943 1361 105 39 hyras
1062 1370 43 21 av
1117 1363 125 28 staten.

274 1410 179 41 Förslaget
476 1413 52 29 att
549 1412 130 30 inrätta
702 1422 43 20 en
790 1413 295 30 riksnämnd
1131 1415 56 29 för
1210 1415 243 31 fastställande
1477 1425 42 21 av
1542 1416 87 40 hyra
1653 1417 64 29 när

230 1464 138 39 enighet
384 1464 124 31 därom
524 1466 71 29 inte
613 1465 70 31 kan
700 1466 63 30 nås
781 1466 174 40 tillstyrks
972 1467 84 30 eller
1071 1468 136 30 lämnas
1225 1470 86 28 utan
1327 1468 142 31 erinran
1488 1478 42 21 av
1548 1469 57 30 det
1623 1471 93 29 stora

231 1517 150 31 flertalet
407 1518 311 31 remissinstanser.
746 1519 59 30 Hit
830 1520 65 29 hör
920 1520 263 37 statskontoret,
1210 1521 377 38 riksrevisionsverket,
1616 1522 101 40 bygg-

230 1570 271 40 nadsstyrelsen,
530 1573 133 29 statens
691 1572 178 39 hyresråd,
899 1573 429 38 överståthållarämbetet,
1357 1574 43 30 de
1428 1575 111 30 hörda
1569 1576 148 39 länssty-

229 1623 163 37 relserna,
419 1624 391 38 domstolskommittén,
837 1626 41 30 de
906 1626 87 30 båda
1020 1626 369 40 kommunförbunden
1417 1630 91 28 samt
1534 1638 60 20 sex
1619 1629 98 30 kom-

229 1685 125 21 muner
374 1677 63 30 och
458 1678 255 39 polisförbund.
733 1679 265 39 Länsstyrelsen
1020 1680 11 29 i
1048 1679 221 41 Kronobergs
1290 1680 56 30 län
1368 1681 105 29 anför
1493 1681 147 31 sålunda
1661 1682 56 30 be-

229 1729 178 31 träffande
429 1730 96 31 detta
545 1731 128 30 liksom
694 1732 118 40 övriga
834 1733 132 40 förslag
986 1735 51 29 att
1059 1734 41 30 de
1122 1735 11 29 i
1155 1735 63 30 allt
1238 1735 186 41 väsentligt
1445 1737 40 29 är
1506 1737 54 29 väl
1584 1737 132 39 ägnade

228 1784 52 28 att
300 1783 73 30 lösa
393 1784 194 31 eventuella
606 1785 217 39 tvistigheter
843 1787 11 29 i
876 1786 235 31 förhållandet
1133 1788 128 30 mellan
1282 1789 258 31 kommunerna
1562 1791 64 29 och
1648 1793 68 28 sta-

228 1838 59 27 ten
305 1836 111 30 under
433 1837 298 40 övergångstiden.
749 1839 259 31 Statskontoret
1026 1841 59 30 vill
1104 1841 71 30 inte
1195 1842 164 30 motsätta
1379 1842 53 40 sig
1450 1843 165 40 förslaget
1635 1853 80 21 men

229 1898 104 21 anser
356 1892 51 28 att
431 1890 58 30 det
512 1891 88 30 hade
624 1892 89 30 varit
738 1893 168 39 naturligt
931 1902 58 21 om
1013 1894 176 30 nämnden
1215 1895 114 30 skolat
1353 1895 166 31 tillsättas
1543 1897 11 29 i
1580 1906 135 22 samma

228 1942 149 40 ordning
393 1952 77 21 som
485 1945 116 39 vanlig
617 1945 248 39 skiljenämnd.

273 1996 222 30 Stockholms
523 1998 79 29 stad
630 1999 181 39 avstyrker
839 1999 200 31 inrättande
1067 2009 43 21 av
1137 2010 44 20 en
1211 2001 207 31 riksnämnd
1449 2012 43 21 av
1520 2003 194 40 föreslagen

229 2050 71 38 typ.
326 2049 116 40 Enligt
468 2050 56 30 det
550 2060 42 20 av
616 2052 121 29 staden
764 2052 193 39 åberopade
982 2054 178 38 yttrandet
1186 2054 80 30 från
1290 2055 251 31 stadskansliet
1566 2056 62 30 bör
1654 2057 61 30 all-

228 2102 131 39 varliga
387 2103 76 29 skäl
491 2104 142 30 anföras
662 2105 55 29 för
744 2107 51 28 att
821 2106 232 30 underkänna
1081 2107 41 30 de
1151 2107 226 31 kommunala
1406 2109 308 40 myndigheternas

229 2154 207 40 kompetens
469 2159 51 27 att
553 2157 106 40 enligt
692 2159 126 39 gängse
852 2159 192 30 materiella
1079 2161 153 38 grunder
1265 2161 174 31 fastställa
1472 2163 153 39 hyrorna
1659 2164 56 29 för

227 2208 295 40 tvångsupplåtna
542 2210 141 30 lokaler.
705 2211 136 31 Sådana
861 2212 76 30 skäl
958 2213 65 29 har
1042 2214 71 29 inte
1134 2214 203 39 förebragts.
1359 2215 94 30 Skall
1475 2216 56 29 det
1552 2216 71 30 inte
1645 2216 69 30 för-

227 2261 47 29 bli
295 2262 57 29 vid
374 2262 57 30 det
453 2272 49 20 nu
525 2263 54 30 för
600 2264 304 40 hyressättningen
927 2266 11 29 i
961 2265 262 41 kommunägda
1244 2268 66 29 hus
1333 2268 128 40 gängse
1484 2269 228 35 förfarandet,

226 2314 63 29 bör
311 2315 86 39 hyra
421 2316 56 29 för
499 2316 293 40 tvångsupplåtna
815 2318 132 30 lokaler
971 2318 211 31 bestämmas
1207 2330 43 20 av
1272 2321 440 39 expropriationsdomstol.

227 2367 116 40 Enligt
363 2369 179 38 yttrandet
565 2369 79 30 från
666 2371 141 30 stadens
830 2372 330 39 fastighetsnämnd,
1184 2373 106 30 vilket
1311 2374 132 39 jämväl
1466 2375 182 40 åberopats
1672 2386 42 20 av

229 2421 132 34 staden,
387 2422 148 30 innebär
560 2423 56 29 det
642 2424 127 39 onödig
793 2425 150 39 omgång
968 2427 51 27 att
1044 2426 194 39 hänskjuta
1264 2427 187 39 hyrestvist
1477 2428 52 30 till
1556 2439 42 19 en
1625 2429 89 30 riks-

226 2474 142 34 nämnd,
389 2477 64 28 när
475 2485 81 21 man
576 2476 64 30 har
660 2476 144 41 tillgång
824 2478 51 29 till
897 2478 334 39 hyresnämnderna.
1254 2480 106 29 Finns
1382 2481 73 30 inte
1475 2481 239 40 hyresnämnd
