2220 2632
672 203 409 35 Konstitutionsutskottets
1103 208 167 32 utlåtande
1293 209 52 32 Nr
1368 212 29 29 9.
1795 213 42 31 39

740 289 81 49 Lag
861 303 55 23 om
957 292 146 36 ändrad
1135 293 131 47 lydelse
1293 307 44 23 av
1364 298 23 40 $
1414 295 25 36 5
1467 309 102 24 mom.
1602 298 19 35 1
1651 297 14 36 i
1682 298 153 48 förord-

636 340 130 48 ningen
795 354 54 23 om
878 342 183 49 landsting
1089 344 67 36 den
1185 346 47 36 21
1260 359 99 23 mars
1386 347 114 36 1862.

740 391 232 50 Härigenom
1015 394 213 49 förordnas,
1272 402 54 31 att
1354 396 20 49 $
1403 399 21 35 5
1454 412 112 23 mom.
1599 401 17 34 1
1648 399 11 37 i
1688 400 147 37 förord-

635 441 144 50 ningen
821 457 60 23 om
910 444 194 50 landsting
1131 446 74 37 den
1234 450 45 34 21
1312 461 98 24 mars
1441 451 97 35 1862
1568 450 96 37 skall
1693 452 141 36 erhålla

636 492 167 49 följande
832 495 165 37 ändrade
1026 497 161 49 lydelse:

1189 599 20 49 $
1240 602 33 35 5.

735 680 89 37 Rätt
851 686 56 31 att
934 681 152 51 deltaga
1114 682 12 38 i
1153 683 423 51 landstingsmannaval
1600 687 233 39 tillkommer

631 731 102 36 inom
763 732 73 37 den
865 733 192 47 kommun,
1087 735 68 37 där
1182 736 75 37 han
1285 742 42 31 är
1354 739 334 48 mantalsskriven,
1713 754 119 24 envar

631 783 12 35 i
671 783 251 39 kommunens
950 785 188 39 allmänna
1166 789 324 49 angelägenheter
1516 791 312 50 röstberättigad.

733 886 134 37 Denna
894 886 65 50 lag
985 889 129 37 träder
1141 890 12 36 i
1181 890 103 37 kraft
1312 892 75 36 den
1418 895 18 34 1
1461 893 152 49 januari
1644 896 118 45 1918;

732 1083 78 46 3:o)
853 1088 54 31 att
946 1084 208 49 riksdagen
1196 1087 83 37 med
1320 1087 106 38 bifall
1466 1089 58 37 till
1559 1090 269 40 förutnämnda

629 1133 190 38 motioner
858 1138 117 35 måtte
1015 1137 12 36 i
1060 1138 186 38 skrivelse
1274 1139 57 37 till
1358 1140 142 50 Kungl.
1529 1141 109 51 Maj:t
1666 1144 160 49 anhålla,

628 1185 63 36 det
734 1186 147 38 täcktes
922 1187 143 51 Kungl.
1109 1190 108 49 Maj:t
1258 1191 98 37 efter
1383 1193 208 38 verkställd
1619 1195 209 50 utredning

627 1236 77 37 låta
731 1238 175 38 utarbeta
934 1240 70 37 och
1034 1241 58 36 för
1119 1242 206 50 riksdagen
1354 1244 214 50 framlägga
1595 1246 146 50 förslag
1768 1249 58 36 till

627 1288 141 37 sådana
791 1290 206 50 ändringar
1015 1292 12 37 i
1046 1293 179 48 gällande
1245 1295 504 53 kommunalförfattningar,
1770 1306 56 31 att

626 1340 75 36 den
742 1341 67 47 tid,
850 1343 122 37 under
1011 1344 130 38 vilken
1186 1346 175 38 obetalda
1405 1348 421 52 kommunalutskylder

626 1392 171 37 medföra
837 1394 137 37 förlust
1002 1408 45 23 av
1076 1396 218 39 kommunal
1321 1404 169 44 rösträtt,
1519 1400 211 50 begränsas
1759 1416 65 24 en-

625 1443 72 49 ligt
736 1444 13 36 i
778 1444 198 39 huvudsak
1004 1460 143 25 samma
1174 1450 181 48 grunder,
1384 1464 80 25 som
1493 1456 65 33 äro
1587 1453 198 39 bestämda
1811 1455 14 37 i

625 1495 108 49 fråga
762 1509 61 24 om
851 1497 73 38 den
952 1499 179 49 politiska
1157 1507 218 42 rösträtten;

726 1685 77 48 4:o)
844 1692 53 31 att
936 1687 206 50 riksdagen
1183 1691 84 36 med
1308 1691 106 38 bifall
1454 1692 56 38 till
1552 1693 269 41 förutnämnda

623 1736 189 38 motioner
852 1738 181 39 likaledes
1061 1744 117 34 måtte
1206 1743 12 35 i
1246 1743 184 38 skrivelse
1458 1745 56 37 till
1541 1745 144 50 Kungl.
1714 1747 107 50 Maj:t

622 1788 161 48 anhålla,
825 1789 65 38 det
917 1791 149 38 täcktes
1093 1793 142 50 Kungl.
1264 1795 107 50 Maj:t
1399 1796 99 37 efter
1525 1798 210 38 verkställd
1761 1805 59 31 ut-

621 1840 165 49 redning
825 1841 75 38 låta
940 1844 174 38 utarbeta
1155 1846 70 36 och
1271 1848 57 36 för
1369 1848 206 50 riksdagen
1603 1850 217 51 framlägga

621 1891 147 51 förslag
795 1893 56 37 till
879 1895 141 37 sådana
1047 1897 209 50 ändringar
1282 1899 12 36 i
1321 1899 177 49 gällande
1521 1901 298 40 kommunalför-

621 1944 225 49 fattningar,
887 1952 56 31 att
983 1947 75 37 den
1085 1950 219 38 nuvarande
1332 1953 242 37 kommunala
1601 1955 217 38 röstskalan

619 1997 193 36 avskaffas
840 1998 69 37 och
938 2004 162 34 ersättes
1128 2002 86 37 med
1243 2002 297 51 bestämmelser,
1570 2006 123 49 enligt
1715 2007 103 38 vilka

619 2060 69 24 var
728 2048 70 37 och
839 2063 59 33 en,
941 2064 82 24 som
1061 2052 144 39 betalar
1234 2055 102 37 skatt
1363 2056 57 37 till
1447 2057 242 50 kommunen,
1719 2060 98 37 skall

618 2103 75 45 äga
734 2113 49 24 en
823 2107 90 42 röst,
955 2107 179 34 ävensom
1176 2105 58 38 till
1275 2106 47 38 de
1362 2108 207 50 ändringar
1609 2110 12 36 i
1650 2111 167 50 övrigt
1793 2099 26 66 i

617 2152 165 37 nämnda
811 2153 283 52 författningar,
1123 2170 92 35 som,
1240 2158 13 37 i
1281 2160 221 50 anslutning
1529 2161 59 37 till
1612 2162 74 38 vad
1704 2163 12 36 i
1736 2177 80 23 mo-

617 2203 174 39 tionerna
831 2206 159 47 anförts,
1032 2221 113 25 anses
1187 2210 91 38 böra
1311 2211 12 37 i
1351 2213 279 51 sammanhang
1657 2214 158 39 härmed

618 2255 151 38 komma
797 2257 56 37 till
881 2258 125 47 stånd;
