2222 2630
696 195 410 33 Konstitutionsutskottets
1128 196 168 32 utlåtande
1319 196 51 31 Nr
1393 199 28 28 9.
1822 196 41 31 35

261 277 137 38 enbart
426 283 48 46 på
500 280 171 36 inkomst
711 293 47 23 av
798 280 143 49 kapital
982 281 69 37 och
1093 280 142 47 arbete,
1266 288 51 29 att
1356 286 54 31 ett
1446 281 209 48 väsentligt
1683 281 88 37 ökat
1805 281 57 35 in-

263 329 168 49 flytande
461 334 35 44 (4
526 333 22 35 å
576 334 21 34 5
626 331 136 49 röster)
796 332 122 37 skulle
960 332 103 36 såväl
1104 332 11 36 i
1144 333 85 36 stad
1258 346 80 23 som
1367 335 21 33 å
1415 332 130 37 landet
1573 333 153 36 komma
1753 332 108 36 inne-

262 381 140 38 havare
430 396 47 23 av
505 383 212 37 inkomster
745 383 137 37 mellan
912 385 74 35 500
1015 383 69 38 och
1117 386 110 45 1,150
1256 385 143 35 kronor
1426 384 57 36 till
1503 384 74 43 del,
1597 385 62 36 och
1678 391 51 29 att
1747 384 10 35 i
1778 384 83 36 stad

262 433 193 37 dessutom
483 434 224 49 inflytandet
735 435 122 36 skulle
886 435 103 48 ökas,
1018 448 60 23 om
1108 413 48 58 än
1185 436 32 48 ej
1247 436 12 35 i
1288 449 141 23 samma
1445 435 152 49 grad
1555 431 43 57 (3
1628 437 17 34 å
1668 438 23 34 4
1711 435 151 48 röster),

262 485 61 36 för
362 485 303 49 inkomsttagare
705 499 78 36 upp
824 485 57 37 till
921 488 110 43 1,800
1059 488 152 35 kronor.
1268 487 137 48 Någon
1434 487 171 48 egentlig
1632 487 231 48 motivering

263 536 59 37 för
362 537 124 36 denna
526 537 168 36 revision
735 550 48 24 av
823 514 217 60 röstskalan
1077 538 69 36 har
1175 517 233 57 motionären
1437 538 84 36 icke
1551 537 207 48 förebragt,
1787 538 76 36 lika

261 588 85 36 litet
387 600 80 24 som
499 590 129 46 någon
656 588 207 49 utredning
889 589 161 36 rörande
1077 588 88 37 dess
1186 587 298 39 konsekvenser.
1531 588 127 37 Sedan
1677 589 186 36 utskottet

262 639 164 36 beslutat
466 639 191 50 tillstyrka
698 653 47 23 en
786 639 206 49 utredning
1027 640 199 48 angående
1255 640 73 37 den
1356 640 212 49 graderade
1596 640 154 37 skalans
1780 640 83 36 full-

262 690 178 49 ständiga
475 691 259 48 avskaffande,
776 691 69 37 har
885 691 209 38 emellertid
1136 691 210 50 anledning
1385 692 83 37 icke
1498 697 146 32 ansetts
1672 692 191 48 föreligga

261 747 56 32 att
356 742 91 48 ingå
488 746 48 45 på
577 756 48 23 en
664 748 176 32 närmare
881 744 192 49 prövning
1106 757 47 23 av
1181 744 89 36 herr
1296 743 199 38 Källmans
1528 744 198 47 motioner,
1759 743 104 37 vilka

261 807 140 35 genom
442 794 285 50 tillstyrkandet
759 808 47 24 av
834 795 131 37 herrar
992 795 263 38 Kvarnzelius”
1284 796 72 37 och
1384 795 127 37 Edéns
1539 796 188 37 motioner
1753 795 108 37 torde

262 845 38 37 få
328 858 112 24 anses
468 846 222 37 besvarade.

367 948 89 37 Som
484 948 252 49 nyssberörda
764 963 47 23 av
838 949 188 37 utskottet
1053 949 209 49 tillstyrkta
1291 949 145 49 förslag
1463 963 60 23 om
1543 948 206 50 utredning
1768 954 93 32 även

261 1000 207 37 innefattar
499 1000 277 49 förordningen
805 1014 61 23 om
894 1001 287 50 kyrkostämma
1212 1007 99 30 samt
1344 1001 190 48 kyrkoråd
1568 1001 72 37 och
1668 1001 156 37 skolråd
1850 1001 13 38 i

262 1051 237 49 Stockholm,
536 1052 109 38 torde
682 1052 223 50 härigenom
947 1052 183 38 likaledes
1172 1053 89 37 herr
1300 1053 194 49 Björlings
1535 1053 147 48 förslag
1718 1064 62 25 om
1806 1053 57 37 in-

261 1104 160 37 förande
439 1104 13 37 i
471 1104 166 37 nämnda
656 1104 227 50 förordning
905 1118 47 23 av
972 1105 73 37 den
1064 1105 12 37 i
1096 1104 134 50 övriga
1249 1105 494 48 kommunalförfattningar
1761 1105 102 37 stad-

259 1155 101 49 gade
400 1156 218 37 röstskalan
658 1156 39 37 få
736 1170 111 23 anses
882 1158 187 36 besvarat.
1124 1157 114 37 Emot
1266 1170 47 24 en
1341 1157 221 37 omedelbar
1589 1156 273 50 lagändring
1840 1151 27 59 i

261 1208 215 37 motionens
505 1209 101 48 syfte
633 1213 124 32 möter
785 1209 73 36 den
885 1209 326 49 betänkligheten,
1240 1214 57 31 att
1325 1222 47 24 en
1400 1209 164 49 ändring
1591 1209 10 37 i
1621 1209 240 37 bestämmel-

260 1272 110 24 serna
411 1273 61 23 om
513 1260 294 49 röstberäkning
845 1260 105 37 torde
991 1260 194 37 föranleda
1217 1261 206 49 ändringar
1450 1266 95 32 även
1573 1261 12 36 i
1613 1261 104 36 vissa
1744 1261 117 37 andra

262 1323 47 24 av
336 1311 292 49 förordningens
655 1312 293 37 bestämmelser.

680 1439 50 33 1.
774 1440 159 32 Kvinnas
956 1421 187 51 valbarhet
1164 1440 59 32 till
1248 1440 195 40 landsting.

362 1516 18 37 I
408 1516 87 37 herr
535 1516 157 38 Halléns
734 1517 144 37 motion
918 1517 115 49 yrkas
1062 1516 119 38 sådan
1209 1517 164 49 ändring
1400 1517 12 36 i
1441 1516 20 50 $
1494 1518 45 36 10
1568 1517 291 50 landstingsför-

259 1568 226 48 ordningen,
514 1573 57 33 att
597 1568 143 38 kvinna
768 1568 122 38 skulle
919 1569 101 38 bliva
1047 1569 132 37 valbar
1207 1568 57 37 till
1293 1569 247 49 landstinget.

362 1620 133 49 Enligt
521 1620 209 37 utskottets
757 1621 158 47 mening
941 1621 121 37 finnes
1089 1621 99 36 intet
1214 1621 164 37 hållbart
1403 1621 83 37 skäl
1507 1622 58 36 för
1583 1625 57 33 att
1658 1626 203 44 utestänga

259 1671 213 38 kvinnorna
512 1672 85 37 från
638 1672 197 38 valbarhet
875 1673 58 37 till
974 1673 257 49 landstingen,
1261 1673 209 37 allraminst
1498 1673 118 37 sedan
1645 1673 47 37 de
1719 1686 140 36 genom

261 1725 96 35 1907
401 1727 61 34 års
502 1724 142 37 reform
678 1724 110 37 blivit
814 1725 154 37 valbara
995 1725 58 37 till
1081 1725 47 36 de
1158 1725 86 37 med
1272 1725 245 49 landstingen
1545 1725 13 36 i
1585 1727 140 47 många
1753 1739 106 23 avse-

258 1776 124 37 enden
417 1775 220 50 jämställda
678 1776 687 50 stadsfullmäktigekorporationerna
1402 1778 71 35 och
1502 1777 149 36 således
1678 1781 93 32 även
1801 1777 59 37 till

258 1827 142 38 sådana
439 1840 97 36 som,
564 1828 13 36 i
617 1828 121 37 likhet
765 1828 87 37 med
879 1828 260 50 landstingen,
1168 1829 99 37 hava
1294 1833 55 33 att
1375 1834 85 32 utse
1488 1829 209 37 ledamöter
1724 1828 11 37 i
1763 1829 96 37 riks-

257 1879 146 50 dagens
444 1879 122 37 första
606 1880 205 37 kammare.
866 1880 195 38 Utskottet
1096 1881 69 37 har
1192 1881 130 37 därför
1349 1880 126 37 funnit
1503 1880 60 49 sig
1590 1880 93 37 böra
1710 1880 149 38 biträda

257 1931 258 38 motionärens
544 1932 148 49 förslag
717 1932 13 37 i
758 1932 105 37 detta
890 1933 202 37 avseende.

257 2059 71 33 TI.
372 2059 319 41 Dagtraktamente
713 2058 38 34 åt
773 2057 105 36 sådan
902 2060 285 40 landstingsman
1203 2060 66 33 och
1286 2060 189 41 suppleant
1490 2060 58 33 för
1563 2059 295 41 landstingsman,

667 2119 76 24 som
766 2111 68 32 bor
855 2110 21 33 ä
898 2112 69 37 ort,
990 2111 65 32 där
1076 2110 223 41 landstinget
1321 2109 126 34 hålles.

364 2190 96 35 1912
503 2191 60 34 års
603 2188 159 49 riksdag
801 2188 123 38 beslöt
953 2188 116 37 sådan
1098 2188 165 49 ändring
1290 2201 48 24 av
1366 2187 21 50 $
1417 2191 48 34 24
1493 2188 366 49 landstingsförord-

255 2239 159 50 ningen,
443 2245 56 32 att
526 2240 224 49 därigenom
784 2240 303 49 landstingsman
1118 2241 71 36 och
1218 2240 215 50 suppleant,
1462 2253 83 24 som
1574 2241 33 49 ej
1639 2240 68 37 bor
1735 2243 22 34 å
1784 2240 74 37 den

256 2297 72 43 ort,
357 2292 67 37 där
451 2292 239 49 landstinget
717 2292 136 49 hålles,
880 2292 209 50 berättigas
1118 2298 56 31 att
1201 2293 165 37 förutom
1386 2291 303 51 reseersättning
1707 2292 151 37 komma

1945 958 69 24 Herr

1915 992 136 31 Björlings

1930 1027 105 24 motion.
