2184 2622
392 205 18 29 [Ae

781 188 357 43 Bevillningsutskottets
1163 181 193 35 betänkande
1383 180 49 32 N»
1457 179 49 32 16.

1108 284 20 34 3
1147 280 42 49 8.

485 386 31 33 1.
573 377 346 48 Avräkningsnota,
963 383 129 24 varom
1130 368 12 35 i
1177 369 20 34 2
1236 365 20 50 $
1299 362 186 45 förmäles,
1528 357 106 47 skall,
1668 356 66 36 där
1762 355 31 47 ej
1825 352 119 38 nedan

354 434 234 40 annorlunda
629 429 168 49 stadgas,
839 426 64 36 vid
945 425 74 46 köp
1063 422 118 36 förses
1217 416 85 38 med
1331 412 159 49 stämpel
1519 410 55 37 till
1603 407 167 49 följande
1797 405 150 49 belopp,

354 487 208 49 nämligen:

486 538 33 48 a)
548 536 63 37 vid
652 535 76 47 köp
765 546 46 22 av
840 530 131 45 aktier,
1000 528 122 44 lotter,
1152 519 235 40 andelsbevis
1416 517 70 36 och
1515 509 358 51 delaktighetsbevis
1903 508 47 35 60

357 599 74 40 öre,
474 590 46 37 då
561 589 44 36 de
639 584 194 39 överlåtna
862 580 201 45 aktiernas,
1091 577 194 42 lotternas,
1316 567 305 40 andelsbevisens
1650 563 90 37 eller
1769 559 183 47 delaktig-

357 642 259 39 hetsbevisens
657 633 288 49 sammanlagda
986 629 113 38 värde
1139 626 83 37 icke
1251 622 210 48 överstiger
1490 620 73 35 200
1593 617 151 42 kronor,
1774 611 69 37 och
1871 610 81 36 där-

358 701 134 31 ntöver
521 695 47 35 60
598 697 62 31 öre
690 690 57 36 för
774 686 105 49 varje
907 682 174 52 påbörjat
1109 679 137 48 belopp
1276 689 44 23 av
1351 675 72 35 200
1451 672 149 44 kronor,

488 745 39 49 b)
554 743 64 38 vid
645 743 76 48 köp
751 753 46 23 av
826 735 247 50 obligationer
1104 733 45 35 10
1178 735 75 41 öre,
1283 728 47 36 då
1356 726 44 36 de
1420 723 192 39 överlåtna
1632 715 323 51 obligationernas

361 796 284 49 sammanlagda
678 792 114 38 värde
821 790 33 49 ej
885 786 208 48 överstiger
1122 784 72 35 200
1224 781 151 45 kronor,
1404 776 70 38 och
1503 774 200 37 därutöver
1734 769 45 36 10
1809 772 62 31 öre
1900 765 58 35 för

363 851 102 49 varje
494 848 174 51 påbörjat
694 844 138 49 belopp
861 854 45 23 av
936 839 73 36 200
1037 831 150 57 kronor,

493 900 95 38 dock
629 903 66 41 att,
738 896 67 36 där
847 893 72 37 den
951 903 68 24 ene
1047 885 277 40 kontrahenten
1354 887 40 31 är
1423 876 271 40 fondhandlare
1723 872 71 37 och
1823 869 138 38 avtalet

365 954 167 38 avslutas
573 951 82 37 icke
697 949 57 36 för
796 946 139 37 dennes
972 941 165 47 räkning
1164 943 91 31 utan
1284 936 12 35 i
1324 930 259 46 kommission,
1613 925 348 47 avräkningsnotan

366 1007 95 38 skall
489 1007 132 43 förses,

496 1057 33 48 ec)
558 1055 63 37 vid
650 1055 75 47 köp
756 1065 44 23 av
829 1049 131 45 aktier,
989 1047 124 43 lotter,
1143 1038 237 41 andelsbevis
1409 1036 69 37 och
1498 1026 360 54 delaktighetsbevis
1878 1023 86 38 med

370 1109 159 50 stämpel
570 1121 46 23 av
659 1107 47 35 30
735 1109 75 41 öre,
840 1102 45 36 då
913 1100 45 36 de
987 1096 193 38 överlåtna
1209 1092 201 44 aktiernas,
1438 1088 191 43 lotternas,
1659 1077 306 41 andelsbevisens

370 1163 89 37 eller
487 1154 431 53 delaktighetsbevisens
947 1146 285 49 sammanlagda
1259 1142 114 37 värde
1392 1140 81 37 icke
1493 1135 207 48 överstiger
1720 1133 74 35 200
1813 1130 152 44 kronor,

372 1215 69 37 och
470 1213 199 36 därutöver
699 1210 48 35 30
776 1212 64 31 öre
869 1205 57 36 för
952 1201 106 49 varje
1085 1197 174 52 påbörjat
1286 1194 138 48 belopp
1455 1204 44 23 av
1528 1189 73 36 200
1630 1187 152 44 kronor,
1811 1185 97 33 samt

503 1263 35 50 d)
566 1262 62 37 vid
656 1262 75 47 köp
761 1272 46 23 av
836 1254 250 50 obligationer
1113 1249 83 38 med
1226 1245 160 50 stämpel
1414 1257 46 23 av
1489 1243 20 35 5
1539 1245 75 40 öre,
1643 1238 46 36 då
1711 1236 46 37 de
1776 1233 192 38 överlåtna

375 1316 320 50 obligationernas
736 1306 286 50 sammanlagda
1059 1302 114 37 värde
1201 1301 32 48 ej
1266 1296 211 49 överstiger
1506 1294 72 35 200
1606 1292 151 42 kronor,
1787 1286 69 37 och
1884 1284 84 36 där-

376 1368 186 52 utöver
539 1357 22 67 5
591 1371 63 31 öre
683 1364 59 36 för
770 1361 104 49 varje
901 1357 175 52 påbörjat
1102 1354 138 49 belopp
1270 1363 46 24 av
1344 1349 73 36 200
1445 1341 150 57 kronor.

506 1416 212 40 Ävenledes
748 1413 107 46 skall,
884 1411 65 37 där
977 1409 34 48 ej
1042 1406 121 38 nedan
1191 1400 238 41 annorlunda
1456 1396 168 50 stadgas,
1649 1391 323 47 avräkningsnota

378 1473 62 37 vid
469 1472 90 48 byte
587 1470 121 36 förses
736 1465 86 37 med
849 1462 160 50 stämpel
1037 1459 55 37 till
1120 1455 167 51 följande
1314 1453 150 47 belopp,
1493 1447 208 48 nämligen:

508 1522 33 49 e)
573 1521 64 36 vid
671 1520 90 49 byte
790 1530 45 22 av
864 1514 129 46 aktier,
1023 1512 122 44 lotter,
1175 1504 236 40 andelsbevis
1439 1502 71 37 och
1538 1493 359 52 delaktighetsbevis
1927 1493 47 34 30

380 1582 77 41 öre,
487 1575 46 37 då
562 1573 61 37 det
650 1570 126 46 värde,
806 1580 81 24 som
915 1565 121 47 enligt
1064 1564 22 34 4
1114 1560 20 50 8
1163 1562 22 34 4
1214 1571 114 24 mom.
1358 1554 94 38 skall
1479 1553 12 36 i
1516 1549 349 48 avräkningsnotan
1884 1556 91 37 upp-

381 1636 121 40 tagas,
532 1625 31 50 ej
594 1621 209 49 överstiger
831 1620 73 35 200
934 1617 150 44 kronor,
1113 1612 69 37 och
1212 1610 202 37 därutöver
1443 1606 46 36 30
1519 1609 63 31 öre
1607 1602 56 36 för
1682 1599 104 49 varje
1804 1594 173 53 påbörjat

382 1680 136 49 belopp
548 1691 46 22 av
622 1676 73 36 200
724 1674 152 44 kronor,
905 1672 98 34 samt

514 1731 27 47 f)
569 1727 63 38 vid
672 1726 90 49 byte
803 1737 45 23 av
889 1718 251 51 obligationer
1176 1717 20 34 5
1227 1719 75 42 öre,
1332 1711 46 36 då
1407 1710 61 36 det
1495 1707 127 46 värde,
1652 1718 81 23 som
1762 1702 117 48 enligt
1908 1701 22 34 4
1959 1698 20 50 8

386 1787 24 34 A
438 1796 111 24 mom.
579 1778 96 39 skall
702 1778 13 35 i
745 1774 350 47 avräkningsnotan
1123 1771 201 46 upptagas,
1353 1763 33 48 ej
1417 1759 209 48 överstiger
1646 1758 75 35 200
1740 1755 150 44 kronor,
1910 1751 70 37 och

387 1836 201 37 därutöver
617 1833 20 35 5
667 1835 63 32 öre
759 1829 59 35 för
846 1825 103 49 varje
978 1821 172 51 påbörjat
1178 1818 136 49 belopp
1344 1828 46 23 av
1419 1814 72 36 200
1520 1812 149 35 kronor.

516 1884 87 38 Med
632 1879 271 40 fondhandlare
930 1876 139 36 förstås
1097 1873 12 35 1
1134 1871 123 36 denna
1276 1866 222 46 förordning
1517 1860 216 40 solidariskt
1752 1855 229 48 bankbolag,

388 1935 321 48 bankaktiebolag
737 1932 70 37 och
827 1926 260 40 fondmäklare
1107 1929 178 31 ävensom
1305 1931 138 33 annan,
1464 1929 81 24 som
1566 1913 123 38 driver
1709 1910 116 37 sådan
1843 1906 140 39 rörelse

390 1990 86 37 med
504 1987 247 49 fondpapper,
781 1988 54 32 att
861 1981 73 36 han
962 1981 49 48 på
1038 1974 125 52 grund
1192 1974 115 36 därav
1337 1974 40 32 är
1404 1967 139 51 pliktig
1570 1966 81 36 föra
1675 1958 308 42 handelsböcker.

524 2146 133 35 Denna
686 2139 222 48 förordning
936 2134 124 38 träder
1086 2132 13 36 i
1126 2129 102 39 kraft
1257 2132 20 33 å
1305 2127 87 49 dag,
1413 2138 78 24 som
1512 2124 215 47 Konungen
1748 2119 239 42 bestämmer,

396 2199 70 38 och
493 2196 119 51 gäller
640 2194 56 37 till
724 2192 87 50 dag,
840 2203 81 24 som
945 2185 145 52 jämväl
1118 2197 45 22 av
1190 2182 216 46 Konungen
1425 2178 237 43 bestämmes,
1687 2170 97 39 dock
1804 2169 32 49 ej
1857 2169 132 46 längre

398 2257 47 32 än
473 2249 56 38 till
558 2247 72 38 den
659 2248 18 34 1
711 2244 95 51 april
837 2242 107 36 1918.
