2194 2624
698 180 361 44 Bevillningsutskottets
1082 183 194 33 betänkande
1299 186 51 30 Nr
1375 187 48 31 16.
1794 191 18 29 H

259 254 10 36 i
290 254 71 38 den
382 258 85 35 mån
491 256 291 51 förordningens
803 261 217 37 nuvarande
1040 261 284 39 bestämmelser
1344 264 124 37 därtill
1489 265 135 37 bereda
1645 268 210 48 möjlighet,

261 307 153 49 vidtaga
443 307 247 51 erforderliga
718 311 179 49 åtgärder
924 313 11 36 i
964 313 63 37 det
1056 314 166 48 angivna
1250 315 124 50 syftet.

387 360 15 35 I
432 360 222 49 anslutning
682 362 54 36 till
766 364 73 36 vad
868 365 155 36 sålunda
1052 366 144 37 anförts
1226 367 57 36 får
1311 368 186 37 utskottet
1527 369 207 47 hemställa,

790 466 33 49 1)
846 472 54 32 att
920 469 205 48 riksdagen
1146 472 60 34 må
1226 477 139 42 antaga
1385 471 62 37 det
1467 473 86 36 med
1570 473 141 49 Kungl.
1728 473 126 50 Maj:ts

658 517 247 38 förevarande
946 520 246 48 proposition,
1232 535 44 22 nr
1306 524 83 45 128,
1424 523 225 49 framlagda,
1679 537 96 24 ovan
1803 525 51 36 in-

658 574 117 43 tagna
819 570 141 48 förslag
1001 572 56 35 till
1099 572 226 49 förordning
1366 587 61 23 om
1465 575 143 36 ändrad
1637 576 142 48 lydelse
1807 590 47 22 av

658 621 20 33 3
713 615 24 63 85
768 622 17 34 1
823 634 111 24 mom.
973 623 11 35 i
1023 623 273 50 förordningen
1338 624 72 37 den
1449 627 20 33 6
1508 627 204 36 november
1757 629 96 35 1908

657 672 196 48 angående
892 686 47 23 en
967 673 159 37 särskild
1157 677 286 48 stämpelavgift
1472 678 63 36 vid
1564 678 75 49 köp
1669 679 68 36 och
1767 678 88 50 byte

656 737 47 23 av
733 723 250 52 fondpapper;

786 828 35 48 2)
851 834 55 31 att
935 829 235 38 motionerna
1199 831 28 37 I:
1248 834 44 34 76
1323 832 70 37 och
1421 832 46 38 II:
1489 835 82 46 150,
1602 847 60 24 om
1692 834 161 49 ändring

655 893 46 22 av
731 881 21 34 3
782 879 20 49 $
832 881 10 35 i
873 880 274 51 förordningen
1182 883 195 49 angående
1407 897 46 24 en
1483 885 163 37 särskild
1676 887 176 49 stämpel-

655 931 122 48 avgift
818 932 63 36 vid
924 932 73 51 köp
1039 933 70 36 och
1152 933 90 50 byte
1284 948 46 23 av
1371 936 249 51 fondpapper,
1650 941 61 33 må
1744 951 108 24 anses

654 982 205 38 besvarade
900 997 137 35 genom
1076 985 72 36 vad
1178 986 186 37 utskottet
1392 1000 98 24 ovan
1519 989 119 36 under
1666 989 121 49 punkt
1820 990 33 48 1)

655 1033 204 39 hemställt.

385 1138 217 38 Stockholm
632 1138 71 37 den
733 1140 46 35 26
810 1153 101 24 mars
942 1142 109 35 1917.

697 1243 52 36 På
778 1242 436 51 bevillningsutskottets
1242 1251 160 44 vägnar:

837 1348 46 36 RK.
915 1348 45 37 G.
991 1348 278 39 KARLSSON.

334 2292 130 44 Bihang
487 2294 49 32 till
558 2295 185 43 riksdagens
761 2297 157 41 protokoll
940 2299 94 31 1917.
1081 2300 21 31 7
1125 2300 90 31 saml.
1268 2301 39 31 14
1331 2301 79 41 häft.
1456 2301 68 41 (Nr
1549 2303 65 39 16.)
1781 2305 19 31 2
