1870 2846
459 144 440 31 Konstitutionsutskottets
917 144 181 30 memorial
1116 144 50 30 Nr
1189 145 50 29 11.
1566 138 36 30 81

93 229 151 31 därefter
278 230 126 35 avgivit
437 228 413 37 sakkunnigutlåtanden,
885 229 92 30 vilka
1010 228 195 31 befordrats
1240 229 51 29 till
1321 229 142 35 trycket.
1522 228 80 30 Pro-

91 272 111 31 fessor
224 272 188 36 Thunberg
435 272 91 30 hade
549 270 44 38 på
617 272 130 35 förslag
773 271 50 30 till
847 271 222 36 professuren
1092 271 146 36 uppfört
1260 271 176 29 laborator
1459 270 143 30 Abram-

91 324 62 21 son
170 315 66 29 och
255 314 24 30 f.
299 314 31 30 d.
351 314 175 37 professor
545 313 84 30 Katz
649 313 9 30 i
677 323 47 20 nu
743 313 132 30 nämnd
894 313 157 36 ordning,
1071 315 155 27 varemot
1245 312 117 37 övriga
1381 322 48 21 nu
1449 310 153 31 kvarstå-

90 358 87 30 ende
206 358 156 29 sökande
391 366 42 20 av
462 356 175 37 professor
667 356 188 37 Thunberg
884 356 186 30 förklarats
1100 355 272 36 inkompetenta.
1425 354 180 30 Professor

91 400 179 30 Lindhard
305 400 89 30 hade
429 399 171 30 förklarat
633 400 176 29 laborator
831 399 194 29 Abramson
1047 407 121 21 ensam
1191 399 210 36 kompetent.
1426 397 177 30 Professor

91 443 113 30 Rubin
227 443 91 30 hade
341 442 372 37 kompetentförklarat
736 442 24 30 f.
784 442 32 30 d.
841 442 89 37 prof.
955 441 95 30 Katz.
1096 441 228 30 Beträffande
1347 441 41 30 de
1412 440 117 37 övriga
1552 441 50 29 sö-

91 486 162 30 kandena
275 486 90 30 hade
387 485 174 38 professor
583 485 112 30 Rubin
717 485 127 35 anfört,
866 488 49 27 att
936 485 71 29 han
1028 484 31 37 ej
1081 487 84 27 utan
1188 484 137 37 mycket
1348 487 92 27 stora
1461 483 144 31 betänk-

91 529 143 36 ligheter
256 529 117 30 kunde
397 529 156 30 förklara
577 529 175 29 laborator
774 528 194 30 Abramson
992 528 211 36 kompetent,
1227 530 50 27 att
1300 526 103 37 något
1426 526 179 31 uttalande

91 581 57 21 om
172 572 176 36 professor
372 572 151 37 Kinberg
544 570 30 38 ej
598 574 116 34 syntes
736 571 217 37 erforderligt
976 570 45 37 på
1044 570 111 38 grund
1178 579 42 21 av
1244 570 129 30 dennes
1396 569 96 31 ålder
1516 572 89 27 samt

92 618 48 26 att
166 615 41 30 de
232 614 217 31 återstående
475 615 201 29 sökandena
703 614 75 30 icke
804 614 112 37 styrkt
941 614 53 30 sin
1020 614 215 36 kompetens.
1286 613 178 30 Professor
1492 613 113 36 Tegen

91 658 90 30 hade
203 658 134 35 uttalat,
363 661 49 27 att
436 657 239 37 professurens
698 656 265 31 ämnesområde
987 657 104 36 enligt
1115 657 88 29 hans
1227 656 141 37 mening
1390 656 108 30 borde
1522 655 83 30 fast-

92 701 117 29 ställas
233 700 52 30 till
309 700 185 30 "filosofisk
525 700 91 37 (eller
639 699 175 38 teoretisk)
845 700 217 36 antropologi
1087 698 45 38 på
1156 699 167 37 empirisk
1348 700 62 29 bas
1435 699 66 29 och
1527 698 79 30 med

92 743 155 37 syftning
271 746 72 27 mot
367 743 216 36 ungdomens
607 743 209 36 uppfostran
841 743 51 29 till
915 742 120 30 hälsa”.
1061 742 122 30 Därest
1209 741 221 38 professuren
1456 741 149 30 fattades

92 785 44 38 på
156 786 92 30 detta
269 787 77 34 sätt,
367 786 116 30 kunde
504 785 174 38 professor
700 786 114 36 Tegen
833 786 121 29 endast
975 785 358 36 kompetentförklara
1356 784 95 30 Katz.
1495 783 111 31 Lades

92 829 157 30 däremot
275 830 183 35 styrelsens
484 829 203 40 uttalanden
712 828 51 30 till
789 829 111 36 grund
925 828 55 30 för
1004 828 242 35 bedömandet,
1273 828 107 29 borde
1407 826 44 38 på
1477 827 130 36 förslag

92 872 51 29 till
167 872 222 36 professuren
413 872 170 36 uppföras
607 872 11 29 i
642 872 109 29 första
775 874 150 27 rummet
950 871 23 30 f.
999 871 32 30 d.
1057 870 176 38 professor
1258 870 85 30 Katz
1367 871 66 29 och
1459 870 11 30 i
1495 869 112 30 andra

92 917 149 28 rummet
267 915 175 36 professor
469 907 160 44 Kinberg.
679 909 129 42 Övriga
833 915 154 29 sökande
1012 914 90 30 hade
1128 922 41 21 av
1195 913 176 37 professor
1397 913 114 36 Tegen
1537 912 68 30 för-

93 957 130 30 klarats
246 957 271 37 inkompetenta.

136 997 209 35 Lärarrådet
367 1000 90 31 hade
476 999 159 38 företagit
659 1001 142 30 ärendet
822 1001 51 29 till
896 1000 116 37 slutlig
1033 999 212 37 behandling
1267 999 59 31 vid
1348 999 259 30 sammanträde

93 1041 67 30 den
179 1043 38 30 21
240 1044 186 29 november
450 1044 94 29 1936.
571 1043 49 30 Av
640 1044 39 29 31
701 1044 57 30 vid
778 1043 273 31 sammanträdet
1071 1042 219 31 närvarande
1310 1043 189 30 ledamöter
1517 1042 91 30 hade

96 1085 38 28 16
154 1084 171 32 förklarat
343 1086 84 29 Katz
447 1093 120 23 ensam
583 1084 200 37 kompetent
803 1086 106 29 därav
928 1086 89 30 dock
1038 1085 86 31 flera
1143 1085 80 30 med
1243 1085 108 30 större
1370 1085 81 29 eller
1471 1084 135 30 mindre

92 1126 137 36 tvekan,
254 1129 19 28 4
293 1126 195 32 Abramson
508 1135 120 23 ensam
648 1128 201 36 kompetent
870 1131 88 27 samt
980 1128 20 30 9
1021 1127 85 30 Katz
1126 1128 66 29 och
1212 1127 194 30 Abramson
1425 1135 181 21 ensamma

93 1168 233 37 kompetenta.
365 1170 49 31 De
436 1169 58 31 nio
517 1169 216 31 sistnämnda
754 1169 236 30 ledamöterna
1013 1169 90 30 hade
1124 1168 145 37 uppfört
1290 1168 193 31 Abramson
1505 1168 10 30 i
1537 1168 69 30 för-

93 1217 53 25 sta
169 1214 66 29 och
256 1213 85 29 Katz
366 1214 10 29 i
395 1213 110 30 andra
529 1215 158 27 rummet.
720 1212 54 30 En
800 1212 150 30 ledamot
974 1212 90 30 hade
1088 1211 172 31 förklarat
1286 1210 50 37 sig
1360 1210 32 37 ej
1418 1211 119 30 kunna
1562 1209 45 38 på

92 1255 172 34 grundval
296 1262 42 23 av
368 1256 41 30 de
432 1253 234 37 föreliggande
690 1253 424 37 sakkunnigutlåtandena
1144 1254 82 35 göra
1256 1252 103 37 något
1389 1253 178 30 uttalande
1596 1253 10 30 i

95 1296 340 37 kompetensfrågan.
469 1296 164 38 Slutligen
654 1296 90 31 hade
767 1306 42 21 en
830 1295 150 32 ledamot
1000 1296 79 30 med
1100 1294 262 38 utgångspunkt
1384 1294 79 31 från
1483 1304 43 21 en
1547 1304 59 21 an-

94 1347 69 22 nan
188 1339 158 38 tolkning
366 1348 41 22 av
432 1338 170 32 Eneroths
621 1341 203 28 testamente
848 1339 45 30 än
912 1338 66 30 den
1002 1347 74 21 som
1099 1338 148 30 kommit
1269 1338 51 29 till
1344 1337 137 36 uttryck
1505 1338 10 29 i
1538 1340 68 34 sty-

94 1383 128 30 relsens
243 1383 204 30 uttalanden
468 1382 179 35 förklarat,
672 1385 50 27 att
744 1383 102 35 ingen
868 1391 42 20 av
933 1381 42 30 de
999 1380 229 30 kvarstående
1250 1380 201 30 sökandena
1475 1380 130 29 besutte

94 1426 65 37 full
182 1426 204 36 kompetens
410 1425 56 37 för
489 1425 231 36 professuren.

141 1492 220 36 Högskolans
400 1492 151 36 styrelse,
589 1491 121 31 herrar
743 1489 167 37 Ekeberg,
950 1489 213 36 Lindhagen,
1203 1489 206 36 Phragmén,
1437 1489 171 36 Tunberg,

97 1543 199 36 Holmgren,
320 1543 160 35 Larsson,
503 1541 103 37 Fries,
627 1541 182 36 Wedberg,
830 1540 238 36 Lagercrantz,
1085 1540 110 30 Paues
1218 1540 65 30 och
1302 1539 176 36 Branting,
1498 1539 110 30 hand-

94 1594 77 30 lade
193 1594 142 30 ärendet
358 1594 66 29 den
448 1593 18 29 5
491 1592 181 30 december
699 1592 93 34 1936,
816 1590 122 30 därvid
962 1590 104 36 enligt
1090 1590 208 36 protokollet
1321 1589 159 30 förekom
1502 1589 107 29 bland

94 1648 106 26 annat
223 1644 170 36 följande:

140 1696 116 29 Under
292 1694 288 36 överläggningen
615 1694 135 36 yttrade
775 1694 80 28 herr
880 1692 211 36 Lindhagen,
1120 1694 49 27 att
1195 1692 71 29 han
1293 1690 107 38 ansåg
1424 1692 42 29 de
1492 1700 41 20 av
1561 1692 47 28 lä-

95 1737 157 31 rarrådet
285 1737 190 30 tillkallade
508 1736 218 36 sakkunniga
760 1736 64 29 och
858 1735 158 35 samtliga
1048 1735 153 29 sökande
1234 1734 75 30 icke
1342 1733 45 36 på
1418 1734 111 36 grund
1564 1743 42 20 av

97 1781 74 30 sina
201 1779 258 37 vetenskapliga
487 1779 139 29 meriter
653 1787 83 21 vara
767 1779 233 34 kompetenta,
1029 1777 42 30 de
1101 1776 95 30 förra
1226 1779 49 27 att
1305 1777 103 29 utöva
1437 1776 170 29 domsrätt

96 1823 10 30 i
138 1823 142 29 ärendet
313 1823 64 29 och
407 1822 42 29 de
480 1830 119 21 senare
628 1823 49 27 att
707 1820 182 30 befordras
920 1819 51 30 till
1001 1819 65 29 den
1099 1819 98 29 sökta
1229 1818 232 36 professuren.
1518 1818 88 29 Herr

96 1865 204 36 Lindhagen
324 1864 207 30 hemställde
556 1863 130 34 därför,
715 1865 49 27 att
788 1861 166 36 styrelsen
979 1859 105 31 måtte
1111 1861 63 29 hos
1202 1860 123 35 Kungl.
1354 1859 101 36 Maj:t
1480 1860 127 35 begära

95 1917 44 20 en
169 1906 204 35 förklaring,
404 1908 48 27 att
482 1907 234 28 testamentets
748 1903 88 36 syfte
867 1903 92 35 finge
988 1903 150 29 uttolkas
1171 1901 114 30 såsom
1316 1911 42 19 en
1389 1901 177 36 professur
1596 1901 11 29 i

97 1948 104 31 social
217 1949 69 29 etik
307 1949 64 29 och
392 1946 201 30 individuell
614 1945 257 35 levnadskonst,
893 1944 138 30 särskilt
1052 1943 52 36 då,
1126 1941 114 32 såsom
1260 1945 140 28 testator
1420 1943 187 35 föreskrev,

96 1993 78 29 med
201 1992 137 34 hänsyn
362 1990 50 30 till
436 1989 216 36 ungdomens
677 1988 134 29 fostran
835 1987 50 29 till
909 1987 116 34 andlig
1048 1986 65 29 och
1139 1985 178 36 kroppslig
1343 1985 107 29 hälsa.

140 2032 196 35 Styrelsens
361 2031 119 36 övriga
503 2029 193 30 ledamöter
719 2027 133 37 ansågo
875 2038 43 21 en
943 2026 109 31 sådan
1075 2025 124 37 åtgärd
1221 2027 78 29 icke
1322 2027 86 29 böra
1427 2027 63 35 äga
1517 2035 90 21 rum.

141 2077 87 29 Herr
253 2076 204 35 Lindhagen
481 2073 207 34 förklarade,
715 2075 48 26 att
788 2072 71 29 han
882 2071 56 30 vid
962 2071 113 29 denna
1098 2069 128 37 utgång
1249 2069 136 30 röstade
1411 2068 45 37 på
1480 2069 129 36 profes-

96 2129 55 20 sor
176 2119 85 29 Katz
283 2117 113 30 såsom
414 2117 66 29 den
502 2116 88 29 enda
614 2115 154 30 sökande
792 2124 73 19 som
888 2114 115 29 kunde
1028 2112 255 36 ifrågakomma
1305 2112 50 29 till
1377 2111 232 36 professuren.

142 2160 87 30 Herr
257 2160 188 35 Holmgren
470 2157 199 30 förklarade
693 2157 109 30 under
827 2156 160 29 närmare
1012 2155 214 35 motivering,
1247 2157 49 27 att
1323 2154 69 30 han
1416 2154 192 30 utnämnde

100 2203 174 29 laborator
293 2202 204 29 Abramson.

143 2245 191 36 Styrelsens
356 2243 117 35 övriga
495 2242 187 29 ledamöter
702 2239 192 30 utnämnde
916 2239 22 29 f.
961 2239 31 28 d.
1016 2238 174 36 professor
1212 2237 95 29 Katz.

144 2287 173 35 Styrelsen
342 2286 89 29 hade
449 2284 130 30 således
601 2285 148 29 beslutat
770 2282 50 29 till
842 2282 209 29 innehavare
1072 2289 41 21 av
1139 2280 81 30 Olof
1242 2280 170 30 Eneroths
1433 2280 178 35 professur

98 2330 169 29 utnämna
292 2328 23 28 f.
340 2328 31 28 d.
396 2327 175 35 professor
595 2325 109 29 David
731 2324 94 29 Katz.
851 2323 171 35 Styrelsen
1047 2321 118 34 beslöt,
1191 2324 49 26 att
1263 2321 114 29 denna
1403 2320 207 35 utnämning

99 2372 110 29 skulle
229 2370 89 36 gälla
338 2368 78 30 från
436 2369 66 28 den
524 2369 13 27 1
561 2368 8 28 i
588 2366 173 30 månaden
781 2367 77 28 näst
876 2365 85 29 efter
981 2365 76 33 den,
1078 2363 44 30 då
1141 2364 145 28 beslutet
1306 2363 96 29 bleve
1422 2372 42 20 av
1486 2363 123 35 Kungl.

99 2413 101 36 Maj:t
225 2413 157 29 stadfäst.
431 2411 149 29 Beslutet
605 2409 109 29 skulle
739 2408 229 29 underställas
994 2406 122 35 Kungl.
1143 2405 102 36 Maj:t
1271 2405 53 29 för
1350 2404 170 37 prövning
1545 2405 64 29 och

100 2456 227 30 stadfästelse.

137 2513 110 30 Bihang
267 2512 41 25 till
329 2511 166 30 riksdagens
517 2509 143 31 protokoll
683 2509 75 24 1937.
787 2509 15 23 5
821 2507 72 24 saml.
929 2507 16 24 2
963 2506 57 24 avd.
1058 2505 40 24 Nr
1116 2506 40 22 II.
1565 2501 15 26 6
