1880 2846
351 155 439 32 Konstitutionsutskottets
815 158 181 30 memorial
1021 158 49 30 Nr
1097 160 48 28 11.
1194 158 166 38 (Bilaga.)
1551 157 58 30 127

100 237 162 36 veringen
283 239 111 30 skulle
415 239 104 36 enligt
541 241 90 30 detta
654 240 255 37 ifrågakomma
931 242 149 37 rökning
1101 253 42 20 av
1167 243 43 36 ål,
1232 244 148 37 rökning
1402 254 42 21 av
1466 245 54 30 sill
1541 246 64 29 och

98 280 317 38 sardinberedning.
817 320 5 7 .

144 322 73 30 Vad
240 323 148 36 rökning
410 333 41 21 av
474 323 32 31 ål
530 324 106 37 angår
658 326 59 29 vill
741 327 228 36 utredningen
994 327 196 37 framhålla,
1215 332 48 27 att
1296 329 1 29 i
1321 329 154 30 Mörrum
1498 331 106 29 redan

99 363 115 32 finnas
237 365 106 31 minst
364 366 57 30 två
443 366 132 37 firmor,
598 368 175 36 nämligen
796 369 90 30 A.-B.
912 369 30 30 S.
968 370 166 30 Mattsson
1159 375 90 26 samt
1271 371 128 31 firman
1424 372 35 30 B.
1484 373 120 35 Jepps-

98 416 62 20 son
187 408 25 29 &
241 407 79 36 Son,
348 408 91 31 vilka
466 409 10 30 i
502 411 166 29 avsevärd
694 411 209 36 omfattning
930 412 158 31 tillverka
1114 414 65 29 och
1207 413 145 37 försälja
1374 415 77 30 rökt
1478 414 33 31 ål
1539 416 64 29 och

97 449 108 30 vilkas
223 451 220 30 verksamhet
460 451 44 36 på
521 453 92 29 detta
629 452 144 32 område
791 454 103 36 enligt
912 455 137 36 uppgift
1067 458 84 27 utan
1168 455 173 37 svårighet
1359 458 70 29 kan
1446 457 157 37 utvidgas

98 492 59 29 allt
185 492 87 30 efter
301 502 75 21 som
406 494 477 38 avsättningsmöjligheterna
914 498 115 29 därtill
1053 498 76 36 giva
1160 499 196 36 anledning.
1409 501 56 29 Att
1494 501 110 30 under

94 533 131 32 sådana
241 535 244 31 förhållanden
500 536 69 31 låta
587 538 56 29 det
657 548 46 20 nu
720 538 201 37 ifrågasatta
936 549 68 27 nya
1021 540 165 37 företaget
1214 543 9 28 å
1238 551 135 21 samma
1389 546 52 27 ort
1457 543 144 30 omfatta

96 577 91 30 detta
211 578 72 35 slag
302 587 42 21 av
363 578 211 31 fabrikation
593 589 100 27 synes
714 581 119 30 därför
853 581 75 31 icke
947 592 82 20 vara
1050 582 186 38 tillrådligt.

141 619 224 32 Beträffande
389 621 148 37 rökning
561 632 41 20 av
626 623 54 29 sill
710 622 184 39 (böckling)
926 625 37 30 är
987 628 49 27 att
1059 627 323 36 uppmärksamma,
1407 631 48 27 att
1479 629 123 30 utefter

96 661 65 30 den
179 662 204 37 blekingska
400 664 124 30 kusten
542 664 114 31 finnas
674 675 43 21 en
735 666 55 30 del
808 668 130 29 smärre
953 665 217 38 sillrökerier,
1190 669 51 30 till
1259 669 92 31 vilka
1370 680 42 20 en
1431 670 67 31 viss
1517 671 84 30 hän-

95 713 63 27 syn
183 705 10 28 i
217 705 92 30 detta
338 707 252 36 sammanhang
615 717 100 26 synes
740 708 85 31 böra
850 712 105 33 tagas.
1005 710 106 31 Dessa
1137 711 152 30 rökerier
1315 713 73 30 lära
1413 713 188 31 emellertid

95 746 89 30 hava
207 747 53 30 sin
283 748 254 37 huvudsakliga
560 749 195 37 avsättning
778 750 95 31 inom
896 761 95 21 mera
1015 753 212 35 begränsade
1251 754 176 31 områden.
1471 755 129 31 Sökan-

94 789 66 29 den
179 789 64 30 har
262 799 48 20 nu
329 790 156 36 uppgivit
504 791 53 30 sin
576 792 111 30 avsikt
706 802 83 21 vara
808 797 47 26 att
876 794 57 30 vid
954 794 53 31 sin
1027 795 207 37 försäljning
1253 797 32 36 ej
1306 796 37 31 så
1363 799 137 35 mycket
1523 802 77 33 taga

95 831 86 30 sikte
203 831 45 36 på
271 832 57 30 det
347 833 114 30 lokala
484 834 161 31 behovets
669 835 267 36 tillgodoseende
960 846 74 21 som
1059 838 68 30 fast
1151 848 95 21 mera
1270 839 46 36 på
1340 850 164 21 varornas
1532 842 67 30 för-

93 874 171 36 sändning
285 874 51 30 till
357 875 131 31 sådana
510 877 108 30 andra
640 878 96 29 delar
757 887 42 21 av
821 879 125 36 landet,
969 880 63 29 där
1053 881 287 37 förutsättningar
1363 883 54 30 för
1438 885 160 29 markna-

93 916 83 30 dens
193 917 262 35 upparbetande
471 917 45 37 på
532 919 92 30 detta
643 919 143 32 område
803 930 98 22 anses
919 922 175 37 föreligga.
1128 923 68 30 För
1213 923 125 32 sådant
1355 926 163 30 ändamål
1536 927 64 30 har

93 959 180 30 sökanden
294 961 98 29 tänkt
418 960 49 36 sig
493 960 68 31 låta
587 962 141 31 komma
755 963 49 30 till
831 964 223 37 användning
1080 975 42 20 en
1148 975 47 28 ny
1222 967 376 38 förpackningsmetod,

93 1001 112 35 ägnad
227 1004 49 28 att
297 1002 111 30 hättre
430 1004 45 28 än
497 1004 65 30 den
584 1006 202 29 nuvarande
808 1005 178 37 tillgodose
1009 1009 232 30 avnämarnas
1264 1011 99 29 smak
1386 1012 65 29 och
1474 1021 124 21 varans

93 1041 205 33 hållbarhet.
343 1044 117 31 Under
478 1045 132 31 sådana
629 1047 244 32 förhållanden
894 1049 115 31 finner
1030 1050 392 39 Blekingeutredningen
1443 1054 50 36 sig
1514 1055 84 30 böra

92 1085 151 36 förorda,
267 1089 49 27 att
338 1087 256 32 fabrikationen
617 1090 86 29 även
725 1091 159 30 kommer
907 1095 48 27 att
973 1092 146 31 omfatta
1143 1092 149 39 rökning
1315 1104 42 21 av
1380 1095 63 31 sill.

137 1128 117 30 Andra
275 1128 131 31 former
426 1139 43 21 av
489 1130 311 39 sillkonservering,
822 1142 75 21 som
918 1135 180 30 sökanden
1120 1136 142 31 förmält
1283 1136 50 38 sig
1356 1139 103 30 ämna
1483 1138 114 38 igång-

90 1170 98 35 sätta,
206 1171 60 29 äro
284 1171 198 37 inläggning
500 1172 10 30 i
526 1173 69 37 olja
613 1175 64 29 och
695 1175 188 37 beredning
901 1186 42 20 av
960 1186 24 21 s.
1006 1178 32 28 k.
1058 1177 147 37 herring.
1240 1179 56 30 Att
1314 1180 179 31 sökanden
1511 1191 85 26 upp-

89 1215 94 33 tager
206 1214 88 29 även
318 1214 98 30 dessa
440 1215 249 31 fabrikationer
713 1216 60 31 vill
796 1218 393 38 Blekingeutredningen
1215 1221 180 37 tillstyrka.

136 1254 14 30 I
176 1254 97 37 fråga
297 1264 59 21 om
380 1256 384 39 sardintillverkningen
790 1261 96 30 torde
910 1261 75 31 icke
1010 1262 165 37 föreligga
1200 1264 108 37 några
1334 1274 75 22 som
1434 1266 87 31 helst
1542 1267 54 30 be-

88 1297 240 36 tänkligheter.
369 1298 114 37 Enligt
503 1301 66 29 vad
589 1301 228 37 utredningen
839 1302 171 32 inhämtat
1032 1305 98 35 lärer,
1152 1307 88 29 även
1261 1316 57 20 om
1341 1308 255 30 fabrikationen

89 1338 11 30 i
123 1338 75 31 vårt
223 1340 82 30 land
330 1342 156 30 avsevärt
510 1344 134 35 utökas,
671 1345 56 29 det
751 1344 75 31 icke
853 1346 120 30 kunna
999 1347 177 31 förväntas
1203 1348 126 37 uppstå
1355 1349 106 37 några
1487 1352 108 30 större

88 1382 426 38 avsättningssvårigheter
544 1386 54 29 för
629 1387 113 30 denna
768 1388 131 30 artikel.
955 1389 224 32 Beträffande
1211 1391 384 39 sardintillverkningen

90 1422 126 31 tillåter
235 1424 50 36 sig
306 1425 119 31 därför
446 1426 392 40 Blekingeutredningen
860 1430 127 32 föreslå
1006 1449 45 4 —
1070 1433 64 30 och
1155 1433 11 30 i
1186 1434 92 30 detta
1299 1436 168 30 avseende
1487 1438 38 29 är
1544 1440 51 27 ut-

87 1466 190 37 redningen
296 1477 79 21 ense
397 1469 78 29 med
494 1470 178 30 sökanden
689 1488 44 4 —
753 1475 48 27 att
820 1471 254 33 fabrikationen
1095 1474 10 30 i
1124 1475 114 30 denna
1258 1476 55 30 del
1332 1477 105 30 måtte
1453 1479 141 29 komma

87 1511 48 27 att
152 1508 114 32 drivas
284 1509 10 31 i
312 1512 156 28 avsevärt
485 1512 107 30 större
609 1513 97 30 skala
725 1514 45 29 än
787 1515 65 29 den
871 1516 179 29 sökanden
1068 1516 109 37 utgått
1196 1517 91 31 ifrån
1307 1518 10 30 i
1335 1519 74 31 sina
1427 1521 165 35 kalkyler.

87 1550 55 30 Att
157 1551 55 30 för
229 1561 43 21 en
289 1552 96 36 dylik
403 1552 219 38 tillverkning
640 1556 158 30 kommer
817 1559 48 27 att
883 1557 116 31 finnas
1018 1559 184 37 tillräcklig
1220 1560 133 36 råvara,
1376 1571 24 21 s.
1421 1563 32 29 k.
1474 1564 118 35 skarp-

86 1592 64 36 sill,
168 1593 155 37 framgår
341 1604 41 21 av
400 1596 41 29 de
458 1596 201 31 uttalanden
677 1597 80 31 från
774 1599 211 37 sakkunnigt
1002 1600 81 37 håll,
1103 1611 74 20 som
1196 1603 254 36 handlingarna
1468 1604 11 31 i
1497 1606 95 29 ären-

88 1635 55 30 det
162 1635 186 32 innehålla.

132 1677 194 32 Härutöver
347 1679 58 30 vill
421 1680 392 39 Blekingeutredningen
832 1701 44 4 —
896 1685 86 30 även
1003 1685 10 30 i
1034 1686 91 30 detta
1146 1687 62 30 fall
1233 1687 5 30 i
1259 1689 235 31 samförstånd
1515 1691 78 30 med

87 1720 179 31 sökanden
292 1722 66 29 och
385 1722 109 31 hörda
521 1724 218 37 sakkunniga
765 1743 43 4 —
833 1727 192 36 hemställa,
1054 1732 47 27 att
1127 1729 257 32 fabrikationen
1411 1732 105 31 måtte
1543 1734 49 29 in-

87 1762 106 30 riktas
218 1762 45 36 på
291 1765 86 29 även
402 1768 46 27 ett
472 1769 106 27 annat
603 1767 71 35 slag
700 1777 42 20 av
768 1766 268 40 fiskberedning.
1087 1771 74 30 Den
1187 1772 123 37 rikliga
1336 1774 185 37 tillgången
1547 1775 45 36 på

86 1805 105 35 torsk,
218 1814 75 21 som
315 1808 153 29 utmärkt
495 1809 42 29 de
563 1818 119 21 senare
709 1809 99 32 årens
836 1811 259 38 blekingefiske,
1124 1814 63 30 har
1214 1815 99 37 gjort,
1342 1820 48 27 att
1416 1818 138 30 särskilt
1581 1819 11 29 i

86 1847 113 30 västra
220 1848 141 30 delarna
382 1858 41 21 av
443 1850 91 30 länet
553 1851 101 30 tidvis
674 1852 155 36 uppstått
849 1854 209 36 svårigheter
1079 1856 54 30 för
1153 1857 114 30 denna
1288 1858 158 31 fisksorts
1467 1862 124 28 avsätt-

85 1888 82 36 ning
187 1889 51 30 till
262 1891 131 35 skäliga
413 1892 118 35 priser.
554 1892 47 31 På
622 1895 66 29 sätt
710 1895 107 30 länets
839 1896 396 39 hushållningssällskap
1258 1900 10 29 i
1290 1905 106 26 annat
1418 1912 172 21 samman-

85 1930 91 36 hang
206 1932 192 31 framhållit
427 1934 110 30 skulle
560 1935 91 30 detta
681 1935 305 34 missförhållande
1015 1941 191 35 säkerligen
1236 1943 119 29 kunna
1385 1944 10 29 i
1425 1946 166 29 avsevärd

87 1972 81 30 mån
192 1973 192 37 avhjälpas,
410 1975 113 31 därest
546 1977 257 32 vederbörande
826 1979 10 30 i
859 1981 113 30 västra
997 1981 162 37 Blekinge
1182 1983 108 37 följde
1314 1987 91 29 östra
1430 1987 161 37 Blekinge

85 2016 154 34 exempel
259 2017 65 29 och
345 2026 74 21 som
440 2021 45 27 ett
507 2019 53 29 led
580 2019 10 29 i
612 2020 239 37 avsättningen
872 2022 172 31 inriktade
1065 2024 49 36 sig
1134 2024 45 36 på
1200 2035 42 20 en
1263 2027 55 29 del
1338 2037 41 20 av
1396 2030 193 36 torskfång-

84 2060 91 27 stens
200 2058 196 31 beredande
419 2059 51 30 till
494 2060 105 31 filéer.

128 2099 52 30 En
202 2100 405 39 fiskberedningsmetod,
631 2114 74 20 som
728 2105 143 36 tidigare
894 2108 78 29 med
996 2109 110 30 fördel
1125 2110 147 31 kommit
1296 2111 48 30 till
1367 2114 223 36 användning

83 2140 10 30 i
111 2141 172 37 Blekinge,
302 2144 63 29 har
383 2144 87 31 varit
487 2143 397 41 kryddsillsinläggning.
920 2151 49 28 Av
988 2151 85 35 skäl,
1092 2151 44 36 på
1156 2152 92 31 vilka
1269 2154 227 37 utredningen
1516 2156 73 30 icke

84 2193 99 21 anser
204 2184 50 36 sig
274 2195 47 20 nu
343 2187 132 29 behöva
497 2187 88 36 ingå,
608 2189 62 30 har
692 2190 113 30 denna
827 2192 212 30 fabrikation
1056 2194 105 30 sedan
1184 2195 85 30 flera
1292 2195 39 30 år
1352 2197 87 30 varit
1461 2201 37 27 så
1519 2203 70 31 gott

83 2235 73 20 som
176 2227 70 29 helt
263 2229 157 33 nedlagd.
460 2229 113 36 Enligt
594 2232 177 30 uttalande
791 2243 42 19 av
853 2235 218 35 sakkunniga
1093 2236 88 29 lärer
1202 2238 188 30 emellertid
1412 2242 44 33 på
1477 2242 111 33 grund

83 2277 41 19 av
152 2268 166 31 råvarans
348 2271 200 35 lämplighet
578 2274 88 33 goda
696 2274 286 37 förutsättningar
1010 2276 70 36 just
1109 2278 9 29 i
1149 2279 163 36 Blekinge
1342 2282 163 35 föreligga
1535 2284 53 29 för

82 2310 112 29 denna
212 2311 222 31 fabrikation.
467 2313 163 31 Villkoret
647 2316 121 29 härför
785 2318 37 28 är
839 2318 88 29 dock
945 2322 48 26 att
1011 2319 76 35 den,
1106 2320 9 29 i
1133 2324 143 27 motsats
1295 2323 49 28 till
1362 2324 65 29 vad
1446 2324 142 36 tidigare

81 2352 71 29 ofta
173 2352 87 30 varit
278 2354 198 35 händelsen,
495 2355 111 30 drives
624 2357 86 29 efter
728 2357 9 30 i
753 2358 66 29 allo
838 2359 176 31 rationella
1036 2361 108 36 linjer.
1182 2363 232 37 Utredningen
1434 2366 57 29 vill
1511 2368 76 28 där-

82 2393 54 29 för
160 2393 9 29 i
194 2396 235 29 samförstånd
454 2398 78 28 med
557 2398 178 30 sökanden
762 2400 135 36 föreslå,
923 2405 47 26 alt
996 2404 86 28 även
1107 2404 113 30 denna
1247 2406 148 31 bransch
1422 2412 164 32 upptages

82 2435 43 35 på
149 2436 177 30 fabrikens
349 2446 171 28 program.
