1870 2810
287 179 38 29 12
658 182 119 31 Andra
803 183 246 40 lagutskottets
1075 187 180 30 utlåtande
1280 198 42 19 nr
1346 190 51 29 31.

284 258 100 39 lagda
405 259 167 40 förslaget
592 261 221 31 beträffande
835 264 284 39 dikningsarbete
1139 267 64 29 och
1224 268 181 39 avstyrker
1425 270 219 31 motionerna
1667 271 28 30 I:
1711 271 63 30 347

280 312 64 28 och
367 311 44 30 II:
428 312 64 30 506
514 313 11 28 i
546 313 114 31 denna
680 315 66 29 del.

325 364 115 39 Enligt
456 365 70 30 den
544 368 201 30 nuvarande
764 368 367 42 lantarbetstidslagen
1150 374 38 28 är
1206 373 68 29 den
1292 374 173 31 ordinarie
1485 376 214 31 arbetstiden
1718 378 55 29 för

279 417 218 32 utearbetare
517 419 195 39 begränsad
732 421 56 30 för
809 423 224 31 arbetsvecka
1053 425 53 29 till
1126 425 41 30 43
1188 426 142 30 timmar
1352 428 110 29 under
1482 428 153 39 januari,
1657 430 117 30 febru-

280 470 51 29 ari
353 471 64 29 och
439 471 193 36 december,
655 474 52 29 till
730 474 41 30 48
794 475 142 31 timmar
958 478 112 29 under
1092 488 104 25 mars,
1220 480 144 30 oktober
1386 482 64 28 och
1472 483 187 29 november
1682 486 90 27 samt

280 523 52 29 till
354 524 40 29 52
416 525 143 30 timmar
581 527 110 29 under
711 528 96 30 tiden
829 519 104 55 april
953 532 217 38 september.
1192 532 68 30 För
1281 534 167 34 arbetare,
1471 544 76 20 som
1569 535 11 29 i
1600 537 91 38 regel
1713 546 60 20 an-

279 577 129 30 vändes
434 578 51 29 till
511 579 95 30 såväl
631 580 216 39 djurskötsel
873 591 74 21 som
972 586 109 28 annat
1106 585 115 30 arbete
1252 586 172 33 (arbetare
1449 588 80 29 med
1552 588 144 31 blandat
1719 599 54 20 ar-

279 629 107 35 bete),
408 631 55 29 får
482 632 69 29 den
572 633 54 29 för
646 635 217 30 utearbetare
883 636 183 39 medgivna
1088 638 322 31 veckoarbetstiden
1431 641 111 29 under
1562 641 210 31 vinterhalv-

279 682 74 30 året
373 684 125 29 utökas
517 686 80 29 med
614 687 57 29 två
689 687 143 30 timmar
850 688 11 29 i
880 689 142 30 veckan.
1042 690 117 40 Enligt
1177 692 67 29 den
1262 692 10 29 i
1291 693 264 39 propositionen
1574 694 197 40 föreslagna

279 735 367 42 lantarbetstidslagen
672 740 112 30 skulle
812 741 324 32 veckoarbetstiden
1163 744 54 30 för
1244 746 216 30 utearbetare
1487 747 48 29 bli
1562 747 41 30 45
1630 747 142 30 timmar

279 789 111 29 under
408 789 96 30 tiden
522 792 387 32 november—februari
927 796 63 29 och
1010 796 41 30 50
1071 796 142 30 timmar
1231 798 111 30 under
1361 799 95 29 tiden
1488 809 114 20 mars—
1617 785 154 55 oktober.

278 841 68 30 För
371 843 157 30 arbetare
553 845 79 29 med
656 845 144 31 blandat
826 847 115 31 arbete
968 849 113 30 skulle
1107 850 322 31 veckoarbetstiden
1454 853 111 29 under
1591 853 96 30 tiden
1713 863 60 20 no-

278 893 341 34 vember—februari
636 899 47 29 bli
699 899 103 39 högst
818 900 40 30 47
876 901 153 30 timmar.
1048 903 12 28 I
1079 903 219 31 motionerna
1315 905 28 29 I:
1360 904 61 31 347
1439 906 65 29 och
1522 906 46 29 II:
1585 906 63 30 506
1665 906 107 39 yrkas

278 947 117 40 avslag
414 949 45 39 på
479 950 42 29 de
542 950 197 41 föreslagna
761 953 236 40 ändringarna
1018 956 222 30 beträffande
1260 958 334 30 veckoarbetstiden.
1616 959 13 29 I
1649 959 124 30 motio-

278 1009 68 20 nen
367 1001 44 30 II:
428 1002 39 29 31
492 1003 130 30 uttalas
644 1006 191 38 sympatier
856 1007 54 29 för
931 1017 43 20 en
996 1008 111 30 sådan
1128 1009 200 41 utjämning
1349 1020 41 20 av
1411 1012 225 34 arbetstiden,
1658 1014 50 28 att
1728 1021 44 21 en

277 1054 152 40 enhetlig
454 1056 225 31 arbetsvecka
704 1068 42 20 av
771 1059 42 30 48
837 1060 142 30 timmar
1004 1061 75 30 året
1103 1065 83 27 runt
1211 1063 159 31 erhålles.

321 1107 93 30 Från
438 1108 289 33 lantarbetarhåll
752 1112 66 30 har
844 1114 175 39 uttryckts
1045 1115 181 30 önskemål
1253 1126 57 20 om
1336 1126 43 20 en
1405 1117 201 40 utjämning
1632 1127 42 20 av
1699 1118 73 30 års-

277 1160 232 31 arbetstidens
538 1162 198 42 fördelning
762 1166 46 39 på
836 1174 168 22 sommar-
1032 1169 64 28 och
1125 1168 281 31 vinterhalvåret.
1436 1170 117 39 Enligt
1582 1171 189 30 utskottets

278 1213 140 40 mening
442 1215 71 29 tala
541 1217 118 29 starka
687 1218 76 29 skäl
790 1218 54 30 för
871 1229 43 20 en
940 1220 110 30 sådan
1077 1221 210 40 utjämning.
1314 1223 68 30 För
1408 1225 50 28 att
1483 1223 46 39 på
1555 1223 119 40 längre
1702 1224 69 30 sikt

276 1266 121 30 kunna
421 1268 128 30 bevara
574 1270 259 31 arbetskraften
857 1272 57 30 vid
937 1273 210 38 jordbruket
1171 1275 97 29 torde
1293 1276 57 29 det
1374 1285 81 20 vara
1482 1276 214 40 nödvändigt
1720 1279 51 27 att

276 1319 156 40 anknyta
454 1321 409 42 arbetstidsregleringen
883 1325 45 39 på
949 1325 228 39 jordbrukets
1199 1328 142 30 område
1365 1329 37 29 så
1425 1330 85 28 nära
1535 1338 75 20 som
1633 1330 138 39 möjligt

276 1372 52 29 till
355 1373 67 29 den
448 1374 180 31 allmänna
656 1377 417 41 arbetstidsregleringen.
1102 1380 121 30 Såsom
1250 1381 387 39 departementschefen
1664 1383 108 29 fram-

275 1425 111 35 hållit,
413 1427 98 30 torde
539 1428 58 30 det
624 1429 193 31 emellertid
845 1430 213 32 åtminstone
1086 1433 72 29 tills
1184 1434 117 29 vidare
1329 1444 82 20 vara
1439 1434 253 40 ofrånkomligt
1720 1437 50 28 att

275 1478 173 31 bibehålla
470 1490 44 20 en
537 1481 71 30 viss
631 1483 196 38 spännvidd
849 1484 127 30 mellan
1001 1494 168 21 sommar-
1190 1487 65 29 och
1277 1487 294 30 vinterarbetstid.
1594 1489 176 29 Utskottet

276 1531 117 30 finner
418 1533 68 29 den
513 1534 10 28 i
551 1536 263 38 propositionen
842 1536 198 41 föreslagna
1068 1539 433 40 arbetstidsfördelningen
1528 1541 159 40 lämpligt
1715 1551 55 20 av-

275 1585 99 39 vägd.

321 1639 115 39 Enligt
454 1640 68 30 den
541 1642 202 30 nuvarande
762 1643 291 40 arbetstidslagen
1072 1645 55 30 får
1145 1646 214 30 arbetstiden
1378 1647 54 29 för
1450 1647 225 39 djurskötare
1693 1647 77 30 icke

276 1692 170 39 överstiga
476 1693 61 30 100
563 1694 142 30 timmar
732 1696 55 29 för
812 1696 57 30 två
894 1697 126 30 veckor
1045 1698 11 29 i
1082 1698 99 39 följd.
1207 1699 12 29 I
1245 1699 264 40 propositionen
1535 1700 157 34 föreslås,
1719 1702 50 28 att

274 1744 115 30 denna
410 1746 169 30 arbetstid
600 1747 157 31 minskas
778 1749 52 29 till
852 1750 41 29 96
913 1749 153 31 timmar.
1087 1750 188 31 Önskemål
1297 1752 10 29 i
1329 1762 133 20 samma
1484 1753 158 39 riktning
1663 1754 107 29 fram-

276 1797 93 30 föres
389 1798 11 29 i
421 1799 180 30 motionen
623 1800 44 30 II:
684 1801 51 30 31.
759 1802 12 28 I
794 1802 218 31 motionerna
1036 1804 29 30 I:
1081 1804 62 29 347
1164 1805 65 29 och
1250 1805 45 29 II:
1311 1805 64 30 506
1395 1806 107 39 yrkas
1523 1806 118 39 avslag
1661 1806 45 40 på
1727 1807 42 29 de

276 1850 198 40 föreslagna
495 1853 248 40 ändringarna.
766 1854 395 40 Departementschefen
1181 1858 65 28 har
1268 1858 204 35 framhållit,
1495 1861 51 27 att
1566 1859 87 30 både
1675 1859 96 39 läng-

274 1903 68 29 den
364 1913 42 20 av
427 1905 68 30 den
518 1906 55 29 för
595 1906 224 39 djurskötare
843 1917 48 21 nu
914 1909 166 39 stadgade
1103 1910 212 30 arbetstiden
1337 1912 65 29 och
1425 1912 67 29 den
1514 1920 254 31 ogynnsamma

278 1956 266 41 förläggningen
571 1969 41 20 av
639 1961 214 29 arbetstiden
880 1962 70 29 tala
977 1962 54 30 för
1057 1965 51 28 att
1133 1964 321 30 veckoarbetstiden
1481 1965 210 38 nedbringas
1717 1965 53 29 till

277 2009 67 30 den
372 2010 53 29 för
452 2012 159 29 arbetare
637 2013 11 28 i
675 2013 193 30 allmänhet
895 2015 160 38 gällande
1083 2016 364 31 48-timmarsveckan.
1475 2018 204 29 Emellertid
1706 2018 64 29 har

277 2062 387 40 departementschefen
683 2066 80 29 med
784 2067 138 39 hänsyn
942 2068 51 29 till
1014 2069 431 40 ersättartjänstgöringen
1466 2072 114 28 ansett
1602 2073 50 27 att
1673 2071 98 39 djur-

278 2115 185 31 skötarnas
489 2117 169 30 arbetstid
684 2119 154 39 alltjämt
862 2120 62 29 bör
948 2121 176 30 beräknas
1150 2122 53 29 för
1229 2122 337 40 tvåveckorsperiod.
1594 2124 177 30 Utskottet

277 2167 116 31 finner
419 2169 45 39 på
489 2170 43 29 de
559 2179 42 21 av
626 2171 386 39 departementschefen
1039 2174 149 30 anförda
1215 2175 121 30 skälen
1362 2176 141 39 rimligt,
1530 2179 51 27 att
1606 2177 164 39 djurskö-

276 2222 120 29 tarnas
418 2222 170 30 arbetstid
614 2223 177 31 förkortas
815 2225 44 39 på
885 2227 67 28 sätt
975 2226 11 29 i
1010 2227 262 39 propositionen
1297 2228 207 39 föreslagits.

317 2274 41 39 Ej
381 2274 109 31 heller
512 2275 10 30 i
543 2276 111 39 övrigt
675 2277 64 29 har
759 2278 171 30 utskottet
953 2279 118 30 funnit
1094 2280 188 39 anledning
1303 2281 51 29 till
1377 2281 141 30 erinran
1541 2285 73 27 mot
1635 2283 56 30 det
1713 2290 55 31 ge-

273 2335 82 21 nom
381 2329 265 39 propositionen
672 2330 196 40 framlagda
895 2331 235 41 lagförslaget,
1156 2334 64 29 och
1248 2334 170 30 utskottet
1445 2335 55 30 får
1525 2336 122 29 därför
1671 2336 97 29 hem-

273 2380 112 34 ställa,
