1878 2814
470 165 119 30 Andra
615 165 247 39 lagutskottets
889 165 180 30 utlåtande
1095 175 42 19 nr
1161 166 51 29 31.
1570 165 20 29 3

301 245 183 34 (Gällande
512 245 90 40 lag:)

91 317 111 29 under
235 317 119 39 längre
386 317 61 34 tid,
479 318 112 28 raster
624 316 188 33 oräknade,

90 371 45 28 än
169 370 55 30 för
257 371 92 39 dygn
385 370 38 30 10
457 370 143 30 timmar
635 372 90 27 samt
756 369 56 29 för

91 423 225 31 arbetsvecka

140 476 111 30 under
280 476 154 40 januari,
465 476 159 40 februari
657 476 64 29 och
755 475 57 30 de-

91 529 137 30 cember
254 530 41 30 43
323 530 151 36 timmar,

136 583 111 30 under
274 592 106 27 mars,
407 583 146 30 oktober
580 583 64 30 och
674 591 140 22 novem-

91 636 60 29 ber
173 636 42 30 48
241 636 142 30 timmar
407 638 93 28 samt

136 689 111 30 under
280 690 93 29 tiden
406 689 333 39 april—september
771 688 43 30 52

92 741 151 31 timmar.

134 796 94 30 Från
254 797 67 29 vad
351 796 149 30 sålunda
529 796 156 39 stadgats
715 795 98 30 skola

91 849 91 39 gälla
207 849 158 39 följande
391 849 196 39 undantag:

135 902 36 34 a)
201 903 68 29 För
290 902 98 40 varje
411 902 254 40 brukningsdel
690 902 57 30 må
770 910 43 21 en

92 956 168 34 arbetare,
291 965 75 21 som
394 956 12 29 i
435 955 91 40 regel
553 955 179 30 användes
761 954 52 31 till

92 1009 95 29 såväl
215 1009 217 39 djurskötsel
460 1018 76 21 som
562 1010 109 28 annat
697 1008 117 30 arbete

97 1060 253 34 (arbetare
378 1062 104 30 med
511 1061 210 31 blandat
750 1068 66 22 ar-

95 1115 141 36 bete),
266 1115 179 30 användas
475 1115 53 30 till
558 1115 117 30 arbete
705 1114 111 30 under

92 1168 152 38 januari,
260 1169 157 39 februari
433 1169 64 29 och
515 1167 182 31 december
712 1167 104 38 högst

93 1221 42 30 45
158 1221 141 30 timmar
317 1222 57 40 för
393 1221 226 31 arbetsvecka
639 1223 93 28 samt
753 1229 63 21 un-

93 1275 62 29 der
193 1285 105 27 mars,
338 1275 145 30 oktober
523 1276 64 29 och
627 1275 189 29 november

92 1327 103 39 högst
216 1329 42 29 50
279 1329 141 29 timmar
439 1328 57 39 för
515 1327 237 31 arbetsvecka.

136 1382 74 29 Vad
234 1391 48 20 nu
309 1384 93 37 sagts
428 1382 88 39 gälle
543 1382 65 30 ock
633 1381 77 35 den,
739 1390 75 20 som

93 1435 147 29 ersätter
275 1435 157 29 arbetare
467 1435 78 29 med
580 1435 145 29 blandat
760 1443 54 20 ar-

91 1487 76 30 bete
195 1488 111 29 under
333 1488 161 39 ledighet.

136 1540 38 34 b)
203 1541 68 29 För
304 1541 168 33 arbetare,
507 1549 74 21 som
612 1540 203 30 huvudsak-

91 1593 92 40 ligen
244 1594 177 29 användes
483 1593 52 30 till
596 1592 218 40 djurskötsel

97 1646 387 40 (djurskötare),
502 1649 91 28 samt
609 1647 55 30 för
680 1647 134 30 arbeta-

94 1708 46 25 re,
162 1709 75 20 som
257 1700 111 30 under
388 1700 109 29 minst
517 1709 44 20 en
580 1700 109 30 vecka
708 1700 108 29 ersät-

94 1754 52 28 ter
167 1753 235 39 djurskötare,
424 1753 59 30 må
504 1753 214 30 arbetstiden
739 1752 77 30 icke

92 1806 172 39 överstiga
291 1806 55 30 för
373 1807 93 39 dygn
493 1806 58 30 nio
579 1806 143 29 timmar
749 1805 65 30 och

91 1858 56 30 för
186 1859 57 29 två
284 1859 245 30 arbetsveckor
569 1860 12 28 i
619 1859 90 39 följd
752 1859 62 29 100

90 1911 153 30 timmar.

134 1968 69 29 För
225 1970 50 27 att
299 1969 129 29 ersätta
452 1968 226 39 djurskötare
704 1968 111 29 under

91 2021 140 30 kortare
260 2021 49 30 tid
335 2022 44 29 än
408 2031 41 20 en
479 2021 106 30 vecka
611 2021 57 30 må
695 2030 118 20 annan

91 2074 157 30 arbetare
287 2074 180 30 användas
507 2074 53 30 till
597 2074 218 40 djurskötsel

92 2126 121 30 utöver
233 2127 66 30 den
321 2128 9 29 i
349 2127 112 39 första
484 2128 136 38 stycket
640 2127 57 39 för
717 2127 98 29 okto-

91 2178 200 31 ber—mars
313 2180 150 39 angivna
488 2180 93 30 tiden
604 2180 57 39 för
683 2180 132 29 arbets-

92 2232 116 30 vecka.
250 2233 75 29 Den
357 2232 265 40 sammanlagda
654 2233 161 29 arbetsti-

90 2284 67 30 den
191 2284 57 39 för
281 2285 236 36 arbetsvecka,
552 2285 174 30 varunder
760 2285 55 29 så-

90 2337 69 30 dan
202 2338 158 29 arbetare
405 2338 179 29 användes
629 2338 86 29 även
763 2337 52 29 till

91 2390 227 40 djurskötsel,
382 2391 58 29 må
506 2390 130 30 varken
703 2390 112 30 under

91 2444 154 30 nämnda
271 2443 168 30 månader
462 2443 84 30 eller
571 2443 111 29 under
706 2443 74 30 året
804 2443 11 28 i

92 2497 110 38 övrigt
229 2497 172 38 överstiga
429 2497 42 29 50
500 2496 152 30 timmar.

987 245 143 40 (Kungl.
1158 245 123 39 Maj:ts
1307 244 166 40 förslag:)

867 317 60 29 der
955 317 119 39 längre
1103 316 60 34 tid,
1189 318 111 28 raster
1327 316 188 33 oräknade,
1544 316 45 28 än

867 369 55 30 för
940 370 93 40 dygn
1055 369 38 30 10
1114 370 141 29 timmar
1275 371 90 28 samt
1383 369 55 30 för
1457 368 132 31 arbets-

869 423 108 29 vecka
997 423 112 30 under
1129 423 92 30 tiden
1241 421 352 39 november—febru-

870 477 53 29 ari
942 477 42 29 45
1005 477 141 29 timmar
1166 477 63 29 och
1251 476 111 30 under
1382 476 93 30 tiden
1495 484 97 21 mars

870 530 190 30 —oktober
1085 530 41 30 50
1152 530 151 30 timmar.

912 797 94 30 Från
1034 798 66 29 vad
1130 797 148 30 sålunda
1307 797 155 39 stadgats
1492 796 99 31 skola

869 850 90 40 gälla
984 850 158 39 följande
1169 851 194 38 undantag:

912 904 36 33 a)
978 905 68 29 För
1069 904 97 39 varje
1190 904 251 39 brukningsdel
1467 903 57 31 må
1547 911 43 21 en

868 957 168 34 arbetare,
1068 966 75 21 som
1170 957 11 29 i
1208 957 91 39 regel
1330 957 177 30 användes
1536 955 54 31 till

870 1010 94 30 såväl
992 1010 216 39 djurskötsel
1237 1019 75 21 som
1339 1012 108 28 annat
1474 1009 117 30 arbete

874 1062 254 34 (arbetare
1157 1063 102 30 med
1289 1063 209 30 blandat
1527 1070 65 22 ar-

871 1117 141 36 bete),
1061 1117 110 30 under
1220 1116 92 30 tiden
1360 1117 233 29 november—

870 1170 157 39 februari
1056 1170 179 30 användas
1263 1170 53 30 till
1345 1170 116 30 arbete
1489 1169 103 39 högst

870 1224 40 29 47
937 1223 142 30 timmar
1101 1223 56 38 för
1180 1222 235 31 arbetsvecka.

915 1384 74 29 Vad
1014 1393 48 20 nu
1090 1386 92 37 sagts
1207 1384 88 39 gälle
1320 1384 64 29 ock
1410 1384 78 34 den,
1514 1392 75 21 som

868 1437 148 29 ersätter
1051 1437 157 29 arbetare
1244 1437 77 29 med
1358 1436 143 30 blandat
1538 1445 54 20 ar-

867 1490 76 29 bete
967 1490 112 29 under
1102 1489 160 40 ledighet.

911 1542 38 33 b)
979 1543 68 29 För
1071 1543 168 34 arbetare,
1265 1552 74 20 som
1363 1541 229 31 huvudsakli-

870 1603 64 32 gen
946 1596 178 30 användes
1136 1596 51 29 till
1199 1596 215 39 djurskötsel
1443 1595 69 40 (dj
1526 1604 67 21 ur-

870 1649 240 36 skötare),
1135 1652 90 27 samt
1247 1649 55 30 för
1325 1650 167 33 arbetare,
1516 1657 76 21 som

871 1703 111 29 under
1004 1703 109 29 minst
1134 1712 43 20 en
1198 1703 107 29 vecka
1326 1704 147 28 ersätter
1494 1702 99 40 djur-

870 1756 150 34 skötare,
1053 1756 58 29 må
1143 1756 213 30 arbetstiden
1387 1756 76 29 icke
1496 1757 96 29 över-

869 1809 88 39 stiga
985 1809 56 30 för
1068 1809 92 40 dygn
1189 1809 58 30 nio
1274 1809 142 30 timmar
1443 1810 66 29 och
1535 1809 56 29 för

868 1862 57 29 två
950 1862 245 29 arbetsveckor
1219 1862 11 29 i
1255 1862 89 39 följd
1370 1863 41 28 96
1436 1861 154 30 timmar.

911 1968 70 29 För
1010 1968 170 36 arbetare,
1211 1977 74 20 som
1315 1968 147 29 ersätter
1492 1967 99 40 djur-

867 2021 141 29 skötare
1047 2021 111 29 under
1195 2021 140 29 kortare
1376 2021 50 29 tid
1464 2021 45 29 än
1547 2029 42 21 en

869 2073 116 37 vecka,
1015 2074 58 29 må
1105 2074 213 29 arbetstiden
1351 2073 112 30 under
1495 2073 94 30 tiden

867 2127 391 39 november—februari
1298 2127 199 30 utsträckas
1539 2126 52 30 till

868 2180 41 29 48
938 2180 143 29 timmar
1107 2180 56 39 för
1190 2179 235 30 arbetsvecka.
