1856 2774
398 154 405 37 Bevillningsutskottets
821 153 220 31 betänkande
1058 161 42 21 nr
1117 154 20 29 6
1153 152 40 31 år
1212 152 82 30 1964
1568 150 19 30 3

104 253 83 20 vara
211 245 50 28 att
284 243 300 38 sysselsättnings-
608 243 63 30 och
695 241 459 38 försörjningsmöjligheter
1178 241 69 29 inte
1270 240 118 37 längre
1411 238 72 31 står
1505 239 82 36 öpp-

106 307 43 20 na
169 297 43 37 på
233 298 65 30 den
318 298 115 37 gamla
453 297 254 30 bostadsorten.
726 295 283 37 Förflyttningen
1029 295 69 30 kan
1118 293 104 31 också
1240 302 83 21 vara
1343 292 183 31 föranledd
1546 301 41 21 av

104 351 188 31 befordran
316 352 81 29 eller
421 351 10 29 i
454 350 113 38 övrigt
589 350 153 30 ändrade
765 349 244 30 förhållanden
1032 348 56 30 för
1109 347 258 31 vederbörande
1388 347 10 29 i
1420 346 167 37 tjänsten.

106 405 136 30 Sådana
270 405 207 37 flyttningar
504 404 11 30 i
542 403 241 31 kombination
809 403 79 30 med
914 400 402 40 egnahemsförsäljning
1343 401 38 30 är
1406 399 183 37 naturligt-

105 459 52 30 vis
179 459 142 30 särskilt
341 458 138 38 vanliga
501 458 10 30 i
534 457 165 31 områden
721 457 63 30 där
804 466 81 20 man
906 457 66 29 har
991 456 87 32 brist
1099 455 44 38 på
1165 452 423 40 sysselsättningsmöjlig-

106 513 106 31 heter.

151 567 12 28 I
182 566 130 30 sådana
332 566 60 31 fall
412 575 74 21 som
503 566 66 29 här
586 565 148 38 angivits
752 565 38 30 är
807 562 445 39 egnahemsförsäljningen
1270 564 51 29 att
1336 561 161 31 betrakta
1515 569 72 22 som

107 629 41 22 en
182 620 259 37 nödvändighet
475 619 55 30 för
561 618 268 31 vederbörande.
861 617 210 30 Nuvarande
1103 615 355 38 beskattningsregler
1490 614 101 37 utgör

108 674 190 30 emellertid
317 673 73 30 ofta
408 674 48 29 ett
473 673 195 37 betydande
685 671 124 30 hinder
827 671 54 30 för
898 670 256 38 försäljningen
1172 671 64 29 och
1253 669 143 30 därmed
1413 668 106 30 också
1536 668 54 29 för

108 727 221 38 flyttningen.
355 727 47 30 På
427 727 113 36 grund
567 735 41 21 av
632 724 519 39 penningvärdeförsämringen
1175 723 67 30 blir
1266 721 325 38 försäljningssum-

109 790 82 21 man
212 781 10 30 i
244 781 89 37 regel
354 780 106 38 högre
482 781 44 29 än
549 780 56 30 det
625 780 124 36 belopp
771 787 74 22 som
866 779 134 30 erlades
1021 778 56 29 vid
1099 777 174 31 förvärvet
1293 776 146 37 tidigare
1460 785 41 20 av
1522 775 69 29 fas-

108 835 163 37 tigheten.
294 835 12 28 I
328 834 167 30 händelse
517 843 41 20 av
579 832 314 31 realisationsvinst
914 832 115 37 lägges
1050 832 203 29 densamma
1274 829 136 38 ovanpå
1429 828 163 31 vederbö-

107 889 125 30 randes
250 888 158 30 normala
427 887 166 35 inkomst,
611 886 119 31 varvid
750 887 56 30 det
825 885 108 31 oftast
951 885 67 30 blir
1036 885 98 37 fråga
1154 893 55 21 om
1230 893 41 21 en
1291 884 139 37 mycket
1448 883 143 36 betung-

108 943 87 29 ande
217 941 319 37 skatteskärpning.
559 940 66 30 Om
647 939 257 31 vederbörande
926 939 44 37 på
993 939 65 29 den
1081 947 68 28 nya
1172 937 214 30 arbetsorten
1410 936 181 30 förvärvar

111 997 48 29 ett
179 997 76 36 nytt
276 995 167 38 egnahem
464 994 52 30 till
536 994 134 34 bostad,
691 993 110 30 måste
819 992 71 30 han
910 991 55 30 för
985 992 93 30 detta
1097 991 137 38 erlägga
1253 992 49 28 ett
1320 990 72 37 pris
1413 998 74 21 som
1507 998 85 28 upp-

110 1049 60 38 går
192 1049 51 30 till
266 1049 83 30 eller
370 1048 134 30 kanske
526 1047 108 30 oftast
655 1046 187 37 överstiger
864 1046 56 29 det
942 1054 74 21 som
1037 1044 71 32 han
1129 1043 107 32 erhöll
1258 1044 57 29 vid
1336 1042 256 38 försäljningen

111 1113 40 20 av
167 1104 56 30 det
238 1102 124 38 gamla,

155 1157 12 29 I
190 1157 65 29 den
275 1155 82 31 mån
379 1156 66 29 den
466 1155 73 30 s.k.
560 1153 359 31 realisationsvinsten
940 1161 120 22 svarar
1079 1153 73 29 mot
1172 1150 170 31 inträffad
1362 1150 231 38 penningvär-

112 1210 254 37 deförsämring
385 1209 64 29 har
469 1208 114 38 någon
603 1207 132 38 verklig
753 1206 93 31 vinst
863 1206 73 30 inte
956 1205 169 38 uppstått.
1145 1205 12 29 I
1177 1204 191 32 allmänhet
1387 1204 96 30 torde
1502 1204 91 30 vins-

111 1266 56 28 ten
188 1264 56 29 vid
266 1261 441 40 egnahemsförsäljningar
726 1269 84 21 vara
830 1260 221 30 uteslutande
1071 1268 41 21 av
1131 1259 93 30 detta
1244 1258 83 37 slag.
1348 1257 246 31 Realisations-

110 1317 363 37 vinstbeskattningen
498 1315 149 30 drabbar
672 1314 147 30 sålunda
842 1323 42 20 en
909 1313 104 30 fiktiv
1035 1313 103 29 vinst.
1162 1312 67 30 För
1253 1313 65 29 den
1342 1311 253 37 skattskyldige

112 1372 68 29 kan
204 1371 145 29 härmed
373 1370 87 36 följa
483 1368 195 37 betydande
702 1367 227 31 ekonomiska
953 1365 223 38 svårigheter.
1199 1366 108 31 Dessa
1329 1364 160 37 orimliga
1511 1365 84 29 kon-

113 1425 184 30 sekvenser
318 1423 72 30 står
409 1422 145 38 givetvis
574 1421 71 30 inte
665 1421 9 30 i
696 1420 346 31 överensstämmelse
1062 1420 76 29 med
1159 1418 62 31 vår
1240 1418 354 37 skattelagstiftnings

113 1479 100 36 syfte.

157 1533 48 28 De
226 1531 80 30 från
328 1529 324 37 rättvisesynpunkt
673 1528 160 30 stötande
853 1527 305 30 konsekvenserna
1180 1535 40 21 av
1239 1525 268 37 beskattningen
1527 1524 69 38 gäl-

112 1587 48 29 ler
177 1584 143 39 givetvis
338 1584 45 30 all
400 1584 94 30 vinst
512 1592 74 21 som
604 1582 71 30 inte
693 1583 39 29 är
749 1581 80 30 reell
848 1582 86 29 utan
952 1581 123 30 endast
1093 1589 42 21 en
1155 1579 88 37 följd
1262 1589 41 21 av
1320 1579 274 37 penningvärde-

114 1638 266 36 försämringen.
402 1636 196 30 Problemet
617 1636 64 29 har
701 1634 192 31 emellertid
913 1634 90 30 varit
1023 1632 143 31 särskilt
1186 1631 262 32 framträdande
1467 1632 57 29 vid
1544 1639 52 29 eg-

113 1691 412 37 nahemsförsäljningar,
550 1689 118 30 varför
693 1698 42 21 en
760 1687 325 31 tillfredsställande
1110 1686 136 38 lösning
1269 1686 44 37 på
1338 1686 93 30 detta
1457 1684 140 31 område

115 1755 100 28 synes
232 1745 259 30 motionärerna
507 1744 10 29 i
533 1743 111 31 första
659 1743 94 29 hand
768 1742 84 30 böra
867 1741 236 31 eftersträvas.

158 1800 65 30 Det
244 1800 38 29 är
304 1798 107 37 enligt
430 1797 261 30 motionärerna
711 1796 139 36 mycket
871 1795 95 31 svårt
986 1795 51 30 att
1058 1794 99 30 finna
1178 1795 48 29 ett
1247 1795 129 36 system
1396 1793 199 38 varigenom

115 1863 41 20 av
181 1852 207 30 inflationen
412 1850 172 31 beroende
608 1849 124 30 fiktiva
755 1849 132 30 vinster
911 1847 113 31 skulle
1048 1848 119 29 kunna
1191 1847 164 37 generellt
1378 1846 220 37 undantagas

116 1906 78 31 från
215 1905 233 36 beskattning.
468 1904 109 29 Dessa
598 1902 212 37 svårigheter
829 1910 102 28 synes
950 1901 260 30 motionärerna
1229 1900 87 29 dock
1336 1900 71 29 inte
1424 1908 84 21 vara
1527 1900 71 29 sär-

116 1960 82 30 skilt
226 1958 263 30 framträdande
515 1956 56 30 för
597 1953 603 38 realisationsvinstbeskattningens
1226 1952 281 31 vidkommande.
1535 1953 63 29 Det

115 2014 62 29 bör
201 2011 175 38 nämligen
400 2019 82 21 vara
507 2009 137 38 möjligt
668 2010 51 29 att
742 2009 155 36 anknyta
920 2007 238 38 beräkningen
1182 2016 42 20 av
1248 2007 64 30 den
1337 2005 261 38 skattepliktiga

116 2065 358 32 realisationsvinsten
494 2064 51 30 till
565 2063 101 30 index
685 2063 64 29 och
768 2062 147 30 sålunda
936 2061 109 31 räkna
1064 2070 70 28 upp
1153 2059 445 39 anskaffningskostnaden

117 2121 50 29 till
193 2128 133 21 samma
349 2117 260 38 penningvärde
634 2125 73 21 som
732 2115 55 30 vid
813 2115 229 37 avyttringen.
1066 2115 118 29 Andra
1207 2114 146 36 utvägar
1375 2113 98 31 torde
1494 2111 105 31 också

117 2174 117 29 kunna
251 2172 198 36 övervägas.

777 2320 168 32 Utskottet

161 2388 12 28 I
193 2387 40 29 de
253 2383 228 32 förevarande
500 2382 217 30 motionerna
737 2381 105 37 yrkas
861 2380 187 36 utredning
1067 2389 56 20 om
1144 2378 223 31 skattefrihet
1387 2378 54 30 för
1462 2377 138 31 realisa-

118 2439 185 30 tionsvinst
319 2437 57 30 vid
395 2435 212 38 försäljning
625 2444 40 21 av
683 2434 167 37 egnahem
869 2434 9 29 i
897 2433 169 30 samband
1085 2433 77 29 med
1182 2432 152 30 ändrade
1353 2430 247 30 arbetsförhål-

119 2492 136 34 landen,
277 2491 60 30 allt
365 2491 2 29 i
390 2490 64 29 den
477 2489 80 30 mån
580 2488 136 30 vinsten
739 2488 100 29 beror
859 2486 44 37 på
924 2484 485 40 penningvärdeförsämring.
1434 2484 166 30 Motionä-
