2206 2620
706 211 253 34 Statsutskottets
984 215 165 32 utlåtande
1172 217 52 31 Nr
1248 222 28 27 6.
1717 226 39 30 15

197 288 140 49 platser
364 290 12 36 i
405 290 45 37 de
479 294 249 38 norrländska
755 296 129 47 länen;
916 299 71 36 och
1015 304 41 32 är
1082 301 186 38 utskottet
1296 304 256 51 öfvertygadt,
1581 314 56 31 att
1651 310 144 50 Kungl.

197 340 106 49 Maj:t
344 342 65 36 vid
450 343 261 41 fastställande
753 348 41 36 af
827 349 423 54 distriktsindelningen
1278 356 83 37 icke
1390 357 99 38 lärer
1517 360 196 39 underlåta
1740 368 57 32 att

195 395 48 46 på
278 406 50 23 nu
366 395 174 48 angifvet
569 403 76 31 sätt
673 399 12 35 i
714 404 141 33 största
883 403 158 49 möjliga
1070 408 87 34 mån
1184 407 205 48 tillgodose
1420 411 142 37 sådana
1590 419 123 31 orters
1741 415 54 36 in-

195 454 160 39 tressen,
397 447 129 38 hvilka
567 449 57 37 till
661 451 95 48 följd
784 454 43 35 af
852 454 179 38 särskildt
1057 456 111 50 långt
1196 459 152 37 afstånd
1375 461 56 37 till
1459 465 335 46 provinsialläkar-

196 497 137 36 station
376 498 128 38 kunna
544 501 152 38 komma
737 509 55 31 att
829 504 118 39 blifva
974 507 11 35 i
1015 508 121 37 behof
1160 510 42 36 af
1226 511 73 37 den
1326 512 145 38 lättnad
1500 516 12 35 i
1540 516 253 40 förevarande

195 549 192 47 afseende,
417 564 82 24 som
528 553 140 37 sådana
696 555 395 53 läkarmottagningar
1119 561 121 38 skulle
1268 563 191 39 innebära.

298 601 190 50 Slutligen
525 605 68 36 har
630 607 188 37 utskottet
845 609 12 36 i
886 610 103 37 detta
1019 614 275 50 sammanhang
1321 617 102 37 velat
1451 619 199 39 framhålla
1678 623 114 36 önsk-

192 653 210 38 värdheten
439 657 49 46 af,
531 662 55 31 att
627 658 63 36 vid
731 659 266 52 indelningens
1040 664 264 40 fastställande
1347 670 123 36 såvidt
1503 672 151 50 möjligt
1682 679 110 44 tages

192 705 147 50 hänsyn
380 706 57 37 till
479 708 46 37 de
567 711 238 48 svårigheter
832 713 12 36 i
873 716 108 47 fråga
1022 729 61 23 om
1125 718 217 39 erhållande
1383 722 42 36 af
1453 723 225 51 läkarhjälp,
1709 740 81 23 som

191 757 496 53 skärgårdsbefolkningen,
716 764 58 35 till
802 764 95 49 följd
926 767 40 35 af
991 767 46 37 de
1067 770 180 37 särskildt
1262 773 120 36 under
1401 774 104 37 vissa
1529 775 105 38 delar
1653 778 41 36 af
1710 781 80 35 året

192 809 164 37 rådande
380 823 276 37 ogynnsamma
685 815 653 54 kommunikationsförhållandena,
1368 825 67 37 har
1462 832 56 31 att
1547 824 196 59 bekämpa.

292 912 149 38 Genom
483 915 74 37 den
601 916 219 52 föreslagna
848 920 195 50 ökningen
1073 925 42 35 af
1138 926 143 37 antalet
1309 930 480 50 provinsialläkartjänster
1808 951 77 23 nrstra
1909 953 101 28 provin-

188 963 120 37 skulle
351 966 184 48 gifvetvis
583 969 64 36 det
689 971 250 50 erforderliga
981 976 143 36 antalet
1167 983 106 32 extra
1315 981 473 47 provinsialläkardistrikt
1826 987 161 23 aläkarna.

191 1016 122 36 kunna
340 1017 13 36 i
381 1018 176 38 afsevärd
599 1024 88 33 mån
728 1023 243 50 nedbringas.
1026 1027 91 37 Helt
1160 1030 70 36 och
1272 1031 116 37 hållet
1420 1034 76 36 kan
1524 1035 110 48 dock,
1665 1038 123 49 enligt

187 1068 98 36 hvad
315 1069 222 38 kommittén
567 1072 10 36 i
608 1074 65 35 sitt
702 1074 239 39 betänkande
971 1079 138 46 anfört,
1139 1087 108 31 extra
1261 1084 525 48 provinsialläkarinstitutio-

186 1133 73 22 nen
288 1121 33 48 ej
352 1121 194 51 indragas,
575 1130 91 31 utan
695 1129 120 35 måste
844 1128 75 37 den
947 1130 208 39 bibehållas
1183 1134 64 36 vid
1275 1135 108 37 sidan
1412 1138 43 36 af
1469 1144 145 32 statens
1633 1144 152 46 provin-

185 1171 342 40 sialläkardistrikt.
583 1177 223 38 Emellertid
848 1180 69 37 har
958 1182 224 39 kommittén
1219 1186 234 40 beträffande
1482 1191 125 37 denna
1634 1194 151 37 institu-

184 1223 80 36 tion
292 1224 200 50 föreslagit
521 1241 48 22 en
598 1229 60 36 del
687 1230 280 51 förändringar,
988 1234 323 52 hufvudsakligen
1329 1241 150 47 gående
1502 1248 38 30 ut
1560 1244 81 36 dels
1661 1249 48 44 på
1730 1252 54 31 att

185 1274 348 53 distriktsbildning
560 1280 204 38 framdeles
793 1283 32 47 ej
857 1284 121 37 skulle
1006 1287 215 48 medgifvas
1250 1293 48 45 på
1327 1294 41 33 så
1394 1292 87 37 kort
1508 1294 55 37 tid
1592 1295 11 36 i
1632 1298 149 48 sänder,

184 1339 81 23 som
284 1341 50 22 nu
354 1333 41 31 är
415 1329 115 48 fallet,
553 1331 78 37 dels
652 1338 55 30 att
727 1335 365 50 ansökningsrätten
1107 1340 63 36 vid
1190 1341 228 51 nybildning
1437 1345 43 36 af
1491 1346 153 38 distrikt
1660 1349 122 37 skulle

182 1378 240 50 öfverflyttas
450 1382 83 36 från
562 1383 273 40 kommunerna
863 1391 48 45 på
939 1390 286 39 vederbörande
1253 1394 206 51 landsting,
1490 1404 97 30 samt
1615 1400 81 37 dels
1725 1407 56 32 att

182 1435 105 32 extra
324 1433 386 48 provinsialläkarnas
750 1438 233 51 tillsättning
1024 1443 70 36 och
1137 1444 269 50 entledigande
1450 1449 120 38 skulle
1607 1452 59 36 för
1707 1453 73 37 alla

181 1482 151 37 distrikt
373 1486 220 49 uppdragas
636 1491 38 33 åt
715 1491 395 51 medicinalstyrelsen
1152 1499 48 45 på
1241 1502 75 32 sätt
1344 1500 118 37 redan
1490 1506 92 45 äger
1609 1518 83 22 rum
1720 1506 59 36 för

181 1534 153 37 distrikt
362 1537 85 36 med
476 1540 234 49 statsbidrag
738 1555 46 23 m.
820 1556 47 23 m.
923 1544 111 38 Hvad
1064 1547 226 39 kommittén
1318 1550 11 36 i
1358 1551 103 37 detta
1481 1555 178 37 afseende
1679 1557 99 37 före-

180 1586 115 48 slagit
322 1588 70 36 har
419 1590 42 35 af
485 1590 423 49 departementschefen
936 1597 173 38 biträdts.

280 1638 82 37 Mot
390 1641 247 38 kommitténs
665 1645 156 49 förslag,
850 1653 55 30 att
923 1648 12 36 i
955 1649 107 48 fråga
1083 1664 61 22 om
1164 1651 233 41 tillsättande
1418 1657 70 35 och
1508 1659 268 49 entledigande

173 1689 193 47 jämställa
407 1693 176 49 samtliga
625 1701 106 31 extra
772 1699 379 49 provinsialläkarna,
1194 1717 89 23 vare
1313 1706 59 48 sig
1400 1707 204 38 distrikten
1634 1712 142 36 erhålla

178 1741 231 50 statsbidrag
438 1744 93 36 eller
560 1746 47 48 ej,
637 1747 113 37 hafva
778 1749 88 36 herr
895 1750 127 38 Ström
1052 1766 48 23 m.
1130 1754 35 35 fl.
1198 1755 9 35 i
1228 1755 246 40 förenämnda
1493 1762 145 36 motion
1658 1764 119 36 vändt

178 1792 70 48 sig,
277 1793 11 36 i
309 1793 65 36 det
394 1795 45 36 de
459 1796 211 50 föreslagit,
692 1804 55 31 att
766 1800 221 51 Riksdagen
1008 1805 88 36 ville
1117 1805 147 38 besluta
1284 1809 114 37 sådan
1419 1811 163 50 ändring
1601 1813 11 35 i
1632 1814 141 50 Kungl.

175 1844 127 48 Maj:ts
336 1846 144 50 förslag
507 1850 162 36 rörande
698 1851 254 39 tillsättandet
985 1856 42 35 af
1051 1862 107 31 extra
1185 1860 484 53 provinsialläkartjänster
1696 1867 12 35 i
1728 1868 46 36 de

176 1895 162 49 distrikt,
369 1911 80 24 som
479 1913 193 25 ensamma
703 1903 122 37 betala
854 1906 84 36 hela
967 1907 234 50 läkarlönen,
1230 1916 56 32 att
1314 1912 203 39 distrikten
1537 1916 236 39 fortfarande

175 1960 80 23 som
284 1948 135 37 hittills
449 1954 116 34 måtte
595 1954 36 36 få
659 1955 99 47 välja
786 1957 70 36 och
886 1957 157 39 tillsätta
1071 1961 141 37 läkare.

278 2000 74 36 Till
394 2003 84 35 stöd
523 2003 58 37 för
623 2005 123 37 denna
780 2008 285 51 framställning
1092 2013 114 36 hafva
1235 2016 280 38 motionärerna
1544 2019 128 38 anfört
1701 2021 71 37 föl-

167 2050 133 46 jande:

279 2102 33 35 »I
331 2103 142 49 Kungl.
494 2105 127 48 Maj:ts
641 2109 236 48 proposition
898 2111 56 36 till
974 2113 257 39 innevarande
1255 2117 167 49 Riksdag
1441 2133 60 22 om
1521 2123 249 37 statsverkets

172 2151 169 39 tillstånd
370 2155 69 36 och
468 2156 120 37 behof
612 2159 254 39 förekommer
893 2163 11 35 i
933 2163 112 48 sjätte
1074 2165 257 39 hufvudtiteln
1360 2170 120 37 under
1508 2173 122 47 punkt
1659 2176 13 34 9
1695 2175 75 36 för-

172 2204 84 48 slag
283 2204 56 37 till
368 2208 256 47 organisation
653 2212 42 34 af
718 2212 288 50 landsbygdens
1035 2216 126 37 hälso-
1190 2219 70 36 och
1290 2220 190 48 sjukvård.
1536 2224 17 35 I
1582 2238 187 24 samman-

171 2255 102 48 hang
301 2258 87 36 med
417 2259 70 36 den
518 2261 217 49 utredning,
765 2277 81 23 som
878 2265 216 51 Riksdagen
1123 2272 41 34 år
1196 2273 95 34 1903
1321 2271 180 50 begärde,
1531 2278 197 46 angående
1759 2280 7 34 i

171 2306 98 38 hvad
311 2313 86 32 mån
439 2311 72 37 den
542 2315 218 36 nuvarande
790 2315 248 52 indelningen
1067 2320 11 36 i
1107 2322 496 47 provinsialläkaredistrikt
1630 2329 11 35 i
1670 2329 97 38 riket
