1880 2768
445 167 124 30 Första
592 165 246 41 lagutskottets
863 164 179 31 utlåtande
1064 172 43 21 nr
1130 163 41 30 14
1193 163 41 30 år
1256 163 84 30 1962
1630 161 14 30 1

838 453 51 36 Nr
906 452 48 36 14

371 554 184 32 Utlåtande
585 554 12 30 i
623 552 190 41 anledning
842 562 42 21 av
912 551 127 40 Kungl.
1068 551 127 40 Maj:ts
1223 549 217 41 proposition
1470 548 179 41 angående

588 602 257 42 godkännande
878 611 43 21 av
953 600 215 32 konvention
1203 609 56 22 om
1294 599 197 40 utlämning
1521 598 129 30 mellan

590 654 140 40 Sverige
759 654 64 30 och
852 652 185 31 Amerikas
1066 652 150 30 Förenta
1245 651 125 30 Stater.

192 757 132 31 Genom
345 767 44 21 en
410 757 68 31 den
501 757 38 30 12
562 755 144 41 januari
730 755 82 31 1962
835 754 229 40 dagtecknad,
1088 753 52 31 till
1164 752 193 40 lagutskott
1379 751 171 31 hänvisad
1573 760 78 31 pro-

148 808 164 41 position,
335 817 43 21 nr
399 807 53 38 40,
474 806 118 32 vilken
613 806 209 31 behandlats
846 815 43 21 av
910 805 112 30 första
1043 804 241 40 lagutskottet,
1306 803 65 30 har
1393 802 127 40 Kungl.
1545 801 106 40 Maj:t

149 859 113 31 under
291 858 220 40 åberopande
540 867 41 21 av
610 857 264 40 propositionen
903 856 107 39 bilagt
1039 855 128 39 utdrag
1197 864 42 20 av
1269 852 383 41 statsrådsprotokollet

147 911 83 30 över
247 908 553 41 utrikesdepartementsärenden
829 906 180 40 föreslagit
1038 905 190 40 riksdagen
1257 907 50 28 att
1337 904 186 40 godkänna
1552 903 98 30 den
1621 899 31 54 i

149 960 237 40 Washington
410 959 68 30 den
503 958 41 31 24
569 957 145 32 oktober
743 957 80 31 1961
852 956 284 31 undertecknade
1160 954 260 31 konventionen
1445 963 56 21 om
1526 954 127 29 utläm-

151 1010 84 41 ning
254 1009 131 31 mellan
405 1009 137 40 Sverige
561 1009 65 30 och
645 1008 186 30 Amerikas
849 1007 151 31 Förenta
1021 1006 123 31 Stater.

535 1126 283 36 Propositionens
838 1124 256 36 huvudsakliga
1114 1124 152 29 innehåll

196 1212 14 30 I
232 1210 265 42 propositionen
519 1209 158 35 föreslås,
702 1211 51 29 att
776 1209 189 40 riksdagen
987 1208 204 40 godkänner
1214 1217 44 21 en
1280 1206 213 31 konvention
1519 1215 57 21 om
1601 1207 54 28 ut-

150 1262 159 41 lämning
325 1261 131 31 mellan
475 1260 136 39 Sverige
630 1260 67 31 och
715 1260 184 30 Amerikas
918 1259 150 31 Förenta
1088 1258 124 31 Stater.

812 1414 185 44 Inledning

198 1516 117 40 Lagen
339 1515 67 31 den
431 1514 19 31 6
474 1514 182 31 december
682 1513 81 31 1957
789 1523 57 21 om
871 1512 198 40 utlämning
1094 1512 55 31 för
1173 1512 93 30 brott
1297 1509 351 41 (utlämningslagen)

154 1566 149 31 innebar
327 1575 43 21 en
396 1564 207 41 ingripande
628 1564 192 40 omdaning
847 1564 65 30 och
939 1562 277 40 modernisering
1245 1572 41 20 av
1314 1562 66 30 den
1410 1561 146 39 tidigare
1585 1560 70 40 gäl-

155 1617 103 30 lande
282 1616 151 31 svenska
457 1614 494 41 utlämningslagstiftningen.
978 1613 121 31 Såsom
1125 1612 155 40 framgår
1306 1622 42 21 av
1371 1612 67 30 den
1463 1611 52 30 till
1541 1610 113 41 grund

155 1668 57 30 för
242 1666 319 40 utlämningslagen
593 1665 160 40 liggande
783 1664 262 41 propositionen
1080 1663 178 30 1957:156
1292 1662 168 40 frigjorde
1494 1662 50 39 sig
1578 1661 78 31 Sve-

152 1716 74 40 rige
247 1715 113 31 under
382 1714 222 32 förarbetena
626 1714 53 31 till
702 1714 68 30 den
792 1722 70 31 nya
883 1713 102 40 lagen
1008 1720 126 32 genom
1156 1712 221 40 uppsägning
1400 1711 81 30 från
1503 1711 42 30 de
1567 1710 88 30 allra

157 1768 104 30 flesta
286 1777 43 21 av
354 1767 77 31 sina
456 1767 146 39 tidigare
628 1765 160 41 gällande
814 1764 390 40 utlämningstraktater
1232 1764 78 29 med
1339 1762 221 31 främmande
1587 1764 67 28 sta-

153 1818 64 29 ter.
235 1816 69 31 Vid
321 1815 214 41 tidpunkten
553 1814 56 31 för
626 1814 299 31 ikraftträdandet
944 1822 43 21 av
1008 1813 81 30 1957
1111 1812 57 31 års
1187 1813 66 39 lag,
1273 1812 67 30 den
1362 1812 15 29 1
1397 1811 143 40 januari
1561 1810 95 35 1958,

155 1866 135 40 förelåg
313 1865 268 40 traktatmässig
605 1864 176 40 reglering
807 1873 43 21 av
876 1863 385 40 utlämningsväsendet
1288 1862 123 30 endast
1438 1861 79 30 med
1544 1862 112 38 Norge

160 1916 278 35 (konventionen
454 1916 66 30 den
536 1915 38 30 21
594 1914 155 31 februari
769 1914 94 34 1907,
881 1915 73 30 SFS
973 1913 98 30 1907:
1090 1913 72 34 13),
1179 1912 182 31 Danmark
1382 1911 276 34 (konventionen

157 1969 68 30 den
255 1968 37 30 17
319 1968 80 40 juni
431 1967 92 35 1913,
553 1965 50 32 Sö
635 1965 151 35 1913:5)
820 1968 90 28 samt
939 1965 150 30 Finland
1124 1964 275 34 (konventionen
1430 1964 66 29 den
1527 1962 40 30 29
1597 1972 59 20 no-

157 2019 142 30 vember
328 2017 93 35 1923,
451 2016 50 32 SÖ
531 2016 98 31 1924:
646 2015 52 36 2),
727 2016 172 40 varjämte
927 2024 124 31 genom
1080 2014 219 30 ministeriell
1329 2013 221 40 noteväxling
1578 2013 78 29 med

156 2067 141 40 Belgien
318 2068 68 30 den
407 2066 40 30 18
468 2066 65 30 och
552 2066 66 30 den
640 2065 41 30 22
703 2065 70 39 maj
800 2064 79 31 1951
905 2064 151 30 särskild
1077 2063 339 30 överenskommelse
1438 2062 141 31 träffats
1602 2071 55 20 om

159 2121 51 29 att
238 2118 261 31 konventionen
527 2118 78 29 med
635 2117 116 30 denna
779 2117 68 29 stat
877 2125 42 21 av
948 2115 67 30 den
1046 2114 41 30 26
1116 2115 88 39 april
1237 2114 83 30 1870
1356 2113 91 33 (SFS
1480 2113 173 31 1870:37)

160 2169 114 31 skulle
300 2169 92 39 gälla
418 2168 72 30 tills
515 2167 119 31 vidare
662 2167 78 30 med
769 2167 69 29 rätt
866 2166 56 30 för
947 2165 148 30 vardera
1122 2166 123 38 parten
1274 2167 51 27 att
1352 2165 79 29 med
1460 2164 198 29 omedelbar

155 2218 134 30 verkan
313 2217 158 39 uppsäga
494 2215 260 31 konventionen
779 2214 79 30 med
882 2213 118 31 därtill
1026 2213 156 30 hörande
1207 2212 230 30 deklaration.

204 2268 119 31 Under
343 2268 67 30 den
432 2267 51 30 tid
506 2276 74 21 som
603 2266 155 30 därefter
780 2265 153 30 förflutit
955 2265 65 29 har
1043 2264 137 39 Sverige
1203 2263 121 30 biträtt
1347 2264 66 29 den
1437 2264 10 29 i
1471 2264 98 29 Paris
1592 2263 65 30 den

162 2319 39 30 13
234 2317 183 31 december
450 2316 81 30 1957
565 2316 240 39 dagtecknade
836 2313 208 41 europeiska
1077 2313 476 39 utlämningskonventionen
1594 2312 65 40 (jfr

160 2377 99 31 prop.
290 2367 99 30 1958:
408 2366 94 34 139).
530 2364 267 32 Konventionen
826 2364 121 30 trädde
976 2365 11 29 i
1016 2363 97 30 kraft
1141 2364 66 30 den
1239 2363 39 30 18
1309 2362 87 40 april
1428 2362 93 35 1960,
1553 2364 104 29 sedan

160 2419 69 30 den
254 2417 214 31 ratificerats
494 2426 41 20 av
561 2416 148 39 Sverige,
736 2415 146 30 Turkiet
908 2414 65 30 och
1000 2414 122 38 Norge.
1149 2413 137 30 Jämväl
1314 2413 174 30 Grekland
1517 2413 65 30 har
1611 2422 49 21 se-

160 2469 161 30 dermera
346 2468 140 30 tillträtt
515 2466 114 30 denna
656 2465 225 31 konvention.
911 2464 131 30 Genom
1071 2463 279 31 konventionens
1380 2463 280 31 ikraftträdande

188 2534 15 27 1
240 2532 112 31 Bihang
371 2532 48 24 till
434 2530 169 31 riksdagens
621 2530 149 31 protokoll
789 2530 76 25 1962.
882 2530 15 25 9
915 2529 83 24 saml.
1014 2529 14 24 I
1047 2528 65 24 avd.
1130 2529 40 24 Nr
1191 2528 32 24 14
