2155 2655
335 274 20 31 2
792 274 262 33 Statsutskottets
1077 273 180 33 Memorial
1280 273 63 32 N:o
1367 275 55 30 28.

400 363 133 39 Under
563 363 280 50 förutsättning
874 364 42 37 af
940 363 108 38 bifall
1079 363 60 37 till
1168 362 100 38 hvad
1298 362 189 37 utskottet
1516 360 152 38 sålunda
1685 359 211 50 föreslagit,

290 416 228 38 hemställer
546 418 202 48 utskottet,

803 475 54 31 att
897 469 11 36 i
943 469 63 37 det
1047 482 76 36 nya
1157 468 251 49 reglemente,
1451 480 81 23 som
1561 466 61 37 vid
1651 466 123 36 denna
1801 465 95 37 riks-

698 523 76 48 dag
816 522 134 37 varder
992 522 59 36 för
1092 521 378 49 riksgäldskontoret
1511 519 202 48 utfärdadt,
1756 521 58 34 må
1840 518 55 36 in-

696 576 93 48 flyta
831 581 133 31 trenne
1006 574 225 50 paragrafer
1269 574 41 37 af
1342 573 195 38 enabanda
1564 572 144 50 lydelse
1739 585 81 23 som
1850 570 44 51 $$

701 631 58 45 18,
806 630 44 35 19
887 628 70 37 och
987 630 46 35 20
1062 628 13 36 i
1104 627 66 37 det
1199 627 60 37 för
1288 627 179 36 kontoret
1496 639 48 23 nu
1572 625 173 49 gällande
1774 624 122 49 regle-

696 686 141 31 mente.

400 785 191 49 Slutligen
612 785 231 42 hemställer
870 785 198 47 utskottet,

802 843 55 30 att
898 837 73 36 den
1015 835 219 49 förseglade
1278 834 226 48 anordning,
1543 847 79 23 som
1650 832 57 37 till
1737 831 93 50 följd
1859 831 41 37 af

699 889 117 37 ofvan
858 889 212 49 åberopade
1109 888 187 50 paragraf
1320 887 13 35 i
1362 886 349 49 regeringsformen
1739 884 70 37 bör
1836 884 60 37 för

699 943 64 36 det
793 948 121 31 större
943 942 205 36 kreditivet
1176 939 192 38 tillställas
1400 938 233 50 fullmägtige
1657 938 11 37 i
1688 937 209 49 riksgälds-

698 996 192 48 kontoret,
934 998 60 34 må
1033 994 11 37 i
1087 992 405 40 öfverensstämmelse
1516 992 86 38 med
1630 991 83 49 den,
1743 990 153 38 hvilken

697 1048 65 37 vid
806 1054 152 31 senaste
998 1048 161 48 riksdag
1202 1047 60 37 för
1300 1046 197 37 enahanda
1525 1045 169 37 ändamål
1723 1046 41 35 af
1788 1045 108 36 Riks-

700 1102 126 49 dagen
855 1100 236 50 godkändes,
1123 1100 142 36 erhålla
1296 1099 167 50 följande
1493 1099 159 49 lydelse:

898 1260 94 37 »Till
1020 1260 242 49 fullmägtige
1292 1259 10 36 i
1332 1258 380 50 riksgäldskontoret.

810 1365 124 37 Sedan
975 1365 221 49 Riksdagen
1239 1364 57 36 till
1340 1370 55 30 ett
1435 1364 138 49 belopp
1615 1363 39 37 af
1696 1365 201 46 3,000,000

701 1420 144 37 kronor
887 1418 166 38 faststält
1096 1418 76 38 den
1215 1431 157 34 summa,
1416 1430 80 25 som
1536 1416 118 50 enligt
1681 1415 217 51 regerings-

700 1474 172 35 formens
915 1473 47 35 63
1005 1471 20 50 $
1068 1472 98 36 skall
1207 1484 92 24 vara
1336 1470 57 37 till
1428 1470 235 49 utbetalning
1691 1470 83 36 från
1803 1470 95 37 riks-

700 1525 294 48 gäldskontoret
1021 1524 171 46 anvisad,
1223 1524 61 35 för
1313 1529 55 31 att
1396 1524 41 36 af
1462 1523 136 49 Kongl.
1628 1523 106 49 Maj:t
1758 1523 61 35 vid
1843 1523 54 36 in-

701 1577 167 38 fallande
897 1577 85 48 krig
1001 1576 134 50 lyftas;
1167 1579 41 34 så
1235 1576 130 49 varda,
1390 1576 11 36 1
1429 1576 102 36 kraft
1551 1575 41 37 af
1608 1575 161 37 nämnda
1791 1588 108 36 para-

701 1631 92 49 graf
831 1630 69 37 och
942 1630 53 36 till
1032 1630 94 48 följd
1158 1630 41 36 af
1224 1629 242 49 Riksdagens
1495 1629 134 47 beslut,
1657 1628 239 50 fullmägtige

699 1685 10 35 i
751 1682 376 51 riksgäldskontoret
1155 1681 236 38 härmedelst
1419 1681 285 50 förständigade
1735 1681 71 37 och
1834 1681 63 37 be-

702 1736 230 49 myndigade
974 1740 55 32 att
1070 1736 64 35 vid
1177 1736 65 35 det
1279 1735 11 36 i
1320 1748 143 23 samma
1491 1734 181 50 paragraf
1696 1735 201 35 förutsatta

702 1789 67 36 fall
812 1790 71 35 och
923 1789 119 36 under
1083 1788 204 36 derstädes
1331 1788 184 47 stadgade
1545 1787 182 37 förbehåll
1757 1787 139 36 omför-

703 1842 125 38 mälda
868 1841 311 39 kreditivsumma
1220 1840 41 38 af
1287 1846 58 32 tre
1375 1839 185 39 millioner
1588 1839 139 38 kronor
1756 1839 139 51 Kongl.

702 1895 108 51 Maj:t
850 1895 284 37 tillhandahålla
1177 1900 111 44 samt,
1332 1895 119 49 enligt
1480 1895 98 37 Dess
1607 1894 136 50 nådiga
1772 1893 125 51 dispo-

704 1949 128 48 sition,
861 1949 11 35 1
901 1949 257 36 föreskrifven
1188 1948 165 48 ordning
1380 1947 175 36 utbetala.

809 2053 220 38 Stockholm
1060 2053 73 38 den

1049 2211 54 36 På
1131 2210 244 49 Riksdagens
1404 2215 158 44 vägnar:

707 2370 77 36 För
812 2370 136 35 Första
977 2369 248 36 Kammaren:
1380 2368 75 35 För
1483 2368 127 35 Andra
1637 2367 226 36 Kammaren
1876 2379 26 23 :»
