2141 2661
635 202 400 33 Konstitutions-Utskottets
1062 204 159 33 Utlåtande
1244 206 64 31 N:o
1332 208 50 30 13.
1774 213 35 28 11

808 384 406 39 Reservationer:

307 482 39 36 af
370 483 99 36 Herr
496 497 67 23 von
591 484 146 44 Möller;

305 533 41 37 af
382 534 142 36 Herrar
564 535 108 47 Borg,
711 536 228 46 Danielsson,
983 538 36 37 S.
1061 539 171 45 Johnson,
1274 541 44 35 L.
1359 541 157 37 Jönsson
1557 543 70 35 och
1664 543 147 37 Norén:

204 584 186 37 »Öaktadt
436 587 46 34 de
535 585 168 37 fördelar
747 589 11 33 i
803 590 98 34 vissa
950 590 214 45 afseenden,
1215 604 80 23 som
1348 599 55 29 ett
1447 593 363 38 Ekonomi-Utskott

205 637 179 47 möjligen
413 637 121 35 skulle
564 637 169 36 medföra
762 639 70 35 och
866 640 128 36 hvilka
1027 649 64 28 äro
1121 641 40 36 af
1184 642 522 39 Konstitutions-Utskottets
1736 659 74 23 ma-

199 688 134 46 Joritet
374 687 164 49 angifna,
581 688 110 37 hafva
732 690 37 35 vi
807 690 96 36 dock
939 693 82 35 icke
1050 693 145 35 kunnat
1222 694 91 47 gilla
1342 708 46 22 en
1417 698 39 32 så
1484 697 324 47 genomgripande

204 737 222 49 förändring
454 740 11 34 i
493 739 236 50 Riksdagens
758 741 215 46 arbetssätt,
1002 757 80 22 som
1110 744 71 35 den
1211 745 154 36 hvilken
1393 745 127 37 blifvit
1548 746 39 36 af
1611 747 198 37 Utskottet

203 790 197 47 tillstyrkt,
443 791 80 34 dels
565 792 156 34 emedan
759 793 36 34 vi
833 806 87 22 anse
950 795 73 34 den
1052 801 139 29 största
1219 797 216 35 varsamhet
1463 810 88 23 vara
1580 798 40 35 af
1644 799 125 35 nöden
1798 800 11 34 i

203 839 106 48 fråga
351 854 60 21 om
453 843 329 46 återupptagande
824 843 40 35 af
901 857 45 22 en
987 845 113 36 redan
1140 845 192 37 förkastad
1360 847 97 36 form
1486 848 59 35 för
1573 848 236 49 Riksdagens

203 892 252 43 verksamhet,
485 892 79 35 dels
593 893 170 45 emedan,
793 896 227 35 åtminstone
1050 897 187 43 hitintills,
1268 899 294 47 olägenheterna
1591 900 63 35 vid
1675 901 46 35 de
1743 914 65 22 nu-

203 942 165 36 varande
410 942 192 49 tillfälliga
639 944 224 37 Utskottens
900 947 205 36 arbetssätt
1132 948 82 35 icke
1243 950 97 34 varit
1368 951 38 33 af
1433 950 71 35 den
1533 950 275 44 beskaffenhet,

204 1000 55 28 att
300 993 46 35 de
384 994 127 35 kunna
540 1007 106 23 anses
678 1002 91 41 göra
798 996 71 35 den
898 997 212 49 föreslagna
1139 998 270 50 förändringen
1439 1001 112 47 högst
1578 1002 129 47 nödig,
1737 1003 71 34 och

202 1049 135 42 nyttan
367 1044 40 35 af
430 1044 271 49 förändringen
729 1047 109 35 torde
867 1048 127 36 kunna
1022 1049 191 36 betraktas
1242 1054 122 32 såsom
1389 1057 141 41 ytterst
1548 1052 259 49 tvifvelaktig;

203 1094 79 36 dels
312 1095 157 36 emedan
497 1097 117 34 andra
643 1097 184 45 nationer,
857 1111 79 23 som
966 1113 67 34 ega
1062 1113 45 22 en
1135 1101 131 47 längre
1296 1101 216 36 erfarenhet
1538 1101 40 36 af
1594 1103 128 47 dylika
1742 1103 66 36 Ut-

203 1145 121 36 skotts
353 1147 251 44 verksamhet,
633 1148 82 35 icke
744 1147 127 37 funnit
898 1150 80 35 skäl
1006 1150 167 36 förkasta
1201 1151 190 37 desamma
1420 1160 96 28 samt
1543 1154 99 47 välja
1671 1160 55 29 ett
1746 1168 62 21 an-

203 1203 64 29 nat
295 1197 204 36 arbetssätt
528 1205 46 27 än
602 1198 160 36 medelst
790 1199 137 37 sådana
955 1200 167 37 Utskott.
1164 1201 140 37 Härtill
1331 1203 172 36 kommer
1531 1205 179 47 slutligen
1740 1211 67 39 ett,

202 1260 80 22 som
325 1261 59 22 oss
426 1261 121 35 synes,
586 1256 45 27 än
668 1251 253 46 väsentligare
959 1252 80 36 skäl
1074 1259 80 29 mot
1182 1254 73 35 den
1283 1254 212 49 föreslagna
1522 1256 284 47 förändringen,

202 1298 187 48 nemligen
420 1299 72 35 den
521 1299 81 36 deri
630 1299 308 39 förekommande
967 1303 195 48 betydliga
1190 1305 273 48 inskränkning
1482 1307 10 34 i
1513 1306 105 36 tiden
1644 1306 59 35 för
1721 1315 86 27 väc-

202 1348 121 36 kande
354 1348 40 37 af
418 1350 138 35 sådana
585 1352 201 43 motioner,
815 1364 91 33 som,
937 1355 118 46 enligt
1082 1368 50 22 nu
1162 1356 174 47 gällande
1358 1357 297 44 bestämmelser,
1676 1357 40 36 af
1731 1359 75 34 till-

201 1399 130 48 fälliga
371 1399 157 37 Utskott
569 1401 217 37 behandlas.
840 1403 53 36 På
934 1405 107 36 dessa
1081 1406 170 47 grunder
1282 1406 37 36 få
1350 1409 38 33 vi
1416 1421 193 22 reservera
1638 1421 60 23 oss
1727 1415 79 30 mot

202 1450 65 36 det
295 1451 137 44 beslut,
462 1452 153 36 hvartill
643 1452 496 40 Konstitutions-Utskottet
1167 1458 9 34 i
1207 1457 122 36 denna
1357 1457 105 49 fråga
1491 1459 188 35 kommit.»

303 1636 140 36 Herrar
475 1637 176 36 Friherre
685 1638 244 51 Nordenfalk,
962 1640 103 37 Gahn
1094 1643 70 35 och
1194 1642 155 37 Svensén
1377 1643 111 36 hafva
1517 1644 133 48 begärt
1678 1644 36 35 få
1742 1658 62 22 an-

201 1688 192 44 tecknadt,
423 1694 55 30 att
506 1689 46 35 de
582 1690 81 35 icke
693 1689 159 51 deltagit
878 1693 11 34 i
919 1693 104 36 detta
1050 1694 157 36 ärendes
1227 1695 154 47 slutliga
1401 1695 282 48 handläggning
1702 1696 103 35 inom

200 1738 208 37 Utskottet.
