1878 2784
408 135 122 29 Första
554 134 246 39 lagutskottets
825 134 178 30 utlåtande
1024 144 43 20 nr
1085 135 42 29 24
1147 135 38 29 år
1207 135 83 29 1956
1589 135 14 29 1

786 272 60 40 Nr
874 272 51 39 24

322 386 184 30 Utlåtande
530 385 11 30 i
561 385 191 40 anledning
773 394 41 20 av
835 385 127 39 Kungl.
984 385 124 40 Maj:ts
1131 385 218 40 proposition
1372 386 80 29 med
1471 385 133 40 förslag

542 436 52 30 till
611 436 55 39 lag
684 445 56 20 om
759 436 136 30 ändrad
915 435 128 40 lydelse
1062 445 43 21 av
1124 437 40 28 12
1182 436 79 39 kap.
1280 437 20 29 2
1318 436 63 30 och
1401 436 19 30 3
1438 436 43 37 $$
1498 437 105 29 rätte-

538 486 250 40 gångsbalken.

145 625 131 30 Genom
300 634 43 21 en
366 626 67 30 den
458 625 18 30 9
501 634 94 21 mars
622 626 84 30 1956
732 626 230 40 dagtecknad,
989 626 53 30 till
1066 627 194 39 lagutskott
1285 626 171 30 hänvisad
1481 635 125 30 propo-

100 676 117 34 sition,
235 685 41 20 nr
298 676 71 34 118,
386 676 117 30 vilken
520 676 208 30 behandlats
746 686 43 20 av
807 676 112 30 första
936 677 238 39 lagutskottet,
1193 677 63 29 har
1274 677 126 39 Kungl.
1419 677 106 39 Maj:t
1542 686 63 20 un-

97 727 64 30 der
178 727 218 40 åberopande
414 736 42 20 av
473 727 264 39 propositionen
755 727 140 39 bilagda
914 727 10 29 i
945 727 188 30 statsrådet
1151 727 65 29 och
1234 727 155 39 lagrådet
1407 727 101 30 förda
1527 736 77 31 pro-

100 777 110 30 tokoll
232 777 179 40 föreslagit
430 777 187 40 riksdagen
638 779 50 28 att
708 779 127 38 antaga
856 777 156 40 följande
1032 778 57 30 vid
1109 778 262 40 propositionen
1392 778 123 39 fogade
1537 778 69 30 för-

97 828 75 40 slag
190 828 53 30 till

787 1019 131 49 Lag

230 1106 57 24 om
313 1098 140 32 ändrad
477 1097 141 40 lydelse
642 1107 42 23 av
707 1097 40 32 12
770 1097 82 41 kap.
878 1097 19 31 2
921 1097 67 33 och
1011 1097 20 32 3
1046 1094 48 42 $$
1117 1098 357 41 rättegångsbalken

144 1179 212 40 Härigenom
377 1178 197 34 förordnas,
600 1179 50 28 att
675 1178 40 30 12
736 1178 81 40 kap.
842 1178 17 30 2
883 1178 66 30 och
972 1178 18 30 3
1016 1178 37 37 $$
1078 1178 330 40 rättegångsbalken
1430 1180 99 30 skola
1553 1189 51 21 er-

100 1230 94 30 hålla
220 1230 133 30 ändrad
377 1230 129 39 lydelse
530 1229 45 40 på
600 1230 69 29 sätt
694 1229 114 30 nedan
834 1230 151 39 angives.

278 1347 185 36 (Gällande
485 1347 147 40 lydelse)
1047 1349 226 40 (Föreslagen
1296 1349 146 40 lydelse)

778 1465 38 30 12
841 1465 81 40 kap.

808 1558 70 37 28.

146 1626 120 30 Såsom
288 1626 129 29 ombud
498 1643 18 3 -—
808 1625 12 29 i
841 1625 116 30 målet.

144 1693 139 30 Ombud
307 1693 89 30 skall
417 1702 82 21 vara
523 1694 128 30 svensk
674 1694 159 30 medbor-
919 1695 138 30 Ombud
1082 1695 90 29 skall
1194 1704 83 20 vara
1301 1695 126 30 svensk
1449 1695 159 30 medbor-

99 1752 81 31 gare
197 1745 78 29 med
292 1744 150 30 hemvist
458 1744 96 30 inom
570 1744 101 31 riket.
874 1753 80 32 gare
981 1746 78 29 med
1085 1745 151 30 hemvist
1262 1746 96 30 inom
1382 1746 106 35 riket;
1516 1747 91 29 dock

875 1797 58 29 må
949 1797 86 29 även
1052 1806 117 20 annan
1187 1797 130 30 brukas
1333 1797 116 30 såsom
1466 1797 141 36 ombud,

877 1856 55 20 om
952 1848 113 28 rätten
1084 1848 80 29 med
1182 1848 137 38 hänsyn
1341 1848 52 30 till
1409 1848 124 30 målets
1554 1848 55 29 be-

875 1897 205 38 skaffenhet
1096 1898 64 29 och
1177 1898 116 39 övriga
1311 1898 299 39 omständigheter

874 1947 119 40 finner
1014 1948 59 30 det
1096 1947 187 41 lämpligen
1306 1948 121 30 kunna
1449 1949 72 29 ske.

147 2014 41 40 Ej
210 2014 57 30 må
284 2032 44 3 —
837 2015 11 29 i
867 2015 331 30 konkurstillstånd.

811 2165 18 30 3
852 2166 28 35 8.

148 2231 172 38 Lagfaren
339 2231 141 30 domare
486 2227 18 48 i
528 2231 83 30 eller
627 2232 209 29 rättsbildad
922 2232 173 38 Lagfaren
1113 2233 142 29 domare
1272 2234 11 28 i
1300 2233 83 29 eller
1401 2233 209 30 rättsbildad

103 2281 346 39 befattningshavare
482 2281 57 30 vid
574 2282 130 29 allmän
741 2282 96 29 dom-
877 2282 346 39 befattningshavare
1256 2283 57 29 vid
1349 2283 130 30 allmän
1515 2284 96 29 dom-

105 2331 67 30 stol
204 2331 81 30 eller
315 2332 130 29 allmän
476 2331 163 39 åklagare
671 2332 82 29 eller
785 2333 52 28 ut-
880 2333 64 28 stol
976 2333 82 28 eller
1089 2333 131 29 allmän
1251 2333 162 39 åklagare
1445 2333 82 30 eller
1558 2335 53 27 ut-

104 2382 260 39 mätningsman
381 2381 57 30 må
453 2381 30 39 ej
503 2391 82 21 vara
601 2382 140 35 ombud,
758 2382 78 29 med
878 2383 261 37 mätningsman
1157 2383 55 29 må
1229 2383 30 38 ej
1277 2392 83 20 vara
1375 2383 140 35 ombud,
1533 2384 78 28 med

131 2450 13 26 1
167 2450 111 30 Bihang
291 2449 46 24 till
348 2449 170 30 riksdagens
528 2449 150 30 protokoll
691 2449 75 24 1956.
785 2451 16 24 9
813 2452 75 23 saml.
903 2452 13 24 I
930 2452 58 23 avd.
1009 2453 39 22 Nr
1059 2452 30 23 24
