1904 2796
267 173 38 29 10
623 173 402 39 Bevillningsutskottets
1054 175 217 32 betänkande
1296 186 42 20 nr
1363 178 52 29 38.

267 265 82 20 vore
372 256 106 39 enligt
503 257 267 38 länsstyrelsens
794 257 141 40 mening
959 258 95 30 svårt
1079 259 53 29 för
1156 261 50 27 att
1231 260 77 29 icke
1332 261 81 37 säga
1438 260 161 39 omöjligt
1623 262 50 28 att
1697 262 72 28 sär-

268 307 108 38 skilja
399 307 93 30 olika
519 308 94 28 arter
636 316 42 21 av
701 307 225 40 användning
952 317 42 21 av
1018 318 44 19 en
1089 309 272 39 samlingslokal.
1388 310 198 39 Uthyrning
1612 320 42 20 av
1678 320 91 20 sam-

268 357 224 38 lingslokaler
514 357 11 28 i
548 359 77 27 rent
648 358 261 39 förtjänstsyfte
931 359 216 29 förekomime
1170 360 10 28 i
1202 360 139 39 mycket
1364 362 71 28 stor
1458 361 222 39 omfattning,
1703 362 65 28 och

267 408 88 28 även
378 417 56 20 om
456 416 43 20 en
522 408 94 29 lokal
638 408 56 30 vid
715 408 217 30 tillkomsten
954 409 279 39 huvudsakligen
1256 411 142 38 avsåges
1421 411 55 29 för
1501 411 267 39 allmännyttiga

266 457 66 29 och
351 457 122 30 ideella
495 458 127 39 syften,
642 459 116 28 kunde
779 459 68 29 den
866 459 196 30 sedermera
1081 460 140 30 komma
1242 462 51 28 att
1312 461 174 39 utnyttjas
1505 462 263 29 kommersiellt.

267 508 136 38 Frågan
424 517 57 20 om
501 508 162 29 befrielse
683 509 80 29 från
785 509 181 39 gåvoskatt
988 512 118 37 syntes
1129 512 64 28 ock
1213 511 85 29 böra
1319 512 123 39 prövas
1465 511 12 29 i
1498 512 170 29 samband
1688 513 79 28 med

266 558 218 38 spörsmålen
507 568 58 20 om
589 559 410 40 fastighetsbeskattning
1022 570 43 20 av
1088 561 182 39 offentliga
1295 561 302 40 samlingslokaler
1622 563 64 30 och
1711 572 56 19 om

267 608 382 40 inkomstbeskattning
670 618 41 21 av
734 610 103 39 ägare
858 610 52 29 till
931 610 133 30 sådana
1087 611 140 30 lokaler.

310 659 266 39 Länsstyrelsen
601 660 11 28 i
636 660 307 30 Västernorrlands
967 661 57 30 län
1049 661 64 29 har
1135 671 41 20 av
1198 662 218 40 principiella
1438 663 77 29 skäl
1538 663 158 39 avstyrkt
1720 663 48 28 bi-

265 709 62 31 fall
354 709 52 29 till
431 710 231 36 motionerna,
689 712 83 28 enär
799 712 178 32 desamma
1002 713 179 36 innebure,
1209 716 50 28 att
1287 714 92 29 vissa
1405 713 360 39 sammanslutningar

264 776 16 2 —
327 768 57 20 om
404 760 44 28 än
469 760 114 38 aldrig
603 760 38 30 så
661 760 267 40 allmännyttiga
945 779 45 4 —-
1007 764 80 28 med
1109 763 89 38 syfte
1218 765 51 27 att
1289 762 12 29 i
1320 762 54 30 sin
1393 763 224 30 verksamhet
1635 763 133 39 jämväl

264 809 181 39 tillgodose
471 811 295 30 medlemmarnas
794 813 228 31 ekonomiska
1052 814 172 29 intressen
1252 814 111 31 skulle
1392 814 130 31 befrias
1549 815 80 30 från
1656 815 110 29 skatt-

266 861 197 39 skyldighet
483 862 56 29 för
559 862 95 38 gåva.

309 911 481 40 Folketshusföreningarnas
826 913 312 39 riksorganisation
1175 914 65 29 och
1275 913 310 39 Bygdegårdarnas
1623 914 145 39 riksför-

266 961 96 30 bund
382 962 44 29 ha
445 962 172 39 tillstyrkt
637 963 97 29 bifall
754 962 54 30 till
830 963 229 30 motionerna.

308 1063 180 30 Utskottet.
516 1064 117 38 Enligt
658 1065 18 29 3
705 1065 15 36 $
749 1066 9 28 i
786 1065 158 39 gällande
971 1065 206 39 förordning
1203 1077 57 20 om
1287 1067 175 29 arvsskatt
1489 1068 66 28 och
1582 1066 182 39 gåvoskatt

263 1112 141 39 åtnjuta
427 1115 115 29 staten
567 1118 89 27 samt
679 1114 92 32 vissa
794 1115 166 30 stiftelser
983 1118 66 28 och
1073 1116 357 38 sammanslutningar
1453 1118 80 29 med
1557 1118 11 29 i
1590 1116 67 38 hög
1680 1116 85 38 grad

263 1162 262 41 allmännyttigt
551 1165 162 30 ändamål
739 1165 160 32 befrielse
923 1166 81 31 från
1029 1166 95 31 såväl
1150 1167 177 29 arvsskatt
1351 1175 74 22 som
1453 1166 194 39 gåvoskatt.
1673 1166 91 29 Från

263 1213 183 38 gåvoskalt
469 1215 62 29 äro
555 1215 172 39 därjämte
752 1215 107 40 enligt
884 1216 40 30 38
950 1216 15 37 $
992 1226 134 21 samma
1150 1217 206 39 förordning
1378 1217 156 30 befriade
1559 1218 208 29 kommuner

263 1264 66 29 och
347 1265 109 29 andra
473 1265 226 39 menigheter,
718 1266 403 40 hushållningssällskap
1140 1267 165 29 ävensom
1323 1267 166 30 stiftelser
1508 1267 66 30 och
1593 1277 174 20 samman-

263 1314 206 39 slutningar,
492 1324 77 20 som
590 1316 280 39 huvudsakligen
890 1316 131 39 främja
1042 1317 268 39 allmännyttiga
1331 1317 163 30 ändamål
1514 1317 12 29 i
1547 1317 121 39 övrigt.
1691 1319 77 29 Sär-

262 1364 85 32 skilt
366 1365 148 29 nämnas
535 1365 170 39 religiösa,
727 1366 219 39 välgörande,
968 1366 139 36 sociala,
1128 1366 175 40 politiska,
1324 1366 252 40 konstnärliga,
1598 1367 167 30 idrottsli-

263 1422 42 30 ga
329 1415 64 29 och
418 1416 111 29 andra
554 1417 143 29 därmed
720 1416 204 40 jämförliga
948 1417 189 30 kulturella
1161 1417 174 30 ändamål.
1362 1418 183 29 Uteslutna
1570 1418 79 30 från
1673 1419 94 29 skat-

263 1465 195 30 tebefrielse
487 1467 61 29 äro
576 1467 88 29 dock
691 1467 134 30 sådana
853 1468 358 39 sammanslutningar
1238 1469 56 31 för
1323 1469 200 39 främjande
1552 1479 42 20 av
1621 1469 146 30 allmän-

263 1515 134 39 nyttiga
420 1516 175 34 ändamål,
619 1526 73 20 som
715 1517 44 30 ha
782 1517 53 30 till
859 1517 89 40 syfte
971 1520 50 28 att
1044 1518 10 29 i
1078 1518 53 30 sin
1153 1519 223 30 verksamhet
1398 1519 182 40 tillgodose
1603 1520 163 29 medlem-

262 1574 142 21 marnas
424 1566 231 31 ekonomiska
675 1567 183 30 intressen.

308 1617 115 28 Under
453 1617 222 30 förarbetena
703 1617 53 30 till
785 1618 450 41 arvsskatteförordningen
1265 1620 163 30 anfördes
1459 1620 117 30 såsom
1606 1621 76 29 skäl
1711 1620 55 29 för

262 1666 68 29 den
351 1666 233 34 skattefrihet,
605 1676 74 21 som
700 1668 164 39 medgavs
884 1669 54 29 för
958 1668 105 39 gåvor
1084 1669 51 30 till
1155 1670 267 39 allmännyttiga
1443 1670 174 35 ändamål,
1638 1673 50 27 att
1709 1673 57 28 det

262 1716 10 28 i
292 1718 132 28 statens
442 1716 150 30 intresse
610 1717 74 40 låge
702 1717 75 30 vikt
795 1718 58 30 vid
872 1720 50 28 att
940 1718 145 40 företag,
1105 1728 73 21 som
1197 1720 151 29 verkade
1367 1721 54 29 för
1439 1720 133 31 sådana
1590 1721 174 32 ändamål,

261 1765 97 31 bleve
382 1767 254 38 tillgodosedda
658 1775 124 31 genom
806 1768 157 39 frivilligt
986 1770 190 31 understöd
1200 1772 65 28 och
1289 1773 50 28 att
1363 1771 55 30 det
1442 1772 80 29 med
1546 1771 76 29 skäl
1645 1771 117 29 kunde

261 1816 149 37 befaras,
429 1821 51 27 att
498 1828 44 20 en
560 1819 225 41 beskattning
804 1820 111 29 skulle
932 1820 216 31 härutinnan
1169 1822 105 30 verka
1294 1820 216 31 avhållande.

307 1867 13 29 I
344 1868 40 29 de
406 1868 231 30 förevarande
659 1869 220 30 motionerna
901 1870 64 29 har
987 1870 207 35 hemställts,
1218 1873 51 28 att
1291 1871 186 39 riksdagen
1500 1871 108 31 måtte
1630 1872 135 29 besluta

261 1917 110 30 sådan
398 1918 150 40 ändring
573 1927 42 21 av
639 1919 41 30 38
707 1919 15 37 $
750 1919 459 41 arvsskatteförordningen,
1235 1923 52 27 att
1312 1921 160 40 förening
1497 1922 83 30 eller
1607 1922 157 33 stiftelse,

261 1976 77 20 som
364 1968 64 29 har
454 1968 53 31 till
534 1969 139 39 uppgift
699 1971 50 28 att
776 1969 267 31 tillhandahålla
1071 1971 128 30 allmän
1227 1971 273 39 samlingslokal,
1528 1972 129 30 befrias
1684 1972 81 30 från

261 2017 297 40 skattskyldighet
582 2019 54 31 för
658 2019 95 39 gåva.
778 2020 121 30 Såsom
921 2020 127 30 villkor
1070 2021 54 29 för
1147 2021 276 30 skattebefrielse
1447 2022 205 30 förutsättes
1675 2023 89 29 dock

261 2068 99 30 skola
380 2069 99 38 gälla,
501 2071 51 27 att
573 2069 399 41 samlingslokalägande
992 2071 161 39 förening
1172 2072 111 29 under
1303 2072 41 29 de
1364 2074 117 28 senast
1500 2072 174 31 förflutna
1692 2073 72 30 fem

260 2118 84 30 åren
366 2118 76 30 icke
464 2119 136 30 lämnat
622 2120 181 39 utdelning
826 2120 35 30 åt
885 2120 74 30 sina
981 2121 237 30 medlemmar.

306 2168 116 40 Enligt
440 2169 191 30 utskottets
651 2169 140 40 mening
811 2172 38 28 är
869 2170 351 31 tillhandahållandet
1240 2181 42 21 av
1302 2173 177 30 allmänna
1498 2173 266 39 samlingsloka-

260 2218 50 30 ler
330 2228 43 20 en
392 2228 41 21 ur
454 2220 204 29 samhällets
679 2221 181 39 synpunkt
881 2221 189 39 angelägen
1091 2222 63 29 och
1173 2222 243 39 betydelsefull
1437 2223 149 39 uppgift.
1609 2224 155 30 Samhäl-

261 2269 64 29 lets
345 2269 146 30 intresse
511 2270 56 29 för
585 2271 114 29 denna
715 2271 224 30 verksamhet
957 2271 65 30 har
1039 2272 55 30 för
1112 2271 110 40 övrigt
1241 2272 148 30 kommit
1409 2272 51 30 till
1479 2274 142 39 uttryck
1640 2282 124 31 genom

262 2319 84 30 1942
371 2319 56 30 års
451 2320 223 39 lagstiftning
697 2329 57 21 om
779 2320 123 40 bidrag
926 2321 65 30 och
1015 2321 58 30 lån
1099 2331 41 20 av
1164 2323 202 29 statsmedel
1391 2323 54 30 för
1470 2325 227 29 anordnande
1721 2333 43 20 av

259 2369 179 31 allmänna
464 2370 314 39 samlingslokaler.
806 2371 175 30 Utskottet
1006 2371 72 30 kan
1104 2371 219 31 fördenskull
1348 2372 11 29 i
1383 2372 137 41 princip
1547 2375 139 29 ansluta
1712 2374 52 38 sig

259 2419 53 29 till
338 2420 66 29 den
429 2420 283 40 uppfattningen,
738 2423 51 28 att
813 2421 353 30 tillhandahållandet
1190 2432 43 20 av
1257 2423 178 30 allmänna
1460 2424 303 39 samlingslokaler

260 2470 38 29 är
317 2472 51 27 att
387 2470 151 30 hänföra
557 2470 53 30 till
629 2471 124 30 sådant
773 2471 261 40 allmännyttigt
1054 2472 172 34 ändamål,
1247 2482 76 20 som
1341 2473 61 30 bör
1421 2473 236 40 privilegieras
1676 2474 11 29 i
1707 2474 56 39 gå-

258 2520 372 31 voskattehänseende.
