2168 2640
661 143 357 41 Bevillmingsutskotlets
1042 143 205 31 Betänkande
1271 145 59 30 N:o
1352 146 51 29 25.
1770 146 13 29 1

929 630 85 47 N:o
1046 631 74 46 25.

778 795 81 29 Ank.
883 796 47 28 till
955 796 108 30 Riksd.
1089 797 97 28 kansli
1214 797 58 29 den
1299 800 15 25 3
1340 798 58 37 maj
1430 801 90 31 1908,
1544 799 42 28 kl.
1614 802 16 25 3
1656 809 26 18 e.
1707 810 39 18 m.

425 941 249 43 Betänkande,
718 943 13 33 i
760 942 198 45 anledning
988 942 46 43 af
1057 943 134 45 Kungl.
1223 944 133 42 Maj:ts
1380 946 230 44 proposition
1637 947 186 44 angående

624 1011 98 34 vissa
738 1011 203 45 ändringar
956 1012 12 34 i
981 1012 171 44 gällande
1160 1012 226 46 förordning
1402 1015 185 44 angående
1602 1026 44 25 en
1659 1016 162 35 särskild

624 1080 273 45 slämpelafgift
916 1080 69 43 för
1006 1080 231 47 försäljning
1264 1082 48 44 af
1328 1083 156 46 punsch,
1515 1084 108 34 arrak
1644 1084 63 35 och
1727 1095 91 24 rom.

355 1230 146 38 Genom
530 1233 237 48 proposition
796 1247 61 22 n:o
888 1236 84 45 162,
993 1248 80 31 som
1094 1235 195 37 hänvisats
1309 1236 56 36 till
1386 1236 432 50 bevillningsutskottet,

223 1282 69 36 har
319 1282 141 49 Kungl.
482 1284 107 49 Maj:t
615 1284 120 37 under
762 1285 240 49 åberopande
1030 1287 41 36 af
1095 1287 148 49 bilagdt
1269 1288 140 49 utdrag
1438 1289 41 36 af
1504 1289 314 49 statsrådsproto-

222 1333 118 37 kollet
367 1334 107 37 öfver
500 1336 292 37 finansärenden
820 1337 60 36 för
908 1337 72 37 den
1008 1340 22 35 3
1050 1339 189 36 nästlidne
1259 1340 95 48 april
1379 1340 198 48 föreslagit
1595 1341 222 48 Riksdagen

223 1390 55 32 att
306 1385 156 48 besluta,
492 1391 57 32 att
578 1389 20 34 6
627 1387 71 36 och
729 1391 18 33 7
779 1388 44 49 $$
843 1388 12 36 i
874 1389 276 50 förordningen
1169 1391 198 48 angående
1391 1404 47 24 en
1459 1392 162 36 särskild
1638 1393 179 49 stämpel-

222 1437 113 49 afgift
363 1438 59 36 för
451 1438 231 50 försäljning
710 1440 41 36 af
774 1440 159 49 punsch,
963 1442 110 36 arrak
1102 1441 70 37 och
1200 1455 81 23 rom
1310 1443 72 36 den
1412 1445 47 35 20
1480 1444 96 49 april
1598 1445 96 36 1906
1712 1444 104 37 skola

220 1489 86 37 från
334 1490 70 36 och
433 1490 86 37 med
548 1491 73 36 den
653 1493 17 33 1
696 1492 154 47 januari
881 1494 96 35 1909
1001 1493 141 37 erhålla
1162 1494 166 49 följande
1348 1495 225 37 förändrade
1601 1496 161 49 lydelse:

971 1616 20 34 6
1019 1614 31 49 8.

352 1700 29 32 1.
438 1696 283 39 Statskontoret
749 1699 98 37 skall
874 1713 138 36 genom
1041 1701 126 36 därtill
1188 1708 167 43 antagna
1374 1703 341 49 försäljningsmän
1734 1704 79 36 låta

218 1748 287 38 tillhandahålla
534 1750 343 50 punschstämplar.

347 1800 150 37 Sådana
526 1802 340 49 försäljningsmän
893 1808 113 44 utses,
1036 1805 60 36 för
1125 1805 216 37 Stockholm
1372 1806 41 37 af
1439 1807 275 37 statskontoret
1742 1808 70 36 och

218 1852 59 36 för
317 1853 132 49 hvarje
490 1866 125 24 annan
656 1855 85 36 stad
783 1855 208 49 äfvensom,
1024 1856 59 36 till
1111 1857 245 49 erforderligt
1384 1858 114 48 antal,
1528 1859 59 37 för
1615 1859 131 37 landet
1774 1861 41 35 af

218 1903 235 50 Konungens
481 1905 434 49 befallningshafvande.

345 1956 83 37 Den
469 1957 240 49 myndighet,
752 1972 82 23 som
875 1959 195 37 förordnat
1111 1961 351 49 försäljningsman,
1506 1967 103 44 äger,
1651 1968 69 32 när
1766 1966 41 34 så

215 2008 155 48 pröfvas
397 2009 153 49 skäligt,
579 2010 195 49 entlediga
800 2011 152 37 honom.
1008 2012 188 37 Däröfver
1224 2016 60 33 må
1312 2014 143 49 klagan
1484 2015 32 49 ej
1547 2015 113 36 föras.

344 2063 33 33 2.
432 2060 356 51 Försäljningsman
829 2076 88 24 vare
958 2064 155 49 skyldig
1146 2069 56 32 att
1230 2065 59 36 för
1317 2065 59 37 sin
1405 2066 174 50 uppbörd
1607 2067 111 36 ställa
1745 2067 64 37 be-

214 2111 161 49 hörigen
403 2112 181 49 godkänd
611 2113 147 49 borgen
787 2114 92 37 eller
906 2115 70 36 ock
1003 2116 176 37 nedsätta
1207 2116 254 50 obligationer
1488 2118 12 36 i
1528 2118 172 49 enlighet
1720 2119 86 36 med

214 2162 131 38 därom
373 2164 177 48 gällande
579 2165 257 46 föreskrifter;
865 2167 147 48 ägande
1031 2167 340 51 försäljningsman
1395 2174 54 32 att
1468 2170 95 37 efter
1582 2170 221 37 rekvisition

302 2223 71 32 Bih.
399 2225 49 32 till
470 2225 110 32 Riksd.
605 2225 88 32 Prot.
720 2227 93 32 1908.
861 2228 20 29 5
905 2226 96 33 Saml.
1050 2231 17 29 1
1091 2228 80 40 Afd.
1217 2230 43 32 24
1283 2229 93 41 Häft.
1421 2230 78 40 (N:o
1521 2232 65 38 25).
1744 2233 15 30 1
