2149 2656
427 190 115 31 Andra
566 191 211 31 Kammarens
803 191 180 41 Tillfälliga
1013 193 135 32 Utskotts
1172 194 74 40 (N:o
1270 195 37 40 2)
1341 194 168 33 Utlåtande
1533 196 61 32 N:o
1618 198 51 30 33.
1781 200 19 29 v

252 381 122 42 Bilaga.

380 477 163 38 OSCAR
573 485 70 31 etc.
700 480 77 36 Vår
803 487 143 43 ynnest
977 488 70 31 etc.
1104 482 80 36 Hos
1214 482 74 37 Oss
1318 481 116 40 hafva
1463 482 173 38 Konsguln
1668 498 46 23 m.
1737 499 47 23 m.
1802 486 40 35 P.

251 530 152 49 Olsson,
432 531 322 38 Kammarherren
784 547 44 22 m.
856 548 46 22 m.
934 534 176 37 Friherre
1142 533 40 37 D.
1208 534 41 35 E.
1283 533 254 51 Stjernerona,
1567 536 82 36 vice
1665 536 176 38 Konsuln

253 597 49 22 m.
333 597 47 22 m.
412 582 40 38 C.
484 582 45 38 G.
561 583 224 50 Stewenius,
816 586 81 36 vice
927 586 366 49 Häradshöfdingen
1323 587 41 36 R.
1392 577 254 59 Ödmanssou,
1676 589 167 37 Härades-

253 635 212 50 höfdingen
495 635 114 38 Wilh.
643 637 157 49 Wester,
831 638 100 37 förre
959 639 233 49 Löjtnanten
1221 640 43 35 A.
1286 638 265 47 Brunnström,
1568 640 83 37 vice
1668 641 174 38 Konsuln

254 701 47 23 m.
346 702 48 22 m.
429 688 45 37 N.
501 688 176 48 Persson,
707 690 316 38 Landtbrukarne
1054 706 45 22 m.
1131 705 46 23 m.
1212 691 23 35 I.
1267 692 192 49 Lyttkens
1489 693 70 37 och
1589 692 86 37 Carl
1704 694 139 37 Ifvars-

254 753 82 35 son,
365 740 307 50 Fabriksegaren
702 756 48 23 m.
780 757 48 22 m.
859 744 28 35 I.
917 743 196 50 Wallberg
1143 749 98 31 samt
1268 744 353 50 Hemmansegaren
1645 746 83 37 Nils
1744 747 99 36 Nils-

253 806 69 23 son
356 793 10 35 1
401 793 309 51 underdånighet
743 795 158 37 anhållit
936 810 59 22 om
1030 797 133 47 nådigt
1190 796 183 48 tillstånd,
1403 797 82 36 dels
1515 803 55 31 att
1599 798 121 48 enligt
1750 799 94 36 bifo-

251 844 88 50 gad,
370 845 41 36 af
434 845 203 49 Kaptenen
666 846 65 37 vid
760 846 101 50 Väg-
890 848 69 36 och
988 848 503 50 vattenbyggnadscorpsen
1519 850 42 36 E.
1596 849 248 50 Westerberg

252 898 204 48 upprättad
491 898 88 49 plan
614 899 86 36 med
735 899 344 50 kostnadsförslag,
1114 900 166 49 anlägga
1310 901 71 37 och
1409 902 179 36 trafikera
1612 903 166 49 jernväg
1807 905 41 35 af

251 952 77 45 4,83
359 950 75 36 fots
464 951 179 49 spårvidd
670 951 84 37 från
783 951 192 51 Varbergs
1005 954 140 36 station
1173 955 9 33 å
1198 953 346 50 Varberg—Borås
1559 955 167 49 jernväg
1742 956 98 37 förbi

252 1001 261 50 Kungsbacka
546 1003 59 37 till
635 1003 238 38 Olskrokens
904 1005 139 37 station
1073 1005 71 37 och
1174 1004 212 50 Göteborg;
1417 1006 81 37 dels
1526 1012 55 31 att
1609 1021 140 35 genom
1778 1022 64 23 ex-

252 1055 237 49 propriation
517 1055 124 37 inlösa
670 1056 73 37 den
773 1057 57 36 för
852 1057 477 50 jernvägsanläggningen
1359 1059 87 36 med
1466 1059 101 36 hvad
1587 1059 126 37 dertill
1731 1060 111 37 hörer

253 1107 262 49 erforderliga,
545 1108 175 37 enskilda
750 1122 191 36 personer,
973 1110 270 49 myndigheter
1264 1110 89 37 eller
1373 1111 258 50 inrättningar
1646 1112 196 49 tillhöriga

253 1160 119 48 mark,
402 1160 197 37 äfvensom
627 1161 12 35 1
669 1161 144 37 banans
843 1163 240 36 omedelbara
1113 1162 135 37 närhet
1272 1162 199 49 befintliga
1499 1169 239 44 grustägter;
1760 1165 81 36 dels

251 1218 55 30 att
335 1212 169 37 erhållna
532 1213 235 37 kostnadsfri
796 1214 213 49 upplåtelse
1034 1215 42 36 af
1101 1215 74 36 den
1202 1215 148 36 kronan
1379 1215 197 50 tillhöriga
1605 1217 119 47 mark,
1759 1230 79 23 som

250 1264 58 36 till
349 1265 482 50 jernvägsanläggningen
880 1267 254 46 erfordrades;
1185 1267 82 36 dels
1313 1273 55 30 att
1409 1268 215 49 afgiftsfritt
1664 1269 176 49 begagna

252 1316 143 37 sådana
439 1320 21 33 å
502 1318 166 36 kronans
712 1319 105 35 mark
861 1319 165 49 belägna
1068 1324 162 45 grustag
1262 1325 98 31 samt
1392 1319 108 37 kalk-
1535 1320 70 36 och
1638 1321 201 49 stenbrott,

252 1381 80 24 som
362 1369 127 37 kunde
520 1383 86 23 vara
636 1370 257 50 tillgängliga,
925 1371 79 37 dels
1035 1378 55 30 att
1118 1372 58 35 för
1192 1372 478 50 jernvägsanläggningen
1688 1374 153 36 komma

251 1421 11 36 i
305 1421 222 49 åtnjutande
566 1422 42 36 af
643 1436 144 23 samma
830 1423 137 49 skydd,
1010 1429 78 31 mot
1125 1424 178 46 åverkan,
1335 1437 79 24 som
1446 1431 145 30 statens
1615 1425 224 49 jernvägar;

251 1473 81 37 dels
374 1473 113 37 äfven
531 1480 66 41 att,
638 1474 46 36 då
717 1475 73 36 den
820 1476 165 36 nämnda
1013 1476 141 49 planen
1184 1476 206 36 omfattade
1420 1477 162 36 allenast
1604 1478 237 49 jernvägens

252 1525 225 50 sträckning
506 1526 136 37 mellan
673 1526 175 50 Varberg
877 1528 71 36 och
978 1528 236 37 Olskrokens
1244 1529 139 36 station
1413 1529 11 35 i
1453 1530 185 35 närheten
1668 1530 41 36 af
1725 1530 116 37 Göte-

251 1578 108 48 borg,
394 1578 201 37 framdeles
629 1579 37 36 få
699 1579 192 37 inkomma
926 1581 82 36 med
1041 1580 263 50 detaljförslag
1331 1581 55 36 till
1416 1582 146 36 banans
1591 1582 250 50 fortsättning

250 1631 81 35 från
376 1629 215 38 Olskroken
634 1631 57 36 till
725 1631 209 50 Göteborg.
994 1633 8 35 I
1035 1632 209 49 anledning
1274 1633 40 37 af
1337 1633 157 37 hvilken
1523 1636 169 35 ansökan
1721 1635 17 36 I
1767 1635 72 37 den

250 1685 22 34 4
316 1683 109 49 April
467 1683 103 37 detta
606 1686 40 34 år
676 1683 152 50 afgifvit
852 1685 213 37 infordradt
1093 1685 205 46 utlåtande,
1329 1692 99 30 samt
1455 1686 98 36 Våre
1583 1687 256 49 Befallnings-

249 1735 190 37 hafvande
467 1735 12 36 i
508 1736 186 36 Hallands
722 1737 230 36 äfvensom
935 1731 27 60 i
983 1737 216 50 Göteborgs
1229 1738 70 36 och
1329 1738 127 36 Bohus
1479 1739 74 46 län,
1583 1739 119 36 sedan
1731 1740 109 36 invå-

250 1800 118 24 narne
410 1788 12 35 i
464 1788 46 36 de
544 1793 114 43 orter,
686 1789 103 36 inom
819 1789 110 37 dessa
959 1789 74 48 län,
1062 1803 140 36 genom
1231 1790 132 36 hvilka
1391 1790 73 37 den
1492 1790 221 38 tillämnade
1736 1792 104 49 jern-

250 1844 125 44 vägen
410 1840 123 37 skulle
569 1840 252 50 framdragas,
856 1841 70 37 fått
954 1842 63 36 vid
1046 1842 143 49 utlysta
1218 1843 309 36 sammanträden
1555 1849 103 42 yttra
1688 1844 60 48 sig
1776 1857 65 23 an-

249 1891 150 48 gående
424 1893 243 36 densammas
697 1893 230 49 lämplighet
955 1894 70 36 och
1053 1900 123 43 nytta,
1206 1895 154 36 insändt
1388 1908 99 36 egna
1504 1896 198 48 yttranden
1725 1897 114 48 jemte

249 1944 46 36 de
324 1943 63 37 vid
415 1945 160 36 berörda
605 1946 305 36 sammanträden
939 1946 107 36 förda
1075 1947 204 48 protokoll,
1309 1947 194 36 hvarefter
1531 1948 31 48 ej
1585 1948 149 36 mindre
1753 1947 87 50 Sty-

249 1996 126 36 relsen
399 1996 57 37 för
485 2002 146 32 statens
654 1997 313 49 jernvägstrafik,
997 2003 47 31 än
1073 1998 70 36 ock
1172 1997 146 38 Chefen
1346 1998 57 37 för
1433 1999 315 49 Generalstaben,
1783 2001 58 36 till

250 2047 90 49 följd
370 2048 41 36 af
433 2049 142 48 nådiga
603 2049 190 48 remisser,
823 2049 203 37 inkommit
1055 2051 86 36 med
1168 2051 263 49 underdåniga
1452 2051 385 50 utlåtande
1656 2043 20 62 i
1695 2051 142 50 frågan.

372 2100 48 37 Vi
460 2102 114 35 hafva
615 2101 85 36 låtit
741 2102 280 49 handlingarne
1065 2103 11 35 i
1111 2102 105 37 detta
1245 2103 140 36 ärende
1415 2102 73 37 Oss
1516 2104 223 49 föredragas
1769 2104 70 37 och

248 2152 132 37 dervid
403 2152 190 38 inhemtat
620 2153 326 50 hufvudsakligen
977 2159 55 32 att
1061 2155 121 48 enligt
1207 2155 151 49 planen,
1379 2168 94 36 som,
1491 2156 98 36 efter
1604 2156 102 36 hvad
1724 2156 115 37 ofvan

249 2210 118 43 sagts,
402 2205 208 37 omfattade
639 2206 241 50 anläggning
908 2206 41 36 af
968 2207 165 48 jernväg
1162 2207 82 36 från
1273 2207 175 49 Varberg
1477 2207 161 37 allenast
1666 2208 59 36 till
1755 2207 84 38 Ols-

248 2257 167 37 krokens
450 2258 142 38 station
625 2258 11 36 i
671 2259 189 36 närheten
893 2258 40 36 af
963 2258 211 50 Göteborg,
1211 2259 124 37 banan
1364 2260 124 36 skulle
1517 2260 37 36 få
1583 2273 47 23 en
1657 2260 118 49 längd
1804 2261 41 36 af

248 2311 102 47 75,94
394 2310 200 37 kilometer
623 2310 68 49 (7,1
725 2311 81 47 mil)
834 2315 106 32 utom
969 2311 172 50 sidospår
1172 2315 20 33 å
1221 2311 196 49 stationer,
1448 2312 66 36 och
1548 2312 206 37 beräknats
1785 2318 55 31 att

336 2369 69 32 Bih.
431 2369 48 32 till
505 2370 107 32 Riksd.
639 2370 89 31 Prot.
754 2372 91 30 1886.
891 2372 20 29 8
937 2370 98 31 Saml.
1059 2373 23 29 2
1107 2371 77 38 Afd.
1210 2373 23 29 2
1260 2371 103 32 Band.
1388 2373 42 29 26
1455 2371 94 39 Häft.
1778 2373 18 30 2
