1902 2846
614 209 230 30 Statsutskottets
865 205 149 29 utlåtande
1035 205 50 28 Nr
1107 201 29 31 Å.
1594 195 39 32 61

130 289 215 41 tionsanslag
367 287 118 32 anvisa
508 285 135 39 170,000
665 284 134 31 kronor.
844 281 124 31 Denna
990 277 252 41 framställning
1264 273 199 34 föranledde
1486 272 150 33 emeller-

131 341 52 32 tid
205 341 75 31 icke
302 341 113 40 någon
438 337 126 41 Kungl.
589 335 118 41 Maj:ts
729 332 128 43 åtgärd.

186 432 259 44 Flygstyrelsen
477 431 61 31 har
571 441 47 20 nu
652 431 88 39 ånyo
774 427 90 41 gjort
896 422 252 41 framställning
1175 432 54 21 om
1254 418 186 33 anvisande
1463 429 40 20 av
1525 416 113 32 medel

130 486 55 31 för
206 482 256 44 ifrågavarande
485 480 158 33 ändamål
666 480 88 31 samt
776 476 120 33 därvid
918 475 112 32 anfört
1052 472 161 42 följande.

184 544 69 33 Vid
274 543 215 42 flygvapnets
512 538 227 44 uppsättning
760 536 88 32 hade
865 535 126 41 vapnet
1011 532 136 43 jämlikt
1163 530 126 41 Kungl.
1306 528 118 42 Maj:ts
1439 527 116 32 beslut
1570 526 68 31 den

133 588 40 31 29
205 586 75 42 juni
312 586 80 31 1926
425 583 105 32 bland
553 583 105 30 annat
680 579 134 33 erhållit
837 577 71 32 viss
931 572 433 43 munderingsutrustning,
1387 568 187 34 bestående
1597 579 40 20 av

132 630 75 31 från
230 630 117 29 armén
369 627 88 31 visst
480 625 92 32 antal
594 626 153 29 närmare
775 620 146 42 angivna
943 617 179 43 persedlar
1143 616 105 41 jämte
1271 614 115 39 20,000
1409 614 107 30 meter
1537 610 101 32 kläde

132 672 92 40 m/10
246 671 65 31 och
333 670 74 31 från
430 669 153 30 marinen
606 664 193 34 beklädnad
822 663 52 31 för
896 662 63 31 400
981 671 88 21 man.

184 714 53 31 De
260 713 74 31 från
357 713 116 30 armén
497 707 238 34 överlämnade
759 700 447 45 munderingspersedlarna
1227 698 88 32 hade
1338 696 87 32 varit
1447 707 40 20 av
1510 694 129 32 sådana

133 756 315 33 storleksnummer,
473 755 49 28 att
556 749 185 33 avsevärda
772 745 361 41 förändringsarbeten
1168 743 89 30 måst
1279 742 19 29 å
1321 740 78 31 dem
1422 738 139 34 utföras,
1586 737 53 31 för

133 801 51 29 att
217 798 41 31 de
294 796 110 32 skulle
441 795 88 32 bliva
551 792 217 33 användbara
790 791 53 30 för
865 787 192 32 fredsbruk.
1103 785 53 31 De
1179 783 87 32 hade
1290 782 177 32 dessutom
1490 779 149 41 utgjorts

134 853 40 19 av
197 840 95 31 äldre
320 841 164 39 årgångar
507 836 64 32 och
594 847 41 20 av
657 832 170 34 blandade
850 830 175 38 modeller,
1048 828 111 31 vadan
1182 822 458 43 munderingskostnaderna

133 886 43 29 än
209 881 198 43 ytterligare
441 880 97 31 ökats
573 878 64 31 och
670 875 221 43 persedlarna
920 872 87 32 varit
1040 870 134 32 mindre
1207 867 158 42 lämpade
1388 865 53 32 till
1463 864 177 41 helgdags-

132 924 208 41 utrustning.

187 967 83 32 Med
292 965 163 42 påvisade
478 962 223 43 utgångsläge
717 960 64 31 och
797 956 221 34 förevarande
1034 952 238 34 förhållanden
1289 951 89 31 hade
1394 949 58 32 det
1467 947 172 33 ordinarie

134 1007 380 43 munderingsanslaget
546 1005 88 31 varit
668 1000 218 41 otillräckligt
908 1000 52 30 för
983 996 201 41 erforderlig
1206 992 267 43 komplettering
1496 990 62 32 och
1583 1001 58 30 ny-

134 1051 226 40 anskaffning,
385 1049 64 31 och
482 1047 88 32 hade
603 1044 240 44 flygstyrelsen
876 1040 123 35 funnit,
1024 1041 50 29 att
1108 1049 42 20 en
1184 1039 94 29 extra
1311 1028 330 52 medelstilldelning

134 1106 81 20 vore
239 1092 201 41 erforderlig
463 1091 52 31 för
537 1088 151 43 fyllande
711 1098 40 20 av
773 1086 144 39 vapnets
939 1083 113 31 behov
1075 1092 40 20 av
1137 1075 433 44 munderingsutrustning.

187 1135 213 41 Visserligen
434 1134 99 40 hyste
561 1130 170 42 styrelsen
754 1127 145 41 alltjämt
922 1125 65 31 den
1010 1122 275 43 uppfattningen,
1309 1122 50 29 att
1381 1118 125 41 nödiga
1528 1116 113 32 medel

134 1180 54 31 för
221 1176 217 40 anskaffning
464 1186 39 20 av
526 1172 202 40 fullständig
750 1164 457 44 mobiliseringsutrustning
1229 1162 108 33 borde
1361 1161 117 32 ställas
1502 1159 53 32 till
1577 1159 63 31 för-

135 1220 156 42 fogande,
309 1230 79 20 men
411 1218 43 31 då
477 1217 57 31 det
556 1215 139 32 förlidet
718 1215 36 29 år
776 1210 213 33 framställda
1010 1209 118 31 kravet
1150 1207 82 31 därå
1254 1205 74 31 icke
1351 1203 161 32 föranlett
1526 1203 114 39 någon

135 1263 127 42 Kungl.
287 1262 117 40 Maj:ts
438 1258 126 42 åtgärd,
588 1258 89 31 hade
711 1255 169 41 styrelsen
913 1252 74 31 icke
1020 1251 53 31 för
1105 1248 211 33 närvarande
1349 1245 114 32 funnit
1485 1244 53 41 sig
1559 1243 83 41 vilja

136 1308 88 40 ånyo
247 1305 161 31 framföra
431 1302 172 40 förslaget.
637 1297 203 34 Emellertid
862 1295 98 32 torde
984 1293 58 32 det
1065 1293 11 31 i
1100 1292 66 31 alla
1185 1290 185 32 händelser
1384 1299 79 20 vara
1479 1285 163 33 erforder-

136 1349 63 41 ligt
232 1350 50 28 att
316 1348 38 30 så
388 1345 64 31 öka
474 1340 346 41 fredsutrustningen,
845 1340 51 29 att
919 1336 201 41 manskapet
1142 1333 58 32 vid
1221 1332 198 42 flygvapnet
1440 1328 114 33 kunde
1578 1328 63 31 till-

136 1390 150 42 godoses
308 1386 176 41 härmed
469 1376 23 60 i
508 1396 130 21 samma
659 1380 237 41 utsträckning
919 1379 63 31 och
1005 1380 44 39 på
1071 1375 162 33 liknande
1256 1376 68 30 sätt
1348 1384 74 20 som
1444 1372 58 31 vid
1524 1372 117 30 armén

136 1433 66 32 och
225 1431 163 32 marinen.
434 1429 95 31 Även
553 1438 55 21 om
632 1438 43 20 en
698 1424 144 33 sålunda
863 1420 193 43 begränsad
1079 1417 217 41 anskaffning
1317 1416 75 31 icke
1414 1409 227 50 tillgodosåge

137 1471 413 43 mobiliseringsbehovet,
576 1471 37 29 så
644 1478 80 21 vore
758 1467 66 30 den
857 1463 103 32 likväl
993 1461 112 42 ägnad
1128 1462 50 29 att
1200 1459 196 31 underlätta
1418 1468 42 20 en
1482 1455 160 32 framtida

136 1515 268 43 komplettering
427 1524 40 20 av
489 1509 298 34 materielstocken
810 1507 53 31 till
886 1505 84 32 fulla
991 1503 125 33 förråd.

192 1558 113 32 Sedan
323 1567 122 32 genom
462 1552 240 44 generalorder
713 1549 186 41 F.50/1930
911 1547 165 32 modeller
1087 1543 182 33 fastställts
1282 1542 53 31 till
1346 1540 213 42 fygvapnets
1571 1538 71 31 uni-

137 1602 87 30 form
238 1600 98 40 m/30,
350 1598 88 32 hade
454 1595 239 43 flygstyrelsen
706 1603 121 32 genom
841 1589 174 33 anlitande
1028 1599 41 20 av
1081 1589 135 29 arméns
1230 1584 64 32 och
1306 1583 172 32 marinens
1492 1581 151 32 centrala

137 1639 414 36 beklädnadsverkstäder
566 1636 168 33 anskaffat
748 1635 91 38 1,550
855 1633 182 40 omgångar
1049 1624 425 45 munderingsutrustning
1489 1635 40 20 av
1542 1623 100 38 m/30,

137 1684 188 33 bestående
360 1694 40 20 av
427 1680 201 43 vapenrock,
652 1679 117 41 byxor,
793 1675 107 41 kavaj,
924 1673 186 42 flygtjänst-
1137 1670 65 32 och
1236 1669 239 31 skärmmössa.
1519 1665 125 41 Ifråga-

138 1727 148 32 varande
316 1724 217 41 anskaffning
555 1722 88 32 hade
665 1720 154 40 betingat
842 1729 42 20 en
906 1715 149 33 kostnad
1078 1725 41 20 av
1141 1713 12 31 i
1175 1713 81 31 runt
1278 1711 48 31 tal
1350 1709 134 38 100,000
1505 1708 137 37 kronor,

139 1770 65 31 och
227 1768 87 32 hade
338 1767 116 32 härför
475 1766 104 41 tagits
602 1764 12 31 i
638 1762 147 42 anspråk
808 1760 92 32 såväl
922 1760 162 30 kårernas
1108 1767 74 20 som
1205 1753 258 42 flygstyrelsens
1489 1750 154 41 tillgäng-

139 1812 68 41 liga
240 1810 112 32 medel
383 1811 19 29 å
425 1805 386 43 munderingsanslaget.
856 1802 19 31 I
896 1798 295 44 besparingssyfte
1214 1796 88 32 hade
1325 1796 52 30 för
1399 1794 78 31 hela
1498 1792 147 31 tillverk-

139 1855 127 40 ningen
290 1853 144 30 använts
458 1850 57 31 det
537 1850 74 30 från
635 1849 115 30 armén
773 1842 238 35 överlämnade
1034 1841 116 32 klädet
1173 1839 98 39 m/10,
1290 1848 74 21 som
1384 1836 52 31 för
1451 1834 193 32 ändamålet

140 1897 185 39 omfärgats
359 1893 53 32 till
435 1893 57 31 blå
513 1893 81 39 färg.
640 1891 78 30 Den
741 1887 119 42 gjorda
883 1884 261 40 anskaffningen
1167 1892 80 20 vore
1271 1878 190 33 emellertid
1483 1877 74 31 icke
1580 1876 65 31 till-

140 1938 128 39 räcklig
291 1937 53 30 för
366 1932 274 44 tillgodoseende
663 1943 40 20 av
719 1928 250 36 fredsbehovet,
988 1926 63 31 och
1068 1924 111 32 medel
1196 1922 169 32 saknades
1381 1921 52 30 för
1448 1918 197 42 ytterligare

141 1977 273 45 nyanskaffning.
459 1977 68 30 För
559 1974 152 41 fyllande
746 1983 39 20 av
809 1970 105 41 sagda
936 1968 112 32 behov
1072 1964 216 34 erfordrades
1311 1965 92 29 ännu
1426 1973 41 19 en
1491 1961 154 40 uppsätt-

140 2023 84 40 ning
257 2032 55 20 om
348 2019 92 38 1,500
473 2019 184 39 omgångar
689 2009 433 42 munderingsutrustning,
1147 2005 188 33 bestående
1369 2015 40 20 av
1441 2002 203 42 vapenrock,

141 2066 117 40 byxor,
282 2062 108 40 kavaj,
419 2060 187 41 flygtjänst-
641 2058 64 31 och
739 2055 238 32 skärmmössa.
1022 2050 205 33 Kostnaden
1261 2047 116 31 härför
1410 2045 138 41 belöpte
1582 2044 62 39 sig,

140 2106 111 32 under
272 2103 248 39 förutsättning
542 2103 49 30 att
614 2098 208 34 fortfarande
845 2096 166 40 omfärgat
1033 2093 101 31 kläde
1157 2091 90 38 m/10
1269 2090 136 31 komme
1427 2087 53 31 till
1502 2086 145 31 använd-

142 2149 92 40 ning,
268 2147 53 31 till
355 2146 114 37 90,000
502 2145 135 30 kronor.
683 2142 126 30 Därest
843 2138 104 41 sagda
979 2136 129 41 belopp
1143 2133 142 32 ställdes
1320 2131 52 31 till
1405 2131 144 40 vapnets
1583 2128 64 31 för-

142 2189 155 41 fogande,
323 2188 110 32 skulle
461 2187 65 31 den
551 2185 116 39 övriga
689 2181 307 42 nyanskaffningen
1020 2190 40 19 av
1083 2178 12 30 i
1118 2173 338 40 fredsutrustningen
1478 2170 169 42 ingående

142 2231 177 44 persedlar
341 2231 116 30 kunna
479 2227 206 40 nödtorftigt
707 2223 171 32 bestridas
902 2233 40 19 av
965 2219 170 40 utgående
1159 2216 170 33 ordinarie
1353 2215 125 39 anslag.

196 2275 17 30 I
247 2272 201 39 anslutning
481 2270 52 31 till
568 2269 57 31 det
660 2266 141 32 anförda
823 2263 205 32 hemställde
1051 2260 249 42 flygstyrelsen,
1325 2259 51 29 att
1398 2255 125 39 Kungl.
1548 2254 99 39 Maj:t

144 2318 104 31 måtte
276 2314 127 31 föreslå
425 2312 182 39 riksdagen
631 2312 50 28 att
703 2309 52 30 för
778 2305 216 39 anskaffning
1017 2315 39 19 av
1079 2300 224 32 beklädnads-
1327 2299 64 31 och
1414 2296 234 39 munderings-

144 2357 199 39 utrustning
376 2355 52 30 för
460 2353 204 40 budgetåret
694 2349 177 40 1931/1932
905 2347 118 31 anvisa
1046 2346 49 29 ett
1118 2345 95 29 extra
1235 2338 350 40 reservationsanslag
1608 2348 40 19 av

144 2402 115 38 90,000
281 2399 135 31 kronor.

198 2477 52 31 Av
272 2474 65 32 vad
359 2471 239 43 flygstyrelsen
623 2467 144 33 sålunda
783 2466 120 36 anfört,
917 2464 61 30 har
1001 2463 99 40 synts
1117 2456 378 45 departementschefen
1511 2456 137 39 framgå,

146 2529 50 29 att
219 2538 41 19 en
285 2527 94 29 extra
402 2519 314 40 medelsanvisning
738 2518 52 30 för
805 2514 216 39 anskaffning
1037 2524 40 19 av
1093 2509 223 33 beklädnads-
1333 2508 63 31 och
1417 2505 233 40 munderings-
