1904 2844
600 193 229 29 Statsutskottets
851 190 147 29 utlåtande
1021 191 50 27 Nr
1092 187 28 32 Å.
1597 184 40 31 67

186 270 19 32 I
226 270 187 33 riksstaten
446 269 53 32 för
524 268 231 33 innevarande
778 268 168 42 budgetår
969 269 36 29 är
1027 266 134 31 anvisat
1184 266 48 30 ett
1256 265 94 30 extra
1372 261 267 41 förslagsanslag

135 333 40 21 av
200 322 112 38 10,000
334 321 127 32 kronor
483 320 53 32 till
561 319 223 33 bestridande
808 330 40 20 av
871 315 351 45 telegramkostnader
1244 315 53 31 för
1320 313 66 31 den
1409 312 230 31 militärmete-

136 373 195 41 orologiska
353 371 404 41 informationstjänsten.

185 423 178 43 Styrelsen
397 423 52 31 för
483 424 131 30 statens
649 418 537 43 meteorologisk-hydrografiska
1219 415 127 32 anstalt
1368 415 61 31 har
1452 413 185 36 hemställt,

135 477 50 30 att
205 474 124 42 jämväl
352 474 53 31 för
419 473 204 41 budgetåret
648 472 178 40 1931/1932
849 472 104 30 måtte
976 470 52 31 för
1050 468 256 42 ifrågavarande
1330 465 157 32 ändamål
1503 464 136 32 anvisas

136 528 49 30 ett
207 525 128 42 belopp
358 535 40 21 av
424 524 111 39 10,000
557 523 136 32 kronor.

191 576 177 42 Styrelsen
401 575 61 32 hav
496 574 183 32 därutöver
712 574 89 41 gjort
827 571 252 41 framställning
1102 581 56 21 om
1181 568 186 32 anvisande
1391 579 39 19 av
1453 566 112 31 medel
1588 566 53 31 för

136 627 190 32 avlönande
360 638 41 20 av
434 637 41 21 en
499 625 148 32 särskild
669 624 234 32 föreståndare
930 623 52 31 för
1004 622 191 31 anstaltens
1218 618 311 41 militäravdelning
1552 618 89 31 samt

136 679 54 31 till
222 677 223 33 bestridande
478 688 40 20 av
551 675 247 42 avdelningens
832 672 326 44 expenskostnader.
1203 671 52 31 De
1282 670 116 32 härför
1421 668 221 41 erforderliga

136 729 232 32 kostnaderna
390 728 86 32 hava
497 727 222 43 uppskattats
741 726 53 31 till
819 725 92 39 7,000
932 724 146 32 kronor..

190 778 399 44 Departementschefen,
614 788 74 21 som
712 778 114 30 ansett
848 776 53 42 sig
923 775 83 32 böra
1029 774 172 41 tillstyrka
1221 772 41 32 de
1279 784 40 19 av
1336 771 168 42 styrelsen
1521 769 120 42 gjorda

137 830 344 42 framställningarna,
504 829 63 32 har
587 828 166 33 beräknat
775 826 305 42 anslagsbeloppet
1102 825 53 31 för
1174 821 283 34 nästkommande
1473 821 169 41 budgetår

139 882 54 32 till
218 882 113 39 17,000
353 881 135 38 kronor,
512 880 106 32 vilket
640 879 128 41 belopp
791 889 48 20 nu
862 877 115 32 äskats
1001 887 40 21 av
1064 875 127 41 Kungl.
1208 874 107 41 Maj:t.

192 976 182 33 Utskottet
406 975 62 32 har
499 974 75 32 icke
607 973 74 32 haft
703 974 104 40 något
830 974 50 29 att
903 971 111 32 erinra
1036 971 73 30 mot
1132 969 58 31 det
1213 980 40 20 av
1275 967 126 41 Kungl.
1425 966 98 42 Maj:t
1545 966 97 31 fram-

139 1028 101 43 lagda
261 1027 165 41 förslaget
447 1024 146 33 rörande
617 1023 278 42 organisationen
918 1033 40 20 av
980 1019 256 43 ifrågavarande
1260 1013 319 50 militäravdelning.

192 1078 135 33 Jämväl
361 1077 42 32 de
436 1076 119 43 gjorda
587 1073 442 41 kostnadsberäkningarna
1061 1071 63 32 har
1156 1070 170 32 utskottet
1349 1070 113 30 ansett
1486 1067 51 42 sig
1560 1067 85 31 böra

141 1131 115 31 lämna
278 1130 83 30 utan
385 1128 143 31 erinran.

194 1179 181 33 Utskottet
397 1177 208 38 hemställer,

463 1256 51 30 att
543 1253 184 42 riksdagen
761 1253 54 30 må
838 1251 53 32 till
917 1249 223 34 bestridande
1164 1260 39 20 av
1225 1247 187 32 kostnader
1433 1246 53 31 för
1509 1245 137 32 militär-

410 1304 234 41 meteorologisk
670 1301 332 43 informationstjänst
1024 1301 53 31 för
1099 1300 204 41 budgetåret
1327 1297 178 39 1931/1932
1529 1296 119 32 anvisa

413 1359 49 30 ett
484 1358 95 30 extra
601 1353 268 43 förslagsanslag
892 1364 40 21 av
956 1352 114 39 17,000
1091 1352 136 31 kronor.

197 1460 104 43 138:0)
323 1460 127 42 Kungl.
467 1459 99 41 Maj:t
581 1458 62 32 har
657 1456 178 42 föreslagit
849 1455 183 40 riksdagen
1050 1453 121 42 (punkt
1188 1451 70 42 155)
1273 1454 50 29 att
1339 1451 74 32 dels
1433 1450 11 31 i
1460 1450 187 31 riksstaten

142 1513 148 41 uppföra
312 1513 50 31 ett
385 1510 170 32 ordinarie
579 1508 128 42 anslag,
730 1508 164 31 benämnt
931 1503 407 41 »Kommunalutskylder
1371 1502 52 31 för
1445 1495 203 50 försvarsvär-

144 1563 141 32 sendets
323 1562 54 32 till
413 1559 293 44 tjänstebostäder
741 1558 167 42 upplåtna
930 1556 211 41 fastigheter,
1165 1553 297 42 förslagsanslag»,
1487 1552 74 30 dels
1585 1551 63 31 ock

144 1614 110 32 under
276 1614 95 31 detta
395 1612 118 41 anslag
535 1610 120 32 anvisa
678 1611 49 30 ett
749 1609 127 40 belopp
898 1619 39 20 av
958 1607 115 38 83,000
1094 1606 134 31 kronor.

197 1708 19 31 I
249 1718 42 21 en
314 1706 54 32 till
392 1706 81 32 1930
496 1706 54 30 års
577 1703 141 42 riksdag
740 1702 143 37 avlåten,
908 1701 67 31 den
998 1701 38 31 21
1061 1698 150 32 februari
1237 1699 80 31 1930
1340 1695 212 43 dagtecknad
1575 1706 74 31 pro-

146 1758 154 43 position
334 1757 51 42 (nr
410 1755 69 42 135)
511 1754 214 33 framställde
757 1753 127 41 Kungl.
909 1751 97 42 Maj:t
1040 1751 127 40 förslag
1201 1748 174 42 angående
1398 1746 184 42 gäldandet
1610 1757 40 19 av

147 1811 111 30 staten
292 1807 178 42 åliggande
503 1805 220 33 kommunala
756 1803 63 32 och
854 1802 106 32 andra
992 1801 178 41 utskylder
1203 1800 52 31 för
1277 1799 92 31 vissa
1385 1799 266 30 försvarsväsen-

146 1860 77 32 dets
255 1858 210 42 fastigheter.
509 1856 182 41 Förslaget
712 1854 153 38 innebar,
888 1852 105 33 bland
1016 1853 113 36 annat,
1153 1852 50 29 att
1226 1850 41 31 de
1291 1847 261 42 skatteutgifter,
1577 1858 74 20 som

148 1910 138 41 belöpte
310 1911 19 29 å
344 1906 334 34 försvarsväsendets
696 1907 112 30 såsom
825 1901 292 44 tjänstebostäder
1132 1901 166 41 upplåtna
1313 1899 210 41 fastigheter,
1541 1897 111 31 skulle

148 1962 53 31 för
232 1960 213 41 budgetåren
480 1956 181 41 1929/1930
694 1956 64 31 och
795 1954 176 39 1930/1931
999 1952 172 32 bestridas
1206 1962 39 20 av
1268 1950 41 31 de
1334 1949 126 40 anslag,
1486 1948 52 31 till
1561 1947 91 31 vilka

147 2011 236 33 inkomsterna
416 2020 40 20 av
489 2007 102 32 dessa
613 2006 201 41 fastigheter
836 2004 128 41 inflyta,
989 2003 31 31 d.
1044 2014 28 19 v.
1098 2013 25 20 s.
1147 2000 193 42 respektive
1363 2000 290 39 försvarsgrenars

148 2060 172 34 ordinarie
343 2057 307 42 avlöningsanslag.
699 2057 122 31 Såsom
854 2055 145 39 framgår
1022 2065 40 19 av
1086 2052 58 31 det
1166 2051 56 32 vid
1247 2050 260 42 propositionen
1530 2048 123 41 fogade

149 2112 159 41 utdraget
341 2122 40 20 av
416 2107 388 43 statsrådsprotokollet,
839 2105 135 42 yttrade
1008 2102 191 33 emellertid
1232 2100 246 42 föredragande
1502 2100 152 41 departe-

150 2162 235 33 mentschefen
408 2160 12 32 i
443 2159 200 40 anslutning
666 2158 53 31 till
742 2157 66 32 den
826 2155 221 42 ståndpunkt,
1066 2165 74 20 som
1156 2154 11 30 i
1184 2152 141 32 ärendet
1340 2151 142 42 intagits
1500 2161 39 20 av
1556 2151 99 30 stats-

149 2214 162 31 kontoret
344 2211 65 32 och
433 2208 409 41 riksräkenskapsverket,
869 2208 50 30 att
941 2206 11 31 i
976 2204 167 33 samband
1166 2203 78 32 med
1267 2202 239 42 uppgörandet
1529 2211 40 20 av
1592 2200 63 30 för-

151 2265 73 40 slag
258 2262 52 32 till
343 2262 142 31 riksstat
517 2260 53 31 för
602 2259 203 41 budgetåret
830 2257 178 36 1931/1932
1031 2254 108 32 borde
1162 2256 95 38 tagas
1280 2253 109 30 under
1413 2246 242 50 övervägande,

151 2312 169 35 huruvida
342 2312 74 31 icke
440 2311 51 31 för
513 2309 223 32 bestridande
759 2319 39 20 av
821 2305 256 42 ifrågavarande
1099 2303 254 41 skatteutgifter
1369 2302 108 31 skulle
1494 2302 51 30 för
1561 2301 96 30 fram-

153 2365 95 32 tiden
282 2362 110 32 under
414 2360 108 42 fjärde
544 2359 220 32 huvudtiteln
788 2357 166 41 uppföras
977 2358 48 29 ett
1049 2354 147 37 särskilt,
1220 2354 52 30 för
1295 2353 42 31 de
1360 2354 51 29 tre
1435 2352 223 38 försvarsgre-

153 2427 107 21 narna
281 2413 212 43 gemensamt
515 2409 234 40 skatteanslag
771 2419 39 20 av
833 2406 286 40 förslagsanslags
1143 2406 108 29 natur.

207 2465 126 42 Kungl.
358 2462 117 42 Maj:ts
498 2460 219 42 proposition
740 2458 117 32 bifölls
881 2469 40 19 av
943 2456 191 40 riksdagen.

1698 974 137 24 Utskottets

1700 1008 129 31 yttrande.

1682 1456 171 25 Kommunal-

1674 1491 134 31 utskylder
1826 1491 43 30 för

1705 1527 128 27 försvars-

1674 1562 137 23 väsendets
1831 1559 40 24 till

1718 1595 108 31 tjänste-

1711 1630 119 23 bostäder

1706 1664 132 31 upplåtna

1689 1699 161 31 fastigheter.

1713 1741 119 46 [155.]
