1886 2832
81 864 138 25 Utskottets

89 900 129 29 yttrande.

88 1930 110 24 Arméns

54 1966 176 22 reservstater.

94 2007 95 46 [10.]

282 169 38 30 12
766 175 229 30 Statsutskottets
1017 179 146 28 utlåtande
1184 181 49 26 Nr
1254 180 30 32 4,

280 244 66 32 den
371 256 74 20 som
469 246 84 32 efter
576 247 111 32 denne
710 251 176 40 övertager
908 251 112 40 lönen,
1044 254 133 31 medför
1199 266 42 20 en
1263 256 127 32 faktisk
1412 257 185 44 besparing
1612 260 53 32 för
1681 263 98 31 stats-

279 287 125 31 verket.
450 288 75 31 Den
560 289 104 41 höjda
686 291 450 44 medelbefordringsåldern
1159 296 62 31 har
1243 298 148 32 medfört
1414 301 49 30 ett
1486 301 85 31 efter
1593 302 92 32 hand
1708 304 72 31 allt-

279 339 72 21 mer
374 329 80 31 ökat
487 332 90 30 antal
610 332 174 42 löntagare
817 334 95 32 inom
936 336 66 31 den
1024 337 124 41 högsta
1169 339 218 33 löneklassen
1411 352 41 20 av
1474 344 192 40 respektive
1688 345 90 33 löne-

278 371 122 40 grader
422 372 78 31 med
522 374 36 40 ty
580 375 186 40 åtföljande
789 376 109 32 ökade
921 379 140 40 utgifter
1083 380 53 31 för
1158 382 213 32 statsverket.
1408 383 121 33 Såsom
1553 387 49 30 ett
1624 384 154 49 exempel

277 413 108 40 härpå
407 414 66 31 kan
496 416 144 39 anföras,
665 419 50 29 att
737 417 66 32 den
826 419 151 42 verkliga
999 421 193 32 kostnaden
1214 424 52 31 för
1288 424 99 32 löner
1408 426 54 31 till
1484 429 19 28 å
1519 429 69 30 stat
1603 431 175 40 upptagen

277 456 163 39 personal
472 456 57 31 vid
565 458 190 42 Alvsborgs
792 464 196 37 regemente
1025 464 158 40 utgjorde
1216 466 110 31 under
1358 467 205 42 budgetåret
1598 471 181 39 1929/1930

276 497 137 38 348,672
446 498 125 32 kronor
603 501 40 31 35
667 502 57 30 öre
747 504 71 29 mot
842 514 42 20 en
907 504 107 42 enligt
1038 506 81 31 1925
1141 508 55 30 års
1218 508 211 43 härordning
1452 511 171 32 beräknad
1646 514 131 40 utgifts-

277 540 69 30 stat
378 540 53 30 för
465 540 93 32 detta
590 542 157 32 ändamål
781 555 40 20 av
847 546 137 35 495,162
1006 547 135 36 kronor,
1166 549 100 32 alltså
1289 561 42 20 en
1355 552 221 32 merkostnad
1599 566 40 20 av
1661 556 116 38 53,510

275 581 128 31 kronor
425 582 40 31 35
488 585 57 29 öre
567 584 121 32 enbart
710 586 53 30 för
784 586 96 32 detta
894 592 203 37 regemente.
1122 591 54 30 En
1193 592 169 42 sänkning
1378 605 41 19 av
1434 596 342 43 medelbefordrings-

276 623 118 31 åldern
416 624 151 32 kommer
590 626 153 32 däremot
766 630 50 29 att
839 630 152 32 medföra
1014 642 42 20 en
1080 633 169 42 sänkning
1271 645 41 20 av
1334 635 204 33 lönestaten.

328 665 68 31 Till
419 667 65 30 sist
516 670 54 28 må
597 669 130 31 erinras
754 681 54 20 om
833 673 50 29 att
906 683 43 20 en
971 675 44 39 på
1038 673 95 32 detta
1156 677 68 30 sätt
1247 678 174 41 avgången
1445 680 160 39 personal
1628 681 146 39 alltjämt

273 707 156 32 kvarstår
452 711 111 29 såsom
588 721 42 20 en
653 711 57 31 vid
733 713 238 43 mobilisering
994 715 197 42 disponibel
1213 718 217 33 kvalificerad
1453 721 263 43 befälstillgång.

326 750 53 31 De
403 761 86 21 ovan
512 752 146 41 angivna
688 755 202 39 åtgärderna
912 757 98 31 torde
1032 758 116 32 kunna
1171 760 151 32 medföra
1344 763 209 32 åtminstone
1576 766 113 40 någon
1713 766 62 31 för-

273 791 152 42 bättring
447 793 12 31 i
482 793 40 31 de
545 794 150 32 rådande
718 796 112 42 dåliga
854 797 476 44 befordringsförhållandena
1352 804 94 31 inom
1470 809 145 28 armén.»

324 859 84 31 Med
441 861 132 41 hänsyn
596 862 53 31 till
672 875 47 19 nu
741 864 151 32 rådande
915 866 133 32 mindre
1070 878 224 31 gynnsamma
1316 871 456 43 befordringsförhållanden

270 909 53 31 för
356 913 135 29 arméns
524 914 160 39 personal
714 914 59 31 vill
797 915 58 31 det
878 927 102 30 synas
1003 918 169 32 utskottet
1196 930 73 21 som
1294 931 55 21 om
1372 922 94 31 vissa
1490 924 71 31 skäl
1585 925 111 32 talade
1720 926 53 32 för

270 959 206 42 vidtagande
499 973 39 20 av
560 964 157 40 åtgärder
739 964 10 31 i
774 965 66 31 den
864 977 40 20 av
920 967 214 32 motionären
1151 970 145 41 angivna
1311 971 206 43 riktningen.
1542 975 75 31 Vad
1634 976 139 32 särskilt

270 1010 162 32 beträffar
453 1012 116 41 frågan
593 1024 55 20 om
672 1015 276 33 återbesättande
972 1029 39 19 av
1034 1018 42 31 de
1099 1019 145 32 vakanta
1260 1019 510 52 reservstatsbeställningarna,

269 1060 59 31 vill
352 1062 168 31 utskottet
544 1063 111 32 erinra
678 1076 54 19 om
756 1067 49 30 att
827 1066 59 31 vid
910 1068 81 31 1930
1013 1070 54 29 års
1090 1069 139 43 riksdag
1250 1072 130 41 förslag
1401 1073 12 30 i
1437 1074 122 31 sådant
1574 1075 196 33 hänseende

268 1110 184 33 framlades
486 1124 39 20 av
557 1113 126 42 Kungl.
708 1115 105 41 Maj:t.
859 1116 197 43 Riksdagen
1091 1122 105 40 ansåg
1223 1122 200 39 emellertid,
1448 1126 49 29 att
1519 1125 53 31 för
1595 1125 57 32 det
1676 1126 94 32 dåva-

268 1161 105 32 rande
397 1164 104 39 något
523 1164 276 33 återbesättande
822 1178 40 19 av
879 1167 190 33 deistaten
1085 1172 176 40 upptagna
1272 1174 499 44 reservstatsbeställningarna

267 1211 75 32 icke
364 1212 108 32 borde
495 1215 62 40 äga
578 1226 85 20 rum.
707 1215 201 33 Sedermera
930 1218 62 31 har
1014 1230 41 20 en
1079 1221 184 42 utredning
1285 1224 147 31 rörande
1454 1225 316 34 försvarsväsendet

266 1262 12 31 i
301 1262 81 32 dess
405 1263 117 32 helhet
543 1264 191 42 igångsatts
758 1267 64 31 och
844 1267 118 42 frågan
986 1280 55 20 om
1064 1274 229 29 reservstaten
1316 1274 99 31 torde
1438 1274 91 32 bliva
1551 1276 142 33 föremål
1716 1278 53 31 för

266 1312 217 33 bedömande
504 1315 11 30 i
540 1315 165 32 samband
728 1317 77 31 med
829 1318 113 31 denna
964 1320 193 42 utredning.
1182 1322 180 33 Utskottet
1377 1324 173 33 förväntar
1566 1324 201 49 emellertid,

266 1365 58 35 att,
358 1363 54 32 för
445 1364 66 32 den
544 1365 165 33 händelse
742 1367 58 32 det
834 1368 111 32 skulle
978 1370 73 31 visa
1078 1371 53 41 sig
1154 1373 161 31 önskvärt
1338 1376 50 30 att
1411 1376 208 32 återbesätta
1641 1389 125 21 reserv-

266 1414 382 43 statsbeställningarna
670 1417 83 31 eller
774 1418 12 31 i
809 1418 111 42 övrigt
942 1420 137 42 vidtaga
1101 1422 158 41 åtgärder
1280 1424 11 30 i
1316 1435 40 20 av
1379 1425 218 33 motionären
1621 1428 145 41 angiven

264 1463 162 43 riktning,
454 1465 250 43 framställning
725 1468 11 30 i
761 1469 123 31 sådant
905 1470 197 33 hänseende
1125 1472 152 33 kommer
1299 1477 50 29 att
1372 1478 110 39 göras,
1507 1477 194 33 oberoende
1724 1490 41 21 av

263 1514 170 32 huruvida
455 1516 65 31 den
543 1517 420 34 försvarskommissionen
979 1522 222 32 anförtrodda
1216 1525 229 42 utredningen
1462 1527 125 32 hunnit
1602 1529 161 33 avslutas.

263 1564 82 32 Med
378 1565 134 42 hänsyn
545 1567 53 31 till
631 1568 65 31 vad
730 1569 145 32 sålunda
906 1571 140 39 anförts,
1070 1573 62 31 har
1154 1575 168 31 utskottet
1344 1576 75 32 icke
1442 1580 114 29 ansett
1578 1579 187 43 anledning

262 1614 166 42 föreligga
450 1618 49 29 att
520 1617 126 32 föreslå
668 1619 182 42 riksdagen
874 1623 50 29 att
945 1621 53 32 för
1020 1624 210 32 närvarande
1252 1625 138 42 vidtaga
1413 1628 168 32 särskilda
1604 1630 157 41 åtgärder

261 1665 13 31 i
296 1666 151 31 ärendet.

313 1715 180 33 Utskottet
516 1718 199 33 hemställer
737 1721 109 38 alltså,

582 1779 50 29 att
664 1778 78 31 herr
767 1778 39 33 Å.
830 1779 195 42 Nylanders
1058 1782 221 34 förevarande
1309 1786 132 31 motion
1465 1786 37 42 (I:
1518 1788 71 42 151)
1611 1789 74 32 icke
1709 1793 54 29 må

529 1827 53 31 till
605 1830 112 39 någon
740 1829 203 42 riksdagens
966 1833 119 40 åtgärd
1107 1834 184 32 föranleda.

314 1919 82 41 11:0)
430 1920 124 42 Kungl.
584 1921 99 41 Maj:t
706 1922 60 32 har
787 1923 178 43 föreslagit
986 1926 183 41 riksdagen
1192 1927 120 42 (punkt
1338 1930 48 41 10)
1409 1933 51 29 att
1482 1932 74 31 dels
1579 1934 181 40 godkänna

260 1969 42 31 de
334 1969 58 31 vid
417 1971 378 42 statsrådsprotokollet
817 1976 81 29 över
920 1975 300 34 försvarsärenden
1245 1979 66 31 den
1334 1980 19 31 3
1374 1980 135 42 januari
1534 1983 78 31 1931
1636 1984 124 41 fogade

258 2019 129 41 förslag
421 2020 53 31 till
508 2023 105 29 stater
646 2023 52 30 för
721 2024 173 31 officerare
918 2026 63 30 och
1004 2027 285 33 underofficerare
1313 2031 19 29 å
1355 2034 186 29 reservstat
1563 2033 57 31 vid
1643 2037 116 29 armén

260 2072 88 29 samt
370 2070 53 31 för
445 2071 278 33 fältläkarkårens
746 2077 195 36 reservstat,
966 2078 49 29 att
1037 2078 90 40 gälla
1149 2078 53 31 för
1223 2079 204 41 budgetåret
1451 2082 188 40 1931/1932,

311 2120 75 31 dels
421 2121 163 41 medgiva,
620 2125 49 29 att
695 2125 170 40 personal,
891 2136 74 21 som
988 2127 78 31 med
1088 2130 69 29 rätt
1179 2128 53 32 till
1254 2131 148 39 pension
1425 2132 110 32 under
1557 2129 203 51 budgetåret

260 2171 180 38 1931/1932
473 2174 100 39 avgår
601 2173 74 31 från
699 2177 134 29 arméns
856 2178 232 38 reservstater,
1114 2180 54 29 må
1191 2180 109 31 under
1323 2181 54 31 sin
1401 2183 216 32 återstående
1640 2185 118 32 livstid

258 2221 155 41 uppbära
446 2222 146 41 pension
626 2235 40 19 av
700 2225 199 32 statsmedel
934 2227 77 31 med
1045 2228 42 31 de
1121 2229 11 30 i
1154 2229 224 34 förenämnda
1400 2232 205 42 kungörelse
1628 2235 67 31 den
1720 2237 38 30 18

255 2270 75 40 juni
355 2272 82 31 1923
459 2272 50 40 (nr
532 2273 70 41 289)
625 2274 146 42 angivna
792 2276 138 43 belopp,

309 2321 75 32 dels
420 2323 62 31 ock
514 2324 134 31 minska
681 2326 171 32 ordinarie
885 2328 304 43 förslagsanslaget
1219 2331 52 31 till
1295 2336 136 29 arméns
1454 2337 231 37 reservstater,
1710 2347 46 20 nu

256 2371 136 38 690,000
414 2373 134 39 kronor,
573 2375 78 31 med
674 2376 93 38 9,000
788 2377 128 32 kronor
938 2379 54 31 till
1014 2380 136 38 681,000
1172 2381 134 32 kronor.

307 2421 220 34 Beträffande
560 2426 229 42 utredningen
822 2428 11 30 i
868 2429 141 32 ärendet
1042 2431 50 31 får
1125 2431 169 33 utskottet
1327 2434 144 32 hänvisa
1501 2436 52 31 till
1577 2437 179 32 statsråds-

254 2472 211 41 protokollet
488 2475 61 31 sid.
574 2476 133 32 30—32.
