2212 2644
350 216 119 33 Första
487 215 232 32 Kammarens
745 212 177 40 Tillfälliga
952 210 138 33 Utskotts
1116 209 75 39 (N:o
1211 210 34 37 2)
1277 206 171 35 Utlåtande
1472 206 64 33 N:o
1557 206 30 31 8.
1750 204 20 31 d

177 310 142 35 komme
351 308 62 35 vid
448 308 122 35 andra.
628 306 97 34 Herr
761 304 191 36 statsrådet
985 303 84 35 sade
1103 301 55 47 sig
1194 300 106 36 äfven
1336 311 85 24 vara
1454 297 212 48 öfvertygad
1702 308 68 31 om,

178 368 52 31 att
271 363 55 35 för
368 363 69 34 den
478 360 173 36 händelse
692 359 37 35 vi
768 358 80 35 haft
883 358 60 35 det
977 355 237 37 österrikiska
1250 356 171 46 systemet
1454 353 66 34 här
1555 350 215 47 tillämpadt,

178 418 117 35 skulle
323 429 71 34 nog
422 429 44 22 en
495 415 67 35 och
590 426 130 31 annan,
752 425 74 22 som
855 411 122 36 blifvit
1004 409 203 44 befordrad,
1239 411 45 44 på
1312 406 246 48 välgrundade
1587 405 79 35 skäl
1692 403 82 35 icke

178 471 108 36 hafva
314 470 123 35 blifvit
464 470 69 34 det.

284 525 97 35 Herr
423 523 192 35 statsrådet
656 521 123 35 tillade
824 519 136 35 vidare:
1027 518 125 35 »Hade
1194 516 37 35 vi
1273 515 133 35 sådana
1439 513 91 47 prof,
1562 524 84 24 vore
1674 523 97 34 rege-

179 578 240 36 mentschefer
453 577 67 34 och
552 573 348 47 fördelningschefer
935 571 218 36 inskränkta
1184 570 56 35 till
1275 572 53 32 att
1360 568 130 35 föreslå
1526 567 143 42 sådana,
1701 577 74 22 som

179 635 208 45 genomgått
420 630 162 47 profven,
622 641 81 22 men
731 628 56 34 för
816 626 109 47 öfrigt
953 638 84 23 vore
1067 626 43 34 de
1139 622 278 44 bestämmelser,
1447 620 38 36 vi
1514 621 111 34 redan
1653 618 119 44 hafva,

181 686 113 47 enligt
323 685 75 35 min
427 683 147 47 mening
603 683 84 34 fullt
714 680 368 36 tillfredsställande.
1065 676 20 61 >

287 739 218 36 Nuvarande
540 737 129 35 chefen
704 735 55 35 för
793 735 122 45 kongl.
950 731 547 46 landtförsvarsdepartementet
1534 728 65 34 har
1628 726 150 36 sålunda

180 797 117 33 varmt
324 793 130 35 uttalat
482 791 54 46 sig
565 791 55 34 för
648 789 206 35 införandet
882 788 13 34 i
923 790 63 33 vår
1014 789 97 32 armé
1140 785 39 35 af
1205 785 132 35 sådana
1365 780 306 49 kompetensprof,
1702 792 74 22 som

181 848 40 35 af
259 847 222 35 motionären
523 843 213 47 föreslagits.
796 842 67 35 Om
898 844 19 32 å
951 853 67 23 ena
1053 840 105 35 sidan
1193 838 106 35 äfven
1335 836 118 47 villigt
1481 836 75 34 kan
1585 834 189 43 erkännas,

182 905 52 32 att
266 901 205 46 derigenom
510 901 37 32 åt
582 896 402 46 befordringsväsendet
1012 894 97 35 inom
1138 894 121 34 armén
1288 894 89 32 utan
1405 890 128 35 tvifvel
1562 888 117 35 skulle
1708 887 67 35 för-

182 956 100 34 länas
321 967 44 22 en
399 952 250 46 likformighet
686 951 67 34 och
781 950 238 45 konseqvens,
1051 960 75 22 som
1159 959 50 21 nu
1244 946 63 34 der
1335 945 100 34 torde
1464 943 144 43 saknas,
1640 944 37 32 så
1705 941 74 34 kan

183 1009 92 35 dock
314 1008 177 35 måhända
519 1008 20 32 å
568 1006 112 34 andra
708 1003 103 36 sidan
840 1003 80 35 icke
949 1001 181 43 förnekas,
1161 1003 52 32 att
1241 997 242 47 anordningar
1512 997 41 34 af
1578 996 97 34 detta
1704 995 76 45 slag

182 1062 186 47 lätteligen
411 1063 45 44 på
498 1062 175 44 papperet
711 1057 36 35 få
783 1060 52 32 ett
869 1057 182 43 utseende,
1088 1067 75 22 som
1191 1053 115 35 lofvar
1335 1064 107 31 mera,
1473 1056 45 29 än
1548 1050 44 34 de
1620 1049 62 36 vid
1711 1049 69 34 den

183 1116 191 47 praktiska
419 1113 279 47 tillämpningen
740 1111 78 36 visa
860 1110 55 47 sig
956 1110 13 34 i
1011 1108 129 49 sjelfva
1180 1107 128 35 verket
1349 1105 173 35 innebära
1565 1103 66 36 och
1671 1102 107 35 hålla.

184 1170 202 35 Afsevärda
429 1167 224 47 svårigheter
693 1166 102 34 torde
829 1165 178 35 dessutom
1044 1163 116 34 under
1188 1160 208 36 nuvarande
1425 1156 354 48 arméorganisation,

184 1225 69 34 och
291 1224 82 34 med
415 1222 133 35 fästadt
590 1220 168 35 afseende
788 1218 172 48 derjemte
995 1216 63 36 vid
1091 1216 60 34 det
1184 1218 79 41 sätt,
1300 1216 46 44 på
1378 1212 142 36 hvilket
1554 1212 43 34 de
1625 1210 157 35 militära

186 1277 215 46 öfningarna
429 1276 14 34 i
470 1277 80 33 vårt
578 1274 85 34 land
692 1278 59 29 äro
781 1272 168 43 ordnade,
979 1270 102 35 tiden
1110 1269 55 35 för
1193 1269 102 34 deras
1325 1266 208 35 afhållande
1563 1265 63 35 och
1657 1263 124 36 varak-

185 1331 127 46 tighet,
349 1330 105 46 lägga
485 1328 131 35 hinder
644 1326 12 35 i
684 1332 117 41 vägen
830 1325 54 35 för
913 1323 248 36 anordnandet
1189 1321 39 35 af
1253 1321 133 35 sådana
1414 1318 299 47 kompetensprof
1738 1319 46 44 på

186 1389 51 31 ett
264 1387 75 32 mot
367 1382 202 36 ändamålet
598 1380 185 44 svarande,
816 1379 82 35 fullt
925 1377 166 47 limpligt
1119 1376 66 35 och
1213 1373 333 37 tillfredsställande
1575 1375 79 31 sätt.

294 1438 68 34 Om
391 1437 150 34 sålunda
570 1435 44 34 de
643 1434 166 43 fördelar,
842 1445 71 23 som
944 1443 128 35 genom
1101 1429 206 36 införandet
1335 1427 13 35 i
1376 1430 63 32 vär
1467 1428 98 33 armé
1595 1425 39 35 af
1651 1425 133 35 sådana

186 1492 84 47 prof
296 1491 116 35 skulle
440 1489 220 47 tillskyndas
689 1486 404 47 befordringsväsendet
1121 1484 13 34 i
1163 1484 79 34 dess
1271 1482 133 43 helhet,
1435 1480 80 35 icke
1544 1480 87 34 böra
1656 1479 127 34 under-

186 1546 149 44 skattas,
367 1547 38 33 så
433 1556 107 35 synes
570 1543 60 34 det
659 1542 92 34 dock
780 1541 125 35 kunna
934 1543 109 32 sättas
1072 1538 13 35 i
1114 1538 111 46 fråga,
1256 1549 57 22 om
1343 1536 42 34 de
1414 1540 60 30 äro
1504 1533 84 35 fullt
1607 1533 176 46 passande

187 1600 54 35 för
269 1601 87 33 våra
384 1597 261 36 förhållanden.

293 1653 102 34 Inom
425 1665 44 21 en
498 1654 74 32 stor
601 1650 58 34 del
686 1648 195 35 utländska
910 1641 136 41 arméer
1074 1645 109 35 hafva
1203 1644 125 48 dylika
1348 1643 83 47 prof
1447 1642 30 47 ej
1500 1641 115 35 heller
1634 1639 152 36 kommit

188 1707 54 35 till
271 1705 244 46 användning.

293 1760 171 34 Deremot
491 1759 117 33 finnas
643 1756 10 34 i
683 1760 129 30 nästan
841 1755 69 34 alla
938 1755 103 33 dessa
1070 1754 136 33 arméer
1235 1751 112 35 andra
1375 1749 237 39 föreskrifter,
1641 1747 143 35 hvilkas

186 1813 189 35 införande
418 1813 63 34 hos
529 1823 57 23 oss
628 1810 110 35 borde
779 1821 87 22 vara
907 1808 65 34 lätt
1015 1810 53 32 att
1110 1805 255 35 åstadkomma.
1423 1804 57 33 En
1523 1803 111 34 sådan
1677 1812 108 35 synes

187 1868 176 34 utskottet
392 1866 12 34 i
433 1866 149 34 främsta
610 1866 154 32 rummet
791 1875 86 21 vara
906 1862 43 34 de
978 1860 113 47 årliga
1119 1858 240 45 befordrings-
1390 1857 85 34 eller
1505 1854 280 48 qvalifikations-

187 1921 111 43 listor,
317 1932 72 23 som
420 1919 100 35 skola
549 1918 40 35 af
614 1916 268 37 vederbörande
912 1914 121 36 chefer
1060 1915 188 45 upprättas
1277 1912 65 34 och
1374 1910 55 35 till
1458 1911 44 34 de
1523 1908 260 36 öfverordnade

187 1974 182 35 insändas.
428 1973 79 34 Som
539 1972 61 34 det
627 1984 50 21 nu
707 1975 49 38 är,
787 1969 184 35 innehålla
999 1968 44 34 de
1072 1964 373 45 befordringsförslag,
1469 1976 75 22 som
1566 1963 80 34 från
1665 1962 121 35 veder-

189 2028 158 34 börande
376 2026 180 42 insändas,
579 2025 126 34 endast
724 2026 52 32 ett
796 2022 123 35 enkelt
938 2020 256 47 tillstyrkande
1214 2019 39 34 af
1270 2019 88 34 dens
1378 2018 86 34 eller
1484 2018 89 33 dens
1593 2015 193 35 befordran

188 2081 55 34 till
273 2081 69 33 den
371 2078 274 46 ifrågavarande
675 2076 173 47 tjensten;
879 2077 118 43 någon
1026 2072 216 45 motivering
1271 2071 121 35 derför
1419 2070 117 45 gifves
1566 2069 91 34 icke.

294 2133 166 34 Rörande
504 2142 195 35 personens
740 2134 165 29 närmare
948 2125 289 47 qvalifikationer
1280 2124 55 34 för
1369 2124 158 47 tjensten
1567 2121 221 35 förekomma

188 2187 128 34 endast
348 2184 176 46 muntliga
561 2182 270 36 meddelanden.
891 2181 72 34 Det
1000 2191 107 35 synes
1141 2178 214 46 uppenbart,
1393 2180 50 31 att
1477 2176 100 34 detta
1605 2174 79 35 icke
1713 2173 75 34 kan

189 2252 103 23 anses
321 2237 343 37 tillfredsställande.
724 2236 170 34 Deremot
923 2236 112 32 måste
1064 2235 51 32 ett
1144 2231 190 45 åliggande
1364 2230 54 34 för
1446 2229 172 35 cheferna
1638 2230 51 32 att
1709 2227 78 34 föra

188 2294 66 35 och
284 2293 137 46 årligen
450 2291 152 35 insända
631 2288 183 47 skriftliga
835 2285 382 48 qvalifikationslistor,
1240 2296 112 23 såsom
1376 2283 11 35 i
1407 2284 43 34 de
1470 2283 103 34 flesta
1592 2280 197 36 utländska
