2206 2622
435 194 20 32 2
905 191 269 34 Statsutskottets
1203 191 185 33 Ullåtande
1411 191 65 33 N:o
1500 192 51 31 74.

596 283 79 38 dels
716 285 58 35 att
817 285 57 35 ett
916 284 23 35 å
973 293 155 26 samma
1155 281 117 37 karta
1300 279 93 38 med
1421 279 99 38 röda
1547 279 121 48 linjer
1696 278 194 46 utmärkt,
1922 281 106 34 öster

437 349 66 27 om
544 336 225 49 Vistebyån
802 335 116 38 invid
946 335 350 48 skogsängsvägen
1326 333 76 38 och
1431 332 103 38 midt
1563 334 108 36 emot
1699 331 144 38 skolan
1872 331 156 48 beläget

437 390 163 39 område
643 403 66 25 om
752 390 49 37 39
845 401 54 34 ar,
944 387 216 39 bestående
1201 387 42 38 af
1285 387 111 38 delar
1430 386 42 38 af
1514 386 280 48 ägofigurerna
1827 385 77 37 n:is
1939 385 87 44 394,

438 443 126 40 394!/2
596 444 75 37 och
700 441 141 47 3943/4,
863 442 192 38 likaledes
1074 444 125 35 måtte
1218 441 92 36 från
1330 441 233 37 hemmanet
1587 438 213 38 afsöndras
1821 441 105 35 samt
1946 441 84 34 mot

437 511 50 25 en
528 496 271 49 köpeskilling
841 496 43 37 af
920 497 74 37 100
1023 496 151 36 kronor
1202 494 75 38 och
1305 494 14 37 i
1348 494 125 47 öfrigt
1500 495 53 46 på
1581 492 49 38 de
1658 492 14 37 i
1702 493 77 37 6:te
1809 494 221 35 momentet

439 552 42 37 af
507 550 269 39 förenämnda
804 549 213 38 skrifvelse
1042 548 166 48 angifna
1226 547 149 38 villkor
1394 546 189 49 försäljas
1602 545 62 38 till
1684 545 135 38 änkan
1839 545 192 37 Johanna

438 605 196 37 Eriksson
663 604 92 37 med
782 603 281 38 tillträdesrätt
1092 601 78 38 den
1200 603 49 35 14
1277 613 110 25 mars
1417 600 114 45 1908,

599 658 79 37 dels
706 658 65 36 ock
798 659 60 35 att
887 656 48 38 de
964 656 141 45 medel,
1136 667 86 25 som
1247 667 146 36 genom
1413 652 310 49 ifrågavarande
1742 651 290 48 försäljningar

439 713 149 44 inflöte,
633 713 135 44 måtte,
811 712 54 46 på
907 722 154 26 samma
1103 711 80 35 sätt
1224 720 86 25 som
1353 706 372 49 köpeskillingarna
1758 706 66 36 för
1853 704 179 38 försålda

440 765 157 38 mindre
639 763 383 49 kronoegendomar,
1067 761 208 39 användas
1309 761 63 38 till
1404 761 125 47 inköp
1559 760 66 37 för
1652 759 179 39 kronans
1860 758 173 47 räkning

441 819 42 37 af
510 817 278 50 skogbärande
817 817 97 37 eller
941 816 61 38 till
1031 815 258 49 skogsodling
1317 814 145 49 tjänlig
1490 813 126 37 mark.

600 871 457 48 Departementschefen
1113 870 74 36 har
1232 868 172 37 rörande
1447 867 111 37 detta
1599 865 147 38 ärende
1789 864 62 38 till
1894 865 138 37 ofvan-

441 925 178 38 nämnda
647 923 403 49 statsrådsprotokoll
1079 923 137 37 anfört
1244 921 200 48 följande:

606 979 41 36 »I
690 977 253 48 underdånig
983 975 212 39 skrifvelse
1238 975 77 37 den
1358 974 50 37 20
1451 973 183 37 sistlidne
1662 972 77 48 juli
1767 972 75 36 har
1871 971 162 37 domän-

442 1032 196 49 styrelsen
667 1031 163 46 anmält,
861 1033 60 35 att
949 1030 70 37 vid
1047 1029 78 37 den
1146 1030 23 35 5
1189 1028 226 48 september
1436 1027 102 37 1905
1559 1028 23 35 å
1601 1026 112 37 förra
1731 1024 304 38 fänriksbostäl-

441 1086 55 38 let
538 1087 22 35 1
604 1085 153 37 mantal
797 1083 173 49 Visteby
1011 1095 67 25 n:o
1123 1083 20 36 1
1186 1082 13 37 i
1227 1081 136 38 Rasbo
1392 1080 148 38 socken
1569 1080 75 37 och
1673 1079 136 37 Rasbo
1838 1077 128 38 härad
1994 1078 42 36 af

443 1139 182 48 Uppsala
653 1139 67 36 län
748 1137 137 38 hållen
913 1136 296 49 uppskattning
1237 1135 65 37 för
1321 1133 176 49 förnyad
1516 1132 309 47 utarrendering
1844 1132 94 36 från
1958 1130 77 38 den

446 1194 48 36 14
535 1205 109 25 mars
679 1192 101 37 1908
810 1191 43 37 af
882 1191 109 37 detta
1019 1190 201 44 hemman,
1251 1200 87 25 som
1367 1187 187 37 lämnade
1583 1198 85 25 mer
1697 1188 51 35 än
1779 1185 76 37 600
1885 1185 152 37 kronor

443 1247 13 36 i
491 1246 118 48 årligt
638 1245 178 45 arrende,
847 1243 496 49 uppskattningsmännen
1372 1241 121 37 väckt
1521 1239 152 48 förslag
1703 1251 65 25 om
1799 1237 238 48 afsöndring

445 1300 75 37 och
560 1299 244 48 försäljning
847 1298 43 37 af
931 1298 108 37 vissa
1080 1295 62 39 till
1174 1296 233 37 hemmanet
1434 1293 180 38 hörande
1644 1292 287 49 ägoområden;
1962 1291 75 37 och

444 1354 74 37 har
560 1351 350 49 domänstyrelsen
952 1350 129 38 under
1123 1348 254 48 åberopande
1411 1348 42 36 af
1482 1347 88 37 7:de
1599 1348 222 35 momentet
1849 1345 14 36 i
1892 1344 146 49 nådiga

445 1406 242 39 skrifvelsen
729 1405 61 38 till
832 1404 196 49 styrelsen
1058 1403 77 38 den
1165 1402 49 37 25
1244 1401 226 48 september
1500 1401 103 37 1896
1632 1398 208 49 angående
1869 1398 168 37 bestäm-

445 1460 144 38 melser
618 1463 59 34 att
704 1459 114 48 tjäna
845 1458 64 38 till
937 1456 263 39 efterrättelse
1228 1456 14 36 i
1270 1456 116 47 fråga
1414 1467 65 25 om
1508 1453 253 49 lägenheters
1790 1450 248 49 upplåtande

445 1514 92 37 från
584 1513 178 37 kronans
807 1510 425 50 jordbruksdomäner,
1276 1507 241 39 underställt
1560 1506 78 38 den
1680 1505 172 39 sålunda
1894 1505 145 37 väckta

445 1568 144 47 frågan
618 1566 148 48 Kungl.
798 1565 140 48 Maj:ts
967 1564 146 48 nådiga
1141 1562 203 49 pröfning.
1402 1560 157 38 Därvid
1586 1561 75 36 har
1690 1558 348 49 domänstyrelsen

445 1620 131 39 tillika
623 1619 270 39 öfverlämnat
939 1619 286 37 instrumentet
1271 1616 117 37 öfver
1433 1613 270 39 förenämnda
1743 1612 296 48 uppskattning

447 1677 105 35 samt
594 1673 130 48 öfriga
765 1672 167 38 ärendet
964 1670 243 39 tillhörande
1236 1669 252 48 handlingar,
1520 1666 213 39 däribland
1761 1678 51 25 en
1841 1666 42 37 af
1912 1665 46 38 O.
1989 1665 47 36 R.

447 1728 42 37 af
529 1727 91 38 Uhr
662 1726 70 38 vid
772 1726 91 48 laga
905 1725 124 38 skifte
1071 1727 96 35 åren
1211 1722 261 39 1850—1851
1516 1719 221 50 upprättad
1779 1720 117 36 karta
1925 1719 114 37 öfver

447 1784 151 45 ägorna
644 1780 62 38 till
751 1779 171 49 Visteby
963 1779 54 48 by
1059 1779 105 36 samt
1204 1788 50 26 en
1296 1776 43 37 af
1379 1776 126 36 förste
1546 1773 298 38 landtmätaren
1887 1772 44 37 F.
1975 1771 62 38 W.

447 1834 208 48 Mossberg
683 1835 44 35 år
756 1833 104 38 1904
889 1833 115 37 öfver
1032 1832 232 36 hemmanet
1292 1828 207 49 uppgjord
1528 1827 266 47 beskrifning.

607 1888 58 36 Af
693 1886 271 38 omförmälda
991 1884 242 48 handlingar
1260 1883 217 45 inhämtas,

608 1944 59 34 att
695 1941 233 37 hemmanet
955 1937 224 39 innehåller
1207 1948 49 26 en
1286 1934 280 49 sammanlagd
1596 1933 107 38 areal
1732 1933 43 37 af
1800 1933 75 37 105
1897 1932 144 37 hektar

447 1996 78 44 40,7
557 2007 59 35 ar;

608 2051 59 34 att
686 2047 497 48 uppskattningsmännen
1202 2047 132 34 ansett
1353 2043 68 37 det
1440 2045 44 35 så
1503 2041 158 38 kallade
1682 2039 355 44 Sandbolsskiftet,

448 2114 86 25 som
576 2101 165 38 bestode
784 2101 42 37 af
868 2103 58 34 ett
967 2102 23 34 å
1018 2097 266 39 förenämnda
1312 2097 118 36 karta
1456 2095 63 38 till
1547 2095 90 38 sina
1664 2097 167 46 gränser
1859 2092 181 38 utmärkt

448 2155 174 45 område,
654 2153 281 39 innefattande
964 2153 278 47 ägofigurerna
1273 2150 77 37 n:is
1379 2152 35 43 7,
1446 2150 34 45 8,
1513 2148 167 46 13—19,
1723 2146 115 46 19!/2,
1870 2144 168 45 22-—24,

448 2207 114 46 241/4,
595 2207 115 46 24!/3,
741 2208 61 45 25,
834 2207 90 44 448,
955 2206 76 36 449
1061 2208 105 35 samt
1194 2204 109 38 delar
1332 2203 42 37 af
1403 2203 278 48 ägofigurerna
1708 2201 78 37 n:is
1816 2201 35 44 6,
1893 2199 61 44 12,
1977 2197 61 44 20,

448 2260 61 46 26,
554 2262 77 37 450
675 2261 75 37 och
792 2261 78 37 485
914 2258 92 38 med
1047 2270 50 26 en
1131 2256 280 48 sammanlagd
1439 2255 107 38 areal
1574 2255 43 37 af
1645 2256 25 35 4
1698 2254 146 38 hektar
1874 2252 79 44 22,2
1985 2262 54 33 ar,

449 2317 103 35 samt
587 2314 68 38 det
688 2317 43 35 så
763 2313 158 38 kallade
950 2311 346 49 Långlötsskiftet,
1340 2309 217 38 bestående
1586 2308 43 38 af
1656 2308 281 48 ägofigurerna
1965 2303 76 38 n:is

1399 2391 13 9 .
