1908 2830
564 153 274 31 Statsutskottets
860 154 175 30 utlåtande
1058 164 40 20 nr
1125 155 69 30 126.
1595 152 17 29 9

151 237 14 29 I
194 237 151 30 avbidan
375 237 45 36 på
446 238 164 29 närmare
638 237 240 31 erfarenheter
906 238 64 30 har
1001 239 169 35 styrelsen
1197 239 80 30 med
1304 239 309 37 hänsynstagande

106 287 50 30 till
184 287 93 31 olika
301 287 44 38 på
372 287 204 37 spörsmålet
601 288 213 31 inverkande
838 289 294 37 omständigheter
1157 293 140 27 stannat
1323 290 58 30 vid
1407 292 50 28 att
1483 289 126 32 föreslå

106 341 49 29 att
180 339 41 29 40
248 335 43 37 ?/o
314 348 43 21 av
381 339 55 31 det
463 339 55 30 för
540 340 101 29 nästa
664 338 168 38 budgetår
857 340 198 30 beräknade
1084 341 261 36 sammanlagda
1371 341 237 36 investerings-

104 389 162 37 beloppet
291 389 110 31 skulle
426 390 212 30 omedelbart
662 390 180 30 avskrivas
869 391 80 30 med
977 391 232 30 skattemedel.
1249 391 207 31 Utarbetade
1482 392 129 35 förslag

107 439 51 30 till
186 439 392 37 avskrivningsgrunder
604 441 111 31 skulle
743 440 209 36 framläggas
980 449 120 22 senare
1125 441 79 30 med
1231 441 304 37 hänsynstagande
1562 442 50 30 till

106 491 565 37 flygplatsekonomisakkunnigas
694 491 162 31 blivande
880 492 130 37 förslag
1031 492 10 30 i
1063 493 125 30 ämnet.

152 542 14 30 I
189 541 199 38 anslutning
408 542 116 30 härtill
544 543 65 30 har
627 543 324 37 luftfartsstyrelsen
972 543 185 36 föreslagit,
1181 546 48 28 att
1249 543 21 31 å
1289 543 204 32 riksstatens
1510 544 102 36 sjätte

106 592 193 32 huvudtitel
321 593 138 30 anvisas
475 596 47 28 ett
542 593 138 32 särskilt
700 594 129 36 anslag,
849 594 167 30 benämnt
1037 594 104 30 Extra
1162 594 189 37 ersättning
1370 595 50 30 till
1439 595 170 30 luftfarts-

962 643 9 9 o

108 643 146 33 fondens
285 643 443 38 värdeminskningskonto,
760 647 89 27 samt
878 647 50 27 att
957 654 20 20 å
1006 644 336 37 investeringsstaten
1373 649 168 33 upptages
1571 654 41 21 en

105 695 243 30 motsvarande
369 695 80 36 titel,
471 695 176 30 benämnd
668 695 361 36 Avskrivningsmedel
1054 695 78 31 från
1154 696 195 30 riksstaten.

151 745 388 38 Departementschefen
558 746 64 30 har
641 746 222 30 beträffande
879 755 48 21 nu
945 746 148 30 berörda
1112 744 117 38 frågor
1249 746 117 31 anfört
1383 745 165 37 följande.

153 804 64 31 Vid
237 805 163 30 anmälan
420 815 41 20 av
482 805 342 37 luftfartsstyrelsens
844 805 130 36 förslag
993 804 50 31 till
1063 804 146 37 ändring
1228 814 41 21 av
1290 804 322 36 kapitalbudgetens

107 847 246 36 uppställning,
371 847 102 31 såvitt
490 856 99 21 avser
608 847 297 35 luftfartsfonden,
923 848 65 30 har
1003 847 59 36 jag
1080 848 12 29 i
1110 847 183 31 huvudsak
1313 848 142 31 anslutit
1471 848 70 36 mig
1560 846 51 32 till

108 891 66 29 vad
200 890 166 37 styrelsen
392 890 176 36 föreslagit
595 890 223 30 beträffande
843 890 281 36 uppställningen
1152 900 42 20 av
1222 890 390 36 investeringsanslagen

109 941 44 21 m.
173 942 46 20 m.
242 932 62 36 Jag
325 932 65 30 har
408 931 147 32 sålunda
573 932 108 30 bland
701 937 107 26 annat
830 933 173 36 tillstyrkt,
1026 936 49 28 att
1095 932 20 31 å
1137 932 286 31 luftfartsfonden
1445 932 167 37 uppföres

108 977 47 28 ett
180 975 138 30 särskilt
346 974 352 37 dispositionsanslag,
726 975 219 30 konstruerat
975 975 104 36 enligt
1106 984 133 23 samma
1265 975 174 36 principer
1469 985 75 20 som
1571 975 41 30 de

109 1017 279 30 affärsdrivande
402 1017 144 30 verkens
562 1018 242 29 motsvarande
819 1018 128 36 anslag.
965 1017 211 36 Härigenom
1191 1018 65 30 har
1270 1017 180 37 möjlighet
1463 1019 149 35 öppnats

108 1059 56 31 för
179 1059 322 40 luftfartsstyrelsen
519 1063 49 27 att
581 1059 133 31 erhålla
730 1069 134 20 samma
881 1059 234 31 rörelsefrihet
1129 1060 222 30 beträffande
1364 1060 248 36 dispositionen

108 1111 43 20 av
168 1102 336 36 investeringsmedel
524 1111 75 21 som
618 1102 55 30 för
692 1102 217 30 närvarande
928 1102 212 31 tillkommer
1158 1102 40 30 de
1221 1103 96 30 äldre
1334 1103 278 30 affärsdrivande

109 1144 136 30 verken.

151 1185 414 38 Avskrivningsfrågorna
584 1186 46 31 ha
649 1187 156 30 däremot
826 1185 114 33 såsom
962 1187 94 30 förut
1077 1188 138 30 nämnts
1236 1188 148 30 lämnats
1406 1189 126 35 öppna.
1557 1187 55 31 Se-

108 1229 69 29 dan
197 1228 323 38 luftfartsstyrelsen
544 1236 108 29 avgav
674 1229 56 32 sitt
751 1229 139 36 förslag,
913 1229 45 31 ha
981 1230 99 29 dessa
1100 1228 117 37 frågor
1238 1230 146 31 kommit
1403 1231 12 29 i
1437 1234 47 27 ett
1506 1229 106 31 delvis

107 1274 77 33 nytt
203 1271 74 36 läge
295 1279 125 28 genom
441 1271 42 30 de
504 1271 226 37 utredningar
751 1281 74 21 som
849 1272 193 31 verkställts
1064 1281 43 21 av
1130 1272 481 37 flygplatsekonomisakkun-

108 1313 81 36 niga
208 1318 89 26 samt
314 1314 42 30 de
374 1314 262 35 överväganden
656 1324 74 21 som
733 1309 21 46 i
777 1314 199 37 anslutning
994 1314 114 31 därtill
1128 1314 106 37 gjorts
1253 1315 58 30 vid
1328 1316 284 30 statsmakternas

109 1356 169 36 prövning
297 1366 42 20 av
358 1355 123 37 frågan
500 1366 59 20 om
578 1356 215 37 anläggande
813 1366 42 21 av
873 1366 44 21 en
940 1356 235 37 storflygplats
1195 1357 58 31 vid
1275 1357 193 36 Halmsjön.
1490 1358 50 30 De
1561 1358 51 30 in-

108 1398 211 37 vesteringar
334 1399 10 29 i
362 1399 297 35 luftfartsfonden,
677 1408 74 21 som
766 1400 164 29 beslutats
947 1409 42 21 av
1009 1400 83 30 1946
1109 1399 55 31 års
1182 1399 228 37 höstriksdag,
1428 1401 66 29 och
1512 1401 41 30 de
1571 1410 42 20 av

108 1441 70 36 mig
197 1441 10 29 i
228 1441 446 36 statsverkspropositionen
693 1441 187 37 tillstyrkta
899 1441 197 37 ytterligare
1114 1442 295 36 investeringarna
1427 1443 60 30 äro
1509 1442 104 36 enligt

108 1483 72 30 min
197 1483 139 37 mening
355 1493 42 21 av
414 1483 108 30 sådan
539 1484 206 30 ekonomisk
763 1484 173 36 betydelse
954 1484 55 30 för
1026 1484 116 37 flyget,
1161 1487 50 27 att
1229 1484 41 31 de
1286 1485 77 31 icke
1378 1485 85 31 böra
1482 1485 130 30 avskri-

108 1535 59 20 vas
188 1526 203 30 annorledes
412 1527 46 29 än
475 1533 125 28 genom
621 1525 198 36 sedvanliga
839 1526 237 35 avsättningar
1097 1526 51 30 till
1169 1526 441 37 värdeminskningskonto.

109 1567 64 31 Det
191 1568 97 30 torde
304 1568 188 30 ankomma
510 1567 46 36 på
575 1567 123 37 Kungl.
717 1567 102 36 Maj:t
836 1571 49 28 att
904 1568 88 31 efter
1008 1568 131 37 förslag
1155 1578 42 21 av
1215 1568 322 37 luftfartsstyrelsen
1556 1571 54 29 be-

108 1610 89 30 sluta
212 1620 57 21 om
284 1611 197 35 grunderna
497 1610 56 30 för
569 1609 108 33 sådan
695 1610 232 36 avskrivning.
946 1610 123 31 Därest
1086 1611 113 30 beslut
1214 1611 185 31 framdeles
1416 1612 111 31 skulle
1544 1612 68 30 fat-

107 1655 52 27 tas
179 1662 57 20 om
255 1653 185 29 utförande
460 1662 42 20 av
522 1652 76 32 icke
619 1652 159 31 räntabla
799 1652 249 36 investeringar
1067 1653 10 30 i
1099 1653 147 37 flygfält,
1269 1654 97 30 torde
1389 1653 223 36 avskrivning

106 1694 10 29 1
138 1695 151 35 enlighet
310 1695 80 29 med
411 1695 426 36 riksräkenskapsverkets
861 1695 131 37 förslag
1012 1696 85 31 böra
1122 1696 60 30 ske
1205 1697 82 30 över
1307 1696 304 36 avskrivningshu-

107 1736 169 31 vudtiteln
294 1737 65 30 och
380 1737 76 30 icke
475 1737 144 30 medelst
639 1738 119 35 anslag
778 1737 164 31 anvisade
962 1737 110 31 under
1092 1737 101 36 sjätte
1211 1738 227 31 huvudtiteln.

151 1778 75 30 Vad
244 1778 108 37 angår
372 1779 42 30 de
433 1779 94 30 äldre
550 1779 293 36 investeringarna
863 1779 9 30 i
894 1780 287 30 luftfartsfonden
1202 1781 48 30 ha
1270 1780 341 37 flygplatsekonomi-

108 1821 218 36 sakkunniga
341 1821 197 36 visserligen
556 1822 207 31 medräknat
781 1822 98 30 dessa
896 1822 57 30 vid
972 1823 75 31 sina
1065 1822 387 37 räntabilitetskalkyler
1468 1834 78 20 men
1565 1825 46 29 ha

107 1862 20 31 å
150 1863 108 30 andra
284 1864 98 29 sidan
404 1868 111 27 ansett
538 1864 56 30 det
617 1864 174 35 knappast
813 1865 119 29 kunna
956 1865 135 35 krävas,
1116 1869 48 26 att
1190 1865 189 36 luftfarten,
1403 1866 108 30 innan
1534 1867 76 30 dess

107 1905 161 35 ställning
293 1906 94 28 inom
413 1905 487 31 kommunikationsväsendet
926 1906 98 30 blivit
1051 1906 129 31 fastare
1207 1907 167 37 grundad,
1403 1908 111 30 skulle
1539 1908 71 30 för-

107 1948 101 29 ränta
227 1947 130 35 jämväl
379 1948 97 29 dessa
498 1947 257 36 investeringar.
781 1947 66 30 För
868 1956 82 27 egen
975 1948 53 30 del
1051 1949 64 29 har
1135 1949 58 35 jag
1213 1950 56 29 vid
1290 1950 163 29 anmälan
1476 1960 43 20 av
1542 1949 68 31 frå-

106 1997 65 26 gan
194 1999 56 19 om
272 1990 179 35 byggande
474 1998 41 20 av
537 1999 42 20 en
601 1990 236 36 storflygplats
860 1991 133 35 uttalat,
1017 1994 50 27 att
1088 2000 81 22 man
1191 1991 57 30 vid
1271 1992 276 31 bestämmandet
1569 2002 41 21 av

106 2031 369 36 förräntningsplikten
496 2031 208 31 åtminstone
724 2032 68 30 tills
811 2032 118 30 vidare
948 2033 107 29 borde
1079 2033 119 30 kunna
1217 2034 113 30 bortse
1351 2033 77 31 från
1451 2035 42 31 de
1514 2034 94 36 kapi-

107 2074 235 29 talkostnader
364 2084 72 20 som
455 2074 172 29 hänförde
650 2075 50 35 sig
722 2074 47 30 till
791 2075 104 29 redan
918 2074 122 36 gjorda
1061 2075 254 37 investeringar.

150 2116 337 36 Luftfartsstyrelsen
512 2117 64 29 har
598 2117 57 29 vid
677 2117 49 29 sin
751 2117 212 35 behandling
985 2127 43 20 av
1051 2117 403 37 avskrivningsfrågorna
1479 2119 130 36 jämväl

106 2158 157 35 upptagit
292 2159 202 34 spörsmålet
523 2168 56 20 om
610 2159 63 29 den
707 2160 197 33 ersättning,
935 2170 74 19 som
1037 2160 107 30 borde
1172 2160 79 35 utgå
1281 2161 55 29 för
1365 2161 148 31 militära
1545 2162 64 29 och

105 2200 109 30 andra
234 2201 134 34 statliga
390 2201 165 35 flygplan,
577 2201 90 30 vilka
689 2202 152 34 begagna
863 2202 64 30 den
950 2201 100 32 civila
1073 2202 388 35 markorganisationen.
1484 2204 125 36 Styrel-

107 2251 57 21 sen
181 2260 44 2 —
241 2252 72 21 som
332 2247 110 25 ansett
457 2243 147 34 avgifter
619 2244 55 29 för
689 2243 129 30 sådana
834 2244 80 35 plan
933 2244 84 29 böra
1034 2244 81 34 utgå
1131 2245 118 29 endast
1269 2246 5 28 i
1292 2246 168 30 särskilda
1477 2246 132 29 undan-

107 2284 134 34 tagsfall
258 2302 44 2 —
321 2285 62 29 har
400 2289 108 26 ansett
526 2286 73 28 skäl
619 2286 164 33 föreligga
800 2289 48 25 att
867 2296 41 19 av
928 2286 110 29 denna
1058 2286 185 35 anledning
1263 2288 176 28 nedräkna
1458 2288 55 29 det
1532 2289 76 29 rän-

107 2326 173 35 tepliktiga
304 2327 173 33 kapitalet.
501 2327 419 35 Riksräkenskapsverket
941 2328 63 28 har
1027 2328 151 30 däremot
1207 2328 186 35 ifrågasatt,
1417 2333 48 26 att
1489 2331 117 28 ersätt-

106 2368 305 35 ningsspörsmålet
426 2369 108 28 borde
550 2370 88 27 lösas
656 2377 120 26 genom
797 2369 187 29 anvisande
1003 2379 40 19 av
1063 2373 42 26 ett
1127 2371 134 29 särskilt
1283 2371 326 35 ersättningsanslag

105 2410 16 29 å
149 2411 264 33 driftbudgeten.
441 2411 113 34 Enligt
579 2410 70 29 min
677 2411 138 34 mening
841 2412 63 28 bör
927 2421 79 20 man
1033 2411 66 30 tills
1124 2412 116 30 vidare
1263 2413 117 30 kunna
1409 2423 83 20 anse
1516 2415 92 29 detta

106 2452 166 36 spörsmål
300 2453 61 29 löst
386 2453 198 33 därigenom
610 2457 47 27 att
680 2453 84 29 krav
787 2453 73 29 icke
883 2453 190 35 uppställas
1097 2453 43 36 på
1165 2454 216 36 förräntning
1406 2465 43 20 av
1473 2456 135 30 huvud-
