2249 2766
500 183 18 37 2
663 183 113 29 Första
803 181 209 29 Kammarens
1039 177 177 38 Tillfälliga
1248 175 138 32 Utskotts
1410 175 75 41 (N:o
1509 176 33 37 2)
1570 174 169 30 Utlåtande
1764 174 58 29 N:o
1846 175 25 28 3.

459 270 113 36 söder
599 269 69 36 och
691 266 240 38 destinerade
961 264 207 45 vestvardt,
1197 277 85 23 men
1302 263 65 37 vid
1388 261 231 50 Skagerrack
1641 261 178 36 mötande
1847 260 94 36 hård
1971 265 93 31 mot-

461 320 100 45 vind,
579 328 90 29 enär
685 319 64 36 det
765 319 80 36 icke
863 317 78 37 ofta
961 316 109 37 torde
1087 315 151 37 inträffa
1253 321 54 30 att
1335 314 126 50 fartyg
1488 314 11 34 i
1530 312 103 37 detta
1659 312 66 36 fall
1753 313 134 43 skulle,
1915 315 50 46 på
1992 316 74 31 sätt

459 372 199 49 uppgifvet
699 370 136 44 blifvit,
879 369 177 48 antingen
1098 367 142 48 nödgas
1284 365 207 37 återvända
1519 364 71 36 den
1618 363 134 50 farliga
1780 371 121 40 vägen
1929 376 137 35 genom

459 423 179 48 Kattegat
679 423 58 35 till
778 420 212 48 Helsingör,
1034 420 92 35 eller
1167 424 79 30 mot
1288 418 74 47 hög
1400 417 56 47 sjö
1485 428 130 36 pressa
1643 415 60 48 sig
1730 415 96 36 fram
1854 414 58 36 till
1940 413 126 36 Norsk

459 474 125 36 hamn.
640 473 74 37 Det
742 485 111 37 synes
881 471 190 48 nemligen
1100 482 151 24 snarare
1280 469 92 35 böra
1402 474 152 42 antagas
1584 471 54 31 att
1665 465 136 50 fartyg,
1836 479 61 22 om
1927 465 44 35 de
2001 463 66 37 vid

461 524 149 50 Skagen
639 529 102 32 möta
769 523 138 47 vestlig
934 528 130 37 storm,
1094 520 130 36 heldre
1253 528 46 28 än
1329 526 53 29 att
1410 519 101 47 välja
1539 520 122 46 någon
1690 517 39 36 af
1754 517 46 36 de
1828 515 84 37 utaf
1926 516 139 36 motio-

462 585 116 27 nären
621 574 168 51 antydda
831 579 170 43 utvägar,
1043 573 106 35 skola
1189 572 91 35 söka
1321 576 53 30 att
1407 571 11 34 i
1455 570 64 36 det
1546 569 148 47 längsta
1721 569 101 35 hålla
1849 568 94 47 sjön,
1973 567 93 35 eller

463 629 91 35 söka
575 628 37 35 lä
639 627 120 36 under
787 625 136 36 Jutska
951 625 146 43 kusten,
1127 623 69 36 och
1224 622 94 36 först
1345 622 11 35 i
1384 625 161 47 yttersta
1573 619 143 36 nödfall
1748 620 149 35 besluta
1925 618 56 48 sig
2008 617 58 36 för

465 685 54 31 att
548 682 123 33 såsom
699 676 259 38 vinddrifvare
989 676 89 35 söka
1098 674 144 37 Svensk
1270 674 129 43 hamn;
1428 673 11 34 i
1467 671 143 36 hvilket
1631 671 64 35 fall
1712 671 64 36 det
1791 683 109 37 synes
1918 668 146 37 mindre

463 731 134 47 troligt
625 736 53 30 att
708 729 45 36 de
783 728 48 36 då
859 728 120 36 skulle
1008 726 143 36 erhålla
1179 724 149 37 tillfälle
1358 730 54 30 att
1439 724 172 47 begagna
1639 723 58 47 sig
1725 722 39 36 af
1787 723 127 42 lotsar,
1935 720 130 36 statio-

463 781 140 36 nerade
632 781 63 36 vid
724 779 157 48 Skagen.
937 778 72 35 För
1039 777 46 36 de
1112 776 127 48 fartyg
1267 779 90 40 åter,
1387 788 82 23 som
1498 774 175 46 antingen
1704 774 32 45 ej
1767 773 128 35 kunna
1921 767 78 64 söka
2019 771 47 35 lä

464 832 121 35 under
626 830 169 43 Jutland,
839 830 92 34 eller
972 828 136 34 hunnit
1152 828 129 46 längre
1323 830 41 30 ut
1397 826 11 33 i
1441 822 244 49 Skagerrack,
1721 822 47 35 då
1802 822 72 36 den
1908 821 159 47 vestliga

465 889 164 30 stormen
672 886 129 38 mötte,
830 892 112 37 synes
985 878 72 36 den
1090 884 116 41 utväg
1238 876 236 48 naturligast,
1506 879 52 31 att
1587 874 89 35 söka
1705 873 122 37 Norsk
1856 873 125 40 hamn,
2010 871 57 36 för

465 939 54 30 att
546 934 80 35 icke
656 932 125 36 afvika
809 930 126 37 alltför
964 929 150 49 mycket
1141 928 81 36 från
1251 928 128 35 kosan.

600 983 52 36 Af
676 988 119 30 större
825 994 98 35 gagn
952 993 109 36 synes
1092 979 171 36 deremot
1292 979 159 47 tillgång
1480 979 47 45 på
1556 977 115 34 lotsar
1706 978 19 31 å
1760 974 62 36 det
1854 974 215 47 föreslagna

466 1036 128 35 stället
637 1047 88 23 vara
764 1033 57 36 för
863 1032 45 35 de
949 1031 135 49 fartyg,
1127 1043 81 22 som
1248 1029 151 35 komma
1440 1026 223 37 vesterifrån
1705 1025 118 36 under
1851 1031 118 30 storm
1999 1024 69 35 och

464 1085 164 37 behöfva
668 1085 128 48 inlöpa
836 1084 11 34 i
888 1083 129 43 hamn;
1060 1094 84 23 men
1185 1083 48 46 på
1275 1079 63 36 det
1367 1084 54 30 att
1451 1078 63 35 det
1545 1076 157 37 afsedda
1731 1075 213 36 ändamålet
1972 1075 95 35 skall

463 1136 243 48 fullständigt
733 1136 145 42 vinnas,
908 1133 200 43 erfordras,
1138 1131 93 36 efter
1259 1129 214 36 Utskottets
1493 1128 125 43 tanke,
1639 1133 138 30 tvänne
1797 1126 137 49 fartyg,
1956 1126 111 35 alter-

465 1187 168 36 nerande
662 1186 87 36 med
777 1184 224 43 hvarandra,
1032 1183 65 35 det
1124 1195 70 23 ena
1221 1180 250 37 stationeradt
1499 1179 121 35 under
1648 1177 147 48 Skagen
1825 1177 86 35 med
1939 1177 128 42 lotsar,

466 1238 65 36 det
560 1237 119 37 andra
706 1236 56 36 för
793 1242 53 30 att
874 1236 12 35 i
914 1233 168 38 Svenska
1102 1233 157 36 hamnar
1286 1231 199 49 uppsamla
1514 1230 68 35 och
1611 1229 57 35 till
1698 1228 188 36 stationen
1907 1226 164 37 återföra

466 1289 47 35 de
556 1290 129 39 lotsar,
728 1300 80 22 som
852 1286 39 35 af
927 1285 125 48 fartyg
1092 1283 126 36 blifvit
1246 1282 189 35 landsatte
1469 1284 48 45 på
1550 1280 100 35 olika
1682 1280 142 46 platser
1853 1282 19 31 å
1901 1276 168 37 Svenska

466 1339 148 35 kusten.
670 1336 219 37 Kostnaden
933 1335 125 36 derför
1098 1333 109 37 torde
1242 1333 31 47 ej
1311 1331 119 37 blifva
1463 1334 40 33 så
1530 1331 119 47 ringa,
1678 1328 166 36 särdeles
1874 1341 81 23 som
1984 1327 86 35 aflö-

466 1390 138 48 ningen
645 1388 57 37 för
745 1388 107 36 desse
894 1388 118 34 lotsar
1053 1385 210 48 säkerligen
1299 1383 80 36 icke
1414 1385 48 46 på
1494 1383 105 46 långt
1632 1387 68 28 när
1729 1379 124 36 kunde
1883 1377 188 37 bestridas

466 1453 137 36 genom
633 1440 72 35 den
734 1437 192 49 tillfälliga
954 1438 213 34 inkomsten
1197 1435 38 36 af
1258 1434 298 48 lotspenningar,
1587 1444 79 23 som
1697 1430 39 36 af
1761 1430 44 36 de
1835 1427 236 50 hjelpbehöf-

468 1491 120 35 vande
631 1490 171 49 fartygen
846 1488 159 41 erlades,
1046 1494 90 29 utan
1166 1487 121 35 skulle
1315 1484 76 50 fyr-
1421 1484 67 35 och
1518 1482 227 36 båkmedlen
1773 1480 190 36 sannolikt
1990 1480 81 34 icke

468 1541 216 50 obetydligt
724 1546 105 43 tagas
871 1540 11 35 i
916 1538 161 49 anspråk
1120 1537 58 36 för
1205 1535 223 37 tilldelande
1457 1534 39 36 af
1519 1533 71 36 fast
1619 1533 62 35 lön
1711 1537 36 30 åt
1776 1536 53 31 ett
1856 1531 81 35 icke
1966 1530 107 48 ringa

469 1593 99 36 antal
604 1593 130 43 lotsar,
768 1604 80 23 som
884 1590 97 36 blott
1013 1588 242 48 tillfälligtvis
1284 1586 125 36 kunde
1438 1585 144 37 erhålla
1609 1586 123 45 någon
1761 1587 108 31 extra
1895 1582 176 35 inkomst.

603 1643 57 35 Då
700 1642 196 36 Utskottet
935 1641 81 35 icke
1046 1647 40 28 är
1120 1640 11 33 i
1165 1638 149 36 tillfälle
1344 1643 53 30 att
1425 1635 145 44 utreda,
1601 1633 189 36 huruvida
1819 1632 45 36 de
1893 1632 177 42 fördelar,

469 1707 80 23 som
580 1692 181 49 sjöfarten
788 1693 72 34 kan
889 1692 127 35 hemta
1046 1689 38 36 af
1110 1689 72 36 den
1210 1688 213 46 föreslagna
1452 1685 193 50 åtgärden,
1667 1687 60 33 må
1740 1684 128 35 kunna
1883 1689 190 29 motsvara

469 1745 46 35 de
547 1744 169 43 dermed,
747 1744 117 46 enligt
894 1742 212 35 Utskottets
1135 1740 125 43 tanke,
1288 1738 179 36 förenade
1497 1737 32 47 ej
1561 1735 222 49 obetydliga
1805 1733 266 42 kostnaderna,

470 1808 85 23 men
596 1794 195 36 Utskottet
833 1806 106 23 anser
982 1798 53 30 att
1077 1804 85 22 man
1191 1791 31 46 ej
1254 1790 68 35 bör
1364 1793 179 32 motsätta
1570 1787 57 47 sig
1655 1785 97 36 hvad
1782 1797 82 23 som
1894 1784 178 47 möjligen

468 1846 73 35 kan
572 1858 90 23 vara
690 1844 39 36 af
751 1857 98 35 gagn
878 1843 56 35 för
963 1842 192 48 sjöfarten,
1197 1841 111 35 hvars
1344 1837 291 38 underlättande
1670 1834 271 49 obestridligen
1971 1841 40 28 är
2039 1832 39 37 af

469 1902 79 30 stor
588 1896 81 47 vigt
709 1895 58 35 för
807 1894 140 43 landet,
983 1896 50 40 så,
1069 1892 118 36 ehuru
1221 1890 196 36 Utskottet
1446 1891 9 34 i
1485 1889 189 46 åtskilliga
1714 1886 164 48 speciela
1906 1885 104 35 delar
2038 1883 39 36 af

468 1945 144 49 frågan,
654 1946 57 35 för
752 1945 128 36 hvilka
923 1944 63 35 det
1026 1942 125 37 blefve
1184 1941 57 36 för
1275 1941 195 49 vidlyftigt
1499 1945 53 31 att
1580 1938 67 35 här
1674 1944 173 28 närmare
1876 1935 196 48 redogöra,

469 1997 114 49 hyser
626 1997 149 47 åsigter,
819 2008 80 22 som
940 1994 80 35 icke
1062 1994 10 36 i
1115 1994 73 35 allo
1230 1992 337 36 öfverensstämma
1594 1987 87 37 med
1709 1986 99 37 hvad
1839 1986 236 36 motionären

467 2043 132 95 pirat,
644 2047 69 35 och
754 2047 34 47 ej
831 2046 122 35 heller
994 2057 109 23 anser
1137 2043 63 36 det
1227 2042 233 42 välbetänkt,
1491 2047 54 30 att
1572 2040 94 35 fatta
1695 2038 188 35 definitivt
1911 2037 125 35 beslut
2064 2036 11 34 i

486 2101 129 41 rågan,
660 2099 114 36 innan
815 2094 270 39 förutnämnda
1112 2093 324 49 omständigheter
1463 2091 126 38 blifvit
1616 2097 172 28 närmare
1817 2087 175 44 utredda,
2020 2086 57 36 får

471 2107 198 93 Utskottet
699 2148 118 35 likväl
846 2147 210 44 hemställa,
1082 2151 54 30 att
1164 2145 134 36 Första
1324 2144 228 36 Kammaren
1571 2141 89 36 ville
1679 2139 59 37 för
1757 2140 56 35 sin
1834 2139 60 36 del
1913 2138 163 43 besluta,

876 2203 59 31 att
961 2196 215 49 Riksdagen
1205 2198 115 35 måtte
1349 2196 55 34 uti
1432 2192 238 47 underdånig
1699 2190 196 36 skrifvelse
1913 2188 163 42 anhålla,

876 2248 65 36 det
981 2245 133 50 Kongl.
1156 2246 116 48 Maj:t,
1314 2246 94 36 efter
1443 2245 157 46 behörig
1633 2241 203 48 utredning
1865 2240 39 36 af
1929 2239 45 35 de
2002 2238 73 35 för-
