<?xml version="1.0" encoding="UTF-8"?>
<alto xmlns="http://www.loc.gov/standards/alto/ns-v3#" xmlns:xlink="http://www.w3.org/1999/xlink" xmlns:xsi="http://www.w3.org/2001/XMLSchema-instance" xsi:schemaLocation="http://www.loc.gov/standards/alto/ns-v3# http://www.loc.gov/alto/v3/alto-3-0.xsd">
	<Description>
		<MeasurementUnit>pixel</MeasurementUnit>
		<sourceImageInformation>
			<fileName>/tmp/tess_mh5hsq9p_input.PNG</fileName>
		</sourceImageInformation>
		<OCRProcessing ID="OCR_0">
			<ocrProcessingStep>
				<processingSoftware>
					<softwareName>tesseract 5.3.0</softwareName>
				</processingSoftware>
			</ocrProcessingStep>
		</OCRProcessing>
	</Description>
	<Layout>
		<Page WIDTH="1862" HEIGHT="2796" PHYSICAL_IMG_NR="0" ID="page_0">
			<PrintSpace HPOS="0" VPOS="0" WIDTH="1862" HEIGHT="2796">
				<ComposedBlock ID="cblock_0" HPOS="584" VPOS="181" WIDTH="1028" HEIGHT="39">
					<TextBlock ID="block_0" HPOS="584" VPOS="181" WIDTH="1028" HEIGHT="39">
						<TextLine ID="line_0" HPOS="584" VPOS="181" WIDTH="1028" HEIGHT="39">
							<String ID="string_0" HPOS="584" VPOS="181" WIDTH="253" HEIGHT="28" WC="0.90" CONTENT="Statsutskottets"/><SP WIDTH="24" VPOS="181" HPOS="837"/>
							<String ID="string_1" HPOS="861" VPOS="183" WIDTH="163" HEIGHT="28" WC="0.96" CONTENT="utlåtande"/><SP WIDTH="22" VPOS="183" HPOS="1024"/>
							<String ID="string_2" HPOS="1046" VPOS="192" WIDTH="40" HEIGHT="19" WC="0.95" CONTENT="nr"/><SP WIDTH="21" VPOS="192" HPOS="1086"/>
							<String ID="string_3" HPOS="1107" VPOS="185" WIDTH="27" HEIGHT="27" WC="0.95" CONTENT="5."/><SP WIDTH="436" VPOS="185" HPOS="1134"/>
							<String ID="string_4" HPOS="1570" VPOS="190" WIDTH="42" HEIGHT="30" WC="0.96" CONTENT="33"/>
						</TextLine>
					</TextBlock>
				</ComposedBlock>
				<ComposedBlock ID="cblock_1" HPOS="119" VPOS="258" WIDTH="1491" HEIGHT="99">
					<TextBlock ID="block_1" HPOS="119" VPOS="258" WIDTH="1491" HEIGHT="99">
						<TextLine ID="line_1" HPOS="119" VPOS="258" WIDTH="1491" HEIGHT="49">
							<String ID="string_5" HPOS="119" VPOS="258" WIDTH="314" HEIGHT="30" WC="0.90" CONTENT="materielärenden"/><SP WIDTH="23" VPOS="258" HPOS="433"/>
							<String ID="string_6" HPOS="456" VPOS="261" WIDTH="129" HEIGHT="29" WC="0.96" CONTENT="avsedd"/><SP WIDTH="22" VPOS="261" HPOS="585"/>
							<String ID="string_7" HPOS="607" VPOS="261" WIDTH="121" HEIGHT="39" WC="0.96" CONTENT="tjänst,"/><SP WIDTH="22" VPOS="261" HPOS="728"/>
							<String ID="string_8" HPOS="750" VPOS="262" WIDTH="118" HEIGHT="30" WC="0.96" CONTENT="vilken"/><SP WIDTH="23" VPOS="262" HPOS="868"/>
							<String ID="string_9" HPOS="891" VPOS="264" WIDTH="114" HEIGHT="29" WC="0.96" CONTENT="skulle"/><SP WIDTH="20" VPOS="264" HPOS="1005"/>
							<String ID="string_10" HPOS="1025" VPOS="264" WIDTH="46" HEIGHT="30" WC="0.93" CONTENT="ha"/><SP WIDTH="23" VPOS="264" HPOS="1071"/>
							<String ID="string_11" HPOS="1094" VPOS="265" WIDTH="171" HEIGHT="40" WC="0.92" CONTENT="indragits"/><SP WIDTH="23" VPOS="265" HPOS="1265"/>
							<String ID="string_12" HPOS="1288" VPOS="266" WIDTH="58" HEIGHT="30" WC="0.95" CONTENT="vid"/><SP WIDTH="23" VPOS="266" HPOS="1346"/>
							<String ID="string_13" HPOS="1369" VPOS="267" WIDTH="175" HEIGHT="40" WC="0.96" CONTENT="utgången"/><SP WIDTH="24" VPOS="267" HPOS="1544"/>
							<String ID="string_14" HPOS="1568" VPOS="277" WIDTH="42" HEIGHT="21" WC="0.96" CONTENT="av"/>
						</TextLine>
						<TextLine ID="line_2" HPOS="119" VPOS="310" WIDTH="1161" HEIGHT="47">
							<String ID="string_15" HPOS="119" VPOS="310" WIDTH="38" HEIGHT="30" WC="0.95" CONTENT="år"/><SP WIDTH="24" VPOS="310" HPOS="157"/>
							<String ID="string_16" HPOS="181" VPOS="310" WIDTH="95" HEIGHT="36" WC="0.90" CONTENT="1952,"/><SP WIDTH="23" VPOS="310" HPOS="276"/>
							<String ID="string_17" HPOS="299" VPOS="312" WIDTH="71" HEIGHT="30" WC="0.95" CONTENT="tills"/><SP WIDTH="21" VPOS="312" HPOS="370"/>
							<String ID="string_18" HPOS="391" VPOS="313" WIDTH="119" HEIGHT="30" WC="0.96" CONTENT="vidare"/><SP WIDTH="24" VPOS="313" HPOS="510"/>
							<String ID="string_19" HPOS="534" VPOS="314" WIDTH="56" HEIGHT="29" WC="0.96" CONTENT="får"/><SP WIDTH="20" VPOS="314" HPOS="590"/>
							<String ID="string_20" HPOS="610" VPOS="314" WIDTH="156" HEIGHT="31" WC="0.96" CONTENT="behållas"/><SP WIDTH="22" VPOS="314" HPOS="766"/>
							<String ID="string_21" HPOS="788" VPOS="316" WIDTH="97" HEIGHT="29" WC="0.93" CONTENT="inom"/><SP WIDTH="23" VPOS="316" HPOS="885"/>
							<String ID="string_22" HPOS="908" VPOS="317" WIDTH="372" HEIGHT="40" WC="0.91" CONTENT="krisorganisationen."/>
						</TextLine>
					</TextBlock>
				</ComposedBlock>
				<ComposedBlock ID="cblock_2" HPOS="115" VPOS="373" WIDTH="1494" HEIGHT="419">
					<TextBlock ID="block_2" HPOS="115" VPOS="373" WIDTH="1494" HEIGHT="419">
						<TextLine ID="line_3" HPOS="174" VPOS="373" WIDTH="1435" HEIGHT="50">
							<String ID="string_23" HPOS="174" VPOS="373" WIDTH="78" HEIGHT="30" WC="0.95" CONTENT="Med"/><SP WIDTH="24" VPOS="373" HPOS="252"/>
							<String ID="string_24" HPOS="276" VPOS="374" WIDTH="137" HEIGHT="40" WC="0.95" CONTENT="hänsyn"/><SP WIDTH="26" VPOS="374" HPOS="413"/>
							<String ID="string_25" HPOS="439" VPOS="375" WIDTH="53" HEIGHT="30" WC="0.95" CONTENT="till"/><SP WIDTH="25" VPOS="375" HPOS="492"/>
							<String ID="string_26" HPOS="517" VPOS="377" WIDTH="51" HEIGHT="28" WC="0.92" CONTENT="att"/><SP WIDTH="24" VPOS="377" HPOS="568"/>
							<String ID="string_27" HPOS="592" VPOS="377" WIDTH="375" HEIGHT="41" WC="0.91" CONTENT="arbetsförmedlingen"/><SP WIDTH="24" VPOS="377" HPOS="967"/>
							<String ID="string_28" HPOS="991" VPOS="379" WIDTH="64" HEIGHT="30" WC="0.96" CONTENT="har"/><SP WIDTH="25" VPOS="379" HPOS="1055"/>
							<String ID="string_29" HPOS="1080" VPOS="381" WIDTH="95" HEIGHT="30" WC="0.96" CONTENT="hand"/><SP WIDTH="26" VPOS="381" HPOS="1175"/>
							<String ID="string_30" HPOS="1201" VPOS="390" WIDTH="58" HEIGHT="21" WC="0.96" CONTENT="om"/><SP WIDTH="25" VPOS="390" HPOS="1259"/>
							<String ID="string_31" HPOS="1284" VPOS="382" WIDTH="257" HEIGHT="41" WC="0.95" CONTENT="förmedlingen"/><SP WIDTH="27" VPOS="382" HPOS="1541"/>
							<String ID="string_32" HPOS="1568" VPOS="393" WIDTH="41" HEIGHT="21" WC="0.95" CONTENT="av"/>
						</TextLine>
						<TextLine ID="line_4" HPOS="117" VPOS="426" WIDTH="1492" HEIGHT="44">
							<String ID="string_33" HPOS="117" VPOS="426" WIDTH="93" HEIGHT="31" WC="0.91" CONTENT="vissa"/><SP WIDTH="19" VPOS="426" HPOS="210"/>
							<String ID="string_34" HPOS="229" VPOS="428" WIDTH="231" HEIGHT="30" WC="0.91" CONTENT="lärarkrafter"/><SP WIDTH="15" VPOS="428" HPOS="460"/>
							<String ID="string_35" HPOS="475" VPOS="430" WIDTH="65" HEIGHT="29" WC="0.96" CONTENT="har"/><SP WIDTH="17" VPOS="430" HPOS="540"/>
							<String ID="string_36" HPOS="557" VPOS="431" WIDTH="183" HEIGHT="39" WC="0.96" CONTENT="praktiska"/><SP WIDTH="18" VPOS="431" HPOS="740"/>
							<String ID="string_37" HPOS="758" VPOS="432" WIDTH="77" HEIGHT="30" WC="0.96" CONTENT="skäl"/><SP WIDTH="17" VPOS="432" HPOS="835"/>
							<String ID="string_38" HPOS="852" VPOS="435" WIDTH="133" HEIGHT="28" WC="0.96" CONTENT="ansetts"/><SP WIDTH="18" VPOS="435" HPOS="985"/>
							<String ID="string_39" HPOS="1003" VPOS="434" WIDTH="72" HEIGHT="30" WC="0.96" CONTENT="tala"/><SP WIDTH="18" VPOS="434" HPOS="1075"/>
							<String ID="string_40" HPOS="1093" VPOS="434" WIDTH="54" HEIGHT="30" WC="0.96" CONTENT="för"/><SP WIDTH="18" VPOS="434" HPOS="1147"/>
							<String ID="string_41" HPOS="1165" VPOS="437" WIDTH="51" HEIGHT="27" WC="0.96" CONTENT="att"/><SP WIDTH="17" VPOS="437" HPOS="1216"/>
							<String ID="string_42" HPOS="1233" VPOS="436" WIDTH="106" HEIGHT="29" WC="0.96" CONTENT="också"/><SP WIDTH="19" VPOS="436" HPOS="1339"/>
							<String ID="string_43" HPOS="1358" VPOS="437" WIDTH="67" HEIGHT="29" WC="0.92" CONTENT="den"/><SP WIDTH="19" VPOS="437" HPOS="1425"/>
							<String ID="string_44" HPOS="1444" VPOS="437" WIDTH="165" HEIGHT="31" WC="0.91" CONTENT="lärarför-"/>
						</TextLine>
						<TextLine ID="line_5" HPOS="117" VPOS="481" WIDTH="1492" HEIGHT="45">
							<String ID="string_45" HPOS="117" VPOS="481" WIDTH="155" HEIGHT="40" WC="0.96" CONTENT="medling"/><SP WIDTH="19" VPOS="481" HPOS="272"/>
							<String ID="string_46" HPOS="291" VPOS="491" WIDTH="75" HEIGHT="20" WC="0.93" CONTENT="som"/><SP WIDTH="18" VPOS="491" HPOS="366"/>
							<String ID="string_47" HPOS="384" VPOS="483" WIDTH="195" HEIGHT="31" WC="0.91" CONTENT="handhafts"/><SP WIDTH="19" VPOS="483" HPOS="579"/>
							<String ID="string_48" HPOS="598" VPOS="494" WIDTH="42" HEIGHT="20" WC="0.93" CONTENT="av"/><SP WIDTH="20" VPOS="494" HPOS="640"/>
							<String ID="string_49" HPOS="660" VPOS="485" WIDTH="333" HEIGHT="41" WC="0.92" CONTENT="skolöverstyrelsen"/><SP WIDTH="19" VPOS="485" HPOS="993"/>
							<String ID="string_50" HPOS="1012" VPOS="488" WIDTH="177" HEIGHT="30" WC="0.90" CONTENT="överföres"/><SP WIDTH="22" VPOS="488" HPOS="1189"/>
							<String ID="string_51" HPOS="1211" VPOS="489" WIDTH="52" HEIGHT="30" WC="0.93" CONTENT="till"/><SP WIDTH="20" VPOS="489" HPOS="1263"/>
							<String ID="string_52" HPOS="1283" VPOS="490" WIDTH="326" HEIGHT="32" WC="0.92" CONTENT="arbetsmarknads-"/>
						</TextLine>
						<TextLine ID="line_6" HPOS="116" VPOS="535" WIDTH="1491" HEIGHT="49">
							<String ID="string_53" HPOS="116" VPOS="535" WIDTH="129" HEIGHT="29" WC="0.96" CONTENT="verket."/><SP WIDTH="20" VPOS="535" HPOS="245"/>
							<String ID="string_54" HPOS="265" VPOS="535" WIDTH="125" HEIGHT="40" WC="0.94" CONTENT="Kungl."/><SP WIDTH="21" VPOS="535" HPOS="390"/>
							<String ID="string_55" HPOS="411" VPOS="537" WIDTH="106" HEIGHT="39" WC="0.96" CONTENT="Maj:t"/><SP WIDTH="20" VPOS="537" HPOS="517"/>
							<String ID="string_56" HPOS="537" VPOS="538" WIDTH="66" HEIGHT="30" WC="0.96" CONTENT="har"/><SP WIDTH="18" VPOS="538" HPOS="603"/>
							<String ID="string_57" HPOS="621" VPOS="539" WIDTH="67" HEIGHT="29" WC="0.96" CONTENT="den"/><SP WIDTH="19" VPOS="539" HPOS="688"/>
							<String ID="string_58" HPOS="707" VPOS="539" WIDTH="41" HEIGHT="30" WC="0.96" CONTENT="30"/><SP WIDTH="20" VPOS="539" HPOS="748"/>
							<String ID="string_59" HPOS="768" VPOS="540" WIDTH="182" HEIGHT="30" WC="0.96" CONTENT="december"/><SP WIDTH="21" VPOS="540" HPOS="950"/>
							<String ID="string_60" HPOS="971" VPOS="541" WIDTH="83" HEIGHT="30" WC="0.96" CONTENT="1952"/><SP WIDTH="20" VPOS="541" HPOS="1054"/>
							<String ID="string_61" HPOS="1074" VPOS="542" WIDTH="153" HEIGHT="31" WC="0.96" CONTENT="beslutat"/><SP WIDTH="19" VPOS="542" HPOS="1227"/>
							<String ID="string_62" HPOS="1246" VPOS="544" WIDTH="10" HEIGHT="29" WC="0.96" CONTENT="i"/><SP WIDTH="21" VPOS="544" HPOS="1256"/>
							<String ID="string_63" HPOS="1277" VPOS="544" WIDTH="154" HEIGHT="40" WC="0.96" CONTENT="enlighet"/><SP WIDTH="19" VPOS="544" HPOS="1431"/>
							<String ID="string_64" HPOS="1450" VPOS="545" WIDTH="157" HEIGHT="30" WC="0.96" CONTENT="härmed."/>
						</TextLine>
						<TextLine ID="line_7" HPOS="116" VPOS="588" WIDTH="1490" HEIGHT="51">
							<String ID="string_65" HPOS="116" VPOS="588" WIDTH="51" HEIGHT="29" WC="0.96" CONTENT="Av"/><SP WIDTH="17" VPOS="588" HPOS="167"/>
							<String ID="string_66" HPOS="184" VPOS="589" WIDTH="125" HEIGHT="29" WC="0.96" CONTENT="chefen"/><SP WIDTH="17" VPOS="589" HPOS="309"/>
							<String ID="string_67" HPOS="326" VPOS="589" WIDTH="54" HEIGHT="31" WC="0.93" CONTENT="för"/><SP WIDTH="17" VPOS="589" HPOS="380"/>
							<String ID="string_68" HPOS="397" VPOS="591" WIDTH="502" HEIGHT="41" WC="0.90" CONTENT="ecklesiastikdepartementet"/><SP WIDTH="17" VPOS="591" HPOS="899"/>
							<String ID="string_69" HPOS="916" VPOS="595" WIDTH="66" HEIGHT="29" WC="0.96" CONTENT="har"/><SP WIDTH="17" VPOS="595" HPOS="982"/>
							<String ID="string_70" HPOS="999" VPOS="604" WIDTH="42" HEIGHT="21" WC="0.96" CONTENT="av"/><SP WIDTH="16" VPOS="604" HPOS="1041"/>
							<String ID="string_71" HPOS="1057" VPOS="596" WIDTH="114" HEIGHT="30" WC="0.96" CONTENT="denna"/><SP WIDTH="19" VPOS="596" HPOS="1171"/>
							<String ID="string_72" HPOS="1190" VPOS="597" WIDTH="190" HEIGHT="40" WC="0.95" CONTENT="anledning"/><SP WIDTH="17" VPOS="597" HPOS="1380"/>
							<String ID="string_73" HPOS="1397" VPOS="598" WIDTH="209" HEIGHT="41" WC="0.95" CONTENT="föreslagits,"/>
						</TextLine>
						<TextLine ID="line_8" HPOS="115" VPOS="642" WIDTH="1492" HEIGHT="45">
							<String ID="string_74" HPOS="115" VPOS="643" WIDTH="51" HEIGHT="28" WC="0.93" CONTENT="att"/><SP WIDTH="22" VPOS="643" HPOS="166"/>
							<String ID="string_75" HPOS="188" VPOS="642" WIDTH="352" HEIGHT="41" WC="0.91" CONTENT="skolöverstyrelsens"/><SP WIDTH="23" VPOS="642" HPOS="540"/>
							<String ID="string_76" HPOS="563" VPOS="646" WIDTH="306" HEIGHT="41" WC="0.91" CONTENT="avlöningsanslag"/><SP WIDTH="23" VPOS="646" HPOS="869"/>
							<String ID="string_77" HPOS="892" VPOS="648" WIDTH="90" HEIGHT="30" WC="0.95" CONTENT="skall"/><SP WIDTH="24" VPOS="648" HPOS="982"/>
							<String ID="string_78" HPOS="1006" VPOS="649" WIDTH="158" HEIGHT="30" WC="0.96" CONTENT="minskas"/><SP WIDTH="24" VPOS="649" HPOS="1164"/>
							<String ID="string_79" HPOS="1188" VPOS="651" WIDTH="80" HEIGHT="30" WC="0.96" CONTENT="med"/><SP WIDTH="23" VPOS="651" HPOS="1268"/>
							<String ID="string_80" HPOS="1291" VPOS="651" WIDTH="238" HEIGHT="31" WC="0.96" CONTENT="kostnaderna"/><SP WIDTH="23" VPOS="651" HPOS="1529"/>
							<String ID="string_81" HPOS="1552" VPOS="653" WIDTH="55" HEIGHT="30" WC="0.96" CONTENT="för"/>
						</TextLine>
						<TextLine ID="line_9" HPOS="115" VPOS="698" WIDTH="1492" HEIGHT="43">
							<String ID="string_82" HPOS="115" VPOS="704" WIDTH="43" HEIGHT="20" WC="0.96" CONTENT="en"/><SP WIDTH="36" VPOS="704" HPOS="158"/>
							<String ID="string_83" HPOS="194" VPOS="705" WIDTH="205" HEIGHT="22" WC="0.92" CONTENT="amanuens."/><SP WIDTH="37" VPOS="705" HPOS="399"/>
							<String ID="string_84" HPOS="436" VPOS="698" WIDTH="246" HEIGHT="31" WC="0.96" CONTENT="Motsvarande"/><SP WIDTH="36" VPOS="698" HPOS="682"/>
							<String ID="string_85" HPOS="718" VPOS="701" WIDTH="225" HEIGHT="40" WC="0.96" CONTENT="uppräkning"/><SP WIDTH="26" VPOS="701" HPOS="943"/>
							<String ID="string_86" HPOS="969" VPOS="702" WIDTH="148" HEIGHT="31" WC="0.96" CONTENT="föreslås"/><SP WIDTH="26" VPOS="702" HPOS="1117"/>
							<String ID="string_87" HPOS="1143" VPOS="704" WIDTH="114" HEIGHT="29" WC="0.93" CONTENT="under"/><SP WIDTH="24" VPOS="704" HPOS="1257"/>
							<String ID="string_88" HPOS="1281" VPOS="705" WIDTH="326" HEIGHT="31" WC="0.91" CONTENT="arbetsmarknads-"/>
						</TextLine>
						<TextLine ID="line_10" HPOS="115" VPOS="749" WIDTH="532" HEIGHT="43">
							<String ID="string_89" HPOS="115" VPOS="749" WIDTH="190" HEIGHT="39" WC="0.92" CONTENT="styrelsens"/><SP WIDTH="25" VPOS="749" HPOS="305"/>
							<String ID="string_90" HPOS="330" VPOS="751" WIDTH="317" HEIGHT="41" WC="0.91" CONTENT="avlöningsanslag."/>
						</TextLine>
					</TextBlock>
				</ComposedBlock>
				<ComposedBlock ID="cblock_3" HPOS="112" VPOS="812" WIDTH="1494" HEIGHT="300">
					<TextBlock ID="block_3" HPOS="112" VPOS="812" WIDTH="1494" HEIGHT="300">
						<TextLine ID="line_11" HPOS="167" VPOS="812" WIDTH="1438" HEIGHT="42">
							<String ID="string_91" HPOS="167" VPOS="812" WIDTH="67" HEIGHT="29" WC="0.93" CONTENT="För"/><SP WIDTH="21" VPOS="812" HPOS="234"/>
							<String ID="string_92" HPOS="255" VPOS="813" WIDTH="349" HEIGHT="41" WC="0.92" CONTENT="yrkesväglednings-"/><SP WIDTH="20" VPOS="813" HPOS="604"/>
							<String ID="string_93" HPOS="624" VPOS="816" WIDTH="65" HEIGHT="29" WC="0.93" CONTENT="och"/><SP WIDTH="21" VPOS="816" HPOS="689"/>
							<String ID="string_94" HPOS="710" VPOS="815" WIDTH="379" HEIGHT="33" WC="0.92" CONTENT="arbetsvårdsärenden"/><SP WIDTH="21" VPOS="815" HPOS="1089"/>
							<String ID="string_95" HPOS="1110" VPOS="819" WIDTH="117" HEIGHT="30" WC="0.96" CONTENT="finnes"/><SP WIDTH="22" VPOS="819" HPOS="1227"/>
							<String ID="string_96" HPOS="1249" VPOS="821" WIDTH="152" HEIGHT="30" WC="0.95" CONTENT="anställd"/><SP WIDTH="21" VPOS="821" HPOS="1401"/>
							<String ID="string_97" HPOS="1422" VPOS="830" WIDTH="43" HEIGHT="21" WC="0.96" CONTENT="en"/><SP WIDTH="20" VPOS="830" HPOS="1465"/>
							<String ID="string_98" HPOS="1485" VPOS="822" WIDTH="120" HEIGHT="30" WC="0.96" CONTENT="läkare"/>
						</TextLine>
						<TextLine ID="line_12" HPOS="114" VPOS="865" WIDTH="1490" HEIGHT="48">
							<String ID="string_99" HPOS="114" VPOS="866" WIDTH="79" HEIGHT="29" WC="0.91" CONTENT="med"/><SP WIDTH="36" VPOS="866" HPOS="193"/>
							<String ID="string_100" HPOS="229" VPOS="865" WIDTH="186" HEIGHT="31" WC="0.89" CONTENT="årsarvode"/><SP WIDTH="36" VPOS="865" HPOS="415"/>
							<String ID="string_101" HPOS="451" VPOS="876" WIDTH="58" HEIGHT="21" WC="0.95" CONTENT="om"/><SP WIDTH="24" VPOS="876" HPOS="509"/>
							<String ID="string_102" HPOS="533" VPOS="868" WIDTH="97" HEIGHT="30" WC="0.85" CONTENT="4300"/><SP WIDTH="25" VPOS="868" HPOS="630"/>
							<String ID="string_103" HPOS="655" VPOS="869" WIDTH="141" HEIGHT="31" WC="0.93" CONTENT="kronor."/><SP WIDTH="25" VPOS="869" HPOS="796"/>
							<String ID="string_104" HPOS="821" VPOS="870" WIDTH="152" HEIGHT="31" WC="0.91" CONTENT="Arvodet"/><SP WIDTH="24" VPOS="870" HPOS="973"/>
							<String ID="string_105" HPOS="997" VPOS="871" WIDTH="147" HEIGHT="31" WC="0.96" CONTENT="föreslås"/><SP WIDTH="25" VPOS="871" HPOS="1144"/>
							<String ID="string_106" HPOS="1169" VPOS="873" WIDTH="78" HEIGHT="40" WC="0.96" CONTENT="höjt"/><SP WIDTH="24" VPOS="873" HPOS="1247"/>
							<String ID="string_107" HPOS="1271" VPOS="875" WIDTH="79" HEIGHT="29" WC="0.96" CONTENT="med"/><SP WIDTH="24" VPOS="875" HPOS="1350"/>
							<String ID="string_108" HPOS="1374" VPOS="874" WIDTH="64" HEIGHT="30" WC="0.96" CONTENT="400"/><SP WIDTH="25" VPOS="874" HPOS="1438"/>
							<String ID="string_109" HPOS="1463" VPOS="876" WIDTH="141" HEIGHT="30" WC="0.96" CONTENT="kronor."/>
						</TextLine>
						<TextLine ID="line_13" HPOS="114" VPOS="919" WIDTH="1492" HEIGHT="48">
							<String ID="string_110" HPOS="114" VPOS="919" WIDTH="195" HEIGHT="39" WC="0.96" CONTENT="Styrelsens"/><SP WIDTH="24" VPOS="919" HPOS="309"/>
							<String ID="string_111" HPOS="333" VPOS="920" WIDTH="196" HEIGHT="41" WC="0.96" CONTENT="beräkning"/><SP WIDTH="25" VPOS="920" HPOS="529"/>
							<String ID="string_112" HPOS="554" VPOS="932" WIDTH="42" HEIGHT="20" WC="0.96" CONTENT="av"/><SP WIDTH="24" VPOS="932" HPOS="596"/>
							<String ID="string_113" HPOS="620" VPOS="923" WIDTH="236" HEIGHT="31" WC="0.96" CONTENT="kostnaderna"/><SP WIDTH="26" VPOS="923" HPOS="856"/>
							<String ID="string_114" HPOS="882" VPOS="926" WIDTH="112" HEIGHT="29" WC="0.93" CONTENT="under"/><SP WIDTH="27" VPOS="926" HPOS="994"/>
							<String ID="string_115" HPOS="1021" VPOS="926" WIDTH="407" HEIGHT="41" WC="0.91" CONTENT="omräkningsposterna,"/><SP WIDTH="25" VPOS="926" HPOS="1428"/>
							<String ID="string_116" HPOS="1453" VPOS="929" WIDTH="153" HEIGHT="30" WC="0.92" CONTENT="innefat-"/>
						</TextLine>
						<TextLine ID="line_14" HPOS="113" VPOS="973" WIDTH="1491" HEIGHT="45">
							<String ID="string_117" HPOS="113" VPOS="973" WIDTH="104" HEIGHT="29" WC="0.95" CONTENT="tande"/><SP WIDTH="25" VPOS="973" HPOS="217"/>
							<String ID="string_118" HPOS="242" VPOS="974" WIDTH="122" HEIGHT="39" WC="0.95" CONTENT="rörligt"/><SP WIDTH="24" VPOS="974" HPOS="364"/>
							<String ID="string_119" HPOS="388" VPOS="975" WIDTH="130" HEIGHT="39" WC="0.93" CONTENT="tillägg,"/><SP WIDTH="27" VPOS="975" HPOS="518"/>
							<String ID="string_120" HPOS="545" VPOS="976" WIDTH="462" HEIGHT="42" WC="0.91" CONTENT="löneklassuppflyttningar"/><SP WIDTH="25" VPOS="976" HPOS="1007"/>
							<String ID="string_121" HPOS="1032" VPOS="988" WIDTH="45" HEIGHT="21" WC="0.88" CONTENT="m."/><SP WIDTH="26" VPOS="988" HPOS="1077"/>
							<String ID="string_122" HPOS="1103" VPOS="989" WIDTH="57" HEIGHT="25" WC="0.88" CONTENT="m.,"/><SP WIDTH="26" VPOS="989" HPOS="1160"/>
							<String ID="string_123" HPOS="1186" VPOS="989" WIDTH="102" HEIGHT="21" WC="0.96" CONTENT="anses"/><SP WIDTH="24" VPOS="989" HPOS="1288"/>
							<String ID="string_124" HPOS="1312" VPOS="981" WIDTH="85" HEIGHT="31" WC="0.96" CONTENT="böra"/><SP WIDTH="25" VPOS="981" HPOS="1397"/>
							<String ID="string_125" HPOS="1422" VPOS="982" WIDTH="182" HEIGHT="31" WC="0.96" CONTENT="föranleda"/>
						</TextLine>
						<TextLine ID="line_15" HPOS="112" VPOS="1026" WIDTH="1493" HEIGHT="42">
							<String ID="string_126" HPOS="112" VPOS="1035" WIDTH="44" HEIGHT="20" WC="0.96" CONTENT="en"/><SP WIDTH="17" VPOS="1035" HPOS="156"/>
							<String ID="string_127" HPOS="173" VPOS="1026" WIDTH="149" HEIGHT="40" WC="0.96" CONTENT="höjning"/><SP WIDTH="19" VPOS="1026" HPOS="322"/>
							<String ID="string_128" HPOS="341" VPOS="1037" WIDTH="41" HEIGHT="20" WC="0.96" CONTENT="av"/><SP WIDTH="18" VPOS="1037" HPOS="382"/>
							<String ID="string_129" HPOS="400" VPOS="1029" WIDTH="159" HEIGHT="39" WC="0.96" CONTENT="anslaget"/><SP WIDTH="17" VPOS="1029" HPOS="559"/>
							<String ID="string_130" HPOS="576" VPOS="1030" WIDTH="79" HEIGHT="30" WC="0.96" CONTENT="med"/><SP WIDTH="19" VPOS="1030" HPOS="655"/>
							<String ID="string_131" HPOS="674" VPOS="1030" WIDTH="64" HEIGHT="30" WC="0.96" CONTENT="654"/><SP WIDTH="14" VPOS="1030" HPOS="738"/>
							<String ID="string_132" HPOS="752" VPOS="1030" WIDTH="63" HEIGHT="30" WC="0.96" CONTENT="200"/><SP WIDTH="19" VPOS="1030" HPOS="815"/>
							<String ID="string_133" HPOS="834" VPOS="1032" WIDTH="141" HEIGHT="30" WC="0.96" CONTENT="kronor."/><SP WIDTH="20" VPOS="1032" HPOS="975"/>
							<String ID="string_134" HPOS="995" VPOS="1033" WIDTH="140" HEIGHT="30" WC="0.95" CONTENT="Antalet"/><SP WIDTH="20" VPOS="1033" HPOS="1135"/>
							<String ID="string_135" HPOS="1155" VPOS="1034" WIDTH="176" HEIGHT="30" WC="0.93" CONTENT="ordinarie"/><SP WIDTH="19" VPOS="1034" HPOS="1331"/>
							<String ID="string_136" HPOS="1350" VPOS="1035" WIDTH="255" HEIGHT="32" WC="0.92" CONTENT="kontorsbiträ-"/>
						</TextLine>
						<TextLine ID="line_16" HPOS="112" VPOS="1080" WIDTH="526" HEIGHT="32">
							<String ID="string_137" HPOS="112" VPOS="1080" WIDTH="68" HEIGHT="29" WC="0.96" CONTENT="den"/><SP WIDTH="18" VPOS="1080" HPOS="180"/>
							<String ID="string_138" HPOS="198" VPOS="1080" WIDTH="159" HEIGHT="31" WC="0.96" CONTENT="minskas"/><SP WIDTH="20" VPOS="1080" HPOS="357"/>
							<String ID="string_139" HPOS="377" VPOS="1082" WIDTH="79" HEIGHT="30" WC="0.96" CONTENT="med"/><SP WIDTH="21" VPOS="1082" HPOS="456"/>
							<String ID="string_140" HPOS="477" VPOS="1082" WIDTH="17" HEIGHT="29" WC="0.95" CONTENT="7"/><SP WIDTH="21" VPOS="1082" HPOS="494"/>
							<String ID="string_141" HPOS="515" VPOS="1083" WIDTH="53" HEIGHT="29" WC="0.96" CONTENT="till"/><SP WIDTH="19" VPOS="1083" HPOS="568"/>
							<String ID="string_142" HPOS="587" VPOS="1082" WIDTH="51" HEIGHT="30" WC="0.96" CONTENT="92."/>
						</TextLine>
					</TextBlock>
				</ComposedBlock>
				<ComposedBlock ID="cblock_4" HPOS="111" VPOS="1142" WIDTH="1493" HEIGHT="204">
					<TextBlock ID="block_4" HPOS="111" VPOS="1142" WIDTH="1493" HEIGHT="204">
						<TextLine ID="line_17" HPOS="167" VPOS="1142" WIDTH="1437" HEIGHT="50">
							<String ID="string_143" HPOS="167" VPOS="1142" WIDTH="49" HEIGHT="29" WC="0.96" CONTENT="De"/><SP WIDTH="24" VPOS="1142" HPOS="216"/>
							<String ID="string_144" HPOS="240" VPOS="1142" WIDTH="10" HEIGHT="29" WC="0.96" CONTENT="i"/><SP WIDTH="25" VPOS="1142" HPOS="250"/>
							<String ID="string_145" HPOS="275" VPOS="1143" WIDTH="57" HEIGHT="29" WC="0.96" CONTENT="det"/><SP WIDTH="24" VPOS="1143" HPOS="332"/>
							<String ID="string_146" HPOS="356" VPOS="1143" WIDTH="209" HEIGHT="40" WC="0.96" CONTENT="föregående"/><SP WIDTH="24" VPOS="1143" HPOS="565"/>
							<String ID="string_147" HPOS="589" VPOS="1145" WIDTH="186" HEIGHT="31" WC="0.95" CONTENT="förordade"/><SP WIDTH="25" VPOS="1145" HPOS="775"/>
							<String ID="string_148" HPOS="800" VPOS="1146" WIDTH="177" HEIGHT="41" WC="0.96" CONTENT="förslagen"/><SP WIDTH="24" VPOS="1146" HPOS="977"/>
							<String ID="string_149" HPOS="1001" VPOS="1149" WIDTH="139" HEIGHT="30" WC="0.96" CONTENT="medför"/><SP WIDTH="23" VPOS="1149" HPOS="1140"/>
							<String ID="string_150" HPOS="1163" VPOS="1159" WIDTH="43" HEIGHT="20" WC="0.97" CONTENT="en"/><SP WIDTH="26" VPOS="1159" HPOS="1206"/>
							<String ID="string_151" HPOS="1232" VPOS="1150" WIDTH="305" HEIGHT="42" WC="0.96" CONTENT="kostnadsökning"/><SP WIDTH="24" VPOS="1150" HPOS="1537"/>
							<String ID="string_152" HPOS="1561" VPOS="1161" WIDTH="43" HEIGHT="21" WC="0.96" CONTENT="av"/>
						</TextLine>
						<TextLine ID="line_18" HPOS="112" VPOS="1196" WIDTH="1491" HEIGHT="47">
							<String ID="string_153" HPOS="112" VPOS="1196" WIDTH="235" HEIGHT="40" WC="0.96" CONTENT="sammanlagt"/><SP WIDTH="23" VPOS="1196" HPOS="347"/>
							<String ID="string_154" HPOS="370" VPOS="1197" WIDTH="62" HEIGHT="29" WC="0.96" CONTENT="669"/><SP WIDTH="15" VPOS="1197" HPOS="432"/>
							<String ID="string_155" HPOS="447" VPOS="1197" WIDTH="63" HEIGHT="30" WC="0.96" CONTENT="000"/><SP WIDTH="23" VPOS="1197" HPOS="510"/>
							<String ID="string_156" HPOS="533" VPOS="1199" WIDTH="141" HEIGHT="30" WC="0.95" CONTENT="kronor."/><SP WIDTH="22" VPOS="1199" HPOS="674"/>
							<String ID="string_157" HPOS="696" VPOS="1200" WIDTH="127" HEIGHT="30" WC="0.95" CONTENT="Härtill"/><SP WIDTH="22" VPOS="1200" HPOS="823"/>
							<String ID="string_158" HPOS="845" VPOS="1201" WIDTH="174" HEIGHT="30" WC="0.95" CONTENT="beräknas"/><SP WIDTH="25" VPOS="1201" HPOS="1019"/>
							<String ID="string_159" HPOS="1044" VPOS="1204" WIDTH="49" HEIGHT="28" WC="0.96" CONTENT="ett"/><SP WIDTH="21" VPOS="1204" HPOS="1093"/>
							<String ID="string_160" HPOS="1114" VPOS="1203" WIDTH="126" HEIGHT="40" WC="0.96" CONTENT="belopp"/><SP WIDTH="24" VPOS="1203" HPOS="1240"/>
							<String ID="string_161" HPOS="1264" VPOS="1213" WIDTH="42" HEIGHT="21" WC="0.96" CONTENT="av"/><SP WIDTH="22" VPOS="1213" HPOS="1306"/>
							<String ID="string_162" HPOS="1328" VPOS="1204" WIDTH="41" HEIGHT="30" WC="0.95" CONTENT="52"/><SP WIDTH="15" VPOS="1204" HPOS="1369"/>
							<String ID="string_163" HPOS="1384" VPOS="1205" WIDTH="63" HEIGHT="30" WC="0.95" CONTENT="000"/><SP WIDTH="25" VPOS="1205" HPOS="1447"/>
							<String ID="string_164" HPOS="1472" VPOS="1206" WIDTH="131" HEIGHT="29" WC="0.96" CONTENT="kronor"/>
						</TextLine>
						<TextLine ID="line_19" HPOS="111" VPOS="1249" WIDTH="1488" HEIGHT="48">
							<String ID="string_165" HPOS="111" VPOS="1249" WIDTH="10" HEIGHT="29" WC="0.96" CONTENT="i"/><SP WIDTH="19" VPOS="1249" HPOS="121"/>
							<String ID="string_166" HPOS="140" VPOS="1250" WIDTH="189" HEIGHT="40" WC="0.96" CONTENT="anledning"/><SP WIDTH="19" VPOS="1250" HPOS="329"/>
							<String ID="string_167" HPOS="348" VPOS="1260" WIDTH="42" HEIGHT="20" WC="0.96" CONTENT="av"/><SP WIDTH="18" VPOS="1260" HPOS="390"/>
							<String ID="string_168" HPOS="408" VPOS="1252" WIDTH="41" HEIGHT="29" WC="0.95" CONTENT="de"/><SP WIDTH="18" VPOS="1252" HPOS="449"/>
							<String ID="string_169" HPOS="467" VPOS="1261" WIDTH="43" HEIGHT="21" WC="0.96" CONTENT="av"/><SP WIDTH="20" VPOS="1261" HPOS="510"/>
							<String ID="string_170" HPOS="530" VPOS="1252" WIDTH="83" HEIGHT="30" WC="0.96" CONTENT="1952"/><SP WIDTH="19" VPOS="1252" HPOS="613"/>
							<String ID="string_171" HPOS="632" VPOS="1253" WIDTH="57" HEIGHT="30" WC="0.96" CONTENT="års"/><SP WIDTH="18" VPOS="1253" HPOS="689"/>
							<String ID="string_172" HPOS="707" VPOS="1253" WIDTH="142" HEIGHT="41" WC="0.96" CONTENT="riksdag"/><SP WIDTH="18" VPOS="1253" HPOS="849"/>
							<String ID="string_173" HPOS="867" VPOS="1255" WIDTH="89" HEIGHT="29" WC="0.96" CONTENT="efter"/><SP WIDTH="19" VPOS="1255" HPOS="956"/>
							<String ID="string_174" HPOS="975" VPOS="1255" WIDTH="132" HEIGHT="41" WC="0.96" CONTENT="förslag"/><SP WIDTH="18" VPOS="1255" HPOS="1107"/>
							<String ID="string_175" HPOS="1125" VPOS="1257" WIDTH="11" HEIGHT="29" WC="0.93" CONTENT="i"/><SP WIDTH="19" VPOS="1257" HPOS="1136"/>
							<String ID="string_176" HPOS="1155" VPOS="1258" WIDTH="305" HEIGHT="39" WC="0.92" CONTENT="propositionerna"/><SP WIDTH="18" VPOS="1258" HPOS="1460"/>
							<String ID="string_177" HPOS="1478" VPOS="1269" WIDTH="42" HEIGHT="20" WC="0.95" CONTENT="nr"/><SP WIDTH="19" VPOS="1269" HPOS="1520"/>
							<String ID="string_178" HPOS="1539" VPOS="1259" WIDTH="60" HEIGHT="30" WC="0.96" CONTENT="241"/>
						</TextLine>
						<TextLine ID="line_20" HPOS="111" VPOS="1303" WIDTH="727" HEIGHT="43">
							<String ID="string_179" HPOS="111" VPOS="1303" WIDTH="64" HEIGHT="29" WC="0.96" CONTENT="och"/><SP WIDTH="23" VPOS="1303" HPOS="175"/>
							<String ID="string_180" HPOS="198" VPOS="1303" WIDTH="61" HEIGHT="30" WC="0.95" CONTENT="251"/><SP WIDTH="25" VPOS="1303" HPOS="259"/>
							<String ID="string_181" HPOS="284" VPOS="1303" WIDTH="182" HEIGHT="32" WC="0.93" CONTENT="beslutade"/><SP WIDTH="21" VPOS="1303" HPOS="466"/>
							<String ID="string_182" HPOS="487" VPOS="1306" WIDTH="351" HEIGHT="40" WC="0.91" CONTENT="löneregleringarna."/>
						</TextLine>
					</TextBlock>
				</ComposedBlock>
				<ComposedBlock ID="cblock_5" HPOS="106" VPOS="1409" WIDTH="1496" HEIGHT="1112">
					<TextBlock ID="block_5" HPOS="106" VPOS="1409" WIDTH="1496" HEIGHT="946">
						<TextLine ID="line_21" HPOS="167" VPOS="1409" WIDTH="1435" HEIGHT="50">
							<String ID="string_183" HPOS="167" VPOS="1409" WIDTH="185" HEIGHT="31" WC="0.92" CONTENT="Utskottet."/><SP WIDTH="30" VPOS="1409" HPOS="352"/>
							<String ID="string_184" HPOS="382" VPOS="1411" WIDTH="78" HEIGHT="30" WC="0.96" CONTENT="Med"/><SP WIDTH="21" VPOS="1411" HPOS="460"/>
							<String ID="string_185" HPOS="481" VPOS="1413" WIDTH="190" HEIGHT="40" WC="0.96" CONTENT="anledning"/><SP WIDTH="18" VPOS="1413" HPOS="671"/>
							<String ID="string_186" HPOS="689" VPOS="1423" WIDTH="42" HEIGHT="20" WC="0.96" CONTENT="av"/><SP WIDTH="19" VPOS="1423" HPOS="731"/>
							<String ID="string_187" HPOS="750" VPOS="1416" WIDTH="48" HEIGHT="27" WC="0.96" CONTENT="ett"/><SP WIDTH="19" VPOS="1416" HPOS="798"/>
							<String ID="string_188" HPOS="817" VPOS="1424" WIDTH="42" HEIGHT="20" WC="0.96" CONTENT="av"/><SP WIDTH="21" VPOS="1424" HPOS="859"/>
							<String ID="string_189" HPOS="880" VPOS="1415" WIDTH="84" HEIGHT="30" WC="0.96" CONTENT="1950"/><SP WIDTH="21" VPOS="1415" HPOS="964"/>
							<String ID="string_190" HPOS="985" VPOS="1415" WIDTH="57" HEIGHT="30" WC="0.93" CONTENT="års"/><SP WIDTH="20" VPOS="1415" HPOS="1042"/>
							<String ID="string_191" HPOS="1062" VPOS="1417" WIDTH="540" HEIGHT="42" WC="0.90" CONTENT="arbetsförmedlingsutredning"/>
						</TextLine>
						<TextLine ID="line_22" HPOS="108" VPOS="1463" WIDTH="1493" HEIGHT="49">
							<String ID="string_192" HPOS="108" VPOS="1463" WIDTH="11" HEIGHT="29" WC="0.96" CONTENT="i"/><SP WIDTH="21" VPOS="1463" HPOS="119"/>
							<String ID="string_193" HPOS="140" VPOS="1463" WIDTH="188" HEIGHT="30" WC="0.96" CONTENT="november"/><SP WIDTH="19" VPOS="1463" HPOS="328"/>
							<String ID="string_194" HPOS="347" VPOS="1464" WIDTH="79" HEIGHT="30" WC="0.96" CONTENT="1951"/><SP WIDTH="24" VPOS="1464" HPOS="426"/>
							<String ID="string_195" HPOS="450" VPOS="1466" WIDTH="135" HEIGHT="38" WC="0.96" CONTENT="avgivet"/><SP WIDTH="20" VPOS="1466" HPOS="585"/>
							<String ID="string_196" HPOS="605" VPOS="1466" WIDTH="221" HEIGHT="31" WC="0.93" CONTENT="betänkande"/><SP WIDTH="20" VPOS="1466" HPOS="826"/>
							<String ID="string_197" HPOS="846" VPOS="1470" WIDTH="230" HEIGHT="38" WC="0.91" CONTENT="omprövades"/><SP WIDTH="21" VPOS="1470" HPOS="1076"/>
							<String ID="string_198" HPOS="1097" VPOS="1470" WIDTH="504" HEIGHT="42" WC="0.91" CONTENT="arbetsmarknadsstyrelsens"/>
						</TextLine>
						<TextLine ID="line_23" HPOS="109" VPOS="1516" WIDTH="1493" HEIGHT="48">
							<String ID="string_199" HPOS="109" VPOS="1516" WIDTH="239" HEIGHT="39" WC="0.96" CONTENT="organisation"/><SP WIDTH="21" VPOS="1516" HPOS="348"/>
							<String ID="string_200" HPOS="369" VPOS="1518" WIDTH="57" HEIGHT="30" WC="0.96" CONTENT="vid"/><SP WIDTH="26" VPOS="1518" HPOS="426"/>
							<String ID="string_201" HPOS="452" VPOS="1518" WIDTH="84" HEIGHT="30" WC="0.96" CONTENT="1952"/><SP WIDTH="22" VPOS="1518" HPOS="536"/>
							<String ID="string_202" HPOS="558" VPOS="1519" WIDTH="57" HEIGHT="30" WC="0.96" CONTENT="års"/><SP WIDTH="22" VPOS="1519" HPOS="615"/>
							<String ID="string_203" HPOS="637" VPOS="1520" WIDTH="153" HEIGHT="40" WC="0.95" CONTENT="riksdag."/><SP WIDTH="23" VPOS="1520" HPOS="790"/>
							<String ID="string_204" HPOS="813" VPOS="1521" WIDTH="13" HEIGHT="29" WC="0.96" CONTENT="I"/><SP WIDTH="22" VPOS="1521" HPOS="826"/>
							<String ID="string_205" HPOS="848" VPOS="1522" WIDTH="96" HEIGHT="30" WC="0.96" CONTENT="detta"/><SP WIDTH="24" VPOS="1522" HPOS="944"/>
							<String ID="string_206" HPOS="968" VPOS="1524" WIDTH="256" HEIGHT="40" WC="0.93" CONTENT="sammanhang"/><SP WIDTH="23" VPOS="1524" HPOS="1224"/>
							<String ID="string_207" HPOS="1247" VPOS="1524" WIDTH="160" HEIGHT="31" WC="0.93" CONTENT="erinrade"/><SP WIDTH="24" VPOS="1524" HPOS="1407"/>
							<String ID="string_208" HPOS="1431" VPOS="1526" WIDTH="171" HEIGHT="30" WC="0.95" CONTENT="utskottet"/>
						</TextLine>
						<TextLine ID="line_24" HPOS="108" VPOS="1570" WIDTH="1494" HEIGHT="50">
							<String ID="string_209" HPOS="108" VPOS="1579" WIDTH="57" HEIGHT="20" WC="0.93" CONTENT="om"/><SP WIDTH="21" VPOS="1579" HPOS="165"/>
							<String ID="string_210" HPOS="186" VPOS="1570" WIDTH="407" HEIGHT="40" WC="0.91" CONTENT="departementschefens"/><SP WIDTH="20" VPOS="1570" HPOS="593"/>
							<String ID="string_211" HPOS="613" VPOS="1574" WIDTH="227" HEIGHT="40" WC="0.96" CONTENT="uppfattning"/><SP WIDTH="18" VPOS="1574" HPOS="840"/>
							<String ID="string_212" HPOS="858" VPOS="1577" WIDTH="51" HEIGHT="28" WC="0.96" CONTENT="att"/><SP WIDTH="19" VPOS="1577" HPOS="909"/>
							<String ID="string_213" HPOS="928" VPOS="1576" WIDTH="126" HEIGHT="39" WC="0.96" CONTENT="frågan"/><SP WIDTH="19" VPOS="1576" HPOS="1054"/>
							<String ID="string_214" HPOS="1073" VPOS="1586" WIDTH="57" HEIGHT="20" WC="0.96" CONTENT="om"/><SP WIDTH="21" VPOS="1586" HPOS="1130"/>
							<String ID="string_215" HPOS="1151" VPOS="1586" WIDTH="43" HEIGHT="20" WC="0.96" CONTENT="en"/><SP WIDTH="22" VPOS="1586" HPOS="1194"/>
							<String ID="string_216" HPOS="1216" VPOS="1579" WIDTH="323" HEIGHT="41" WC="0.95" CONTENT="sammanslagning"/><SP WIDTH="21" VPOS="1579" HPOS="1539"/>
							<String ID="string_217" HPOS="1560" VPOS="1589" WIDTH="42" HEIGHT="21" WC="0.96" CONTENT="av"/>
						</TextLine>
						<TextLine ID="line_25" HPOS="109" VPOS="1623" WIDTH="1492" HEIGHT="50">
							<String ID="string_218" HPOS="109" VPOS="1623" WIDTH="131" HEIGHT="30" WC="0.91" CONTENT="kansli-"/><SP WIDTH="18" VPOS="1623" HPOS="240"/>
							<String ID="string_219" HPOS="258" VPOS="1625" WIDTH="65" HEIGHT="29" WC="0.93" CONTENT="och"/><SP WIDTH="18" VPOS="1625" HPOS="323"/>
							<String ID="string_220" HPOS="341" VPOS="1625" WIDTH="332" HEIGHT="40" WC="0.91" CONTENT="kameralbyråerna"/><SP WIDTH="18" VPOS="1625" HPOS="673"/>
							<String ID="string_221" HPOS="691" VPOS="1627" WIDTH="106" HEIGHT="30" WC="0.96" CONTENT="borde"/><SP WIDTH="21" VPOS="1627" HPOS="797"/>
							<String ID="string_222" HPOS="818" VPOS="1630" WIDTH="163" HEIGHT="29" WC="0.96" CONTENT="närmare"/><SP WIDTH="19" VPOS="1630" HPOS="981"/>
							<String ID="string_223" HPOS="1000" VPOS="1631" WIDTH="136" HEIGHT="38" WC="0.95" CONTENT="prövas,"/><SP WIDTH="22" VPOS="1631" HPOS="1136"/>
							<String ID="string_224" HPOS="1158" VPOS="1632" WIDTH="108" HEIGHT="29" WC="0.96" CONTENT="sedan"/><SP WIDTH="19" VPOS="1632" HPOS="1266"/>
							<String ID="string_225" HPOS="1285" VPOS="1633" WIDTH="41" HEIGHT="29" WC="0.96" CONTENT="de"/><SP WIDTH="20" VPOS="1633" HPOS="1326"/>
							<String ID="string_226" HPOS="1346" VPOS="1642" WIDTH="42" HEIGHT="20" WC="0.96" CONTENT="av"/><SP WIDTH="18" VPOS="1642" HPOS="1388"/>
							<String ID="string_227" HPOS="1406" VPOS="1633" WIDTH="195" HEIGHT="40" WC="0.90" CONTENT="byggnads-"/>
						</TextLine>
						<TextLine ID="line_26" HPOS="108" VPOS="1677" WIDTH="1493" HEIGHT="50">
							<String ID="string_228" HPOS="108" VPOS="1677" WIDTH="218" HEIGHT="40" WC="0.96" CONTENT="regleringen"/><SP WIDTH="34" VPOS="1677" HPOS="326"/>
							<String ID="string_229" HPOS="360" VPOS="1678" WIDTH="208" HEIGHT="32" WC="0.93" CONTENT="föranledda"/><SP WIDTH="32" VPOS="1678" HPOS="568"/>
							<String ID="string_230" HPOS="600" VPOS="1680" WIDTH="268" HEIGHT="32" WC="0.91" CONTENT="åtalsärendena"/><SP WIDTH="33" VPOS="1680" HPOS="868"/>
							<String ID="string_231" HPOS="901" VPOS="1683" WIDTH="158" HEIGHT="30" WC="0.96" CONTENT="minskat"/><SP WIDTH="34" VPOS="1683" HPOS="1059"/>
							<String ID="string_232" HPOS="1093" VPOS="1685" WIDTH="11" HEIGHT="29" WC="0.96" CONTENT="i"/><SP WIDTH="33" VPOS="1685" HPOS="1104"/>
							<String ID="string_233" HPOS="1137" VPOS="1685" WIDTH="224" HEIGHT="40" WC="0.96" CONTENT="omfattning."/><SP WIDTH="36" VPOS="1685" HPOS="1361"/>
							<String ID="string_234" HPOS="1397" VPOS="1687" WIDTH="118" HEIGHT="40" WC="0.93" CONTENT="Enligt"/><SP WIDTH="33" VPOS="1687" HPOS="1515"/>
							<String ID="string_235" HPOS="1548" VPOS="1689" WIDTH="53" HEIGHT="28" WC="0.93" CONTENT="ut-"/>
						</TextLine>
						<TextLine ID="line_27" HPOS="109" VPOS="1730" WIDTH="1491" HEIGHT="49">
							<String ID="string_236" HPOS="109" VPOS="1730" WIDTH="148" HEIGHT="30" WC="0.92" CONTENT="skottets"/><SP WIDTH="21" VPOS="1730" HPOS="257"/>
							<String ID="string_237" HPOS="278" VPOS="1732" WIDTH="141" HEIGHT="40" WC="0.96" CONTENT="mening"/><SP WIDTH="20" VPOS="1732" HPOS="419"/>
							<String ID="string_238" HPOS="439" VPOS="1733" WIDTH="107" HEIGHT="30" WC="0.96" CONTENT="borde"/><SP WIDTH="22" VPOS="1733" HPOS="546"/>
							<String ID="string_239" HPOS="568" VPOS="1735" WIDTH="115" HEIGHT="29" WC="0.96" CONTENT="denna"/><SP WIDTH="22" VPOS="1735" HPOS="683"/>
							<String ID="string_240" HPOS="705" VPOS="1735" WIDTH="98" HEIGHT="39" WC="0.96" CONTENT="fråga"/><SP WIDTH="22" VPOS="1735" HPOS="803"/>
							<String ID="string_241" HPOS="825" VPOS="1737" WIDTH="107" HEIGHT="38" WC="0.96" CONTENT="ägnas"/><SP WIDTH="23" VPOS="1737" HPOS="932"/>
							<String ID="string_242" HPOS="955" VPOS="1737" WIDTH="221" HEIGHT="40" WC="0.96" CONTENT="fortlöpande"/><SP WIDTH="22" VPOS="1737" HPOS="1176"/>
							<String ID="string_243" HPOS="1198" VPOS="1740" WIDTH="316" HEIGHT="39" WC="0.96" CONTENT="uppmärksamhet"/><SP WIDTH="21" VPOS="1740" HPOS="1514"/>
							<String ID="string_244" HPOS="1535" VPOS="1742" WIDTH="65" HEIGHT="29" WC="0.96" CONTENT="och"/>
						</TextLine>
						<TextLine ID="line_28" HPOS="108" VPOS="1784" WIDTH="1491" HEIGHT="53">
							<String ID="string_245" HPOS="108" VPOS="1784" WIDTH="132" HEIGHT="40" WC="0.93" CONTENT="förslag"/><SP WIDTH="22" VPOS="1784" HPOS="240"/>
							<String ID="string_246" HPOS="262" VPOS="1785" WIDTH="218" HEIGHT="31" WC="0.90" CONTENT="härutinnan"/><SP WIDTH="23" VPOS="1785" HPOS="480"/>
							<String ID="string_247" HPOS="503" VPOS="1789" WIDTH="139" HEIGHT="28" WC="0.93" CONTENT="snarast"/><SP WIDTH="22" VPOS="1789" HPOS="642"/>
							<String ID="string_248" HPOS="664" VPOS="1788" WIDTH="195" HEIGHT="40" WC="0.92" CONTENT="föreläggas"/><SP WIDTH="23" VPOS="1788" HPOS="859"/>
							<String ID="string_249" HPOS="882" VPOS="1790" WIDTH="200" HEIGHT="40" WC="0.96" CONTENT="riksdagen."/><SP WIDTH="25" VPOS="1790" HPOS="1082"/>
							<String ID="string_250" HPOS="1107" VPOS="1788" WIDTH="492" HEIGHT="49" WC="0.90" CONTENT="Arbetsmarknadsstyrelsen"/>
						</TextLine>
						<TextLine ID="line_29" HPOS="108" VPOS="1837" WIDTH="1491" HEIGHT="54">
							<String ID="string_251" HPOS="108" VPOS="1837" WIDTH="64" HEIGHT="30" WC="0.96" CONTENT="har"/><SP WIDTH="26" VPOS="1837" HPOS="172"/>
							<String ID="string_252" HPOS="198" VPOS="1847" WIDTH="47" HEIGHT="20" WC="0.96" CONTENT="nu"/><SP WIDTH="28" VPOS="1847" HPOS="245"/>
							<String ID="string_253" HPOS="273" VPOS="1838" WIDTH="165" HEIGHT="40" WC="0.96" CONTENT="framlagt"/><SP WIDTH="25" VPOS="1838" HPOS="438"/>
							<String ID="string_254" HPOS="463" VPOS="1842" WIDTH="49" HEIGHT="27" WC="0.96" CONTENT="ett"/><SP WIDTH="25" VPOS="1842" HPOS="512"/>
							<String ID="string_255" HPOS="537" VPOS="1841" WIDTH="131" HEIGHT="39" WC="0.96" CONTENT="förslag"/><SP WIDTH="26" VPOS="1841" HPOS="668"/>
							<String ID="string_256" HPOS="694" VPOS="1842" WIDTH="53" HEIGHT="29" WC="0.96" CONTENT="till"/><SP WIDTH="25" VPOS="1842" HPOS="747"/>
							<String ID="string_257" HPOS="772" VPOS="1844" WIDTH="327" HEIGHT="40" WC="0.96" CONTENT="sammanslagning"/><SP WIDTH="25" VPOS="1844" HPOS="1099"/>
							<String ID="string_258" HPOS="1124" VPOS="1854" WIDTH="42" HEIGHT="20" WC="0.96" CONTENT="av"/><SP WIDTH="25" VPOS="1854" HPOS="1166"/>
							<String ID="string_259" HPOS="1191" VPOS="1845" WIDTH="182" HEIGHT="40" WC="0.96" CONTENT="byråerna."/><SP WIDTH="28" VPOS="1845" HPOS="1373"/>
							<String ID="string_260" HPOS="1401" VPOS="1844" WIDTH="198" HEIGHT="47" WC="0.91" CONTENT="Förslagets"/>
						</TextLine>
						<TextLine ID="line_30" HPOS="108" VPOS="1891" WIDTH="1492" HEIGHT="49">
							<String ID="string_261" HPOS="108" VPOS="1891" WIDTH="274" HEIGHT="38" WC="0.95" CONTENT="genomförande"/><SP WIDTH="28" VPOS="1891" HPOS="382"/>
							<String ID="string_262" HPOS="410" VPOS="1893" WIDTH="206" HEIGHT="30" WC="0.95" CONTENT="förutsätter"/><SP WIDTH="27" VPOS="1893" HPOS="616"/>
							<String ID="string_263" HPOS="643" VPOS="1896" WIDTH="51" HEIGHT="28" WC="0.95" CONTENT="att"/><SP WIDTH="27" VPOS="1896" HPOS="694"/>
							<String ID="string_264" HPOS="721" VPOS="1904" WIDTH="42" HEIGHT="20" WC="0.96" CONTENT="en"/><SP WIDTH="28" VPOS="1904" HPOS="763"/>
							<String ID="string_265" HPOS="791" VPOS="1896" WIDTH="111" HEIGHT="38" WC="0.96" CONTENT="tjänst"/><SP WIDTH="26" VPOS="1896" HPOS="902"/>
							<String ID="string_266" HPOS="928" VPOS="1897" WIDTH="55" HEIGHT="29" WC="0.93" CONTENT="för"/><SP WIDTH="27" VPOS="1897" HPOS="983"/>
							<String ID="string_267" HPOS="1010" VPOS="1897" WIDTH="244" HEIGHT="39" WC="0.92" CONTENT="byrådirektör"/><SP WIDTH="26" VPOS="1897" HPOS="1254"/>
							<String ID="string_268" HPOS="1280" VPOS="1899" WIDTH="11" HEIGHT="29" WC="0.96" CONTENT="i"/><SP WIDTH="28" VPOS="1899" HPOS="1291"/>
							<String ID="string_269" HPOS="1319" VPOS="1899" WIDTH="40" HEIGHT="30" WC="0.96" CONTENT="33"/><SP WIDTH="29" VPOS="1899" HPOS="1359"/>
							<String ID="string_270" HPOS="1388" VPOS="1901" WIDTH="212" HEIGHT="39" WC="0.91" CONTENT="lönegraden"/>
						</TextLine>
						<TextLine ID="line_31" HPOS="107" VPOS="1944" WIDTH="1493" HEIGHT="52">
							<String ID="string_271" HPOS="107" VPOS="1944" WIDTH="149" HEIGHT="30" WC="0.96" CONTENT="inrättas"/><SP WIDTH="24" VPOS="1944" HPOS="256"/>
							<String ID="string_272" HPOS="280" VPOS="1944" WIDTH="54" HEIGHT="30" WC="0.91" CONTENT="för"/><SP WIDTH="24" VPOS="1944" HPOS="334"/>
							<String ID="string_273" HPOS="358" VPOS="1945" WIDTH="346" HEIGHT="37" WC="0.90" CONTENT="kameralärendena,"/><SP WIDTH="24" VPOS="1945" HPOS="704"/>
							<String ID="string_274" HPOS="728" VPOS="1949" WIDTH="120" HEIGHT="30" WC="0.95" CONTENT="varvid"/><SP WIDTH="26" VPOS="1949" HPOS="848"/>
							<String ID="string_275" HPOS="874" VPOS="1950" WIDTH="67" HEIGHT="29" WC="0.96" CONTENT="den"/><SP WIDTH="26" VPOS="1950" HPOS="941"/>
							<String ID="string_276" HPOS="967" VPOS="1952" WIDTH="203" HEIGHT="29" WC="0.96" CONTENT="nuvarande"/><SP WIDTH="25" VPOS="1952" HPOS="1170"/>
							<String ID="string_277" HPOS="1195" VPOS="1948" WIDTH="405" HEIGHT="48" WC="0.90" CONTENT="kameralbyråchefsbe-"/>
						</TextLine>
						<TextLine ID="line_32" HPOS="108" VPOS="1997" WIDTH="1492" HEIGHT="49">
							<String ID="string_278" HPOS="108" VPOS="1997" WIDTH="198" HEIGHT="40" WC="0.96" CONTENT="fattningen"/><SP WIDTH="18" VPOS="1997" HPOS="306"/>
							<String ID="string_279" HPOS="324" VPOS="1999" WIDTH="10" HEIGHT="28" WC="0.95" CONTENT="i"/><SP WIDTH="19" VPOS="1999" HPOS="334"/>
							<String ID="string_280" HPOS="353" VPOS="1998" WIDTH="45" HEIGHT="30" WC="0.96" CONTENT="Ca"/><SP WIDTH="15" VPOS="1998" HPOS="398"/>
							<String ID="string_281" HPOS="413" VPOS="1999" WIDTH="40" HEIGHT="29" WC="0.96" CONTENT="37"/><SP WIDTH="19" VPOS="1999" HPOS="453"/>
							<String ID="string_282" HPOS="472" VPOS="2000" WIDTH="90" HEIGHT="29" WC="0.96" CONTENT="skall"/><SP WIDTH="19" VPOS="2000" HPOS="562"/>
							<String ID="string_283" HPOS="581" VPOS="2000" WIDTH="95" HEIGHT="31" WC="0.93" CONTENT="föras"/><SP WIDTH="17" VPOS="2000" HPOS="676"/>
							<String ID="string_284" HPOS="693" VPOS="2001" WIDTH="20" HEIGHT="30" WC="0.92" CONTENT="å"/><SP WIDTH="17" VPOS="2001" HPOS="713"/>
							<String ID="string_285" HPOS="730" VPOS="2002" WIDTH="274" HEIGHT="40" WC="0.91" CONTENT="övergångsstat."/><SP WIDTH="19" VPOS="2002" HPOS="1004"/>
							<String ID="string_286" HPOS="1023" VPOS="2004" WIDTH="117" HEIGHT="30" WC="0.96" CONTENT="Under"/><SP WIDTH="17" VPOS="2004" HPOS="1140"/>
							<String ID="string_287" HPOS="1157" VPOS="2005" WIDTH="212" HEIGHT="41" WC="0.95" CONTENT="hänvisning"/><SP WIDTH="20" VPOS="2005" HPOS="1369"/>
							<String ID="string_288" HPOS="1389" VPOS="2007" WIDTH="52" HEIGHT="29" WC="0.96" CONTENT="till"/><SP WIDTH="19" VPOS="2007" HPOS="1441"/>
							<String ID="string_289" HPOS="1460" VPOS="2009" WIDTH="51" HEIGHT="28" WC="0.93" CONTENT="att"/><SP WIDTH="19" VPOS="2009" HPOS="1511"/>
							<String ID="string_290" HPOS="1530" VPOS="2008" WIDTH="70" HEIGHT="30" WC="0.92" CONTENT="för-"/>
						</TextLine>
						<TextLine ID="line_33" HPOS="108" VPOS="2051" WIDTH="1491" HEIGHT="47">
							<String ID="string_291" HPOS="108" VPOS="2051" WIDTH="108" HEIGHT="39" WC="0.96" CONTENT="slaget"/><SP WIDTH="21" VPOS="2051" HPOS="216"/>
							<String ID="string_292" HPOS="237" VPOS="2051" WIDTH="77" HEIGHT="30" WC="0.96" CONTENT="icke"/><SP WIDTH="21" VPOS="2051" HPOS="314"/>
							<String ID="string_293" HPOS="335" VPOS="2053" WIDTH="137" HEIGHT="30" WC="0.96" CONTENT="medför"/><SP WIDTH="23" VPOS="2053" HPOS="472"/>
							<String ID="string_294" HPOS="495" VPOS="2053" WIDTH="114" HEIGHT="40" WC="0.93" CONTENT="någon"/><SP WIDTH="21" VPOS="2053" HPOS="609"/>
							<String ID="string_295" HPOS="630" VPOS="2055" WIDTH="359" HEIGHT="41" WC="0.90" CONTENT="kostnadsbesparing"/><SP WIDTH="23" VPOS="2055" HPOS="989"/>
							<String ID="string_296" HPOS="1012" VPOS="2067" WIDTH="102" HEIGHT="20" WC="0.92" CONTENT="anser"/><SP WIDTH="24" VPOS="2067" HPOS="1114"/>
							<String ID="string_297" HPOS="1138" VPOS="2059" WIDTH="388" HEIGHT="39" WC="0.91" CONTENT="departementschefen"/><SP WIDTH="23" VPOS="2059" HPOS="1526"/>
							<String ID="string_298" HPOS="1549" VPOS="2063" WIDTH="50" HEIGHT="28" WC="0.96" CONTENT="att"/>
						</TextLine>
						<TextLine ID="line_34" HPOS="108" VPOS="2105" WIDTH="1490" HEIGHT="48">
							<String ID="string_299" HPOS="108" VPOS="2105" WIDTH="352" HEIGHT="39" WC="0.88" CONTENT="ställningstagandet"/><SP WIDTH="27" VPOS="2105" HPOS="460"/>
							<String ID="string_300" HPOS="487" VPOS="2107" WIDTH="53" HEIGHT="29" WC="0.96" CONTENT="till"/><SP WIDTH="27" VPOS="2107" HPOS="540"/>
							<String ID="string_301" HPOS="567" VPOS="2108" WIDTH="123" HEIGHT="39" WC="0.96" CONTENT="frågan"/><SP WIDTH="27" VPOS="2108" HPOS="690"/>
							<String ID="string_302" HPOS="717" VPOS="2118" WIDTH="56" HEIGHT="20" WC="0.96" CONTENT="om"/><SP WIDTH="29" VPOS="2118" HPOS="773"/>
							<String ID="string_303" HPOS="802" VPOS="2111" WIDTH="370" HEIGHT="39" WC="0.96" CONTENT="sammanslagningen"/><SP WIDTH="25" VPOS="2111" HPOS="1172"/>
							<String ID="string_304" HPOS="1197" VPOS="2112" WIDTH="64" HEIGHT="30" WC="0.93" CONTENT="bör"/><SP WIDTH="25" VPOS="2112" HPOS="1261"/>
							<String ID="string_305" HPOS="1286" VPOS="2114" WIDTH="214" HEIGHT="39" WC="0.92" CONTENT="uppskjutas"/><SP WIDTH="27" VPOS="2114" HPOS="1500"/>
							<String ID="string_306" HPOS="1527" VPOS="2115" WIDTH="71" HEIGHT="29" WC="0.96" CONTENT="tills"/>
						</TextLine>
						<TextLine ID="line_35" HPOS="106" VPOS="2157" WIDTH="1492" HEIGHT="48">
							<String ID="string_307" HPOS="106" VPOS="2157" WIDTH="129" HEIGHT="30" WC="0.95" CONTENT="vidare."/><SP WIDTH="25" VPOS="2157" HPOS="235"/>
							<String ID="string_308" HPOS="260" VPOS="2158" WIDTH="176" HEIGHT="30" WC="0.96" CONTENT="Utskottet"/><SP WIDTH="23" VPOS="2158" HPOS="436"/>
							<String ID="string_309" HPOS="459" VPOS="2169" WIDTH="103" HEIGHT="20" WC="0.95" CONTENT="anser"/><SP WIDTH="26" VPOS="2169" HPOS="562"/>
							<String ID="string_310" HPOS="588" VPOS="2161" WIDTH="50" HEIGHT="39" WC="0.96" CONTENT="sig"/><SP WIDTH="22" VPOS="2161" HPOS="638"/>
							<String ID="string_311" HPOS="660" VPOS="2161" WIDTH="85" HEIGHT="30" WC="0.97" CONTENT="böra"/><SP WIDTH="23" VPOS="2161" HPOS="745"/>
							<String ID="string_312" HPOS="768" VPOS="2163" WIDTH="103" HEIGHT="38" WC="0.96" CONTENT="godta"/><SP WIDTH="24" VPOS="2163" HPOS="871"/>
							<String ID="string_313" HPOS="895" VPOS="2164" WIDTH="115" HEIGHT="29" WC="0.96" CONTENT="denna"/><SP WIDTH="25" VPOS="2164" HPOS="1010"/>
							<String ID="string_314" HPOS="1035" VPOS="2164" WIDTH="227" HEIGHT="41" WC="0.96" CONTENT="uppfattning"/><SP WIDTH="25" VPOS="2164" HPOS="1262"/>
							<String ID="string_315" HPOS="1287" VPOS="2175" WIDTH="81" HEIGHT="20" WC="0.95" CONTENT="men"/><SP WIDTH="24" VPOS="2175" HPOS="1368"/>
							<String ID="string_316" HPOS="1392" VPOS="2167" WIDTH="206" HEIGHT="31" WC="0.95" CONTENT="förutsätter"/>
						</TextLine>
						<TextLine ID="line_36" HPOS="106" VPOS="2211" WIDTH="1492" HEIGHT="47">
							<String ID="string_317" HPOS="106" VPOS="2211" WIDTH="123" HEIGHT="29" WC="0.96" CONTENT="härvid"/><SP WIDTH="24" VPOS="2211" HPOS="229"/>
							<String ID="string_318" HPOS="253" VPOS="2213" WIDTH="50" HEIGHT="27" WC="0.95" CONTENT="att"/><SP WIDTH="22" VPOS="2213" HPOS="303"/>
							<String ID="string_319" HPOS="325" VPOS="2212" WIDTH="124" HEIGHT="39" WC="0.96" CONTENT="frågan"/><SP WIDTH="22" VPOS="2212" HPOS="449"/>
							<String ID="string_320" HPOS="471" VPOS="2222" WIDTH="57" HEIGHT="20" WC="0.96" CONTENT="om"/><SP WIDTH="24" VPOS="2222" HPOS="528"/>
							<String ID="string_321" HPOS="552" VPOS="2215" WIDTH="368" HEIGHT="40" WC="0.95" CONTENT="sammanslagningen"/><SP WIDTH="22" VPOS="2215" HPOS="920"/>
							<String ID="string_322" HPOS="942" VPOS="2226" WIDTH="42" HEIGHT="20" WC="0.95" CONTENT="av"/><SP WIDTH="21" VPOS="2226" HPOS="984"/>
							<String ID="string_323" HPOS="1005" VPOS="2217" WIDTH="171" HEIGHT="39" WC="0.96" CONTENT="byråerna"/><SP WIDTH="23" VPOS="2217" HPOS="1176"/>
							<String ID="string_324" HPOS="1199" VPOS="2219" WIDTH="44" HEIGHT="39" WC="0.96" CONTENT="på"/><SP WIDTH="23" VPOS="2219" HPOS="1243"/>
							<String ID="string_325" HPOS="1266" VPOS="2221" WIDTH="76" HEIGHT="37" WC="0.96" CONTENT="nytt"/><SP WIDTH="23" VPOS="2221" HPOS="1342"/>
							<String ID="string_326" HPOS="1365" VPOS="2220" WIDTH="233" HEIGHT="31" WC="0.96" CONTENT="aktualiseras"/>
						</TextLine>
						<TextLine ID="line_37" HPOS="107" VPOS="2263" WIDTH="1491" HEIGHT="48">
							<String ID="string_327" HPOS="107" VPOS="2263" WIDTH="38" HEIGHT="29" WC="0.96" CONTENT="så"/><SP WIDTH="32" VPOS="2263" HPOS="145"/>
							<String ID="string_328" HPOS="177" VPOS="2265" WIDTH="97" HEIGHT="27" WC="0.96" CONTENT="snart"/><SP WIDTH="32" VPOS="2265" HPOS="274"/>
							<String ID="string_329" HPOS="306" VPOS="2273" WIDTH="42" HEIGHT="20" WC="0.96" CONTENT="en"/><SP WIDTH="33" VPOS="2273" HPOS="348"/>
							<String ID="string_330" HPOS="381" VPOS="2266" WIDTH="86" HEIGHT="28" WC="0.95" CONTENT="även"/><SP WIDTH="22" VPOS="2266" HPOS="467"/>
							<String ID="string_331" HPOS="489" VPOS="2275" WIDTH="42" HEIGHT="20" WC="0.93" CONTENT="ur"/><SP WIDTH="22" VPOS="2275" HPOS="531"/>
							<String ID="string_332" HPOS="553" VPOS="2267" WIDTH="353" HEIGHT="40" WC="0.91" CONTENT="kostnadssynpunkt"/><SP WIDTH="22" VPOS="2267" HPOS="906"/>
							<String ID="string_333" HPOS="928" VPOS="2269" WIDTH="327" HEIGHT="32" WC="0.91" CONTENT="tillfredsställande"/><SP WIDTH="23" VPOS="2269" HPOS="1255"/>
							<String ID="string_334" HPOS="1278" VPOS="2272" WIDTH="138" HEIGHT="39" WC="0.93" CONTENT="lösning"/><SP WIDTH="21" VPOS="2272" HPOS="1416"/>
							<String ID="string_335" HPOS="1437" VPOS="2273" WIDTH="161" HEIGHT="30" WC="0.92" CONTENT="befinnes"/>
						</TextLine>
						<TextLine ID="line_38" HPOS="106" VPOS="2316" WIDTH="132" HEIGHT="39">
							<String ID="string_336" HPOS="106" VPOS="2316" WIDTH="132" HEIGHT="39" WC="0.95" CONTENT="möjlig."/>
						</TextLine>
					</TextBlock>
					<TextBlock ID="block_6" HPOS="107" VPOS="2369" WIDTH="1491" HEIGHT="92">
						<TextLine ID="line_39" HPOS="161" VPOS="2369" WIDTH="1437" HEIGHT="46">
							<String ID="string_337" HPOS="161" VPOS="2369" WIDTH="75" HEIGHT="30" WC="0.92" CONTENT="Vad"/><SP WIDTH="24" VPOS="2369" HPOS="236"/>
							<String ID="string_338" HPOS="260" VPOS="2370" WIDTH="388" HEIGHT="39" WC="0.91" CONTENT="departementschefen"/><SP WIDTH="24" VPOS="2370" HPOS="648"/>
							<String ID="string_339" HPOS="672" VPOS="2374" WIDTH="10" HEIGHT="29" WC="0.96" CONTENT="i"/><SP WIDTH="25" VPOS="2374" HPOS="682"/>
							<String ID="string_340" HPOS="707" VPOS="2374" WIDTH="111" HEIGHT="39" WC="0.96" CONTENT="övrigt"/><SP WIDTH="25" VPOS="2374" HPOS="818"/>
							<String ID="string_341" HPOS="843" VPOS="2375" WIDTH="119" HEIGHT="30" WC="0.96" CONTENT="anfört"/><SP WIDTH="25" VPOS="2375" HPOS="962"/>
							<String ID="string_342" HPOS="987" VPOS="2376" WIDTH="64" HEIGHT="29" WC="0.96" CONTENT="har"/><SP WIDTH="24" VPOS="2376" HPOS="1051"/>
							<String ID="string_343" HPOS="1075" VPOS="2377" WIDTH="76" HEIGHT="29" WC="0.96" CONTENT="icke"/><SP WIDTH="25" VPOS="2377" HPOS="1151"/>
							<String ID="string_344" HPOS="1176" VPOS="2377" WIDTH="84" HEIGHT="38" WC="0.96" CONTENT="givit"/><SP WIDTH="25" VPOS="2377" HPOS="1260"/>
							<String ID="string_345" HPOS="1285" VPOS="2378" WIDTH="171" HEIGHT="30" WC="0.93" CONTENT="utskottet"/><SP WIDTH="25" VPOS="2378" HPOS="1456"/>
							<String ID="string_346" HPOS="1481" VPOS="2380" WIDTH="117" HEIGHT="30" WC="0.91" CONTENT="anled-"/>
						</TextLine>
						<TextLine ID="line_40" HPOS="107" VPOS="2422" WIDTH="526" HEIGHT="39">
							<String ID="string_347" HPOS="107" VPOS="2422" WIDTH="82" HEIGHT="39" WC="0.95" CONTENT="ning"/><SP WIDTH="20" VPOS="2422" HPOS="189"/>
							<String ID="string_348" HPOS="209" VPOS="2423" WIDTH="52" HEIGHT="28" WC="0.96" CONTENT="till"/><SP WIDTH="20" VPOS="2423" HPOS="261"/>
							<String ID="string_349" HPOS="281" VPOS="2424" WIDTH="142" HEIGHT="29" WC="0.96" CONTENT="särskilt"/><SP WIDTH="19" VPOS="2424" HPOS="423"/>
							<String ID="string_350" HPOS="442" VPOS="2426" WIDTH="191" HEIGHT="29" WC="0.96" CONTENT="uttalande."/>
						</TextLine>
					</TextBlock>
					<TextBlock ID="block_7" HPOS="161" VPOS="2476" WIDTH="1283" HEIGHT="45">
						<TextLine ID="line_41" HPOS="161" VPOS="2476" WIDTH="1283" HEIGHT="45">
							<String ID="string_351" HPOS="161" VPOS="2476" WIDTH="176" HEIGHT="30" WC="0.96" CONTENT="Utskottet"/><SP WIDTH="21" VPOS="2476" HPOS="337"/>
							<String ID="string_352" HPOS="358" VPOS="2477" WIDTH="194" HEIGHT="40" WC="0.95" CONTENT="tillstyrker"/><SP WIDTH="21" VPOS="2477" HPOS="552"/>
							<String ID="string_353" HPOS="573" VPOS="2479" WIDTH="125" HEIGHT="40" WC="0.95" CONTENT="Kungl."/><SP WIDTH="24" VPOS="2479" HPOS="698"/>
							<String ID="string_354" HPOS="722" VPOS="2480" WIDTH="123" HEIGHT="40" WC="0.96" CONTENT="Maj:ts"/><SP WIDTH="22" VPOS="2480" HPOS="845"/>
							<String ID="string_355" HPOS="867" VPOS="2481" WIDTH="132" HEIGHT="40" WC="0.96" CONTENT="förslag"/><SP WIDTH="22" VPOS="2481" HPOS="999"/>
							<String ID="string_356" HPOS="1021" VPOS="2483" WIDTH="64" HEIGHT="29" WC="0.96" CONTENT="och"/><SP WIDTH="22" VPOS="2483" HPOS="1085"/>
							<String ID="string_357" HPOS="1107" VPOS="2483" WIDTH="203" HEIGHT="31" WC="0.96" CONTENT="hemställer"/><SP WIDTH="21" VPOS="2483" HPOS="1310"/>
							<String ID="string_358" HPOS="1331" VPOS="2485" WIDTH="113" HEIGHT="34" WC="0.95" CONTENT="alltså,"/>
						</TextLine>
					</TextBlock>
				</ComposedBlock>
				<ComposedBlock ID="cblock_6" HPOS="103" VPOS="2539" WIDTH="1182" HEIGHT="44">
					<TextBlock ID="block_8" HPOS="103" VPOS="2539" WIDTH="1182" HEIGHT="44">
						<TextLine ID="line_42" HPOS="103" VPOS="2539" WIDTH="1182" HEIGHT="44">
							<String ID="string_359" HPOS="103" VPOS="2539" WIDTH="104" HEIGHT="25" WC="0.85" CONTENT="3—488"/><SP WIDTH="13" VPOS="2539" HPOS="207"/>
							<String ID="string_360" HPOS="220" VPOS="2543" WIDTH="31" HEIGHT="21" WC="0.91" CONTENT="53"/><SP WIDTH="36" VPOS="2543" HPOS="251"/>
							<String ID="string_361" HPOS="287" VPOS="2544" WIDTH="121" HEIGHT="35" WC="0.87" CONTENT="Bihang"/><SP WIDTH="23" VPOS="2544" HPOS="408"/>
							<String ID="string_362" HPOS="431" VPOS="2545" WIDTH="45" HEIGHT="28" WC="0.96" CONTENT="till"/><SP WIDTH="23" VPOS="2545" HPOS="476"/>
							<String ID="string_363" HPOS="499" VPOS="2546" WIDTH="174" HEIGHT="35" WC="0.96" CONTENT="riksdagens"/><SP WIDTH="24" VPOS="2546" HPOS="673"/>
							<String ID="string_364" HPOS="697" VPOS="2549" WIDTH="147" HEIGHT="34" WC="0.94" CONTENT="protokoll"/><SP WIDTH="25" VPOS="2549" HPOS="844"/>
							<String ID="string_365" HPOS="869" VPOS="2550" WIDTH="89" HEIGHT="27" WC="0.95" CONTENT="1953."/><SP WIDTH="50" VPOS="2550" HPOS="958"/>
							<String ID="string_366" HPOS="1008" VPOS="2551" WIDTH="17" HEIGHT="25" WC="0.94" CONTENT="6"/><SP WIDTH="23" VPOS="2551" HPOS="1025"/>
							<String ID="string_367" HPOS="1048" VPOS="2551" WIDTH="88" HEIGHT="27" WC="0.95" CONTENT="saml."/><SP WIDTH="49" VPOS="2551" HPOS="1136"/>
							<String ID="string_368" HPOS="1185" VPOS="2552" WIDTH="49" HEIGHT="27" WC="0.95" CONTENT="Nr"/><SP WIDTH="24" VPOS="2552" HPOS="1234"/>
							<String ID="string_369" HPOS="1258" VPOS="2552" WIDTH="27" HEIGHT="27" WC="0.38" CONTENT="5."/>
						</TextLine>
					</TextBlock>
				</ComposedBlock>
			</PrintSpace>
		</Page>
	</Layout>
</alto>
