1860 2790
257 182 43 29 42
727 181 253 28 Statsutskottets
1004 182 161 28 utlåtande
1188 191 40 18 nr
1250 183 26 27 5.

258 269 44 19 en
328 260 205 40 minskning
560 262 79 29 med
666 262 119 29 27000
813 262 130 29 kronor
972 262 54 30 för
1053 263 382 39 byggnadskostnader,
1464 264 202 29 hemställer
1695 265 54 28 ut-

258 313 138 34 skottet,

566 370 51 28 att
640 369 189 39 riksdagen
852 369 57 29 må
933 370 53 29 till
1010 369 285 30 Arbetskliniken
1320 370 11 29 i
1354 370 203 30 Stockholm
1583 371 54 29 för
1661 371 87 29 bud-

524 422 131 38 getåret
697 422 142 31 1953/54
878 423 122 30 anvisa
1039 424 49 28 ett
1127 424 358 39 reservationsanslag
1525 433 43 21 av
1608 424 140 30 164100

522 475 140 30 kronor.

314 598 96 33 50:0)
441 600 132 40 Bidrag
595 601 52 30 till
669 601 211 30 kommunal
903 602 68 30 och
993 602 139 30 enskild
1154 602 460 31 arbetsvårdsverksamhet.
1652 602 12 29 I
1689 611 58 20 en-

255 652 107 39 lighet
385 653 79 29 med
490 653 125 40 Kungl.
641 654 125 39 Maj:ts
791 654 130 40 förslag
952 655 130 39 (punkt
1105 655 52 35 54,
1184 665 26 20 s.
1237 655 204 35 134--136),
1466 656 109 29 vilket
1598 656 148 29 innebär

255 714 43 20 en
322 706 91 30 ökad
437 703 322 44 medelsanvisning
784 709 79 29 med
891 708 137 29 122500
1054 709 130 29 kronor
1210 709 52 30 till
1289 709 365 40 träningsverkstäder
1680 709 65 30 och

255 759 289 30 arbetscentraler
571 770 45 20 m.
643 770 56 25 m.,
727 761 202 30 hemställer
954 761 182 35 utskottet,

565 816 50 28 att
645 815 190 39 riksdagen
863 814 58 30 må
951 816 52 29 till
1033 815 127 40 Bidrag
1192 816 53 29 till
1275 815 207 31 kommunal
1512 817 64 29 och
1607 815 139 31 enskild

519 867 449 31 arbetsvårdsverksamhet
994 868 54 30 för
1073 869 206 39 budgetåret
1306 869 141 31 1953/54
1474 870 122 30 anvisa
1621 872 49 28 ett
1695 879 51 20 re-

521 922 318 39 servationsanslag
866 931 42 20 av
936 922 62 29 380
1013 922 62 29 000
1103 923 141 29 kronor.

309 1035 96 33 31:0)
435 1037 510 40 Arbetsmarknadsstyrelsens
982 1039 459 31 arbetsvårdsverksamhet.
1483 1039 125 39 Kungl.
1637 1039 106 39 Maj:t

251 1089 64 29 har
344 1089 130 39 (punkt
497 1090 52 34 55,
574 1100 26 20 s.
626 1090 189 35 136—140)
844 1091 179 40 föreslagit
1046 1092 189 39 riksdagen
1258 1094 51 28 att
1331 1093 53 29 till
1408 1092 335 30 Arbetsmarknads-

253 1143 188 38 styrelsens
474 1144 449 30 arbetsvårdsverksamhet
955 1145 55 29 för
1042 1145 205 39 budgetåret
1281 1145 141 32 1953/54
1455 1146 123 30 anvisa
1608 1148 50 28 ett
1690 1155 52 20 re-

252 1197 317 40 servationsanslag
596 1207 42 20 av
665 1198 95 29 1950
775 1198 63 30 000
863 1198 141 30 kronor.

306 1304 165 39 Anslaget
497 1305 38 28 är
561 1305 10 28 i
598 1305 160 38 gällande
784 1305 145 29 riksstat
954 1305 145 40 uppfört
1123 1307 80 29 med
1230 1305 63 30 960
1308 1305 62 30 000
1396 1306 141 30 kronor.

308 1357 81 29 1952
416 1357 57 30 års
499 1358 144 39 riksdag
668 1358 184 38 godkände
878 1358 125 40 Kungl.
1031 1359 123 39 Maj:ts
1180 1359 132 40 förslag
1338 1369 57 20 om
1421 1360 251 40 överflyttning
1699 1369 42 20 av

248 1410 213 30 åtminstone
485 1411 224 30 huvuddelen
733 1421 42 20 av
799 1412 356 39 pensionsstyrelsens
1179 1413 313 39 yrkesutbildande
1516 1414 225 29 verksamhet

248 1464 53 29 till
327 1464 494 40 arbetsmarknadsstyrelsen.
858 1466 52 28 En
935 1475 42 21 av
1002 1467 41 29 de
1068 1466 89 30 båda
1180 1467 131 29 verken
1336 1467 134 30 träffad
1495 1468 245 29 överenskom-

248 1518 107 29 melse
393 1518 11 29 i
444 1518 100 39 fråga
584 1527 56 21 om
680 1519 393 39 ärendesfördelningen
1111 1520 158 34 innebär,
1309 1522 50 28 att
1398 1521 342 39 pensionsstyrelsen

248 1570 43 30 fr.
313 1580 29 20 o.
364 1580 45 21 m.
432 1572 68 29 den
523 1573 14 28 1
563 1572 144 29 oktober
731 1572 84 30 19352
838 1581 75 21 som
932 1574 93 38 regel
1046 1573 71 29 inte
1139 1575 54 28 tar
1216 1575 93 28 emot
1330 1583 68 30 nya
1420 1574 239 40 ansökningar
1682 1583 57 21 om

246 1625 306 40 yrkesutbildning
576 1626 82 29 eller
683 1626 233 39 omskolning.
954 1626 343 39 Pensionsstyrelsen
1322 1627 158 30 kommer
1506 1628 89 29 dock
1619 1630 50 27 att
1693 1628 45 29 ha

247 1679 183 39 möjlighet
459 1681 51 27 att
539 1680 109 29 ordna
676 1680 307 40 yrkesutbildning
1011 1681 11 28 i
1052 1680 61 30 fall
1143 1689 75 21 som
1248 1681 66 29 blir
1343 1681 156 30 aktuella
1526 1682 11 28 i
1567 1682 171 29 samband

245 1733 80 29 med
355 1733 332 39 pensionsärenden.
718 1734 110 29 Dessa
858 1734 177 39 riktlinjer
1065 1743 101 21 anses
1196 1735 85 29 böra
1310 1735 177 39 tillämpas
1518 1735 71 29 tills
1618 1735 119 29 vidare

244 1786 11 28 i
278 1786 150 30 avbidan
450 1787 44 39 på
516 1786 201 39 ytterligare
738 1787 212 30 erfarenhet.

301 1839 494 40 Arbetsmarknadsstyrelsen
821 1841 63 29 har
911 1841 119 29 funnit
1058 1841 40 29 de
1124 1841 238 30 innevarande
1389 1841 170 40 budgetår
1586 1842 52 30 till
1665 1851 72 20 om-

245 1893 162 40 skolning
432 1894 166 29 anvisade
623 1894 139 29 medlen
787 1894 241 39 otillräckliga.
1065 1895 13 29 I
1104 1894 115 39 någon
1244 1894 83 30 mån
1350 1895 101 30 beror
1478 1896 95 29 detta
1597 1895 45 40 på
1667 1896 70 29 för-

244 1947 109 38 slaget
375 1948 50 28 att
448 1947 247 30 överförandet
718 1947 82 30 från
823 1948 339 39 pensionsstyrelsen
1187 1949 90 29 skall
1301 1949 64 39 äga
1387 1958 80 20 rum
1491 1949 109 30 redan
1624 1950 111 29 under

243 2000 118 40 loppet
385 2009 43 21 av
451 2001 96 29 detta
570 2001 181 39 budgetår.
788 2002 75 28 Den
885 2002 194 39 väsentliga
1103 2002 235 39 anledningen
1362 2003 39 29 är
1427 2003 90 29 dock
1541 2003 58 29 det
1623 2003 111 29 ökade

242 2053 147 30 behovet
411 2063 43 20 av
475 2054 224 40 omskolning
721 2055 66 29 och
809 2054 305 41 yrkesutbildning
1137 2064 75 21 som
1235 2056 160 29 orsakats
1419 2066 42 20 av
1483 2057 58 29 det
1564 2058 170 28 stramare

241 2107 414 40 arbetsmarknadsläget.
691 2108 77 30 Den
791 2108 270 41 handikappade
1085 2109 260 30 arbetskraften
1367 2110 162 30 befinner
1553 2110 51 40 sig
1628 2110 106 40 givet-

239 2161 54 29 vis
318 2162 11 29 i
356 2163 48 28 ett
431 2162 144 29 särskilt
599 2163 111 28 utsatt
736 2162 75 39 läge
837 2162 44 30 då
908 2163 559 39 sysselsättningsmöjligheterna
1493 2164 162 30 tenderar
1682 2166 51 28 att

240 2214 48 30 bli
311 2215 190 40 knappare.
536 2215 94 29 Även
651 2215 12 29 i
686 2217 50 28 ett
758 2215 125 30 sådant
906 2216 75 39 läge
1004 2216 71 29 kan
1097 2214 193 32 emellertid
1313 2216 88 29 brist
1424 2217 45 39 på
1490 2217 243 40 yrkeskunnig

241 2268 214 30 arbetskraft
482 2269 168 39 föreligga
675 2269 98 29 inom
800 2278 43 20 en
868 2270 56 29 del
951 2269 177 30 områden.
1166 2270 67 29 Det
1259 2270 39 28 är
1324 2269 108 40 enligt
1457 2270 276 39 departements-

239 2322 144 29 chefens
408 2323 143 38 mening
576 2323 112 29 under
715 2322 133 31 sådana
872 2322 247 30 förhållanden
1143 2332 42 20 av
1210 2322 75 30 vikt
1311 2325 51 28 att
1385 2323 223 30 intensifiera
1632 2325 100 28 verk-

240 2375 182 30 samheten
439 2375 56 30 för
513 2377 51 28 att
581 2376 127 29 bereda
725 2376 155 39 partiellt
897 2376 196 31 arbetsföra
1110 2377 67 30 den
1194 2376 283 41 yrkeskunskap,
1497 2386 76 21 som
1592 2377 139 30 fordras

238 2428 55 30 för
318 2429 305 40 arbetsplacering.
659 2430 104 30 Detta
788 2431 38 29 är
851 2439 43 20 en
917 2440 43 20 av
982 2431 43 29 de
1050 2430 494 41 arbetslöshetsbekämpande
1569 2431 161 40 åtgärder

239 2491 75 21 som
337 2483 23 30 f.
383 2492 33 21 n.
438 2484 39 29 är
498 2485 91 28 mest
610 2482 166 31 aktuella.
810 2484 77 30 Med
909 2484 138 40 hänsyn
1069 2484 118 30 härtill
1210 2494 102 21 anses
1335 2486 57 29 det
1412 2486 168 39 riktigare
1602 2487 51 28 att
1675 2486 55 29 för
