2185 2648
693 229 262 33 Statsutskottets
982 230 172 33 Memorial
1177 231 60 32 N:o
1260 235 49 28 61.
1744 237 10 28 1

916 722 76 41 N:o
1020 724 60 40 61.

804 904 72 29 Ank.
902 906 40 28 till
966 906 98 29 Riksd.
1090 906 92 29 kansli
1206 907 55 28 den
1287 909 15 26 7
1326 909 56 37 maj
1409 909 89 34 1888,
1522 909 36 29 kl.
1584 910 18 28 8
1626 919 23 20 e.
1676 920 35 18 m.

389 1064 195 43 Memorial,
613 1065 77 34 med
706 1064 142 45 förslag
876 1066 53 34 till
955 1067 420 45 voterinyspropositioner
1401 1069 13 33 i
1441 1070 187 44 anledning
1647 1070 47 43 af
1705 1072 90 33 kam-

587 1127 123 22 rarnes
737 1116 198 44 skiljaktiga
963 1117 106 35 beslut
1095 1120 151 33 rörande
1273 1120 41 34 de
1341 1120 109 44 kongl.
1481 1124 183 32 teatrarne.

1423 1220 70 46 (2:a
1521 1222 46 36 U.
1597 1222 61 48 A.J)

321 1383 284 45 Statsutskottet,
640 1396 70 23 som
744 1384 139 37 erhållit
916 1388 54 33 del
999 1387 38 34 af
1061 1388 205 36 kamrarnes
1293 1391 114 33 beslut
1435 1392 75 34 med
1539 1393 188 44 anledning
1756 1394 38 34 af

184 1436 192 34 utskottets
415 1434 183 37 utlåtande
639 1447 55 23 n:o
737 1438 19 33 8
798 1448 20 24 a
851 1439 148 33 rörande
1028 1436 179 48 åtskilliga
1235 1441 132 44 förslag
1394 1440 180 46 angående
1603 1444 40 34 de
1671 1444 116 44 kongl.

184 1490 191 39 teatrarne,
417 1485 55 36 får
509 1488 67 34 här
616 1488 114 34 nedan
771 1489 193 34 framställa
999 1490 58 34 det
1089 1491 132 45 förslag
1254 1493 53 33 till
1342 1494 447 45 voteringspropositioner,

185 1538 145 34 hvartill
357 1538 148 34 berörda
533 1539 113 33 beslut
673 1539 134 34 funnits
834 1540 189 35 föranleda.

319 1587 115 35 Sedan
462 1588 129 45 Kongl.
621 1589 108 44 Maj:t
755 1590 11 33 i
795 1591 62 33 den
888 1592 53 33 till
968 1591 202 44 Riksdagen
1200 1594 65 34 den
1297 1597 43 32 14
1365 1595 142 44 januari
1539 1598 92 33 1888
1658 1595 130 36 aflåtna

184 1639 257 43 propositionen
475 1638 179 46 angående
682 1643 234 33 statsverkets
944 1640 155 37 tillstånd
1129 1645 63 33 och
1219 1645 107 34 behof
1349 1646 11 33 i
1387 1644 102 46 fråga
1517 1657 53 24 om
1599 1647 41 35 de
1668 1648 117 44 kongl.

183 1692 181 32 teatrarne
393 1689 192 45 föreslagit,
614 1694 54 31 att
696 1690 201 46 Riksdagen
927 1690 107 37 måtte

318 1741 73 34 dels
431 1741 187 45 medgifva,
653 1746 53 31 att
734 1744 40 33 de
801 1744 117 44 kongl.
948 1748 198 31 teatrarnes
1173 1747 226 35 verksamhet
1425 1748 92 45 finge
1545 1747 118 47 fortgå
1695 1748 21 36 å
1749 1748 38 37 så

183 1792 59 34 väl
269 1792 66 34 den
363 1796 95 31 stora
486 1804 72 23 som
586 1794 64 34 den
679 1795 216 34 dramatiska
923 1798 138 32 teatern
1089 1797 109 34 under
1226 1801 53 31 tre
1307 1796 124 46 spelår,
1451 1800 154 35 räknadt
1623 1798 77 37 från
1722 1802 65 34 den

188 1845 11 31 1
247 1844 287 35 nästkommande
572 1844 76 45 juli,
690 1849 90 31 samt
820 1846 54 34 för
913 1845 254 45 uppehållande
1201 1849 39 33 af
1263 1851 386 36 teaterverksamheten
1677 1853 110 34 under

183 1891 151 46 spelåret
366 1896 256 43 1888—1889,
651 1897 140 34 utöfver
819 1898 57 33 det
904 1895 20 36 å
952 1899 172 34 ordinarie
1153 1903 70 31 stat
1250 1901 171 43 uppförda
1449 1903 123 44 anslag
1596 1904 37 34 af
1652 1905 133 42 60,000

183 1945 141 43 kronor,
366 1946 53 33 till
460 1946 129 44 Kongl.
632 1946 124 45 Maj:ts
796 1947 205 45 förfogande
1034 1951 103 33 ställa
1171 1952 49 32 ett
1253 1952 153 35 kreditiv
1434 1951 20 35 å
1484 1955 133 41 25,000
1645 1955 139 44 kronor,

183 1998 54 32 att
278 1997 181 34 användas
499 1998 123 34 endast
662 1999 11 33 i
713 1999 65 34 den
819 1998 78 35 mån
939 2001 159 43 anslaget
1131 1999 20 36 å
1184 2002 173 35 ordinarie
1390 2006 82 41 stat,
1501 2003 129 46 Kongl.
1660 2005 126 45 Maj:ts

184 2047 159 34 enskilda
370 2048 125 44 bidrag
521 2049 54 33 till
603 2052 179 32 teatrarne
811 2053 89 31 samt
941 2054 196 32 teatrarnes
1171 2052 113 44 öfriga
1312 2054 191 35 inkomster
1530 2056 77 34 icke
1635 2055 151 45 försloge

182 2098 54 33 till
264 2098 224 35 bestridande
516 2099 38 34 af
578 2100 194 44 utgifterna
799 2100 54 35 för
880 2099 272 46 ifrågavarande
1180 2104 239 40 verksamhet;

318 2149 74 34 dels
431 2150 66 42 ock,
538 2150 54 34 till
631 2152 172 42 gäldande
837 2152 38 33 af
904 2153 181 34 utbetalda
1114 2154 189 35 kostnader
1329 2156 12 33 i
1368 2157 63 33 och
1458 2156 54 34 för
1539 2155 166 46 åtgärder
1732 2159 54 33 till

183 2199 203 43 skyddande
415 2200 39 34 af
478 2204 94 31 stora
599 2204 157 32 teaterns
784 2203 62 33 och
875 2203 214 35 dramatiska
1119 2207 154 33 teaterns
1300 2207 64 34 hus
1391 2210 70 31 mot
1481 2208 146 44 eldfara,
1648 2206 20 37 å
1684 2212 101 32 extra

182 2252 72 32 stat
281 2250 54 34 för
362 2248 40 37 år
433 2253 93 33 1889
557 2253 122 34 anvisa
709 2256 50 31 ett
787 2254 121 43 belopp
937 2255 38 33 af
1001 2257 133 41 32,750
1163 2256 144 45 kronor;

270 2308 74 31 PBih.
370 2308 51 31 till
438 2308 121 49 Riksd.
585 2309 87 32 Prot.
697 2313 91 29 1888.
833 2314 20 28 4
878 2311 99 32 Saml.
1022 2316 18 27 1
1064 2313 80 40 Afd.
1189 2315 41 29 39
1253 2314 98 40 Häft.
1686 2320 15 28 1
