1914 2826
495 173 104 32 Andra
622 178 195 36 lagutskottets
840 175 148 32 utlåtande
1010 175 49 33 Nr
1081 182 57 31 46;
1162 175 122 42 bilagor.
1605 176 40 35 23

198 249 67 32 Vid
283 250 107 31 sådan
407 251 214 32 förhållande
639 252 109 32 skulle
767 264 41 20 en
826 264 40 20 av
884 254 41 31 de
944 254 149 32 fördelar
1111 266 41 20 av
1170 255 66 32 den
1254 256 194 40 föreslagna
1466 257 179 38 reformen,

144 301 72 21 som
244 292 212 32 motionären
482 294 156 40 påpekat,
666 294 170 42 nämligen
863 296 239 41 minskningen
1130 297 11 30 i
1169 297 323 33 länsarkitekternas
1520 299 126 37 arbete,

146 334 172 31 sannolikt
341 334 133 32 komma
496 338 50 29 att
568 335 75 32 visa
665 336 53 40 sig
740 337 184 32 illusorisk.

196 375 238 42 Huvudsyftet
458 378 78 30 med
560 378 66 31 den
651 378 198 41 ifrågasatta
873 379 245 43 lagändringen
1143 383 37 29 är
1204 381 190 33 emellertid
1419 385 49 29 att
1493 383 155 31 förenkla

145 418 211 32 förfarandet
374 419 62 31 och
454 419 198 41 därigenom
670 420 102 32 vinna
789 421 60 31 tid.
880 421 95 33 Även
995 434 54 20 om
1069 423 436 43 fastställelseprövningen
1524 426 12 30 i
1556 425 91 42 regel

145 460 73 32 icke
238 463 43 39 på
301 461 94 41 långt
415 463 60 29 när
495 461 119 39 kräver
634 464 38 30 så
692 462 79 41 lång
790 464 60 37 tid,
872 475 73 20 som
965 465 12 30 i
998 465 175 32 motionen
1195 467 177 41 uppgives,
1394 469 37 29 är
1451 467 93 42 varje
1567 468 79 31 tids-

144 502 91 32 vinst
252 503 145 41 givetvis
416 514 41 21 en
475 504 119 32 fördel.
624 504 119 32 Ehuru
761 506 264 41 länsstyrelsens
1043 507 195 43 befattning
1254 509 78 31 med
1350 510 171 31 ärendena
1539 510 108 31 sällan

145 548 94 38 tager
260 556 71 20 mer
351 547 42 29 än
414 557 41 20 en
476 546 104 32 vecka
600 547 11 30 i
633 547 154 41 anspråk,
810 548 144 32 frånsett
975 549 67 32 den
1063 549 61 39 tid,
1146 561 73 21 som
1242 552 95 40 åtgår
1358 552 54 31 för
1432 552 152 32 hörande
1607 564 40 20 av

144 587 350 41 byggnadsnämnden
514 589 11 30 i
546 591 106 36 orten,
675 590 43 31 då
737 590 93 32 detta
851 602 99 20 anses
971 592 130 41 nödigt,
1123 594 37 30 är
1181 593 57 32 det
1259 593 228 43 obestridligt,
1510 597 49 29 att
1581 595 66 31 den

143 629 194 42 föreslagna
364 630 245 42 lagändringen
636 631 109 32 skulle
772 632 153 32 medföra
950 635 114 39 någon
1091 634 171 32 tidsvinst.
1302 635 179 43 Atskilligt
1509 636 138 33 dubbel-

144 671 114 32 arbete
298 672 110 31 skulle
447 672 165 41 därjämte
652 673 166 33 undvikas
848 675 62 31 och
938 675 266 41 länsstyrelsens
1233 677 224 33 arbetsbörda
1486 679 159 32 minskas.

195 714 54 31 Då
274 714 190 32 emellertid
490 715 101 31 dessa
617 715 11 31 i
654 715 63 32 och
743 716 53 31 för
821 717 53 40 sig
900 717 270 33 beaktansvärda
1196 719 149 32 fördelar
1371 721 107 41 enligt
1504 721 142 42 länssty-

144 756 129 32 relsens
299 757 137 42 mening
459 758 206 41 näppeligen
690 760 156 40 uppväga
870 759 42 31 de
938 770 86 21 ovan
1050 760 151 41 antydda
1226 762 63 31 och
1314 773 41 20 av
1379 762 267 33 länsarkitekten

143 799 174 41 påpekade
336 799 235 39 nackdelarna,
593 811 99 21 anser
712 801 53 40 sig
785 801 245 41 länsstyrelsen
1051 803 73 31 icke
1145 803 114 33 kunna
1279 804 172 41 tillstyrka
1473 805 99 32 bifall
1593 806 53 31 till

143 841 183 32 motionen.

194 892 110 31 Falun
326 892 12 31 i
363 892 247 32 landskansliet
634 893 64 31 den
722 893 19 31 9
764 905 89 20 mars
878 894 88 32 1938.

727 960 124 33 Bernh.
875 961 177 33 Eriksson.

195 1004 124 36 Ludvig
342 1004 138 29 Lorichs.

1407 1116 121 42 Bilaga
1553 1118 39 31 G.

136 1152 112 33 Kungl.
268 1153 111 33 Maj:ts
399 1153 339 34 befallningshavande

434 1204 11 20 i

252 1238 284 29 Västernorrlands
555 1239 66 28 län.

325 1293 224 23 Landskansliet.

421 1350 98 32 Till
553 1351 296 42 riksdagens
882 1354 148 32 andra
1064 1355 291 41 lagutskott.

194 1408 132 31 Genom
348 1409 104 41 nådig
474 1410 121 31 remiss
619 1410 66 32 den
707 1412 19 29 4
750 1411 150 32 februari
924 1413 80 31 1938
1028 1413 62 31 har
1113 1414 246 42 länsstyrelsen
1384 1416 184 34 anbefallts
1592 1422 50 29 att

141 1450 52 31 till
215 1451 167 31 utskottet
403 1452 119 40 avgiva
542 1452 159 41 yttrande
723 1454 80 30 över
824 1465 42 20 en
887 1455 93 30 inom
1002 1455 202 42 riksdagens
1226 1458 105 31 andra
1353 1458 169 34 kammare
1544 1461 99 32 väckt

140 1493 139 38 motion,
301 1504 40 20 nr
362 1494 48 37 71,
433 1494 175 41 angående
630 1495 69 31 viss
722 1496 144 41 ändring
887 1508 40 19 av
949 1497 100 41 lagen
1072 1509 53 20 om
1148 1499 141 42 delning
1310 1511 41 20 av
1373 1501 77 41 jord
1473 1504 19 29 å
1515 1503 125 32 landet.

193 1535 67 30 Till
288 1535 289 33 efterkommande
605 1537 103 31 härav
737 1538 51 30 får
816 1538 255 41 länsstyrelsen,
1102 1541 77 31 med
1207 1542 261 34 överlämnande
1497 1556 41 20 av
1566 1546 75 31 från

140 1577 305 32 överlantmätaren
466 1579 11 30 i
498 1578 102 38 länet,
622 1579 387 42 ägodelningsdomarna
1031 1582 10 31 i
1064 1582 110 33 länets
1197 1585 157 41 samtliga
1376 1586 182 43 domsagor
1579 1588 63 32 och

139 1619 267 32 länsarkitekten
430 1621 11 30 i
466 1621 141 31 ärendet
630 1621 160 33 inkomna
813 1624 219 41 yttranden,!)
1063 1625 53 31 för
1142 1637 84 34 egen
1252 1627 56 31 del
1333 1628 119 33 anföra
1477 1630 162 41 följande.

190 1659 264 42 Länsstyrelsen
489 1672 101 21 anser
625 1663 53 41 sig
712 1663 105 32 sakna
852 1664 147 42 befogad
1035 1665 185 44 anledning
1255 1670 161 31 motsätta
1442 1671 54 42 sig
1519 1672 12 30 i
1556 1671 83 31 före-

139 1704 147 31 varande
307 1704 130 32 motion
458 1708 111 29 avsett
590 1706 128 41 förslag
739 1707 54 31 till
814 1707 210 43 lagändring,
1047 1711 168 31 avseende
1238 1711 161 34 befrielse
1422 1714 54 31 för
1498 1715 143 42 länssty-

139 1745 150 32 relserna
309 1748 49 30 att
376 1748 105 40 pröva
501 1748 63 31 och
584 1748 170 32 fastställa
774 1750 92 31 vissa
885 1751 401 42 avstyckningsärenden.
1320 1755 203 34 Emellertid
1543 1759 97 31 torde

140 1787 57 32 det
218 1799 79 20 vara
318 1789 192 41 uppenbart
532 1792 50 29 att
604 1791 264 41 länsstyrelsens
891 1793 180 42 möjlighet
1093 1797 50 29 att
1165 1796 85 41 följa
1274 1794 366 52 samhällsbildningen

139 1829 62 31 och
223 1833 50 28 att
294 1831 135 42 ingripa
450 1832 199 41 reglerande
672 1835 19 29 å
713 1833 437 42 byggnadsverksamheten
1173 1838 68 31 blir
1264 1841 109 31 sämre
1396 1837 243 52 tillgodosedd,

139 1872 114 31 därest
272 1873 264 41 länsstyrelsens
557 1874 194 42 befattning
771 1877 76 31 med
867 1877 205 33 hithörande
1093 1879 74 41 slag
1187 1891 40 20 av
1248 1882 149 32 ärenden
1417 1883 151 33 kommer
1590 1888 49 29 att

138 1914 163 41 upphöra.
325 1915 49 31 På
394 1916 110 41 grund
524 1916 105 31 härav
650 1920 86 28 samt
758 1919 76 30 med
856 1919 133 41 hänsyn
1011 1921 54 30 till
1088 1922 65 30 vad
1175 1922 267 34 länsarkitekten
1464 1927 12 30 i
1499 1928 140 31 ärendet

138 1957 122 37 anfört,
290 1968 101 29 synes
420 1957 83 32 böra
531 1959 216 39 föreskrivas,
777 1963 49 29 att
855 1961 241 33 länsarkitekts
1124 1965 158 39 yttrande
1312 1966 86 32 skall
1427 1968 170 34 inhämtas
1627 1971 12 30 i

138 1998 157 41 samtliga
322 2000 148 31 ärenden
498 2001 144 31 rörande
670 2003 260 41 avstyckningar
957 2005 93 31 inom
1078 2005 188 42 byggnads-
1295 2009 63 31 och
1387 2012 74 29 avst
1486 2007 153 50 cknings-

138 2040 272 41 planeområden.
445 2042 63 31 Om
530 2043 11 31 i
565 2044 123 31 ärende
711 2045 143 32 rörande
877 2047 224 42 avstyckning
1124 2049 191 42 ESA
1340 2022 178 72 TAGER
1541 2055 98 31 råder

137 2082 123 31 mellan
285 2083 222 33 länsarkitekt
532 2085 63 31 och
621 2087 280 33 överlantmätare
926 2088 216 34 beträffande
1170 2092 230 40 fastställelse,
1428 2106 100 22 anser
1553 2097 85 32 läns-

137 2125 168 39 styrelsen
332 2126 392 44 fastställelseprövning
750 2141 39 20 av
817 2130 249 43 förrättningen
1093 2132 83 33 böra
1202 2134 201 34 verkställas
1430 2148 40 20 av
1496 2139 142 41 länssty-

135 2166 86 31 relse
246 2167 84 31 eller
353 2178 40 20 av
416 2168 255 33 vederbörande
695 2171 301 42 ägodelningsrätt,
1022 2174 10 30 i
1057 2174 106 32 vilket
1186 2186 118 22 senare
1329 2178 60 31 fall
1413 2178 224 35 länsarkitekt

137 2219 101 30 synes
256 2209 83 31 böra
355 2209 143 33 beredas
517 2211 137 32 tillfälle
672 2215 49 29 att
738 2215 112 30 såsom
869 2215 147 31 särskild
1035 2216 191 43 sakkunnig
1243 2220 141 31 närvara
1401 2222 58 31 vid
1478 2223 159 32 ärendets

136 2251 201 39 avgörande.

189 2299 208 33 Härnösand
422 2302 12 30 i
459 2302 249 34 landskansliet
734 2305 65 32 den
826 2306 18 31 8
870 2318 88 20 mars
986 2308 89 31 1938.

636 2362 49 31 På
707 2363 263 42 länsstyrelsens
995 2368 135 39 vägnar:

220 2418 135 40 Ragnar
379 2419 137 31 Stattin.
1137 2426 139 32 Gunnar
1300 2429 250 39 Ingemarsson.

186 2484 6 14 !
213 2486 61 24 Här
293 2487 155 25 uteslutna.
