1880 2814
61 1852 130 24 Utskottet.

235 135 41 31 32
681 136 263 28 Statsutskottets
967 135 166 28 utlåtande
1156 144 39 17 nr
1226 135 50 28 41.

236 210 227 31 kostnaderna
487 209 111 31 kunna
621 211 104 39 något
747 209 206 40 nedbringas
977 208 11 31 i
1011 208 213 31 förhållande
1249 208 52 30 till
1325 207 64 31 vad
1414 207 143 31 sålunda
1581 207 156 40 angivits.

237 252 85 32 Tills
346 252 114 31 vidare
487 252 119 30 räknar
629 252 57 40 jag
711 251 188 31 emellertid
923 251 77 31 med
1025 250 232 41 nyssnämnda
1281 249 135 42 belopp,
1445 249 59 31 175
1517 249 61 31 300
1603 249 134 31 kronor.

528 385 440 25 ADMINISTRATIONSKOSTNADER
987 385 59 24 OCH
1063 378 212 31 OFÖRUTSEDDA
1296 384 153 24 UTGIFTER.

290 463 67 30 För
377 463 172 31 marinens
571 462 258 31 vidkommande
852 461 210 32 beräknades
1085 462 54 30 för
1162 461 227 31 innevarande
1413 460 167 41 budgetår
1604 462 48 30 ett
1675 462 66 29 sär-

239 514 80 31 skilt
347 513 127 42 belopp
494 515 18 29 å
531 513 60 31 609
604 513 61 31 800
695 513 125 30 kronor
850 513 53 30 för
933 511 481 32 administrationskostnader
1435 511 62 31 och
1519 511 221 31 oförutsedda

238 564 149 42 utgifter.
404 563 240 41 Beräkningen
658 563 104 31 härav
778 563 125 32 skedde
920 563 78 31 med
1013 562 256 42 utgångspunkt
1285 562 74 31 från
1375 564 49 29 att
1439 561 163 42 beloppet
1618 562 11 30 i
1645 561 95 41 fråga

239 618 11 30 i
269 617 87 29 stort
373 617 68 29 sett
458 614 107 31 borde
584 616 170 29 motsvara
773 625 58 20 sex
849 616 140 39 procent
1008 625 40 19 av
1066 613 229 31 kostnaderna
1315 613 53 31 för
1387 611 157 42 samtliga
1564 612 91 31 intill
1675 611 66 32 den

240 667 16 30 1
276 666 63 41 juli
358 666 81 31 1944
458 665 179 31 förordade
656 665 313 41 byggnadsföretag
987 664 92 31 inom
1098 663 269 42 femårsplanens
1387 663 246 37 kostnadsram,
1656 663 86 31 dock

239 717 77 30 med
334 716 124 41 avdrag
478 716 53 31 för
549 716 63 31 vad
630 726 74 21 som
722 715 144 41 tidigare
885 715 183 31 beräknats
1087 715 53 30 för
1159 713 238 32 motsvarande
1418 713 164 31 ändamål.

292 768 67 30 För
375 767 204 41 budgetåret
598 766 138 35 1944/45
753 766 165 31 beräknas
937 766 54 31 för
1009 765 192 32 ändamålet
1219 765 61 31 250
1292 765 60 31 000
1370 764 134 32 kronor.

855 858 275 26 SAMMANFATTNING.

292 912 18 30 I
343 911 152 42 följande
532 910 314 42 sammanställning
867 910 43 31 ha
934 910 147 41 angivits
1105 910 41 31 de
1171 921 41 20 av
1237 908 373 43 departementschefen
1635 908 109 31 under

240 962 221 32 förevarande
476 961 107 42 punkt
598 961 182 31 förordade
795 960 394 41 medelsanvisningarna
1204 960 167 31 avseende
1386 959 203 41 budgetåret
1606 959 137 34 1944/45

244 1013 176 41 (prisläget
442 1012 66 31 den
532 1013 15 30 1
570 1011 62 42 juli
656 1011 108 40 1941).

1632 1062 116 24 Kronor

237 1106 151 32 Allmänt
426 1128 1123 8 oossosssreserersersesresseererererer
928 1098 37 52 rer
970 1098 95 52 errrrrr
1068 1098 33 52 rer
1110 1098 50 52 sees
1169 1098 20 52 rr
1195 1098 49 52 rek
1253 1098 7 52 e
1266 1098 20 52 RA
1295 1098 17 52 kk
1321 1098 37 52 ARR
1364 1098 4 52 e
1383 1098 27 52 Re
1419 1098 7 52 R
1435 1098 50 52 kkr
1490 1098 63 52 ennen
1608 1101 60 32 889
1681 1102 62 31 000

241 1156 217 33 Stockholms
482 1156 245 41 Orlögsställön
747 1150 118 51 =essm
887 1181 49 4 oms
947 1181 45 4 ss:
1005 1181 15 4 a
1072 1181 87 5 MISS:
1170 1180 143 5 SNNSSHNN
1339 1179 30 5 FUN
1394 1180 31 4 SSG
1448 1180 34 4 Mo
1505 1179 47 5 VD
1612 1153 59 31 152
1684 1153 62 31 000

243 1207 216 33 Stockholms
491 1206 196 42 örlogsvarv
721 1200 47 52 sw...
778 1230 773 7 ..s:.:siessisnss
1006 1200 82 52 Henssas
1097 1200 49 52 dess
1149 1200 69 52 ssens
1227 1200 39 52 HN
1288 1200 82 52 eMssas
1379 1200 4 52 4
1392 1200 47 52 ass
1451 1200 40 52 PES
1506 1200 50 52 Heja
1610 1204 61 31 326
1684 1204 62 31 000

241 1258 247 42 Hårsfjärdens
524 1258 87 41 depå
636 1281 915 7 ssssmossoseesserereereereesrrnsererererrerrerrrere
1335 1252 79 52 reser
1420 1252 39 52 rer
1462 1252 66 52 renen
1530 1252 24 52 na
1653 1255 94 31 5500

243 1309 216 33 Stockholms
477 1308 357 33 kustartilleriförsvar
852 1308 63 32 och
932 1308 185 31 Vaxholms
1137 1307 419 41 kustartilleriregemente
1633 1306 114 31 75100

243 1360 168 33 Gotlands
441 1358 360 33 kustartilleriförsvar
829 1358 62 31 och
920 1357 169 32 Gotlands
1118 1356 286 32 kustartillerikår
1436 1381 117 6 .........
1610 1355 62 32 395
1684 1355 62 31 000

243 1409 192 43 Göteborgs
454 1409 245 43 örlogsstation
718 1409 63 32 och
801 1409 195 41 örlogSVäarV
1017 1432 537 8 .s.ssssessessesrerssererererrerr
1451 1404 49 52 nere
1506 1404 53 52 nnna
1634 1407 40 31 86
1686 1406 62 32 300

244 1461 192 42 Göteborgs
459 1460 358 32 kustartilleriförsvar
840 1460 62 31 och
926 1458 188 42 Älvsborgs
1138 1458 420 41 kustartilleriregemente
1582 1457 92 32 2300
1686 1457 62 31 000

242 1511 492 33 Administrationskostnader
757 1522 40 21 m.
823 1522 39 20 I.
891 1534 663 7 smsssssssseseresererererererrerer
1366 1506 51 50 enes
1422 1506 26 50 es
1453 1506 42 50 ere
1506 1506 51 50 area
1612 1508 62 31 250
1686 1508 62 31 000

1417 1568 138 32 Summa
1578 1569 20 30 4
1610 1568 62 31 478
1684 1568 63 31 900

297 1655 385 41 Departementschefen
705 1655 61 30 har
790 1655 106 41 enligt
918 1654 216 41 principerna
1157 1653 54 31 för
1235 1652 184 32 anvisande
1442 1663 41 20 av
1506 1651 109 32 medel
1640 1651 108 32 under

246 1706 290 42 femårsperioden
563 1706 136 35 1942/47
726 1706 53 31 för
803 1705 334 42 byggnadsändamål
1164 1704 152 32 förordat
1342 1703 186 32 anvisande
1554 1715 40 20 av
1621 1704 48 31 ett
1696 1715 53 20 an-

247 1758 73 41 slag
337 1769 40 19 av
396 1758 39 30 10
448 1757 62 31 000
523 1757 61 31 000
602 1757 134 31 kronor.

299 1840 118 32 Under
444 1840 222 31 förevarande
695 1839 109 42 punkt
829 1839 60 31 har
918 1839 375 41 departementschefen
1323 1838 125 31 anmält
1478 1838 91 31 vissa
1598 1837 152 31 marinen

247 1891 187 32 berörande
458 1890 323 42 byggnadsarbeten
804 1890 53 31 för
880 1890 96 31 tiden
1000 1889 91 31 intill
1115 1891 172 39 utgången
1312 1900 39 20 av
1375 1888 204 41 budgetåret
1604 1887 147 37 1944/45,

249 1942 90 31 vilka
356 1953 97 20 avses
472 1942 132 30 komma
623 1941 53 30 till
695 1940 179 31 utförande
892 1940 93 30 inom
1004 1950 113 20 ramen
1136 1939 53 30 för
1208 1937 80 32 1942
1306 1940 54 29 års
1378 1937 275 32 försvarsbeslut.
1673 1937 77 30 Den

248 1992 442 42 angelägenhetsprövning,
721 1991 374 42 departementschefen
1124 1990 221 32 underkastat
1374 2000 41 21 av
1444 1989 308 31 marinförvaltnin-

249 2055 64 30 gen
331 2043 188 41 framlagda
537 2043 127 41 förslag
683 2042 64 31 och
767 2053 71 20 som
857 2042 11 30 i
887 2042 94 31 vissa
998 2041 220 31 hänseenden
1238 2040 141 32 innebär
1398 2051 42 20 en
1460 2039 232 42 begränsning
1712 2050 40 20 av

250 2095 57 31 det
340 2105 40 20 av
414 2093 250 32 ämbetsverket
700 2092 192 41 föreslagna
916 2093 236 40 programmet,
1177 2091 62 31 har
1263 2091 167 31 utskottet
1454 2090 115 32 funnit
1591 2090 55 41 sig
1668 2090 85 31 böra

249 2145 76 42 giva
352 2144 54 32 sin
434 2144 207 41 anslutning.
681 2143 53 32 De
763 2154 39 20 av
831 2142 377 42 departementschefen
1237 2141 205 32 verkställda
1471 2140 282 32 kostnadsberäk-

249 2196 173 41 ningarna,
441 2194 108 42 enligt
567 2195 89 30 vilka
675 2195 120 31 utöver
813 2194 144 40 tidigare
976 2194 54 30 för
1048 2193 171 31 marinens
1239 2190 55 34 del
1312 2192 192 32 beräknade
1524 2191 110 32 medel
1652 2192 102 39 ytter-

251 2246 104 41 ligare
376 2246 94 31 4478
483 2246 62 31 900
564 2245 126 31 kronor
711 2244 179 37 erfordras,
913 2243 45 31 ha
979 2243 122 31 liksom
1123 2243 65 31 vad
1210 2241 375 41 departementschefen
1606 2241 12 30 i
1641 2240 111 41 övrigt

250 2297 114 31 anfört
382 2296 73 32 icke
476 2296 85 42 givit
581 2295 168 33 utskottet
769 2295 185 41 anledning
973 2295 54 30 till
1048 2295 143 31 erinran.
1225 2293 186 38 Utskottet,
1434 2304 73 20 som
1528 2292 85 41 tagit
1634 2292 56 31 del
1713 2303 41 20 av

250 2347 54 32 till
319 2347 167 31 utskottet
503 2346 237 32 överlämnade
757 2345 211 41 handlingar,
986 2345 60 38 får,
1064 2345 108 31 under
1187 2343 206 42 hänvisning
1410 2344 11 31 i
1439 2342 202 42 tillämpliga
1659 2342 96 32 delar

251 2398 55 31 till
325 2397 61 32 sitt
406 2397 175 32 uttalande
602 2396 109 32 under
731 2396 150 42 punkten
903 2395 81 41 1:0),
1006 2395 189 37 hemställa,
