1898 2780
303 147 37 30 12
586 146 451 31 Konstitutionsutskottets
1059 148 182 30 memorial
1263 158 44 19 nr
1329 150 19 28 9
1371 149 39 29 år
1434 150 83 30 1963

347 229 13 28 I
387 229 16 29 7
432 229 15 37 $
476 230 93 38 gives
595 230 263 30 bestämmelser
885 232 147 29 rörande
1061 232 205 39 föreningen
1295 243 41 19 av
1365 234 110 38 tjänst
1503 234 78 30 med
1611 234 189 39 tjänstebe-

303 279 151 39 fattning
472 280 82 28 eller
575 281 166 38 uppdrag.
761 281 117 39 Enligt
897 281 226 39 paragrafens
1146 283 14 29 1
1183 292 105 20 mom.
1310 283 137 30 fordras
1467 284 11 28 i
1498 284 136 39 princip
1656 285 142 29 särskilt

303 329 156 29 tillstånd
482 329 55 29 för
558 329 159 40 förening
738 340 43 20 av
801 331 174 30 ordinarie
997 332 83 29 eller
1102 334 95 28 extra
1220 333 175 30 ordinarie
1418 334 111 38 tjänst
1552 335 78 29 med
1654 335 146 38 tjänste-

302 378 194 40 befattning
516 380 82 29 eller
618 380 142 29 därmed
779 381 194 39 jämförligt
996 383 156 38 uppdrag
1173 383 10 28 i
1204 383 111 30 andra
1336 383 61 30 fall
1417 384 44 28 än
1483 384 10 28 i
1515 384 18 29 6
1557 385 14 36 $
1595 394 98 20 avses
1715 385 83 29 eller

302 429 78 29 med
406 430 157 38 uppdrag
588 430 114 29 såsom
727 431 211 30 ordförande
964 432 83 29 eller
1072 432 150 30 ledamot
1249 433 11 29 i
1287 434 144 38 styrelse
1457 434 82 29 eller
1566 435 93 33 verk,
1687 435 110 39 bolag,

303 478 158 40 förening
480 480 83 28 eller
582 480 203 39 inrättning,
807 490 74 20 som
901 482 63 29 har
985 482 52 29 till
1058 483 163 29 ändamål
1242 485 50 28 att
1313 483 97 30 driva
1431 485 128 29 rörelse
1581 485 95 29 inom
1698 485 101 29 indu-

303 529 72 33 stri,
402 529 138 34 handel,
568 531 202 38 transport-,
798 531 109 29 bank-
935 532 81 29 eller
1045 532 309 40 försäkringväsen
1382 534 82 29 eller
1493 544 117 20 annan
1640 535 160 39 närings-

301 587 83 30 gren
403 580 81 29 eller
504 589 78 20 vars
602 581 223 29 verksamhet
844 582 100 38 eljest
965 583 65 29 har
1050 583 279 39 huvudsakligen
1350 584 222 30 ekonomiskt
1594 585 99 38 syfte.
1716 586 81 28 Till-

301 629 102 29 stånd
427 630 146 38 beviljas
599 640 42 19 av
665 631 125 39 Kungl.
818 632 114 38 Maj:t,
959 632 103 30 såvilt
1090 633 107 39 angår
1223 634 216 39 tjänsteman
1466 635 79 29 med
1572 635 105 39 högre
1704 636 93 29 löne-

301 679 268 38 gradsnummer
598 681 45 28 än
674 681 51 34 23,
758 684 91 27 samt
880 682 100 39 eljest
1012 692 42 20 av
1085 683 258 31 vederbörande
1376 685 213 39 myndighet.
1623 685 172 30 Tillstånd

301 728 136 30 fordras
459 730 75 29 icke
557 730 11 29 i
589 731 41 28 de
654 730 60 30 fall
737 731 63 30 där
823 732 78 33 den,
924 741 76 21 som
1021 733 80 39 äger
1123 733 129 40 bevilja
1274 734 205 36 tillståndet,
1503 735 124 30 tillsatt
1651 735 148 41 tjänste-

298 778 241 40 befattningen
565 780 81 29 eller
671 781 174 30 meddelat
872 783 202 39 uppdraget.
1101 783 173 31 Tillstånd
1301 784 89 30 skall
1415 785 147 40 beviljas
1589 786 123 30 endast
1739 795 57 20 om

300 829 125 39 Kungl.
456 830 105 39 Maj:t
591 831 82 29 eller
704 832 257 30 vederbörande
993 833 203 39 myndighet
1227 834 58 30 vid
1317 835 170 39 prövning
1519 845 42 20 av
1594 836 109 30 sådan
1736 846 60 20 an-

299 879 110 29 sökan
426 879 118 30 finner
560 880 185 31 innehavet
764 891 43 20 av
824 882 241 40 befattningen
1084 884 82 29 eller
1185 885 194 38 uppdraget
1399 885 74 30 icke
1493 886 144 30 inverka
1656 887 141 29 hinder-

299 929 61 38 ligt
380 929 55 29 för
453 930 189 30 utövandet
661 941 42 19 av
722 931 167 39 tjänsten.

344 979 210 39 Stadgandet
573 980 10 29 i
604 980 15 30 7
642 981 15 37 $
680 982 12 28 1
715 990 105 22 mom.
841 982 85 30 Saar
942 983 147 30 innebär
1108 984 132 30 således
1261 987 51 27 att
1330 994 43 21 en
1394 986 304 39 statstjänsteman
1719 987 76 30 icke

298 1028 55 30 får
378 1031 154 38 mottaga
559 1031 329 41 tjänstebefattning
914 1033 83 30 eller
1024 1034 158 39 uppdrag
1209 1044 43 20 av
1279 1035 137 39 angivet
1445 1036 74 39 slag
1546 1038 85 28 utan
1661 1039 49 28 att
1739 1037 57 29 be-

298 1078 197 40 fattningen
515 1080 83 30 eller
619 1081 194 40 uppdraget
834 1082 11 29 i
865 1082 96 40 varje
984 1084 142 29 särskilt
1147 1084 62 30 fall
1231 1094 44 20 av
1297 1085 125 40 Kungl.
1445 1086 105 39 Maj:t
1572 1087 83 29 eller
1677 1087 120 30 veder-

296 1128 153 31 börande
470 1130 203 39 myndighet
695 1132 141 39 prövats
857 1133 66 30 och
943 1133 181 30 befunnits
1146 1134 75 30 icke
1244 1144 84 21 vara
1352 1135 53 30 för
1429 1137 263 39 statstjänstens
1718 1138 78 29 skö-

297 1179 103 29 tande
427 1180 199 40 hinderligt.

339 1279 67 30 För
424 1280 351 41 byggnadsstyrelsen
796 1283 111 39 gällde
928 1284 91 30 fram
1040 1285 50 29 till
1111 1286 66 29 den
1201 1287 13 28 1
1239 1286 146 30 oktober
1406 1287 80 30 1961
1509 1297 43 21 en
1574 1288 39 29 år
1635 1288 83 30 1928
1742 1291 51 27 ut-

296 1328 124 31 färdad
438 1330 216 31 instruktion
677 1332 91 34 (SFS
788 1333 204 36 358/1928).
1013 1335 115 39 Enligt
1148 1335 40 30 23
1209 1336 16 37 $
1246 1345 106 21 mom.
1376 1337 12 29 1
1412 1337 11 29 i
1442 1337 115 31 denna
1576 1338 216 30 instruktion

295 1378 71 30 fick
393 1380 78 29 med
499 1381 175 30 ordinarie
700 1382 197 41 befattning
925 1384 57 30 vid
1010 1384 352 41 byggnadsstyrelsen
1391 1387 75 30 icke
1496 1387 139 31 förenas
1667 1389 123 29 sådant

293 1429 128 29 enskilt
446 1430 323 42 arkitektuppdrag,
798 1442 74 21 som
898 1453 43 3 —
966 1434 221 31 beträffande
1214 1436 346 40 befattningshavare
1587 1438 11 29 i
1626 1439 164 39 lönegrad

293 1479 42 29 28
358 1480 81 29 eller
462 1480 106 39 högre
592 1482 106 39 enligt
722 1483 146 39 tidigare
893 1484 159 39 gällande
1076 1485 367 41 lönegradsindelning
1466 1506 44 3 —
1535 1489 124 39 Kungl.
1686 1490 103 38 Maj:t

294 1527 75 35 och,
401 1528 221 32 beträffande
655 1532 91 39 lägre
779 1533 225 38 tjänstemän,
1036 1534 351 41 byggnadsstyrelsen
1421 1538 84 29 fann
1540 1539 144 29 inverka
1716 1540 79 28 hin-

294 1577 123 41 derligt
445 1579 54 30 för
527 1581 279 40 tjänstgöringen
834 1584 10 28 i
871 1584 128 30 verket.
1028 1585 13 29 I
1069 1586 65 29 den
1163 1586 106 30 sedan
1297 1587 68 29 den
1395 1589 12 28 1
1438 1588 145 30 oktober
1612 1590 79 29 1961
1723 1590 71 39 gäl-

290 1629 103 30 lande
414 1630 261 32 instruktionen
697 1633 54 29 för
773 1634 352 40 byggnadsstyrelsen
1153 1637 91 33 (SFS
1268 1637 190 36 452/1961)
1487 1640 63 29 har
1574 1640 214 40 regleringen

292 1680 191 30 utsträckts
512 1682 87 29 även
630 1683 50 28 till
709 1683 76 30 icke
816 1685 174 30 ordinarie
1022 1686 213 39 tjänstemän
1267 1688 65 29 och
1364 1688 166 31 omfattar
1560 1708 44 3 —
1635 1690 153 30 förutom

290 1729 152 30 innehav
465 1740 43 20 av
531 1732 83 29 eller
638 1733 230 41 delägarskap
894 1735 10 29 i
930 1735 144 40 företag,
1101 1746 74 20 som
1199 1737 159 31 bedriver
1385 1739 166 31 arkitekt-
1577 1741 82 29 eller
1686 1741 103 39 bygg-

290 1780 311 31 nadsverksamhet
623 1783 81 29 eller
726 1784 144 30 därmed
893 1787 346 39 sammanhängande
1261 1789 223 30 verksamhet
1505 1809 44 4 —
1572 1791 218 30 överhuvud-

291 1831 92 37 taget
408 1832 158 39 uppdrag
592 1832 35 29 åt
650 1833 171 30 kommun
848 1835 82 29 eller
955 1836 137 30 enskild
1119 1837 10 29 i
1156 1838 139 34 ärende,
1324 1848 73 20 som
1425 1840 37 28 är
1489 1841 84 29 eller
1599 1841 70 29 kan
1696 1842 92 29 bliva

291 1879 145 31 föremål
459 1881 54 29 för
535 1882 259 41 handläggning
817 1884 96 30 inom
935 1887 179 37 styrelsen.

333 1930 355 40 Byggnadsstyrelsen
709 1934 38 29 är
770 1934 303 41 chefsmyndighet
1097 1937 54 30 för
1173 1938 527 40 länsarkitektorganisationen.
1725 1942 63 29 Fö-

289 1988 35 20 re
350 1980 66 29 den
444 1981 13 29 1
486 1982 146 30 oktober
659 1983 79 30 1961
768 1984 112 39 gällde
908 1985 54 30 för
988 1986 114 31 denna
1129 1997 42 20 en
1198 1988 38 30 år
1266 1989 83 29 1935
1378 1989 164 31 utfärdad
1570 1991 215 30 instruktion

294 2029 91 34 (SFS
406 2030 205 36 354/1935),
632 2033 73 30 vari
726 2034 44 29 bl.
793 2044 30 20 a.
846 2035 183 39 stadgades
1052 2039 50 28 att
1124 2038 232 30 länsarkitekt
1379 2040 64 29 och
1465 2040 206 32 biträdande
1694 2043 92 29 läns-

287 2080 152 30 arkitekt
457 2081 30 39 ej
509 2081 73 30 fick
600 2085 84 28 utan
703 2084 126 39 Kungl.
848 2085 135 39 Maj:ts,
1002 2086 88 30 efter
1109 2088 171 40 prövning
1299 2089 11 29 i
1328 2090 97 39 varje
1446 2091 141 30 särskilt
1607 2092 72 34 fall,
1700 2093 86 29 läm-

288 2128 88 30 nade
394 2129 158 31 tillstånd
571 2134 95 27 utom
685 2133 156 39 tjänsten
860 2135 116 30 utföra
995 2137 166 39 uppdrag,
1181 2147 75 20 som
1274 2148 61 20 var
1353 2140 82 29 eller
1452 2140 118 31 kunde
1588 2141 91 30 bliva
1698 2142 89 30 före-

286 2178 71 31 mål
376 2180 53 29 för
448 2181 250 32 länsarkitekts
716 2184 261 42 handläggning
995 2187 10 28 i
1024 2187 154 39 tjänsten
1197 2189 84 29 eller
1299 2189 118 31 kunde
1436 2191 144 30 inverka
1598 2188 187 49 hinderligt

287 2228 55 30 för
372 2230 289 41 tjänstgöringen.
692 2234 264 31 Instruktionen
988 2237 127 39 följdes
1147 2239 66 29 den
1247 2240 15 29 1
1297 2240 144 30 oktober
1475 2242 79 29 1961
1590 2252 42 20 av
1662 2253 43 20 en
1738 2253 47 29 ny

285 2279 225 37 instruktion,
531 2291 74 21 som
625 2283 11 29 i
656 2283 97 40 fråga
773 2294 57 20 om
851 2285 297 42 inskränkningar
1169 2289 9 29 i
1200 2289 304 39 tjänstemännens
1526 2293 69 29 rätt
1616 2295 49 28 att
1687 2294 97 29 inne-

285 2329 45 29 ha
353 2329 167 40 bisysslor
544 2332 11 29 i
579 2333 185 31 huvudsak
789 2335 193 31 innehåller
1007 2347 43 20 en
1073 2338 244 32 bestämmelse
1344 2343 245 29 motsvarande
1614 2344 67 29 den
1709 2353 74 20 som

284 2388 48 20 nu
354 2380 107 38 gäller
483 2382 56 29 för
560 2382 370 42 byggnadsstyrelsens
954 2387 356 41 befattningshavare.
1335 2391 172 31 Tillstånd
1533 2392 54 30 för
1613 2394 170 29 länsarki-

286 2430 72 28 tekt
388 2431 63 28 och
482 2432 205 31 biträdande
718 2435 231 31 länsarkitekt
983 2440 48 27 att
1065 2438 127 30 inneha
1224 2440 274 40 privatuppdrag
1531 2444 176 29 meddelas
1741 2454 41 19 av

286 2480 123 38 Kungl.
431 2482 115 38 Maj:t.
