1874 2800
276 180 20 29 2
692 174 289 35 Statsutskottets
1004 174 183 35 utlåtande
1210 187 42 21 nr
1272 177 73 31 186.

280 255 270 43 grundarvoden
575 255 64 34 och
664 259 19 30 3
709 255 243 42 ålderstillägg.
988 255 68 33 För
1080 255 281 33 arvodesläraren
1384 255 12 33 i
1420 254 178 34 musikens
1622 253 145 34 historia

281 300 65 33 och
367 300 139 39 estetik,
528 299 114 34 vilken
663 299 63 34 har
748 299 436 42 föreläsningsskyldighet,
1206 302 123 39 utgöra
1350 298 225 43 begynnelse-
1597 298 65 33 och
1684 298 84 33 slut-

282 344 177 34 arvodena
486 347 100 30 3500
614 343 198 43 respektive
838 347 99 31 4700
965 344 141 39 kronor;
1132 343 251 34 motsvarande
1411 343 128 42 belopp
1566 345 123 39 utgöra
1716 341 53 34 för

282 388 109 34 andra
409 388 259 34 arvodeslärare
685 387 55 34 för
758 387 233 34 veckotimme
1010 387 125 34 räknat
1153 390 65 31 340
1236 387 66 33 och
1320 389 66 31 442
1405 387 130 33 kronor
1553 387 61 33 vid
1632 385 138 34 mindre

282 436 43 30 än
343 436 41 30 10
400 432 256 34 veckotimmar
671 432 67 34 och
754 432 11 34 i
781 432 190 34 allmänhet
987 435 66 31 395
1068 431 197 42 respektive
1281 434 65 30 513
1362 430 130 34 kronor
1508 430 60 34 vid
1584 442 96 21 mera
1695 442 73 21 om-

282 476 161 35 fattande
462 476 245 42 tjänstgöring.
740 476 198 33 Direktörs-
959 475 66 34 och
1046 473 523 43 arvodeslärarbefattningarna
1590 486 85 21 voro
1696 473 74 34 före

284 524 85 31 1926
387 521 55 33 års
458 520 248 43 lönereglering
721 520 172 34 ordinarie
908 520 153 42 tjänster
1075 539 47 5 —
1136 519 11 34 i
1163 522 120 33 ämnet
1298 517 352 43 kontrabasspelning
1665 517 104 34 kvar-

284 566 70 33 står
373 577 42 21 en
433 565 175 34 ordinarie
625 564 111 34 lärare
766 565 10 33 å
795 564 152 43 gammal
967 568 71 29 stat
1056 583 46 5 —
1120 575 81 22 men
1220 562 216 34 ombildades
1456 562 43 33 då
1518 562 54 34 till
1591 561 179 34 icke-ordi-

282 609 96 34 narie
397 609 82 34 med
499 609 138 42 hänsyn
658 609 53 33 till
732 608 220 42 svårigheten
973 612 55 29 att
1047 608 96 33 inom
1164 607 196 33 dåvarande
1380 605 391 43 avlöningsreglemente

281 666 139 30 rymma
437 653 497 42 ålderstilläggsberättigande
950 651 346 42 förordnandetjänst
1311 650 198 42 respektive
1525 650 148 42 tjänster
1689 649 82 34 med

282 698 172 44 avkortad
476 697 245 42 tjänstgöring;
744 697 61 33 vid
824 696 272 42 omregleringen
1116 695 214 39 förutsattes,
1352 699 53 29 att
1427 693 345 42 arvodestjänsterna

285 742 109 34 skulle
420 742 98 34 bliva
542 740 418 44 pensionsberättigande,
985 752 82 21 men
1094 739 97 35 detta
1215 739 63 34 har
1304 738 30 43 ej
1363 738 102 34 blivit
1491 737 109 35 fallet.
1637 737 136 34 Utöver

283 798 48 22 nu
355 786 153 42 angivna
530 785 347 43 befattningshavare
899 784 117 34 finnas
1037 783 206 34 biträdande
1265 783 110 34 lärare
1397 783 81 33 med
1501 786 52 29 ett
1575 781 129 34 arvode
1726 793 45 20 av

285 835 65 30 295
375 831 80 33 eller
479 833 66 31 325
569 830 129 33 kronor
721 829 53 34 för
797 828 243 40 veckotimme,
1065 827 150 35 alltefter
1239 827 58 33 det
1320 825 253 43 undervisning
1595 824 178 35 meddelas

285 879 43 30 29
345 875 80 33 eller
442 878 43 30 32
504 874 137 40 vetkor,
657 879 93 28 samt
765 874 63 33 två
844 871 326 43 ackompanjatörer
1186 871 80 34 med
1282 875 54 30 ett
1351 870 131 33 arvode
1498 881 46 22 av
1562 873 64 30 160
1642 869 130 33 kronor

284 919 52 34 för
356 918 234 34 veckotimme
608 918 110 42 jämte
738 917 144 35 särskild
902 916 195 42 ersättning
1114 915 53 35 för
1186 914 151 43 tillfällig
1356 913 243 43 tjänstgöring.

328 981 19 33 I
374 980 264 43 propositionen
667 992 43 21 nr
740 979 178 43 157/1942
947 978 179 34 anmäldes
1155 982 52 29 ett
1236 989 45 22 av
1309 975 229 35 musikaliska
1565 974 207 34 akademien

283 1034 189 34 framställt
491 1033 127 43 förslag
636 1045 59 21 om
715 1031 208 43 omändring
942 1043 46 22 av
1009 1029 412 42 direktörsbefattningen
1440 1028 55 35 till
1515 1027 170 34 ordinarie
1704 1026 68 34 för-

287 1086 293 42 ordnandetjänst
605 1086 81 34 med
715 1097 44 22 en
787 1084 151 43 enhetlig
965 1084 58 33 lön
1051 1095 45 22 av
1125 1086 121 30 12000
1274 1082 130 34 kronor
1432 1081 80 34 eller
1540 1081 68 33 den
1636 1080 57 33 lön
1719 1079 55 33 för

284 1139 464 42 förordnandetjänstemän,
764 1150 75 22 som
855 1141 158 30 närmast
1028 1136 189 42 överstiger
1233 1134 172 35 slutlönen
1421 1134 11 34 i
1448 1132 214 43 lönegraden
1672 1133 32 33 A
1717 1135 56 30 26.

284 1194 19 33 I
329 1192 264 44 propositionen
619 1191 160 35 uttalade
807 1190 200 35 dåvarande
1034 1188 122 35 chefen
1182 1188 54 34 för
1263 1185 511 43 ecklesiastikdepartementet,

286 1250 53 30 att
357 1245 119 34 starka
494 1245 73 34 skäl
584 1244 182 42 onekligen
783 1243 114 34 talade
915 1242 54 34 för
987 1247 54 29 att
1059 1240 242 42 befattningen
1318 1238 226 34 förändrades
1562 1238 54 34 till
1635 1237 137 34 ordina-

286 1299 49 33 rie
350 1310 82 22 men
448 1302 56 30 att
519 1298 70 33 han
606 1301 117 30 ansett
740 1296 51 43 sig
807 1296 76 33 icke
897 1295 54 33 för
968 1295 61 33 det
1045 1293 198 35 dåvarande
1257 1293 123 33 kunna
1395 1291 140 34 biträda
1552 1289 223 35 akademiens

286 1351 138 43 förslag.

331 1403 354 43 Lärarbefattningen
706 1403 11 33 i
739 1401 158 35 metodik
918 1401 64 33 och
1005 1399 160 44 praktisk
1186 1397 302 42 lärarutbildning,
1510 1396 117 34 vilken
1648 1398 38 30 är
1707 1394 67 34 för-

287 1459 88 34 enad
394 1458 82 33 med
495 1457 63 34 full
578 1454 471 44 undervisningsskyldighet
1070 1454 57 42 (20
1146 1452 200 34 heltimmar
1364 1463 62 30 per
1444 1450 110 34 vecka
1573 1450 64 33 och
1657 1449 118 41 läsår),

287 1512 117 33 tillhör
429 1510 202 43 kategorien
656 1507 490 41 arvodeslärarbefattningar.
1182 1505 19 34 I
1229 1508 87 30 1938
1343 1504 55 34 års
1424 1501 350 43 statsverksproposi-

287 1564 76 34 tion
380 1564 186 34 förordade
585 1562 201 34 dåvarande
803 1560 122 35 chefen
941 1560 54 34 för
1012 1558 497 42 ecklesiastikdepartementet
1526 1556 12 33 i
1555 1555 147 43 princip,
1720 1558 56 30 att

288 1616 334 43 lärarbefattningen
643 1615 109 35 skulle
773 1614 171 34 ombildas
966 1613 53 35 till
1040 1611 181 35 ordinarie.
1252 1610 87 34 Med
1360 1608 271 43 omregleringen
1652 1607 125 41 ansågs

289 1670 191 34 emellertid
500 1670 84 34 böra
605 1669 100 34 anstå
727 1667 81 35 med
828 1667 137 42 hänsyn
986 1666 54 34 till
1062 1669 53 30 att
1135 1663 189 42 utredning
1342 1662 148 43 påginge
1510 1660 177 43 angående
1708 1660 68 33 den

289 1722 424 45 praktiskt-pedagogiska
731 1720 243 42 utbildningen
998 1731 45 21 av
1063 1717 238 35 musiklärare.

334 1777 19 33 I
368 1776 263 43 propositionen
646 1787 42 21 nr
705 1773 178 43 157/1942
901 1776 93 30 samt
1010 1774 87 31 1944
1114 1771 55 33 års
1185 1766 412 44 statsverksproposition
1616 1764 162 44 (åttonde

290 1829 239 40 huvudtiteln,
547 1841 26 22 s.
593 1832 63 30 120
677 1827 50 42 ff.)
751 1826 188 39 anmäldes,
957 1829 56 30 att
1031 1824 53 34 till
1103 1822 212 42 behandling
1331 1821 149 42 förelåge
1498 1820 92 33 vissa
1608 1831 46 21 av
1672 1817 104 34 musi-

290 1882 135 34 kaliska
445 1881 207 35 akademien
672 1881 67 33 och
759 1878 325 43 musikhögskolans
1104 1874 248 42 lärarförening
1372 1874 11 33 i
1404 1872 171 35 särskilda
1596 1870 183 35 skrivelser

290 1935 221 34 framställda
530 1934 127 43 förslag
677 1946 59 21 om
757 1937 53 30 ett
830 1931 219 34 rationellare
1068 1927 180 36 ordnande
1268 1940 44 21 av
1332 1925 244 42 anställnings-
1598 1924 65 33 och
1684 1922 93 35 avlö-

291 1987 365 44 ningsförhållandena
685 1986 53 34 för
767 1983 325 43 musikhögskolans
1121 1979 260 44 lärarpersonal.
1411 1977 188 42 Förslagen
1627 1976 46 34 ha
1702 1975 77 34 icke

291 2042 99 34 blivit
411 2041 146 34 föremål
578 2040 52 34 för
649 2038 185 44 prövning.
866 2037 18 34 I
905 2035 219 36 sistnämnda
1145 2032 252 42 sammanhang
1418 2030 143 35 anförde
1581 2028 123 35 chefen
1725 2027 54 34 för

292 2095 510 42 ecklesiastikdepartementet,
818 2096 54 29 att
887 2090 202 44 ytterligare
1104 2086 187 42 utredning
1307 2090 118 38 syntes
1443 2082 211 42 erforderlig,
1670 2082 109 33 innan

292 2148 121 43 frågan
433 2160 59 21 om
511 2146 287 42 löneställningen
818 2144 51 34 för
888 2144 43 34 de
950 2143 77 33 icke
1046 2139 171 36 ordinarie
1237 2140 135 32 lärarna
1393 2138 61 33 vid
1473 2129 307 52 musikhögskolan

294 2207 172 37 upptoges
493 2201 54 34 till
574 2202 159 31 närmare
759 2196 255 43 övervägande,
1043 2199 91 29 samt
1161 2196 54 30 att
1242 2192 58 34 det
1328 2194 120 39 syntes
1475 2189 86 34 böra
1588 2187 193 34 ankomma

292 2256 45 42 på
359 2254 135 43 Kungl.
516 2253 110 42 Maj:t
648 2256 55 30 att
725 2254 139 39 avgöra,
884 2248 178 35 huruvida
1084 2247 11 33 i
1118 2245 172 35 samband
1311 2243 80 34 med
1415 2243 67 33 den
1505 2240 147 35 sålunda
1673 2238 106 35 erfor-

293 2308 127 43 derliga
440 2306 234 42 utredningen
695 2307 91 31 även
807 2303 122 42 frågan
950 2314 59 21 om
1032 2301 42 33 de
1094 2298 172 35 ordinarie
1286 2297 154 33 lärarnas
1462 2290 319 38 löneförhållanden

294 2361 107 34 borde
424 2361 145 33 komma
593 2358 111 35 under
727 2356 183 44 prövning.
934 2353 203 42 Riksdagen
1161 2350 157 35 uttalade
1343 2349 51 42 sig
1417 2349 11 33 i
1453 2347 166 34 skrivelse
1644 2346 67 33 den
1737 2345 43 30 15

294 2415 87 42 april
400 2417 100 37 1944,
518 2425 41 21 nr
576 2416 32 37 8,
624 2411 52 34 för
694 2422 43 22 en
756 2407 224 43 samordning
998 2419 45 21 av
1061 2403 263 44 ifrågavarande
1341 2399 331 43 utredningsfrågor.

338 2467 60 34 Nu
416 2466 156 34 nämnda
589 2465 64 34 och
671 2464 94 33 vissa
784 2462 109 34 andra
910 2460 117 43 frågor
1045 2457 146 35 rörande
1208 2453 309 44 musikhögskolan
1534 2452 46 34 ha
1597 2447 185 46 upptagits

295 2521 52 33 till
369 2519 213 42 behandling
604 2519 11 33 i
636 2515 262 45 propositionen
922 2525 42 22 nr
989 2515 62 31 191
1077 2511 11 34 i
1112 2509 201 42 anslutning
1333 2508 53 33 till
1410 2506 127 42 förslag
1560 2516 44 22 av
1628 2500 154 36 musika-
