1878 2808
551 166 290 38 Statsutskottets
863 171 184 36 utlåtande
1070 185 42 23 nr
1131 177 73 32 186.
1583 183 41 31 17

178 242 276 44 Anslagsposten
478 245 52 35 till
555 247 205 44 avlöningar
783 250 52 34 till
859 252 99 43 övrig
981 252 261 38 icke-ordinarie
1264 258 162 40 personal
1449 258 100 35 torde
1571 259 52 33 så-

132 285 108 36 lunda
258 287 54 35 för
330 292 103 31 nästa
451 290 171 44 budgetår
641 293 85 35 böra
744 299 175 39 upptagas
938 298 79 34 med
1038 298 57 42 (86
1110 301 65 33 700
1196 303 40 38 +
1256 303 40 30 21
1312 304 66 31 200
1401 304 54 40 =)
1479 304 64 31 107
1557 306 65 31 900

132 330 140 36 kronor.
296 333 130 35 Därest
448 335 68 34 den
539 338 205 35 nuvarande
766 340 135 35 läraren
924 342 22 33 å
967 344 154 40 gammal
1144 348 72 31 stat
1237 344 12 34 i
1270 344 353 46 kontrabasspelning

133 375 76 34 icke
232 379 144 40 övergår
398 379 53 33 till
474 385 99 30 extra
596 381 169 36 ordinarie
790 385 223 43 anställning,
1035 387 102 35 torde
1159 388 79 34 från
1262 389 115 35 denna
1400 395 80 38 post
1504 391 36 35 få
1566 391 55 34 be-

132 421 128 34 stridas
282 421 88 36 hans
394 424 165 43 avlöning
582 427 107 42 enligt
712 427 281 38 hittillsvarande
1014 432 152 42 grunder
1188 433 114 35 såsom
1324 434 112 36 lärare
1458 437 47 41 på
1527 447 93 31 gam-

131 465 72 34 mal
220 471 72 29 stat
309 467 65 34 och
392 468 206 37 biträdande
614 471 123 42 lärare,
755 473 90 34 dock
863 479 56 30 att
936 475 126 43 rörliga
1078 476 327 44 tilläggsförmåner,
1424 479 11 33 i
1453 480 68 34 den
1538 481 82 34 mån

131 510 132 34 sådana
288 511 156 43 beviljas,
468 513 97 35 skola
589 515 171 36 bestridas
784 530 46 22 av
853 519 42 34 de
921 520 124 41 medel,
1068 532 124 24 varom
1215 521 179 37 föreskrift
1419 524 54 34 för
1497 525 124 34 sådant

129 553 62 35 fall
212 555 187 36 meddelas.
421 557 104 35 Olika
544 560 80 34 med
644 562 272 43 omregleringen
938 576 46 22 av
1004 566 224 41 personalens
1250 567 369 43 avlöningsförhållan-

130 598 68 35 den
225 601 347 43 sammanhängande
597 606 300 42 omständigheter
924 614 92 29 samt
1043 610 267 43 vanskligheten
1336 617 54 29 att
1418 614 110 34 under
1552 614 67 34 för-

128 642 298 38 handenvarande
449 646 241 37 förhållanden
714 650 162 42 bedöma,
900 654 79 33 med
1002 653 108 36 vilket
1134 655 128 43 belopp
1286 657 110 34 medel
1420 657 55 35 för
1496 662 122 31 ersätt-

129 687 123 42 ningar
276 688 11 34 i
313 690 187 43 anledning
525 703 46 23 av
595 693 153 36 vikariat
773 696 86 33 böra
885 695 164 37 inräknas
1075 698 113 35 under
1213 700 275 44 anslagsposten,
1515 714 103 30 synes

128 732 184 41 motivera,
346 738 54 30 att
434 740 125 37 posten
592 737 54 34 för
668 740 219 34 närvarande
912 741 166 42 uppföres
1101 742 213 44 förslagsvis.
1340 744 191 37 Föreskrift
1555 747 63 34 bör

128 777 191 35 emellertid
347 779 188 42 meddelas,
563 785 55 30 att
645 782 266 44 anslagsposten
937 785 76 35 icke
1039 788 59 33 må
1124 788 221 36 överskridas
1373 794 88 31 utan
1487 786 130 52 Kungl.

127 820 128 42 Maj:ts
277 822 244 44 medgivande.

171 865 277 44 Anslagsposten
468 869 53 34 till
542 870 119 43 rörligt
680 871 121 44 tillägg
820 873 64 34 bör
904 880 175 38 upptagas
1101 876 82 34 med
1204 880 42 30 36
1261 881 65 32 000
1347 878 141 36 kronor.

170 910 168 43 Anslaget
358 912 51 34 till
430 913 205 43 avlöningar
654 915 60 35 vid
736 917 227 36 musikaliska
983 919 206 36 akademien
1208 922 80 34 med
1309 918 307 52 musikhögskolan

125 954 101 35 torde
245 955 11 34 i
276 956 153 41 enlighet
448 959 81 33 med
548 960 69 33 vad
637 960 148 35 sålunda
804 962 133 35 anförts
956 963 55 34 för
1029 967 104 32 nästa
1152 965 171 43 budgetår
1342 968 86 34 böra
1447 969 167 42 uppföras

124 999 80 34 med
224 999 80 42 (146
318 1003 65 31 200
403 1004 39 39 +
460 1005 20 31 3
495 1006 65 30 900
579 1007 38 38 +
640 1007 64 31 107
718 1008 66 31 900
803 1009 39 38 -+
862 1009 41 31 36
915 1010 66 31 000
1000 1009 55 41 —)
1076 1012 66 30 294
1155 1013 66 31 000
1237 1010 138 35 kronor.
1392 1012 114 35 Detta
1522 1013 92 33 inne-

123 1043 64 34 bär
212 1056 44 22 en
279 1044 147 44 höjning
450 1059 46 21 av
520 1048 305 45 anslagsbeloppet
848 1051 55 34 för
925 1052 240 37 innevarande
1189 1055 174 42 budgetår
1386 1058 82 33 med
1492 1060 42 30 24
1548 1061 65 31 300

122 1087 141 42 kronor,
282 1089 53 34 till
356 1093 110 32 större
487 1091 98 35 delen
606 1093 166 43 betingad
795 1106 45 23 av
861 1096 270 44 omregleringen
1153 1111 45 21 av
1219 1098 314 45 lärarpersonalens
1554 1114 59 22 av-

122 1131 391 44 löningsförhållanden.

170 1203 19 33 I
213 1202 95 36 förut
331 1205 155 35 nämnda
509 1207 96 34 inom
630 1208 501 46 ecklesiastikdepartementet
1155 1216 214 41 upprättade
1393 1217 66 33 och
1481 1217 54 34 till
1559 1223 54 29 ut-

124 1255 135 35 skottet
275 1258 247 36 överlämnade
538 1262 234 41 promemoria
789 1263 63 34 har
868 1264 144 41 anförts,
1029 1271 55 29 att
1101 1267 107 43 enligt
1225 1280 45 22 av
1287 1268 229 36 musikaliska
1533 1271 80 33 aka-

123 1308 139 35 demien
277 1310 87 35 efter
379 1313 280 42 propositionens
676 1315 189 36 avlåtande
880 1318 142 35 lämnad
1039 1319 142 43 uppgift
1196 1321 136 34 läraren
1348 1322 10 34 i
1375 1324 156 33 metodik
1546 1324 66 34 och

122 1362 162 42 praktisk
299 1364 291 45 lärarutbildning
605 1368 205 35 meddelade
825 1371 400 45 övningsundervisning
1238 1375 113 34 under
1367 1375 31 43 ej
1417 1376 135 35 mindre
1568 1380 43 30 än

124 1418 41 30 18
187 1416 256 35 veckotimmar
464 1422 124 31 utöver
608 1422 68 33 den
695 1421 133 35 honom
848 1423 180 43 åliggande
1047 1426 307 44 undervisningen.
1376 1428 19 34 I
1416 1441 194 30 promemo-

121 1467 76 35 rian
218 1469 65 34 har
303 1470 145 41 anförts,
469 1476 55 30 att
545 1473 195 44 ersättning
759 1475 54 34 för
834 1478 153 33 nämnda
1008 1482 97 30 extra
1126 1479 253 44 undervisning
1400 1481 107 35 borde
1527 1483 83 42 utgå

121 1521 82 34 med
228 1526 20 29 6
274 1522 127 35 kronor
425 1523 53 35 för
502 1526 403 45 undervisningstimme,
931 1530 89 34 dock
1045 1532 81 34 med
1151 1532 103 42 högst
1281 1536 98 32 1500
1404 1534 130 34 kronor
1557 1535 53 34 för

121 1574 183 43 budgetår.
320 1576 18 33 I
354 1577 190 44 anledning
558 1579 108 34 härav
682 1580 110 35 borde
807 1594 43 21 en
865 1582 146 44 höjning
1026 1584 80 34 med
1125 1588 16 30 1
1158 1588 66 32 500
1240 1586 130 34 kronor
1385 1587 162 43 vidtagas
1564 1601 45 22 av

120 1627 43 34 de
180 1627 139 44 belopp,
335 1631 145 33 varmed
497 1632 264 43 anslagsposten
777 1634 54 35 till
846 1635 205 44 avlöningar
1067 1637 53 34 till
1138 1638 98 43 övrig
1252 1638 265 36 icke-ordinarie
1533 1653 75 31 per-

120 1681 98 33 sonal
237 1687 94 29 samt
349 1683 338 45 avlöningsanslaget
705 1687 183 43 upptagits
906 1688 12 34 i
935 1690 263 42 propositionen
1216 1703 42 22 nr
1278 1695 76 31 191.

164 1787 78 35 Vad
263 1788 175 35 utskottet
458 1790 11 33 i
492 1791 60 34 det
572 1790 206 44 föregående
798 1794 11 33 i
831 1794 93 34 olika
945 1796 195 34 avseenden
1162 1796 114 35 anfört
1297 1798 158 42 innebär,
1476 1805 56 29 att
1552 1805 54 29 ut-

118 1839 134 35 skottet
268 1841 77 34 icke
361 1842 65 34 har
443 1843 105 42 något
565 1849 55 29 att
637 1845 112 34 erinra
765 1852 76 28 mot
858 1847 132 43 Kungl.
1008 1848 126 42 Maj:ts
1151 1849 129 44 förslag
1294 1851 55 33 till
1366 1864 50 30 ny
1431 1854 175 41 personal-

116 1891 220 45 förteckning
352 1894 54 35 för
425 1896 229 35 musikaliska
671 1897 207 36 akademien
897 1900 80 33 med
995 1901 319 43 musikhögskolan.
1333 1904 188 35 Utskottet
1538 1906 67 33 till-

116 1946 138 41 styrker
278 1946 118 36 vidare
418 1948 133 43 Kungl.
574 1949 127 43 Maj:ts
725 1951 128 43 förslag
875 1952 221 35 beträffande
1119 1955 256 43 avlöningsstat
1398 1958 66 33 och
1487 1958 119 43 anslag

115 1998 54 34 till
199 1999 203 44 avlöningar
430 2001 60 34 vid
518 2003 228 35 musikaliska
774 2005 206 34 akademien
1007 2007 80 34 med
1115 2008 310 43 musikhögskolan
1453 2011 81 34 med
1563 2011 42 34 de

114 2051 234 44 Jämkningar,
372 2066 76 22 som
472 2054 195 36 föranledas
692 2069 45 22 av
762 2063 53 29 att
838 2060 264 42 anslagsposten
1127 2061 53 35 till
1203 2061 206 43 avlöningar
1432 2064 52 33 till
1507 2064 98 43 övrig

115 2104 265 37 icke-ordinarie
395 2110 160 40 personal
571 2110 63 33 bör
648 2110 100 42 höjas
763 2112 81 33 med
862 2116 15 29 1
895 2116 65 31 500
976 2113 128 34 kronor
1119 2113 53 35 för
1188 2119 55 29 att
1259 2116 119 33 lämna
1394 2117 143 43 tillgång
1551 2118 51 33 till

115 2157 70 34 viss
206 2159 194 43 ersättning
420 2161 38 33 åt
479 2162 109 34 lärare
610 2163 59 34 vid
691 2164 410 44 övningsundervisning.

699 2286 57 30 IV.
784 2287 229 31 Hemställan.

158 2369 121 34 Under
297 2370 220 43 åberopande
536 2384 46 21 av
601 2374 69 33 vad
688 2374 178 34 utskottet
884 2375 11 33 i
916 2375 60 35 det
994 2375 204 43 föregående
1218 2377 117 35 anfört
1353 2378 54 34 får
1426 2380 174 34 utskottet

112 2422 196 41 hemställa,
326 2428 54 29 att
398 2423 185 44 riksdagen
602 2426 56 33 må

149 2493 102 31 Bihang
268 2493 38 26 till
322 2494 149 31 riksdagens
486 2496 129 31 protokoll
632 2499 73 27 1945.
740 2502 16 22 6
775 2499 74 25 saml.
888 2500 39 25 Nr
946 2503 59 23 156.
1546 2506 17 25 2

1661 1809 143 27 Utskottet.
