2130 2637
705 131 95 29 Stats-
811 126 179 44 Utskottets
1004 131 168 30 Utlåtande
1197 132 57 29 N:o
1278 133 27 29 6.
1744 132 15 27 d

327 215 329 47 Stats-Utskottet,
684 218 56 35 till
771 218 145 35 hvilket
944 217 247 37 förevarande
1220 218 138 48 nådiga
1373 217 280 50 framställning
1672 218 126 36 blifvit

201 268 233 44 remitterad,
469 268 78 44 har,
582 267 95 38 efter
706 269 166 36 erhållen
903 269 213 36 kännedom
1147 269 39 37 af
1210 269 128 49 frågan
1368 269 160 37 rörande
1559 269 240 47 handlingar,

201 321 95 46 tagit
330 320 219 35 densamma
581 320 10 35 i
626 320 291 47 öfvervägande,
947 321 68 35 och
1044 320 68 45 får,
1143 321 84 36 med
1258 321 175 36 afseende
1463 325 19 32 å
1512 321 97 35 hvad
1640 321 160 35 sålunda

199 370 255 45 förekommit,
484 371 208 45 hemställa,

601 428 55 30 att
682 423 214 47 Riksdagen
928 428 114 30 måtte
1070 424 130 34 bifalla
1228 424 98 35 hvad
1359 423 131 47 Kongl.
1513 424 104 45 Maj:t
1637 424 9 34 i
1669 422 131 36 ofvan-

601 473 163 37 berörda
792 477 119 32 måtto
940 474 162 48 behagat
1128 473 148 37 föreslå.

324 574 220 37 Stockholm
576 575 70 38 den
678 580 18 34 7
726 577 180 36 Februari
939 579 106 34 1871.

700 680 50 35 På
779 678 334 37 Stats-Utskottets
1149 687 155 37 värnar:

725 782 152 35 ARVID
907 781 171 36 FR:SON
1107 781 162 36 POSSE.

906 1196 100 40 N:o
1036 1195 50 40 &.

771 1352 75 29 Ank,
869 1350 44 29 till
937 1349 103 30 Riksd.
1065 1348 100 30 Kansli
1190 1350 27 28 d.
1250 1351 7 27 7
1283 1350 91 29 Febr,
1410 1351 85 35 1871,
1522 1350 38 29 kl.
1585 1352 16 26 2
1626 1361 24 18 e.
1677 1362 35 19 m,

401 1496 212 46 Utlåtande,
641 1498 14 34 i
683 1497 198 47 anledning
909 1497 45 46 af
978 1496 131 48 Kongl.
1141 1496 124 47 Maj:ts
1293 1497 139 47 nådiga
1460 1496 243 48 Proposition,
1728 1510 64 23 an-

593 1548 142 47 gdende
775 1548 160 49 eftergift
976 1548 53 35 till
1050 1547 156 49 förman
1239 1548 66 49 för
1339 1549 128 34 staden
1512 1548 202 36 Halmstad
1752 1549 44 48 af

597 1599 174 35 Kronans
799 1603 70 31 rätt
897 1598 54 35 till
980 1599 170 43 danaarf
1175 1599 88 45 efter
1293 1599 116 34 enkan
1437 1598 43 35 L.
1507 1598 164 43 Sundell,
1692 1600 101 48 född

598 1648 228 48 Grundbery.

1517 1699 42 46 (I.
1593 1698 58 48 A.)

328 1801 124 38 Sedan
482 1802 271 36 Hattmakaren
782 1800 34 36 J.
845 1800 178 37 Sundells
1053 1801 95 36 enka
1175 1801 138 36 Lovisa
1340 1800 173 45 Sundell,
1530 1800 90 37 född
1642 1800 149 38 Grund-

194 1855 105 46 berg,
328 1854 120 36 aflidit
482 1854 3 35 i
516 1852 196 37 Halmstad
743 1852 71 36 den
846 1854 39 33 21
920 1853 160 47 Augusti
1114 1854 92 34 1845
1238 1852 68 36 och
1335 1852 140 36 hennes
1505 1853 56 35 till
1592 1865 111 23 namn
1721 1853 69 36 och

194 1906 216 36 vistelseort
438 1904 148 36 okände
616 1902 190 49 arfvingar
833 1904 57 35 till
919 1903 92 47 följd
1041 1902 39 37 af
1104 1903 360 37 Rådstufvurättens
1487 1903 10 36 i
1520 1903 165 36 nämnda
1699 1905 87 35 stad

193 1957 127 36 beslut
358 1956 70 35 den
472 1958 45 33 26
559 1954 156 37 Januari
753 1956 94 34 1850
876 1953 125 37 blifvit
1028 1967 138 35 genom
1195 1955 239 47 kungörelse,
1464 1967 79 23 som
1573 1968 144 23 samma
1747 1959 41 33 år

193 2009 98 35 varit
319 2008 11 35 1
360 2007 108 36 Post-
498 2006 69 36 och
609 2006 139 36 inrikes
782 2005 192 47 tidningar
1002 2005 138 45 införd,
1168 2005 189 46 förelagdt
1386 2011 54 30 att
1469 2006 100 35 inom
1599 2006 89 44 viss,
1717 2020 71 22 nu-

193 2072 103 23 mera
336 2058 291 48 tilländalupen,
656 2057 55 35 tid
752 2057 57 48 sig
842 2057 159 43 anmäla,
1030 2056 63 36 vid
1123 2056 175 36 äfventyr
1326 2062 55 31 att
1409 2056 116 36 varda
1552 2057 81 36 från
1664 2057 124 37 arfvet

192 2109 149 48 skiljda,
372 2109 67 36 der
470 2109 44 36 de
544 2110 32 46 ej
605 2108 130 37 visade
764 2108 84 47 laga
875 2106 137 45 förfall,
1041 2113 90 30 utan
1160 2113 54 30 att
1243 2113 64 30 det
1336 2107 157 36 oaktadt
1510 2111 114 45 några
1642 2108 141 36 arfvin-

191 2174 67 34 gar
299 2159 96 37 efter
423 2161 119 35 enkan
572 2158 158 37 Sundell
758 2158 110 49 gifvit
896 2159 57 47 sig
979 2159 57 35 till
1066 2159 135 45 känna,
1229 2161 41 33 så
1299 2158 107 45 hade,
1436 2162 47 45 på
1511 2166 75 29 sätt
1603 2159 39 37 af
1654 2159 130 36 ofvan-

195 2212 174 42 nämnda,
399 2211 72 35 den
504 2213 42 33 26
578 2211 187 35 nästlidne
807 2209 155 36 Januari
993 2210 54 34 till
1081 2210 211 46 Riksdagen
1323 2210 137 35 aflåtna
1489 2211 65 34 och
1586 2212 53 34 uti
1672 2210 112 37 första
