1884 2802
298 151 40 29 20
730 154 101 27 Andra
853 155 200 33 lagutskottets
1074 155 151 27 utlåtande
1246 164 36 17 nr
1302 155 46 26 47.

300 230 54 31 för
380 231 251 39 hänvisningen
659 233 49 30 till
735 233 369 39 arbetarskyddslagen
1131 234 134 39 intagas
1293 235 40 29 de
1361 235 107 37 regler
1496 244 74 20 som
1598 236 97 29 skola
1723 235 63 29 till-

299 284 134 39 lämpas
457 286 10 29 i
490 285 97 39 fråga
613 296 57 20 om
694 286 159 39 tillsynen
877 287 21 31 å
921 287 116 38 lagens
1062 287 221 31 efterlevnad.

343 333 95 35 Även
463 339 10 29 i
500 340 40 29 de
568 339 110 31 andra
705 340 326 38 arbetstidslagarna
1058 341 163 30 hänvisas
1249 341 10 29 i
1287 340 98 39 fråga
1414 351 57 20 om
1497 341 290 39 tillsynsreglerna

299 391 49 30 till
375 391 379 40 arbetarskyddslagen.
793 393 257 39 Hänvisningar
1077 393 79 31 från
1182 404 42 20 en
1250 395 55 38 lag
1333 395 80 29 eller
1438 394 206 39 författning
1669 395 50 29 till
1746 404 41 20 en

298 452 118 22 annan
437 443 216 34 förekomma
675 447 9 29 i
707 450 69 26 stor
797 447 238 39 utsträckning
1058 449 87 28 även
1165 447 45 39 på
1232 448 110 30 andra
1363 446 175 30 områden.
1575 449 106 29 Dessa
1702 448 84 29 hän-

299 498 175 38 visningar
500 499 95 38 tjäna
622 500 56 29 det
703 504 74 26 rent
803 500 178 39 praktiska
1008 501 104 38 syftet
1138 505 48 26 att
1212 501 252 38 omfattningen
1488 511 43 20 av
1555 501 141 38 lagverk
1722 501 65 29 och

298 550 414 41 författningssamlingar
737 554 87 29 skall
850 554 119 30 kunna
995 553 111 31 hållas
1132 554 95 30 inom
1252 553 135 39 rimliga
1414 555 139 37 gränser
1580 555 64 29 och
1671 558 49 26 att
1745 563 41 20 en

297 605 148 39 ändring
464 606 10 29 i
493 615 42 20 en
555 613 197 31 gemensam
772 608 89 37 regel
883 607 29 39 ej
933 607 87 30 skall
1040 608 135 30 behöva
1194 607 156 31 medföra
1368 608 189 38 ändringar
1577 608 9 29 i
1607 612 46 26 ett
1674 608 112 30 flertal

298 658 254 39 författningar.
586 659 52 30 Då
657 660 9 29 i
688 660 226 30 förevarande
933 661 61 29 fall
1014 661 30 38 ej
1065 661 97 30 torde
1182 661 165 38 föreligga
1367 661 148 30 särskild
1534 661 186 38 anledning
1738 665 49 26 att

297 711 83 36 göra
405 715 115 36 avsteg
545 713 79 30 från
649 714 65 29 den
738 713 159 38 vanligen
923 713 199 38 tillämpade
1147 713 167 36 metoden,
1341 715 70 29 kan
1435 714 163 30 utskottet
1624 714 74 29 icke
1725 714 61 29 till-

297 765 118 37 styrka
442 764 265 39 ifrågavarande
733 767 164 38 yrkande.

343 871 115 31 Under
481 872 207 39 hänvisning
716 874 46 29 till
785 874 55 29 det
864 873 147 31 anförda
1037 874 54 30 får
1115 874 164 31 utskottet
1304 874 191 36 hemställa,

651 983 48 27 att
719 980 183 38 riksdagen
922 980 113 36 måtte,
1059 982 79 29 med
1159 982 116 38 avslag
1296 981 20 30 å
1337 981 175 30 motionen
1534 982 43 29 II:
1597 982 69 34 111,
1691 982 7 28 i
1721 982 64 29 den

606 1032 82 31 mån
710 1033 74 30 däri
807 1033 217 31 framställda
1047 1034 130 39 förslag
1201 1034 125 31 avvika
1348 1034 80 30 från
1452 1035 41 30 de
1516 1043 124 30 genom
1662 1043 123 30 propo-

606 1085 145 31 sitionen
776 1086 204 40 framlagda,
1006 1092 89 25 samt
1118 1087 21 31 å
1162 1087 215 31 motionerna
1402 1088 26 29 I:
1444 1088 60 30 361
1529 1089 64 28 och
1619 1088 44 29 II:
1679 1088 106 28 551—

605 1141 72 34 353,
702 1144 124 34 antaga
849 1141 228 30 förevarande
1100 1141 187 38 lagförslag
1310 1141 212 30 oförändrat.

340 1245 200 31 Stockholm
560 1247 66 29 den
652 1248 37 28 15
711 1247 69 38 maj
805 1247 92 30 1945.

733 1352 48 31 På
803 1354 110 29 andra
937 1354 239 38 lagutskottets
1202 1355 142 37 vägnar:

860 1425 137 29 DAVID
1022 1425 197 30 NORMAN.

332 1638 56 28 Vid
406 1639 133 27 ärendets
557 1639 181 34 behandling
757 1640 76 27 hava
851 1639 131 27 närvarit

331 1700 69 28 från
426 1700 140 29 första
591 1700 186 28 kammaren:
805 1701 102 27 herrar
929 1702 144 33 Norman,
1100 1702 180 33 Holmbäck,
1307 1699 138 36 Linder”,
1470 1700 179 31 Forslund",
1678 1702 105 35 Björk-

292 1753 80 26 man,
394 1746 67 27 Carl
479 1747 69 26 Eric
567 1747 149 33 Ericsson,
737 1746 162 34 Hallagård
919 1748 57 25 och
998 1744 130 32 Uhlén”;

331 1806 69 28 från
422 1808 132 28 andra
576 1808 187 27 kammaren:
788 1808 108 27 fröken
919 1809 178 33 Andersson,
1120 1808 103 28 herrar
1247 1809 104 27 Nilson
1375 1810 9 26 i
1407 1808 179 32 Eskilstuna,
1612 1809 98 33 Cruse,
1734 1808 49 27 fru

291 1852 172 28 Johansson
482 1856 75 24 samt
576 1853 104 27 herrar
700 1854 137 26 Carlsson
857 1854 8 26 i
887 1853 144 32 Bakeröd,
1054 1854 169 26 Andersson
1244 1855 8 25 i
1273 1850 198 34 Eskilstuna”,
1494 1854 160 34 Lundberg
1674 1854 8 26 i
1702 1852 80 34 Upp-

290 1897 63 28 sala
373 1898 59 26 och
451 1898 169 27 Andersson
642 1899 8 26 i
672 1898 195 28 Alfredshem.

328 1967 13 15 +
362 1967 36 31 Ej
419 1968 182 24 närvarande
623 1968 49 24 vid
694 1967 177 26 utlåtandets
892 1968 149 31 justering.
