2184 2608
178 743 130 23 Utskottet.

183 1106 107 25 Motion,

169 1878 129 25 Utskottet.

413 146 18 29 4
883 150 234 41 Lagutskottets
1139 150 164 32 utlåtande
1327 152 53 30 Nr
1405 153 50 30 48.

369 223 69 36 och
481 229 54 31 att
577 225 62 37 det
681 226 31 48 ej
756 226 74 35 kan
872 240 91 22 vara
1004 227 145 49 riktigt,
1192 235 53 29 att
1282 229 72 36 den
1384 243 79 23 som
1494 231 66 36 bär
1589 232 70 36 den
1688 233 280 51 huvudsakliga

369 275 158 37 skulden
557 277 57 35 för
642 282 53 30 ett
722 277 179 48 lagbrott,
931 277 95 36 skall
1054 292 89 23 vara
1171 279 49 36 fri
1250 281 82 36 från
1361 282 117 36 straff.

496 328 151 35 Jämväl
675 327 86 37 herr
790 328 138 48 Björck
957 329 68 36 har
1053 330 125 48 yrkat,
1208 337 53 31 att
1289 333 113 36 straff
1428 337 114 34 måtte
1571 335 156 50 stadgas
1750 336 57 37 för
1827 337 141 50 köpare

367 381 123 33 såsom
534 392 45 22 en
622 379 138 36 allmän
800 382 117 47 regel,
959 381 146 37 således
1142 383 211 38 oberoende
1381 398 46 22 av
1456 398 60 23 om
1547 387 113 49 köpet
1687 387 101 37 skett
1816 388 59 36 för
1902 403 64 22 av-

365 430 149 47 yttring
542 430 89 36 eller
659 430 59 36 för
746 444 96 36 egen
872 432 264 50 förbrukning.
1194 434 89 37 Som
1313 436 83 36 skäl
1426 437 58 36 för
1512 438 124 36 denna
1660 440 58 36 sin
1738 439 228 38 hemställan

367 480 216 37 framhåller
600 482 245 47 motionären,
862 488 56 31 att
934 484 84 36 från
1033 485 72 36 den
1122 487 112 47 lojale
1249 487 297 49 medborgarens
1561 491 195 48 synpunkt
1770 497 75 31 sett
1860 493 109 35 straff

367 532 57 35 för
451 532 142 49 köpare
621 540 57 29 ter
706 534 61 49 sig
794 537 123 34 såsom
947 536 154 37 alldeles
1130 538 292 50 oundgängligt,
1436 553 60 23 om
1524 541 122 36 brutal
1666 549 210 43 egennytta
1895 544 69 36 och

365 584 244 48 hänsynslöst
647 585 280 39 åsidosättande
964 601 47 22 av
1048 588 74 37 den
1151 590 205 36 moraliska
1384 596 145 32 rättens
1557 593 77 35 bud
1663 593 105 37 skola
1796 595 11 36 i
1837 598 126 46 någon

366 637 86 33 mån
484 636 126 36 kunna
640 650 44 22 av
713 638 199 37 samhället
940 639 120 37 hållag
1090 641 102 36 inom
1222 642 248 37 skrankorna.

495 739 190 36 Ehuruväl
739 741 188 48 köparens
983 743 214 46 förfarande
1252 750 55 31 att
1353 746 59 36 för
1457 760 46 23 en
1548 761 91 23 vara
1686 749 114 48 bjuda
1843 751 120 47 högre

365 790 78 47 pris
485 795 44 30 än
573 791 234 49 maximipris
849 793 75 36 kan
964 807 91 23 vara
1093 809 46 22 av
1181 796 71 36 den
1295 797 275 48 beskaffenhet,
1618 805 54 31 att
1708 801 254 50 straffpåföljd

365 840 72 36 kan
482 841 254 48 ifrågasättas,
779 844 69 36 har
889 846 184 36 utskottet
1115 850 46 46 på
1204 848 44 35 de
1286 861 46 23 av
1361 848 413 50 departementschefen
1804 853 158 36 anförda

364 892 81 36 skäl
487 893 96 36 dock
624 900 151 31 stannat
816 896 63 36 vid
923 902 53 31 att
1017 898 201 50 tillstyrka,
1262 906 55 30 att
1351 900 168 49 köparen
1548 903 248 38 underkastas
1826 916 136 25 ansvar

364 944 168 46 allenast,
561 948 123 34 såsom
712 946 143 49 Kungl.
886 948 108 49 Maj:t
1022 949 206 50 föreslagit,
1258 951 58 36 för
1345 952 63 37 det
1438 953 74 45 fall,
1543 959 55 31 att
1617 955 165 49 köparen
1802 956 11 35 i
1836 956 125 37 avsikt

363 1000 54 30 att
446 996 57 36 för
532 998 195 47 avyttring
755 999 176 36 förvärva
960 1014 115 23 varan
1105 1002 133 48 bjuder
1265 1003 121 49 högre
1416 1005 76 48 pris
1520 1011 47 30 än
1597 1007 245 49 maximipris.

464 1099 100 36 Herr
592 1100 137 49 Björck
759 1102 68 36 har
855 1103 128 36 vidare
1013 1104 10 35 i
1052 1105 58 35 sin
1140 1106 141 36 motion
1301 1107 204 46 hemställt,
1527 1114 55 30 att
1602 1109 101 37 brott
1723 1117 77 29 mot
1819 1111 141 49 ifråga-

360 1150 166 37 varande
554 1152 64 48 lag
647 1155 125 45 måtte,
802 1154 126 37 därest
957 1156 374 49 omständigheterna
1351 1162 66 32 äro
1437 1160 245 49 synnerligen
1702 1162 257 47 försvårande,

360 1202 186 49 beläggas
575 1204 84 36 med
688 1205 234 37 straffarbete
949 1207 11 35 i
989 1207 115 48 högst
1133 1209 20 34 2
1184 1211 49 33 år.
1289 1208 72 37 Till
1391 1210 85 36 stöd
1498 1211 127 36 härför
1645 1212 149 37 anföres
1815 1213 145 38 huvud-

359 1253 185 48 sakligen,
574 1261 54 30 att
657 1256 64 36 det
749 1263 90 29 utan
867 1258 132 37 vidare
1026 1264 130 41 syntes
1185 1259 110 48 klart,
1316 1266 55 31 att
1389 1262 12 34 i
1422 1264 233 36 närvarande
1674 1264 54 36 tid
1747 1265 92 48 inga
1858 1265 101 37 brott

359 1318 44 22 ur
431 1306 217 37 samhällets
678 1309 196 47 synpunkt
903 1309 126 37 kunde
1057 1316 38 30 te
1123 1311 62 48 sig
1214 1325 99 23 mera
1342 1313 218 37 svårartade
1590 1320 45 31 än
1666 1316 56 45 de,
1753 1329 81 24 som
1854 1317 105 36 inne-

358 1356 91 36 bure
491 1362 55 31 ett
588 1359 282 37 frånhändande
913 1375 44 22 av
999 1362 359 38 medmänniskorna
1388 1365 108 36 deras
1525 1368 221 48 rättmätiga
1773 1368 109 37 andel
1913 1383 46 22 av

358 1403 245 64 tillgängliga
638 1409 241 52 begränsade
921 1413 137 44 förråd,
1102 1414 222 49 därigenom
1368 1421 57 32 att
1466 1417 45 36 de
1553 1418 240 37 ekonomiskt
1836 1420 121 37 bättre

358 1459 137 36 ställda
524 1460 63 36 vid
615 1461 108 36 sidan
752 1476 47 22 av
827 1465 302 49 ransoneringen
1158 1466 245 38 tillskansade
1434 1469 61 48 sig
1524 1470 83 35 med
1636 1470 83 36 stöd
1739 1484 46 23 av
1805 1472 152 48 guldets

358 1511 105 35 makt
491 1517 119 31 större
639 1513 60 36 del
728 1527 47 23 av
794 1515 110 36 dessa
924 1516 138 48 förråd,
1083 1522 48 30 än
1152 1530 81 24 som
1254 1520 221 47 egentligen
1496 1520 113 37 borde
1629 1521 211 38 tillkomma
1860 1524 95 36 dem.

361 1563 215 36 Emellertid
618 1570 130 43 syntes
790 1566 72 36 den
905 1567 218 49 föreslagna
1164 1569 294 50 lagstiftningen
1500 1572 81 36 icke
1623 1573 84 36 med
1750 1574 207 50 tillräcklig

357 1614 138 47 skärpa
523 1627 157 36 reagera
709 1622 79 30 mot
816 1618 244 49 brottslighet
1089 1633 46 22 av
1164 1620 121 37 denna
1314 1621 205 49 högeligen
1549 1624 319 51 samhällsfarliga
1887 1634 67 29 art.

361 1665 109 36 Böter
498 1666 125 36 kunde
650 1667 82 37 icke
761 1681 111 24 anses
902 1683 79 23 som
1011 1676 53 31 ett
1092 1671 221 49 tillräckligt
1332 1673 173 37 effektivt
1525 1676 109 35 straff
1651 1676 57 36 för
1729 1678 227 48 avvärjande

357 1730 46 22 av
431 1718 163 36 nämnda
631 1719 271 38 sambhällsfara.
959 1722 79 36 Här
1066 1736 61 23 om
1157 1725 189 47 någonsin
1375 1731 131 43 syntes
1535 1727 235 38 straffarbete
1798 1742 157 35 genom-

354 1768 146 46 gående
528 1769 91 36 böra
647 1770 206 49 inrymmas
882 1786 81 22 som
993 1775 189 35 strafform
1213 1775 58 36 för
1300 1776 326 38 antigocialiteten.

483 1872 152 36 Jämväl
664 1875 184 36 utskottet
876 1877 121 36 finner
1024 1878 201 37 förseelser
1253 1886 78 30 mot
1360 1881 288 38 bestämmelser
1677 1897 46 22 av
1744 1897 47 23 nu
1812 1885 142 49 ifråga-

352 1923 166 36 varande
548 1930 56 30 art
633 1928 126 46 någon
787 1930 107 45 gång
926 1929 127 36 kunna
1080 1943 89 23 vara
1198 1945 46 22 av
1272 1931 72 37 den
1374 1932 196 50 allvarliga
1600 1934 271 49 beskaffenhet,
1902 1944 53 29 att

354 1974 247 37 frihetsstraff
625 1976 69 37 bör
723 1978 89 48 följa
840 1981 48 47 på
916 1980 204 37 desamma.
1178 1982 205 49 Utskottet,
1413 1997 81 23 som
1523 1986 203 37 emellertid
1757 2001 123 34 anser,
1901 1995 53 30 att

353 2026 238 38 straffarbete
632 2030 227 48 näppeligen
904 2031 66 37 bör
1010 2033 286 48 ifrågakomma,
1340 2035 215 38 hemställer
1596 2038 110 36 alltså
1745 2052 59 23 om
1835 2040 118 36 sådan

353 2078 164 48 ändring
544 2080 11 34 i
584 2081 21 34 8
648 2079 20 49 $
706 2082 118 36 första
861 2083 158 48 stycket,
1050 2090 66 42 att,
1146 2085 123 37 därest
1298 2088 377 49 omständigheterna
1703 2095 63 32 äro
1795 2088 158 56 Synner-

352 2128 106 49 ligen
486 2131 256 49 försvårande,
773 2136 60 34 må
867 2134 130 47 dömas
1026 2136 57 36 till
1112 2137 173 48 fängelse
1314 2139 11 34 i
1354 2138 118 50 högst
1492 2153 65 23 sex
1576 2141 186 37 månader.
1800 2144 153 36 Samma

353 2180 374 39 straffbestämmelse
769 2186 106 36 torde
913 2186 143 48 jämväl
1100 2188 90 36 böra
1231 2189 141 37 införas
1402 2191 11 35 i
1442 2193 246 47 paragrafens
1727 2195 118 48 tredje
1883 2196 66 35 och
