2192 2620
731 164 228 41 Lagutskottets
984 163 163 31 utlåtande
1175 163 47 30 Nr
1239 164 50 30 48.
1727 161 36 28 18

408 245 108 36 Kungl.
549 244 102 35 Maj:ts
674 244 121 35 förslag.

340 296 72 36 Till
435 296 116 46 böter,
569 308 77 23 som
669 296 10 34 i
702 295 117 35 första
839 294 145 48 stycket

211 353 118 43 sagts,
373 348 129 35 dömes
545 347 69 36 ock
656 346 84 46 den,
770 359 93 32 som,
897 345 84 36 med

211 399 152 49 vetskap
403 412 59 22 om
506 404 53 30 att
591 398 137 47 högsta
757 397 136 48 belopp
924 396 56 35 för

209 450 161 37 kostnad
403 455 41 30 är
480 450 120 47 enligt
633 452 21 32 4
683 448 20 49 &
726 448 174 49 bestämt,
922 448 57 35 för

209 501 209 36 kostnaden
451 506 70 42 gör
555 501 60 47 sig
643 500 56 35 till
732 499 102 48 godo
862 499 119 47 högre

209 552 136 49 belopp
375 552 89 36 eller
491 552 70 35 ock
590 552 11 34 1
622 556 114 30 annat
756 556 44 30 än
822 551 157 47 pennin-

209 617 69 35 gar
319 603 190 48 utgående
551 602 178 48 vederlag
770 601 54 36 till
855 600 123 46 värde,

209 654 299 50 uppenbarligen
537 653 266 48 överstigande
831 653 62 35 det
917 652 62 36 be-

209 706 147 36 stämda
383 706 189 48 beloppet.

1265 241 154 27 Utskottets
1441 240 121 36 förslag.

1116 292 71 36 Till
1216 293 118 43 straf,
1364 304 79 23 som
1475 292 10 34 i
1515 291 117 35 första
1662 289 145 48 stycket

1037 351 116 41 sagts,
1197 344 129 35 dömes
1368 343 70 35 ock
1479 342 83 46 den,
1601 353 93 34 som,
1723 340 84 36 med

1035 395 156 48 vetskap
1235 407 58 23 om
1337 400 53 30 att
1419 394 138 48 högsta
1584 392 137 49 belopp
1750 391 58 37 för

1033 446 159 37 kostnad
1231 451 40 30 är
1298 445 120 49 enligt
1447 448 21 32 4
1498 444 20 49 8
1547 444 173 45 bestämt,
1751 443 57 36 för

1035 497 209 37 kostnaden
1283 502 70 42 gör
1385 497 60 48 sig
1474 496 55 35 till
1558 494 100 49 godo
1688 495 120 47 högre

1034 550 135 46 belopp
1199 548 90 36 eller
1317 548 71 35 ock
1408 549 11 33 i
1440 552 116 30 annat
1580 550 45 31 än
1648 546 158 47 pennin-

1034 614 69 34 gar
1144 599 190 49 utgående
1375 598 179 48 vederlag
1595 596 56 36 till
1682 596 125 47 värde,

1033 651 301 50 uppenbarligen
1363 648 269 49 överstigande
1661 648 61 35 det
1746 647 62 36 be-

1034 703 147 36 stämda
1210 702 185 49 beloppet.

339 757 153 37 Samma
524 758 65 48 lag
616 770 99 33 vare,
746 757 65 35 där
840 760 126 44 någon
995 755 158 36 handlar
1180 754 12 35 i
1220 753 91 36 strid
1344 759 77 30 mot
1449 753 116 36 sådan
1595 766 45 22 av
1671 752 135 35 honom

209 810 162 48 avgiven
413 810 204 45 utfästelse,
647 822 79 23 som
757 809 11 35 i
798 810 20 34 5
847 808 20 46 $
895 820 120 33 avses,
1044 807 89 35 eller
1162 807 128 46 bryter
1318 810 78 31 mot
1424 805 61 35 det
1505 805 11 34 i
1537 816 143 24 samma
1700 815 107 36 para-

207 861 88 48 graf
319 860 182 49 stadgade
530 860 186 46 förbudet,

337 912 102 44 eller,
477 912 64 35 vid
576 911 194 48 förfrågan
799 924 46 22 av
872 911 236 47 Konungens
1137 907 405 49 befallningshavande
1570 907 89 35 eller
1687 906 120 47 enligt

209 965 86 35 dess
336 963 173 49 uppdrag
550 977 46 21 av
636 961 279 48 kronobetjänt,
959 966 138 42 vägrar
1125 965 55 30 att
1207 959 127 36 lämna
1362 958 247 50 upplysning,
1639 969 128 23 varom
1795 957 12 34 i

209 1017 20 34 6
258 1016 20 46 $&
305 1015 189 47 förmäles,
537 1014 89 36 eller
666 1013 61 36 vid
771 1012 116 37 sådan
924 1012 196 48 förfrågan
1153 1010 90 37 eller
1270 1010 63 36 vid
1361 1009 295 48 undersökning,
1686 1021 81 23 som
1796 1008 11 35 i

208 1079 141 24 samma
387 1066 183 48 paragraf
603 1070 100 44 sägs,
742 1065 112 36 söker
886 1063 178 37 vilseleda
1093 1076 61 23 om
1182 1062 65 36 sitt
1275 1061 163 37 innehav
1467 1074 45 23 av
1540 1063 128 46 någon
1697 1059 12 36 i
1741 1061 16 33 1
1787 1060 20 45 8

208 1118 136 37 avsedd
375 1131 100 23 vara.

967 1256 19 33 9
1007 1235 40 71 8.

336 1350 245 49 Delaktighet
608 1350 11 35 i
648 1350 178 35 förseelse
867 1353 78 31 mot
986 1348 123 36 denna
1151 1348 64 47 lag
1251 1346 150 36 straffas
1432 1346 95 35 efter
1554 1351 41 43 ty
1632 1345 54 35 13
1717 1344 84 48 kap.

207 1402 220 49 strafflagen
455 1406 40 31 är
522 1401 162 48 stadgat.

559 1541 44 33 10
631 1539 30 45 8.

336 1635 94 46 Den,
471 1647 79 23 som
584 1633 120 36 under
733 1632 67 47 tid,
830 1632 47 36 då
904 1632 75 35 han

208 1692 41 31 är
286 1686 111 37 ställd
434 1686 118 36 under
580 1685 109 36 tilltal
720 1684 56 36 för
804 1683 177 37 förseelse

208 1744 78 31 mot
306 1738 124 37 denna
450 1738 65 48 lag
534 1737 89 36 eller
643 1736 121 48 enligt
786 1738 18 33 7
826 1737 19 45 8
864 1735 113 49 given

209 1790 203 47 föreskrift,
450 1790 192 36 fortsätter
679 1801 144 23 samma
859 1787 119 37 förse-

208 1843 87 45 else,
341 1840 108 47 skall,
494 1841 46 36 då
580 1841 75 35 han
694 1839 123 36 därtill
845 1838 135 37 varder

208 1893 169 50 lagligen
406 1893 227 46 förvunnen,
663 1892 58 35 för
748 1891 104 49 varje
871 1892 107 47 gång

207 1945 195 49 stämning
434 1944 125 37 därför
590 1943 186 37 utfärdats
805 1943 70 36 och
903 1942 75 37 del-

207 1997 127 48 givits,
364 1997 108 36 fällas
500 1996 56 36 till
585 1996 46 36 de
662 1999 117 44 böter,
808 2007 81 24 som
915 1999 63 31 äro

207 2048 182 49 stadgade
419 2048 58 36 för
507 2047 116 37 sådan
652 2047 187 36 förseelse.

1355 1537 45 34 10
1430 1535 32 49 8.

1111 1631 95 46 Den,
1255 1644 80 23 som
1377 1630 119 36 under
1536 1630 65 46 tid,
1644 1629 48 36 då
1733 1629 75 36 han

1035 1688 40 31 är
1112 1683 110 36 ställd
1259 1682 121 36 under
1408 1682 111 36 tilltal
1548 1681 57 37 för
1632 1681 175 36 förseelse

1034 1740 78 31 mot
1136 1734 124 36 denna
1280 1734 64 48 lag
1362 1734 90 36 eller
1472 1733 120 49 enligt
1612 1735 19 34 7
1653 1732 21 49 &
1693 1732 114 49 given

1035 1786 205 47 föreskrift,
1282 1785 193 37 fortsätter
1515 1798 144 23 samma
1690 1784 118 36 förse-

1035 1839 87 46 else,
1165 1838 109 46 skall,
1316 1837 47 36 då
1404 1837 73 36 han
1521 1836 123 36 därtill
1675 1835 134 37 varder

1032 1890 171 48 lagligen
1233 1889 225 46 förvunnen,
1488 1888 58 37 för
1573 1888 106 48 varje
1702 1889 106 47 gång

1033 1941 195 49 stämning
1263 1940 126 37 därför
1416 1940 188 36 utfärdats
1632 1939 72 37 och
1732 1938 75 37 del-

1033 1994 130 48 givits,
1192 1993 110 36 fällas
1331 1992 56 37 till
1415 1992 45 36 de
1488 1991 108 37 böter
1638 1993 86 35 eller
1751 1992 58 35 det

1029 2044 288 48 fängelsestraff,
1347 2057 80 24 som
1456 2048 64 32 äro
1547 2042 184 50 stadgade
1750 2042 59 37 för

1034 2097 114 36 sådan
1186 2096 196 45 förseelse;
1422 2097 87 35 dock
1536 2097 58 34 må
1618 2096 188 44 fängelse-

1033 2150 143 43 straffet
1203 2150 77 35 icke
1308 2150 175 42 överstiga
1514 2151 47 32 elt
1589 2149 52 34 år.
