1876 2788
594 172 263 30 Statsutskottets
880 170 167 29 utlåtande
1071 178 38 19 nr
1138 169 28 28 4.
1590 162 39 31 81

180 247 87 42 49:0)
295 247 142 30 Armén:
466 244 333 33 Drivmedelsförråd
828 253 43 20 m.
900 253 42 19 m.
982 243 18 30 I
1029 241 153 41 enlighet
1209 240 76 31 med
1313 238 127 42 Kungl.
1471 237 118 42 Maj:ts
1619 237 12 30 i

125 298 262 43 propositionen
408 309 42 20 nr
473 299 16 29 1
513 295 210 33 framställda
746 295 128 41 förslag
901 294 120 42 (punkt
1042 293 49 38 49,
1116 304 24 20 s.
1164 293 39 31 89
1226 292 61 31 och
1309 290 67 41 90),
1400 288 231 33 innebärande

127 350 207 32 oförändrad
357 348 323 41 medelsanvisning,
704 346 197 32 hemställer
925 345 176 37 utskottet,

420 403 52 29 att
491 399 181 42 riksdagen
693 401 54 29 må
767 398 52 31 till
840 398 139 30 Armén:
999 394 334 41 Drivmedelsförråd
1351 404 42 21 m.
1415 403 41 21 m.
1479 393 52 31 för
1551 392 81 32 bud-

380 454 130 40 getåret
533 451 135 32 1951/52
691 451 118 30 anvisa
831 452 49 29 ett
903 447 268 42 förslagsanslag
1194 458 40 20 av
1257 446 61 31 750
1329 446 62 31 000
1414 445 132 31 kronor.

468 563 302 39 Anskaffning
798 562 81 30 och
906 560 107 31 vård
1041 570 49 21 av
1118 559 150 31 hästar
1296 569 48 19 m.
1368 569 48 19 m.

181 633 88 41 50:0)
297 633 142 30 Armén:
464 631 253 34 Remontering.
751 628 128 43 Kungl.
905 628 102 42 Maj:t
1031 627 62 32 har
1116 627 14 31 i
1154 625 261 44 propositionen
1440 635 41 20 nr
1505 625 16 30 1
1548 623 85 32 före-

128 683 105 44 slagit
253 683 182 42 riksdagen
460 683 120 42 (punkt
599 682 51 38 50,
669 693 28 20 s.
718 681 135 41 90—93)
880 682 50 29 att
948 679 55 32 till
1023 677 258 43 ifrågavarande
1301 676 158 32 ändamål
1479 676 53 31 för
1552 674 82 32 bud-

127 738 133 40 getåret
283 735 137 32 1951/52
443 734 116 32 anvisa
583 735 49 30 ett
654 731 350 42 reservationsanslag
1025 741 41 21 av
1089 730 62 31 600
1163 729 62 32 000
1246 729 135 31 kronor.

183 837 126 32 Vidare
328 837 64 32 har
411 836 126 42 Kungl.
559 836 102 42 Maj:t
680 836 13 31 i
715 834 262 44 propositionen
996 844 42 20 nr
1059 833 62 31 110
1147 831 121 43 (punkt
1289 831 27 38 7,
1338 842 27 20 s.
1389 829 135 42 55—57)
1549 829 86 31 före-

129 889 105 42 slagit
257 888 182 42 riksdagen
461 890 51 30 att
533 887 144 38 besluta,
702 889 50 29 att
774 886 109 32 under
904 888 39 29 år
967 885 81 32 1954
1071 884 156 41 omkring
1249 882 61 32 450
1333 880 234 42 varmblodiga
1590 891 46 21 re-

130 944 134 29 monter
287 940 99 32 skola
409 940 145 41 inköpas
580 940 53 30 för
658 940 137 30 arméns
817 937 153 41 räkning.

184 1033 165 42 Anslaget
372 1035 38 30 är
433 1034 53 31 för
507 1031 230 33 innevarande
759 1031 168 42 budgetår
948 1030 144 42 uppfört
1115 1028 78 32 med
1216 1023 60 56 300
1293 1023 60 56 000
1374 1027 132 31 kronor.

185 1085 356 41 Arméförvaltningen
567 1084 62 31 har
653 1085 45 41 på
721 1082 145 32 anförda
892 1081 74 32 skäl
992 1080 187 42 föreslagit,
1204 1081 51 30 att
1279 1079 156 42 anslaget
1459 1078 55 31 för
1537 1079 100 30 nästa

131 1137 167 42 budgetår
318 1137 98 41 höjes
438 1136 77 31 med
537 1137 92 30 1900
643 1124 60 59 000
722 1134 135 37 kronor,
879 1144 101 20 varav
1003 1133 91 31 1494
1106 1132 63 31 850
1189 1132 124 30 kronor
1334 1141 80 21 avse
1437 1128 199 42 omräkning

130 1200 44 21 av
195 1188 163 42 anslaget.

186 1240 349 42 Medelinköpspriset
567 1239 54 31 för
652 1237 209 42 kallblodiga
892 1235 125 39 hästar,
1052 1235 190 41 ersättning
1273 1234 54 32 till
1360 1232 181 33 fodervärd
1574 1232 64 32 och

132 1291 313 43 medelslaktpriset
466 1291 46 31 ha
532 1290 185 32 beräknats
742 1289 53 31 till
818 1299 130 21 samma
971 1287 128 42 belopp
1126 1298 72 20 som
1223 1287 54 30 för
1300 1285 230 32 innevarande
1558 1284 79 31 bud-

132 1346 98 41 getår
253 1343 83 32 eller
358 1342 191 42 respektive
575 1342 92 31 1600
688 1341 133 36 kronor,
847 1340 61 31 250
930 1340 126 31 kronor
1079 1339 64 31 och
1165 1339 62 31 500
1250 1338 134 31 kronor.

186 1393 385 44 Departementschefen
591 1393 62 31 har
671 1395 114 28 ansett
805 1392 54 41 sig
880 1391 72 31 icke
971 1391 116 30 kunna
1109 1389 145 37 förorda,
1274 1391 52 29 att
1347 1387 229 42 remontering
1596 1398 42 20 av

133 1446 329 41 ackorddraghästar
485 1444 109 32 under
617 1444 204 41 budgetåret
847 1442 137 32 1951/52
1008 1442 80 31 sker
1114 1441 12 31 i
1150 1443 110 29 större
1287 1440 208 41 omfattning
1519 1441 43 29 än
1588 1440 52 30 att

133 1498 44 32 de
202 1498 142 41 inköpta
367 1496 211 41 kallblodiga
601 1495 161 32 hästarna
787 1494 105 41 jämte
919 1493 41 31 de
985 1492 188 42 övertaliga
1200 1491 232 42 varmblodiga
1460 1493 178 35 remonter,

134 1560 74 21 som
239 1548 107 32 under
376 1547 203 43 budgetåret
610 1546 95 32 skola
734 1545 148 32 tillföras
915 1543 479 42 ackorddraghästbeståndet,
1427 1542 132 31 komma
1588 1543 50 30 att

134 1603 113 40 uppgå
272 1599 55 32 till
355 1600 61 31 878
442 1599 124 38 hästar,
595 1596 237 33 motsvarande
862 1597 39 31 10
917 1599 26 28 Z
973 1595 231 42 remontering
1230 1606 40 19 av
1295 1593 343 42 ackorddraghästbe-

134 1652 145 32 ståndet.
310 1651 55 32 Då
383 1650 148 32 nämnda
550 1648 233 42 varmblodiga
804 1650 171 29 remonter
994 1647 182 31 beräknats
1197 1646 53 32 till
1271 1646 69 38 149,
1360 1646 86 31 böra
1463 1645 101 32 alltså
1583 1646 56 30 för

132 1703 203 42 budgetåret
368 1702 136 32 1951/52
536 1701 54 32 till
624 1700 327 41 ackorddraghästar
983 1698 143 42 inköpas
1165 1699 198 40 (878
1257 1692 22 57 —
1300 1699 63 40 149
1376 1697 52 42 =)
1467 1698 59 30 729
1558 1696 80 31 kall-

133 1755 142 42 blodiga
294 1754 117 32 hästar
434 1753 82 32 eller
536 1754 60 30 271
620 1753 116 31 hästar
757 1751 133 31 mindre
914 1753 43 29 än
979 1750 343 41 arméförvaltningen
1348 1748 185 42 föreslagit.

188 1807 54 31 Då
257 1805 376 43 departementschefen
653 1804 11 31 i
682 1803 113 42 övrigt
811 1803 77 31 icke
907 1802 114 31 funnit
1040 1801 185 41 anledning
1244 1801 52 31 till
1317 1801 136 31 erinran
1473 1801 11 30 i
1504 1800 62 31 och
1585 1800 56 31 för

134 1859 55 41 sig
220 1860 70 29 mot
318 1856 365 40 arméförvaltningens
716 1853 334 42 anslagsberäkning,
1081 1853 113 31 skulle
1225 1852 277 31 medelsbehovet
1530 1852 110 31 under

133 1909 156 41 anslaget
309 1910 114 40 uppgå
441 1908 56 31 till
522 1907 74 41 (300
608 1907 62 31 000
688 1912 29 28 +
736 1906 91 31 1900
838 1905 186 31 000
923 1899 25 55 —
964 1905 60 31 271
1046 1912 25 25 Xx
1093 1904 91 31 1600
1197 1904 51 40 =)
1273 1905 13 30 i
1307 1906 80 28 runt
1407 1903 47 31 tal
1476 1903 90 31 1765
1578 1903 62 31 000

134 1962 134 30 kronor.
302 1958 385 43 Departementschefen
707 1957 63 31 har
792 1956 190 31 emellertid
1005 1955 176 38 inhämtat,
1205 1956 49 30 att
1276 1966 39 20 av
1338 1954 232 42 föreliggande
1594 1965 46 20 re-

135 2010 391 41 servationsbehållning
548 2009 107 32 under
674 2008 163 41 anslaget,
860 2007 58 31 vid
939 2009 170 39 utgången
1131 2018 41 19 av
1191 2006 204 42 budgetåret
1417 2006 134 32 1949/50
1575 2017 64 21 om-

135 2064 100 41 kring
260 2064 19 30 3
293 2063 133 31 150000
454 2062 132 36 kronor,
615 2061 11 30 i
654 2062 78 29 runt
759 2060 44 31 tal
834 2059 164 31 1000000
1025 2059 126 31 kronor
1174 2059 115 30 kunna
1315 2058 169 41 utnyttjas
1508 2059 56 30 för
1590 2060 50 29 att

134 2115 191 40 nedbringa
347 2113 279 32 medelsbehovet
652 2111 107 31 under
781 2111 157 41 anslaget
962 2111 53 30 för
1036 2110 205 41 budgetåret
1265 2109 144 32 1951/52.
1446 2109 53 32 Då
1524 2109 116 31 vidare

136 2166 157 40 omkring
319 2165 137 32 200000
482 2164 125 31 kronor
633 2162 165 32 beräknas
827 2162 125 40 inflyta
980 2161 107 32 under
1112 2161 204 41 budgetåret
1344 2160 135 32 1950/51
1509 2161 53 31 för
1589 2172 51 20 ex-

136 2217 180 42 porterade
343 2218 178 34 remonter,
547 2214 111 31 skulle
686 2214 154 40 anslaget
866 2214 54 30 för
944 2212 205 41 budgetåret
1175 2212 134 31 1951/52
1337 2212 116 31 kunna
1477 2212 163 42 uppföras

137 2268 76 31 med
238 2270 48 29 ett
306 2267 127 41 belopp
455 2278 40 19 av
521 2265 105 37 (1765
638 2265 114 31 000
722 2259 21 53 —
765 2265 15 30 1
794 2265 62 30 000
869 2264 62 31 000
942 2282 42 4 —
996 2264 60 30 200
1069 2263 61 31 000
1143 2263 51 41 =)
1222 2263 59 31 565
1292 2264 63 30 000
1378 2263 125 31 kronor
1525 2263 83 31 eller
1630 2263 10 30 i

137 2319 166 32 avrundat
326 2318 47 31 tal
396 2318 62 30 600
470 2317 61 31 000
552 2316 134 31 kronor.
721 2314 336 41 Anslagshöjningen
1079 2315 103 39 utgör
1203 2314 61 31 300
1275 2314 63 31 000
1360 2314 133 31 kronor.

191 2418 130 31 Genom
344 2417 42 31 de
407 2428 40 20 av
471 2417 79 31 1950
569 2419 57 29 års
650 2416 135 41 riksdag
805 2415 179 32 beslutade
1007 2415 202 39 åtgärderna
1230 2415 10 30 1
1260 2416 92 40 syfte
1375 2417 49 29 att
1445 2415 195 41 ytterligare

137 2470 167 40 begränsa
331 2470 134 30 arméns
494 2467 320 37 stamhästbestånd,
844 2468 53 30 för
924 2466 91 31 vilka
1043 2466 374 42 departementschefen
1445 2466 125 32 lämnat
1599 2478 42 20 en

136 2533 105 28 6—906
257 2542 22 19 mm
308 2525 12 47 —
330 2532 114 35 Bihang
467 2531 45 29 till
534 2531 169 36 riksdagens
723 2530 144 37 protokoll
894 2530 87 28 1951.
1028 2531 18 27 6
1068 2529 83 29 saml.
1197 2529 45 29 Nr
1263 2531 28 27 4.
