<?xml version="1.0" encoding="UTF-8"?>
<alto xmlns="http://www.loc.gov/standards/alto/ns-v3#" xmlns:xlink="http://www.w3.org/1999/xlink" xmlns:xsi="http://www.w3.org/2001/XMLSchema-instance" xsi:schemaLocation="http://www.loc.gov/standards/alto/ns-v3# http://www.loc.gov/alto/v3/alto-3-0.xsd">
	<Description>
		<MeasurementUnit>pixel</MeasurementUnit>
		<sourceImageInformation>
			<fileName>/tmp/tess_lgh_bx7u_input.PNG</fileName>
		</sourceImageInformation>
		<OCRProcessing ID="OCR_0">
			<ocrProcessingStep>
				<processingSoftware>
					<softwareName>tesseract 5.3.0</softwareName>
				</processingSoftware>
			</ocrProcessingStep>
		</OCRProcessing>
	</Description>
	<Layout>
		<Page WIDTH="1864" HEIGHT="2780" PHYSICAL_IMG_NR="0" ID="page_0">
			<PrintSpace HPOS="0" VPOS="0" WIDTH="1864" HEIGHT="2780">
				<ComposedBlock ID="cblock_0" HPOS="246" VPOS="133" WIDTH="1034" HEIGHT="36">
					<TextBlock ID="block_0" HPOS="246" VPOS="133" WIDTH="1034" HEIGHT="36">
						<TextLine ID="line_0" HPOS="246" VPOS="133" WIDTH="1034" HEIGHT="36">
							<String ID="string_0" HPOS="246" VPOS="133" WIDTH="60" HEIGHT="32" WC="0.95" CONTENT="106"/><SP WIDTH="408" VPOS="133" HPOS="306"/>
							<String ID="string_1" HPOS="714" VPOS="139" WIDTH="264" HEIGHT="29" WC="0.91" CONTENT="Statsutskottets"/><SP WIDTH="23" VPOS="139" HPOS="978"/>
							<String ID="string_2" HPOS="1001" VPOS="140" WIDTH="165" HEIGHT="29" WC="0.96" CONTENT="utlåtande"/><SP WIDTH="22" VPOS="140" HPOS="1166"/>
							<String ID="string_3" HPOS="1188" VPOS="149" WIDTH="40" HEIGHT="19" WC="0.95" CONTENT="nr"/><SP WIDTH="24" VPOS="149" HPOS="1228"/>
							<String ID="string_4" HPOS="1252" VPOS="141" WIDTH="28" HEIGHT="28" WC="0.96" CONTENT="4."/>
						</TextLine>
					</TextBlock>
				</ComposedBlock>
				<ComposedBlock ID="cblock_1" HPOS="490" VPOS="212" WIDTH="1254" HEIGHT="245">
					<TextBlock ID="block_1" HPOS="492" VPOS="212" WIDTH="1252" HEIGHT="95">
						<TextLine ID="line_1" HPOS="493" VPOS="212" WIDTH="1251" HEIGHT="44">
							<String ID="string_5" HPOS="493" VPOS="212" WIDTH="147" HEIGHT="41" WC="0.93" CONTENT="grunder"/><SP WIDTH="23" VPOS="212" HPOS="640"/>
							<String ID="string_6" HPOS="663" VPOS="213" WIDTH="157" HEIGHT="41" WC="0.91" CONTENT="medgiva"/><SP WIDTH="23" VPOS="213" HPOS="820"/>
							<String ID="string_7" HPOS="843" VPOS="213" WIDTH="205" HEIGHT="42" WC="0.91" CONTENT="utläggande"/><SP WIDTH="22" VPOS="213" HPOS="1048"/>
							<String ID="string_8" HPOS="1070" VPOS="225" WIDTH="41" HEIGHT="20" WC="0.96" CONTENT="av"/><SP WIDTH="23" VPOS="225" HPOS="1111"/>
							<String ID="string_9" HPOS="1134" VPOS="214" WIDTH="248" HEIGHT="42" WC="0.93" CONTENT="beställningar"/><SP WIDTH="21" VPOS="214" HPOS="1382"/>
							<String ID="string_10" HPOS="1403" VPOS="216" WIDTH="19" HEIGHT="30" WC="0.87" CONTENT="å"/><SP WIDTH="24" VPOS="216" HPOS="1422"/>
							<String ID="string_11" HPOS="1446" VPOS="214" WIDTH="298" HEIGHT="32" WC="0.89" CONTENT="artillerimateriel"/>
						</TextLine>
						<TextLine ID="line_2" HPOS="492" VPOS="265" WIDTH="1003" HEIGHT="42">
							<String ID="string_12" HPOS="492" VPOS="274" WIDTH="42" HEIGHT="20" WC="0.85" CONTENT="m."/><SP WIDTH="23" VPOS="274" HPOS="534"/>
							<String ID="string_13" HPOS="557" VPOS="275" WIDTH="40" HEIGHT="19" WC="0.91" CONTENT="m."/><SP WIDTH="22" VPOS="275" HPOS="597"/>
							<String ID="string_14" HPOS="619" VPOS="266" WIDTH="93" HEIGHT="29" WC="0.96" CONTENT="inom"/><SP WIDTH="20" VPOS="266" HPOS="712"/>
							<String ID="string_15" HPOS="732" VPOS="275" WIDTH="44" HEIGHT="20" WC="0.93" CONTENT="en"/><SP WIDTH="22" VPOS="275" HPOS="776"/>
							<String ID="string_16" HPOS="798" VPOS="265" WIDTH="237" HEIGHT="32" WC="0.91" CONTENT="kostnadsram"/><SP WIDTH="21" VPOS="265" HPOS="1035"/>
							<String ID="string_17" HPOS="1056" VPOS="276" WIDTH="39" HEIGHT="21" WC="0.96" CONTENT="av"/><SP WIDTH="22" VPOS="276" HPOS="1095"/>
							<String ID="string_18" HPOS="1117" VPOS="266" WIDTH="39" HEIGHT="31" WC="0.95" CONTENT="42"/><SP WIDTH="22" VPOS="266" HPOS="1156"/>
							<String ID="string_19" HPOS="1178" VPOS="266" WIDTH="161" HEIGHT="41" WC="0.95" CONTENT="miljoner"/><SP WIDTH="18" VPOS="266" HPOS="1339"/>
							<String ID="string_20" HPOS="1357" VPOS="266" WIDTH="138" HEIGHT="38" WC="0.96" CONTENT="kronor;"/>
						</TextLine>
					</TextBlock>
					<TextBlock ID="block_2" HPOS="490" VPOS="323" WIDTH="1252" HEIGHT="134">
						<TextLine ID="line_3" HPOS="535" VPOS="323" WIDTH="1205" HEIGHT="43">
							<String ID="string_21" HPOS="535" VPOS="323" WIDTH="34" HEIGHT="41" WC="0.90" CONTENT="b)"/><SP WIDTH="28" VPOS="323" HPOS="569"/>
							<String ID="string_22" HPOS="597" VPOS="323" WIDTH="52" HEIGHT="31" WC="0.96" CONTENT="till"/><SP WIDTH="17" VPOS="323" HPOS="649"/>
							<String ID="string_23" HPOS="666" VPOS="324" WIDTH="171" HEIGHT="31" WC="0.95" CONTENT="Marinen:"/><SP WIDTH="17" VPOS="324" HPOS="837"/>
							<String ID="string_24" HPOS="854" VPOS="324" WIDTH="231" HEIGHT="42" WC="0.94" CONTENT="Anskaffning"/><SP WIDTH="16" VPOS="324" HPOS="1085"/>
							<String ID="string_25" HPOS="1101" VPOS="336" WIDTH="40" HEIGHT="20" WC="0.93" CONTENT="av"/><SP WIDTH="17" VPOS="336" HPOS="1141"/>
							<String ID="string_26" HPOS="1158" VPOS="325" WIDTH="298" HEIGHT="32" WC="0.90" CONTENT="artillerimateriel"/><SP WIDTH="17" VPOS="325" HPOS="1456"/>
							<String ID="string_27" HPOS="1473" VPOS="336" WIDTH="42" HEIGHT="21" WC="0.91" CONTENT="m."/><SP WIDTH="18" VPOS="336" HPOS="1515"/>
							<String ID="string_28" HPOS="1533" VPOS="337" WIDTH="41" HEIGHT="20" WC="0.86" CONTENT="m."/><SP WIDTH="19" VPOS="337" HPOS="1574"/>
							<String ID="string_29" HPOS="1593" VPOS="326" WIDTH="52" HEIGHT="31" WC="0.93" CONTENT="för"/><SP WIDTH="16" VPOS="326" HPOS="1645"/>
							<String ID="string_30" HPOS="1661" VPOS="325" WIDTH="79" HEIGHT="32" WC="0.90" CONTENT="bud-"/>
						</TextLine>
						<TextLine ID="line_4" HPOS="490" VPOS="375" WIDTH="1252" HEIGHT="44">
							<String ID="string_31" HPOS="490" VPOS="377" WIDTH="131" HEIGHT="39" WC="0.91" CONTENT="getåret"/><SP WIDTH="41" VPOS="377" HPOS="621"/>
							<String ID="string_32" HPOS="662" VPOS="375" WIDTH="137" HEIGHT="32" WC="0.91" CONTENT="1951/52"/><SP WIDTH="40" VPOS="375" HPOS="799"/>
							<String ID="string_33" HPOS="839" VPOS="376" WIDTH="118" HEIGHT="31" WC="0.96" CONTENT="anvisa"/><SP WIDTH="41" VPOS="376" HPOS="957"/>
							<String ID="string_34" HPOS="998" VPOS="379" WIDTH="49" HEIGHT="29" WC="0.93" CONTENT="ett"/><SP WIDTH="40" VPOS="379" HPOS="1047"/>
							<String ID="string_35" HPOS="1087" VPOS="377" WIDTH="347" HEIGHT="42" WC="0.88" CONTENT="reservationsanslag"/><SP WIDTH="39" VPOS="377" HPOS="1434"/>
							<String ID="string_36" HPOS="1473" VPOS="388" WIDTH="43" HEIGHT="21" WC="0.92" CONTENT="av"/><SP WIDTH="39" VPOS="388" HPOS="1516"/>
							<String ID="string_37" HPOS="1555" VPOS="378" WIDTH="40" HEIGHT="31" WC="0.92" CONTENT="45"/><SP WIDTH="12" VPOS="378" HPOS="1595"/>
							<String ID="string_38" HPOS="1607" VPOS="371" WIDTH="59" HEIGHT="52" WC="0.91" CONTENT="000"/><SP WIDTH="16" VPOS="371" HPOS="1666"/>
							<String ID="string_39" HPOS="1682" VPOS="371" WIDTH="62" HEIGHT="52" WC="0.88" CONTENT="000"/>
						</TextLine>
						<TextLine ID="line_5" HPOS="492" VPOS="426" WIDTH="131" HEIGHT="31">
							<String ID="string_40" HPOS="492" VPOS="426" WIDTH="131" HEIGHT="31" WC="0.96" CONTENT="kronor."/>
						</TextLine>
					</TextBlock>
				</ComposedBlock>
				<ComposedBlock ID="cblock_2" HPOS="239" VPOS="560" WIDTH="1503" HEIGHT="187">
					<TextBlock ID="block_3" HPOS="239" VPOS="560" WIDTH="1503" HEIGHT="187">
						<TextLine ID="line_6" HPOS="294" VPOS="560" WIDTH="1448" HEIGHT="47">
							<String ID="string_41" HPOS="294" VPOS="560" WIDTH="86" HEIGHT="42" WC="0.59" CONTENT="80:o)"/><SP WIDTH="28" VPOS="560" HPOS="380"/>
							<String ID="string_42" HPOS="408" VPOS="562" WIDTH="171" HEIGHT="31" WC="0.96" CONTENT="Marinen:"/><SP WIDTH="21" VPOS="562" HPOS="579"/>
							<String ID="string_43" HPOS="600" VPOS="562" WIDTH="191" HEIGHT="31" WC="0.94" CONTENT="Underhåll"/><SP WIDTH="22" VPOS="562" HPOS="791"/>
							<String ID="string_44" HPOS="813" VPOS="573" WIDTH="42" HEIGHT="20" WC="0.96" CONTENT="av"/><SP WIDTH="21" VPOS="573" HPOS="855"/>
							<String ID="string_45" HPOS="876" VPOS="563" WIDTH="121" HEIGHT="35" WC="0.91" CONTENT="fartyg"/><SP WIDTH="22" VPOS="563" HPOS="997"/>
							<String ID="string_46" HPOS="1019" VPOS="574" WIDTH="42" HEIGHT="20" WC="0.79" CONTENT="m."/><SP WIDTH="21" VPOS="574" HPOS="1061"/>
							<String ID="string_47" HPOS="1082" VPOS="573" WIDTH="41" HEIGHT="20" WC="0.88" CONTENT="m."/><SP WIDTH="31" VPOS="573" HPOS="1123"/>
							<String ID="string_48" HPOS="1154" VPOS="563" WIDTH="126" HEIGHT="43" WC="0.94" CONTENT="Kungl."/><SP WIDTH="23" VPOS="563" HPOS="1280"/>
							<String ID="string_49" HPOS="1303" VPOS="564" WIDTH="100" HEIGHT="42" WC="0.96" CONTENT="Maj:t"/><SP WIDTH="20" VPOS="564" HPOS="1403"/>
							<String ID="string_50" HPOS="1423" VPOS="564" WIDTH="63" HEIGHT="32" WC="0.96" CONTENT="har"/><SP WIDTH="21" VPOS="564" HPOS="1486"/>
							<String ID="string_51" HPOS="1507" VPOS="565" WIDTH="12" HEIGHT="31" WC="0.93" CONTENT="i"/><SP WIDTH="20" VPOS="565" HPOS="1519"/>
							<String ID="string_52" HPOS="1539" VPOS="565" WIDTH="203" HEIGHT="42" WC="0.91" CONTENT="propositio-"/>
						</TextLine>
						<TextLine ID="line_7" HPOS="241" VPOS="613" WIDTH="1499" HEIGHT="45">
							<String ID="string_53" HPOS="241" VPOS="623" WIDTH="66" HEIGHT="20" WC="0.95" CONTENT="nen"/><SP WIDTH="23" VPOS="623" HPOS="307"/>
							<String ID="string_54" HPOS="330" VPOS="623" WIDTH="41" HEIGHT="20" WC="0.94" CONTENT="nr"/><SP WIDTH="24" VPOS="623" HPOS="371"/>
							<String ID="string_55" HPOS="395" VPOS="614" WIDTH="16" HEIGHT="29" WC="0.96" CONTENT="1"/><SP WIDTH="27" VPOS="614" HPOS="411"/>
							<String ID="string_56" HPOS="438" VPOS="613" WIDTH="177" HEIGHT="42" WC="0.95" CONTENT="föreslagit"/><SP WIDTH="25" VPOS="613" HPOS="615"/>
							<String ID="string_57" HPOS="640" VPOS="613" WIDTH="181" HEIGHT="42" WC="0.96" CONTENT="riksdagen"/><SP WIDTH="30" VPOS="613" HPOS="821"/>
							<String ID="string_58" HPOS="851" VPOS="614" WIDTH="122" HEIGHT="42" WC="0.96" CONTENT="(punkt"/><SP WIDTH="24" VPOS="614" HPOS="973"/>
							<String ID="string_59" HPOS="997" VPOS="615" WIDTH="49" HEIGHT="38" WC="0.93" CONTENT="94,"/><SP WIDTH="25" VPOS="615" HPOS="1046"/>
							<String ID="string_60" HPOS="1071" VPOS="626" WIDTH="26" HEIGHT="21" WC="0.88" CONTENT="s."/><SP WIDTH="28" VPOS="626" HPOS="1097"/>
							<String ID="string_61" HPOS="1125" VPOS="616" WIDTH="176" HEIGHT="41" WC="0.49" CONTENT="186—138)"/><SP WIDTH="29" VPOS="616" HPOS="1301"/>
							<String ID="string_62" HPOS="1330" VPOS="618" WIDTH="50" HEIGHT="29" WC="0.96" CONTENT="att"/><SP WIDTH="26" VPOS="618" HPOS="1380"/>
							<String ID="string_63" HPOS="1406" VPOS="616" WIDTH="53" HEIGHT="31" WC="0.96" CONTENT="till"/><SP WIDTH="25" VPOS="616" HPOS="1459"/>
							<String ID="string_64" HPOS="1484" VPOS="616" WIDTH="256" HEIGHT="42" WC="0.96" CONTENT="ifrågavarande"/>
						</TextLine>
						<TextLine ID="line_8" HPOS="240" VPOS="664" WIDTH="1500" HEIGHT="45">
							<String ID="string_65" HPOS="240" VPOS="664" WIDTH="155" HEIGHT="31" WC="0.96" CONTENT="ändamål"/><SP WIDTH="27" VPOS="664" HPOS="395"/>
							<String ID="string_66" HPOS="422" VPOS="665" WIDTH="53" HEIGHT="30" WC="0.96" CONTENT="för"/><SP WIDTH="26" VPOS="665" HPOS="475"/>
							<String ID="string_67" HPOS="501" VPOS="664" WIDTH="202" HEIGHT="42" WC="0.93" CONTENT="budgetåret"/><SP WIDTH="28" VPOS="664" HPOS="703"/>
							<String ID="string_68" HPOS="731" VPOS="665" WIDTH="135" HEIGHT="32" WC="0.92" CONTENT="1951/52"/><SP WIDTH="26" VPOS="665" HPOS="866"/>
							<String ID="string_69" HPOS="892" VPOS="666" WIDTH="119" HEIGHT="32" WC="0.96" CONTENT="anvisa"/><SP WIDTH="25" VPOS="666" HPOS="1011"/>
							<String ID="string_70" HPOS="1036" VPOS="668" WIDTH="50" HEIGHT="30" WC="0.93" CONTENT="ett"/><SP WIDTH="26" VPOS="668" HPOS="1086"/>
							<String ID="string_71" HPOS="1112" VPOS="667" WIDTH="349" HEIGHT="42" WC="0.91" CONTENT="reservationsanslag"/><SP WIDTH="25" VPOS="667" HPOS="1461"/>
							<String ID="string_72" HPOS="1486" VPOS="679" WIDTH="42" HEIGHT="20" WC="0.96" CONTENT="av"/><SP WIDTH="25" VPOS="679" HPOS="1528"/>
							<String ID="string_73" HPOS="1553" VPOS="669" WIDTH="113" HEIGHT="31" WC="0.87" CONTENT="27300"/><SP WIDTH="13" VPOS="669" HPOS="1666"/>
							<String ID="string_74" HPOS="1679" VPOS="669" WIDTH="61" HEIGHT="32" WC="0.96" CONTENT="000"/>
						</TextLine>
						<TextLine ID="line_9" HPOS="239" VPOS="715" WIDTH="132" HEIGHT="32">
							<String ID="string_75" HPOS="239" VPOS="715" WIDTH="132" HEIGHT="32" WC="0.96" CONTENT="kronor."/>
						</TextLine>
					</TextBlock>
				</ComposedBlock>
				<ComposedBlock ID="cblock_3" HPOS="233" VPOS="826" WIDTH="1506" HEIGHT="401">
					<TextBlock ID="block_4" HPOS="233" VPOS="826" WIDTH="1506" HEIGHT="303">
						<TextLine ID="line_10" HPOS="292" VPOS="826" WIDTH="1447" HEIGHT="45">
							<String ID="string_76" HPOS="292" VPOS="826" WIDTH="18" HEIGHT="31" WC="0.96" CONTENT="I"/><SP WIDTH="21" VPOS="826" HPOS="310"/>
							<String ID="string_77" HPOS="331" VPOS="826" WIDTH="92" HEIGHT="31" WC="0.96" CONTENT="detta"/><SP WIDTH="17" VPOS="826" HPOS="423"/>
							<String ID="string_78" HPOS="440" VPOS="827" WIDTH="245" HEIGHT="42" WC="0.95" CONTENT="sammanhang"/><SP WIDTH="18" VPOS="827" HPOS="685"/>
							<String ID="string_79" HPOS="703" VPOS="828" WIDTH="64" HEIGHT="31" WC="0.96" CONTENT="har"/><SP WIDTH="18" VPOS="828" HPOS="767"/>
							<String ID="string_80" HPOS="785" VPOS="827" WIDTH="169" HEIGHT="33" WC="0.96" CONTENT="utskottet"/><SP WIDTH="21" VPOS="827" HPOS="954"/>
							<String ID="string_81" HPOS="975" VPOS="829" WIDTH="54" HEIGHT="31" WC="0.96" CONTENT="till"/><SP WIDTH="20" VPOS="829" HPOS="1029"/>
							<String ID="string_82" HPOS="1049" VPOS="828" WIDTH="209" HEIGHT="43" WC="0.92" CONTENT="behandling"/><SP WIDTH="19" VPOS="828" HPOS="1258"/>
							<String ID="string_83" HPOS="1277" VPOS="829" WIDTH="148" HEIGHT="32" WC="0.91" CONTENT="förehaft"/><SP WIDTH="21" VPOS="829" HPOS="1425"/>
							<String ID="string_84" HPOS="1446" VPOS="832" WIDTH="57" HEIGHT="29" WC="0.96" CONTENT="två"/><SP WIDTH="20" VPOS="832" HPOS="1503"/>
							<String ID="string_85" HPOS="1523" VPOS="829" WIDTH="216" HEIGHT="42" WC="0.96" CONTENT="likalydande"/>
						</TextLine>
						<TextLine ID="line_11" HPOS="237" VPOS="877" WIDTH="1501" HEIGHT="44">
							<String ID="string_86" HPOS="237" VPOS="877" WIDTH="177" HEIGHT="38" WC="0.95" CONTENT="motioner,"/><SP WIDTH="27" VPOS="877" HPOS="414"/>
							<String ID="string_87" HPOS="441" VPOS="878" WIDTH="120" HEIGHT="32" WC="0.96" CONTENT="väckta"/><SP WIDTH="24" VPOS="878" HPOS="561"/>
							<String ID="string_88" HPOS="585" VPOS="878" WIDTH="66" HEIGHT="32" WC="0.96" CONTENT="den"/><SP WIDTH="25" VPOS="878" HPOS="651"/>
							<String ID="string_89" HPOS="676" VPOS="890" WIDTH="66" HEIGHT="20" WC="0.96" CONTENT="ena"/><SP WIDTH="24" VPOS="890" HPOS="742"/>
							<String ID="string_90" HPOS="766" VPOS="879" WIDTH="93" HEIGHT="31" WC="0.96" CONTENT="inom"/><SP WIDTH="27" VPOS="879" HPOS="859"/>
							<String ID="string_91" HPOS="886" VPOS="880" WIDTH="109" HEIGHT="31" WC="0.96" CONTENT="första"/><SP WIDTH="26" VPOS="880" HPOS="995"/>
							<String ID="string_92" HPOS="1021" VPOS="880" WIDTH="191" HEIGHT="32" WC="0.96" CONTENT="kammaren"/><SP WIDTH="26" VPOS="880" HPOS="1212"/>
							<String ID="string_93" HPOS="1238" VPOS="892" WIDTH="42" HEIGHT="20" WC="0.96" CONTENT="av"/><SP WIDTH="25" VPOS="892" HPOS="1280"/>
							<String ID="string_94" HPOS="1305" VPOS="881" WIDTH="116" HEIGHT="32" WC="0.96" CONTENT="herrar"/><SP WIDTH="30" VPOS="881" HPOS="1421"/>
							<String ID="string_95" HPOS="1451" VPOS="881" WIDTH="121" HEIGHT="40" WC="0.96" CONTENT="Ohlon,"/><SP WIDTH="27" VPOS="881" HPOS="1572"/>
							<String ID="string_96" HPOS="1599" VPOS="881" WIDTH="139" HEIGHT="31" WC="0.95" CONTENT="Andrén"/>
						</TextLine>
						<TextLine ID="line_12" HPOS="238" VPOS="929" WIDTH="1500" HEIGHT="44">
							<String ID="string_97" HPOS="238" VPOS="929" WIDTH="63" HEIGHT="31" WC="0.93" CONTENT="och"/><SP WIDTH="25" VPOS="929" HPOS="301"/>
							<String ID="string_98" HPOS="326" VPOS="929" WIDTH="156" HEIGHT="32" WC="0.89" CONTENT="Gränebo"/><SP WIDTH="28" VPOS="929" HPOS="482"/>
							<String ID="string_99" HPOS="510" VPOS="930" WIDTH="42" HEIGHT="41" WC="0.60" CONTENT="(I:"/><SP WIDTH="16" VPOS="930" HPOS="552"/>
							<String ID="string_100" HPOS="568" VPOS="930" WIDTH="70" HEIGHT="42" WC="0.60" CONTENT="174)"/><SP WIDTH="24" VPOS="930" HPOS="638"/>
							<String ID="string_101" HPOS="662" VPOS="933" WIDTH="92" HEIGHT="29" WC="0.96" CONTENT="samt"/><SP WIDTH="21" VPOS="933" HPOS="754"/>
							<String ID="string_102" HPOS="775" VPOS="931" WIDTH="65" HEIGHT="31" WC="0.96" CONTENT="den"/><SP WIDTH="22" VPOS="931" HPOS="840"/>
							<String ID="string_103" HPOS="862" VPOS="931" WIDTH="106" HEIGHT="32" WC="0.96" CONTENT="andra"/><SP WIDTH="22" VPOS="931" HPOS="968"/>
							<String ID="string_104" HPOS="990" VPOS="932" WIDTH="92" HEIGHT="31" WC="0.96" CONTENT="inom"/><SP WIDTH="21" VPOS="932" HPOS="1082"/>
							<String ID="string_105" HPOS="1103" VPOS="932" WIDTH="105" HEIGHT="31" WC="0.96" CONTENT="andra"/><SP WIDTH="22" VPOS="932" HPOS="1208"/>
							<String ID="string_106" HPOS="1230" VPOS="932" WIDTH="192" HEIGHT="32" WC="0.96" CONTENT="kammaren"/><SP WIDTH="20" VPOS="932" HPOS="1422"/>
							<String ID="string_107" HPOS="1442" VPOS="944" WIDTH="43" HEIGHT="20" WC="0.96" CONTENT="av"/><SP WIDTH="21" VPOS="944" HPOS="1485"/>
							<String ID="string_108" HPOS="1506" VPOS="933" WIDTH="116" HEIGHT="31" WC="0.93" CONTENT="herrar"/><SP WIDTH="21" VPOS="933" HPOS="1622"/>
							<String ID="string_109" HPOS="1643" VPOS="932" WIDTH="95" HEIGHT="41" WC="0.91" CONTENT="Hjal-"/>
						</TextLine>
						<TextLine ID="line_13" HPOS="237" VPOS="981" WIDTH="1501" HEIGHT="44">
							<String ID="string_110" HPOS="237" VPOS="991" WIDTH="145" HEIGHT="29" WC="0.89" CONTENT="marson,"/><SP WIDTH="23" VPOS="991" HPOS="382"/>
							<String ID="string_111" HPOS="405" VPOS="981" WIDTH="167" HEIGHT="32" WC="0.96" CONTENT="Hedlund"/><SP WIDTH="22" VPOS="981" HPOS="572"/>
							<String ID="string_112" HPOS="594" VPOS="982" WIDTH="12" HEIGHT="31" WC="0.93" CONTENT="i"/><SP WIDTH="22" VPOS="982" HPOS="606"/>
							<String ID="string_113" HPOS="628" VPOS="982" WIDTH="133" HEIGHT="32" WC="0.91" CONTENT="Rådom"/><SP WIDTH="22" VPOS="982" HPOS="761"/>
							<String ID="string_114" HPOS="783" VPOS="983" WIDTH="64" HEIGHT="31" WC="0.96" CONTENT="och"/><SP WIDTH="26" VPOS="983" HPOS="847"/>
							<String ID="string_115" HPOS="873" VPOS="983" WIDTH="104" HEIGHT="32" WC="0.80" CONTENT="Ohlin"/><SP WIDTH="28" VPOS="983" HPOS="977"/>
							<String ID="string_116" HPOS="1005" VPOS="984" WIDTH="60" HEIGHT="41" WC="0.77" CONTENT="(II:"/><SP WIDTH="15" VPOS="984" HPOS="1065"/>
							<String ID="string_117" HPOS="1080" VPOS="984" WIDTH="86" HEIGHT="41" WC="0.77" CONTENT="231),"/><SP WIDTH="24" VPOS="984" HPOS="1166"/>
							<String ID="string_118" HPOS="1190" VPOS="984" WIDTH="12" HEIGHT="31" WC="0.96" CONTENT="i"/><SP WIDTH="24" VPOS="984" HPOS="1202"/>
							<String ID="string_119" HPOS="1226" VPOS="984" WIDTH="91" HEIGHT="32" WC="0.91" CONTENT="vilka"/><SP WIDTH="19" VPOS="984" HPOS="1317"/>
							<String ID="string_120" HPOS="1336" VPOS="984" WIDTH="205" HEIGHT="39" WC="0.91" CONTENT="hemställts,"/><SP WIDTH="24" VPOS="984" HPOS="1541"/>
							<String ID="string_121" HPOS="1565" VPOS="985" WIDTH="104" HEIGHT="31" WC="0.96" CONTENT="såvitt"/><SP WIDTH="23" VPOS="985" HPOS="1669"/>
							<String ID="string_122" HPOS="1692" VPOS="996" WIDTH="46" HEIGHT="20" WC="0.96" CONTENT="nu"/>
						</TextLine>
						<TextLine ID="line_14" HPOS="237" VPOS="1032" WIDTH="1502" HEIGHT="46">
							<String ID="string_123" HPOS="237" VPOS="1034" WIDTH="38" HEIGHT="29" WC="0.96" CONTENT="är"/><SP WIDTH="23" VPOS="1034" HPOS="275"/>
							<String ID="string_124" HPOS="298" VPOS="1032" WIDTH="12" HEIGHT="31" WC="0.86" CONTENT="i"/><SP WIDTH="22" VPOS="1032" HPOS="310"/>
							<String ID="string_125" HPOS="332" VPOS="1032" WIDTH="101" HEIGHT="42" WC="0.96" CONTENT="fråga,"/><SP WIDTH="23" VPOS="1032" HPOS="433"/>
							<String ID="string_126" HPOS="456" VPOS="1035" WIDTH="54" HEIGHT="29" WC="0.96" CONTENT="att"/><SP WIDTH="24" VPOS="1035" HPOS="510"/>
							<String ID="string_127" HPOS="534" VPOS="1033" WIDTH="179" HEIGHT="42" WC="0.96" CONTENT="riksdagen"/><SP WIDTH="24" VPOS="1033" HPOS="713"/>
							<String ID="string_128" HPOS="737" VPOS="1036" WIDTH="103" HEIGHT="29" WC="0.96" CONTENT="måtte"/><SP WIDTH="25" VPOS="1036" HPOS="840"/>
							<String ID="string_129" HPOS="865" VPOS="1034" WIDTH="54" HEIGHT="31" WC="0.96" CONTENT="till"/><SP WIDTH="24" VPOS="1034" HPOS="919"/>
							<String ID="string_130" HPOS="943" VPOS="1035" WIDTH="167" HEIGHT="31" WC="0.96" CONTENT="Marinen:"/><SP WIDTH="26" VPOS="1035" HPOS="1110"/>
							<String ID="string_131" HPOS="1136" VPOS="1035" WIDTH="191" HEIGHT="32" WC="0.96" CONTENT="Underhåll"/><SP WIDTH="23" VPOS="1035" HPOS="1327"/>
							<String ID="string_132" HPOS="1350" VPOS="1047" WIDTH="40" HEIGHT="20" WC="0.96" CONTENT="av"/><SP WIDTH="25" VPOS="1047" HPOS="1390"/>
							<String ID="string_133" HPOS="1415" VPOS="1036" WIDTH="113" HEIGHT="42" WC="0.93" CONTENT="fartyg"/><SP WIDTH="23" VPOS="1036" HPOS="1528"/>
							<String ID="string_134" HPOS="1551" VPOS="1047" WIDTH="41" HEIGHT="21" WC="0.91" CONTENT="m."/><SP WIDTH="24" VPOS="1047" HPOS="1592"/>
							<String ID="string_135" HPOS="1616" VPOS="1047" WIDTH="42" HEIGHT="21" WC="0.89" CONTENT="m."/><SP WIDTH="26" VPOS="1047" HPOS="1658"/>
							<String ID="string_136" HPOS="1684" VPOS="1037" WIDTH="55" HEIGHT="31" WC="0.96" CONTENT="för"/>
						</TextLine>
						<TextLine ID="line_15" HPOS="233" VPOS="1083" WIDTH="1439" HEIGHT="46">
							<String ID="string_137" HPOS="233" VPOS="1083" WIDTH="205" HEIGHT="42" WC="0.93" CONTENT="budgetåret"/><SP WIDTH="22" VPOS="1083" HPOS="438"/>
							<String ID="string_138" HPOS="460" VPOS="1084" WIDTH="136" HEIGHT="32" WC="0.92" CONTENT="1951/52"/><SP WIDTH="22" VPOS="1084" HPOS="596"/>
							<String ID="string_139" HPOS="618" VPOS="1085" WIDTH="120" HEIGHT="31" WC="0.96" CONTENT="anvisa"/><SP WIDTH="23" VPOS="1085" HPOS="738"/>
							<String ID="string_140" HPOS="761" VPOS="1088" WIDTH="49" HEIGHT="29" WC="0.92" CONTENT="ett"/><SP WIDTH="21" VPOS="1088" HPOS="810"/>
							<String ID="string_141" HPOS="831" VPOS="1086" WIDTH="348" HEIGHT="42" WC="0.91" CONTENT="reservationsanslag"/><SP WIDTH="21" VPOS="1086" HPOS="1179"/>
							<String ID="string_142" HPOS="1200" VPOS="1098" WIDTH="43" HEIGHT="20" WC="0.96" CONTENT="av"/><SP WIDTH="22" VPOS="1098" HPOS="1243"/>
							<String ID="string_143" HPOS="1265" VPOS="1087" WIDTH="68" HEIGHT="38" WC="0.95" CONTENT="31,3"/><SP WIDTH="23" VPOS="1087" HPOS="1333"/>
							<String ID="string_144" HPOS="1356" VPOS="1087" WIDTH="163" HEIGHT="42" WC="0.96" CONTENT="miljoner"/><SP WIDTH="21" VPOS="1087" HPOS="1519"/>
							<String ID="string_145" HPOS="1540" VPOS="1087" WIDTH="132" HEIGHT="33" WC="0.96" CONTENT="kronor."/>
						</TextLine>
					</TextBlock>
					<TextBlock ID="block_5" HPOS="236" VPOS="1143" WIDTH="1501" HEIGHT="84">
						<TextLine ID="line_16" HPOS="289" VPOS="1143" WIDTH="1448" HEIGHT="45">
							<String ID="string_146" HPOS="289" VPOS="1143" WIDTH="19" HEIGHT="31" WC="0.96" CONTENT="I"/><SP WIDTH="18" VPOS="1143" HPOS="308"/>
							<String ID="string_147" HPOS="326" VPOS="1144" WIDTH="93" HEIGHT="41" WC="0.96" CONTENT="fråga"/><SP WIDTH="18" VPOS="1144" HPOS="419"/>
							<String ID="string_148" HPOS="437" VPOS="1155" WIDTH="56" HEIGHT="20" WC="0.96" CONTENT="om"/><SP WIDTH="19" VPOS="1155" HPOS="493"/>
							<String ID="string_149" HPOS="512" VPOS="1144" WIDTH="42" HEIGHT="32" WC="0.96" CONTENT="de"/><SP WIDTH="17" VPOS="1144" HPOS="554"/>
							<String ID="string_150" HPOS="571" VPOS="1144" WIDTH="82" HEIGHT="39" WC="0.96" CONTENT="skäl,"/><SP WIDTH="19" VPOS="1144" HPOS="653"/>
							<String ID="string_151" HPOS="672" VPOS="1145" WIDTH="253" HEIGHT="32" WC="0.96" CONTENT="motionärerna"/><SP WIDTH="18" VPOS="1145" HPOS="925"/>
							<String ID="string_152" HPOS="943" VPOS="1144" WIDTH="115" HEIGHT="33" WC="0.96" CONTENT="anfört"/><SP WIDTH="18" VPOS="1144" HPOS="1058"/>
							<String ID="string_153" HPOS="1076" VPOS="1146" WIDTH="52" HEIGHT="31" WC="0.96" CONTENT="till"/><SP WIDTH="17" VPOS="1146" HPOS="1128"/>
							<String ID="string_154" HPOS="1145" VPOS="1146" WIDTH="81" HEIGHT="32" WC="0.96" CONTENT="stöd"/><SP WIDTH="21" VPOS="1146" HPOS="1226"/>
							<String ID="string_155" HPOS="1247" VPOS="1147" WIDTH="54" HEIGHT="31" WC="0.96" CONTENT="för"/><SP WIDTH="16" VPOS="1147" HPOS="1301"/>
							<String ID="string_156" HPOS="1317" VPOS="1147" WIDTH="63" HEIGHT="31" WC="0.96" CONTENT="sitt"/><SP WIDTH="17" VPOS="1147" HPOS="1380"/>
							<String ID="string_157" HPOS="1397" VPOS="1147" WIDTH="160" HEIGHT="41" WC="0.96" CONTENT="yrkande,"/><SP WIDTH="20" VPOS="1147" HPOS="1557"/>
							<String ID="string_158" HPOS="1577" VPOS="1147" WIDTH="160" HEIGHT="33" WC="0.96" CONTENT="hänvisas"/>
						</TextLine>
						<TextLine ID="line_17" HPOS="236" VPOS="1195" WIDTH="403" HEIGHT="32">
							<String ID="string_159" HPOS="236" VPOS="1195" WIDTH="54" HEIGHT="31" WC="0.96" CONTENT="till"/><SP WIDTH="22" VPOS="1195" HPOS="290"/>
							<String ID="string_160" HPOS="312" VPOS="1196" WIDTH="174" HEIGHT="31" WC="0.95" CONTENT="motionen"/><SP WIDTH="22" VPOS="1196" HPOS="486"/>
							<String ID="string_161" HPOS="508" VPOS="1196" WIDTH="49" HEIGHT="31" WC="0.86" CONTENT="II:"/><SP WIDTH="14" VPOS="1196" HPOS="557"/>
							<String ID="string_162" HPOS="571" VPOS="1196" WIDTH="68" HEIGHT="31" WC="0.96" CONTENT="231."/>
						</TextLine>
					</TextBlock>
				</ComposedBlock>
				<ComposedBlock ID="cblock_4" HPOS="231" VPOS="1297" WIDTH="1505" HEIGHT="686">
					<TextBlock ID="block_6" HPOS="288" VPOS="1297" WIDTH="1363" HEIGHT="45">
						<TextLine ID="line_18" HPOS="288" VPOS="1297" WIDTH="1363" HEIGHT="45">
							<String ID="string_163" HPOS="288" VPOS="1297" WIDTH="164" HEIGHT="42" WC="0.86" CONTENT="Anslaget"/><SP WIDTH="22" VPOS="1297" HPOS="452"/>
							<String ID="string_164" HPOS="474" VPOS="1300" WIDTH="38" HEIGHT="30" WC="0.96" CONTENT="är"/><SP WIDTH="22" VPOS="1300" HPOS="512"/>
							<String ID="string_165" HPOS="534" VPOS="1299" WIDTH="53" HEIGHT="31" WC="0.96" CONTENT="för"/><SP WIDTH="19" VPOS="1299" HPOS="587"/>
							<String ID="string_166" HPOS="606" VPOS="1299" WIDTH="229" HEIGHT="31" WC="0.95" CONTENT="innevarande"/><SP WIDTH="21" VPOS="1299" HPOS="835"/>
							<String ID="string_167" HPOS="856" VPOS="1299" WIDTH="171" HEIGHT="42" WC="0.95" CONTENT="budgetår"/><SP WIDTH="22" VPOS="1299" HPOS="1027"/>
							<String ID="string_168" HPOS="1049" VPOS="1301" WIDTH="139" HEIGHT="41" WC="0.96" CONTENT="uppfört"/><SP WIDTH="20" VPOS="1301" HPOS="1188"/>
							<String ID="string_169" HPOS="1208" VPOS="1301" WIDTH="79" HEIGHT="31" WC="0.96" CONTENT="med"/><SP WIDTH="20" VPOS="1301" HPOS="1287"/>
							<String ID="string_170" HPOS="1307" VPOS="1301" WIDTH="42" HEIGHT="31" WC="0.96" CONTENT="26"/><SP WIDTH="12" VPOS="1301" HPOS="1349"/>
							<String ID="string_171" HPOS="1361" VPOS="1301" WIDTH="62" HEIGHT="32" WC="0.96" CONTENT="300"/><SP WIDTH="11" VPOS="1301" HPOS="1423"/>
							<String ID="string_172" HPOS="1434" VPOS="1302" WIDTH="62" HEIGHT="31" WC="0.96" CONTENT="000"/><SP WIDTH="21" VPOS="1302" HPOS="1496"/>
							<String ID="string_173" HPOS="1517" VPOS="1301" WIDTH="134" HEIGHT="32" WC="0.96" CONTENT="kronor."/>
						</TextLine>
					</TextBlock>
					<TextBlock ID="block_7" HPOS="234" VPOS="1349" WIDTH="1502" HEIGHT="146">
						<TextLine ID="line_19" HPOS="289" VPOS="1349" WIDTH="1447" HEIGHT="45">
							<String ID="string_174" HPOS="289" VPOS="1349" WIDTH="365" HEIGHT="41" WC="0.90" CONTENT="Marinförvaltningen"/><SP WIDTH="27" VPOS="1349" HPOS="654"/>
							<String ID="string_175" HPOS="681" VPOS="1350" WIDTH="63" HEIGHT="32" WC="0.93" CONTENT="har"/><SP WIDTH="26" VPOS="1350" HPOS="744"/>
							<String ID="string_176" HPOS="770" VPOS="1351" WIDTH="182" HEIGHT="38" WC="0.90" CONTENT="hemställt,"/><SP WIDTH="30" VPOS="1351" HPOS="952"/>
							<String ID="string_177" HPOS="982" VPOS="1354" WIDTH="50" HEIGHT="29" WC="0.96" CONTENT="att"/><SP WIDTH="27" VPOS="1354" HPOS="1032"/>
							<String ID="string_178" HPOS="1059" VPOS="1351" WIDTH="153" HEIGHT="42" WC="0.93" CONTENT="anslaget"/><SP WIDTH="25" VPOS="1351" HPOS="1212"/>
							<String ID="string_179" HPOS="1237" VPOS="1352" WIDTH="100" HEIGHT="42" WC="0.91" CONTENT="höjes"/><SP WIDTH="28" VPOS="1352" HPOS="1337"/>
							<String ID="string_180" HPOS="1365" VPOS="1353" WIDTH="77" HEIGHT="31" WC="0.95" CONTENT="med"/><SP WIDTH="29" VPOS="1353" HPOS="1442"/>
							<String ID="string_181" HPOS="1471" VPOS="1353" WIDTH="14" HEIGHT="31" WC="0.94" CONTENT="6"/><SP WIDTH="15" VPOS="1353" HPOS="1485"/>
							<String ID="string_182" HPOS="1500" VPOS="1353" WIDTH="64" HEIGHT="32" WC="0.92" CONTENT="640"/><SP WIDTH="13" VPOS="1353" HPOS="1564"/>
							<String ID="string_183" HPOS="1577" VPOS="1354" WIDTH="60" HEIGHT="31" WC="0.90" CONTENT="000"/><SP WIDTH="27" VPOS="1354" HPOS="1637"/>
							<String ID="string_184" HPOS="1664" VPOS="1353" WIDTH="72" HEIGHT="32" WC="0.90" CONTENT="kro-"/>
						</TextLine>
						<TextLine ID="line_20" HPOS="235" VPOS="1402" WIDTH="1501" HEIGHT="40">
							<String ID="string_185" HPOS="235" VPOS="1412" WIDTH="72" HEIGHT="27" WC="0.96" CONTENT="nor,"/><SP WIDTH="25" VPOS="1412" HPOS="307"/>
							<String ID="string_186" HPOS="332" VPOS="1412" WIDTH="99" HEIGHT="20" WC="0.95" CONTENT="varav"/><SP WIDTH="26" VPOS="1412" HPOS="431"/>
							<String ID="string_187" HPOS="457" VPOS="1402" WIDTH="54" HEIGHT="30" WC="0.93" CONTENT="till"/><SP WIDTH="28" VPOS="1402" HPOS="511"/>
							<String ID="string_188" HPOS="539" VPOS="1402" WIDTH="336" HEIGHT="31" WC="0.90" CONTENT="underhållsarbeten"/><SP WIDTH="26" VPOS="1402" HPOS="875"/>
							<String ID="string_189" HPOS="901" VPOS="1414" WIDTH="42" HEIGHT="20" WC="0.91" CONTENT="m."/><SP WIDTH="25" VPOS="1414" HPOS="943"/>
							<String ID="string_190" HPOS="968" VPOS="1414" WIDTH="45" HEIGHT="20" WC="0.88" CONTENT="m."/><SP WIDTH="27" VPOS="1414" HPOS="1013"/>
							<String ID="string_191" HPOS="1040" VPOS="1404" WIDTH="90" HEIGHT="31" WC="0.42" CONTENT="4098"/><SP WIDTH="11" VPOS="1404" HPOS="1130"/>
							<String ID="string_192" HPOS="1141" VPOS="1404" WIDTH="63" HEIGHT="31" WC="0.42" CONTENT="000"/><SP WIDTH="26" VPOS="1404" HPOS="1204"/>
							<String ID="string_193" HPOS="1230" VPOS="1404" WIDTH="134" HEIGHT="38" WC="0.96" CONTENT="kronor,"/><SP WIDTH="27" VPOS="1404" HPOS="1364"/>
							<String ID="string_194" HPOS="1391" VPOS="1404" WIDTH="54" HEIGHT="31" WC="0.96" CONTENT="till"/><SP WIDTH="27" VPOS="1404" HPOS="1445"/>
							<String ID="string_195" HPOS="1472" VPOS="1405" WIDTH="264" HEIGHT="32" WC="0.96" CONTENT="lönekostnader"/>
						</TextLine>
						<TextLine ID="line_21" HPOS="234" VPOS="1453" WIDTH="1139" HEIGHT="42">
							<String ID="string_196" HPOS="234" VPOS="1453" WIDTH="62" HEIGHT="31" WC="0.96" CONTENT="740"/><SP WIDTH="12" VPOS="1453" HPOS="296"/>
							<String ID="string_197" HPOS="308" VPOS="1453" WIDTH="59" HEIGHT="31" WC="0.96" CONTENT="000"/><SP WIDTH="23" VPOS="1453" HPOS="367"/>
							<String ID="string_198" HPOS="390" VPOS="1453" WIDTH="128" HEIGHT="31" WC="0.96" CONTENT="kronor"/><SP WIDTH="23" VPOS="1453" HPOS="518"/>
							<String ID="string_199" HPOS="541" VPOS="1453" WIDTH="61" HEIGHT="32" WC="0.96" CONTENT="och"/><SP WIDTH="22" VPOS="1453" HPOS="602"/>
							<String ID="string_200" HPOS="624" VPOS="1453" WIDTH="55" HEIGHT="31" WC="0.96" CONTENT="till"/><SP WIDTH="25" VPOS="1453" HPOS="679"/>
							<String ID="string_201" HPOS="704" VPOS="1454" WIDTH="117" HEIGHT="41" WC="0.96" CONTENT="övriga"/><SP WIDTH="23" VPOS="1454" HPOS="821"/>
							<String ID="string_202" HPOS="844" VPOS="1454" WIDTH="185" HEIGHT="32" WC="0.96" CONTENT="kostnader"/><SP WIDTH="25" VPOS="1454" HPOS="1029"/>
							<String ID="string_203" HPOS="1054" VPOS="1456" WIDTH="89" HEIGHT="30" WC="0.77" CONTENT="1802"/><SP WIDTH="12" VPOS="1456" HPOS="1143"/>
							<String ID="string_204" HPOS="1155" VPOS="1456" WIDTH="61" HEIGHT="31" WC="0.77" CONTENT="000"/><SP WIDTH="25" VPOS="1456" HPOS="1216"/>
							<String ID="string_205" HPOS="1241" VPOS="1456" WIDTH="132" HEIGHT="31" WC="0.96" CONTENT="kronor."/>
						</TextLine>
					</TextBlock>
					<TextBlock ID="block_8" HPOS="232" VPOS="1511" WIDTH="1503" HEIGHT="145">
						<TextLine ID="line_22" HPOS="288" VPOS="1511" WIDTH="1447" HEIGHT="45">
							<String ID="string_206" HPOS="288" VPOS="1511" WIDTH="365" HEIGHT="43" WC="0.91" CONTENT="Marinförvaltningen"/><SP WIDTH="29" VPOS="1511" HPOS="653"/>
							<String ID="string_207" HPOS="682" VPOS="1513" WIDTH="63" HEIGHT="31" WC="0.96" CONTENT="har"/><SP WIDTH="26" VPOS="1513" HPOS="745"/>
							<String ID="string_208" HPOS="771" VPOS="1513" WIDTH="116" HEIGHT="32" WC="0.93" CONTENT="vidare"/><SP WIDTH="26" VPOS="1513" HPOS="887"/>
							<String ID="string_209" HPOS="913" VPOS="1514" WIDTH="185" HEIGHT="38" WC="0.91" CONTENT="hemställt,"/><SP WIDTH="29" VPOS="1514" HPOS="1098"/>
							<String ID="string_210" HPOS="1127" VPOS="1517" WIDTH="49" HEIGHT="29" WC="0.96" CONTENT="att"/><SP WIDTH="29" VPOS="1517" HPOS="1176"/>
							<String ID="string_211" HPOS="1205" VPOS="1515" WIDTH="54" HEIGHT="31" WC="0.96" CONTENT="för"/><SP WIDTH="27" VPOS="1515" HPOS="1259"/>
							<String ID="string_212" HPOS="1286" VPOS="1515" WIDTH="203" HEIGHT="41" WC="0.93" CONTENT="budgetåret"/><SP WIDTH="29" VPOS="1515" HPOS="1489"/>
							<String ID="string_213" HPOS="1518" VPOS="1515" WIDTH="135" HEIGHT="32" WC="0.91" CONTENT="1951/52"/><SP WIDTH="28" VPOS="1515" HPOS="1653"/>
							<String ID="string_214" HPOS="1681" VPOS="1527" WIDTH="54" HEIGHT="20" WC="0.90" CONTENT="an-"/>
						</TextLine>
						<TextLine ID="line_23" HPOS="235" VPOS="1563" WIDTH="1499" HEIGHT="47">
							<String ID="string_215" HPOS="235" VPOS="1563" WIDTH="91" HEIGHT="31" WC="0.96" CONTENT="visas"/><SP WIDTH="23" VPOS="1563" HPOS="326"/>
							<String ID="string_216" HPOS="349" VPOS="1565" WIDTH="51" HEIGHT="29" WC="0.96" CONTENT="ett"/><SP WIDTH="21" VPOS="1565" HPOS="400"/>
							<String ID="string_217" HPOS="421" VPOS="1564" WIDTH="144" HEIGHT="31" WC="0.93" CONTENT="särskilt"/><SP WIDTH="24" VPOS="1564" HPOS="565"/>
							<String ID="string_218" HPOS="589" VPOS="1565" WIDTH="348" HEIGHT="42" WC="0.92" CONTENT="reservationsanslag"/><SP WIDTH="25" VPOS="1565" HPOS="937"/>
							<String ID="string_219" HPOS="962" VPOS="1577" WIDTH="42" HEIGHT="20" WC="0.96" CONTENT="av"/><SP WIDTH="27" VPOS="1577" HPOS="1004"/>
							<String ID="string_220" HPOS="1031" VPOS="1566" WIDTH="131" HEIGHT="32" WC="0.87" CONTENT="140000"/><SP WIDTH="25" VPOS="1566" HPOS="1162"/>
							<String ID="string_221" HPOS="1187" VPOS="1566" WIDTH="126" HEIGHT="32" WC="0.96" CONTENT="kronor"/><SP WIDTH="26" VPOS="1566" HPOS="1313"/>
							<String ID="string_222" HPOS="1339" VPOS="1567" WIDTH="53" HEIGHT="31" WC="0.96" CONTENT="till"/><SP WIDTH="27" VPOS="1567" HPOS="1392"/>
							<String ID="string_223" HPOS="1419" VPOS="1567" WIDTH="71" HEIGHT="31" WC="0.93" CONTENT="viss"/><SP WIDTH="26" VPOS="1567" HPOS="1490"/>
							<String ID="string_224" HPOS="1516" VPOS="1567" WIDTH="218" HEIGHT="43" WC="0.91" CONTENT="beredskaps-"/>
						</TextLine>
						<TextLine ID="line_24" HPOS="232" VPOS="1614" WIDTH="185" HEIGHT="42">
							<String ID="string_225" HPOS="232" VPOS="1614" WIDTH="185" HEIGHT="42" WC="0.95" CONTENT="planering."/>
						</TextLine>
					</TextBlock>
					<TextBlock ID="block_9" HPOS="232" VPOS="1674" WIDTH="1504" HEIGHT="198">
						<TextLine ID="line_25" HPOS="287" VPOS="1674" WIDTH="1448" HEIGHT="47">
							<String ID="string_226" HPOS="287" VPOS="1674" WIDTH="382" HEIGHT="41" WC="0.89" CONTENT="Departementschefen"/><SP WIDTH="19" VPOS="1674" HPOS="669"/>
							<String ID="string_227" HPOS="688" VPOS="1676" WIDTH="64" HEIGHT="31" WC="0.96" CONTENT="har"/><SP WIDTH="18" VPOS="1676" HPOS="752"/>
							<String ID="string_228" HPOS="770" VPOS="1678" WIDTH="111" HEIGHT="30" WC="0.96" CONTENT="ansett"/><SP WIDTH="17" VPOS="1678" HPOS="881"/>
							<String ID="string_229" HPOS="898" VPOS="1676" WIDTH="57" HEIGHT="42" WC="0.96" CONTENT="sig"/><SP WIDTH="20" VPOS="1676" HPOS="955"/>
							<String ID="string_230" HPOS="975" VPOS="1677" WIDTH="73" HEIGHT="31" WC="0.96" CONTENT="icke"/><SP WIDTH="19" VPOS="1677" HPOS="1048"/>
							<String ID="string_231" HPOS="1067" VPOS="1677" WIDTH="113" HEIGHT="32" WC="0.96" CONTENT="kunna"/><SP WIDTH="19" VPOS="1677" HPOS="1180"/>
							<String ID="string_232" HPOS="1199" VPOS="1677" WIDTH="134" HEIGHT="32" WC="0.93" CONTENT="biträda"/><SP WIDTH="20" VPOS="1677" HPOS="1333"/>
							<String ID="string_233" HPOS="1353" VPOS="1678" WIDTH="382" HEIGHT="43" WC="0.90" CONTENT="marinförvaltningens"/>
						</TextLine>
						<TextLine ID="line_26" HPOS="232" VPOS="1726" WIDTH="1504" HEIGHT="46">
							<String ID="string_234" HPOS="232" VPOS="1726" WIDTH="202" HEIGHT="32" WC="0.96" CONTENT="hemställan"/><SP WIDTH="24" VPOS="1726" HPOS="434"/>
							<String ID="string_235" HPOS="458" VPOS="1738" WIDTH="55" HEIGHT="20" WC="0.95" CONTENT="om"/><SP WIDTH="25" VPOS="1738" HPOS="513"/>
							<String ID="string_236" HPOS="538" VPOS="1727" WIDTH="166" HEIGHT="31" WC="0.93" CONTENT="särskilda"/><SP WIDTH="23" VPOS="1727" HPOS="704"/>
							<String ID="string_237" HPOS="727" VPOS="1727" WIDTH="248" HEIGHT="42" WC="0.91" CONTENT="anslagsmedel"/><SP WIDTH="24" VPOS="1727" HPOS="975"/>
							<String ID="string_238" HPOS="999" VPOS="1728" WIDTH="55" HEIGHT="32" WC="0.93" CONTENT="för"/><SP WIDTH="20" VPOS="1728" HPOS="1054"/>
							<String ID="string_239" HPOS="1074" VPOS="1728" WIDTH="396" HEIGHT="44" WC="0.91" CONTENT="beredskapsplanering."/><SP WIDTH="36" VPOS="1728" HPOS="1470"/>
							<String ID="string_240" HPOS="1506" VPOS="1730" WIDTH="153" HEIGHT="42" WC="0.95" CONTENT="Utgifter"/><SP WIDTH="22" VPOS="1730" HPOS="1659"/>
							<String ID="string_241" HPOS="1681" VPOS="1731" WIDTH="55" HEIGHT="31" WC="0.96" CONTENT="för"/>
						</TextLine>
						<TextLine ID="line_27" HPOS="233" VPOS="1778" WIDTH="1502" HEIGHT="46">
							<String ID="string_242" HPOS="233" VPOS="1778" WIDTH="115" HEIGHT="41" WC="0.96" CONTENT="dylika"/><SP WIDTH="19" VPOS="1778" HPOS="348"/>
							<String ID="string_243" HPOS="367" VPOS="1778" WIDTH="156" HEIGHT="32" WC="0.96" CONTENT="ändamål"/><SP WIDTH="19" VPOS="1778" HPOS="523"/>
							<String ID="string_244" HPOS="542" VPOS="1781" WIDTH="116" HEIGHT="39" WC="0.95" CONTENT="syntes"/><SP WIDTH="21" VPOS="1781" HPOS="658"/>
							<String ID="string_245" HPOS="679" VPOS="1779" WIDTH="73" HEIGHT="32" WC="0.95" CONTENT="tills"/><SP WIDTH="21" VPOS="1779" HPOS="752"/>
							<String ID="string_246" HPOS="773" VPOS="1779" WIDTH="113" HEIGHT="32" WC="0.95" CONTENT="vidare"/><SP WIDTH="21" VPOS="1779" HPOS="886"/>
							<String ID="string_247" HPOS="907" VPOS="1780" WIDTH="35" HEIGHT="31" WC="0.96" CONTENT="få"/><SP WIDTH="19" VPOS="1780" HPOS="942"/>
							<String ID="string_248" HPOS="961" VPOS="1780" WIDTH="169" HEIGHT="32" WC="0.96" CONTENT="bestridas"/><SP WIDTH="20" VPOS="1780" HPOS="1130"/>
							<String ID="string_249" HPOS="1150" VPOS="1792" WIDTH="40" HEIGHT="20" WC="0.93" CONTENT="av"/><SP WIDTH="21" VPOS="1792" HPOS="1190"/>
							<String ID="string_250" HPOS="1211" VPOS="1781" WIDTH="353" HEIGHT="43" WC="0.91" CONTENT="underhållsanslaget"/><SP WIDTH="17" VPOS="1781" HPOS="1564"/>
							<String ID="string_251" HPOS="1581" VPOS="1784" WIDTH="40" HEIGHT="30" WC="0.96" CONTENT="så"/><SP WIDTH="18" VPOS="1784" HPOS="1621"/>
							<String ID="string_252" HPOS="1639" VPOS="1782" WIDTH="96" HEIGHT="42" WC="0.96" CONTENT="långt"/>
						</TextLine>
						<TextLine ID="line_28" HPOS="232" VPOS="1829" WIDTH="589" HEIGHT="43">
							<String ID="string_253" HPOS="232" VPOS="1829" WIDTH="94" HEIGHT="32" WC="0.96" CONTENT="detta"/><SP WIDTH="23" VPOS="1829" HPOS="326"/>
							<String ID="string_254" HPOS="349" VPOS="1829" WIDTH="156" HEIGHT="32" WC="0.96" CONTENT="lämnade"/><SP WIDTH="25" VPOS="1829" HPOS="505"/>
							<String ID="string_255" HPOS="530" VPOS="1830" WIDTH="141" HEIGHT="42" WC="0.96" CONTENT="tillgång"/><SP WIDTH="23" VPOS="1830" HPOS="671"/>
							<String ID="string_256" HPOS="694" VPOS="1830" WIDTH="127" HEIGHT="32" WC="0.96" CONTENT="därtill."/>
						</TextLine>
					</TextBlock>
					<TextBlock ID="block_10" HPOS="231" VPOS="1889" WIDTH="1501" HEIGHT="94">
						<TextLine ID="line_29" HPOS="283" VPOS="1889" WIDTH="1449" HEIGHT="47">
							<String ID="string_257" HPOS="283" VPOS="1889" WIDTH="20" HEIGHT="31" WC="0.96" CONTENT="I"/><SP WIDTH="21" VPOS="1889" HPOS="303"/>
							<String ID="string_258" HPOS="324" VPOS="1889" WIDTH="93" HEIGHT="42" WC="0.96" CONTENT="fråga"/><SP WIDTH="19" VPOS="1889" HPOS="417"/>
							<String ID="string_259" HPOS="436" VPOS="1900" WIDTH="58" HEIGHT="20" WC="0.93" CONTENT="om"/><SP WIDTH="24" VPOS="1900" HPOS="494"/>
							<String ID="string_260" HPOS="518" VPOS="1889" WIDTH="277" HEIGHT="32" WC="0.92" CONTENT="medelsbehovet"/><SP WIDTH="21" VPOS="1889" HPOS="795"/>
							<String ID="string_261" HPOS="816" VPOS="1890" WIDTH="12" HEIGHT="31" WC="0.96" CONTENT="i"/><SP WIDTH="23" VPOS="1890" HPOS="828"/>
							<String ID="string_262" HPOS="851" VPOS="1891" WIDTH="111" HEIGHT="41" WC="0.96" CONTENT="övrigt"/><SP WIDTH="23" VPOS="1891" HPOS="962"/>
							<String ID="string_263" HPOS="985" VPOS="1890" WIDTH="108" HEIGHT="32" WC="0.96" CONTENT="under"/><SP WIDTH="22" VPOS="1890" HPOS="1093"/>
							<String ID="string_264" HPOS="1115" VPOS="1891" WIDTH="220" HEIGHT="33" WC="0.96" CONTENT="förevarande"/><SP WIDTH="22" VPOS="1891" HPOS="1335"/>
							<String ID="string_265" HPOS="1357" VPOS="1892" WIDTH="121" HEIGHT="43" WC="0.96" CONTENT="anslag"/><SP WIDTH="21" VPOS="1892" HPOS="1478"/>
							<String ID="string_266" HPOS="1499" VPOS="1893" WIDTH="62" HEIGHT="31" WC="0.93" CONTENT="har"/><SP WIDTH="22" VPOS="1893" HPOS="1561"/>
							<String ID="string_267" HPOS="1583" VPOS="1893" WIDTH="149" HEIGHT="43" WC="0.92" CONTENT="departe-"/>
						</TextLine>
						<TextLine ID="line_30" HPOS="231" VPOS="1940" WIDTH="554" HEIGHT="43">
							<String ID="string_268" HPOS="231" VPOS="1940" WIDTH="232" HEIGHT="32" WC="0.92" CONTENT="mentschefen"/><SP WIDTH="24" VPOS="1940" HPOS="463"/>
							<String ID="string_269" HPOS="487" VPOS="1941" WIDTH="113" HEIGHT="31" WC="0.96" CONTENT="anfört"/><SP WIDTH="24" VPOS="1941" HPOS="600"/>
							<String ID="string_270" HPOS="624" VPOS="1941" WIDTH="161" HEIGHT="42" WC="0.96" CONTENT="följande."/>
						</TextLine>
					</TextBlock>
				</ComposedBlock>
				<ComposedBlock ID="cblock_5" HPOS="225" VPOS="2001" WIDTH="1509" HEIGHT="402">
					<TextBlock ID="block_11" HPOS="225" VPOS="2001" WIDTH="1509" HEIGHT="402">
						<TextLine ID="line_31" HPOS="286" VPOS="2001" WIDTH="1448" HEIGHT="55">
							<String ID="string_271" HPOS="286" VPOS="2001" WIDTH="112" HEIGHT="39" WC="0.44" CONTENT="»Även"/><SP WIDTH="23" VPOS="2001" HPOS="398"/>
							<String ID="string_272" HPOS="421" VPOS="2020" WIDTH="56" HEIGHT="20" WC="0.96" CONTENT="om"/><SP WIDTH="19" VPOS="2020" HPOS="477"/>
							<String ID="string_273" HPOS="496" VPOS="2009" WIDTH="60" HEIGHT="31" WC="0.95" CONTENT="det"/><SP WIDTH="17" VPOS="2009" HPOS="556"/>
							<String ID="string_274" HPOS="573" VPOS="2009" WIDTH="108" HEIGHT="31" WC="0.96" CONTENT="skulle"/><SP WIDTH="16" VPOS="2009" HPOS="681"/>
							<String ID="string_275" HPOS="697" VPOS="2020" WIDTH="81" HEIGHT="21" WC="0.96" CONTENT="vara"/><SP WIDTH="15" VPOS="2020" HPOS="778"/>
							<String ID="string_276" HPOS="793" VPOS="2009" WIDTH="171" HEIGHT="39" WC="0.96" CONTENT="önskvärt,"/><SP WIDTH="18" VPOS="2009" HPOS="964"/>
							<String ID="string_277" HPOS="982" VPOS="2012" WIDTH="50" HEIGHT="30" WC="0.96" CONTENT="att"/><SP WIDTH="16" VPOS="2012" HPOS="1032"/>
							<String ID="string_278" HPOS="1048" VPOS="2010" WIDTH="41" HEIGHT="32" WC="0.96" CONTENT="de"/><SP WIDTH="16" VPOS="2010" HPOS="1089"/>
							<String ID="string_279" HPOS="1105" VPOS="2022" WIDTH="40" HEIGHT="20" WC="0.93" CONTENT="av"/><SP WIDTH="16" VPOS="2022" HPOS="1145"/>
							<String ID="string_280" HPOS="1161" VPOS="2011" WIDTH="364" HEIGHT="42" WC="0.92" CONTENT="marinförvaltningen"/><SP WIDTH="16" VPOS="2011" HPOS="1525"/>
							<String ID="string_281" HPOS="1541" VPOS="2013" WIDTH="193" HEIGHT="43" WC="0.96" CONTENT="föreslagna"/>
						</TextLine>
						<TextLine ID="line_32" HPOS="229" VPOS="2059" WIDTH="1503" HEIGHT="46">
							<String ID="string_282" HPOS="229" VPOS="2060" WIDTH="176" HEIGHT="40" WC="0.92" CONTENT="översyns-"/><SP WIDTH="34" VPOS="2060" HPOS="405"/>
							<String ID="string_283" HPOS="439" VPOS="2059" WIDTH="65" HEIGHT="32" WC="0.93" CONTENT="och"/><SP WIDTH="37" VPOS="2059" HPOS="504"/>
							<String ID="string_284" HPOS="541" VPOS="2059" WIDTH="404" HEIGHT="42" WC="0.92" CONTENT="underhållsåtgärderna"/><SP WIDTH="33" VPOS="2059" HPOS="945"/>
							<String ID="string_285" HPOS="978" VPOS="2061" WIDTH="114" HEIGHT="32" WC="0.96" CONTENT="kunde"/><SP WIDTH="33" VPOS="2061" HPOS="1092"/>
							<String ID="string_286" HPOS="1125" VPOS="2061" WIDTH="72" HEIGHT="32" WC="0.96" CONTENT="helt"/><SP WIDTH="34" VPOS="2061" HPOS="1197"/>
							<String ID="string_287" HPOS="1231" VPOS="2062" WIDTH="216" HEIGHT="41" WC="0.96" CONTENT="genomföras"/><SP WIDTH="23" VPOS="2062" HPOS="1447"/>
							<String ID="string_288" HPOS="1470" VPOS="2065" WIDTH="83" HEIGHT="30" WC="0.96" CONTENT="utan"/><SP WIDTH="24" VPOS="2065" HPOS="1553"/>
							<String ID="string_289" HPOS="1577" VPOS="2066" WIDTH="155" HEIGHT="39" WC="0.96" CONTENT="omgång,"/>
						</TextLine>
						<TextLine ID="line_33" HPOS="228" VPOS="2109" WIDTH="1504" HEIGHT="47">
							<String ID="string_290" HPOS="228" VPOS="2110" WIDTH="39" HEIGHT="30" WC="0.96" CONTENT="är"/><SP WIDTH="32" VPOS="2110" HPOS="267"/>
							<String ID="string_291" HPOS="299" VPOS="2109" WIDTH="58" HEIGHT="32" WC="0.96" CONTENT="det"/><SP WIDTH="33" VPOS="2109" HPOS="357"/>
							<String ID="string_292" HPOS="390" VPOS="2109" WIDTH="69" HEIGHT="42" WC="0.96" CONTENT="mig"/><SP WIDTH="34" VPOS="2109" HPOS="459"/>
							<String ID="string_293" HPOS="493" VPOS="2110" WIDTH="76" HEIGHT="31" WC="0.96" CONTENT="icke"/><SP WIDTH="33" VPOS="2110" HPOS="569"/>
							<String ID="string_294" HPOS="602" VPOS="2109" WIDTH="134" HEIGHT="42" WC="0.96" CONTENT="möjligt"/><SP WIDTH="33" VPOS="2109" HPOS="736"/>
							<String ID="string_295" HPOS="769" VPOS="2112" WIDTH="50" HEIGHT="29" WC="0.96" CONTENT="att"/><SP WIDTH="31" VPOS="2112" HPOS="819"/>
							<String ID="string_296" HPOS="850" VPOS="2110" WIDTH="12" HEIGHT="32" WC="0.96" CONTENT="i"/><SP WIDTH="33" VPOS="2110" HPOS="862"/>
							<String ID="string_297" HPOS="895" VPOS="2111" WIDTH="151" HEIGHT="32" WC="0.96" CONTENT="rådande"/><SP WIDTH="33" VPOS="2111" HPOS="1046"/>
							<String ID="string_298" HPOS="1079" VPOS="2112" WIDTH="282" HEIGHT="32" WC="0.96" CONTENT="statsfinansiella"/><SP WIDTH="32" VPOS="2112" HPOS="1361"/>
							<String ID="string_299" HPOS="1393" VPOS="2112" WIDTH="76" HEIGHT="42" WC="0.96" CONTENT="läge"/><SP WIDTH="27" VPOS="2112" HPOS="1469"/>
							<String ID="string_300" HPOS="1496" VPOS="2113" WIDTH="171" HEIGHT="43" WC="0.96" CONTENT="tillstyrka"/><SP WIDTH="23" VPOS="2113" HPOS="1667"/>
							<String ID="string_301" HPOS="1690" VPOS="2126" WIDTH="42" HEIGHT="20" WC="0.96" CONTENT="en"/>
						</TextLine>
						<TextLine ID="line_34" HPOS="229" VPOS="2160" WIDTH="1504" HEIGHT="47">
							<String ID="string_302" HPOS="229" VPOS="2160" WIDTH="286" HEIGHT="42" WC="0.92" CONTENT="anslagshöjning"/><SP WIDTH="33" VPOS="2160" HPOS="515"/>
							<String ID="string_303" HPOS="548" VPOS="2171" WIDTH="40" HEIGHT="21" WC="0.96" CONTENT="av"/><SP WIDTH="27" VPOS="2171" HPOS="588"/>
							<String ID="string_304" HPOS="615" VPOS="2160" WIDTH="66" HEIGHT="32" WC="0.96" CONTENT="den"/><SP WIDTH="24" VPOS="2160" HPOS="681"/>
							<String ID="string_305" HPOS="705" VPOS="2161" WIDTH="130" HEIGHT="31" WC="0.93" CONTENT="storlek"/><SP WIDTH="22" VPOS="2161" HPOS="835"/>
							<String ID="string_306" HPOS="857" VPOS="2161" WIDTH="363" HEIGHT="43" WC="0.91" CONTENT="marinförvaltningen"/><SP WIDTH="23" VPOS="2161" HPOS="1220"/>
							<String ID="string_307" HPOS="1243" VPOS="2163" WIDTH="184" HEIGHT="42" WC="0.95" CONTENT="föreslagit."/><SP WIDTH="24" VPOS="2163" HPOS="1427"/>
							<String ID="string_308" HPOS="1451" VPOS="2163" WIDTH="69" HEIGHT="43" WC="0.96" CONTENT="Jag"/><SP WIDTH="21" VPOS="2163" HPOS="1520"/>
							<String ID="string_309" HPOS="1541" VPOS="2175" WIDTH="101" HEIGHT="21" WC="0.96" CONTENT="anser"/><SP WIDTH="21" VPOS="2175" HPOS="1642"/>
							<String ID="string_310" HPOS="1663" VPOS="2165" WIDTH="70" HEIGHT="42" WC="0.96" CONTENT="mig"/>
						</TextLine>
						<TextLine ID="line_35" HPOS="226" VPOS="2210" WIDTH="1507" HEIGHT="46">
							<String ID="string_311" HPOS="226" VPOS="2210" WIDTH="86" HEIGHT="32" WC="0.96" CONTENT="böra"/><SP WIDTH="22" VPOS="2210" HPOS="312"/>
							<String ID="string_312" HPOS="334" VPOS="2210" WIDTH="168" HEIGHT="41" WC="0.96" CONTENT="begränsa"/><SP WIDTH="24" VPOS="2210" HPOS="502"/>
							<String ID="string_313" HPOS="526" VPOS="2210" WIDTH="69" HEIGHT="42" WC="0.96" CONTENT="mig"/><SP WIDTH="22" VPOS="2210" HPOS="595"/>
							<String ID="string_314" HPOS="617" VPOS="2210" WIDTH="52" HEIGHT="32" WC="0.96" CONTENT="till"/><SP WIDTH="23" VPOS="2210" HPOS="669"/>
							<String ID="string_315" HPOS="692" VPOS="2213" WIDTH="51" HEIGHT="29" WC="0.96" CONTENT="att"/><SP WIDTH="15" VPOS="2213" HPOS="743"/>
							<String ID="string_316" HPOS="758" VPOS="2211" WIDTH="134" HEIGHT="39" WC="0.96" CONTENT="föreslå,"/><SP WIDTH="17" VPOS="2211" HPOS="892"/>
							<String ID="string_317" HPOS="909" VPOS="2214" WIDTH="50" HEIGHT="29" WC="0.96" CONTENT="att"/><SP WIDTH="16" VPOS="2214" HPOS="959"/>
							<String ID="string_318" HPOS="975" VPOS="2212" WIDTH="154" HEIGHT="42" WC="0.93" CONTENT="anslaget"/><SP WIDTH="15" VPOS="2212" HPOS="1129"/>
							<String ID="string_319" HPOS="1144" VPOS="2213" WIDTH="99" HEIGHT="41" WC="0.92" CONTENT="höjes"/><SP WIDTH="16" VPOS="2213" HPOS="1243"/>
							<String ID="string_320" HPOS="1259" VPOS="2214" WIDTH="77" HEIGHT="31" WC="0.96" CONTENT="med"/><SP WIDTH="15" VPOS="2214" HPOS="1336"/>
							<String ID="string_321" HPOS="1351" VPOS="2214" WIDTH="199" HEIGHT="42" WC="0.96" CONTENT="ytterligare"/><SP WIDTH="19" VPOS="2214" HPOS="1550"/>
							<String ID="string_322" HPOS="1569" VPOS="2216" WIDTH="91" HEIGHT="30" WC="0.84" CONTENT="1000"/><SP WIDTH="16" VPOS="2216" HPOS="1660"/>
							<String ID="string_323" HPOS="1676" VPOS="2206" WIDTH="62" HEIGHT="54" WC="0.95" CONTENT="000"/>
						</TextLine>
						<TextLine ID="line_36" HPOS="227" VPOS="2260" WIDTH="1505" HEIGHT="42">
							<String ID="string_324" HPOS="227" VPOS="2260" WIDTH="129" HEIGHT="32" WC="0.95" CONTENT="kronor"/><SP WIDTH="35" VPOS="2260" HPOS="356"/>
							<String ID="string_325" HPOS="391" VPOS="2260" WIDTH="53" HEIGHT="32" WC="0.95" CONTENT="till"/><SP WIDTH="38" VPOS="2260" HPOS="444"/>
							<String ID="string_326" HPOS="482" VPOS="2261" WIDTH="40" HEIGHT="31" WC="0.3" CONTENT="27"/><SP WIDTH="14" VPOS="2261" HPOS="522"/>
							<String ID="string_327" HPOS="536" VPOS="2261" WIDTH="134" HEIGHT="32" WC="0.3" CONTENT="300000"/><SP WIDTH="33" VPOS="2261" HPOS="670"/>
							<String ID="string_328" HPOS="703" VPOS="2261" WIDTH="127" HEIGHT="32" WC="0.95" CONTENT="kronor"/><SP WIDTH="33" VPOS="2261" HPOS="830"/>
							<String ID="string_329" HPOS="863" VPOS="2262" WIDTH="63" HEIGHT="31" WC="0.96" CONTENT="och"/><SP WIDTH="35" VPOS="2262" HPOS="926"/>
							<String ID="string_330" HPOS="961" VPOS="2262" WIDTH="200" HEIGHT="33" WC="0.96" CONTENT="förutsätter"/><SP WIDTH="33" VPOS="2262" HPOS="1161"/>
							<String ID="string_331" HPOS="1194" VPOS="2263" WIDTH="129" HEIGHT="39" WC="0.95" CONTENT="därvid,"/><SP WIDTH="34" VPOS="2263" HPOS="1323"/>
							<String ID="string_332" HPOS="1357" VPOS="2266" WIDTH="50" HEIGHT="30" WC="0.95" CONTENT="att"/><SP WIDTH="33" VPOS="2266" HPOS="1407"/>
							<String ID="string_333" HPOS="1440" VPOS="2265" WIDTH="60" HEIGHT="31" WC="0.96" CONTENT="det"/><SP WIDTH="34" VPOS="2265" HPOS="1500"/>
							<String ID="string_334" HPOS="1534" VPOS="2265" WIDTH="85" HEIGHT="32" WC="0.95" CONTENT="skall"/><SP WIDTH="33" VPOS="2265" HPOS="1619"/>
							<String ID="string_335" HPOS="1652" VPOS="2277" WIDTH="80" HEIGHT="20" WC="0.96" CONTENT="vara"/>
						</TextLine>
						<TextLine ID="line_37" HPOS="227" VPOS="2310" WIDTH="1505" HEIGHT="47">
							<String ID="string_336" HPOS="227" VPOS="2310" WIDTH="135" HEIGHT="42" WC="0.95" CONTENT="möjligt"/><SP WIDTH="31" VPOS="2310" HPOS="362"/>
							<String ID="string_337" HPOS="393" VPOS="2313" WIDTH="51" HEIGHT="29" WC="0.96" CONTENT="att"/><SP WIDTH="34" VPOS="2313" HPOS="444"/>
							<String ID="string_338" HPOS="478" VPOS="2311" WIDTH="80" HEIGHT="32" WC="0.96" CONTENT="med"/><SP WIDTH="33" VPOS="2311" HPOS="558"/>
							<String ID="string_339" HPOS="591" VPOS="2311" WIDTH="41" HEIGHT="32" WC="0.96" CONTENT="de"/><SP WIDTH="34" VPOS="2311" HPOS="632"/>
							<String ID="string_340" HPOS="666" VPOS="2311" WIDTH="113" HEIGHT="32" WC="0.95" CONTENT="medel"/><SP WIDTH="23" VPOS="2311" HPOS="779"/>
							<String ID="string_341" HPOS="802" VPOS="2323" WIDTH="73" HEIGHT="21" WC="0.96" CONTENT="som"/><SP WIDTH="24" VPOS="2323" HPOS="875"/>
							<String ID="string_342" HPOS="899" VPOS="2312" WIDTH="143" HEIGHT="32" WC="0.96" CONTENT="därmed"/><SP WIDTH="22" VPOS="2312" HPOS="1042"/>
							<String ID="string_343" HPOS="1064" VPOS="2313" WIDTH="134" HEIGHT="32" WC="0.95" CONTENT="komma"/><SP WIDTH="23" VPOS="2313" HPOS="1198"/>
							<String ID="string_344" HPOS="1221" VPOS="2316" WIDTH="51" HEIGHT="29" WC="0.95" CONTENT="att"/><SP WIDTH="22" VPOS="2316" HPOS="1272"/>
							<String ID="string_345" HPOS="1294" VPOS="2316" WIDTH="52" HEIGHT="30" WC="0.96" CONTENT="stå"/><SP WIDTH="23" VPOS="2316" HPOS="1346"/>
							<String ID="string_346" HPOS="1369" VPOS="2314" WIDTH="51" HEIGHT="32" WC="0.96" CONTENT="till"/><SP WIDTH="23" VPOS="2314" HPOS="1420"/>
							<String ID="string_347" HPOS="1443" VPOS="2315" WIDTH="201" HEIGHT="42" WC="0.92" CONTENT="förfogande"/><SP WIDTH="23" VPOS="2315" HPOS="1644"/>
							<String ID="string_348" HPOS="1667" VPOS="2316" WIDTH="65" HEIGHT="31" WC="0.92" CONTENT="till-"/>
						</TextLine>
						<TextLine ID="line_38" HPOS="225" VPOS="2360" WIDTH="1141" HEIGHT="43">
							<String ID="string_349" HPOS="225" VPOS="2361" WIDTH="132" HEIGHT="41" WC="0.92" CONTENT="godose"/><SP WIDTH="23" VPOS="2361" HPOS="357"/>
							<String ID="string_350" HPOS="380" VPOS="2360" WIDTH="41" HEIGHT="33" WC="0.96" CONTENT="de"/><SP WIDTH="22" VPOS="2360" HPOS="421"/>
							<String ID="string_351" HPOS="443" VPOS="2363" WIDTH="90" HEIGHT="30" WC="0.96" CONTENT="mest"/><SP WIDTH="17" VPOS="2363" HPOS="533"/>
							<String ID="string_352" HPOS="550" VPOS="2362" WIDTH="187" HEIGHT="41" WC="0.96" CONTENT="trängande"/><SP WIDTH="16" VPOS="2362" HPOS="737"/>
							<String ID="string_353" HPOS="753" VPOS="2362" WIDTH="156" HEIGHT="32" WC="0.96" CONTENT="behoven"/><SP WIDTH="23" VPOS="2362" HPOS="909"/>
							<String ID="string_354" HPOS="932" VPOS="2374" WIDTH="42" HEIGHT="20" WC="0.93" CONTENT="av"/><SP WIDTH="22" VPOS="2374" HPOS="974"/>
							<String ID="string_355" HPOS="996" VPOS="2363" WIDTH="370" HEIGHT="34" WC="0.91" CONTENT="underhållsarbeten.»"/>
						</TextLine>
					</TextBlock>
				</ComposedBlock>
			</PrintSpace>
		</Page>
	</Layout>
</alto>
