1894 2778
252 152 42 31 48
715 156 262 29 Statsutskottets
1000 157 166 28 utlåtande
1189 166 38 19 nr
1244 159 30 27 4.

972 248 326 42 Avlöningsstat.

1063 315 159 40 Utgifter:

521 372 27 30 1.
573 371 210 42 Ävlöningar
806 372 54 31 till
882 373 171 31 ordinarie
1076 374 217 41 tjänstemän,
1314 374 192 40 förslagsvis
1534 401 56 5 ....
1620 376 134 32 184000

520 422 29 31 2.
572 421 160 32 Arvoden
767 422 54 31 till
854 423 230 41 pensionerad
1111 424 162 41 personal
1295 424 11 31 i
1329 424 265 32 arvodesbefatt-

570 472 129 41 ningar,
715 472 197 42 fÖrslägSViS
943 500 644 7 .ossesreserresreserrrrrrrerr
1427 468 75 52 serie
1511 468 79 52 inses
1636 477 38 30 61
1688 476 64 32 000

519 522 29 31 3.
573 522 159 32 Arvoden
768 523 65 31 och
867 524 168 31 särskilda
1068 525 239 41 ersättningar,
1342 525 179 32 bestämda
1552 537 41 20 av

570 572 126 41 Kungl.
720 572 108 42 Maj:t,
844 573 742 41 förslägsVi8....sssosrsesrsresrrrerrerr
1519 568 71 51 rata
1635 577 39 31 25
1692 572 62 49 000

515 623 30 30 4.
569 622 211 42 Avlöningar
802 623 54 32 till
878 624 94 42 övrig
994 624 260 33 icke-ordinatie
1277 626 161 41 personal
1459 652 127 5 ........
1614 627 60 30 224
1692 622 62 51 000

516 672 29 32 5.
570 672 135 42 Rörligt
727 674 128 42 tillägg,
871 674 198 42 fÖrslägsVi8
1079 702 506 6 .sssssrerrrrrrrererr
1439 668 27 53 rn
1475 668 114 53 rerna
1632 678 41 30 48
1685 677 64 31 000

1301 735 140 32 Summa
1462 735 128 32 kronor
1611 737 61 31 492
1690 731 63 45 000

895 818 173 33 Särskilda
1090 820 275 40 uppbördsmedel:

511 874 297 40 Pensionsmedel,
824 876 197 41 fÖrslägsVis
1042 904 540 6 ssssossessrrsrrrrrrrerrrrer
1504 870 80 53 rensa
1630 880 40 30 42
1682 879 65 32 000

1226 937 211 42 Nettoutgift
1458 938 129 32 kronor
1606 939 64 31 450
1680 939 64 31 000

554 1009 29 42 ce)
630 1010 52 31 till
703 1011 200 32 Försvarets
922 1011 342 42 sjukvårdsstyrelse:
1296 1013 209 41 Avlöningar
1528 1015 54 31 för
1602 1014 139 42 budget-

494 1062 72 30 året
589 1061 135 32 1951/52
744 1063 119 31 anvisa
883 1065 47 29 ett
952 1064 267 43 förslagsanslag
1240 1076 41 20 av
1303 1065 61 32 450
1376 1066 60 31 000
1458 1065 135 32 kronor.

295 1136 86 42 15:0)
409 1137 202 31 Försvarets
635 1139 342 35 sjukvårdsstyrelse:
1003 1139 257 31 Omkostnader.
1294 1141 19 31 I
1336 1140 152 43 enlighet
1513 1141 78 32 med
1615 1142 126 42 Kungl.

240 1187 121 42 Maj:ts
381 1189 11 31 i
411 1189 261 42 propositionen
691 1201 41 20 nr
753 1191 16 30 1
792 1191 211 32 framställda
1022 1192 129 42 förslag
1175 1192 123 42 (punkt
1318 1194 28 37 7,
1366 1205 27 20 s.
1414 1193 40 32 35
1476 1194 64 31 och
1561 1194 67 41 36),
1648 1193 92 33 inne-

238 1239 150 32 bärande
408 1251 41 21 en
469 1241 283 44 anslagshöjning
771 1242 78 32 med
868 1243 91 31 8000
979 1243 134 39 kronor,
1135 1255 73 20 som
1230 1256 98 20 avser
1348 1245 179 42 delposten
1547 1246 55 31 till
1623 1246 116 42 övriga

237 1302 174 31 expenser,
434 1292 199 32 hemställer
654 1294 177 38 utskottet,

532 1347 49 29 att
610 1345 182 42 riksdagen
821 1349 54 29 må
901 1347 54 31 till
984 1347 200 32 Försvarets
1213 1348 342 41 sjukvårdsstyrelse:
1588 1349 150 33 Omkost-

489 1397 106 31 nader
615 1397 52 31 för
687 1397 202 42 budgetåret
911 1399 138 35 1951/52
1069 1399 116 33 anvisa
1206 1402 52 30 ett
1278 1400 267 43 förslagsanslag
1565 1413 40 20 av
1626 1403 39 30 70
1683 1393 58 54 000

488 1448 134 32 kronor.

733 1510 511 40 Krigsmaterielverket.

291 1584 86 41 16:0)
404 1585 400 35 Krigsmaterielverket:
828 1588 223 35 Avlöningar.
1084 1589 124 41 Kungl.
1234 1589 102 42 Maj:t
1358 1590 61 32 har
1441 1591 12 31 i
1477 1591 261 42 propositionen

235 1645 42 20 nr
301 1636 16 29 1
342 1635 177 43 föreslagit
541 1637 180 42 riksdagen
748 1638 123 42 (punkt
891 1640 27 38 8,
942 1651 24 20 s.
991 1641 136 41 36—38)
1155 1643 50 29 att
1228 1641 74 31 dels
1325 1641 178 42 godkänna
1524 1654 42 20 av
1589 1643 149 42 departe-

234 1687 234 32 mentschefen
488 1689 162 31 förordad
670 1690 248 42 avlöningsstat
937 1692 54 30 för
1009 1691 375 42 krigsmaterielverket,
1405 1696 49 29 att
1473 1694 172 42 tillämpas
1665 1695 72 31 tills

235 1738 117 32 vidare
380 1739 73 32 från
479 1740 66 31 och
570 1741 78 31 med
673 1741 204 42 budgetåret
902 1742 145 39 1951/52,
1075 1743 74 32 dels
1176 1744 63 31 ock
1266 1744 54 31 till
1346 1744 389 43 Krigsmaterielverket:

234 1790 212 42 Avlöningar
477 1792 58 31 för
567 1792 204 42 budgetåret
809 1793 133 32 1951/52
975 1794 120 32 anvisa
1128 1797 51 29 ett
1214 1795 266 43 förslagsanslag
1505 1808 41 20 av
1571 1798 17 30 2
1603 1798 60 31 465
1674 1799 63 31 000

234 1841 134 32 kronor.

285 1929 165 42 Anslaget
471 1932 38 30 är
531 1931 54 31 för
604 1931 230 33 innevarande
856 1932 166 42 budgetår
1044 1934 138 41 uppfört
1205 1934 79 32 med
1306 1935 18 31 2
1337 1935 61 31 385
1410 1936 61 31 000
1492 1936 135 32 kronor.

284 1981 69 31 Vid
373 1981 65 32 den
457 1982 193 42 utredning,
671 1994 73 20 som
763 1983 91 42 legat
873 1984 52 31 till
942 1985 114 41 grund
1076 1986 53 31 för
1148 1986 140 32 chefens
1309 1987 54 31 för
1382 1987 352 43 civildepartementet

235 2032 80 41 (Bil.
341 2033 27 30 2.
392 2033 67 31 För
480 2034 87 31 flera
589 2034 213 33 huvudtitlar
824 2047 247 30 gemensamma
1094 2038 124 42 frågor)
1249 2039 185 41 framlagda
1459 2040 129 42 förslag
1610 2041 121 32 beträf-

230 2084 105 32 fande
372 2085 394 42 maskinistpersonalen,
807 2088 199 32 förutsattes
1046 2089 151 42 följande
1236 2091 400 43 personalförändringar
1673 2093 58 31 vid

230 2135 375 42 krigsmaterielverket.
631 2138 63 41 Sju
718 2139 217 33 maskinister
957 2141 11 31 i
994 2141 47 31 Ce
1056 2142 38 30 15
1117 2141 112 33 skulle
1251 2143 197 39 tillkomma,
1473 2147 59 29 två
1555 2156 41 20 av
1619 2145 76 32 dem
1719 2145 11 31 i

230 2187 121 42 utbyte
373 2190 71 29 mot
465 2191 57 29 två
545 2189 181 43 befintliga
749 2195 95 28 extra
865 2192 218 33 maskinister
1111 2194 6 30 i
1141 2193 50 42 Cg
1204 2194 48 32 15.
1277 2193 226 36 Återstående
1528 2197 67 31 fem
1618 2197 112 41 nytill-

230 2239 201 33 kommande
450 2241 328 42 maskinisttjänster
798 2255 78 20 vore
896 2244 150 32 avsedda
1064 2247 49 29 att
1133 2248 126 30 ersätta
1280 2258 125 22 samma
1425 2248 93 31 antal
1539 2248 57 32 vid
1616 2249 116 31 verket

231 2291 257 42 tjänstgörande
503 2293 283 41 tyghantverkare
803 2306 41 20 av
861 2297 24 30 1.
902 2296 137 32 klassen
1055 2297 56 31 vid
1126 2300 175 39 tygstaten
1318 2299 62 32 och
1394 2299 108 32 borde
1518 2301 36 31 få
1570 2300 160 32 tillsättas

230 2343 89 31 först
340 2344 12 30 i
373 2344 164 32 samband
558 2346 77 31 med
657 2348 49 29 att
727 2347 116 41 dylika
864 2347 349 43 beställningshavare
1237 2351 142 42 avginge
1402 2363 40 20 ur
1463 2352 117 41 tjänst.
1604 2353 125 31 Vidare

229 2394 111 32 skulle
359 2395 187 33 tillkomma
563 2397 55 42 sju
635 2400 211 39 reparatörer
862 2400 11 30 i
891 2400 45 31 Ce
951 2401 37 30 11
1008 2400 63 32 och
1090 2402 38 30 14
1146 2401 113 33 eldare
1276 2403 12 31 i
1307 2403 46 32 Ce
1365 2404 19 31 9
1400 2406 89 29 samt
1505 2404 224 42 medgivande

228 2445 131 33 lämnas
382 2449 50 30 att
451 2448 61 31 vid
535 2449 133 32 verkets
691 2450 339 43 lokalförvaltningar
1054 2454 272 41 säsonganställa
1350 2455 111 32 eldare
1485 2456 55 32 till
1565 2459 48 29 ett
1637 2456 91 32 antal

228 2499 236 32 motsvarande
485 2500 40 31 65
545 2500 415 43 tjänstgöringsmånader.
982 2503 82 32 Med
1085 2505 172 43 undantag
1278 2507 54 31 för
1351 2507 297 43 eldarpersonalen
1668 2509 61 30 har
