1874 2838
554 184 275 30 Statsutskottets
853 181 174 30 utlåtande
1048 189 41 20 nr
1120 182 28 28 2.
1580 168 38 30 23

117 278 55 27 ten
195 284 42 21 av
262 281 197 29 gemensam
483 267 310 38 befordringsgång
816 268 56 29 för
896 265 182 30 vaklifruar
1103 263 56 30 vid
1182 264 128 27 statens
1335 260 56 29 vid
1416 257 200 37 fångvårds-

116 325 163 30 anstalter
305 323 200 31 anordnade
533 320 250 36 tvångsarbets-
813 318 65 30 och
905 313 352 34 alkoholistanstalter
1285 311 79 30 med
1391 308 228 31 vaktfruarna

118 376 56 30 vid
205 374 411 37 fångvårdsanstalterna,
648 371 63 29 har
743 369 52 31 till
827 364 424 41 personalförteckningen
1285 363 55 29 för
1371 358 247 37 fångvårdsan-

118 429 162 28 stalterna
308 427 128 29 ansetts
465 425 85 29 böra
579 423 97 35 fogas
703 430 41 21 en
773 418 188 37 föreskrift,
991 419 50 27 att
1069 416 57 29 det
1152 413 196 32 fastställda
1374 411 127 31 antalet
1529 408 89 31 ordi-

117 478 93 30 narie
230 476 182 31 vaktfruar
432 474 57 31 må
509 472 227 36 överskridas,
763 471 4 29 i
789 471 67 30 den
877 468 81 31 mån
978 466 175 32 ordinarie
1172 461 378 36 vaktfrubefattningar
1569 460 49 30 till

118 528 242 30 motsvarande
380 527 93 30 antal
494 524 113 31 hållas
628 524 153 29 obesatta
801 521 58 30 vid
880 521 55 29 det
956 519 111 30 andra
1089 518 105 34 slaget
1214 525 41 20 av
1277 514 172 30 anstalter.

161 605 13 29 I
198 604 171 30 samband
391 603 78 30 med
493 601 125 36 Kungl.
641 599 117 37 Maj:ts
779 597 266 38 ifrågavarande
1067 596 128 35 förslag
1219 596 65 29 har
1305 594 162 29 utskottet
1490 591 50 30 till
1563 592 56 28 be-

119 655 165 36 handling
309 654 152 30 förehaft
487 652 157 37 följande
668 650 179 36 motioner,
873 648 173 36 nämligen

162 706 72 31 dels
259 704 58 32 två
345 704 223 37 likalydande
596 702 178 35 motioner,
805 701 132 35 väckta,
967 700 68 29 den
1062 707 66 21 ena
1156 698 94 29 inom
1279 696 109 29 första
1417 696 204 28 kammaren

119 767 41 20 av
184 757 81 30 herr
286 756 41 31 K.
353 754 155 37 Schlyter
539 753 40 39 (I:
596 752 52 40 79)
676 753 64 29 och
765 752 68 30 den
858 751 108 29 andra
991 749 98 30 inom
1114 748 109 30 andra
1247 747 203 29 kammaren
1474 753 42 21 av
1542 744 79 30 herr

120 807 35 31 4.
184 805 179 38 Lindqvist
396 805 55 39 (II:
469 803 89 40 144),
586 803 74 31 vari
685 802 202 35 hemställts,
916 803 48 29 att
992 799 184 36 riksdagen
1203 796 106 33 måtte
1335 797 133 29 besluta
1495 797 50 29 att
1572 793 49 30 till

119 867 104 21 envar
250 867 43 21 av
320 857 263 36 styresmännen
611 854 56 30 vid
693 851 411 36 rannsakningshäktena
1132 850 10 29 i
1169 848 183 31 Halmstad
1378 847 65 30 och
1470 845 150 30 Hudiks-

120 908 66 30 vall
209 907 112 30 under
344 905 201 37 budgetåret
571 901 141 34 1944/45
737 904 89 29 skall
849 902 80 36 utgå
950 904 48 27 ett
1020 900 196 36 lönetillägg
1241 909 42 20 av
1308 899 63 29 600
1394 898 138 34 kronor,

162 958 72 32 dels
255 968 42 21 en
322 959 94 29 inom
439 957 109 30 första
573 956 205 29 kammaren
801 964 42 21 av
857 954 78 29 herr
947 953 38 29 R.
1000 951 197 31 Lindström
1211 950 103 30 väckt
1325 947 130 31 motion
1475 946 40 40 (1:
1530 944 91 40 231),

121 1009 71 30 vari
218 1008 203 36 hemställts,
450 1010 48 27 att
525 1007 186 35 riksdagen
739 1004 107 31 måtte
873 1004 134 30 besluta
1036 1005 49 27 att
1114 1003 65 29 den
1207 1000 202 31 nuvarande
1437 998 184 31 direktörs-

123 1057 147 38 tjänsten
294 1059 20 31 å
338 1058 211 31 anstalterna
575 1055 224 36 Hall—Håga
822 1054 203 31 omvandlas
1049 1052 52 31 till
1126 1062 41 20 en
1192 1049 279 36 direktörstjänst
1494 1047 21 32 å
1540 1057 27 21 e.
1592 1056 30 22 0.

121 1113 65 27 stat
208 1111 80 29 med
310 1111 59 29 lön
392 1108 103 36 enligt
520 1108 51 30 Eo
596 1108 42 29 29
661 1108 64 29 och
749 1106 80 30 med
854 1103 328 38 kompetensvillkor
1206 1102 115 30 såsom
1345 1101 55 30 för
1423 1099 200 32 överläkare

118 1167 19 24 å
161 1164 127 28 statens
317 1158 275 38 sinnessjukhus,
619 1160 49 28 att
690 1157 111 31 under
829 1156 97 30 dessa
952 1154 205 37 betingelser
1184 1151 95 32 avslå
1306 1152 56 30 det
1389 1150 149 37 begärda
1564 1158 57 21 an-

122 1211 147 37 slaget
253 1199 21 53 å
291 1212 19 29 6
327 1211 61 30 100
410 1211 128 29 kronor
559 1210 56 29 för
640 1218 58 21 »en
721 1206 110 37 tredje
851 1206 205 30 biträdande
1078 1203 160 32 läkare
1217 1199 24 53 å
1261 1201 115 38 Håga»
1402 1203 65 29 och
1490 1204 50 28 att
1561 1200 63 30 hos

123 1262 121 37 Kungl.
268 1259 102 38 Maj:t
392 1261 125 36 begära
539 1259 183 36 utredning
742 1268 59 21 om
824 1256 246 37 lämpligheten
1094 1254 89 32 att
1168 1249 21 54 å
1205 1253 208 36 förvarings-
1435 1252 65 30 och
1523 1251 100 30 inter-

120 1312 309 37 neringsanstalten
453 1312 9 30 i
490 1310 219 37 Norrköping
735 1309 188 30 tillsvidare
946 1308 65 30 och
1038 1306 45 37 på
1108 1305 237 32 förordnande
1368 1304 119 31 förena
1511 1303 113 30 läkar-

123 1364 64 29 och
212 1362 374 36 direktörstjänsterna,

167 1413 71 32 dels
257 1413 65 30 ock
341 1421 44 21 en
402 1413 94 29 inom
515 1412 112 29 andra
646 1412 205 28 kammaren
870 1420 40 20 av
931 1410 123 29 fröken
1073 1408 100 29 Ebon
1191 1407 197 29 Andersson
1410 1414 43 22 m.
1472 1404 37 37 fl.
1524 1404 101 30 väckt

121 1464 131 31 motion
288 1463 57 39 (II:
362 1462 89 39 360),
483 1462 74 30 vari
588 1461 199 35 hemställts,
821 1463 49 27 att
896 1459 187 36 riksdagen
1112 1456 105 32 måtte
1246 1456 145 35 besluta,
1424 1457 49 28 att
1506 1453 117 31 social-

124 1513 243 31 assistenterna
390 1512 57 31 vid
470 1511 299 36 centralfängelset
799 1511 5 29 i
829 1509 109 38 Växjö
961 1510 66 29 och
1053 1508 275 31 vårdanstaltens
1352 1505 18 31 å
1395 1506 78 29 Hall
1497 1504 129 31 sinnes-

125 1565 266 36 sjukavdelning
408 1564 57 30 vid
484 1563 99 36 Håga
603 1563 10 29 i
633 1562 105 30 likhet
757 1562 79 30 med
855 1559 244 32 motsvarande
1117 1558 340 35 befattningshavare
1475 1555 57 31 vid
1551 1564 75 22 cen-

128 1615 282 35 tralfängelserna
438 1612 19 31 å
485 1612 247 37 Långholmen,
763 1611 20 30 å
813 1611 177 30 Härlanda
1019 1610 66 29 och
1113 1608 10 31 i
1151 1609 131 30 Malmö
1307 1606 130 31 erhålla
1465 1605 162 35 ställning

126 1664 113 31 såsom
262 1664 127 31 sociala
409 1664 182 29 kuratorer
613 1664 64 29 och
700 1663 193 36 uppflyttas
914 1660 78 31 från
1017 1660 162 35 lönegrad
1204 1659 51 29 Ex
1279 1659 19 28 4
1321 1656 192 38 respektive
1536 1655 50 31 Eo
1609 1656 19 29 6

123 1718 64 29 och
208 1716 67 30 tills
292 1716 120 30 vidare
430 1715 156 36 placeras
607 1714 9 29 i
636 1713 162 37 lönegrad
817 1713 50 30 Eo
889 1712 48 30 10.

171 1766 224 30 Beträffande
421 1766 40 29 de
486 1766 76 28 skäl
588 1763 258 31 motionärerna
871 1762 116 31 anfört
1013 1762 51 30 till
1090 1762 75 29 stöd
1191 1761 54 29 för
1272 1760 75 30 sina
1372 1758 179 38 yrkanden
1576 1756 53 30 får

129 1817 162 29 utskottet
314 1814 144 31 hänvisa
483 1816 50 30 till
557 1815 216 30 motionerna
799 1814 28 29 I:
844 1814 49 34 79,
921 1813 25 29 I:
965 1813 57 29 231
1052 1813 65 29 och
1143 1811 43 29 II:
1200 1811 73 30 360.

171 1924 11 28 I
201 1919 376 38 statsrådsprotokollet
597 1920 63 28 har
681 1919 148 28 lämnats
848 1926 42 20 en
909 1915 214 36 redogörelse
1142 1914 53 29 för
1216 1914 41 29 de
1277 1912 167 36 åtgärder,
1465 1920 75 20 som
1558 1909 71 31 vid-

131 1974 94 36 tagits
253 1973 66 29 och
348 1971 172 36 planerats
550 1970 55 29 för
634 1967 264 37 tillgodoseende
926 1976 40 19 av
995 1965 229 36 uppkommet
1253 1962 82 30 eller
1365 1961 156 30 förutsett
1550 1960 81 30 ökat

132 2024 104 30 behov
261 2032 43 20 av
328 2021 126 37 platser
477 2020 20 31 å
522 2018 230 37 fångvårdens
779 2016 163 31 anstalter
966 2016 55 29 för
1045 2015 129 35 vanligt
1197 2013 202 36 fångförvar
1424 2013 164 29 ävensom
1612 2009 19 31 å

133 2072 342 40 specialanstalterna.
499 2070 76 30 Vad
599 2069 211 31 härutinnan
833 2067 131 30 anförts
989 2067 64 29 och
1078 2064 192 36 föreslagits
1293 2064 65 29 har
1380 2063 73 30 icke
1476 2062 83 36 givit
1581 2064 49 27 ut-

136 2127 116 28 skottet
275 2121 185 37 anledning
482 2121 50 30 till
555 2120 148 30 erinran.

177 2175 58 30 Det
255 2173 111 31 ökade
386 2171 283 37 personalbehov,
688 2180 73 20 som
781 2170 37 28 är
838 2179 40 19 en
898 2168 87 35 följd
1004 2177 42 19 av
1066 2166 152 30 nämnda
1236 2165 168 36 åtgärder,
1423 2163 89 30 skall
1530 2161 103 36 enligt

140 2226 151 34 rörslaget
314 2223 71 29 helt
407 2222 195 35 tillgodoses
627 2227 120 29 genom
771 2218 214 31 anställande
1008 2227 42 20 av
1072 2219 94 27 extra
1189 2216 82 29 eller
1296 2213 145 36 tillfällig
1464 2213 169 37 personal.

141 2278 55 29 Det
215 2277 52 29 för
287 2273 192 31 avlönande
500 2282 40 20 av
562 2272 113 28 denna
696 2270 158 36 personal
874 2268 198 30 beräknade
1093 2265 275 31 medelsbehovet
1390 2265 62 28 har
1470 2264 165 30 utskottet

142 2329 48 29 för
210 2327 47 29 sin
278 2325 53 29 del
353 2322 114 31 funnit
486 2323 87 28 böra
593 2321 170 35 godtagas.

185 2376 65 31 Vad
269 2378 106 32 angår
391 2372 115 35 övriga
524 2370 277 38 personalfrågor
819 2371 62 28 har
899 2369 7 29 i
926 2367 174 31 molionen
1119 2367 26 28 I:
1161 2367 59 28 231
1241 2364 201 36 föreslagits,
1460 2366 48 27 att
1525 2363 108 30 dirck-

147 2428 208 36 törstjänsten
381 2423 56 30 vid
462 2421 249 31 Iallanstalten
737 2420 9 28 i
772 2419 205 36 lönegraden
1003 2417 50 30 Eo
1079 2417 41 29 26
1143 2416 87 30 skall
1256 2415 226 36 uppflyltas
1471 2413 50 30 till
1547 2413 89 30 löne-

144 2478 117 37 graden
278 2476 49 31 Eo
345 2475 40 29 29
406 2474 63 29 och
488 2475 46 27 alt
557 2472 55 29 för
633 2471 200 29 densamma
852 2469 85 29 skall
955 2468 89 35 gälla
1063 2475 132 21 samma
1215 2463 329 37 kompetensvillkor
1563 2472 72 20 som

149 2531 44 30 för
215 2526 194 32 överläkare
432 2524 54 29 vid
510 2525 128 27 statens
664 2519 270 36 sinnessjukhus.
962 2519 49 28 Ett
1037 2518 156 36 yrkande
1215 2526 41 19 av
1281 2515 239 30 motsvarande
1545 2514 91 29 inne-

1680 1911 118 24 Utskotte!
