2214 2640
751 150 253 34 Statsutskottets
1034 148 167 33 Utlåtande
1224 147 62 32 N:o
1309 148 52 31 71.
1785 144 19 31 3

250 232 181 48 njutande
459 231 41 37 af
526 230 262 48 ålderstillägg
815 229 120 36 räkna
964 228 61 48 sig
1053 227 55 36 till
1136 226 100 48 godo
1266 226 73 35 den
1367 224 64 46 tid,
1462 224 74 35 han
1564 224 83 35 från
1672 222 71 36 och
1764 221 84 37 med

250 287 39 32 år
320 284 94 35 1901
446 284 69 36 och
543 283 55 37 till
627 282 58 37 sin
713 281 204 37 befordran
938 280 56 36 till
1008 277 278 38 innehafvande
1302 276 216 48 befattning
1533 278 48 46 på
1597 273 252 38 förordnande

252 335 208 49 uppehållit
500 333 284 49 revisorstjänst
824 332 70 36 hos
939 331 186 50 styrelsen
1159 328 83 37 med
1272 327 171 48 aflöning
1472 330 20 33 å
1520 331 104 32 extra
1658 331 90 39 stat;
1778 324 69 37 och

252 386 95 37 hade
388 386 217 49 Riksdagen
646 384 138 37 bifallit
825 383 99 37 hvad
966 381 157 38 sålunda
1151 380 226 48 föreslagits.
1433 379 59 35 Då
1524 377 198 37 enahanda
1754 376 94 46 skäl,

251 451 81 23 som
374 437 188 36 föranledt
602 436 204 36 aflåtandet
847 435 42 35 af
925 432 254 51 nyssberörda
1218 430 248 51 proposition,
1505 435 130 42 syntes
1663 428 187 48 föreligga

252 490 59 36 för
337 489 211 36 beredande
577 491 37 33 åt
641 487 165 49 Delphin
834 486 42 36 af
898 490 78 31 rätt
996 490 54 30 att
1069 482 278 50 tillgodoräkna
1367 481 60 48 sig
1447 480 250 36 omförmälda
1716 479 133 49 tjänst-

251 539 216 50 göringstid
508 540 12 35 i
561 539 70 36 och
674 538 58 36 för
760 536 223 49 åtnjutande
1020 535 40 36 af
1085 534 273 46 ålderstillägg,
1388 532 96 36 hade
1511 531 187 49 styrelsen
1726 535 124 31 ansett

253 592 61 48 sig
341 591 93 36 böra
461 596 94 43 göra
582 589 282 48 framställning
891 588 13 35 i
933 587 134 36 sådant
1095 585 109 49 syfte.

384 641 289 45 Statskontoret,
694 641 113 35 hvars
825 638 178 50 yttrande
1022 637 217 45 inhämtats,
1260 636 68 35 har
1347 635 12 36 i
1385 633 253 48 underdånigt
1657 632 194 36 utlåtande

254 694 72 36 den
368 695 47 34 23
458 694 72 48 maj
578 694 109 45 1908,
729 691 120 37 under
890 688 237 50 åberopande
1168 687 41 36 af
1239 686 143 49 Kungl.
1413 685 127 48 Maj:ts
1568 685 70 36 och
1665 685 96 35 1906
1792 686 59 33 års

254 745 189 49 Riksdags
484 744 249 37 förenämnda
761 743 124 36 beslut
917 742 12 36 i
959 741 107 49 fråga
1094 753 61 23 om
1182 739 237 36 revisorerna
1447 737 159 36 friherre
1634 735 217 37 Klinckow-

255 802 116 31 ström
413 796 70 37 och
526 796 245 49 Plagemann,
800 793 198 50 tillstyrkt,
1036 797 54 31 att
1117 790 234 38 beträffande
1379 788 165 50 Delphin
1572 787 281 48 framställning

254 848 57 36 till
351 848 220 49 Riksdagen
612 850 114 33 måtte
766 851 114 44 göras
910 845 12 36 i
957 845 63 36 det
1047 843 42 36 af
1112 842 413 50 generaltullstyrelsen
1554 839 157 49 angifna
1739 837 111 50 syfte.

385 951 135 48 Enligt
546 949 101 37 hvad
676 949 75 36 den
782 946 175 38 lämnade
985 945 256 48 utredningen
1270 944 113 46 visar,
1412 944 68 35 har
1507 941 165 49 Delphin
1700 942 48 47 på
1776 940 76 36 för-

256 1003 195 40 ordnande
480 1002 80 36 dels
591 1000 121 36 under
740 999 105 36 tiden
873 999 86 36 från
987 997 71 36 och
1086 997 86 36 med
1201 997 198 48 ingången
1428 994 40 37 af
1494 996 40 34 år
1565 994 96 35 1901
1691 991 59 37 till
1779 991 73 36 den

259 1060 17 34 1
303 1055 72 50 juli
406 1055 95 35 1907
529 1052 210 50 uppehållit
757 1051 263 49 registrators-
1040 1048 70 37 och
1130 1046 444 48 aktuariebefattningen
1593 1044 70 37 hos
1681 1043 172 50 general-

256 1106 276 50 tullstyrelsen,
563 1104 77 37 dels
670 1104 70 37 ock
768 1103 121 36 under
916 1101 106 37 tiden
1052 1100 83 37 från
1163 1098 237 38 sistnämnda
1428 1098 77 48 dag
1532 1096 57 37 till
1618 1096 74 36 den
1723 1097 17 34 1
1758 1095 95 49 april

261 1161 109 45 1908,
400 1158 47 36 då
474 1156 164 50 Delphin
666 1155 86 37 med
780 1153 178 38 fullmakt
978 1152 191 37 tillträdde
1191 1150 261 39 förstnämnda
1471 1150 130 48 tjänst,
1622 1160 46 24 en
1689 1147 163 36 notarie-

256 1211 220 47 befattning
504 1209 69 36 hos
601 1220 143 24 samma
772 1207 171 49 styrelse.

386 1260 111 37 Hvad
534 1260 47 36 då
613 1260 94 36 först
736 1261 119 46 angår
883 1256 274 37 förordnandet
1184 1256 59 36 för
1269 1255 105 36 tiden
1403 1253 58 37 till
1489 1253 73 36 den
1594 1254 17 34 1
1637 1250 73 50 juli
1740 1252 111 45 1907,

257 1316 69 36 har
353 1314 221 44 detsamma,
604 1313 124 35 såsom
756 1310 116 36 redan
900 1308 198 48 angifvits,
1127 1307 210 37 föranledts
1357 1305 118 47 däraf,
1497 1309 54 32 att
1571 1303 73 37 den
1664 1302 188 37 ordinarie

257 1366 253 50 registratorn
538 1363 70 37 och
637 1362 200 36 aktuarien
864 1360 101 36 varit
993 1359 203 37 förordnad
1225 1363 56 32 att
1309 1357 165 37 förvalta
1497 1369 47 24 en
1563 1354 289 37 notariebefatt-

258 1419 96 47 ning
395 1418 21 34 å
457 1421 106 31 extra
604 1419 86 31 stat.
745 1411 304 38 Förhållandena
1089 1410 86 37 med
1211 1408 176 38 afseende
1415 1409 92 35 härå
1534 1412 64 32 äro
1626 1405 228 48 visserligen

258 1470 85 37 icke
370 1468 87 37 fullt
486 1467 161 48 analoga
675 1464 86 38 med
789 1464 64 37 det
882 1463 79 48 fall,
991 1463 47 36 då
1064 1462 109 49 fråga
1201 1475 61 23 om
1281 1460 263 48 ålderstillägg
1563 1461 38 34 åt
1620 1457 233 38 förbemälde

258 1522 163 36 friherre
445 1518 320 38 Klinckowström
795 1516 70 37 och
885 1516 235 48 Plagemann
1139 1514 157 48 förelåg.
1322 1512 137 37 Medan
1474 1512 110 36 dessa
1598 1522 134 25 senare
1747 1509 106 49 fingo

259 1574 12 36 i
299 1574 111 46 fråga
437 1585 61 23 om
527 1569 263 49 ålderstillägg
818 1568 119 36 räkna
966 1567 61 48 sig
1054 1566 58 36 till
1140 1566 100 48 godo
1269 1564 67 47 tid,
1366 1564 47 36 då
1441 1564 46 36 de
1513 1561 162 38 bestridt
1694 1561 161 48 tjänster

260 1628 21 34 å
310 1630 107 31 extra
444 1628 87 41 stat,
560 1622 68 36 har
657 1621 165 49 Delphin
851 1620 83 36 icke
961 1618 121 37 under
1110 1618 66 47 tid,
1206 1618 156 35 hvarom
1390 1629 52 23 nu
1471 1620 41 31 är
1531 1615 123 47 fråga,
1674 1613 182 36 förvaltat

261 1678 119 48 tjänst
421 1678 21 34 å
483 1674 105 49 dylik
628 1678 87 42 stat,
748 1677 93 31 utan
869 1671 12 36 i
910 1671 128 36 stället
1064 1673 48 46 på
1140 1667 255 39 förordnande
1424 1666 214 50 uppehållit
1666 1664 190 37 ordinarie

261 1727 229 48 befattning.
538 1725 88 37 Men
653 1725 13 36 i
693 1723 271 49 verkligheten
992 1722 107 37 torde
1127 1721 97 37 dock
1253 1720 124 37 denna
1405 1717 204 38 åtskillnad
1636 1717 12 36 i
1677 1716 178 37 afseende

261 1783 48 46 på
337 1778 312 50 tjänstgöringen
677 1789 92 23 vara
797 1788 104 24 mera
928 1774 160 37 formell.

389 1831 83 36 Den
514 1828 188 38 ordinarie
744 1828 252 48 registratorn
1037 1826 71 36 och
1142 1823 206 48 aktuarien,
1378 1822 175 36 hvilkens
1581 1820 120 49 tjänst
1728 1819 130 37 tillhör

262 1884 121 36 första
418 1881 247 49 lönegraden,
703 1880 80 46 har,
814 1881 124 34 såsom
967 1878 116 36 redan
1111 1876 195 48 angifvits,
1337 1874 119 37 under
1483 1871 292 50 ifrågavarande
1803 1871 54 36 tid

263 1935 100 37 varit
383 1933 203 38 förordnad
606 1938 55 31 att
680 1931 204 50 uppehålla
905 1930 72 37 den
993 1936 108 30 extra
1119 1926 423 48 notariebefattningen.
1600 1924 105 36 Hans
1724 1923 135 49 tjänst-

267 1987 141 49 göring
435 1986 64 36 vid
526 1984 264 49 registrators-
820 1983 71 37 och
921 1981 338 49 aktuarietjänsten
1287 1979 69 36 har
1385 1978 47 36 då
1459 1977 178 49 upphört,
1667 1975 71 37 och
1758 1975 41 36 af
1815 1975 45 36 de

263 2039 84 37 med
377 2051 144 24 samma
548 2038 119 46 tjänst
696 2035 179 37 förenade
894 2034 280 36 löneförmåner
1193 2032 67 35 har
1280 2031 76 35 han
1375 2030 83 36 haft
1477 2034 55 31 att
1550 2028 59 37 till
1629 2028 58 37 sin
1703 2026 156 48 vikarie,

264 2091 170 37 bemälde
475 2088 175 50 Delphin,
689 2088 96 36 afstå
822 2091 54 32 ett
904 2091 79 31 mot
1010 2085 329 36 löneförmånerna
1367 2081 65 37 vid
1461 2081 72 36 den
1562 2085 107 31 extra
1696 2078 163 37 notarie-

264 2143 268 48 befattningen
560 2139 185 38 svarande
773 2138 149 49 belopp.
978 2136 129 38 Under
1136 2138 51 45 år,
1217 2135 47 36 då
1291 2134 253 48 registratorn
1572 2132 71 36 och
1664 2130 197 37 aktuarien

265 2195 82 36 icke
374 2195 97 35 varit
498 2192 217 49 berättigad
739 2191 57 36 till
816 2189 261 48 ålderstillägg
1099 2191 20 34 å
1138 2186 260 50 registrators-
1418 2185 71 37 och
1510 2183 351 49 aktuarietjänsten,

264 2247 69 35 har
360 2246 76 36 han
464 2245 133 37 afstått
625 2244 86 36 från
739 2243 72 36 alla
839 2242 46 37 de
915 2241 86 37 med
1034 2241 124 36 denna
1186 2239 123 49 tjänst
1329 2237 179 37 förenade
1528 2236 202 37 förmåner.
1781 2234 82 38 Den

1871 948 202 31 Deparlements-

1919 983 105 30 chefens

1909 1018 128 31 yttrande.
