<?xml version="1.0" encoding="UTF-8"?>
<alto xmlns="http://www.loc.gov/standards/alto/ns-v3#" xmlns:xlink="http://www.w3.org/1999/xlink" xmlns:xsi="http://www.w3.org/2001/XMLSchema-instance" xsi:schemaLocation="http://www.loc.gov/standards/alto/ns-v3# http://www.loc.gov/alto/v3/alto-3-0.xsd">
	<Description>
		<MeasurementUnit>pixel</MeasurementUnit>
		<sourceImageInformation>
			<fileName>/tmp/tess_h064s4fc_input.PNG</fileName>
		</sourceImageInformation>
		<OCRProcessing ID="OCR_0">
			<ocrProcessingStep>
				<processingSoftware>
					<softwareName>tesseract 5.3.0</softwareName>
				</processingSoftware>
			</ocrProcessingStep>
		</OCRProcessing>
	</Description>
	<Layout>
		<Page WIDTH="2105" HEIGHT="2650" PHYSICAL_IMG_NR="0" ID="page_0">
			<PrintSpace HPOS="0" VPOS="0" WIDTH="2105" HEIGHT="2650">
				<ComposedBlock ID="cblock_0" HPOS="379" VPOS="209" WIDTH="1384" HEIGHT="42">
					<TextBlock ID="block_0" HPOS="379" VPOS="209" WIDTH="1384" HEIGHT="42">
						<TextLine ID="line_0" HPOS="379" VPOS="209" WIDTH="1384" HEIGHT="42">
							<String ID="string_0" HPOS="379" VPOS="211" WIDTH="112" HEIGHT="31" WC="0.96" CONTENT="Andra"/><SP WIDTH="27" VPOS="211" HPOS="491"/>
							<String ID="string_1" HPOS="518" VPOS="210" WIDTH="214" HEIGHT="31" WC="0.93" CONTENT="Kammarens"/><SP WIDTH="25" VPOS="210" HPOS="732"/>
							<String ID="string_2" HPOS="757" VPOS="209" WIDTH="183" HEIGHT="40" WC="0.93" CONTENT="Tillfälliga"/><SP WIDTH="30" VPOS="209" HPOS="940"/>
							<String ID="string_3" HPOS="970" VPOS="209" WIDTH="146" HEIGHT="33" WC="0.92" CONTENT="Utskotts"/><SP WIDTH="24" VPOS="209" HPOS="1116"/>
							<String ID="string_4" HPOS="1140" VPOS="211" WIDTH="78" HEIGHT="40" WC="0.95" CONTENT="(N:o"/><SP WIDTH="25" VPOS="211" HPOS="1218"/>
							<String ID="string_5" HPOS="1243" VPOS="212" WIDTH="38" HEIGHT="36" WC="0.96" CONTENT="2)"/><SP WIDTH="30" VPOS="212" HPOS="1281"/>
							<String ID="string_6" HPOS="1311" VPOS="210" WIDTH="176" HEIGHT="33" WC="0.96" CONTENT="Utlåtande"/><SP WIDTH="25" VPOS="210" HPOS="1487"/>
							<String ID="string_7" HPOS="1512" VPOS="211" WIDTH="63" HEIGHT="32" WC="0.94" CONTENT="N:o"/><SP WIDTH="33" VPOS="211" HPOS="1575"/>
							<String ID="string_8" HPOS="1608" VPOS="214" WIDTH="25" HEIGHT="27" WC="0.73" CONTENT="1."/><SP WIDTH="114" VPOS="214" HPOS="1633"/>
							<String ID="string_9" HPOS="1747" VPOS="217" WIDTH="16" HEIGHT="25" WC="0.96" CONTENT="3"/>
						</TextLine>
					</TextBlock>
				</ComposedBlock>
				<ComposedBlock ID="cblock_1" HPOS="200" VPOS="291" WIDTH="1623" HEIGHT="2037">
					<TextBlock ID="block_1" HPOS="200" VPOS="291" WIDTH="1603" HEIGHT="241">
						<TextLine ID="line_1" HPOS="200" VPOS="291" WIDTH="1603" HEIGHT="49">
							<String ID="string_10" HPOS="200" VPOS="292" WIDTH="108" HEIGHT="37" WC="0.93" CONTENT="lande"/><SP WIDTH="28" VPOS="292" HPOS="308"/>
							<String ID="string_11" HPOS="336" VPOS="291" WIDTH="375" HEIGHT="49" WC="0.90" CONTENT="helsovårdsstadgas"/><SP WIDTH="28" VPOS="291" HPOS="711"/>
							<String ID="string_12" HPOS="739" VPOS="291" WIDTH="238" HEIGHT="47" WC="0.96" CONTENT="föreskrifter,"/><SP WIDTH="29" VPOS="291" HPOS="977"/>
							<String ID="string_13" HPOS="1006" VPOS="292" WIDTH="91" HEIGHT="36" WC="0.96" CONTENT="huru"/><SP WIDTH="31" VPOS="292" HPOS="1097"/>
							<String ID="string_14" HPOS="1128" VPOS="292" WIDTH="43" HEIGHT="36" WC="0.96" CONTENT="de"/><SP WIDTH="30" VPOS="292" HPOS="1171"/>
							<String ID="string_15" HPOS="1201" VPOS="297" WIDTH="44" HEIGHT="31" WC="0.96" CONTENT="än"/><SP WIDTH="31" VPOS="297" HPOS="1245"/>
							<String ID="string_16" HPOS="1276" VPOS="295" WIDTH="58" HEIGHT="34" WC="0.96" CONTENT="må"/><SP WIDTH="24" VPOS="295" HPOS="1334"/>
							<String ID="string_17" HPOS="1358" VPOS="292" WIDTH="98" HEIGHT="36" WC="0.79" CONTENT="mom"/><SP WIDTH="26" VPOS="292" HPOS="1456"/>
							<String ID="string_18" HPOS="1482" VPOS="293" WIDTH="321" HEIGHT="37" WC="0.91" CONTENT="landtkommuner"/>
						</TextLine>
						<TextLine ID="line_2" HPOS="200" VPOS="342" WIDTH="1598" HEIGHT="52">
							<String ID="string_19" HPOS="200" VPOS="344" WIDTH="198" HEIGHT="48" WC="0.96" CONTENT="tillämpas,"/><SP WIDTH="42" VPOS="344" HPOS="398"/>
							<String ID="string_20" HPOS="440" VPOS="343" WIDTH="119" HEIGHT="36" WC="0.96" CONTENT="lemna"/><SP WIDTH="42" VPOS="343" HPOS="559"/>
							<String ID="string_21" HPOS="601" VPOS="345" WIDTH="122" HEIGHT="46" WC="0.95" CONTENT="någon"/><SP WIDTH="29" VPOS="345" HPOS="723"/>
							<String ID="string_22" HPOS="752" VPOS="342" WIDTH="152" HEIGHT="45" WC="0.95" CONTENT="visshet,"/><SP WIDTH="31" VPOS="342" HPOS="904"/>
							<String ID="string_23" HPOS="935" VPOS="342" WIDTH="60" HEIGHT="36" WC="0.96" CONTENT="det"/><SP WIDTH="32" VPOS="342" HPOS="995"/>
							<String ID="string_24" HPOS="1027" VPOS="343" WIDTH="80" HEIGHT="36" WC="0.95" CONTENT="icke"/><SP WIDTH="37" VPOS="343" HPOS="1107"/>
							<String ID="string_25" HPOS="1144" VPOS="343" WIDTH="194" HEIGHT="37" WC="0.96" CONTENT="utländska,"/><SP WIDTH="43" VPOS="343" HPOS="1338"/>
							<String ID="string_26" HPOS="1381" VPOS="344" WIDTH="11" HEIGHT="35" WC="0.90" CONTENT="i"/><SP WIDTH="28" VPOS="344" HPOS="1392"/>
							<String ID="string_27" HPOS="1420" VPOS="344" WIDTH="144" HEIGHT="49" WC="0.96" CONTENT="ganska"/><SP WIDTH="32" VPOS="344" HPOS="1564"/>
							<String ID="string_28" HPOS="1596" VPOS="344" WIDTH="202" HEIGHT="50" WC="0.96" CONTENT="betänkligt"/>
						</TextLine>
						<TextLine ID="line_3" HPOS="200" VPOS="373" WIDTH="1600" HEIGHT="74">
							<String ID="string_29" HPOS="200" VPOS="394" WIDTH="168" HEIGHT="37" WC="0.94" CONTENT="tillstånd"/><SP WIDTH="31" VPOS="394" HPOS="368"/>
							<String ID="string_30" HPOS="399" VPOS="393" WIDTH="158" HEIGHT="37" WC="0.96" CONTENT="varande"/><SP WIDTH="31" VPOS="393" HPOS="557"/>
							<String ID="string_31" HPOS="588" VPOS="372" WIDTH="216" HEIGHT="58" WC="0.96" CONTENT="födoämnen"/><SP WIDTH="30" VPOS="372" HPOS="804"/>
							<String ID="string_32" HPOS="834" VPOS="399" WIDTH="92" HEIGHT="30" WC="0.96" CONTENT="trots"/><SP WIDTH="30" VPOS="399" HPOS="926"/>
							<String ID="string_33" HPOS="956" VPOS="394" WIDTH="177" HEIGHT="48" WC="0.96" CONTENT="vidtagna"/><SP WIDTH="21" VPOS="394" HPOS="1133"/>
							<String ID="string_34" HPOS="1154" VPOS="395" WIDTH="172" HEIGHT="48" WC="0.96" CONTENT="åtgärder"/><SP WIDTH="19" VPOS="395" HPOS="1326"/>
							<String ID="string_35" HPOS="1345" VPOS="373" WIDTH="124" HEIGHT="58" WC="0.29" CONTENT="kunna"/><SP WIDTH="19" VPOS="373" HPOS="1469"/>
							<String ID="string_36" HPOS="1488" VPOS="392" WIDTH="203" HEIGHT="55" WC="0.96" CONTENT="användas,"/><SP WIDTH="17" VPOS="392" HPOS="1691"/>
							<String ID="string_37" HPOS="1708" VPOS="375" WIDTH="92" HEIGHT="57" WC="0.95" CONTENT="helst"/>
						</TextLine>
						<TextLine ID="line_4" HPOS="204" VPOS="425" WIDTH="1597" HEIGHT="69">
							<String ID="string_38" HPOS="204" VPOS="459" WIDTH="77" HEIGHT="21" WC="0.95" CONTENT="som"/><SP WIDTH="30" VPOS="459" HPOS="281"/>
							<String ID="string_39" HPOS="311" VPOS="458" WIDTH="82" HEIGHT="22" WC="0.95" CONTENT="man"/><SP WIDTH="30" VPOS="458" HPOS="393"/>
							<String ID="string_40" HPOS="423" VPOS="445" WIDTH="101" HEIGHT="35" WC="0.96" CONTENT="torde"/><SP WIDTH="30" VPOS="445" HPOS="524"/>
							<String ID="string_41" HPOS="554" VPOS="445" WIDTH="123" HEIGHT="35" WC="0.96" CONTENT="kunna"/><SP WIDTH="30" VPOS="445" HPOS="677"/>
							<String ID="string_42" HPOS="707" VPOS="450" WIDTH="147" HEIGHT="42" WC="0.96" CONTENT="antaga,"/><SP WIDTH="30" VPOS="450" HPOS="854"/>
							<String ID="string_43" HPOS="884" VPOS="449" WIDTH="51" HEIGHT="30" WC="0.96" CONTENT="att"/><SP WIDTH="30" VPOS="449" HPOS="935"/>
							<String ID="string_44" HPOS="965" VPOS="444" WIDTH="42" HEIGHT="35" WC="0.95" CONTENT="de"/><SP WIDTH="30" VPOS="444" HPOS="1007"/>
							<String ID="string_45" HPOS="1037" VPOS="445" WIDTH="8" HEIGHT="35" WC="0.95" CONTENT="i"/><SP WIDTH="14" VPOS="445" HPOS="1045"/>
							<String ID="string_46" HPOS="1059" VPOS="425" WIDTH="207" HEIGHT="55" WC="0.52" CONTENT="allmänhet"/><SP WIDTH="18" VPOS="425" HPOS="1266"/>
							<String ID="string_47" HPOS="1284" VPOS="446" WIDTH="111" HEIGHT="48" WC="0.96" CONTENT="säljas"/><SP WIDTH="16" VPOS="446" HPOS="1395"/>
							<String ID="string_48" HPOS="1411" VPOS="446" WIDTH="55" HEIGHT="35" WC="0.96" CONTENT="för"/><SP WIDTH="17" VPOS="446" HPOS="1466"/>
							<String ID="string_49" HPOS="1483" VPOS="446" WIDTH="168" HEIGHT="48" WC="0.84" CONTENT="billigare"/><SP WIDTH="18" VPOS="446" HPOS="1651"/>
							<String ID="string_50" HPOS="1669" VPOS="447" WIDTH="73" HEIGHT="48" WC="0.96" CONTENT="pris"/><SP WIDTH="16" VPOS="447" HPOS="1742"/>
							<String ID="string_51" HPOS="1758" VPOS="452" WIDTH="43" HEIGHT="31" WC="0.96" CONTENT="än"/>
						</TextLine>
						<TextLine ID="line_5" HPOS="204" VPOS="474" WIDTH="674" HEIGHT="67">
							<String ID="string_52" HPOS="204" VPOS="496" WIDTH="188" HEIGHT="36" WC="0.90" CONTENT="oskadade"/><SP WIDTH="29" VPOS="496" HPOS="392"/>
							<String ID="string_53" HPOS="421" VPOS="509" WIDTH="105" HEIGHT="22" WC="0.95" CONTENT="varor"/><SP WIDTH="28" VPOS="509" HPOS="526"/>
							<String ID="string_54" HPOS="554" VPOS="495" WIDTH="34" HEIGHT="36" WC="0.95" CONTENT="af"/><SP WIDTH="30" VPOS="495" HPOS="588"/>
							<String ID="string_55" HPOS="618" VPOS="509" WIDTH="139" HEIGHT="22" WC="0.96" CONTENT="samma"/><SP WIDTH="29" VPOS="509" HPOS="757"/>
							<String ID="string_56" HPOS="786" VPOS="474" WIDTH="92" HEIGHT="67" WC="0.92" CONTENT="slag."/>
						</TextLine>
					</TextBlock>
					<TextBlock ID="block_2" HPOS="205" VPOS="523" WIDTH="1618" HEIGHT="636">
						<TextLine ID="line_6" HPOS="308" VPOS="523" WIDTH="1497" HEIGHT="75">
							<String ID="string_57" HPOS="308" VPOS="547" WIDTH="66" HEIGHT="35" WC="0.96" CONTENT="Om"/><SP WIDTH="42" VPOS="547" HPOS="374"/>
							<String ID="string_58" HPOS="416" VPOS="546" WIDTH="192" HEIGHT="49" WC="0.86" CONTENT="verkligen"/><SP WIDTH="42" VPOS="546" HPOS="608"/>
							<String ID="string_59" HPOS="650" VPOS="546" WIDTH="98" HEIGHT="36" WC="0.96" CONTENT="inom"/><SP WIDTH="29" VPOS="546" HPOS="748"/>
							<String ID="string_60" HPOS="777" VPOS="560" WIDTH="42" HEIGHT="22" WC="0.95" CONTENT="en"/><SP WIDTH="24" VPOS="560" HPOS="819"/>
							<String ID="string_61" HPOS="843" VPOS="523" WIDTH="309" HEIGHT="59" WC="0.36" CONTENT="Tandfkommuns"/><SP WIDTH="29" VPOS="523" HPOS="1152"/>
							<String ID="string_62" HPOS="1181" VPOS="547" WIDTH="394" HEIGHT="37" WC="0.91" CONTENT="helsovårdsnämnd"/><SP WIDTH="2" VPOS="547" HPOS="1575"/>
							<String ID="string_63" HPOS="1577" VPOS="549" WIDTH="118" HEIGHT="35" WC="0.0" CONTENT="funnes"/><SP WIDTH="29" VPOS="549" HPOS="1695"/>
							<String ID="string_64" HPOS="1724" VPOS="563" WIDTH="81" HEIGHT="35" WC="0.93" CONTENT="per-"/>
						</TextLine>
						<TextLine ID="line_7" HPOS="206" VPOS="597" WIDTH="1599" HEIGHT="50">
							<String ID="string_65" HPOS="206" VPOS="612" WIDTH="106" HEIGHT="22" WC="0.94" CONTENT="soner"/><SP WIDTH="41" VPOS="612" HPOS="312"/>
							<String ID="string_66" HPOS="353" VPOS="597" WIDTH="82" HEIGHT="36" WC="0.94" CONTENT="med"/><SP WIDTH="29" VPOS="597" HPOS="435"/>
							<String ID="string_67" HPOS="464" VPOS="611" WIDTH="139" HEIGHT="22" WC="0.95" CONTENT="samma"/><SP WIDTH="28" VPOS="611" HPOS="603"/>
							<String ID="string_68" HPOS="631" VPOS="598" WIDTH="204" HEIGHT="35" WC="0.96" CONTENT="erfarenhet"/><SP WIDTH="31" VPOS="598" HPOS="835"/>
							<String ID="string_69" HPOS="866" VPOS="610" WIDTH="76" HEIGHT="22" WC="0.96" CONTENT="som"/><SP WIDTH="31" VPOS="610" HPOS="942"/>
							<String ID="string_70" HPOS="973" VPOS="598" WIDTH="191" HEIGHT="36" WC="0.93" CONTENT="städernas"/><SP WIDTH="29" VPOS="598" HPOS="1164"/>
							<String ID="string_71" HPOS="1193" VPOS="598" WIDTH="288" HEIGHT="49" WC="0.91" CONTENT="sundhetspolis,"/><SP WIDTH="30" VPOS="598" HPOS="1481"/>
							<String ID="string_72" HPOS="1511" VPOS="600" WIDTH="66" HEIGHT="35" WC="0.93" CONTENT="och"/><SP WIDTH="29" VPOS="600" HPOS="1577"/>
							<String ID="string_73" HPOS="1606" VPOS="599" WIDTH="107" HEIGHT="36" WC="0.90" CONTENT="desse"/><SP WIDTH="29" VPOS="599" HPOS="1713"/>
							<String ID="string_74" HPOS="1742" VPOS="614" WIDTH="63" HEIGHT="22" WC="0.92" CONTENT="an-"/>
						</TextLine>
						<TextLine ID="line_8" HPOS="218" VPOS="647" WIDTH="1585" HEIGHT="51">
							<String ID="string_75" HPOS="218" VPOS="653" WIDTH="78" HEIGHT="43" WC="0.86" CONTENT="sågo"/><SP WIDTH="30" VPOS="653" HPOS="296"/>
							<String ID="string_76" HPOS="326" VPOS="649" WIDTH="59" HEIGHT="48" WC="0.92" CONTENT="sig"/><SP WIDTH="28" VPOS="649" HPOS="385"/>
							<String ID="string_77" HPOS="413" VPOS="662" WIDTH="68" HEIGHT="35" WC="0.90" CONTENT="ega"/><SP WIDTH="31" VPOS="662" HPOS="481"/>
							<String ID="string_78" HPOS="512" VPOS="648" WIDTH="78" HEIGHT="37" WC="0.90" CONTENT="skäl"/><SP WIDTH="33" VPOS="648" HPOS="590"/>
							<String ID="string_79" HPOS="623" VPOS="648" WIDTH="227" HEIGHT="46" WC="0.90" CONTENT="föreskrifva,"/><SP WIDTH="29" VPOS="648" HPOS="850"/>
							<String ID="string_80" HPOS="879" VPOS="647" WIDTH="60" HEIGHT="36" WC="0.96" CONTENT="det"/><SP WIDTH="30" VPOS="647" HPOS="939"/>
							<String ID="string_81" HPOS="969" VPOS="649" WIDTH="62" HEIGHT="35" WC="0.96" CONTENT="allt"/><SP WIDTH="29" VPOS="649" HPOS="1031"/>
							<String ID="string_82" HPOS="1060" VPOS="649" WIDTH="191" HEIGHT="36" WC="0.96" CONTENT="utländskt"/><SP WIDTH="29" VPOS="649" HPOS="1251"/>
							<String ID="string_83" HPOS="1280" VPOS="649" WIDTH="91" HEIGHT="44" WC="0.96" CONTENT="kött,"/><SP WIDTH="29" VPOS="649" HPOS="1371"/>
							<String ID="string_84" HPOS="1400" VPOS="649" WIDTH="94" HEIGHT="37" WC="0.95" CONTENT="fläsk"/><SP WIDTH="29" VPOS="649" HPOS="1494"/>
							<String ID="string_85" HPOS="1523" VPOS="651" WIDTH="67" HEIGHT="36" WC="0.95" CONTENT="och"/><SP WIDTH="16" VPOS="651" HPOS="1590"/>
							<String ID="string_86" HPOS="1606" VPOS="650" WIDTH="99" HEIGHT="48" WC="0.96" CONTENT="ister,"/><SP WIDTH="22" VPOS="650" HPOS="1705"/>
							<String ID="string_87" HPOS="1727" VPOS="665" WIDTH="76" HEIGHT="22" WC="0.96" CONTENT="som"/>
						</TextLine>
						<TextLine ID="line_9" HPOS="205" VPOS="675" WIDTH="1601" HEIGHT="75">
							<String ID="string_88" HPOS="205" VPOS="675" WIDTH="8" HEIGHT="61" WC="0.67" CONTENT="|"/><SP WIDTH="36" VPOS="675" HPOS="213"/>
							<String ID="string_89" HPOS="249" VPOS="679" WIDTH="234" HEIGHT="57" WC="0.71" CONTENT="dervarande"/><SP WIDTH="33" VPOS="679" HPOS="483"/>
							<String ID="string_90" HPOS="516" VPOS="700" WIDTH="115" HEIGHT="35" WC="0.93" CONTENT="bodar"/><SP WIDTH="28" VPOS="700" HPOS="631"/>
							<String ID="string_91" HPOS="659" VPOS="700" WIDTH="115" HEIGHT="35" WC="0.92" CONTENT="hölles"/><SP WIDTH="29" VPOS="700" HPOS="774"/>
							<String ID="string_92" HPOS="803" VPOS="678" WIDTH="55" HEIGHT="57" WC="0.96" CONTENT="till"/><SP WIDTH="29" VPOS="678" HPOS="858"/>
							<String ID="string_93" HPOS="887" VPOS="699" WIDTH="91" HEIGHT="48" WC="0.95" CONTENT="salu,"/><SP WIDTH="30" VPOS="699" HPOS="978"/>
							<String ID="string_94" HPOS="1008" VPOS="700" WIDTH="118" HEIGHT="36" WC="0.95" CONTENT="skulle"/><SP WIDTH="29" VPOS="700" HPOS="1126"/>
							<String ID="string_95" HPOS="1155" VPOS="700" WIDTH="230" HEIGHT="36" WC="0.96" CONTENT="undersökas"/><SP WIDTH="29" VPOS="700" HPOS="1385"/>
							<String ID="string_96" HPOS="1414" VPOS="702" WIDTH="65" HEIGHT="35" WC="0.96" CONTENT="och"/><SP WIDTH="31" VPOS="702" HPOS="1479"/>
							<String ID="string_97" HPOS="1510" VPOS="702" WIDTH="39" HEIGHT="35" WC="0.96" CONTENT="af"/><SP WIDTH="25" VPOS="702" HPOS="1549"/>
							<String ID="string_98" HPOS="1574" VPOS="702" WIDTH="232" HEIGHT="48" WC="0.95" CONTENT="vederbörlig"/>
						</TextLine>
						<TextLine ID="line_10" HPOS="208" VPOS="729" WIDTH="1599" HEIGHT="71">
							<String ID="string_99" HPOS="208" VPOS="765" WIDTH="128" HEIGHT="43" WC="0.88" CONTENT="person"/><SP WIDTH="43" VPOS="765" HPOS="336"/>
							<String ID="string_100" HPOS="379" VPOS="751" WIDTH="189" HEIGHT="48" WC="0.88" CONTENT="stämplas,"/><SP WIDTH="30" VPOS="751" HPOS="568"/>
							<String ID="string_101" HPOS="598" VPOS="751" WIDTH="110" HEIGHT="36" WC="0.51" CONTENT="imnan"/><SP WIDTH="35" VPOS="751" HPOS="708"/>
							<String ID="string_102" HPOS="743" VPOS="751" WIDTH="59" HEIGHT="35" WC="0.95" CONTENT="det"/><SP WIDTH="33" VPOS="751" HPOS="802"/>
							<String ID="string_103" HPOS="835" VPOS="752" WIDTH="99" HEIGHT="45" WC="0.96" CONTENT="finge"/><SP WIDTH="27" VPOS="752" HPOS="934"/>
							<String ID="string_104" HPOS="961" VPOS="729" WIDTH="175" HEIGHT="70" WC="0.92" CONTENT="utbjudas"/><SP WIDTH="28" VPOS="729" HPOS="1136"/>
							<String ID="string_105" HPOS="1164" VPOS="751" WIDTH="55" HEIGHT="36" WC="0.96" CONTENT="till"/><SP WIDTH="29" VPOS="751" HPOS="1219"/>
							<String ID="string_106" HPOS="1248" VPOS="751" WIDTH="259" HEIGHT="42" WC="0.96" CONTENT="allmänheten,"/><SP WIDTH="30" VPOS="751" HPOS="1507"/>
							<String ID="string_107" HPOS="1537" VPOS="756" WIDTH="38" HEIGHT="33" WC="0.96" CONTENT="så"/><SP WIDTH="30" VPOS="756" HPOS="1575"/>
							<String ID="string_108" HPOS="1605" VPOS="753" WIDTH="119" HEIGHT="36" WC="0.96" CONTENT="skulle"/><SP WIDTH="27" VPOS="753" HPOS="1724"/>
							<String ID="string_109" HPOS="1751" VPOS="733" WIDTH="56" HEIGHT="57" WC="0.96" CONTENT="för"/>
						</TextLine>
						<TextLine ID="line_11" HPOS="207" VPOS="779" WIDTH="1596" HEIGHT="112">
							<String ID="string_110" HPOS="207" VPOS="816" WIDTH="99" HEIGHT="22" WC="0.91" CONTENT="visso"/><SP WIDTH="41" VPOS="816" HPOS="306"/>
							<String ID="string_111" HPOS="347" VPOS="801" WIDTH="290" HEIGHT="36" WC="0.88" CONTENT="öfvervakandet"/><SP WIDTH="42" VPOS="801" HPOS="637"/>
							<String ID="string_112" HPOS="679" VPOS="803" WIDTH="39" HEIGHT="34" WC="0.95" CONTENT="af"/><SP WIDTH="35" VPOS="803" HPOS="718"/>
							<String ID="string_113" HPOS="753" VPOS="807" WIDTH="50" HEIGHT="30" WC="0.93" CONTENT="ett"/><SP WIDTH="43" VPOS="807" HPOS="803"/>
							<String ID="string_114" HPOS="846" VPOS="779" WIDTH="131" HEIGHT="112" WC="0.66" CONTENT="sädant"/><SP WIDTH="27" VPOS="779" HPOS="977"/>
							<String ID="string_115" HPOS="1004" VPOS="802" WIDTH="142" HEIGHT="48" WC="0.91" CONTENT="påbuds"/><SP WIDTH="30" VPOS="802" HPOS="1146"/>
							<String ID="string_116" HPOS="1176" VPOS="802" WIDTH="169" HEIGHT="36" WC="0.95" CONTENT="hållande"/><SP WIDTH="41" VPOS="802" HPOS="1345"/>
							<String ID="string_117" HPOS="1386" VPOS="797" WIDTH="118" HEIGHT="42" WC="0.93" CONTENT="blifva"/><SP WIDTH="24" VPOS="797" HPOS="1504"/>
							<String ID="string_118" HPOS="1528" VPOS="805" WIDTH="166" HEIGHT="35" WC="0.92" CONTENT="förenadt"/><SP WIDTH="30" VPOS="805" HPOS="1694"/>
							<String ID="string_119" HPOS="1724" VPOS="805" WIDTH="79" HEIGHT="36" WC="0.97" CONTENT="med"/>
						</TextLine>
						<TextLine ID="line_12" HPOS="206" VPOS="852" WIDTH="1600" HEIGHT="52">
							<String ID="string_120" HPOS="206" VPOS="859" WIDTH="74" HEIGHT="30" WC="0.89" CONTENT="rent"/><SP WIDTH="47" VPOS="859" HPOS="280"/>
							<String ID="string_121" HPOS="327" VPOS="853" WIDTH="38" HEIGHT="36" WC="0.91" CONTENT="af"/><SP WIDTH="35" VPOS="853" HPOS="365"/>
							<String ID="string_122" HPOS="400" VPOS="852" WIDTH="192" HEIGHT="49" WC="0.93" CONTENT="praktiska"/><SP WIDTH="43" VPOS="852" HPOS="592"/>
							<String ID="string_123" HPOS="635" VPOS="853" WIDTH="273" HEIGHT="49" WC="0.89" CONTENT="omöjligheter;"/><SP WIDTH="36" VPOS="853" HPOS="908"/>
							<String ID="string_124" HPOS="944" VPOS="848" WIDTH="33" HEIGHT="60" WC="0.96" CONTENT="ty"/><SP WIDTH="32" VPOS="848" HPOS="977"/>
							<String ID="string_125" HPOS="1009" VPOS="854" WIDTH="105" HEIGHT="35" WC="0.95" CONTENT="hvem"/><SP WIDTH="30" VPOS="854" HPOS="1114"/>
							<String ID="string_126" HPOS="1144" VPOS="853" WIDTH="118" HEIGHT="37" WC="0.95" CONTENT="skulle"/><SP WIDTH="28" VPOS="853" HPOS="1262"/>
							<String ID="string_127" HPOS="1290" VPOS="853" WIDTH="59" HEIGHT="36" WC="0.95" CONTENT="väl"/><SP WIDTH="29" VPOS="853" HPOS="1349"/>
							<String ID="string_128" HPOS="1378" VPOS="867" WIDTH="108" HEIGHT="24" WC="0.95" CONTENT="anses"/><SP WIDTH="29" VPOS="867" HPOS="1486"/>
							<String ID="string_129" HPOS="1515" VPOS="854" WIDTH="214" HEIGHT="50" WC="0.93" CONTENT="kompetent"/><SP WIDTH="27" VPOS="854" HPOS="1729"/>
							<String ID="string_130" HPOS="1756" VPOS="857" WIDTH="50" HEIGHT="35" WC="0.68" CONTENT="af-"/>
						</TextLine>
						<TextLine ID="line_13" HPOS="206" VPOS="858" WIDTH="1600" HEIGHT="95">
							<String ID="string_131" HPOS="206" VPOS="910" WIDTH="103" HEIGHT="41" WC="0.94" CONTENT="göra,"/><SP WIDTH="29" VPOS="910" HPOS="309"/>
							<String ID="string_132" HPOS="338" VPOS="904" WIDTH="180" HEIGHT="35" WC="0.95" CONTENT="huruvida"/><SP WIDTH="37" VPOS="904" HPOS="518"/>
							<String ID="string_133" HPOS="555" VPOS="918" WIDTH="152" HEIGHT="21" WC="0.96" CONTENT="varorna"/><SP WIDTH="32" VPOS="918" HPOS="707"/>
							<String ID="string_134" HPOS="739" VPOS="904" WIDTH="85" HEIGHT="35" WC="0.96" CONTENT="verk"/><SP WIDTH="6" VPOS="904" HPOS="824"/>
							<String ID="string_135" HPOS="830" VPOS="883" WIDTH="98" HEIGHT="69" WC="0.54" CONTENT="cn"/><SP WIDTH="25" VPOS="883" HPOS="928"/>
							<String ID="string_136" HPOS="953" VPOS="858" WIDTH="15" HEIGHT="33" WC="0.9" CONTENT="AN"/><SP WIDTH="-14" VPOS="858" HPOS="968"/>
							<String ID="string_137" HPOS="954" VPOS="896" WIDTH="89" HEIGHT="43" WC="0.96" CONTENT="vore"/><SP WIDTH="30" VPOS="896" HPOS="1043"/>
							<String ID="string_138" HPOS="1073" VPOS="905" WIDTH="39" HEIGHT="35" WC="0.95" CONTENT="af"/><SP WIDTH="23" VPOS="905" HPOS="1112"/>
							<String ID="string_139" HPOS="1135" VPOS="904" WIDTH="175" HEIGHT="36" WC="0.96" CONTENT="utländsk"/><SP WIDTH="30" VPOS="904" HPOS="1310"/>
							<String ID="string_140" HPOS="1340" VPOS="905" WIDTH="234" HEIGHT="48" WC="0.96" CONTENT="produktion,"/><SP WIDTH="29" VPOS="905" HPOS="1574"/>
							<String ID="string_141" HPOS="1603" VPOS="907" WIDTH="66" HEIGHT="35" WC="0.93" CONTENT="och"/><SP WIDTH="30" VPOS="907" HPOS="1669"/>
							<String ID="string_142" HPOS="1699" VPOS="907" WIDTH="107" HEIGHT="36" WC="0.92" CONTENT="hvar-"/>
						</TextLine>
						<TextLine ID="line_14" HPOS="206" VPOS="951" WIDTH="1600" HEIGHT="91">
							<String ID="string_143" HPOS="206" VPOS="951" WIDTH="56" HEIGHT="40" WC="0.82" CONTENT="till"/><SP WIDTH="42" VPOS="951" HPOS="262"/>
							<String ID="string_144" HPOS="304" VPOS="954" WIDTH="118" HEIGHT="36" WC="0.87" CONTENT="skulle"/><SP WIDTH="42" VPOS="954" HPOS="422"/>
							<String ID="string_145" HPOS="464" VPOS="954" WIDTH="59" HEIGHT="36" WC="0.92" CONTENT="det"/><SP WIDTH="42" VPOS="954" HPOS="523"/>
							<String ID="string_146" HPOS="565" VPOS="955" WIDTH="110" HEIGHT="86" WC="0.18" CONTENT="Höna,"/><SP WIDTH="43" VPOS="955" HPOS="675"/>
							<String ID="string_147" HPOS="718" VPOS="960" WIDTH="52" HEIGHT="30" WC="0.96" CONTENT="att"/><SP WIDTH="32" VPOS="960" HPOS="770"/>
							<String ID="string_148" HPOS="802" VPOS="968" WIDTH="45" HEIGHT="23" WC="0.95" CONTENT="en"/><SP WIDTH="12" VPOS="968" HPOS="847"/>
							<String ID="string_149" HPOS="859" VPOS="936" WIDTH="194" HEIGHT="55" WC="0.94" CONTENT="kommun"/><SP WIDTH="32" VPOS="936" HPOS="1053"/>
							<String ID="string_150" HPOS="1085" VPOS="955" WIDTH="152" HEIGHT="36" WC="0.94" CONTENT="kostade"/><SP WIDTH="29" VPOS="955" HPOS="1237"/>
							<String ID="string_151" HPOS="1266" VPOS="958" WIDTH="47" HEIGHT="84" WC="0.28" CONTENT="gå"/><SP WIDTH="30" VPOS="958" HPOS="1313"/>
							<String ID="string_152" HPOS="1343" VPOS="956" WIDTH="154" HEIGHT="36" WC="0.95" CONTENT="kontroll"/><SP WIDTH="30" VPOS="956" HPOS="1497"/>
							<String ID="string_153" HPOS="1527" VPOS="957" WIDTH="54" HEIGHT="35" WC="0.95" CONTENT="för"/><SP WIDTH="28" VPOS="957" HPOS="1581"/>
							<String ID="string_154" HPOS="1609" VPOS="964" WIDTH="53" HEIGHT="29" WC="0.92" CONTENT="att"/><SP WIDTH="27" VPOS="964" HPOS="1662"/>
							<String ID="string_155" HPOS="1689" VPOS="958" WIDTH="117" HEIGHT="35" WC="0.91" CONTENT="öfver-"/>
						</TextLine>
						<TextLine ID="line_15" HPOS="210" VPOS="1005" WIDTH="1613" HEIGHT="47">
							<String ID="string_156" HPOS="210" VPOS="1006" WIDTH="91" HEIGHT="36" WC="0.95" CONTENT="vaka"/><SP WIDTH="43" VPOS="1006" HPOS="301"/>
							<String ID="string_157" HPOS="344" VPOS="1006" WIDTH="60" HEIGHT="35" WC="0.95" CONTENT="det"/><SP WIDTH="42" VPOS="1006" HPOS="404"/>
							<String ID="string_158" HPOS="446" VPOS="1019" WIDTH="42" HEIGHT="22" WC="0.96" CONTENT="en"/><SP WIDTH="32" VPOS="1019" HPOS="488"/>
							<String ID="string_159" HPOS="520" VPOS="1005" WIDTH="102" HEIGHT="48" WC="0.96" CONTENT="dylik"/><SP WIDTH="32" VPOS="1005" HPOS="622"/>
							<String ID="string_160" HPOS="654" VPOS="1006" WIDTH="183" HEIGHT="35" WC="0.93" CONTENT="föreskrift"/><SP WIDTH="30" VPOS="1006" HPOS="837"/>
							<String ID="string_161" HPOS="867" VPOS="1006" WIDTH="116" HEIGHT="36" WC="0.91" CONTENT="hölles"/><SP WIDTH="29" VPOS="1006" HPOS="983"/>
							<String ID="string_162" HPOS="1012" VPOS="1006" WIDTH="10" HEIGHT="35" WC="0.93" CONTENT="i"/><SP WIDTH="29" VPOS="1006" HPOS="1022"/>
							<String ID="string_163" HPOS="1051" VPOS="1006" WIDTH="124" HEIGHT="48" WC="0.91" CONTENT="helgd,"/><SP WIDTH="29" VPOS="1006" HPOS="1175"/>
							<String ID="string_164" HPOS="1204" VPOS="1006" WIDTH="81" HEIGHT="46" WC="0.96" CONTENT="då"/><SP WIDTH="-7" VPOS="1006" HPOS="1285"/>
							<String ID="string_165" HPOS="1278" VPOS="1001" WIDTH="47" HEIGHT="57" WC="0.96" CONTENT="ju"/><SP WIDTH="19" VPOS="1001" HPOS="1325"/>
							<String ID="string_166" HPOS="1344" VPOS="1020" WIDTH="138" HEIGHT="23" WC="0.95" CONTENT="samma"/><SP WIDTH="34" VPOS="1020" HPOS="1482"/>
							<String ID="string_167" HPOS="1516" VPOS="1007" WIDTH="196" HEIGHT="37" WC="0.92" CONTENT="kommuns"/><SP WIDTH="38" VPOS="1007" HPOS="1712"/>
							<String ID="string_168" HPOS="1750" VPOS="1009" WIDTH="73" HEIGHT="36" WC="0.75" CONTENT="in-&#39;"/>
						</TextLine>
						<TextLine ID="line_16" HPOS="223" VPOS="1020" WIDTH="1581" HEIGHT="87">
							<String ID="string_169" HPOS="223" VPOS="1060" WIDTH="119" HEIGHT="32" WC="0.58" CONTENT="rånare"/><SP WIDTH="28" VPOS="1060" HPOS="342"/>
							<String ID="string_170" HPOS="370" VPOS="1057" WIDTH="53" HEIGHT="35" WC="0.94" CONTENT="uti"/><SP WIDTH="29" VPOS="1057" HPOS="423"/>
							<String ID="string_171" HPOS="452" VPOS="1044" WIDTH="173" HEIGHT="59" WC="0.96" CONTENT="samtliga"/><SP WIDTH="28" VPOS="1044" HPOS="625"/>
							<String ID="string_172" HPOS="653" VPOS="1057" WIDTH="259" HEIGHT="47" WC="0.96" CONTENT="angränsande"/><SP WIDTH="30" VPOS="1057" HPOS="912"/>
							<String ID="string_173" HPOS="942" VPOS="1057" WIDTH="156" HEIGHT="36" WC="0.96" CONTENT="socknar"/><SP WIDTH="15" VPOS="1057" HPOS="1098"/>
							<String ID="string_174" HPOS="1113" VPOS="1036" WIDTH="135" HEIGHT="57" WC="0.55" CONTENT="kunde"/><SP WIDTH="24" VPOS="1036" HPOS="1248"/>
							<String ID="string_175" HPOS="1272" VPOS="1020" WIDTH="101" HEIGHT="86" WC="0.68" CONTENT="köpa"/><SP WIDTH="20" VPOS="1020" HPOS="1373"/>
							<String ID="string_176" HPOS="1393" VPOS="1058" WIDTH="44" HEIGHT="36" WC="0.96" CONTENT="de"/><SP WIDTH="21" VPOS="1058" HPOS="1437"/>
							<String ID="string_177" HPOS="1458" VPOS="1058" WIDTH="172" HEIGHT="49" WC="0.96" CONTENT="skadliga"/><SP WIDTH="33" VPOS="1058" HPOS="1630"/>
							<String ID="string_178" HPOS="1663" VPOS="1073" WIDTH="141" HEIGHT="23" WC="0.96" CONTENT="varorna"/>
						</TextLine>
						<TextLine ID="line_17" HPOS="206" VPOS="1107" WIDTH="1600" HEIGHT="52">
							<String ID="string_179" HPOS="206" VPOS="1108" WIDTH="11" HEIGHT="35" WC="0.83" CONTENT="i"/><SP WIDTH="30" VPOS="1108" HPOS="217"/>
							<String ID="string_180" HPOS="247" VPOS="1107" WIDTH="114" HEIGHT="48" WC="0.96" CONTENT="fråga,"/><SP WIDTH="30" VPOS="1107" HPOS="361"/>
							<String ID="string_181" HPOS="391" VPOS="1107" WIDTH="93" HEIGHT="36" WC="0.96" CONTENT="helst"/><SP WIDTH="30" VPOS="1107" HPOS="484"/>
							<String ID="string_182" HPOS="514" VPOS="1107" WIDTH="120" HEIGHT="41" WC="0.96" CONTENT="dessa,"/><SP WIDTH="30" VPOS="1107" HPOS="634"/>
							<String ID="string_183" HPOS="664" VPOS="1110" WIDTH="117" HEIGHT="33" WC="0.96" CONTENT="såsom"/><SP WIDTH="30" VPOS="1110" HPOS="781"/>
							<String ID="string_184" HPOS="811" VPOS="1108" WIDTH="80" HEIGHT="34" WC="0.95" CONTENT="icke"/><SP WIDTH="17" VPOS="1108" HPOS="891"/>
							<String ID="string_185" HPOS="908" VPOS="1108" WIDTH="275" HEIGHT="41" WC="0.93" CONTENT="undersökta,"/><SP WIDTH="4" VPOS="1108" HPOS="1183"/>
							<String ID="string_186" HPOS="1187" VPOS="1108" WIDTH="193" HEIGHT="36" WC="0.87" CONTENT="sannnolikt"/><SP WIDTH="30" VPOS="1108" HPOS="1380"/>
							<String ID="string_187" HPOS="1410" VPOS="1108" WIDTH="118" HEIGHT="37" WC="0.96" CONTENT="skulle"/><SP WIDTH="20" VPOS="1108" HPOS="1528"/>
							<String ID="string_188" HPOS="1548" VPOS="1110" WIDTH="124" HEIGHT="36" WC="0.96" CONTENT="kunna"/><SP WIDTH="18" VPOS="1110" HPOS="1672"/>
							<String ID="string_189" HPOS="1690" VPOS="1111" WIDTH="116" HEIGHT="48" WC="0.96" CONTENT="säljas"/>
						</TextLine>
					</TextBlock>
					<TextBlock ID="block_3" HPOS="207" VPOS="1158" WIDTH="299" HEIGHT="49">
						<TextLine ID="line_18" HPOS="207" VPOS="1158" WIDTH="299" HEIGHT="49">
							<String ID="string_190" HPOS="207" VPOS="1158" WIDTH="55" HEIGHT="36" WC="0.94" CONTENT="till"/><SP WIDTH="28" VPOS="1158" HPOS="262"/>
							<String ID="string_191" HPOS="290" VPOS="1158" WIDTH="102" HEIGHT="48" WC="0.96" CONTENT="lägre"/><SP WIDTH="28" VPOS="1158" HPOS="392"/>
							<String ID="string_192" HPOS="420" VPOS="1158" WIDTH="86" HEIGHT="49" WC="0.96" CONTENT="pris."/>
						</TextLine>
					</TextBlock>
					<TextBlock ID="block_4" HPOS="209" VPOS="1208" WIDTH="1597" HEIGHT="200">
						<TextLine ID="line_19" HPOS="310" VPOS="1208" WIDTH="1493" HEIGHT="51">
							<String ID="string_193" HPOS="310" VPOS="1208" WIDTH="44" HEIGHT="37" WC="0.95" CONTENT="Så"/><SP WIDTH="31" VPOS="1208" HPOS="354"/>
							<String ID="string_194" HPOS="385" VPOS="1223" WIDTH="75" HEIGHT="21" WC="0.95" CONTENT="som"/><SP WIDTH="44" VPOS="1223" HPOS="460"/>
							<String ID="string_195" HPOS="504" VPOS="1209" WIDTH="59" HEIGHT="35" WC="0.93" CONTENT="det"/><SP WIDTH="29" VPOS="1209" HPOS="563"/>
							<String ID="string_196" HPOS="592" VPOS="1223" WIDTH="47" HEIGHT="21" WC="0.94" CONTENT="nu"/><SP WIDTH="35" VPOS="1223" HPOS="639"/>
							<String ID="string_197" HPOS="674" VPOS="1214" WIDTH="38" HEIGHT="30" WC="0.93" CONTENT="är"/><SP WIDTH="29" VPOS="1214" HPOS="712"/>
							<String ID="string_198" HPOS="741" VPOS="1209" WIDTH="122" HEIGHT="41" WC="0.92" CONTENT="stäldt,"/><SP WIDTH="29" VPOS="1209" HPOS="863"/>
							<String ID="string_199" HPOS="892" VPOS="1214" WIDTH="47" HEIGHT="30" WC="0.95" CONTENT="att"/><SP WIDTH="0" VPOS="1214" HPOS="939"/>
							<String ID="string_200" HPOS="939" VPOS="1209" WIDTH="253" HEIGHT="35" WC="0.95" CONTENT="åtminstone"/><SP WIDTH="21" VPOS="1209" HPOS="1192"/>
							<String ID="string_201" HPOS="1213" VPOS="1210" WIDTH="129" HEIGHT="36" WC="0.96" CONTENT="endast"/><SP WIDTH="31" VPOS="1210" HPOS="1342"/>
							<String ID="string_202" HPOS="1373" VPOS="1211" WIDTH="269" HEIGHT="48" WC="0.93" CONTENT="undantagsvis"/><SP WIDTH="28" VPOS="1211" HPOS="1642"/>
							<String ID="string_203" HPOS="1670" VPOS="1231" WIDTH="49" HEIGHT="3" WC="0.90" CONTENT="—"/><SP WIDTH="28" VPOS="1231" HPOS="1719"/>
							<String ID="string_204" HPOS="1747" VPOS="1226" WIDTH="56" HEIGHT="22" WC="0.96" CONTENT="om"/>
						</TextLine>
						<TextLine ID="line_20" HPOS="209" VPOS="1243" WIDTH="1595" HEIGHT="68">
							<String ID="string_205" HPOS="209" VPOS="1260" WIDTH="181" HEIGHT="48" WC="0.91" CONTENT="någonsin"/><SP WIDTH="30" VPOS="1260" HPOS="390"/>
							<String ID="string_206" HPOS="420" VPOS="1279" WIDTH="48" HEIGHT="3" WC="0.69" CONTENT="—"/><SP WIDTH="20" VPOS="1279" HPOS="468"/>
							<String ID="string_207" HPOS="488" VPOS="1259" WIDTH="237" HEIGHT="49" WC="0.90" CONTENT="importeradt"/><SP WIDTH="19" VPOS="1259" HPOS="725"/>
							<String ID="string_208" HPOS="744" VPOS="1259" WIDTH="103" HEIGHT="48" WC="0.93" CONTENT="fläsk,"/><SP WIDTH="18" VPOS="1259" HPOS="847"/>
							<String ID="string_209" HPOS="865" VPOS="1274" WIDTH="76" HEIGHT="21" WC="0.94" CONTENT="som"/><SP WIDTH="22" VPOS="1274" HPOS="941"/>
							<String ID="string_210" HPOS="963" VPOS="1260" WIDTH="133" HEIGHT="36" WC="0.96" CONTENT="sändes"/><SP WIDTH="16" VPOS="1260" HPOS="1096"/>
							<String ID="string_211" HPOS="1112" VPOS="1260" WIDTH="38" HEIGHT="36" WC="0.96" CONTENT="till"/><SP WIDTH="8" VPOS="1260" HPOS="1150"/>
							<String ID="string_212" HPOS="1158" VPOS="1260" WIDTH="248" HEIGHT="47" WC="0.96" CONTENT="landsorten,"/><SP WIDTH="16" VPOS="1260" HPOS="1406"/>
							<String ID="string_213" HPOS="1422" VPOS="1243" WIDTH="246" HEIGHT="55" WC="0.96" CONTENT="underkastas"/><SP WIDTH="16" VPOS="1243" HPOS="1668"/>
							<String ID="string_214" HPOS="1684" VPOS="1266" WIDTH="120" HEIGHT="45" WC="0.94" CONTENT="någon"/>
						</TextLine>
						<TextLine ID="line_21" HPOS="210" VPOS="1290" WIDTH="1596" HEIGHT="73">
							<String ID="string_215" HPOS="210" VPOS="1316" WIDTH="95" HEIGHT="30" WC="0.85" CONTENT="sorts"/><SP WIDTH="41" VPOS="1316" HPOS="305"/>
							<String ID="string_216" HPOS="346" VPOS="1311" WIDTH="227" HEIGHT="48" WC="0.85" CONTENT="besigtning,"/><SP WIDTH="42" VPOS="1311" HPOS="573"/>
							<String ID="string_217" HPOS="615" VPOS="1311" WIDTH="159" HEIGHT="35" WC="0.96" CONTENT="riskerar"/><SP WIDTH="32" VPOS="1311" HPOS="774"/>
							<String ID="string_218" HPOS="806" VPOS="1290" WIDTH="176" HEIGHT="69" WC="0.96" CONTENT="importör"/><SP WIDTH="40" VPOS="1290" HPOS="982"/>
							<String ID="string_219" HPOS="1022" VPOS="1311" WIDTH="150" HEIGHT="36" WC="0.96" CONTENT="alldeles"/><SP WIDTH="28" VPOS="1311" HPOS="1172"/>
							<String ID="string_220" HPOS="1200" VPOS="1312" WIDTH="80" HEIGHT="35" WC="0.96" CONTENT="icke"/><SP WIDTH="29" VPOS="1312" HPOS="1280"/>
							<String ID="string_221" HPOS="1309" VPOS="1317" WIDTH="51" HEIGHT="31" WC="0.96" CONTENT="att"/><SP WIDTH="29" VPOS="1317" HPOS="1360"/>
							<String ID="string_222" HPOS="1389" VPOS="1291" WIDTH="32" HEIGHT="57" WC="0.96" CONTENT="få"/><SP WIDTH="31" VPOS="1291" HPOS="1421"/>
							<String ID="string_223" HPOS="1452" VPOS="1313" WIDTH="79" HEIGHT="36" WC="0.95" CONTENT="sina"/><SP WIDTH="31" VPOS="1313" HPOS="1531"/>
							<String ID="string_224" HPOS="1562" VPOS="1327" WIDTH="104" HEIGHT="23" WC="0.95" CONTENT="varor"/><SP WIDTH="27" VPOS="1327" HPOS="1666"/>
							<String ID="string_225" HPOS="1693" VPOS="1292" WIDTH="113" HEIGHT="71" WC="0.92" CONTENT="tagna"/>
						</TextLine>
						<TextLine ID="line_22" HPOS="209" VPOS="1340" WIDTH="1597" HEIGHT="71">
							<String ID="string_226" HPOS="209" VPOS="1362" WIDTH="11" HEIGHT="36" WC="0.79" CONTENT="i"/><SP WIDTH="28" VPOS="1362" HPOS="220"/>
							<String ID="string_227" HPOS="248" VPOS="1361" WIDTH="141" HEIGHT="49" WC="0.91" CONTENT="beslag,"/><SP WIDTH="29" VPOS="1361" HPOS="389"/>
							<String ID="string_228" HPOS="418" VPOS="1340" WIDTH="105" HEIGHT="58" WC="0.0" CONTENT="böven"/><SP WIDTH="32" VPOS="1340" HPOS="523"/>
							<String ID="string_229" HPOS="555" VPOS="1354" WIDTH="56" HEIGHT="43" WC="0.96" CONTENT="om"/><SP WIDTH="31" VPOS="1354" HPOS="611"/>
							<String ID="string_230" HPOS="642" VPOS="1362" WIDTH="42" HEIGHT="36" WC="0.96" CONTENT="de"/><SP WIDTH="29" VPOS="1362" HPOS="684"/>
							<String ID="string_231" HPOS="713" VPOS="1367" WIDTH="61" HEIGHT="31" WC="0.96" CONTENT="äro"/><SP WIDTH="29" VPOS="1367" HPOS="774"/>
							<String ID="string_232" HPOS="803" VPOS="1363" WIDTH="33" HEIGHT="35" WC="0.94" CONTENT="al"/><SP WIDTH="30" VPOS="1363" HPOS="836"/>
							<String ID="string_233" HPOS="866" VPOS="1362" WIDTH="148" HEIGHT="48" WC="0.92" CONTENT="mycket"/><SP WIDTH="27" VPOS="1362" HPOS="1014"/>
							<String ID="string_234" HPOS="1041" VPOS="1362" WIDTH="237" HEIGHT="49" WC="0.87" CONTENT="underhaltig"/><SP WIDTH="27" VPOS="1362" HPOS="1278"/>
							<String ID="string_235" HPOS="1305" VPOS="1363" WIDTH="267" HEIGHT="48" WC="0.95" CONTENT="beskaffenhet,"/><SP WIDTH="28" VPOS="1363" HPOS="1572"/>
							<String ID="string_236" HPOS="1600" VPOS="1369" WIDTH="41" HEIGHT="44" WC="0.96" CONTENT="ty"/><SP WIDTH="29" VPOS="1369" HPOS="1641"/>
							<String ID="string_237" HPOS="1670" VPOS="1343" WIDTH="136" HEIGHT="59" WC="0.50" CONTENT="sådana"/>
						</TextLine>
					</TextBlock>
					<TextBlock ID="block_5" HPOS="210" VPOS="1413" WIDTH="1597" HEIGHT="139">
						<TextLine ID="line_23" HPOS="213" VPOS="1413" WIDTH="1594" HEIGHT="43">
							<String ID="string_238" HPOS="213" VPOS="1427" WIDTH="104" HEIGHT="22" WC="0.95" CONTENT="varor"/><SP WIDTH="29" VPOS="1427" HPOS="317"/>
							<String ID="string_239" HPOS="346" VPOS="1413" WIDTH="121" HEIGHT="35" WC="0.95" CONTENT="kunna"/><SP WIDTH="32" VPOS="1413" HPOS="467"/>
							<String ID="string_240" HPOS="499" VPOS="1418" WIDTH="85" HEIGHT="31" WC="0.95" CONTENT="utan"/><SP WIDTH="34" VPOS="1418" HPOS="584"/>
							<String ID="string_241" HPOS="618" VPOS="1413" WIDTH="117" HEIGHT="35" WC="0.96" CONTENT="minsta"/><SP WIDTH="7" VPOS="1413" HPOS="735"/>
							<String ID="string_242" HPOS="742" VPOS="1413" WIDTH="232" HEIGHT="46" WC="0.95" CONTENT="olägenhet"/><SP WIDTH="32" VPOS="1413" HPOS="974"/>
							<String ID="string_243" HPOS="1006" VPOS="1415" WIDTH="51" HEIGHT="34" WC="0.96" CONTENT="för"/><SP WIDTH="28" VPOS="1415" HPOS="1057"/>
							<String ID="string_244" HPOS="1085" VPOS="1394" WIDTH="219" HEIGHT="56" WC="0.92" CONTENT="afsändaren"/><SP WIDTH="29" VPOS="1394" HPOS="1304"/>
							<String ID="string_245" HPOS="1333" VPOS="1414" WIDTH="149" HEIGHT="37" WC="0.96" CONTENT="skickas"/><SP WIDTH="31" VPOS="1414" HPOS="1482"/>
							<String ID="string_246" HPOS="1513" VPOS="1394" WIDTH="59" HEIGHT="57" WC="0.47" CONTENT="till"/><SP WIDTH="10" VPOS="1394" HPOS="1572"/>
							<String ID="string_247" HPOS="1582" VPOS="1407" WIDTH="43" HEIGHT="44" WC="0.47" CONTENT="de"/><SP WIDTH="16" VPOS="1407" HPOS="1625"/>
							<String ID="string_248" HPOS="1641" VPOS="1416" WIDTH="166" HEIGHT="37" WC="0.73" CONTENT="kommu-"/>
						</TextLine>
						<TextLine ID="line_24" HPOS="210" VPOS="1427" WIDTH="1597" HEIGHT="100">
							<String ID="string_249" HPOS="210" VPOS="1478" WIDTH="75" HEIGHT="32" WC="0.96" CONTENT="ner,"/><SP WIDTH="41" VPOS="1478" HPOS="285"/>
							<String ID="string_250" HPOS="326" VPOS="1464" WIDTH="98" HEIGHT="36" WC="0.90" CONTENT="inom"/><SP WIDTH="42" VPOS="1464" HPOS="424"/>
							<String ID="string_251" HPOS="466" VPOS="1464" WIDTH="125" HEIGHT="35" WC="0.95" CONTENT="hvilka"/><SP WIDTH="42" VPOS="1464" HPOS="591"/>
							<String ID="string_252" HPOS="633" VPOS="1464" WIDTH="44" HEIGHT="36" WC="0.94" CONTENT="be"/><SP WIDTH="-18" VPOS="1464" HPOS="677"/>
							<String ID="string_253" HPOS="659" VPOS="1427" WIDTH="192" HEIGHT="100" WC="0.85" CONTENT="osigtning"/><SP WIDTH="40" VPOS="1427" HPOS="851"/>
							<String ID="string_254" HPOS="891" VPOS="1465" WIDTH="79" HEIGHT="35" WC="0.95" CONTENT="icke"/><SP WIDTH="42" VPOS="1465" HPOS="970"/>
							<String ID="string_255" HPOS="1012" VPOS="1470" WIDTH="39" HEIGHT="30" WC="0.88" CONTENT="är"/><SP WIDTH="43" VPOS="1470" HPOS="1051"/>
							<String ID="string_256" HPOS="1094" VPOS="1465" WIDTH="251" HEIGHT="47" WC="0.87" CONTENT="föreskrifven,"/><SP WIDTH="42" VPOS="1465" HPOS="1345"/>
							<String ID="string_257" HPOS="1387" VPOS="1466" WIDTH="67" HEIGHT="35" WC="0.96" CONTENT="och"/><SP WIDTH="37" VPOS="1466" HPOS="1454"/>
							<String ID="string_258" HPOS="1491" VPOS="1466" WIDTH="97" HEIGHT="37" WC="0.96" CONTENT="detta"/><SP WIDTH="31" VPOS="1466" HPOS="1588"/>
							<String ID="string_259" HPOS="1619" VPOS="1467" WIDTH="102" HEIGHT="36" WC="0.96" CONTENT="torde"/><SP WIDTH="42" VPOS="1467" HPOS="1721"/>
							<String ID="string_260" HPOS="1763" VPOS="1468" WIDTH="44" HEIGHT="36" WC="0.96" CONTENT="väl"/>
						</TextLine>
						<TextLine ID="line_25" HPOS="210" VPOS="1489" WIDTH="873" HEIGHT="63">
							<String ID="string_261" HPOS="210" VPOS="1493" WIDTH="88" HEIGHT="58" WC="0.96" CONTENT="vara"/><SP WIDTH="26" VPOS="1493" HPOS="298"/>
							<String ID="string_262" HPOS="324" VPOS="1514" WIDTH="103" HEIGHT="37" WC="0.96" CONTENT="fallet"/><SP WIDTH="27" VPOS="1514" HPOS="427"/>
							<String ID="string_263" HPOS="454" VPOS="1514" WIDTH="11" HEIGHT="36" WC="0.96" CONTENT="i"/><SP WIDTH="30" VPOS="1514" HPOS="465"/>
							<String ID="string_264" HPOS="495" VPOS="1520" WIDTH="129" HEIGHT="31" WC="0.96" CONTENT="nästan"/><SP WIDTH="30" VPOS="1520" HPOS="624"/>
							<String ID="string_265" HPOS="654" VPOS="1489" WIDTH="71" HEIGHT="62" WC="0.52" CONTENT="alla"/><SP WIDTH="28" VPOS="1489" HPOS="725"/>
							<String ID="string_266" HPOS="753" VPOS="1518" WIDTH="87" HEIGHT="33" WC="0.92" CONTENT="våra"/><SP WIDTH="27" VPOS="1518" HPOS="840"/>
							<String ID="string_267" HPOS="867" VPOS="1515" WIDTH="216" HEIGHT="37" WC="0.92" CONTENT="landsorter."/>
						</TextLine>
					</TextBlock>
					<TextBlock ID="block_6" HPOS="210" VPOS="1566" WIDTH="1601" HEIGHT="558">
						<TextLine ID="line_26" HPOS="310" VPOS="1566" WIDTH="1497" HEIGHT="49">
							<String ID="string_268" HPOS="310" VPOS="1566" WIDTH="16" HEIGHT="35" WC="0.95" CONTENT="I"/><SP WIDTH="28" VPOS="1566" HPOS="326"/>
							<String ID="string_269" HPOS="354" VPOS="1569" WIDTH="86" HEIGHT="33" WC="0.96" CONTENT="våra"/><SP WIDTH="28" VPOS="1569" HPOS="440"/>
							<String ID="string_270" HPOS="468" VPOS="1569" WIDTH="44" HEIGHT="53" WC="0.96" CONTENT="på"/><SP WIDTH="22" VPOS="1569" HPOS="512"/>
							<String ID="string_271" HPOS="534" VPOS="1572" WIDTH="80" HEIGHT="30" WC="0.96" CONTENT="rent"/><SP WIDTH="28" VPOS="1572" HPOS="614"/>
							<String ID="string_272" HPOS="642" VPOS="1566" WIDTH="40" HEIGHT="35" WC="0.93" CONTENT="af"/><SP WIDTH="22" VPOS="1566" HPOS="682"/>
							<String ID="string_273" HPOS="704" VPOS="1566" WIDTH="276" HEIGHT="48" WC="0.92" CONTENT="yrkesmessiga"/><SP WIDTH="29" VPOS="1566" HPOS="980"/>
							<String ID="string_274" HPOS="1009" VPOS="1566" WIDTH="289" HEIGHT="49" WC="0.95" CONTENT="förfalskningar"/><SP WIDTH="29" VPOS="1566" HPOS="1298"/>
							<String ID="string_275" HPOS="1327" VPOS="1570" WIDTH="38" HEIGHT="33" WC="0.96" CONTENT="så"/><SP WIDTH="19" VPOS="1570" HPOS="1365"/>
							<String ID="string_276" HPOS="1384" VPOS="1567" WIDTH="81" HEIGHT="36" WC="0.96" CONTENT="rika"/><SP WIDTH="19" VPOS="1567" HPOS="1465"/>
							<String ID="string_277" HPOS="1484" VPOS="1567" WIDTH="94" HEIGHT="37" WC="0.96" CONTENT="tider"/><SP WIDTH="21" VPOS="1567" HPOS="1578"/>
							<String ID="string_278" HPOS="1599" VPOS="1569" WIDTH="122" HEIGHT="36" WC="0.96" CONTENT="kunde"/><SP WIDTH="20" VPOS="1569" HPOS="1721"/>
							<String ID="string_279" HPOS="1741" VPOS="1570" WIDTH="66" HEIGHT="35" WC="0.96" CONTENT="ock"/>
						</TextLine>
						<TextLine ID="line_27" HPOS="210" VPOS="1596" WIDTH="1598" HEIGHT="72">
							<String ID="string_280" HPOS="210" VPOS="1616" WIDTH="145" HEIGHT="47" WC="0.96" CONTENT="tänkas,"/><SP WIDTH="43" VPOS="1616" HPOS="355"/>
							<String ID="string_281" HPOS="398" VPOS="1622" WIDTH="53" HEIGHT="30" WC="0.96" CONTENT="att"/><SP WIDTH="32" VPOS="1622" HPOS="451"/>
							<String ID="string_282" HPOS="483" VPOS="1617" WIDTH="178" HEIGHT="48" WC="0.90" CONTENT="importör"/><SP WIDTH="32" VPOS="1617" HPOS="661"/>
							<String ID="string_283" HPOS="693" VPOS="1617" WIDTH="39" HEIGHT="35" WC="0.95" CONTENT="af"/><SP WIDTH="23" VPOS="1617" HPOS="732"/>
							<String ID="string_284" HPOS="755" VPOS="1616" WIDTH="91" HEIGHT="36" WC="0.86" CONTENT="fläsk"/><SP WIDTH="39" VPOS="1616" HPOS="846"/>
							<String ID="string_285" HPOS="885" VPOS="1596" WIDTH="95" HEIGHT="69" WC="0.95" CONTENT="finge"/><SP WIDTH="29" VPOS="1596" HPOS="980"/>
							<String ID="string_286" HPOS="1009" VPOS="1618" WIDTH="44" HEIGHT="34" WC="0.95" CONTENT="de"/><SP WIDTH="28" VPOS="1618" HPOS="1053"/>
							<String ID="string_287" HPOS="1081" VPOS="1617" WIDTH="114" HEIGHT="48" WC="0.96" CONTENT="lådor,"/><SP WIDTH="30" VPOS="1617" HPOS="1195"/>
							<String ID="string_288" HPOS="1225" VPOS="1631" WIDTH="77" HEIGHT="22" WC="0.93" CONTENT="som"/><SP WIDTH="27" VPOS="1631" HPOS="1302"/>
							<String ID="string_289" HPOS="1329" VPOS="1617" WIDTH="187" HEIGHT="37" WC="0.88" CONTENT="innehöllo"/><SP WIDTH="28" VPOS="1617" HPOS="1516"/>
							<String ID="string_290" HPOS="1544" VPOS="1619" WIDTH="116" HEIGHT="49" WC="0.96" CONTENT="prima"/><SP WIDTH="30" VPOS="1619" HPOS="1660"/>
							<String ID="string_291" HPOS="1690" VPOS="1633" WIDTH="118" HEIGHT="29" WC="0.96" CONTENT="varor,"/>
						</TextLine>
						<TextLine ID="line_28" HPOS="211" VPOS="1668" WIDTH="1596" HEIGHT="51">
							<String ID="string_292" HPOS="211" VPOS="1668" WIDTH="143" HEIGHT="35" WC="0.95" CONTENT="märkta"/><SP WIDTH="31" VPOS="1668" HPOS="354"/>
							<String ID="string_293" HPOS="385" VPOS="1671" WIDTH="45" HEIGHT="45" WC="0.95" CONTENT="på"/><SP WIDTH="28" VPOS="1671" HPOS="430"/>
							<String ID="string_294" HPOS="458" VPOS="1673" WIDTH="63" HEIGHT="41" WC="0.96" CONTENT="ett,"/><SP WIDTH="30" VPOS="1673" HPOS="521"/>
							<String ID="string_295" HPOS="551" VPOS="1668" WIDTH="64" HEIGHT="35" WC="0.96" CONTENT="och"/><SP WIDTH="31" VPOS="1668" HPOS="615"/>
							<String ID="string_296" HPOS="646" VPOS="1668" WIDTH="43" HEIGHT="35" WC="0.96" CONTENT="de"/><SP WIDTH="31" VPOS="1668" HPOS="689"/>
							<String ID="string_297" HPOS="720" VPOS="1681" WIDTH="75" HEIGHT="23" WC="0.96" CONTENT="som"/><SP WIDTH="30" VPOS="1681" HPOS="795"/>
							<String ID="string_298" HPOS="825" VPOS="1648" WIDTH="186" HEIGHT="56" WC="0.92" CONTENT="innehöllo"/><SP WIDTH="30" VPOS="1648" HPOS="1011"/>
							<String ID="string_299" HPOS="1041" VPOS="1673" WIDTH="116" HEIGHT="31" WC="0.96" CONTENT="sämre"/><SP WIDTH="29" VPOS="1673" HPOS="1157"/>
							<String ID="string_300" HPOS="1186" VPOS="1647" WIDTH="119" HEIGHT="57" WC="0.93" CONTENT="eller"/><SP WIDTH="-19" VPOS="1647" HPOS="1305"/>
							<String ID="string_301" HPOS="1286" VPOS="1643" WIDTH="20" HEIGHT="76" WC="0.34" CONTENT="&#39;"/><SP WIDTH="-4" VPOS="1643" HPOS="1306"/>
							<String ID="string_302" HPOS="1302" VPOS="1669" WIDTH="162" HEIGHT="36" WC="0.95" CONTENT="skadade"/><SP WIDTH="28" VPOS="1669" HPOS="1464"/>
							<String ID="string_303" HPOS="1492" VPOS="1673" WIDTH="46" HEIGHT="45" WC="0.96" CONTENT="på"/><SP WIDTH="28" VPOS="1673" HPOS="1538"/>
							<String ID="string_304" HPOS="1566" VPOS="1676" WIDTH="111" HEIGHT="31" WC="0.96" CONTENT="annat"/><SP WIDTH="17" VPOS="1676" HPOS="1677"/>
							<String ID="string_305" HPOS="1694" VPOS="1676" WIDTH="84" HEIGHT="43" WC="0.83" CONTENT="sätt,"/><SP WIDTH="21" VPOS="1676" HPOS="1778"/>
							<String ID="string_306" HPOS="1799" VPOS="1672" WIDTH="8" HEIGHT="35" WC="0.83" CONTENT="i"/>
						</TextLine>
						<TextLine ID="line_29" HPOS="212" VPOS="1718" WIDTH="1597" HEIGHT="48">
							<String ID="string_307" HPOS="212" VPOS="1718" WIDTH="142" HEIGHT="36" WC="0.95" CONTENT="hvilket"/><SP WIDTH="43" VPOS="1718" HPOS="354"/>
							<String ID="string_308" HPOS="397" VPOS="1718" WIDTH="60" HEIGHT="36" WC="0.95" CONTENT="fall"/><SP WIDTH="40" VPOS="1718" HPOS="457"/>
							<String ID="string_309" HPOS="497" VPOS="1697" WIDTH="59" HEIGHT="57" WC="0.95" CONTENT="det"/><SP WIDTH="28" VPOS="1697" HPOS="556"/>
							<String ID="string_310" HPOS="584" VPOS="1719" WIDTH="43" HEIGHT="46" WC="0.94" CONTENT="ju"/><SP WIDTH="42" VPOS="1719" HPOS="627"/>
							<String ID="string_311" HPOS="669" VPOS="1733" WIDTH="84" HEIGHT="21" WC="0.84" CONTENT="vore"/><SP WIDTH="31" VPOS="1733" HPOS="753"/>
							<String ID="string_312" HPOS="784" VPOS="1719" WIDTH="236" HEIGHT="48" WC="0.91" CONTENT="synnerligen"/><SP WIDTH="31" VPOS="1719" HPOS="1020"/>
							<String ID="string_313" HPOS="1051" VPOS="1719" WIDTH="61" HEIGHT="36" WC="0.96" CONTENT="lätt"/><SP WIDTH="34" VPOS="1719" HPOS="1112"/>
							<String ID="string_314" HPOS="1146" VPOS="1725" WIDTH="52" HEIGHT="30" WC="0.96" CONTENT="att"/><SP WIDTH="27" VPOS="1725" HPOS="1198"/>
							<String ID="string_315" HPOS="1225" VPOS="1719" WIDTH="176" HEIGHT="47" WC="0.96" CONTENT="undvika,"/><SP WIDTH="29" VPOS="1719" HPOS="1401"/>
							<String ID="string_316" HPOS="1430" VPOS="1720" WIDTH="59" HEIGHT="36" WC="0.96" CONTENT="det"/><SP WIDTH="30" VPOS="1720" HPOS="1489"/>
							<String ID="string_317" HPOS="1519" VPOS="1721" WIDTH="44" HEIGHT="35" WC="0.96" CONTENT="de"/><SP WIDTH="28" VPOS="1721" HPOS="1563"/>
							<String ID="string_318" HPOS="1591" VPOS="1735" WIDTH="128" HEIGHT="22" WC="0.93" CONTENT="senare"/><SP WIDTH="27" VPOS="1735" HPOS="1719"/>
							<String ID="string_319" HPOS="1746" VPOS="1736" WIDTH="63" HEIGHT="22" WC="0.90" CONTENT="va-"/>
						</TextLine>
						<TextLine ID="line_30" HPOS="212" VPOS="1769" WIDTH="1595" HEIGHT="52">
							<String ID="string_320" HPOS="212" VPOS="1782" WIDTH="108" HEIGHT="23" WC="0.92" CONTENT="rorna"/><SP WIDTH="30" VPOS="1782" HPOS="320"/>
							<String ID="string_321" HPOS="350" VPOS="1769" WIDTH="119" HEIGHT="35" WC="0.96" CONTENT="såldes"/><SP WIDTH="28" VPOS="1769" HPOS="469"/>
							<String ID="string_322" HPOS="497" VPOS="1772" WIDTH="91" HEIGHT="46" WC="0.96" CONTENT="på"/><SP WIDTH="-16" VPOS="1772" HPOS="588"/>
							<String ID="string_323" HPOS="572" VPOS="1769" WIDTH="135" HEIGHT="36" WC="0.92" CONTENT="sådana"/><SP WIDTH="31" VPOS="1769" HPOS="707"/>
							<String ID="string_324" HPOS="738" VPOS="1760" WIDTH="105" HEIGHT="45" WC="0.90" CONTENT="ortér,"/><SP WIDTH="30" VPOS="1760" HPOS="843"/>
							<String ID="string_325" HPOS="873" VPOS="1770" WIDTH="63" HEIGHT="35" WC="0.95" CONTENT="der"/><SP WIDTH="30" VPOS="1770" HPOS="936"/>
							<String ID="string_326" HPOS="966" VPOS="1773" WIDTH="118" HEIGHT="45" WC="0.94" CONTENT="någon"/><SP WIDTH="33" VPOS="1773" HPOS="1084"/>
							<String ID="string_327" HPOS="1117" VPOS="1770" WIDTH="73" HEIGHT="36" WC="0.96" CONTENT="risk"/><SP WIDTH="19" VPOS="1770" HPOS="1190"/>
							<String ID="string_328" HPOS="1209" VPOS="1784" WIDTH="83" HEIGHT="22" WC="0.95" CONTENT="vore"/><SP WIDTH="25" VPOS="1784" HPOS="1292"/>
							<String ID="string_329" HPOS="1317" VPOS="1775" WIDTH="51" HEIGHT="31" WC="0.96" CONTENT="att"/><SP WIDTH="21" VPOS="1775" HPOS="1368"/>
							<String ID="string_330" HPOS="1389" VPOS="1770" WIDTH="139" HEIGHT="37" WC="0.96" CONTENT="befara."/><SP WIDTH="54" VPOS="1770" HPOS="1528"/>
							<String ID="string_331" HPOS="1582" VPOS="1772" WIDTH="225" HEIGHT="49" WC="0.96" CONTENT="Visserligen"/>
						</TextLine>
						<TextLine ID="line_31" HPOS="212" VPOS="1820" WIDTH="1597" HEIGHT="50">
							<String ID="string_332" HPOS="212" VPOS="1825" WIDTH="40" HEIGHT="31" WC="0.94" CONTENT="är"/><SP WIDTH="41" VPOS="1825" HPOS="252"/>
							<String ID="string_333" HPOS="293" VPOS="1825" WIDTH="95" HEIGHT="42" WC="0.96" CONTENT="sant,"/><SP WIDTH="42" VPOS="1825" HPOS="388"/>
							<String ID="string_334" HPOS="430" VPOS="1826" WIDTH="52" HEIGHT="29" WC="0.95" CONTENT="att"/><SP WIDTH="40" VPOS="1826" HPOS="482"/>
							<String ID="string_335" HPOS="522" VPOS="1820" WIDTH="192" HEIGHT="36" WC="0.95" CONTENT="inhemska"/><SP WIDTH="46" VPOS="1820" HPOS="714"/>
							<String ID="string_336" HPOS="760" VPOS="1812" WIDTH="105" HEIGHT="44" WC="0.95" CONTENT="varor"/><SP WIDTH="34" VPOS="1812" HPOS="865"/>
							<String ID="string_337" HPOS="899" VPOS="1822" WIDTH="38" HEIGHT="34" WC="0.91" CONTENT="al"/><SP WIDTH="38" VPOS="1822" HPOS="937"/>
							<String ID="string_338" HPOS="975" VPOS="1835" WIDTH="136" HEIGHT="22" WC="0.95" CONTENT="samma"/><SP WIDTH="31" VPOS="1835" HPOS="1111"/>
							<String ID="string_339" HPOS="1142" VPOS="1827" WIDTH="86" HEIGHT="41" WC="0.96" CONTENT="sort,"/><SP WIDTH="30" VPOS="1827" HPOS="1228"/>
							<String ID="string_340" HPOS="1258" VPOS="1834" WIDTH="77" HEIGHT="23" WC="0.96" CONTENT="som"/><SP WIDTH="28" VPOS="1834" HPOS="1335"/>
							<String ID="string_341" HPOS="1363" VPOS="1821" WIDTH="44" HEIGHT="36" WC="0.95" CONTENT="de"/><SP WIDTH="29" VPOS="1821" HPOS="1407"/>
							<String ID="string_342" HPOS="1436" VPOS="1822" WIDTH="64" HEIGHT="36" WC="0.96" CONTENT="här"/><SP WIDTH="28" VPOS="1822" HPOS="1500"/>
							<String ID="string_343" HPOS="1528" VPOS="1823" WIDTH="281" HEIGHT="47" WC="0.96" CONTENT="ifrågavarande"/>
						</TextLine>
						<TextLine ID="line_32" HPOS="211" VPOS="1871" WIDTH="1597" HEIGHT="52">
							<String ID="string_344" HPOS="211" VPOS="1871" WIDTH="257" HEIGHT="48" WC="0.95" CONTENT="importerade,"/><SP WIDTH="47" VPOS="1871" HPOS="468"/>
							<String ID="string_345" HPOS="515" VPOS="1872" WIDTH="122" HEIGHT="35" WC="0.93" CONTENT="kunna"/><SP WIDTH="46" VPOS="1872" HPOS="637"/>
							<String ID="string_346" HPOS="683" VPOS="1886" WIDTH="82" HEIGHT="21" WC="0.93" CONTENT="vara"/><SP WIDTH="45" VPOS="1886" HPOS="765"/>
							<String ID="string_347" HPOS="810" VPOS="1872" WIDTH="190" HEIGHT="36" WC="0.96" CONTENT="behäftade"/><SP WIDTH="45" VPOS="1872" HPOS="1000"/>
							<String ID="string_348" HPOS="1045" VPOS="1872" WIDTH="80" HEIGHT="36" WC="0.96" CONTENT="med"/><SP WIDTH="43" VPOS="1872" HPOS="1125"/>
							<String ID="string_349" HPOS="1168" VPOS="1851" WIDTH="60" HEIGHT="57" WC="0.89" CONTENT="för"/><SP WIDTH="22" VPOS="1851" HPOS="1228"/>
							<String ID="string_350" HPOS="1250" VPOS="1873" WIDTH="229" HEIGHT="36" WC="0.92" CONTENT="menniskors"/><SP WIDTH="28" VPOS="1873" HPOS="1479"/>
							<String ID="string_351" HPOS="1507" VPOS="1852" WIDTH="113" HEIGHT="58" WC="0.92" CONTENT="helsa"/><SP WIDTH="19" VPOS="1852" HPOS="1620"/>
							<String ID="string_352" HPOS="1639" VPOS="1874" WIDTH="169" HEIGHT="49" WC="0.96" CONTENT="skadliga"/>
						</TextLine>
						<TextLine ID="line_33" HPOS="212" VPOS="1922" WIDTH="1599" HEIGHT="51">
							<String ID="string_353" HPOS="212" VPOS="1922" WIDTH="200" HEIGHT="47" WC="0.95" CONTENT="åkommor,"/><SP WIDTH="31" VPOS="1922" HPOS="412"/>
							<String ID="string_354" HPOS="443" VPOS="1935" WIDTH="79" HEIGHT="22" WC="0.96" CONTENT="men"/><SP WIDTH="31" VPOS="1935" HPOS="522"/>
							<String ID="string_355" HPOS="553" VPOS="1922" WIDTH="80" HEIGHT="36" WC="0.96" CONTENT="icke"/><SP WIDTH="31" VPOS="1922" HPOS="633"/>
							<String ID="string_356" HPOS="664" VPOS="1923" WIDTH="69" HEIGHT="35" WC="0.96" CONTENT="kan"/><SP WIDTH="31" VPOS="1923" HPOS="733"/>
							<String ID="string_357" HPOS="764" VPOS="1922" WIDTH="97" HEIGHT="36" WC="0.96" CONTENT="detta"/><SP WIDTH="31" VPOS="1922" HPOS="861"/>
							<String ID="string_358" HPOS="892" VPOS="1923" WIDTH="116" HEIGHT="47" WC="0.96" CONTENT="enligt"/><SP WIDTH="29" VPOS="1923" HPOS="1008"/>
							<String ID="string_359" HPOS="1037" VPOS="1926" WIDTH="64" HEIGHT="33" WC="0.96" CONTENT="vår"/><SP WIDTH="27" VPOS="1926" HPOS="1101"/>
							<String ID="string_360" HPOS="1128" VPOS="1923" WIDTH="111" HEIGHT="36" WC="0.96" CONTENT="tanke"/><SP WIDTH="30" VPOS="1923" HPOS="1239"/>
							<String ID="string_361" HPOS="1269" VPOS="1929" WIDTH="132" HEIGHT="43" WC="0.96" CONTENT="utgöra"/><SP WIDTH="26" VPOS="1929" HPOS="1401"/>
							<String ID="string_362" HPOS="1427" VPOS="1927" WIDTH="115" HEIGHT="46" WC="0.96" CONTENT="något"/><SP WIDTH="28" VPOS="1927" HPOS="1542"/>
							<String ID="string_363" HPOS="1570" VPOS="1925" WIDTH="81" HEIGHT="36" WC="0.96" CONTENT="skäl"/><SP WIDTH="32" VPOS="1925" HPOS="1651"/>
							<String ID="string_364" HPOS="1683" VPOS="1927" WIDTH="55" HEIGHT="34" WC="0.96" CONTENT="för"/><SP WIDTH="20" VPOS="1927" HPOS="1738"/>
							<String ID="string_365" HPOS="1758" VPOS="1931" WIDTH="53" HEIGHT="31" WC="0.96" CONTENT="att"/>
						</TextLine>
						<TextLine ID="line_34" HPOS="214" VPOS="1971" WIDTH="1597" HEIGHT="55">
							<String ID="string_366" HPOS="214" VPOS="1973" WIDTH="104" HEIGHT="36" WC="0.96" CONTENT="äfven"/><SP WIDTH="43" VPOS="1973" HPOS="318"/>
							<String ID="string_367" HPOS="361" VPOS="1971" WIDTH="79" HEIGHT="37" WC="0.96" CONTENT="från"/><SP WIDTH="44" VPOS="1971" HPOS="440"/>
							<String ID="string_368" HPOS="484" VPOS="1973" WIDTH="222" HEIGHT="36" WC="0.96" CONTENT="främmande"/><SP WIDTH="41" VPOS="1973" HPOS="706"/>
							<String ID="string_369" HPOS="747" VPOS="1973" WIDTH="86" HEIGHT="36" WC="0.93" CONTENT="land"/><SP WIDTH="41" VPOS="1973" HPOS="833"/>
							<String ID="string_370" HPOS="874" VPOS="1956" WIDTH="190" HEIGHT="54" WC="0.56" CONTENT="-hitkommna"/><SP WIDTH="42" VPOS="1956" HPOS="1064"/>
							<String ID="string_371" HPOS="1106" VPOS="1988" WIDTH="119" HEIGHT="30" WC="0.95" CONTENT="varor,"/><SP WIDTH="29" VPOS="1988" HPOS="1225"/>
							<String ID="string_372" HPOS="1254" VPOS="1975" WIDTH="125" HEIGHT="36" WC="0.96" CONTENT="hvilka"/><SP WIDTH="30" VPOS="1975" HPOS="1379"/>
							<String ID="string_373" HPOS="1409" VPOS="1989" WIDTH="85" HEIGHT="22" WC="0.96" CONTENT="man"/><SP WIDTH="27" VPOS="1989" HPOS="1494"/>
							<String ID="string_374" HPOS="1521" VPOS="1975" WIDTH="81" HEIGHT="37" WC="0.96" CONTENT="icke"/><SP WIDTH="27" VPOS="1975" HPOS="1602"/>
							<String ID="string_375" HPOS="1629" VPOS="1982" WIDTH="88" HEIGHT="31" WC="0.96" CONTENT="utan"/><SP WIDTH="29" VPOS="1982" HPOS="1717"/>
							<String ID="string_376" HPOS="1746" VPOS="1977" WIDTH="65" HEIGHT="49" WC="0.96" CONTENT="fog"/>
						</TextLine>
						<TextLine ID="line_35" HPOS="214" VPOS="2024" WIDTH="1593" HEIGHT="50">
							<String ID="string_377" HPOS="214" VPOS="2024" WIDTH="73" HEIGHT="35" WC="0.92" CONTENT="kan"/><SP WIDTH="40" VPOS="2024" HPOS="287"/>
							<String ID="string_378" HPOS="327" VPOS="2037" WIDTH="70" HEIGHT="35" WC="0.92" CONTENT="ega"/><SP WIDTH="41" VPOS="2037" HPOS="397"/>
							<String ID="string_379" HPOS="438" VPOS="2024" WIDTH="78" HEIGHT="35" WC="0.96" CONTENT="skäl"/><SP WIDTH="31" VPOS="2024" HPOS="516"/>
							<String ID="string_380" HPOS="547" VPOS="2024" WIDTH="205" HEIGHT="36" WC="0.96" CONTENT="misstänka"/><SP WIDTH="30" VPOS="2024" HPOS="752"/>
							<String ID="string_381" HPOS="782" VPOS="2027" WIDTH="118" HEIGHT="33" WC="0.96" CONTENT="såsom"/><SP WIDTH="32" VPOS="2027" HPOS="900"/>
							<String ID="string_382" HPOS="932" VPOS="2026" WIDTH="159" HEIGHT="35" WC="0.95" CONTENT="varande"/><SP WIDTH="28" VPOS="2026" HPOS="1091"/>
							<String ID="string_383" HPOS="1119" VPOS="2026" WIDTH="140" HEIGHT="35" WC="0.93" CONTENT="mindre"/><SP WIDTH="31" VPOS="2026" HPOS="1259"/>
							<String ID="string_384" HPOS="1290" VPOS="2026" WIDTH="255" HEIGHT="48" WC="0.91" CONTENT="helsosamma,"/><SP WIDTH="30" VPOS="2026" HPOS="1545"/>
							<String ID="string_385" HPOS="1575" VPOS="2027" WIDTH="119" HEIGHT="37" WC="0.96" CONTENT="skulle"/><SP WIDTH="28" VPOS="2027" HPOS="1694"/>
							<String ID="string_386" HPOS="1722" VPOS="2035" WIDTH="85" HEIGHT="29" WC="0.96" CONTENT="utan"/>
						</TextLine>
						<TextLine ID="line_36" HPOS="215" VPOS="2074" WIDTH="890" HEIGHT="64">
							<String ID="string_387" HPOS="215" VPOS="2074" WIDTH="44" HEIGHT="35" WC="0.95" CONTENT="all"/><SP WIDTH="33" VPOS="2074" HPOS="259"/>
							<String ID="string_388" HPOS="292" VPOS="2082" WIDTH="94" HEIGHT="28" WC="0.92" CONTENT="sorts"/><SP WIDTH="29" VPOS="2082" HPOS="386"/>
							<String ID="string_389" HPOS="415" VPOS="2074" WIDTH="218" HEIGHT="49" WC="0.48" CONTENT="besigtning"/><SP WIDTH="31" VPOS="2074" HPOS="633"/>
							<String ID="string_390" HPOS="664" VPOS="2075" WIDTH="27" HEIGHT="36" WC="0.96" CONTENT="få"/><SP WIDTH="31" VPOS="2075" HPOS="691"/>
							<String ID="string_391" HPOS="722" VPOS="2075" WIDTH="11" HEIGHT="35" WC="0.82" CONTENT="1"/><SP WIDTH="30" VPOS="2075" HPOS="733"/>
							<String ID="string_392" HPOS="763" VPOS="2079" WIDTH="71" HEIGHT="31" WC="0.95" CONTENT="vårt"/><SP WIDTH="35" VPOS="2079" HPOS="834"/>
							<String ID="string_393" HPOS="869" VPOS="2075" WIDTH="85" HEIGHT="36" WC="0.95" CONTENT="land"/><SP WIDTH="30" VPOS="2075" HPOS="954"/>
							<String ID="string_394" HPOS="984" VPOS="2076" WIDTH="121" HEIGHT="62" WC="0.96" CONTENT="säljas."/>
						</TextLine>
					</TextBlock>
					<TextBlock ID="block_7" HPOS="315" VPOS="2125" WIDTH="1493" HEIGHT="53">
						<TextLine ID="line_37" HPOS="315" VPOS="2125" WIDTH="1493" HEIGHT="53">
							<String ID="string_395" HPOS="315" VPOS="2125" WIDTH="54" HEIGHT="36" WC="0.96" CONTENT="Då"/><SP WIDTH="30" VPOS="2125" HPOS="369"/>
							<String ID="string_396" HPOS="399" VPOS="2113" WIDTH="223" HEIGHT="49" WC="0.96" CONTENT="motionären"/><SP WIDTH="29" VPOS="2113" HPOS="622"/>
							<String ID="string_397" HPOS="651" VPOS="2126" WIDTH="80" HEIGHT="36" WC="0.96" CONTENT="icke"/><SP WIDTH="28" VPOS="2126" HPOS="731"/>
							<String ID="string_398" HPOS="759" VPOS="2127" WIDTH="121" HEIGHT="48" WC="0.96" CONTENT="yrkat,"/><SP WIDTH="30" VPOS="2127" HPOS="880"/>
							<String ID="string_399" HPOS="910" VPOS="2133" WIDTH="50" HEIGHT="30" WC="0.96" CONTENT="att"/><SP WIDTH="30" VPOS="2133" HPOS="960"/>
							<String ID="string_400" HPOS="990" VPOS="2131" WIDTH="121" HEIGHT="44" WC="0.95" CONTENT="någon"/><SP WIDTH="29" VPOS="2131" HPOS="1111"/>
							<String ID="string_401" HPOS="1140" VPOS="2127" WIDTH="167" HEIGHT="37" WC="0.94" CONTENT="bestämd"/><SP WIDTH="28" VPOS="2127" HPOS="1307"/>
							<String ID="string_402" HPOS="1335" VPOS="2128" WIDTH="136" HEIGHT="49" WC="0.96" CONTENT="dyrbar"/><SP WIDTH="15" VPOS="2128" HPOS="1471"/>
							<String ID="string_403" HPOS="1486" VPOS="2129" WIDTH="282" HEIGHT="49" WC="0.92" CONTENT="undersökning"/><SP WIDTH="24" VPOS="2129" HPOS="1768"/>
							<String ID="string_404" HPOS="1792" VPOS="2133" WIDTH="16" HEIGHT="33" WC="0.92" CONTENT="å"/>
						</TextLine>
					</TextBlock>
					<TextBlock ID="block_8" HPOS="214" VPOS="2158" WIDTH="1598" HEIGHT="170">
						<TextLine ID="line_38" HPOS="214" VPOS="2158" WIDTH="1598" HEIGHT="85">
							<String ID="string_405" HPOS="214" VPOS="2189" WIDTH="156" HEIGHT="22" WC="0.95" CONTENT="varorna"/><SP WIDTH="29" VPOS="2189" HPOS="370"/>
							<String ID="string_406" HPOS="399" VPOS="2176" WIDTH="10" HEIGHT="35" WC="0.96" CONTENT="1"/><SP WIDTH="27" VPOS="2176" HPOS="409"/>
							<String ID="string_407" HPOS="436" VPOS="2177" WIDTH="103" HEIGHT="47" WC="0.96" CONTENT="fråga"/><SP WIDTH="31" VPOS="2177" HPOS="539"/>
							<String ID="string_408" HPOS="570" VPOS="2177" WIDTH="132" HEIGHT="35" WC="0.93" CONTENT="skall"/><SP WIDTH="4" VPOS="2177" HPOS="702"/>
							<String ID="string_409" HPOS="706" VPOS="2178" WIDTH="164" HEIGHT="48" WC="0.89" CONTENT="försiggå,"/><SP WIDTH="22" VPOS="2178" HPOS="870"/>
							<String ID="string_410" HPOS="892" VPOS="2183" WIDTH="85" HEIGHT="30" WC="0.96" CONTENT="utan"/><SP WIDTH="31" VPOS="2183" HPOS="977"/>
							<String ID="string_411" HPOS="1008" VPOS="2158" WIDTH="201" HEIGHT="67" WC="0.95" CONTENT="föreslagit,"/><SP WIDTH="31" VPOS="2158" HPOS="1209"/>
							<String ID="string_412" HPOS="1240" VPOS="2179" WIDTH="59" HEIGHT="35" WC="0.96" CONTENT="det"/><SP WIDTH="29" VPOS="2179" HPOS="1299"/>
							<String ID="string_413" HPOS="1328" VPOS="2170" WIDTH="134" HEIGHT="57" WC="0.95" CONTENT="Kongl."/><SP WIDTH="32" VPOS="2170" HPOS="1462"/>
							<String ID="string_414" HPOS="1494" VPOS="2180" WIDTH="104" HEIGHT="63" WC="0.96" CONTENT="Maj:t"/><SP WIDTH="27" VPOS="2180" HPOS="1598"/>
							<String ID="string_415" HPOS="1625" VPOS="2181" WIDTH="87" HEIGHT="36" WC="0.90" CONTENT="ville"/><SP WIDTH="27" VPOS="2181" HPOS="1712"/>
							<String ID="string_416" HPOS="1739" VPOS="2181" WIDTH="73" HEIGHT="36" WC="0.90" CONTENT="för-"/>
						</TextLine>
						<TextLine ID="line_39" HPOS="215" VPOS="2208" WIDTH="1596" HEIGHT="73">
							<String ID="string_417" HPOS="215" VPOS="2226" WIDTH="113" HEIGHT="36" WC="0.96" CONTENT="ordna"/><SP WIDTH="31" VPOS="2226" HPOS="328"/>
							<String ID="string_418" HPOS="359" VPOS="2227" WIDTH="135" HEIGHT="47" WC="0.83" CONTENT="derom,"/><SP WIDTH="29" VPOS="2227" HPOS="494"/>
							<String ID="string_419" HPOS="523" VPOS="2227" WIDTH="103" HEIGHT="37" WC="0.96" CONTENT="torde"/><SP WIDTH="29" VPOS="2227" HPOS="626"/>
							<String ID="string_420" HPOS="655" VPOS="2228" WIDTH="81" HEIGHT="36" WC="0.96" CONTENT="skäl"/><SP WIDTH="27" VPOS="2228" HPOS="736"/>
							<String ID="string_421" HPOS="763" VPOS="2228" WIDTH="80" HEIGHT="36" WC="0.96" CONTENT="icke"/><SP WIDTH="27" VPOS="2228" HPOS="843"/>
							<String ID="string_422" HPOS="870" VPOS="2229" WIDTH="120" HEIGHT="35" WC="0.96" CONTENT="finnas"/><SP WIDTH="29" VPOS="2229" HPOS="990"/>
							<String ID="string_423" HPOS="1019" VPOS="2229" WIDTH="54" HEIGHT="35" WC="0.96" CONTENT="för"/><SP WIDTH="28" VPOS="2229" HPOS="1073"/>
							<String ID="string_424" HPOS="1101" VPOS="2208" WIDTH="65" HEIGHT="57" WC="0.95" CONTENT="det"/><SP WIDTH="23" VPOS="2208" HPOS="1166"/>
							<String ID="string_425" HPOS="1189" VPOS="2208" WIDTH="247" HEIGHT="70" WC="0.96" CONTENT="antagandet,"/><SP WIDTH="21" VPOS="2208" HPOS="1436"/>
							<String ID="string_426" HPOS="1457" VPOS="2236" WIDTH="53" HEIGHT="30" WC="0.95" CONTENT="att"/><SP WIDTH="18" VPOS="2236" HPOS="1510"/>
							<String ID="string_427" HPOS="1528" VPOS="2234" WIDTH="123" HEIGHT="46" WC="0.96" CONTENT="någon"/><SP WIDTH="20" VPOS="2234" HPOS="1651"/>
							<String ID="string_428" HPOS="1671" VPOS="2232" WIDTH="11" HEIGHT="35" WC="0.93" CONTENT="i"/><SP WIDTH="20" VPOS="2232" HPOS="1682"/>
							<String ID="string_429" HPOS="1702" VPOS="2233" WIDTH="109" HEIGHT="48" WC="0.90" CONTENT="prak-"/>
						</TextLine>
						<TextLine ID="line_40" HPOS="214" VPOS="2277" WIDTH="1598" HEIGHT="51">
							<String ID="string_430" HPOS="214" VPOS="2277" WIDTH="101" HEIGHT="36" WC="0.89" CONTENT="tiken"/><SP WIDTH="44" VPOS="2277" HPOS="315"/>
							<String ID="string_431" HPOS="359" VPOS="2278" WIDTH="284" HEIGHT="50" WC="0.76" CONTENT="svårtillämplig"/><SP WIDTH="32" VPOS="2278" HPOS="643"/>
							<String ID="string_432" HPOS="675" VPOS="2279" WIDTH="426" HEIGHT="49" WC="0.92" CONTENT="undersökningsmetod"/><SP WIDTH="42" VPOS="2279" HPOS="1101"/>
							<String ID="string_433" HPOS="1143" VPOS="2280" WIDTH="118" HEIGHT="37" WC="0.95" CONTENT="skulle"/><SP WIDTH="42" VPOS="2280" HPOS="1261"/>
							<String ID="string_434" HPOS="1303" VPOS="2281" WIDTH="113" HEIGHT="37" WC="0.92" CONTENT="blifva"/><SP WIDTH="40" VPOS="2281" HPOS="1416"/>
							<String ID="string_435" HPOS="1456" VPOS="2282" WIDTH="258" HEIGHT="46" WC="0.91" CONTENT="föreskrifven;"/><SP WIDTH="30" VPOS="2282" HPOS="1714"/>
							<String ID="string_436" HPOS="1744" VPOS="2283" WIDTH="68" HEIGHT="35" WC="0.96" CONTENT="och"/>
						</TextLine>
					</TextBlock>
				</ComposedBlock>
			</PrintSpace>
		</Page>
	</Layout>
</alto>
