2212 2651
719 199 255 32 Statsutskottets
995 199 167 32 utlåtande
1184 199 53 31 Nr
1260 202 29 28 4.
1741 200 13 29 1

934 605 67 39 Nr
1027 606 48 40 4.

560 765 126 27 Ankom
709 764 49 28 till
781 764 199 36 Riksdagens
1003 764 105 28 kansli
1132 764 61 28 den
1218 765 38 27 23
1279 764 141 28 februari
1446 765 78 27 1912
1549 766 40 26 kl.
1616 765 17 27 3
1657 774 25 19 e.
1707 774 40 19 m.

523 831 206 47 Utlåtande,
763 831 185 48 angdende
976 831 215 49 regleringen
1219 832 47 47 af
1290 830 194 50 utgifterna
1512 832 114 36 under
1654 832 146 36 rikssta-

620 899 71 29 tens
713 896 145 38 fjärde
885 892 227 48 hufvudtitel,
1143 892 225 49 omfattande
1397 892 172 48 anslagen
1598 892 55 36 till
1680 893 120 36 landt-

613 947 452 58 försvarsdepartementet.
1494 951 75 49 (1:a
1597 951 101 50 Afd.)

756 1105 266 49 Ordinarie
1054 1105 199 60 anslag.

856 1201 296 51 Departementet.

311 1305 71 50 1:o)
436 1306 18 36 I
495 1306 74 37 den
609 1306 58 37 till
708 1306 220 48 Riksdagen
956 1306 71 36 den
1059 1308 45 34 13
1128 1307 153 49 januari
1308 1306 257 38 innevarande
1594 1310 40 34 år
1663 1308 138 36 aflåtna

202 1359 289 50 propositionen
520 1359 200 48 angående
749 1359 250 37 statsverkets
1028 1359 171 36 tillstånd
1228 1360 69 36 och
1327 1359 117 36 behof
1467 1360 79 47 har,
1576 1360 119 37 under
1716 1360 84 37 åbe-

204 1411 169 49 ropande
415 1411 36 36 af
494 1411 65 36 det
600 1411 287 49 propositionen
915 1410 153 49 bilagda
1096 1411 419 49 statsrådsprotokollet
1543 1412 107 37 öfver
1679 1413 121 36 landt-

205 1462 341 38 försvarsärenden
576 1463 59 36 för
664 1477 142 22 samma
834 1464 87 48 dag,
952 1463 139 49 Kungl.
1121 1463 108 49 Maj:t
1256 1464 119 36 under
1404 1463 120 49 fjärde
1543 1464 257 38 hufvudtiteln

205 1517 12 35 i
258 1516 170 49 punkten
472 1518 18 34 1
527 1515 196 50 föreslagit
751 1515 218 49 Riksdagen
996 1521 56 31 att
1079 1515 11 37 i
1119 1516 205 36 riksstaten
1352 1516 59 36 för
1440 1519 39 33 år
1511 1518 95 35 1913
1636 1518 165 48 uppföra

204 1568 177 48 anslaget
410 1567 56 36 till
495 1567 306 48 departementet
828 1568 86 36 med
943 1567 247 37 oförändradt
1218 1568 150 49 belopp,
1400 1570 137 44 61.450
1567 1569 148 36 kronor.

311 1619 450 50 Departementschefens
795 1620 211 36 anförande
1033 1620 13 35 i
1074 1624 127 32 ämnet
1229 1620 202 36 återfinnes
1452 1621 12 35 i
1484 1621 315 50 statsrådsproto-

206 1671 121 38 kollet
347 1671 68 38 sid.
447 1673 112 36 3—4.

312 1724 198 38 Utskottet
537 1724 230 48 hemställer,

621 1815 56 32 att
716 1811 220 49 Riksdagen
976 1814 61 33 må
1077 1811 12 36 1
1116 1810 206 38 riksstaten
1354 1811 59 37 för
1441 1814 41 33 år
1512 1813 97 34 1913
1638 1811 162 50 uppföra

516 1864 176 47 anslaget
718 1863 56 36 till
804 1863 301 49 departementet
1123 1863 86 37 med
1230 1863 246 37 oförändradt
1492 1864 151 49 belopp,
1661 1866 138 46 61,450

516 1915 153 37 kronor.

363 2069 320 40 Skrifmaterialier
712 2069 64 40 och
806 2081 189 39 expenser,
1025 2071 64 38 ved
1121 2082 43 27 m.
1196 2082 43 28 m.
1267 2071 57 39 för
1353 2071 295 50 departementet.

309 2173 75 49 2:o)
440 2174 130 38 Under
611 2175 121 48 punkt
774 2177 21 33 2
825 2175 41 35 af
891 2174 124 37 denna
1042 2175 232 36 hufvudtitel
1302 2175 68 37 har
1399 2176 139 49 Kungl.
1570 2176 105 49 Maj:t
1704 2176 97 37 före-

208 2226 114 49 slagit
349 2226 220 49 Riksdagen
598 2232 54 31 att
680 2227 12 35 i
720 2227 207 36 riksstaten
956 2227 58 37 för
1043 2230 40 33 år
1113 2229 96 35 1913
1239 2228 160 49 uppföra
1420 2229 172 47 anslaget
1611 2228 58 36 till
1689 2229 111 36 skrif-

309 2312 26 31 +)
354 2314 130 23 Hänvisar
503 2314 44 22 till
566 2314 82 27 punkt
666 2314 9 22 i
693 2314 95 29 Kungl.
807 2313 86 29 Maj:ts
911 2314 169 30 proposition.

291 2375 117 36 Bihang
431 2375 45 28 till
499 2375 181 36 Riksdagens
698 2375 175 37 prototokoll
897 2376 89 28 1912.
1033 2376 19 27 6
1073 2376 82 28 saml.
1201 2376 18 28 4
1242 2376 72 35 häft.
1363 2376 60 34 (Nr
1445 2373 45 37 4.)
1743 2379 12 26 1

1832 1325 182 29 Departemen-

1901 1362 46 21 tet.

1877 1400 104 50 [1.7)

1834 2197 174 23 Skrifmateri-

1855 2232 63 22 alier
1937 2232 49 23 och

1821 2274 131 22 expenser,
1977 2267 48 22 ved

1821 2309 30 14 m.
1872 2309 31 14 m.
1923 2302 40 22 för
1982 2302 42 22 der

1828 2338 178 27 partementet.
