2224 2630
213 548 98 25 Motion
331 557 56 21 ang.

224 582 97 24 läraren
340 583 40 24 vid

234 616 134 32 Jemshögs

217 650 78 31 högre
315 651 62 23 folk-

226 684 71 24 skola
316 685 56 23 Nils

226 718 152 32 Bengtssons

214 751 173 25 lönetursrätt.

405 211 40 30 52
940 214 232 30 Statsutskottets
1197 214 156 31 Utlåtande
1374 214 65 31 N:o
1463 218 27 27 9.

814 291 157 36 särskild
1011 293 137 34 anstalt
1176 305 50 23 nu
1253 293 172 47 gällande
1444 294 143 36 villkor
1615 298 56 31 att
1699 294 271 49 undervisning
1998 296 31 46 ej

814 340 58 36 får
899 341 187 36 meddelas
1114 343 59 34 till
1201 344 120 34 elever
1349 356 78 23 som
1454 351 64 28 äro
1546 343 104 36 öfver
1678 344 155 37 aderton
1853 348 40 32 år
1912 346 122 47 gamla

814 392 93 35 skall
956 396 101 44 utgå,
1105 396 40 32 så
1189 398 53 31 att
1282 393 106 36 dessa
1428 396 179 34 anstalter
1639 396 12 34 i
1691 394 244 37 förevarande
1976 395 56 36 af-

815 442 134 36 seende
976 444 183 35 likställas
1187 443 84 36 med
1295 444 114 48 högre
1428 444 206 36 folkskolor
1652 446 69 35 och
1741 444 290 50 folkhögskolor.

509 540 99 47 34:0)
651 542 15 35 I
707 555 45 22 en
792 544 103 34 inom
931 543 130 36 Andra
1101 544 223 36 Kammaren
1350 546 107 35 väckt
1485 547 143 34 motion
1657 544 76 47 (n:o
1761 544 64 47 27)
1854 547 66 35 har
1947 547 86 35 herr

404 591 46 37 R.
490 591 205 38 Johansson
733 593 13 35 i
789 593 217 49 Jönköping
1047 595 200 43 hemställt,
1285 601 54 29 att
1366 595 212 48 Riksdagen
1607 599 116 33 måtte
1751 595 198 49 medgifva,
1979 603 53 30 att

404 644 145 34 läraren
575 643 64 36 vid
666 643 197 48 Jemshögs
891 644 113 48 högre
1032 644 184 36 folkskola
1244 647 11 33 i
1279 645 191 49 Blekinge,
1499 647 50 35 fil.
1579 647 109 35 kand.
1713 647 78 35 Nils
1811 647 220 48 Bengtsson,

406 696 59 32 må
490 693 204 48 berättigas
722 699 54 30 att
803 693 58 36 för
889 695 222 47 åtnjutande
1139 695 40 36 af
1203 695 254 49 ålderstillägg
1483 698 13 33 i
1524 697 72 35 den
1625 697 227 48 anställning
1879 698 73 35 han
1979 711 52 23 nu

405 744 157 35 innehar
604 745 116 35 räkna
759 746 57 47 sig
848 746 59 34 till
934 745 97 48 godo
1060 745 72 36 den
1160 747 252 47 tjänstgöring
1439 747 63 35 vid
1528 747 266 48 Palmgrenska
1822 749 210 35 samskolan

403 795 13 34 i
443 793 228 45 Stockholm,
701 795 151 35 hvilken
881 796 72 35 han
982 797 118 47 enligt
1127 797 128 47 kungl.
1285 799 255 34 resolutionen
1569 798 73 35 den
1663 800 19 33 7
1699 799 74 46 juli
1796 800 95 34 1893
1912 799 120 35 skulle

404 845 47 35 ha
491 850 64 42 ägt
596 850 54 30 att
685 846 12 34 i
726 858 139 23 samma
893 845 175 36 afseende
1096 848 116 34 räkna
1240 848 57 47 sig
1323 848 59 35 till
1409 848 108 47 godo,
1547 848 125 36 därest
1700 849 72 35 han
1801 850 136 34 vunnit
1965 862 66 22 an-

404 896 178 46 ställning
608 895 64 36 vid
698 896 155 35 allmänt
881 898 179 34 läroverk.

504 945 237 36 Beträffande
782 946 45 36 de
870 946 40 36 af
947 948 233 35 motionären
1220 949 57 34 till
1318 948 82 36 stöd
1436 948 58 36 för
1522 948 326 49 framställningen
1875 948 156 38 anförda

404 996 77 35 skäl
509 997 144 35 tillåter
680 997 56 47 sig
763 998 181 34 utskottet
971 998 155 35 hänvisa
1152 999 57 34 till
1237 1000 201 34 motionen.

504 1096 139 49 Kungl.
672 1097 122 48 Maj:ts
830 1099 4 33 i
863 1099 191 34 motionen
1082 1097 247 37 omförmälda
1356 1098 119 48 afslag
1503 1102 20 32 å
1552 1112 46 22 en
1617 1098 278 50 framställning
1914 1100 12 35 i
1945 1113 87 23 ena-

402 1147 122 36 handa
564 1149 170 47 riktning
773 1160 80 23 som
894 1147 72 36 den
1001 1147 243 37 förevarande
1272 1149 106 35 torde
1407 1148 109 36 hafva
1543 1150 164 46 grundat
1735 1151 57 47 sig
1819 1150 127 48 därpå,
1976 1156 55 30 att

401 1199 117 47 enligt
546 1198 46 35 de
620 1197 41 36 af
684 1198 212 48 Riksdagen
924 1197 208 37 fastställda
1160 1199 275 36 bestämmelser
1463 1198 58 37 för
1548 1201 139 35 lärares
1714 1200 63 35 vid
1801 1201 115 47 högre
1935 1199 96 37 folk-

402 1249 102 35 skola
531 1250 245 34 lönetursrätt
803 1248 114 36 sådan
944 1250 118 34 lärare
1090 1248 61 36 för
1178 1249 188 36 vinnande
1394 1249 40 35 af
1458 1250 257 49 ålderstillägg
1741 1252 59 34 väl
1828 1254 60 32 må
1915 1252 116 35 räkna

402 1300 56 47 sig
496 1299 59 36 till
583 1299 98 48 godo
709 1299 71 36 den
807 1299 57 36 tid
892 1300 72 34 han
990 1300 221 48 tjänstgjort
1239 1303 118 33 såsom
1386 1302 247 34 ämneslärare
1660 1301 61 35 vid
1750 1303 155 34 allmänt
1932 1303 97 34 läro-

400 1350 99 43 verk,
528 1363 87 22 men
644 1363 46 22 en
718 1350 104 48 dylik
848 1349 147 36 förmån
1023 1350 170 35 däremot
1219 1351 80 35 icke
1328 1358 41 28 är
1396 1350 214 49 medgifven
1629 1353 12 34 i
1661 1351 174 36 afseende
1855 1355 20 32 å
1894 1353 135 47 tjänst-

401 1401 134 46 göring
577 1401 63 35 vid
681 1400 130 36 sådant
851 1400 162 36 enskildt
1053 1402 180 42 läroverk,
1263 1414 79 22 som
1383 1402 118 47 enligt
1528 1401 139 49 Kungl.
1697 1402 124 47 Maj:ts
1850 1403 180 35 särskilda

400 1449 124 36 beslut
551 1452 13 33 i
593 1450 174 36 afseende
795 1454 20 32 å
842 1451 389 48 tjänstårsberäkning
1258 1452 63 35 vid
1349 1457 189 42 transport
1557 1451 85 36 från
1662 1452 62 36 det
1744 1453 168 35 enskilda
1930 1455 99 34 läro-

399 1500 128 36 verket
567 1502 59 34 till
654 1503 154 33 allmänt
835 1502 170 35 läroverk
1033 1508 40 28 är
1100 1501 182 36 likställdt
1309 1502 86 35 med
1423 1503 231 35 sistnämnda
1682 1504 79 47 slag
1789 1502 40 36 af
1853 1505 179 34 läroverk.

399 1550 55 36 Då
495 1552 181 35 utskottet
716 1552 209 36 emellertid
966 1565 107 22 anser
1113 1552 222 48 billigheten
1376 1552 135 45 kräfva,
1541 1558 54 30 att
1635 1555 13 33 i
1680 1553 243 36 förevarande
1964 1553 67 36 fall

402 1601 193 49 undantag
635 1609 107 41 göres
770 1602 85 36 från
888 1601 111 36 ofvan
1026 1602 154 48 angifna
1210 1603 288 44 bestämmelser,
1528 1603 58 36 får
1615 1605 181 34 utskottet
1824 1605 204 43 hemställa,

911 1658 53 30 att
991 1653 213 47 Riksdagen
1232 1655 12 33 i
1272 1654 204 47 anledning
1503 1653 41 36 af
1567 1655 87 34 herr
1676 1654 231 36 Johanssons
1930 1654 99 36 före-

808 1703 161 35 varande
996 1705 145 33 motion
1170 1707 59 31 må
1257 1703 199 48 medgifva,
1486 1709 55 31 att
1568 1706 147 34 läraren
1741 1705 63 35 vid
1830 1705 199 48 Jemshögs

808 1754 114 47 högre
962 1752 184 37 folkskola
1186 1755 12 34 i
1224 1754 190 48 Blekinge,
1442 1754 81 36 Nils
1550 1755 219 48 Bengtsson,
1799 1759 60 31 må
1887 1755 58 36 för
1972 1769 57 22 er-

808 1804 173 35 hållande
1018 1803 41 36 af
1092 1804 259 48 ålderstillägg
1378 1808 20 31 å
1427 1806 57 34 sin
1512 1805 218 36 nuvarande
1758 1806 117 47 tjänst
1911 1807 118 34 räkna

806 1856 59 46 sig
904 1855 57 34 till
1001 1854 99 48 godo
1142 1854 72 36 den
1254 1855 252 48 tjänstgöring
1545 1855 63 36 vid
1636 1856 266 48 Palmgrenska
1930 1870 96 21 sam-

806 1905 130 35 skolan
977 1906 11 34 i
1029 1904 227 44 Stockholm,
1299 1906 149 35 hvilken
1481 1907 73 34 han
1583 1908 119 46 enligt
1728 1908 127 47 kungl.
1886 1908 142 34 resolu-

805 1956 129 35 tionen
974 1955 71 35 den
1089 1958 20 33 7
1143 1956 73 47 juli
1247 1957 94 35 1893
1371 1956 119 35 skulle
1519 1957 46 34 ha
1593 1962 63 43 ägt
1684 1963 52 29 att
1763 1959 12 33 i
1804 1970 138 23 samma
1970 1957 56 36 af-

806 2005 135 36 seende
982 2007 115 34 räkna
1138 2008 58 46 sig
1236 2007 57 34 till
1321 2006 109 48 godo,
1460 2007 123 36 därest
1611 2008 73 35 han
1712 2008 134 35 vunnit
1874 2009 153 34 anställ-

806 2057 93 47 ning
926 2056 62 36 vid
1016 2058 156 34 allmänt
1199 2058 178 35 läroverk.
