1912 2839
277 168 39 30 14
570 164 405 40 Bevillningsutskottets
991 163 219 31 betänkande
1223 173 43 20 nr
1282 163 39 30 70
1336 163 38 30 år
1390 163 83 30 1969

434 247 225 35 (Nuvarande
684 245 147 42 lydelse)

1206 244 225 41 (Föreslagen
1457 243 147 42 lydelse)

1050 309 120 40 ringen
1212 309 141 39 prövats
1395 317 41 21 av
1476 307 289 41 fastighetspröv-

1048 354 293 39 ningsnämnden,
1394 352 370 41 prövningsnämnden

1050 400 82 29 eller
1157 399 288 37 kammarrätten,
1472 399 91 29 skall
1589 398 176 30 kammar-

1049 446 113 29 rätten
1189 446 107 39 pröva
1322 445 116 29 målet.
1463 445 73 29 Har
1563 444 201 39 taxeringen

1050 491 11 29 i
1082 491 66 30 den
1172 491 55 29 del
1250 490 165 30 besvären
1438 499 100 21 avser
1559 490 141 39 prövats
1722 498 43 21 av

1048 536 127 40 Kungl.
1190 536 106 37 Maj:t
1310 535 91 30 skall
1414 535 89 30 dock
1517 535 126 39 Kungl.
1659 534 106 40 Maj:t

1049 583 107 39 pröva
1170 582 116 29 målet.

1091 627 285 30 Kammarrätten
1396 626 68 36 må,
1486 635 56 21 om
1565 625 122 30 besvär
1708 633 57 21 en-

1050 673 61 40 ligt
1128 672 114 31 denna
1259 672 166 40 paragraf
1441 671 119 41 firnas
1578 671 83 30 böra
1680 679 85 31 upp-

1050 720 96 38 lagas
1167 718 51 29 till
1236 717 181 41 prövning,
1437 716 168 41 förordna
1624 717 50 29 att
1693 715 73 30 må-

1050 764 45 29 let
1118 763 91 30 skall
1233 764 170 39 upptagas
1426 762 64 30 och
1514 761 117 30 vidare
1656 761 110 30 hand-

1051 810 116 39 läggas
1194 818 42 20 av
1262 806 504 43 fastighetsprövningsnämn-

1050 854 66 30 den
1141 854 92 36 eller,
1258 863 55 20 om
1339 853 78 30 dess
1442 853 116 30 arbete
1583 852 181 36 avslutats,

1049 908 41 20 av
1112 897 379 41 prövningsnämnden.

1095 944 19 30 2
1153 953 127 20 mom.
1319 943 131 29 Besvär
1478 941 106 41 enligt
1622 941 6 30 1
1659 951 106 20 mom.

1050 989 99 30 skola
1180 998 80 21 vara
1290 988 168 30 inkomna
1487 987 75 40 före
1591 987 174 40 utgången

1051 1044 42 20 av
1107 1034 106 40 femte
1227 1034 74 30 året
1316 1033 88 40 efter
1419 1032 261 40 taxeringsåret.

1096 1080 19 30 3
1137 1089 127 20 mom.
1286 1078 153 40 Anföras
1456 1078 122 30 besvär
1591 1077 11 30 i
1615 1076 152 31 särskild

1050 1125 149 40 ordning
1253 1124 64 31 hos
1342 1119 14 50 =
1373 1123 393 41 fastighetsprövnings-

1050 1170 133 30 nämnd
1212 1170 81 30 eller
1320 1168 335 41 prövningsnämnd,
1686 1168 81 39 äger

1053 1215 39 31 75
1106 1215 20 37 $
1141 1214 245 31 motsvarande
1402 1213 231 40 tillämpning.

1094 1261 105 30 Skola
1224 1261 165 29 besvären
1414 1260 142 39 anföras
1581 1259 63 29 hos
1670 1258 97 30 kam-

1050 1307 203 36 marrätten,
1276 1305 91 40 gälla
1390 1305 42 29 96
1454 1304 21 37 $
1496 1304 111 40 första
1630 1303 136 40 stycket

1051 1351 64 29 och
1133 1351 40 29 97
1191 1351 20 36 $
1230 1351 10 29 i
1258 1349 205 40 tillämpliga
1482 1349 105 29 delar.

1048 1489 55 29 IX.
1130 1482 126 44 Övriga
1282 1487 265 29 bestämmelser
1571 1497 59 17 om
1645 1486 121 28 besvär

961 1586 60 30 168
1042 1585 43 38 8.1

324 1643 218 30 Besvärsrätt
563 1642 128 30 liksom
713 1641 55 30 för
789 1641 102 39 ägare
913 1639 83 29 eller

279 1687 145 30 därmed
448 1686 155 31 likställd
627 1685 210 30 innehavare
862 1695 41 20 av
926 1684 70 30 fas-

279 1733 109 39 tighet
409 1732 216 30 tillkommer
646 1731 132 39 jämväl
800 1738 116 21 annan
940 1728 56 40 för

280 1777 114 30 vilken
417 1776 265 41 garantibelopp
704 1775 56 40 för
782 1774 211 40 fastigheten

280 1822 90 30 skall
403 1823 170 38 upptagas
605 1821 115 29 såsom
752 1819 243 40 skattepliktig

280 1867 165 35 inkomst,
474 1866 38 29 så
541 1865 64 30 ock
635 1865 214 34 arrendator,
877 1864 118 30 vilken

279 1912 142 40 jämlikt
453 1911 101 34 avtal,
586 1910 162 40 ingånget
780 1909 88 30 efter
898 1909 98 29 kom-

279 1956 361 39 munalskattelagens
702 1954 292 34 ikraftträdande,

281 2002 174 39 gentemot
487 2001 127 39 ägaren
645 1999 83 30 eller
759 1998 235 30 innehavaren

279 2047 65 29 har
366 2048 49 27 att
437 2054 148 21 ansvara
607 2045 55 29 för
684 2045 93 29 skatt
799 2044 55 30 för
876 2043 119 40 fastig-

280 2091 77 30 hets
373 2090 273 40 garantibelopp.

1097 1638 218 30 Besvärsrätt
1347 1638 128 29 liksom
1507 1636 55 30 för
1593 1637 103 38 ägare
1727 1644 39 20 av

1053 1684 165 39 fastighet
1247 1683 215 29 tillkommer
1490 1681 133 40 jämväl
1652 1690 117 20 arren-

1053 1729 109 33 dator,
1183 1729 118 29 vilken
1320 1727 141 40 jämlikt
1482 1727 101 34 avtal,
1604 1725 164 40 ingånget

1054 1773 87 30 efter
1170 1772 445 39 kommunalskattelagens
1644 1770 125 30 ikraft-

1052 1819 179 33 trädande,
1264 1819 173 38 gentemot
1468 1817 126 38 ägaren
1623 1816 66 29 har
1718 1817 49 28 att

1051 1872 149 21 ansvara
1224 1862 55 30 för
1304 1862 93 30 skatt
1422 1861 55 30 för
1501 1861 184 40 fastighets
1712 1868 55 32 ga-

1054 1908 229 39 rantibelopp.

323 2135 544 30 Vadi—-—————>—
887 2133 130 30 allmän
1039 2131 355 40 fastighetstaxering.

325 2181 120 38 Utslag
495 2189 41 20 av
587 2179 277 30 kammarrätten
915 2178 82 29 eller

282 2226 124 38 Kungl.
423 2225 105 39 Maj:t
543 2223 223 31 beträffande
781 2223 130 30 allmän
927 2222 69 30 fas-

282 2269 287 41 tighetstaxering
604 2269 98 34 skall,
739 2268 115 29 därest
889 2268 107 29 utsla-

282 2317 53 38 get
353 2315 193 29 innefattar
565 2314 149 37 ändring
733 2323 41 20 av
791 2312 205 39 prövnings-

280 2359 151 30 nämnds
460 2359 123 34 beslut,
615 2358 55 30 för
699 2358 199 30 kännedom
928 2357 68 29 till-

282 2406 129 33 ställas,
432 2404 154 29 förutom
606 2403 207 39 klaganden,
834 2403 67 29 den
921 2411 74 21 som

282 2449 56 30 vid
360 2447 269 39 taxeringsårets
650 2447 128 39 ingång
798 2447 57 38 ägt
877 2447 119 39 fastig-

280 2495 103 29 heten
407 2493 82 30 eller
513 2492 88 30 varit
624 2491 138 40 skyldig
785 2493 50 28 att
860 2491 135 39 erlägga

322 2559 9 13 1
353 2559 113 24 Scnaste
476 2557 103 31 lydelse
593 2557 77 24 1965:
679 2557 59 24 753.

1097 2177 120 38 Uislag
1267 2186 42 19 av
1358 2176 278 29 kammarrätten
1687 2175 82 29 eller

1054 2222 125 38 Kungl.
1196 2221 104 40 Maj:t
1315 2220 223 30 beträffande
1554 2220 130 30 allmän
1700 2219 69 30 fas-

1053 2266 288 40 tighetstaxering
1362 2266 98 34 skall,
1482 2266 116 29 därest
1618 2265 150 39 utslaget

1053 2311 193 30 innefattar
1291 2310 149 39 ändring
1484 2319 42 21 av
1568 2309 201 39 fastighets-

1052 2354 344 41 prövningsnämnds
1416 2355 124 35 beslut,
1563 2354 55 30 för
1639 2355 130 29 känne-

1053 2401 81 29 dom
1162 2401 186 33 tillställas,
1378 2400 154 29 förutom
1560 2400 207 39 klaganden,

1053 2446 67 30 den
1142 2455 73 21 som
1238 2445 80 39 äger
1340 2445 220 39 fastigheten,
1584 2445 66 29 den
1672 2445 97 30 kom-

1053 2500 95 25 mun,
1189 2490 63 29 där
1289 2490 211 38 fastigheten
1538 2490 39 28 är
1614 2490 153 38 belägen,
