2158 2655
396 190 17 28 2

351 280 73 36 gan
461 266 194 50 angående
693 265 73 37 den
804 266 170 36 enskilda
1010 264 563 50 banksedelutgifningsrätten,
1603 263 159 37 emedan
1791 263 65 38 det
1892 277 68 23 nu-

351 297 163 58 varande
543 318 399 37 ovisshetstillståndet
971 321 120 33 måste
1120 316 86 38 öfva
1226 323 54 31 ett
1304 317 225 36 hämmande
1549 315 207 50 inflytande
1777 318 48 46 på
1844 316 116 35 bank-

350 371 291 36 verksamheten
671 370 69 36 och
771 370 156 36 dermed
956 369 108 37 äfven
1094 373 48 45 på
1169 369 149 36 landets
1352 367 210 50 näringslif.
1617 368 56 36 Då
1702 368 45 36 de
1777 368 182 48 derjemte

349 436 101 32 anse,
488 428 67 39 att,
585 421 96 37 efter
709 422 48 35 all
787 422 70 35 den
888 421 206 48 utredning
1121 420 132 49 frågan
1283 420 152 36 erhållit
1462 425 97 31 samt
1587 419 135 49 Kongl.
1751 418 122 49 Maj:ts
1901 424 58 31 ut-

349 474 151 36 talande
529 474 59 36 till
618 476 94 34 1879
743 476 58 33 års
829 472 178 50 Riksdag,
1037 451 55 57 de
1113 472 190 48 åtgärder,
1332 485 80 23 som
1440 485 50 23 nu
1519 472 93 35 böra
1640 471 150 36 komma
1797 466 19 58 i
1841 470 116 49 fråga,

350 526 81 35 icke
461 526 178 35 kunna
616 528 46 45 gå
692 525 10 35 i
730 538 120 23 annan
880 502 169 71 rigtning
1077 532 46 28 än
1152 503 58 57 till
1245 502 227 69 indragning
1500 523 40 36 af
1565 523 92 36 eller
1684 503 275 68 inskränkning

349 577 12 36 i
390 577 46 36 de
466 555 171 57 enskilda
665 576 211 36 bankernas
905 555 175 68 sedelutg
1076 575 240 49 ifningsrätt,
1347 555 124 56 hafva
1486 575 74 35 de
1540 551 25 77 i
1584 574 272 48 sammanhang
1876 554 84 55 här-

348 629 87 36 med
476 628 126 36 funnit
642 629 58 46 sig
741 628 157 36 manade
940 633 55 31 att
1036 603 138 61 föreslå
1184 604 166 59 sådana
1388 626 188 49 åtgärder,
1605 639 80 23 som
1714 626 128 36 kunna
1869 638 90 24 vara

350 680 145 47 egnade
533 685 56 29 att
617 682 20 32 å
665 692 69 22 ena
770 679 107 35 sidan
914 679 146 35 förläna
1094 679 171 35 enskilda
1293 679 192 34 bankerna
1512 677 101 36 kraft
1641 683 55 30 att
1724 677 110 36 äfven
1864 676 95 36 efter

351 744 45 22 en
425 730 116 36 sådan
570 730 228 48 indragning
825 729 178 36 fortsätta
1031 730 56 35 sin
1115 729 251 44 verksamhet,
1383 732 39 32 så
1450 734 56 30 att
1535 728 70 35 den
1635 728 189 35 allmänna
1843 728 116 34 rörel-

348 795 65 22 sen
443 782 204 48 betryggas
676 787 79 30 mot
783 782 129 46 hvarje
941 781 192 48 rubbning
1162 781 91 35 eller
1281 780 178 36 störande
1488 779 220 48 inflytande,
1738 779 70 36 och
1839 782 20 32 å
1886 779 72 35 den

348 833 118 36 andra
507 833 107 35 sidan
643 836 39 32 så
710 832 189 36 förstärka
936 832 240 35 Riksbanken
1207 831 69 36 och
1306 831 169 36 anordna
1503 831 85 35 dess
1617 831 155 44 rörelse,
1802 835 54 30 att
1885 830 73 35 den

347 884 138 36 blifver
514 889 75 31 satt
617 884 11 35 i
656 883 150 36 tillfälle
836 889 54 30 att
919 883 10 36 i
959 886 83 32 mån
1073 882 39 37 af
1137 882 119 37 behof
1280 883 126 35 kunna
1435 883 9 34 i
1474 882 278 36 vidsträcktare
1773 881 91 48 grad
1884 879 74 37 för-

347 936 113 48 lägga
488 939 67 32 vår
584 935 162 36 industri
777 935 69 35 och
876 934 182 59 befrämja
1087 934 278 46 omsättningen
1395 933 40 37 af
1460 934 84 35 dess
1573 934 127 35 alster.

449 986 251 48 Fullmäktige
742 999 86 23 anse
866 986 57 48 sig
960 986 57 36 till
1054 999 44 22 en
1128 986 131 47 början
1288 965 91 56 böra
1409 985 134 44 erinra,
1573 990 56 30 att
1657 984 301 36 motionärernes

348 1039 98 47 åsigt
474 1051 60 22 om
564 1016 304 57 önskvärdheten
898 1015 40 58 af
963 1043 55 30 ett
1046 1044 103 29 snart
1178 1036 205 48 afgörande
1414 1036 39 36 af
1477 1036 132 48 frågan
1638 1049 60 22 om
1720 1035 45 36 de
1787 1034 170 37 enskilda

347 1090 213 35 bankernas
589 1088 401 48 sedelutgifningsrätt
1018 1101 110 35 synes
1156 1067 255 69 Fullmäktige
1440 1088 112 35 vinna
1581 1087 113 36 stöd
1681 1082 23 57 i
1718 1087 72 35 den
1810 1086 40 36 af
1865 1087 92 35 flere

348 1141 170 35 enskilda
555 1140 142 36 banker
733 1140 83 35 med
854 1140 203 47 anledning
1086 1139 39 36 af
1149 1140 290 35 bankkomiténs
1473 1138 240 36 betänkande
1742 1138 86 36 med
1858 1150 100 35 myc-

347 1192 72 35 ken
462 1191 243 36 bestämdhet
746 1190 256 36 formulerade
1031 1173 164 65 begäran
1226 1203 58 22 om
1316 1203 46 22 en
1391 1202 84 23 snar
1504 1189 314 47 slutbehandling
1846 1188 39 35 af
1911 1189 45 34 de

348 1242 220 36 framstälda
604 1242 190 48 förslagen
832 1242 58 35 till
929 1241 204 48 ändringar
1166 1242 9 35 i
1205 1241 146 36 landets
1381 1240 278 45 bankväsende,
1688 1247 108 29 »enär
1824 1239 134 48 stadga

347 1294 69 35 och
461 1293 185 49 trygghet
684 1294 10 34 i
731 1292 225 49 utöfningen
994 1292 39 36 af
1065 1293 128 48 lofliga
1229 1293 293 47 näringsgrenar
1555 1305 90 23 vore
1673 1290 284 48 näringslifvets

345 1344 159 36 främsta
544 1344 145 44 behof,
728 1350 95 29 samt
861 1350 55 30 att
951 1344 183 47 derjemte
1164 1344 108 35 deras
1300 1323 169 67 yrkande
1499 1346 47 44 på
1574 1322 260 56 Riksbankens
1863 1355 95 23 sam-

345 1396 121 48 tidiga
507 1373 265 58 förstärkande
808 1394 59 36 får
905 1395 97 35 ökad
1031 1394 100 37 kraft
1159 1393 117 46 deraf,
1306 1400 56 30 att
1391 1393 134 48 Kongl.
1555 1393 103 48 Maj:t
1686 1394 11 35 i
1727 1393 231 48 propositio-

346 1460 71 22 nen
419 1424 87 58 till
537 1449 93 34 1879
662 1450 59 32 års
749 1445 167 48 Riksdag
945 1447 101 46 gjort
1073 1423 338 70 verkställigheten
1442 1426 55 55 af
1505 1446 55 34 sin
1591 1444 113 49 afsigt
1724 1450 55 30 att
1799 1444 158 48 indraga

347 1498 170 35 enskilda
545 1497 212 36 bankernas
788 1497 308 36 10-kronesedlar
1124 1497 191 35 beroende
1340 1497 79 47 just
1438 1495 39 37 af
1494 1502 55 29 ett
1569 1496 134 35 sådant
1722 1495 234 48 Riksdagens

346 1549 136 43 beslut,
513 1561 80 23 som
622 1549 11 34 i
662 1548 65 35 det
754 1547 288 48 ifrågavarande
1071 1547 195 36 afseendet
1294 1547 126 35 kunde
1450 1559 107 23 anses
1582 1546 372 48 tillfyllestgörande.

448 1599 73 36 För
557 1605 54 30 ett
644 1605 77 30 rätt
754 1599 236 35 bedömande
1025 1598 39 36 af
1096 1599 301 35 motionärernes
1434 1597 141 48 förslag
1610 1598 70 35 och
1715 1597 72 36 den
1816 1596 140 37 verkan

347 1650 191 35 desamma
567 1650 126 35 kunna
721 1650 150 34 komma
901 1656 55 29 att
983 1649 131 36 utöfva
1143 1650 108 35 torde
1280 1650 92 34 böra
1400 1649 234 35 undersökas
1654 1648 144 43 främst,
1827 1649 10 34 i
1858 1648 98 35 hvad

347 1704 85 32 mån
477 1714 44 22 en
564 1701 228 48 indragning
827 1700 39 36 af
900 1700 45 36 de
979 1700 170 36 enskilda
1185 1700 210 35 bankernas
1432 1699 124 36 sedlar
1591 1702 20 33 å
1641 1701 44 34 10
1714 1699 141 35 kronor
1884 1699 72 35 kan

346 1751 148 36 befaras
523 1752 154 35 inverka
706 1751 223 36 hämmande
959 1752 91 35 eller
1077 1751 277 36 inskränkande
1383 1754 47 45 på
1459 1750 108 36 dessa
1595 1750 161 36 bankers
1783 1749 173 48 förmåga

347 1808 55 30 att
431 1803 11 35 i
471 1803 75 34 lika
574 1802 211 36 vidsträckt
813 1802 93 47 grad
936 1815 78 22 som
1041 1802 135 35 hittills
1196 1801 172 49 förlägga
1387 1802 149 35 landets
1556 1782 400 67 näringsverksamhet

347 1851 79 38 och
447 1853 186 36 förmedla
662 1853 83 36 dess
775 1831 244 69 omsättning,
1040 1853 154 36 dernäst
1214 1833 100 55 huru
1322 1834 97 54 vida
1445 1852 64 36 det
1529 1851 212 49 föreslagna
1761 1857 117 30 sättet
1897 1850 58 37 för

345 1904 263 36 Riksbankens
644 1904 323 47 understödjande
983 1882 61 58 "af
1077 1904 46 36 de
1165 1904 170 36 enskilda
1369 1903 191 36 bankerna
1597 1903 121 36 under
1746 1906 124 45 någon
1898 1902 55 36 tid

347 1955 97 36 efter
473 1956 278 47 indragningen
781 1955 39 36 af
845 1956 108 35 deras
982 1955 219 36 nuvarande
1230 1956 122 46 lägsta
1380 1955 210 36 sedelvalör
1618 1954 73 49 kan
1712 1967 106 23 anses
1838 1954 117 47 lämp-

346 2007 70 47 ligt
453 2007 70 35 och
558 2007 225 47 tillräckligt
821 2005 58 37 för
907 2006 242 36 undvikande
1179 2005 40 36 af
1243 2006 235 48 rubbningar
1507 2006 10 34 i
1546 2006 189 35 rörelsens
1763 2004 192 49 fortgång,

346 2063 97 30 samt
479 2058 181 47 slutligen
694 2070 61 23 om
792 2057 71 36 den
892 2056 213 49 föreslagna
1133 2057 293 48 garantifonden
1455 2056 40 36 af
1520 2059 46 34 50
1595 2057 190 35 millioner
1813 2056 142 36 kronor

346 2109 11 34 i
386 2114 143 30 statens
560 2109 253 48 obligationer
842 2112 60 32 må
930 2122 107 22 anses
1065 2121 89 23 vara
1183 2107 57 36 för
1272 2108 240 36 Riksbanken
1543 2108 167 47 behöflig
1739 2108 93 35 eller
1859 2113 96 30 mot-

345 2172 109 23 svara
473 2160 67 35 sitt
560 2159 185 48 syftemål.
784 2157 192 50 Derjemte
997 2159 111 37 hafva
1127 2159 266 48 Fullmäktige,
1414 2166 90 28 enär
1523 2159 282 35 motionärerne
1823 2157 132 48 sjelfva

347 2211 260 47 uttryckligen
643 2211 149 44 uttalat,
828 2217 56 29 att
917 2210 151 36 utöfver
1097 2210 45 35 de
1172 2209 40 36 af
1237 2210 85 35 dem
1350 2210 212 48 föreslagna
1592 2209 109 36 äfven
1730 2208 224 51 ytterligare

345 2261 198 49 »åtgärder
580 2261 70 36 och
686 2261 255 49 anordningar
975 2261 125 37 kunde
1129 2261 169 37 befinnas
1326 2261 139 49 nödiga
1494 2261 58 36 till
1580 2259 310 38 förekommande
1919 2259 40 36 af
