2222 2624
421 155 20 29 4
866 160 296 35 Bankoutskottets
1184 166 173 31 utlåtande
1379 167 54 31 Nr
1454 170 51 30 34.

167 226 75 31 Ang.
257 226 111 32 gällan-
517 230 70 48 2:0])
642 234 20 34 I
689 247 45 23 en
774 236 58 35 till
858 238 196 48 riksdagen
1085 241 156 46 avlåten,
1284 244 71 34 den
1389 245 47 35 28
1464 247 158 36 februari
1653 250 95 35 1919
1777 251 229 47 dagtecknad

176 257 46 65 för
242 266 57 58 sen
307 260 46 60 dtt
378 283 239 45 proposition,
659 298 44 22 nr
744 288 82 44 142,
868 288 67 35 har
975 289 139 48 Kungl.
1136 292 120 47 Maj:t,
1285 295 116 35 under
1427 297 226 49 åberopande
1681 313 44 22 av
1751 303 253 48 statsrådspro-

174 322 120 72 flottan
311 336 47 51 a
379 330 155 37 tokollet
561 337 86 32 över
673 337 370 45 sjöförsvarsärenden
1065 342 57 35 för
1147 355 136 24 samma
1303 345 81 47 dag,
1405 347 187 48 föreslagit
1609 351 194 47 riksdagen
1821 353 181 47 medgiva,

209 392 44 32 fäl
271 394 52 26 och
378 383 56 32 att
473 382 12 34 i
526 383 43 36 de
611 398 44 22 av
696 387 139 47 Kungl.
880 389 111 48 Maj:t
1035 393 82 34 med
1165 394 193 48 riksdagen
1405 400 168 45 antagna,
1615 401 12 34 i
1667 402 217 47 kungörelse
1933 405 70 35 den

175 426 57 59 nä
248 434 23 52 er
278 427 73 60 befäl
379 431 47 34 24
466 435 198 35 november
706 438 95 35 1876
843 440 228 37 innefattade
1111 445 160 45 grunder
1298 447 58 34 för
1377 449 258 48 pensionering
1662 464 45 23 av
1730 453 148 36 flottans
1905 455 98 36 befäl

221 494 83 27 likar.
376 482 68 34 och
485 485 214 37 underbefäl
738 489 82 35 med
861 491 204 36 vederlikar
1103 507 47 22 m.
1180 508 47 22 m.
1256 499 60 33 må
1355 498 136 36 införas
1518 512 45 23 en
1585 514 51 34 ny
1662 503 122 46 punkt
1811 502 74 49 5!/,
1917 506 83 36 med

374 532 163 47 följande
564 536 152 46 lydelse:

1143 593 88 49 5/3.

508 669 95 46 Den,
646 684 78 23 som
763 674 62 35 vid
865 676 312 49 avskedstagande
1205 680 78 36 icke
1311 683 164 47 uppfyllt
1501 685 178 37 villkoren
1707 688 57 35 för
1790 689 208 38 erhållande

370 730 45 22 av
442 721 153 44 pension
624 723 68 34 och
719 724 315 49 fyllnadspension
1062 729 93 36 efter
1183 730 70 36 den
1280 732 186 48 lönegrad,
1499 735 73 36 han
1602 737 164 46 innehar,
1795 739 92 36 skall
1913 755 85 23 vara

369 768 205 48 berättigad
604 773 58 34 till
688 776 153 44 pension
868 777 69 34 och
966 778 314 49 fyllnadspension
1307 783 12 34 i
1347 784 71 35 den
1446 785 129 47 högsta
1601 787 185 48 lönegrad,
1814 791 101 36 inom
1934 793 63 35 vil-

369 818 72 36 ken
469 820 73 35 han
569 823 165 47 uppfyllt
760 826 180 36 villkoren
968 829 60 35 för
1056 831 170 45 pensions
1254 833 68 35 och
1349 834 331 50 fyllnadspensions
1708 840 217 38 erhållande.

504 921 233 40 Beträffande
778 927 246 49 utredningen
1058 931 11 34 i
1104 933 150 35 ärendet
1295 934 169 37 hänvisas
1503 938 57 35 till
1600 940 248 37 ovanberörda
1890 945 103 34 stats-

366 971 278 47 rådsprotokoll.

504 1023 193 38 Utskottet
736 1027 65 35 har
840 1028 79 36 icke
947 1030 82 36 haft
1054 1034 114 45 något
1195 1036 55 34 att
1278 1036 119 35 erinra
1426 1040 77 33 mot
1529 1039 142 48 Kungl.
1701 1041 127 48 Maj:ts
1855 1043 137 49 förslag

366 1072 68 35 och
462 1073 219 48 hemställer,

870 1182 56 34 att
953 1182 140 48 Kungl.
1123 1185 128 47 Maj:ts
1277 1187 13 34 i
1316 1189 228 46 proposition
1570 1205 44 22 nr
1644 1193 71 35 142
1734 1195 129 46 gjorda
1881 1196 107 35 fram-

768 1230 176 48 ställning
971 1235 58 33 må
1055 1247 44 22 av
1126 1236 195 47 riksdagen
1348 1238 153 37 bifallas.
2016 1255 4 3 i

763 1413 41 36 B.
860 1412 247 43 Allmänna
1129 1415 465 54 indragningsstaten.

831 1514 24 29 I.
902 1510 195 42 Angående
1120 1515 391 42 civildepartementet.

146 1589 203 64 Pe
496 1593 70 47 3:0)
620 1596 20 34 I
667 1598 273 46 propositionen
980 1615 44 21 nr
1065 1604 70 34 192
1177 1605 65 35 har
1268 1606 141 48 Kungl.
1440 1608 108 47 Maj:t
1575 1610 188 49 föreslagit
1789 1614 195 49 riksdagen

156 1632 123 50 mannen
292 1657 49 26 vid
359 1644 179 47 medgiva,
575 1648 55 33 att
656 1647 95 35 förre
778 1650 274 45 sysslomannen
1080 1654 62 35 vid
1169 1655 299 39 Kristinehamns
1495 1660 158 47 hospital
1679 1664 121 35 Johan
1828 1667 156 36 Fredrik

145 1722 17 26 -
166 1685 182 69 Kristine.
369 1685 205 69 Blombergs
609 1697 94 35 änka
744 1700 123 45 Sigrid
905 1703 118 35 Maria
1064 1706 206 46 Blomberg,
1298 1708 90 35 född
1416 1710 164 47 Sjögren,
1608 1714 60 34 må
1696 1713 79 35 från
1802 1716 69 34 och
1898 1718 84 34 med

174 1757 42 25 tal
234 1732 89 51 JF
360 1745 70 35 oden
461 1748 17 32 1
506 1747 69 46 juli
605 1749 97 34 1918
731 1750 115 35 under
872 1752 57 34 sin
956 1754 226 37 återstående
1209 1757 136 46 livstid,
1374 1761 39 33 så
1439 1760 105 48 länge
1573 1762 74 35 hon
1675 1763 173 37 förbliver
1875 1763 105 54 änka,

163 1791 168 59 Plombergs
357 1797 20 33 å
404 1796 183 35 allmänna
613 1798 361 49 indragningsstaten
1001 1805 162 46 uppbära
1192 1819 45 23 en
1264 1809 91 47 årlig
1381 1812 151 45 pension
1560 1825 44 22 av
1632 1814 75 35 500
1733 1814 143 38 kronor.

200 1833 85 18 NER.
492 1847 233 38 Beträffande
766 1852 246 48 utredningen
1039 1856 12 34 i
1079 1857 148 36 ärendet
1245 1859 56 35 får
1327 1861 182 36 utskottet
1533 1863 150 36 hänvisa
1710 1865 57 35 till
1793 1868 187 36 statsråds-

355 1897 225 45 protokollet
607 1902 87 32 över
720 1901 245 37 civilärenden
993 1905 57 35 för
1077 1906 70 36 den
1177 1910 43 33 11
1251 1922 94 23 mars
1376 1913 107 35 1919.

490 1948 88 35 Med
620 1950 256 47 tillstyrkande
917 1967 45 22 av
1003 1956 102 35 bifall
1145 1958 57 35 till
1242 1960 142 48 Kungl.
1416 1963 126 47 Maj:ts
1568 1965 276 46 ifrågavarande
1872 1969 107 35 fram-

352 1997 176 48 ställning
554 1999 209 38 hemställer
789 2003 194 47 utskottet,

859 2106 56 34 att
954 2106 194 48 riksdagen
1175 2112 59 33 må
1259 2112 180 47 medgiva,
1473 2116 55 33 att
1567 2115 95 36 förre
1703 2114 274 56 sysslomannen

756 2153 60 36 vid
857 2155 298 40 Kristinehamns
1202 2161 158 51 hospital
1404 2164 123 36 Johan
1572 2166 151 38 Fredrik
1762 2165 215 61 Blombergs
